4022 6422
209 438 319 503 9.57

1250 433 1548 493 CONTRA
1586 430 2045 492 MANICIUEOS
2083 433 2315 492 LIBER
2352 433 2449 493 IV.

3367 431 3470 494 258

212 552 324 622 τὴρ
351 551 412 605 ού
468 550 630 620 μόνον
683 549 829 617 λόγῳ
872 546 969 608 τὰς
1016 545 1129 598 τῶν
1175 547 1446 614 σωμάτων
1495 543 1796 615 θεραπείας

1927 543 2076 597 olum
2107 544 2306 608 verbis,
2330 545 2421 599 sed
2453 555 2508 600 et
2544 559 2709 600 manu
2740 558 2860 610 sua,
2907 543 3248 599 sanationem
3276 561 3473 616 corpu-

215 643 542 714 ἐϐράϐευεν,
579 641 719 694 ἀλλὰ
776 641 871 694 καὶ
920 637 1088 709 χειρί.
1115 637 1289 692 Πάλιν
1318 635 1552 706 ἀλλαχοῦ
1603 637 1798 706 κρατεῖ

213 735 426 806 χειρὸς,
443 729 511 805 ἧς
542 735 617 803 μὴ
644 732 896 802 πλάστης
936 727 1026 802 ἦν,
1059 731 1153 784 καὶ
1186 731 1247 782 τὸ
1280 729 1536 799 κοράσιον
1574 727 1798 797 ἐγείρει,

219 828 320 880 καὶ
341 827 434 880 τὸν
451 826 571 880 υἱὸν
587 824 784 878 ἀνίστα
804 823 905 892 τῆς
934 823 1000 892 χή
1011 839 1130 891 ρας,
1161 822 1252 875 καὶ
1284 819 1466 882 καλῶς
1490 820 1803 872 ἀποσκευα-

222 920 357 973 σθὲν
392 921 495 989 τῆς
556 917 738 987 ψυχῆς
795 916 957 984 σῶμα
1007 914 1171 968 πάλιν
1222 912 1652 982 ἐπαναστρέφει,
1709 910 1804 963 καὶ

223 1011 491 1065 συνάπτει
529 1008 724 1076 ταύτῃ,
759 1007 787 1060 ὃ
809 1007 973 1060 καλὸν
1005 1006 1102 1077 μὲν
1131 1001 1200 1064 ἦν
1225 1006 1368 1058 κατά
1408 1003 1507 1074 τὴν
1538 1001 1805 1072 θεομάχον

221 1103 477 1169 γλῶτταν
512 1101 631 1168 μηδ’
673 1099 812 1160 ὅλως
863 1097 1070 1161 λαϐεῖν,
1126 1097 1381 1166 δεύτερον
1435 1095 1493 1147 δὲ
1530 1092 1806 1146 λαϐοῦσαν

227 1193 424 1247 θάττον
445 1191 770 1253 ἀποθέσθαι,
797 1189 1072 1261 χείριστον
1108 1188 1165 1240 δὲ
1219 1189 1312 1240 καὶ
1346 1186 1485 1257 μετά
1529 1185 1630 1256 τὴν
1668 1183 1806 1237 ἀπό-

227 1287 383 1340 θεσιν
414 1283 754 1352 ωναφθῆναι
801 1283 988 1338 πάλιν.
1035 1281 1148 1335 Καὶ
1191 1281 1219 1333 ὁ
1264 1280 1326 1332 τὸ
1381 1278 1584 1350 κράτος
1636 1274 1808 1330 ἐλθὼν

230 1375 536 1429 καταλῦσαι
579 1373 674 1426 τοῦ
741 1371 963 1443 ἐχθροῦ,
1006 1372 1156 1442 πάσῃ
1233 1369 1458 1438 δυνάμει
1519 1367 1809 1441 κρατύνειν

230 1467 402 1520 αὐτοῦ
435 1467 502 1518 τά
544 1465 681 1534 ἔργα
725 1463 1040 1531 φιλονεικεῖ.
1083 1460 1192 1513 Καὶ
1218 1461 1270 1512 τί
1298 1460 1442 1526 λέγω
1489 1458 1806 1528 κρατύνειν;

235 1559 502 1629 μενοῦνγε
549 1558 652 1626 τὴν
703 1554 997 1626 τυραννίδα
1043 1553 1306 1614 πολλάκις
1350 1550 1612 1619 λυομένη,
1654 1549 1812 1602 τοῦτο

123 1647 158 1668 ’⁵
235 1653 340 1720 μὲν
389 1648 472 1713 οἷς
549 1649 804 1702 ὑπέκειτο
855 1647 925 1700 τὰ
980 1645 1183 1715 ταύτης
1249 1644 1387 1715 ἔργα
1447 1643 1814 1704 παντοδαποῖς

231 1743 510 1809 νοσήμασι
585 1736 978 1806 δαπανώμενα,
1062 1735 1221 1788 τοῦτο
1291 1736 1352 1788 δὲ.
1391 1728 1473 1798 οἷς
1552 1733 1814 1786 διεσπᾶτο

230 1829 313 1900 τῷ
341 1831 558 1900 θανάτῳ
613 1831 707 1883 καὶ
751 1831 817 1898 τῇ
861 1827 1037 1897 φθορᾷ
1074 1827 1413 1896 παρεδίδοτο,
1453 1825 1617 1888 αὐτὸς
1649 1827 1678 1877 ὁ
1715 1824 1814 1892 τῆς

232 1923 548 1992 τυραννίδος
571 1921 902 1992 καθαιρέτης
923 1920 1051 1988 παρ’
1071 1919 1190 1972 ὅλον
1214 1921 1313 1987 τῆς
1338 1917 1630 1987 ἐπιδημίας
1649 1913 1814 1968 αὐτοῦ

233 2016 330 2090 τρν
369 2015 578 2085 καιρὸν.
620 2012 991 2074 ἀνακαινίςων
1039 2013 1246 2081 ταύτην
1283 2009 1440 2080 ὤφθη
1470 2013 1574 2080 τῆς
1605 2009 1818 2078 φθορᾶς

235 2103 500 2166 ἁνιστῶν,
541 2103 651 2154 τῶν
686 2102 875 2155 παθῶν
908 2101 1292 2163 ἀπαλλάττων,
1319 2101 1414 2153 καὶ
1466 2099 1816 2160 τοσαυτάκις,

233 2193 428 2254 ὁσάκις
450 2191 676 2262 νεκρούς
703 2209 762 2244 τε
798 2195 876 2255 είς
898 2193 1199 2246 ἀναϐίωσιν
1231 2187 1336 2262 ἦγε
1355 2191 1452 2244 καὶ
1483 2190 1596 2246 τῶν
1628 2190 1820 2261 σωμά-

238 2303 348 2339 των
376 2285 476 2348 τὰς
503 2285 691 2348 νόσους
716 2285 1016 2356 ἀπήλαυνε.

312 2464 441 2518 ΛΓν.
489 2465 606 2517 ’Καὶ
655 2464 716 2518 τὸ
787 2462 866 2517 ἔτι
923 2463 1164 2533 μάλιστα
1220 2461 1820 2532 δυσανασχετούμενον,

237 2557 323 2609 ὅτι
349 2573 455 2626 περ
477 2555 536 2620 ἐξ
565 2556 773 2608 ἐκείνου
807 2555 968 2625 μέχρι
1008 2555 1102 2608 νῦν
1149 2555 1240 2609 διά
1269 2572 1328 2607 τε
1357 2555 1464 2606 τῶν
1503 2551 1670 2607 αὑτοῦ
1703 2552 1824 2606 θεο-

241 2647 428 2716 φόρων
459 2646 738 2716 μαθητῶν,
769 2648 862 2700 καὶ
918 2649 955 2700 ἃ
1006 2647 1105 2718 τὴν
1149 2647 1373 2700 ἐκείνων
1410 2645 1673 2716 μετῆλθον
1709 2645 1824 2698 δια-

241 2736 434 2805 δοχὴν,
470 2737 530 2788 ού
587 2735 748 2806 λήγει
775 2735 979 2805 ταύτην
1011 2737 1100 2790 διὰ
1146 2737 1252 2790 τῶν
1311 2736 1514 2806 ὁμοίων
1569 2734 1822 2805 πράξεων

244 2829 765 2901 συγκαταπράττων
811 2832 907 2883 καὶ
963 2829 1643 2899 συγκατασκευαζόμενος.
1676 2824 1825 2898 *Αρα

243 2919 366 2972 ἐστι
395 2937 447 2971 τι
475 2920 576 2989 τῆς
601 2919 858 2989 τοιαύτης
903 2919 1230 2988 ἐμπληξίας,
1265 2919 1298 2988 ἢ
1331 2917 1460 2988 παρ’
1507 2915 1822 2986 Ἕλλησινῆ

245 3011 403 3082 παρά
456 3011 766 3082 Βαρϐάροις
822 3011 1266 3080 ἐμπληκτότερον
1313 3011 1347 3080 ἢ
1411 3008 1720 3078 ἀθεώτερόν
1771 3024 1826 3059 τι

243 3101 472 3167 λαϐεῖν;
539 3102 682 3170 Ἐγὼ
736 3103 835 3173 μὲν
875 3104 974 3171 οὺχ
1018 3103 1151 3173 ὁρῶ,
1192 3097 1350 3172 οἶμαι
1381 3101 1438 3154 δὲ
1493 3100 1602 3154 οὐδ’
1651 3099 1826 3163 ἄλλως

1849 1883 1890 1940 Β

1903 652 2021 690 rum
2049 636 2454 691 condecoravit.
2481 637 2621 691 Alibi
2647 636 2794 690 enim
2836 636 3200 706 apprehendit
3229 653 3485 697 manum.-

1903 732 2062 800 cnjus
2090 741 2269 786 tamen
2300 746 2409 784 non
2430 739 2550 784 erat
2573 729 2848 794 conditor,
2893 739 2948 784 et
2980 730 3220 799 puellam
3252 731 3476 793 excitat,

1904 831 1958 876 et
1991 822 2160 876 filium
2201 821 2377 876 viduae
2415 822 2469 875 in
2512 821 2680 874 vitam
2728 829 2970 884 revocat,
3045 835 3353 889 corpusque.
3412 822 3480 874 ab

1905 913 2086 966 anima
2117 913 2326 982 optimo
2352 913 2580 967 consilio
2610 921 2946 981 separatum,
3003 912 3238 976 reducit,
3269 923 3323 966 et
3357 927 3480 965 cum

1907 1005 2096 1059 eadem
2111 1005 2416 1074 conjungit.
2439 1005 2614 1074 Atque
2632 1005 2683 1058 id
2705 1014 2885 1059 tamen
2912 1005 3213 1059 secundum
3260 1005 3482 1074 impiam

1909 1097 2189 1152 hominum
2215 1097 2426 1150 illorum
2462 1097 2702 1166 linguam
2747 1096 2820 1150 ita
2847 1107 3221 1166 comparatum
3280 1105 3384 1162 est,
3418 1108 3479 1152 ut

1909 1191 2262 1260 praestitisset
2292 1205 2572 1258 nunquam
2603 1189 2733 1243 illud
2760 1190 3057 1260 accepisse,
3081 1191 3168 1245 vel
3199 1203 3482 1260 acceptum

1909 1297 2074 1352 quam
2131 1281 2392 1337 citissime
2473 1281 2788 1350 deponere;
2852 1281 3151 1350 pessimum
3203 1296 3336 1336 vero
3392 1283 3482 1346 sit,

1910 1372 2222 1441 depositum
2249 1371 2447 1425 iterum
2475 1371 2728 1439 junctum
2761 1369 2969 1424 videre.
3006 1369 3106 1434 Qui
3164 1386 3295 1425 vero
3335 1371 3488 1423 venit

1911 1465 1976 1518 ad
2015 1463 2306 1533 potentiam
2359 1462 2532 1516 hostis
2571 1459 2948 1528 frangendam,
3006 1461 3052 1513 is
3101 1475 3200 1530 pro
3266 1459 3482 1513 viribus

1913 1571 2078 1625 Opera
2111 1556 2232 1625 ejus
2265 1555 2512 1610 stabilire
2550 1553 2842 1606 annititur.
2890 1551 3053 1618 Quid,
3091 1555 3333 1622 inquam,
3381 1560 3490 1606 sta-

1913 1647 2112 1703 bilire?
2143 1648 2251 1700 imo
2303 1661 2430 1700 vero
2487 1644 2799 1699 destructor
2854 1642 3156 1714 tyrannidis
3201 1642 3346 1697 illius
3394 1657 3491 1712 per

1917 1750 2086 1795 totam
2117 1755 2270 1794 suam
2303 1738 2471 1794 vitam
2504 1739 2653 1793 visus
2677 1747 2760 1792 est
2780 1737 2958 1806 ipsum
2992 1737 3096 1790 hoc
3143 1737 3487 1806 tyrannicum

1917 1831 2237 1893 dominium,
2263 1830 2460 1898 saepius
2491 1845 2636 1885 nunc
2661 1827 2881 1897 quidem
2905 1827 3069 1880 variis
3096 1825 3320 1888 morbis,
3363 1823 3488 1892 qui-

1919 1925 2022 1980 bus
2047 1939 2210 1994 opera
2235 1924 2354 1993 ejus
2378 1922 2621 1991 subjecta
2651 1930 2845 1986 erant;
2881 1934 3031 1974 nunc
3077 1927 3258 1972 autem
3311 1922 3485 1968 morte

1919 2026 1974 2072 et
2005 2015 2376 2084 corruptione,
2403 2014 2490 2067 cui
2514 2012 2720 2067 morbis
2755 2018 3078 2080 consumpta
3121 2007 3492 2069 tradebantur,

1920 2108 2257 2162 destructum
2311 2106 2508 2159 iterum
2564 2105 2890 2163 instaurare,
2934 2100 3095 2154 modo
3148 2099 3217 2152 ab
3269 2095 3494 2150 interitu

1921 2200 2186 2263 excitans,
2240 2198 2402 2252 modo
2440 2212 2470 2250 a
2522 2196 2678 2250 malis
2747 2195 3007 2258 liberans,
3079 2191 3242 2261 idque
3304 2189 3481 2250 toties,

1921 2289 2137 2357 quoties
2173 2296 2415 2342 mortuos
2449 2287 2503 2340 in
2532 2287 2698 2340 vitam
2741 2284 3040 2350 revocavit,
3093 2292 3147 2338 et
3197 2281 3420 2337 morbos
3463 2293 3496 2332 a

1922 2376 2245 2445 corporibus
2276 2375 2631 2445 propulsavit.

1997 2465 2238 2520 XXXIII.
2275 2467 2363 2528 Et,
2400 2466 2544 2534 quod
2578 2465 2755 2518 adhuc
2783 2465 2965 2519 minus
3002 2463 3130 2518 ferri
3166 2477 3327 2532 posse
3353 2461 3501 2517 vide-

1926 2566 2034 2619 tur,
2075 2556 2203 2610 inde
2237 2555 2306 2609 ab
2338 2571 2404 2608 eo
2432 2565 2676 2622 tempore
2724 2568 2894 2622 usque
2945 2553 3011 2607 ad
3065 2568 3327 2622 prtesens,
3385 2567 3497 2604 non

1925 2645 2138 2701 desistit
2163 2654 2275 2698 tum
2300 2659 2398 2713 per
2413 2643 2711 2712 discipulos
2733 2657 2863 2696 suos
2878 2642 3065 2696 dtvino
3091 2640 3298 2710 Spiritu
3325 2648 3496 2702 actos,

1927 2747 2040 2791 tum
2091 2751 2190 2806 per
2219 2750 2315 2791 eos
2358 2735 2450 2804 qui
2483 2735 2583 2790 hos
2639 2735 2697 2788 in
2729 2733 2907 2788 officio
2953 2741 3309 2801 exceperunt,
3345 2729 3502 2784 simi-

1927 2831 2070 2884 libus
2098 2829 2406 2884 actionibus
2435 2828 2577 2883 idem
2611 2826 2914 2882 dominium
2945 2825 3268 2880 confirmare
3290 2833 3345 2878 et
3374 2838 3500 2892 per-

1927 2923 2111 2975 licere.
2155 2917 2410 2988 Nunquid
2459 2933 2589 2973 vero
2638 2917 2722 2972 vel
2774 2916 2918 2985 apud
2952 2915 3169 2970 Graecos
3221 2913 3309 2969 vel
3361 2914 3504 2982 apud

1931 3012 2198 3067 Barbaros
2226 3011 2522 3081 quidquam
2571 3021 2655 3064 est
2696 3011 2870 3080 magis
2912 3010 3201 3064 barbarum
3255 3013 3349 3061 aut
3399 3007 3506 3059 int-

1927 3106 2100 3174 pium,
2130 3121 2290 3172 quam
2317 3104 2541 3173 quidem
2566 3103 2698 3178 hoc?
2724 3103 2836 3174 Ego
2855 3103 3073 3173 quidem
3100 3101 3344 3171 talequid
3377 3114 3508 3153 nus-

242 3195 382 3266 ὁρᾷν
415 3194 514 3246 οὐκ
535 3193 774 3257 ἀνάξιος.
803 3192 1237 3263 Πυνθανομένοις
1270 3192 1370 3261 μέν
1397 3208 1480 3244 τοι
1508 3192 1621 3253 τοῖς
1655 3191 1824 3260 Φαρι-

1928 3211 2090 3264 quam
2123 3195 2304 3258 video,
2334 3209 2512 3264 neque
2535 3204 2718 3264 putem
2743 3211 2851 3257 me,
2881 3204 2939 3249 ut
2967 3195 3229 3257 viderem,
3256 3192 3496 3260 alioquin

247 3286 428 3347 σαίοις
460 3286 507 3336 εἰ
537 3283 743 3348 ἔξεστιν
771 3283 1044 3353 ἀνθρώπῳ
1070 3283 1212 3336 κατά
1245 3284 1427 3336 πᾶσαν
1465 3281 1649 3334 αἰτίαν
1684 3280 1826 3332 ἀπο-

245 3373 403 3428 λύειν
427 3376 530 3446 τὴν
564 3378 798 3443 γυναῖκα
841 3374 1031 3440 αὑτοῦ,
1063 3375 1188 3444 ὅρα,
1227 3373 1342 3434 πῶς
1374 3373 1474 3426 οὐκ
1507 3371 1824 3440 ἀλλαχόθεν,

238 3469 361 3538 ὀὐδ’
394 3470 458 3520 ἐκ
506 3468 605 3536 τῆς
659 3467 792 3530 ἰδίας
844 3466 1092 3530 ἐξουσίας
1142 3466 1237 3519 καὶ
1293 3464 1402 3518 τῶν
1458 3465 1560 3533 τῆς
1607 3465 1830 3534 χάριτος

247 3559 541 3627 δογμάτων
574 3559 602 3610 ὁ
629 3557 1012 3628 φιλάνθρωπος
1044 3558 1201 3628 ἡμῶν
1256 3557 1560 3624 Δεσπότης,
1594 3556 1734 3610 ἀλλά
1763 3556 1830 3608 δι’

249 3653 430 3720 αὐτῆς
452 3652 549 3720 τῆς
583 3651 969 3720 ἀρχαιογονίας
1032 3650 1126 3703 καὶ
1174 3650 1273 3719 τὴν
1306 3649 1463 3702 λύσιν
1517 3649 1698 3702 αὐτῶν
1729 3649 1829 3718 τῆς

247 3743 490 3814 ἀπορίας
518 3744 613 3795 καὶ
643 3743 740 3812 τὴν
770 3743 1089 3812 ἐπιτίμησιν
1111 3743 1332 3809 ἐπάγει.
1365 3744 1487 3796 Οὐκ
1534 3740 1833 3810 ἀνέγνωτε

249 3837 388 3903 τὰρ,
448 3832 602 3901 φησὶ,
669 3831 756 3884 ὅτι
789 3833 842 3885 δ’
879 3831 1142 3897 ποιήσας
1203 3829 1426 3895 αὐτοὺς
1481 3829 1582 3882 ἀπ’
1615 3827 1830 3896 ἀρχῆς,

247 3925 448 3992 ἀρσεν-
477 3925 575 3976 καί
609 3919 765 3987 θῆλυ
783 3923 1076 3989 ἐποίησεν
1119 3922 1382 3987 αὐτούς;
1424 3920 1718 3984 διδάσκων,
1755 3919 1832 3990 μὴ

248 4015 368 4068 δεῖν
399 4015 596 4085 ῥᾳδίως
645 4013 958 4066 διαλύεσθαι
1001 4013 1072 4067 τὰ
1127 4013 1442 4066 συνοικέσια
1496 4012 1622 4083 μηδ’
1659 4013 1834 4074 οὓτως

252 4107 578 4179 προπετῶς,
610 4107 745 4178 πρὸς
766 4106 801 4160 ἀ
826 4107 1056 4159 συνωθεῖ
1091 4107 1154 4159 τὸ
1178 4107 1278 4176 τῆς
1305 4107 1481 4176 ὁρμῆς
1510 4105 1832 4170 ἀκόλαστον,

252 4200 687 4270 καταφέρεσθαι.
717 4200 826 4253 Καὶ
864 4200 944 4252 ὃτι
974 4199 1072 4269 τὴν
1096 4198 1459 4268 δημιουργίαν
1499 4197 1836 4268 αύτὴνδιδά-

254 4291 462 4344 σκαλον
481 4291 696 4360 ἔχοντες
711 4289 801 4343 τοῦ
826 4291 960 4361 μήτε
975 4289 1086 4360 (5:2)
1102 4290 1312 4342 πλείοσι
1333 4291 1460 4359 μιᾶς
1477 4289 1691 4357 γυναιξὶ
1706 4304 1835 4340 συν-

254 4378 552 4444 ἅπτεσθαι,
589 4380 725 4450 μήτε
753 4379 986 4448 διασπᾷν
1007 4379 1105 4449 τὴν
1140 4381 1458 4448 συνάφειαν,
1493 4379 1593 4432 οὐκ
1634 4379 1835 4450 ἠθέλη-

254 4488 363 4524 σαν
388 4469 513 4522 οΰτε
547 4471 644 4540 τὴν
674 4471 895 4540 ἐντολὴν
925 4473 990 4524 ἐκ
1013 4470 1107 4523 τοῦ
1131 4471 1427 4524 Μωσαῖκοῧ
1456 4470 1832 4524 διδασκαλείου

1930 3287 2212 3356 indignum
2279 3302 2422 3340 esse.
2485 3287 2621 3340 Cum
2687 3286 2944 3341 Pharisaei
2998 3284 3291 3354 aliquando
3349 3299 3498 3352 quae-

1932 3387 2134 3442 rerent,
2194 3394 2324 3432 num
2376 3380 2537 3432 liceat
2592 3379 2798 3432 homini
2839 3393 3165 3449 quacunque
3215 3378 3282 3430 de
3337 3391 3503 3430 causa

1933 3486 2154 3523 uxorem
2187 3485 2339 3524 suam
2383 3470 2678 3533 dimittere,
2727 3470 2855 3523 vide
2889 3470 3044 3534 mihi,
3077 3469 3350 3538 quomodo
3394 3482 3505 3520 non

1934 3560 2173 3624 aliunde,
2226 3575 2328 3614 nec
2364 3575 2428 3613 ex
2471 3560 2690 3628 pmpria
2724 3567 3012 3628 potestate,
3061 3568 3155 3613 aut
3209 3575 3276 3612 ex
3316 3557 3502 3628 gratia:

1932 3651 2179 3705 doctrina
2217 3649 2479 3705 Dominus
2506 3659 2713 3711 noster,
2751 3649 3035 3704 hominum
3071 3649 3504 3711 amantissimus,

1938 3743 2032 3796 sed
2067 3758 2132 3796 ex
2158 3742 2275 3810 ipsa
2309 3743 2602 3796 creationis
2639 3741 2867 3796 historia
2909 3751 2964 3796 et
3009 3742 3373 3811 objectionem
3410 3756 3506 3795 eo-

1940 3850 2062 3888 rum
2121 3835 2315 3899 solvat,
2371 3841 2428 3888 et
2488 3833 2972 3902 reprehensionem
3045 3831 3265 3886 formet.
3321 3832 3507 3885 Nonne

1936 3928 2076 3980 enim
2111 3926 2328 3996 legistis,
2371 3926 2567 3994 inquit,
2589 3927 2727 3995 quod
2788 3926 2878 3995 qui
2932 3925 3050 3996 fecit
3113 3942 3198 3978 eos
3230 3925 3294 3978 ab
3335 3925 3508 3983 initio,

1937 4035 2140 4072 marem
2169 4028 2215 4072 et
2246 4019 2500 4088 ferninam
2529 4019 2753 4088 feciteos
2767 4017 2811 4048 ’δ’
2835 4019 2858 4071 ?
2881 4018 3026 4073 clare
3056 4032 3152 4086 per
3177 4017 3346 4085 ipsam
3371 4016 3513 4071 hanc

1938 4109 2322 4164 formationem
2347 4109 2618 4163 diversam
2648 4109 2870 4171 docens,
2906 4124 3017 4162 non
3049 4116 3156 4162 tam
3197 4109 3354 4161 facile
3399 4107 3510 4160 sol-

1938 4216 2068 4255 vere
2100 4200 2263 4254 licere
2293 4199 2588 4262 connubia,
2619 4213 2798 4268 neque
2826 4208 2934 4252 tam
2968 4208 3174 4252 temere
3197 4213 3262 4252 eo
3312 4197 3508 4266 abripi,

1938 4307 2050 4361 quo
2077 4292 2310 4360 impetus
2351 4291 2642 4346 difﬁculter
2681 4293 3015 4346 coercendus
3064 4290 3313 4359 impellit.
3349 4289 3512 4342 Cum-

1938 4399 2046 4453 que
2087 4382 2418 4436 creationem
2463 4382 2634 4451 ipsam
2675 4383 2986 4453 magistram
3056 4383 3342 4447 haberent,
3369 4381 3511 4450 quod

1939 4491 2044 4530 nec
2072 4475 2256 4544 plures
2314 4490 2422 4528 una
2476 4477 2734 4545 conjuges
2767 4477 2985 4539 ducere,
3046 4491 3148 4529 nec
3201 4473 3515 4544 conjugium

255 4563 480 4634 μαθεῖν.
513 4561 638 4615 οὔτε
678 4564 738 4615 τὸ
777 4563 980 4633 ἄπορον
1003 4563 1114 4630 (55)
1163 4562 1520 4630 ἐπιλυόμενον
1568 4562 1824 4628 συνιδεῖνς

1947 4567 2205 4620 dirimere
2230 4566 2422 4631 liceat;
2451 4566 2526 4620 illi
2556 4575 2735 4620 tamen
2773 4582 2873 4620 nec
2917 4576 3248 4636 praeceptum
3300 4564 3406 4618 hoc
3451 4579 3514 4617 ex

267 4653 416 4708 Ἀλλ’
449 4655 614 4717 αὐτὸς
655 4653 868 4706 ἐκεῖθεν
916 4653 1050 4725 πρὸς
1083 4653 1344 4724 ἑκάτερον
1383 4652 1842 4724 παραταξάμενος

258 4745 430 4815 μόνον
480 4744 668 4796 λοιπὸν
722 4745 854 4797 ίδιον
907 4743 996 4796 τὸν
1055 4744 1283 4797 παλαιὸν
1335 4748 1596 4809 ποιεῖται,
1645 4744 1741 4796 καὶ
1775 4743 1842 4796 δι’

254 4836 477 4890 ἐκείνου
502 4837 692 4889 πλέκει
723 4836 813 4889 τὸν
837 4839 936 4907 τῆς
967 4837 1214 4907 χάριτος.
1254 4837 1312 4890 '0
1339 4837 1450 4907 γάρ
1473 4839 1538 4889 ἐκ
1573 4838 1648 4910 μὴ
1672 4837 1842 4890 όντων

257 4928 486 4981 ἅπαντα
508 4925 870 4997 παραγαγὼν,
902 4928 970 4980 δι’
998 4921 1072 4982 ὧν
1098 4929 1178 4991 είς
1213 4930 1379 4998 ἀρσεν
1423 4930 1518 4981 καὶ
1569 4929 1704 4999 θῆλυ
1744 4929 1844 4998 τὴν

255 5014 616 5086 ἀνθρωπίνην
643 5015 805 5085 φύσιν
837 5017 1135 5086 μορφώσας
1165 5017 1500 5088 διήρθρωσε,
1545 5021 1636 5072 καὶ
1659 5020 1740 5083 εἰς
1783 5020 1842 5072 ἒν

256 5106 521 5178 ἀλλήλοις
549 5109 905 5180 συνήρμοσεν,
944 5109 1150 5172 ἐκεῖνός
1182 5111 1320 5172 ἐστι,
1344 5111 1506 5180 φησὶν
1528 5148 1543 5174 ,
1572 5112 1601 5164 ὁ
1637 5112 1732 5165 καὶ
1773 5113 1843 5166 τὰ

259 5199 566 5269 σπέρματα
594 5200 687 5253 τοῦ
727 5201 893 5271 νόμου
941 5201 1290 5263 καταϐαλὼν,
1344 5203 1399 5267 ὃς
1450 5203 1526 5275 μὴ
1559 5203 1673 5258 δεῖν
1705 5223 1841 5276 μοχ-

260 5291 441 5362 θηρίᾳ
495 5292 723 5363 γνώμης
805 5294 900 5346 ἀπ’
962 5293 1211 5364 ἀλλήλων
1258 5295 1388 5358 τοὺς
1473 5297 1844 5367 συναφθέντας

341 5437 388 5468 ⁸³
415 5436 605 5493 Matth.
646 5452 756 5502 χιχ,
794 5437 848 5491 4.

1945 4657 2234 4728 disciplina
2261 4657 2492 4712 Mosaica
2511 4659 2743 4724 discere,
2772 4673 2950 4728 neque
2971 4658 3339 4713 difﬁcultatem
3368 4655 3518 4709 solu-

1945 4760 2053 4805 tam
2074 4750 2260 4805 videre
2297 4749 2660 4805 volebant.'At
2691 4751 2778 4804 ille
2829 4751 2954 4804 inde
2988 4760 3179 4804 contra
3223 4758 3517 4816 utrumque

1944 4843 2255 4907 decertans,
2300 4854 2539 4898 veterem
2598 4853 2811 4898 tantum
2861 4860 3033 4914 .egcm
3084 4841 3360 4912 propriam
3413 4841 3517 4894 sibi

1945 4933 2094 4997 fecit,
2126 4943 2290 5003 atque
2324 4935 2450 4992 binc
2478 4952 2619 4998 eam,
2654 4951 2776 5004 quae
2809 4937 2992 5005 gratiae
3021 4941 3126 4996 est,
3170 4932 3362 4986 nectit.
3413 4930 3519 4998 Qui

1949 5027 2098 5081 enim
2124 5043 2188 5082 ex
2221 5043 2330 5082 non
2358 5028 2745 5083 exsislvntibus
2777 5026 2959 5082 omnia
2992 5025 3269 5096 produxit,
3305 5039 3368 5078 ex
3395 5024 3520 5093 qui-

1948 5119 2054 5174 bus
2088 5119 2380 5175 humanam
2439 5133 2690 5176 naturam
2727 5119 2779 5172 in
2815 5119 3115 5174 masculum
3168 5128 3224 5173 et
3262 5118 3519 5173 feminam

1951 5209 2238 5265 formando
2260 5211 2440 5276 finxit,
2465 5191 2529 5265 et
2553 5219 2841 5278 utrumque
2873 5209 2925 5262 in
2966 5225 3136 5262 unum
3186 5209 3471 5278 conjunxit
3503 5227 3518 5274 ;

1951 5301 2020 5368 is,
2051 5301 2250 5372 inquit,
2287 5303 2428 5359 idem
2458 5312 2562 5368 est,
2585 5302 2679 5373 qui
2707 5311 2764 5357 et
2789 5301 2952 5373 hujus
2973 5301 3110 5373 legis
3136 5303 3344 5357 semina
3375 5315 3524 5370 spar-

1389 5580 1624 5636 VARIIE
1661 5579 2050 5640 LECTIONES
2083 5584 2172 5641 ET
2193 5583 2425 5642 NOTAE.

341 5706 459 5773 (52)
480 5703 663 5769 Μήτε.
689 5703 766 5761 lta
803 5705 996 5776 scripsi
1052 5719 1149 5775 pro
1183 5706 1301 5777 ἣτε,
1328 5705 1470 5774 quod
1494 5718 1601 5760 non
1645 5704 1846 5761 admit-

264 5780 340 5834 tit
363 5790 600 5846 sequens
623 5777 763 5846 μήτε

341 5813 939 5919 (ἒέιῖυἱὲοὲόξρῗῖίαηο
975 5861 1164 5902 vocem
1190 5846 1406 5916 reposui
1451 5861 1550 5917 pro
1585 5847 1868 5918 ἄσπορον,.

1954 5709 2103 5778 quod
2136 5717 2255 5764 erat
2283 5709 2339 5762 in
2375 5722 2480 5779 ms.
2521 5705 2764 5779 Ἀπορον
2801 5705 2950 5779 enim
2998 5718 3150 5779 mque
3183 5715 3273 5779 _ac
3321 5697 3525 5769 ἀπορία

1957 5772 2119 5848 paulo
2154 5788 2281 5834 ante
2317 5778 2518 5834 nodutn
2558 5772 2773 5835 vindice
2797 5778 3020 5847 dignum
3059 5772 3344 5844 significat.
