4014 6452
546 450 652 515 259

1672 437 1937 501 ΡΗΟΤῙΙ
1971 427 2478 497 PATRIARCH/E
2514 430 2624 489 Cl).

3707 409 3811 474 260

547 566 642 631 sit;
693 572 749 619 et
800 562 1061 634 pmcepit
1098 560 1241 631 quod
1286 575 1395 615 non
1429 559 1590 612 liceat
1624 571 1692 611 ex
1731 556 1917 624 iniqua
1954 551 2125 606 animi

2242 546 2442 599 ιελεύει
2475 543 2809 607 διίστασθαι,
2846 541 2968 612 μηδ’
3003 534 3328 608 ὑπερορίους
3358 529 3573 634 ήδονάς,
3596 532 3695 584 καὶ
3714 528 3811 598 τὴν

498 690 503 693 »
547 659 821 712 sententia
841 656 1011 711 semel
1032 655 1354 725 coniunctos
1391 667 1420 705 a
1470 667 1529 705 se
1569 650 1802 704 invicem
1843 659 2119 717 separare,

546 766 724 819 neque
740 748 1057 802 immodicas
1071 745 1262 801 sectari
1281 743 1623 813 cupiditates,
1640 749 1694 796 et
1711 740 2125 806 introductopo-

547 839 806 911 lygamias
824 839 953 892 vitio
979 836 1261 890 hominum
1288 832 1693 904 generationem
1725 827 2122 885 contaminare.

556 930 741 995 Vides,
770 929 1043 1000 quomodo
1067 929 1195 982 inde
1216 929 1282 981 ab
1312 926 1614 996 originibus
1654 922 1842 977 mundi
1875 919 2126 975 Mosaicis

551 1023 725 1093 legem
743 1036 895 1075 suam
919 1028 1150 1088 repetat,
1170 1029 1333 1087 atque
1357 1017 1483 1071 inde
1500 1016 1715 1071 initium
1736 1031 1895 1070 suum
1924 1014 2128 1067 habere

548 1113 826 1169 ostendat.
862 1110 1059 1164 Postea
1085 1125 1195 1163 non
1229 1109 1448 1163 Judaeos
1476 1108 1652 1179 magis
1676 1123 1775 1177 per
1801 1107 2120 1161 Creatorem

548 1216 606 1259 et
645 1203 980 1258 creationem
1033 1201 1101 1255 ad
1154 1201 1433 1255 silentium
1497 1201 1770 1270 redigens,
1826 1211 1990 1267 quam
2033 1210 2128 1249 eos

548 1312 742 1352 omnes
768 1293 863 1363 qui
888 1308 954 1347 eo
988 1294 1233 1362 provecti
1261 1302 1408 1355 sunt,
1456 1300 1517 1346 ut
1549 1292 1845 1345 humanam
1875 1297 2127 1342 naturam

548 1385 970 1447 calumnientur,
1018 1392 1075 1438 et
1128 1384 1539 1454 generationem
1598 1381 1883 1435 hominum
1944 1394 2011 1433 ex
2068 1392 2129 1431 se

553 1477 785 1530 invicem
826 1473 1231 1537 convicientur,
1264 1483 1388 1543 post
1420 1489 1591 1543 pauca
1622 1471 1904 1541 subiungit
1939 1486 1953 1522 :
1980 1467 2130 1532 Quod

552 1567 718 1637 igitur
746 1565 883 1618 Deus
927 1565 1222 1633 conjunxit,
1278 1566 1431 1617 homo
1466 1580 1527 1616 ne
1560 1572 1765 1631 separet
1787 1562 1852 1615 ⁸³.
1884 1561 2003 1614 Non
2034 1559 2130 1613 de-

553 1669 661 1723 eet,
722 1660 921 1728 inquit,
970 1675 1107 1729 quas
1166 1657 1313 1711 Deus
1369 1656 1617 1711 condidit
1655 1656 1826 1725 leges,
1874 1652 2133 1708 humanis

555 1749 809 1805 consiliis
855 1758 1125 1812 evertere,
1164 1763 1345 1817 neque
1379 1755 1643 1801 creaturae
1675 1744 1960 1807 convenit,
1999 1758 2132 1796 con-

556 1850 642 1896 tra
665 1840 983 1895 Creatorem
1011 1841 1158 1908 leges
1193 1839 1358 1893 ferre.
1418 1837 1605 1907 Neque
1660 1837 1837 1891 solum
1902 1836 1957 1889 in
2014 1850 2132 1887 eam

2227 640 2341 692 τῶν
2373 636 2679 707 ἀνθρώπων
2727 634 2944 702 γένεσιν
2997 629 3243 700 ὑϐρίζειν
3288 622 3640 692 πολυγαμίας
3681 636 3811 691 μια-

2231 730 2353 801 σμῷ
2398 729 2510 801 (Si)
2602 728 2764 796 Ὁρᾷς
2827 725 2974 785 ὅπως
3037 722 3143 774 ἀπῦ
3205 719 3303 788 τῆς
3362 713 3666 782 Μωσαῖκῆς
3726 727 3815 764 κο-

2234 821 2556 893 σμογενείας
2618 820 2710 871 τὸν
2751 815 2946 870 ἑαυτοῦ
2986 812 3265 867 διαπλέκει
3323 809 3488 875 νόμον
3544 806 3640 893 καί
3723 801 3813 870 τὴν

2230 892 2406 985 ἀρχὴν
2434 911 2641 964 ἐκεῖθεν
2664 909 2807 977 ἔχειν
2843 906 3177 960 ἐπιδείκνυσι
3208 903 3306 971 τῆς
3342 899 3566 962 θέσεως,
3601 892 3727 948 εἶτα
3756 893 3812 945 οὑ

2231 1008 2359 1068 τοὺς
2402 1002 2689 1065 Ἰουδαίους
2737 998 2939 1070 μᾶλλον
2958 994 3332 1065 ἐπιστομίζων
3349 992 3435 1046 διά
3456 990 3550 1044 τοῦ
3568 988 3811 1042 πλάστου

2233 1095 2442 1165 καὶτῆς
2460 1094 2732 1156 πλάσεως,
2746 1091 2883 1147 ἀλλά
2906 1091 3001 1143 καὶ
3014 1088 3244 1151 πάντας,
3267 1087 3380 1139 ὅσοι
3402 1081 3717 1151 δυσφημεῖν
3728 1078 3814 1131 τὸν

2234 1186 2524 1256 ἄνθρωπον
2558 1181 3008 1254 παρηνέχθησαν,
3026 1179 3136 1243 ,καὶ
3164 1178 3264 1249 τὴν
3294 1177 3353 1243 ἐξ
3393 1174 3641 1245 ἀλλήλων
3681 1188 3813 1240 προ-

2236 1275 2598 1347 πηλακίζουσι
2644 1275 2922 1342 γέννησιν,
2963 1270 3080 1341 μετ’
3112 1268 3291 1337 ὀλίγον
3316 1267 3512 1333 ἐπάγει
3540 1280 3554 1295 ⁸
3605 1266 3679 1316 Ὃ
3706 1257 3816 1316 οὖν

2237 1373 2270 1423 ό
2293 1368 2436 1432 Θεὸς
2462 1365 2733 1431 ἔζευξεν,
2774 1364 3086 1431 ἄνθρωπος
3122 1360 3208 1430 μὴ
3248 1357 3551 1429 χωριζέτω.
3588 1356 3663 1408 Οὑ
3713 1354 3811 1415 δεῖ,

2239 1461 2425 1532 φησὶν,
2453 1458 2545 1522 οὒς
2577 1459 2605 1511 ὁ
2633 1457 2767 1520 Θεὸς
2814 1455 2981 1522 ἔπηξε
3006 1454 3204 1524 νόμους
3238 1450 3607 1521 ἀνθρωπίνοις
3628 1462 3811 1516 παρα-

2238 1553 2507 1606 κινεῖσθαι
2594 1550 3029 1617 σπουδάσμασιν,
3097 1545 3209 1598 οὐδ’
3266 1540 3710 1611 ἀντινομοθετεϊν
3757 1536 3815 1590 τὸ

2238 1645 2469 1715 πλάσμα
2494 1642 2573 1713 τῷ
2605 1642 2901 1697 Πλάσαντι.
2933 1638 3044 1691 Καὶ
3075 1637 3136 1690 οὑ
3162 1636 3324 1708 μέχρι
3348 1631 3620 1702 τοσαύτης
3654 1629 3817 1699 τιμῆς

2239 1738 2337 1809 τὴν
2367 1735 2667 1806 Μωσαῖκὴν
2687 1731 3036 1804 φυσιολογίαν
3063 1730 3278 1799 ἀνάγει.
3317 1727 3433 1782 ἀλλ’
3461 1726 3561 1797 ήδη
3593 1723 3815 1778 καὶτῶν

2252 1830 2524 1885 Ἰουδαίων
2571 1827 2666 1881 ἐπὶ
2728 1828 2985 1880 συστάσει
3030 1823 3131 1892 τῆς
3183 1822 3321 1885 ίδίας
3357 1820 3588 1891 γνώμης
3632 1834 3693 1871 τε
3724 1816 3815 1871 καὶ

559 1932 885 2003 dignitatem
916 1931 1206 1987 Mosaicam
1251 1930 1641 2000 physiologiam
1695 1926 1897 1991 evehit,
1934 1925 2028 1980 sed
2078 1934 2134 1980 et

2242 1922 2399 1993 δόξης
2444 1916 3029 1989 ἀντιπροϐαλλομένων
3064 1932 3124 1967 τε
3174 1914 3271 1968 καὶ
3330 1910 3815 1982 ἀνθυποφερόντων

555 2040 684 2078 cum
720 2024 892 2079 Judaei
924 2021 1523 2093 procontmendatioue
1580 2018 1867 2073 sententia:
1915 2032 2028 2072 sum
2082 2027 2137 2070 et

559 2116 838 2185 opinionis
867 2114 1050 2168 Mosen
1095 2112 1410 2183 proferrent
1456 2121 1511 2165 et
1572 2111 1900 2179 objiecrent,
1932 2110 2137 2178 quippe

557 2208 650 2278 qui
683 2208 815 2276 ipsis
846 2206 1164 2277 permiserit
1188 2204 1470 2258 dimittere
1496 2214 1719 2269 uxores,
1750 2203 1886 2255 nihil
1915 2202 2019 2271 ipsi
2047 2216 2135 2253 re-

560 2298 946 2368 prehensionis
979 2296 1223 2366 impegit,
1258 2310 1439 2364 neque
1469 2293 1687 2348 crimini
1725 2308 1851 2346 eum
1884 2292 2014 2345 fecit
2038 2290 2138 2343 oh-

561 2392 806 2444 noxium.
846 2389 974 2449 Sed.
1002 2387 1251 2459 quamvis
1282 2402 1346 2440 ex
1378 2388 1494 2456 ipsa
1541 2385 1823 2441 creatiOne
1877 2384 2139 2454 primaeva

558 2492 617 2537 et
674 2497 740 2535 ex
787 2481 1104 2535 Juda-orum
1164 2478 1494 2549 exceptione
1545 2476 1891 2531 occasionem
1946 2482 2141 2529 nactus

560 2582 727 2636 esset,
760 2586 977 2624 causam
1012 2569 1176 2639 hujus
1212 2569 1292 2622 rei
1327 2569 1380 2622 in
1429 2568 1613 2623 Mosen
1647 2566 1944 2629 referendi,
2001 2565 2141 2619 adeo

559 2672 741 2715 tamen
776 2677 834 2716 se
868 2677 896 2714 a
928 2661 1077 2715 Mose
1106 2660 1419 2715 accusando
1451 2659 1734 2720 abstinuit,
1781 2665 1841 2710 ut
1878 2672 2003 2711 eum
2047 2671 2144 2724 po-

561 2746 672 2800 tius
700 2747 980 2816 sapienter
1031 2756 1287 2816 tauquam
1323 2748 1735 2817 dispensantem
1772 2746 1950 2813 egisse
1977 2744 2143 2813 proti—

562 2847 763 2891 teatur.
800 2838 973 2893 Moses
995 2840 1154 2903 enim,
1188 2840 1367 2909 inquit
1396 2839 1456 2892 ob
1488 2840 1740 2893 duritiem
1776 2837 1948 2891 cordis
1984 2836 2143 2890 vestri

560 2930 802 2997 permisit
859 2930 1001 2983 vobis
1058 2930 1321 2984 dimittere
1382 2946 1570 2983 uxores
1602 2929 1670 2984 “.
1739 2927 1853 2983 Hoc
1886 2938 1990 2993 est,
2030 2943 2144 2981 non

563 3020 684 3089 ipse
730 3021 1053 3089 pmuitcntia
1086 3022 1307 3086 ductus,
1363 3031 1603 3076 veterem
1660 3021 1833 3086 illam,
1863 3035 2140 3090 quamque

564 3100 687 3178 ipse
711 3110 950 3179 scripsit,
984 3110 1158 3181 legem
1204 3111 1489 3180 negligens
1533 3112 1601 3165 ad
1644 3112 1881 3165 alterum
1919 3111 2049 3164 illud
2082 3126 2142 3164 se

562 3201 860 3263 convertit,
891 3217 1066 3270 neque
1086 3217 1251 3271 quam
1284 3211 1573 3271 acceperat
1597 3202 1883 3265 latentem,
1910 3201 2139 3272 gratiam

560 3295 803 3349 divinam
872 3295 1211 3349 creationem
1274 3296 1606 3365 exponendi,
1667 3296 1782 3350 suis
1838 3260 2218 3350 ratiociniisc

563 3385 894 3455 postposuit,
940 3393 1107 3455 atque
1133 3388 1272 3441 adeo
1303 3402 1407 3442 nec
1441 3388 1729 3442 divisionis
1776 3387 2146 3455 liujusrcausa

564 3477 795 3539 exstitit,
848 3476 945 3528 sed
972 3475 1206 3530 durities
1258 3475 1442 3529 cordis
1489 3474 1657 3530 vestri
1689 3490 1910 3529 omnem
1950 3473 2006 3526 in
2047 3489 2147 3527 vos

562 3581 785 3621 causam
817 3567 1006 3623 refert.
1045 3568 1184 3622 Cum
1219 3569 1370 3622 enim
1411 3568 1501 3622 illa
1560 3566 1860 3636 perfectam
1888 3567 2024 3638 legis
2056 3582 2148 3619 ra-

566 3658 772 3713 tionem
826 3659 1075 3729 recipere
1111 3659 1298 3723 nollet,
1355 3669 1411 3714 et
1459 3660 1659 3729 prioris
1686 3660 1832 3714 illius
1882 3657 2145 3729 praecepti

567 3750 929 3805 mutationem
990 3751 1146 3806 vobis
1208 3752 1442 3821 peperit,
1502 3760 1557 3805 et
1598 3751 1887 3805 atlectibus
1944 3750 2147 3804 vestris

566 3842 783 3895 frenum
810 3841 938 3895 boni
968 3842 1181 3896 ordinis
1204 3843 1458 3896 nonnihil
1503 3843 1687 3895 laxare
1721 3841 1919 3911 coegit.
1958 3840 2147 3910 Neque

565 3934 712 3987 enim
747 3933 850 3996 vir,
882 3933 973 4003 qui
1007 3934 1178 3989 Deum
1219 3935 1380 3998 vidit,
1404 3935 1659 4005 neglecto
1688 3933 1983 3988 creationis
2004 3949 2148 4003 prae-

567 4032 748 4093 cepto,
775 4023 841 4076 ad
867 4024 1011 4077 aliud
1048 4025 1329 4096 digressus
1364 4034 1467 4090 est,
1493 4024 1589 4079 sed
1614 4033 1797 4078 vestra
1836 4039 2142 4093 repugnan-

570 4116 641 4169 tia
672 4132 701 4169 a
738 4116 915 4187 rigore
943 4117 1066 4185 ejus
1096 4117 1376 4172 remittere
1407 4116 1613 4185 aliquid
1647 4132 1746 4185 per
1781 4116 2148 4185 dispensatio-

568 4219 696 4258 nem
733 4206 952 4259 suasit:
1018 4221 1089 4259 ne
1156 4205 1320 4267 forte,
1371 4220 1497 4260 cum
1550 4204 1888 4259 connubium
1943 4219 2144 4259 nexum

564 4298 788 4365 juberet
835 4313 955 4352 esse
1009 4297 1471 4362 indissolubilem,
1503 4297 1739 4351 durities
1789 4304 1846 4351 et
1898 4296 2148 4367 rigiditas

568 4388 774 4442 mentis
820 4388 994 4441 multo
1032 4388 1219 4457 pejora
1274 4387 1539 4467 efﬁceret,
1581 4387 1880 4443 homicidio
1938 4388 2148 4442 scilicet

570 4481 896 4535 solutionem
928 4495 1255 4550 procurans,
1294 4495 1456 4547 quam
1495 4479 1546 4533 vi
1588 4480 1724 4549 legis
1778 4488 1833 4533 et
1886 4480 2148 4535 doctrina:

569 4589 680 4626 non
711 4572 900 4627 liceret
948 4571 1183 4626 eﬂicere.
1221 4571 1316 4625 llis
1367 4570 1673 4626 ratiociniis
1706 4581 1759 4626 et
1810 4572 2147 4642 argumentis

572 4665 831 4719 Servator
860 4663 1123 4733 ﬂagitium
1153 4663 1468 4718 Judazorum
1505 4663 1737 4733 castigat
1763 4664 2018 4732 quidem,
2050 4665 2146 4719 sed

571 4767 627 4810 et
676 4756 841 4810 simul
879 4754 1243 4823 quaastionem
1296 4754 1596 4823 sophistice
1648 4755 1912 4825 prolatam
1962 4755 2143 4818 solvit,

570 4862 873 4916 omnesque
906 4847 1070 4900 docet
1099 4854 1157 4899 ut
1185 4862 1311 4900 eum
1355 4846 1533 4901 sciant
1560 4855 1812 4901 nostrum
1857 4861 1980 4901 esse
2009 4862 2145 4901 con-

569 4940 827 5003 ditorem,
878 4938 1037 5005 cujus
1068 4938 1232 4991 etiam
1272 4937 1389 4991 haec
1442 4939 1527 4991 lex
1566 4947 1669 5003 est,
1714 4946 1773 4992 ut
1822 4938 2051 4993 maritus
2078 4939 2146 4993 ab

572 5044 740 5081 uxore
769 5043 878 5082 non
921 5027 1162 5081 recedat.
1205 5026 1339 5092 Qua:
1383 5027 1601 5096 quidem
1648 5027 1805 5081 initio
1840 5027 1956 5096 ipsa
1983 5044 2141 5084 crea-

572 5118 722 5172 tione
751 5126 806 5172 et
833 5118 1224 5187 conjunctione
1290 5118 1345 5171 in
1407 5127 1750 5172 antecessum
1796 5120 2141 5186 adumbrata,

569 5209 768 5265 deinde
802 5225 931 5264 vero
965 5210 1196 5265 consilio
1240 5219 1298 5263 et
1335 5210 1515 5263 verbis
1545 5199 1678 5279 ipsis
1728 5212 2064 5283 promulgata
2093 5223 2147 5267 ct

568 5302 773 5357 diserte
804 5304 1085 5373 proposita
1113 5314 1217 5357 est.
1247 5303 1485 5372 Namque
1510 5302 1794 5358 Trinitatis
1825 5304 2049 5361 inﬁnita:
2089 5314 2147 5361 et

568 5397 963 5465 omnipotentis
982 5396 1271 5451 utbonitas
1301 5404 1356 5450 et
1380 5410 1608 5465 regnum
1631 5397 2037 5466 etpotentiam.
2070 5397 2144 5454 ita

653 5532 701 5563 “
732 5532 924 5588 Matth.
960 5534 1013 5590 6.
1092 5534 1136 5566 “
1166 5535 1278 5590 ibid
1336 5552 1447 5590 XIX.
1487 5536 1539 5591 8.

2240 2014 2330 2068 τὸν
2355 2014 2583 2078 Μωσέα,
2637 2011 2713 2075 ὡς
2751 2010 2914 2073 αὑτὸς
2974 2009 3158 2071 αὐτοῖς
3207 2005 3509 2076 ἐπέτρεψεν
3566 2000 3815 2056 ἀπολύειν

2238 2107 2338 2166 τὰς
2384 2106 2672 2173 γυναῖκας,
2709 2101 2865 2154 οὐδὲν
2928 2102 3009 2163 είς
3041 2099 3204 2153 αὑτὸν
3264 2097 3516 2166 οὐδαμῶς
3547 2092 3813 2164 ἀπέρριψε

2245 2196 2524 2267 μέμψεως,
2585 2194 2696 2247 οὐδ’
2749 2192 3002 2247 ὑπαίτιον
3050 2191 3369 2262 ἐποιήσατο.
3418 2187 3583 2241 Ἀλλά
3641 2186 3813 2238 καίτοι

2242 2286 2383 2356 ἔχων
2405 2288 2499 2343 καὶ
2534 2286 2635 2355 τὴν
2665 2283 2760 2339 ἀπ’
2804 2284 2979 2354 ἀρχῆς
3014 2285 3077 2336 ἐκ
3127 2282 3227 2352 τῆς
3255 2279 3621 2351 δημιουργίας
3651 2279 3813 2348 ἀφορ-

2245 2380 2350 2451 μὴν
2385 2380 2817 2451 παροξύνουσαν,
2845 2378 2938 2431 καὶ
2966 2378 3067 2448 τὴν
3110 2375 3429 2446 Ἰουδαῖκὴν“
3460 2373 3701 2443 ἀπορίαν
3728 2374 3803 2436 είς

2242 2470 2334 2524 τὸν
2363 2470 2666 2541 νομοθέτην
2688 2469 2788 2541 τὴν
2812 2470 2996 2522 αἰτίαν
3014 2470 3279 2537 ἐνεγκεῖν,
3309 2452 3565 2522 τοσοῦτον
3589 2464 3814 2534 ἀπέχετο

2242 2562 2305 2615 τὸ
2336 2560 2640 2615 ὑπεύθυνον
2670 2561 2951 2631 ἀποφῆναι
2981 2562 3073 2614 τὸν
3093 2560 3322 2630 Μωσῆν,
3354 2558 3494 2611 ὥστε
3518 2556 3721 2610 καὶτοῦ
3751 2558 3809 2626 τῇ

2243 2653 2655 2723 οἱκονομοῢντος
2677 2654 3027 2724 ἐπεκόσμησε
3057 2653 3238 2723 σοφίᾳ.
3264 2648 3487 2717 Μωσῆς
3504 2650 3634 2719 γὰρ,
3667 2649 3811 2717 φησὶ,

2245 2746 2395 2813 πρὸς
2426 2744 2542 2813 τὴν
2577 2745 3073 2813 σκληροκαρδίαν
3116 2743 3286 2812 ὑμῶν
3321 2743 3655 2813 ἐπέτρεψεν
3679 2742 3813 2795 ἀπο-

2244 2838 2433 2891 λῦσαι
2457 2841 2563 2902 τὰς
2589 2836 2903 2907 γυναῖκας,
2934 2836 3232 2900 τουτέστιν,
3259 2836 3360 2889 οὑκ
3380 2836 3541 2898 αὐτὸς
3565 2836 3630 2887 ὲκ
3660 2850 3814 2906 μετα-

2248 2928 2491 2998 μελείας,
2511 2928 2602 2980 τὸν
2617 2929 2864 2999 ἀρχαῖον,
2893 2927 2986 2981 καὶ
3008 2927 3066 2980 ὃν
3093 2926 3353 2998 ἔγραψεν,
3373 2924 3642 2997 ὑπεριδὼν
3660 2926 3812 2995 νόμον

2246 3021 2381 3092 πρὸς
2433 3020 2692 3089 δευτέραν
2723 3020 3001 3088 ἀπόφασιν
3032 3019 3381 3090 ἐπεστράφη,
3422 3018 3532 3071 οὐδ’
3569 3018 3631 3089 ἣν
3664 3016 3811 3087 χάριν

2246 3112 2406 3166 ἔλαϐε
2453 3110 2820 3166 λανθάνουσαν
2868 3110 3224 3179 καταγγεῖλαι
3274 3109 3427 3163 θείαν
3462 3107 3812 3179 δημιουργίαν

2249 3203 2527 3274 λογισμῶν
2547 3203 2734 3267 ,ὀπίσω
2755 3202 3004 3272 θέμενος,
3024 3201 3195 3265 οὐδεὶς
3214 3200 3375 3255 αὑτὸν
3390 3201 3494 3271 ὁρᾷ
3520 3199 3612 3253 τοῦ
3629 3198 3813 3252 διεσίου

2257 3295 2372 3366 (sic)
2414 3294 2476 3347 τὸ
2516 3293 2784 3359 ὑπαίτιον,
2826 3291 2962 3346 ἀλλά
2997 3292 3059 3345 τὸ
3091 3293 3356 3363 ὑμέτερον
3403 3290 3813 3362 σκληροκάρδιον

2250 3389 2331 3450 εἰς
2356 3386 2503 3456 ὑμᾶς
2530 3387 2713 3438 πᾶσαν
2746 3386 2957 3456 ἀναρτᾷ
2989 3385 3089 3454 τὴν
3143 3385 3344 3438 αἰτίαν.
3382 3383 3473 3455 Μὴ
3504 3381 3813 3453 βουλόμενον

2248 3477 2361 3548 γάρ
2392 3476 2798 3546 παραδέχεσθαι
2845 3478 2945 3546 την
2985 3475 3302 3545 τελειότητα
3348 3476 3449 3543 τῆς
3480 3474 3811 3546 νομοθεσίας,

2249 3568 2347 3620 καὶ
2385 3567 2478 3620 τοῦ
2538 3566 2809 3637 πριτέρου
2852 3568 3017 3636 νόμου
3045 3566 3143 3637 τὴν
3198 3566 3503 3636 μεταϐολὴν
3545 3566 3672 3635 ὑμῖν
3696 3582 3814 3618 κατ·

2250 3660 2526 3730 επράξατο
2550 3662 2645 3712 καὶ
2683 3662 2803 3718 ταῖς
2846 3662 3048 3730 ὁρμαῖς
3078 3661 3402 3729 καθυφεῖναι
3431 3658 3523 3712 τὸν
3545 3660 3646 3729 τῆς
3670 3659 3814 3711 εὐτα-

2250 3752 2369 3817 ξίας
2398 3751 2614 3821 χαλινὸν
2644 3752 2922 3805 ἐϐιάσατο.
2986 3753 3062 3805 Οὐ
3112 3752 3224 3824 γὰρ
3266 3752 3553 3824 ὑπερορῶν
3587 3752 3744 3805 ποθεν
3787 3752 3812 3804 ό

2250 3844 2485 3915 θεόπτης
2535 3844 2597 3899 τὸ
2650 3844 2753 3915 τῆς
2781 3845 3149 3915 δημιουργίας
3188 3847 3516 3918 πρόσταγμα
3546 3847 3679 3917 πρὸς
3711 3846 3811 3899 ἕτε-

2252 3954 2343 4008 ρον
2373 3937 2776 4007 ηὑτομὸληκεν,
2806 3936 2945 3990 ἀλλά
2971 3936 3035 3989 τὸ
3065 3936 3220 4008 ὑμῶν
3272 3937 3653 4008 ἀπαράδεκτον
3680 3938 3809 3991 οἰκος

2247 4029 2411 4100 νομία
2449 4028 2608 4082 λῦσαι
2664 4028 2763 4100 τὴν
2814 4029 3106 4099 ἀκρίϐειαν
3168 4028 3606 4093 συνεϐούλευσεν,
3652 4027 3723 4089 ὡς
3750 4025 3807 4079 ἂν

2250 4119 2348 4189 μὴ,
2380 4120 2479 4189 τῆς
2530 4120 2825 4189 συναφείας
2877 4121 3109 4189 ἐχούσης
3145 4119 3203 4172 τὸ
3232 4120 3541 4182 ἀδιάλυτον,
3568 4120 3628 4172 τδ
3659 4119 3808 4186 σκλη-

2252 4211 2341 4280 ρὸν
2374 4211 2475 4281 τῆς
2500 4211 2727 4282 γνώμης
2765 4211 2859 4264 καὶ
2897 4210 2959 4263 τὸ
2986 4212 3282 4282 ἀνήμερον,
3312 4210 3381 4265 τά
3419 4210 3600 4280 πολλῷ
3630 4226 3809 4277 κατερ-

2247 4302 2470 4371 γάσοιτο
2512 4304 2755 4374 χείρονα,
2818 4303 2964 4374 φόνῳ
3021 4303 3123 4371 τὴν
3186 4302 3363 4368 λύσιν,
3396 4302 3481 4356 ὅτι
3532 4304 3607 4373 μὴ
3651 4302 3809 4367 ἔξεστι

2246 4394 2501 4464 δόγματι,
2593 4394 3109 4465 ὲπιμηχανὼμενον.
3192 4394 3475 4459 Τοιούτοις
3545 4394 3808 4466 λογισμοῖς

2247 4487 2275 4539 ὁ
2309 4486 2500 4556 Σωτὴρ
2549 4486 2645 4539 καὶ
2714 4487 3096 4556 ἐνθυμήμασιν
3153 4487 3530 4558 ἀποῤῥαπίζει
3589 4488 3686 4559 μὲν
3712 4487 3808 4540 τῶν

2180 4596 2226 4653 D
2282 4572 2537 4628 Ιουδαίων
2565 4577 2626 4628 τὸ
2660 4575 3053 4646 κακούργημα,
3089 4575 3207 4629 λύει
3240 4577 3295 4630 δὲ
3326 4577 3387 4629 τὸ
3432 4578 3807 4646 σεσοφισμένον

2250 4665 2349 4736 τῆς
2378 4668 2718 4738 ἐρωτήσεως.
2756 4668 2863 4720 Καὶ
2891 4668 3137 4722 παιδεύει
3169 4670 3401 4732 πάντας,
3432 4671 3640 4723 ἐκεῖνον
3670 4668 3807 4739 ἡμῶν

2246 4757 2443 4811 εἰδέναι
2468 4758 2826 4831 δημιουργὸν,
2866 4753 2927 4813 οὗ
2960 4761 3056 4814 καὶ
3104 4762 3198 4813 τὸν
3231 4761 3400 4832 ἄνδρα
3424 4761 3528 4831 τῆς
3572 4759 3809 4830 γυναικὸς

2248 4851 2411 4927 νόμος
2466 4853 2585 4904 ἐστὶ
2643 4854 2717 4924 μὴ
2750 4854 3080 4908 διῖστασθαι.
3118 4855 3417 4925 Καταρχάς
3468 4872 3569 4926 μεν
3616 4858 3678 4926 τῇ
3712 4854 3807 4907 δια-

2248 4942 2445 4996 πλάσει
2471 4945 2567 4997 καὶ
2596 4946 2860 5016 συναφείᾳ
2906 4946 3075 4999 οἱονεὶ
3100 4949 3448 5015 τυπούμενος
3494 4943 3807 5018 προϐουλεύ-

2254 5048 2407 5101 ματι,
2440 5031 2668 5102 ὕστερον
2695 5035 2751 5088 δὲ
2778 5036 2871 5088 καὶ
2900 5037 3136 5106 ῥήμασιν
3179 5037 3362 5098 αὑτοῖς
3393 5034 3807 5106 ὲμφανιζόμενός

2249 5142 2308 5176 τε
2362 5126 2457 5178 καὶ
2507 5126 2806 5199 διαρρήδην
2858 5129 3282 5199 κηρυττόμενος.
3344 5131 3455 5182 Καὶ
3504 5129 3611 5201 γὰρ
3646 5126 3804 5182 κοινόν

2248 5216 2365 5268 ἐστι
2396 5219 2490 5269 καὶ
2514 5219 2812 5289 ἀμέριστον
2865 5220 2966 5289 τῆς
3009 5221 3337 5289 ὑπερουσίου
3370 5221 3465 5273 καὶ
3516 5236 3799 5291 παντοκρα-

2250 5310 2479 5380 τορικῆς
2525 5311 2779 5382 Τριάδος,
2818 5312 3007 5381 ὥσπερ
3032 5314 3093 5366 τὸ
3123 5313 3328 5382 ἀγαθὸν
3370 5315 3467 5366 καί
3507 5316 3540 5384 ἡ
3577 5310 3803 5383 βασιλεία

2251 5403 2343 5455 καὶ
2372 5403 2405 5474 ή
2440 5401 2674 5472 δύναμις
2717 5404 2860 5458 οὑτω
2922 5406 3017 5459 καὶ
3052 5405 3148 5475 τῆς
3179 5406 3542 5477 δημιουργίας
3580 5406 3669 5459 καὶ
3713 5401 3804 5471 τῆς

1695 5699 1926 5756 VARIA'J
1960 5699 2347 5758 LECTIONES
2384 5701 2473 5755 ET
2497 5700 2732 5759 ΝΟΤᾸΞ.

645 5858 757 5931 (54)
783 5861 1055 5931 Μιασμῷ.
1085 5861 1176 5917 Sic
1206 5861 1399 5933 scripsi
1431 5863 1799 5933 [ιω-μίασμα,
1847 5862 1992 5933 quod
2038 5877 2140 5918 ms.

2242 5860 2500 5917 Lliibebat.
2533 5860 2698 5917 Forte
2728 5861 2893 5918 etiam
2926 5872 3071 5918 recte
3096 5862 3290 5935 legeris
3325 5863 3612 5933 μιάσματι.
