4014 6394
193 420 282 484 261

1214 407 1513 467 CONTRA
1546 401 2005 464 MANICHJEOS
2044 401 2273 461 LIBER
2316 400 2409 459 IV.

3324 399 3436 461 262

196 528 500 602 νομοθεσίας
515 528 576 579 τὸ
588 525 826 594 ἀξίωμα.
846 522 936 575 Διὸ
953 522 1046 574 καὶ
1059 519 1153 573 τοῦ
1174 520 1440 589 παρόντος
1456 515 1751 587 νόμουίῶὕ)

1873 524 1918 568 et
1948 513 2244 567 creationis
2295 510 2531 581 dignitas
2552 509 2865 565 communia
2901 520 3035 564 sunt
3070 519 3126 564 et
3174 510 3432 566 indivisa.

197 622 322 678 κατά
386 620 488 689 μὲν
556 619 658 687 τὴν
720 614 1102 686 ἀρχαιογονίαν
1154 615 1181 664 ὀ
1221 610 1316 664 τοῦ
1372 607 1583 677 Πατρδς
1633 606 1761 667 Υἱὸς

197 707 467 779 ὁμοούσιος
516 705 583 757 τὰ
640 700 933 774 σπέρματα
1000 701 1425 759 καταϐάλλεται,
1486 699 1668 767 σάρκα
1702 696 1760 747 δὲ

198 800 359 854 λαϐὼν
394 798 495 868 τὴν
549 797 688 867 ἐμὴν
729 798 821 850 καὶ
871 798 983 857 τοῖς
1032 791 1340 862 ἀνθρώποις
1370 790 1443 852 ὡς
1472 788 1757 856 ἄνθρωπος

202 888 720 960 ἐμπολιτευσάμενος
776 888 875 965 καὶ,
944 886 1183 955 ῥήμασιν
1228 883 1411 942 αὐτοῖς
1467 877 1759 948 ἀπαρτίζει

200 984 368 1038 τοῦτον
409 987 502 1035 καὶ
550 980 819 1049 ἐκτίθησι.
873 978 984 1030 Καὶ
1026 976 1142 1039 πῶς
1190 975 1292 1027 οὐκ
1343 973 1407 1027 ἄν
1429 990 1509 1034 τις
1551 970 1759 1042 φρίξειε

201 1080 287 1146 τῆς
317 1074 567 1135 ἐναντίας
600 1072 799 1141 μοίρας
827 1069 858 1139 ἢ
889 1069 988 1139 τὴν
1024 1068 1220 1122 πλάσιν
1244 1066 1422 1136 ἡμῶν,
1449 1065 1481 1135 ἢ
1512 1065 1601 1117 τὸν
1626 1064 1759 1117 Μω-

203 1169 304 1231 σὲα,
333 1168 366 1236 ἢ
412 1166 508 1237 τὴν
561 1164 956 1233 κοσμογένειαν
991 1160 1064 1231 μὴ
1100 1160 1180 1212 ὅτι
1233 1156 1586 1226 φθέγξασθαι,
1624 1153 1762 1208 ἀλλά

190 1260 283 1312 ’καὶ
306 1257 587 1324 λογισμοῖς
621 1255 718 1323 τῆς
750 1252 1010 1321 τοιαύτης
1066 1248 1439 1319 βλασφημίας,
1470 1246 1565 1299 τοῦ
1591 1260 1764 1314 πονη-

205 1351 287 1423 ροῦ
326 1347 780 1417 προσϐάλλοντος,
826 1344 928 1397 κᾶν
980 1342 1253 1413 ὲπίϐραχυ
1278 1340 1462 1391 δοῦναι
1483 1340 1548 1407 τῇ
1568 1338 1762 1389 δυσσε-

204 1440 311 1510 ϐείᾳ
338 1438 703 1508 κυμαίνεσθαι
726 1436 826 1506 τὴν
857 1434 1120 1496 διάνοιαν,
1154 1431 1292 1483 ἀλλά
1324 1430 1400 1500 μὴ
1446 1428 1639 1481 θᾶττον
1667 1426 1762 1478 καὶ

205 1530 355 1601 αὐτὴν
381 1528 676 1583 ἀποσοϐεῖν
713 1528 811 1598 τὴν
843 1529 1040 1596 πεῖραν
1090 1523 1187 1576 καὶ
1220 1524 1360 1593 μετὰ
1402 1520 1762 1591 σφοδρότητος

204 1621 616 1692 ἀποτρέπεσθαι.

264 1716 375 1768 AA'.
435 1712 621 1782 prl;
654 1710 709 1763 δὲ
744 1710 853 1762 τῶν
926 1705 1236 1779 εἰρημένων
1268 1706 1296 1757 ὁ
1326 1702 1603 1773 Δεσπότης
1639 1699 1762 1755 ἰδὼν

205 1804 355 1859 αὐτοῦ
390 1805 482 1856 τὸν
518 1804 722 1870 κόσμον
755 1802 849 1854 καὶ
880 1800 1162 1869 γινώσκει,
1218 1797 1315 1851 καὶ
1347 1795 1609 1857 πολλάκις
1643 1795 1764 1846 ἐπι-

204 1900 479 1952 δείκνυται.
528 1896 638 1948 Καὶ
690 1894 807 1957 πῶς
850 1894 898 1946 οἱ
961 1889 1372 1961 ἀλλοτριοῦντες
1432 1888 1594 1941 αὑτὸν
1663 1886 1763 1955 τῆς

204 1990 398 2043 ἑκείνου
440 1987 707 2058 κραταιᾶς
756 1984 937 2055 χειρὸς
977 1984 1076 2036 ούκ
1124 1981 1399 2050 ἀλλότριοι
1449 1976 1764 2048 περιφανῶς

206 2083 291 2136 καὶ
321 2081 493 2149 αὐτῆς
545 2079 644 2149 τῆς
677 2077 785 2129 τῶν
818 2075 1160 2148 Χριστιανῶν
1212 2072 1585 2141 ἐξελέγχονται
1638 2069 1765 2138 κλήο

206 2190 353 2235 σεως.
394 2171 503 2224 Καὶ
558 2169 667 2239 γὰρ
701 2169 800 2236 τὴν
852 2164 1170 2235 παραϐολὴν
1199 2162 1292 2215 τοῦ
1345 2160 1664 2229 σπείροντος
1704 2159 1765 2211 τὸ

206 2264 354 2317 καλὸν
388 2262 608 2332 σπέρμα
637 2261 695 2311 ὲν
720 2258 797 2330 τῷ
826 2256 982 2326 ἀγρῷ
1013 2256 1201 2317 αὐτοῦ,
1226 2256 1317 2306 καὶ
1347 2252 1445 2323 τὴν
1473 2250 1581 2304 τῶν
1612 2250 1763 2314 ζιζα-

206 2360 320 2409 νίων
342 2354 668 2423 ὲπισπορὰν,
700 2353 735 2423 ἢ
767 2351 1124 2404 καθεύδουσιν
1151 2348 1472 2417 ἐπιθέμενος
1511 2346 1766 2413 ἔσπειρεν

206 2453 231 2503 ὁ
274 2449 483 2519 ἐχθρὸς,
530 2447 735 2515 ταύτην
788 2444 853 2514 δὴ
908 2444 1019 2504 τοῖς
1075 2440 1347 2510 μαθηταῖς
1405 2434 1766 2489 ἀναπτύσσων

207 2540 407 2596 αἰτοῦσι
436 2538 649 2609 μαθεῖν.
697 2536 760 2589 '0
783 2534 1069 2601 σπείρων,
1108 2531 1263 2602 φησι,
1302 2528 1497 2583 καλὸν
1525 2526 1768 2594 σπέρμα

207 2637 367 2691 ἐστὶν
395 2639 427 2689 ὀ
454 2635 584 2699 υἱὸς
637 2633 744 2686 τοῦ
764 2618 1113 2697 ᾍνθρώπου,
1151 2630 1183 2680 ὀ
1228 2625 1297 2678 δὲ
1321 2626 1503 2694 ἀγρός
1534 2623 1704 2675 ἐστιν
1735 2622 1788 2673 ό.

207 2730 440 2798 κόσμος.
475 2730 573 2781 Ὃν
600 2729 658 2780 ὲν
682 2728 747 2795 τῇ
773 2722 1122 2779 ἀποτυπώσει
1151 2721 1249 2788 τῆς
1268 2715 1586 2787 παραϐολῆς
1603 2713 1770 2782 ἀγρὸν

208 2819 363 2875 αὐτοῦ
388 2816 529 2881 εἷπε,
566 2816 757 2869 τοῦτον
784 2817 841 2867 ἐν
888 2816 955 2883 τῇ
990 2810 1290 2872 ἀναπτύξει
1338 2808 1542 2875 κόσμον
1570 2804 1770 2873 ὀνομά-

209 2914 308 2977 ζων
340 2913 431 2965 καὶ
478 2909 678 2981 δηλῶν,
719 2907 821 2961 οὐκ
860 2906 1025 2961 ἄλλου
1064 2904 1232 2967 τινὸς,
1269 2900 1385 2955 ἀλλ’
1418 2899 1586 2952 αὐτοῦ
1632 2893 1772 2949 εἶναι

207 3006 292 3058 τδν
311 3004 586 3074 περίγειον
627 3002 850 3069 κόσμον,
880 3000 937 3053 ὲν
970 2989 1014 3065 ᾧ
1048 2996 1142 3049 καὶ
1188 2991 1516 3064 σωματικῶς
1569 2987 1762 3059 παρὼν

208 3092 294 3146 τὸν
338 3093 435 3163 τῆς
485 3090 763 3160 σωτηρίας
810 3087 1085 3156 διέσπειρε
1134 3084 1313 3151 λόγον.
1382 3082 1557 3133 Ὅταν
1615 3075 1707 3131 οῦν
1736 3079 1770 3148 ή

1862 605 2100 659 Proinde
2158 612 2215 656 ct
2254 602 2543 671 praesentis
2595 600 2731 672 legis
2781 602 2992 655 semina
3042 602 3095 654 in
3158 603 3439 657 creatione

1862 700 1982 767 ipsa
2012 696 2205 762 Filius,
2240 694 2389 749 Patri
2412 695 2557 763 quod
2584 694 2650 747 ad
2675 694 2971 748 essentiam
3001 693 3248 761 :equalis.
3280 708 3439 761 spar-

1863 790 1958 860 git,
1982 803 2152 843 came
2198 802 2330 840 vero
2352 795 2537 839 nostra
2581 792 2878 852 assumpta,
2910 794 2963 837 et
3014 784 3155 837 inter
3188 783 3441 838 homines

1864 890 1924 935 ut
1968 882 2133 934 homo
2173 886 2444 938 versatus,
2493 876 2675 929 verbis
2733 874 2867 943 ipsis
2921 874 3172 927 eamdem
3223 873 3439 942 perlicit

1863 982 2028 1040 atque
2051 970 2294 1039 exponit.
2350 968 2412 1021 Et
2460 967 2584 1035 quis
2612 982 2722 1020 non
2748 967 3126 1028 exhorrescat,
3173 966 3259 1018 vel
3286 980 3439 1019 crea-

1868 1066 2070 1118 tionem
2096 1072 2362 1124 nostram,
2411 1062 2498 1115 vel
2536 1059 2743 1122 Mosen,
2781 1058 2866 1111 vel
2900 1056 3088 1111 mundi
3119 1057 3443 1124 productio-

1862 1172 1990 1210 nem
2023 1170 2133 1208 non
2165 1154 2341 1207 solum
2366 1152 2431 1204 ad
2460 1152 2801 1205 contrarium
2836 1149 3167 1218 principium
3212 1148 3441 1211 referre,

1864 1249 1959 1304 sed
2005 1257 2062 1303 et
2095 1246 2433 1316 blasphemis
2478 1243 2745 1313 ejusmodi
2784 1241 3229 1312 cogitationibus,
3278 1240 3442 1294 anni-

1867 1351 2017 1397 tente
2044 1340 2209 1401 malo,
2272 1336 2626 1407 indulgendo,
2658 1336 2743 1389 vel
2778 1334 2925 1389 brevi
2963 1342 3207 1404 tempore
3239 1336 3439 1402 impie-

1867 1436 1992 1490 tatis
2020 1434 2278 1487 tluctibus
2300 1438 2542 1485 mentem
2570 1429 2908 1499 permittere,
2939 1444 3041 1483 nec
3070 1428 3250 1498 potius
3279 1442 3441 1496 quam

1865 1526 2129 1580 citissime
2162 1524 2334 1593 ipsam
2375 1523 2784 1593 aggressionem
2814 1519 3042 1585 evitare,
3071 1529 3277 1574 etcum
3311 1535 3443 1574 con-

1864 1625 1954 1671 ten
1964 1616 2110 1669 tione
2141 1612 2383 1668 aversari
2407 1613 2429 1664 ?

1933 1703 2176 1761 XXXIV.
2210 1702 2413 1756 Praeter
2430 1718 2491 1757 ea
2512 1716 2641 1756 vero
2694 1715 2814 1769 quae.
2862 1699 3007 1754 dicta
3078 1709 3228 1765 sunt,
3254 1699 3445 1755 Domt-

1866 1813 1971 1850 nus
1991 1795 2181 1849 videns
2216 1793 2504 1856 mundum,
2538 1792 2782 1863 agnoscit
2810 1806 2993 1853 suum,
3013 1791 3193 1845 ethoc
3222 1791 3445 1846 nomine

1868 1888 2168 1959 appellans,
2202 1900 2501 1954 agnoscere
2526 1900 2586 1939 se
2618 1884 2878 1938 declarat.
2911 1882 3103 1936 Nonne
3131 1882 3313 1952 itaque
3339 1882 3440 1947 illi,

1867 1981 1957 2050 qui
1978 1996 2101 2034 eum
2132 1978 2257 2033 forti
2286 1977 2461 2047 ipsius
2483 1976 2667 2030 manui
2706 1974 3052 2037 subtrahunt,
3077 1975 3192 2043 ipsa
3225 1989 3446 2043 quoque

1866 2070 2311 2125 Christianorum
2340 2067 2704 2137 appellatione
2741 2065 2949 2137 indigni
2988 2074 3035 2119 et
3069 2064 3317 2133 privandi
3360 2064 3446 2118 vi-

1867 2160 2178 2216 debuntur?
2221 2157 2539 2212 Parabolam
2589 2158 2734 2211 enim
2768 2158 2835 2212 de
2871 2157 3178 2211 seminante
3240 2156 3447 2211 bonum

1869 2269 2055 2307 semen
2080 2253 2134 2305 in
2162 2267 2288 2322 agro
2312 2266 2433 2315 suo,
2463 2259 2517 2303 et
2549 2251 2884 2305 zizaniorum
2918 2249 3444 2312 disseminationem,

1870 2359 2035 2411 quam
2087 2342 2291 2404 malus,
2341 2341 2750 2395 dormientibus
2823 2340 3130 2403 insidiatus,
3187 2339 3445 2409 suscepit,

1870 2432 2154 2501 discipulis
2168 2432 2302 2497 suis,
2322 2440 2613 2499 utramque
2629 2430 3115 2499 discendicupidis,
3136 2430 3445 2499 explicans:

1871 2524 2079 2590 Serens,
2106 2524 2301 2594 inquit,
2333 2525 2523 2576 bonum
2553 2526 2727 2576 Semen
2755 2522 2897 2591 [ilius
2931 2522 3157 2574 hominis
3179 2530 3275 2585 est,
3321 2538 3449 2592 ager

1872 2633 1991 2670 vero
2019 2625 2092 2669 est
2113 2615 2337 2669 mundus
2362 2616 2430 2666 ⁵⁵.
2460 2612 2634 2677 Quem
2671 2613 2722 2664 in
2740 2626 2951 2665 summa
2970 2610 3239 2680 parabolas
3259 2626 3448 2680 agrum

1873 2722 2031 2761 suum
2063 2706 2289 2773 dixerat,
2322 2720 2447 2758 cum
2483 2704 2536 2757 in
2580 2702 2944 2771 explicatione
2974 2701 3237 2755 mundum
3266 2710 3449 2764 vocat,

1873 2808 2037 2867 atque
2071 2797 2174 2849 hoc
2213 2797 2332 2864 ipso
2375 2794 2709 2859 manifestat,
2741 2809 2851 2847 non
2879 2793 3105 2847 alterius
3139 2792 3450 2862 cujusdam,

1882 2889 1979 2945 sed
2001 2903 2160 2941 suum
2200 2900 2320 2939 esse
2345 2884 2611 2937 mundum
2656 2891 2992 2945 terrestrem,
3024 2881 3080 2934 in
3108 2896 3218 2950 quo
3256 2895 3454 2949 corpo-

1876 2997 1934 3034 re
1963 2993 2205 3049 praesens
2227 2980 2451 3031 verbum
2484 2974 2677 3030 salutis
2698 2973 2983 3043 sparserit.
3015 2971 3246 3038 Quando
3287 2972 3455 3042 igitur

1875 3072 2077 3128 veritas
2107 3069 2371 3124 mundum
2406 3082 2566 3121 suum
2620 3081 2741 3121 esse
2789 3066 2941 3128 dicit,
3001 3064 3147 3119 idem
3201 3078 3335 3119 vero
3393 3071 3451 3117 et

211 3151 429 3254 ἀλήθεια
470 3182 564 3235 τὸν
594 3151 803 3261 κόσμον
833 3177 1001 3232 αὑτοῦ
1028 3151 1168 3245 ⁷λέγῃ
1219 3170 1380 3239 εἶναι,
1412 3172 1567 3240 ἔλεγε
1594 3169 1651 3222 δὲ
1681 3168 1771 3221 καὶ

1878 3162 2051 3215 malus
2076 3160 2329 3221 atlirmat.
2362 3173 2531 3228 regna
2576 3155 2760 3210 omnia
2806 3152 2913 3209 sibi
2953 3152 3205 3222 subjecta
3251 3151 3456 3206 habere

210 3277 237 3328 ὁ
268 3274 518 3345 πονηρὸς,
576 3272 740 3342 ἡνίκα
772 3269 870 3332 τὰς
918 3267 1193 3339 βασιλείας
1246 3265 1427 3326 πάσας
1470 3261 1776 3331 κατηλαζο-

213 3366 389 3420 νεύετο
421 3363 769 3434 ὑποχειρίους
796 3361 942 3431 ἔχειν
968 3376 979 3387 ·
1012 3361 1061 3413 οἱ
1092 3358 1147 3418 δὲ
1175 3360 1240 3428 τῇ
1273 3357 1448 3427 τόλμῃ
1475 3355 1574 3424 τῆς
1604 3351 1777 3421 γλώτ-

214 3473 308 3527 της
335 3454 631 3526 ἀφαιροῦσι
703 3453 801 3523 μὲν
859 3449 1022 3504 αὐτὸν
1079 3447 1173 3501 τοῦ
1191 3445 1371 3501 κοινοῦ
1405 3444 1641 3499 Κτίστου
1679 3439 1773 3493 καὶ

216 3548 573 3621 Δημιουργοῦ,
611 3546 1007 3600 ὑποϐάλλονται
1048 3543 1105 3596 δὲ
1133 3541 1211 3612 τῷ
1254 3538 1507 3608 διαϐόλῳ,
1541 3532 1650 3607 ἆρα
1678 3536 1779 3589 οὐκ

214 3645 291 3706 είς
323 3642 511 3711 ψεῦδος
557 3640 656 3709 μὲν
706 3638 1109 3707 ἀπορρίπτουσι
1154 3633 1253 3704 τὴν
1283 3631 1567 3703 ἀλήθειαν,
1607 3629 1701 3682 τὸν
1733 3626 1780 3679 δ’

216 3734 447 3802 ἀρχηγὸν
477 3730 572 3784 τοῦ
609 3729 839 3799 ψεύδους
872 3725 1101 3797 ἀληθείᾳ
1130 3723 1268 3795 μετά
1293 3722 1393 3793 τῆς
1425 3722 1591 3791 ἄλλης
1620 3720 1779 3789 δόξης

218 3823 608 3887 καλλωπίζουσι
649 3822 745 3874 καὶ
801 3818 896 3873 τοῦ
955 3819 1055 3887 μὲν
1115 3819 1387 3869 Δεσπότου
1452 3813 1672 3867 συλοῦσι
1717 3812 1779 3866 τὸ

216 3918 413 3987 κτῆμα,
442 3915 580 3986 μετά
606 3913 701 3966 τοῦ
752 3909 953 3984 λῃστοῦ
993 3910 1047 3963 δὲ
1082 3908 1346 3976 γίνονται,
1392 3906 1485 3960 καὶ
1515 3906 1605 3959 τὸν
1638 3906 1777 3959 ἀπο-

220 4009 379 4077 σάτην
398 4008 491 4060 καὶ
524 4006 815 4077 μαστιγίαν
868 4006 962 4056 κα)⁵
997 4002 1289 4071 ἀγνώμονα
1318 3999 1425 4053 τῶν
1473 3998 1779 4069 ὁμοδούλων

216 4097 600 4168 ἀναγορεύουσι
628 4094 855 4165 κύριον;
918 4091 1028 4145 Καὶ
1060 4092 1177 4153 πῶς
1202 4090 1268 4142 ἂν
1313 4085 1457 4144 οῦτοι
1488 4090 1580 4141 τὸν
1600 4088 1777 4158 ἀληθῆ

219 4187 732 4258 καὶτφιλάνθρωπον
764 4184 989 4254 ὄψονται
1033 4182 1259 4253 Κύριον,
1315 4183 1414 4252 τῆς
1465 4181 1780 4249 τυραννίδος

222 4282 503 4351 συνεργοὺς
540 4279 635 4331 καὶ
673 4275 974 4348 ὑπηρέτας,
1012 4274 1210 4343 μᾶλλον
1239 4273 1294 4325 δὲ
1340 4272 1619 4343 ἀρχηγοὺς
1650 4272 1782 4324 ἑαυ-

216 4373 338 4434 τοὺς
375 4370 867 4442 ἀπογραψάμενοι;
907 4366 1119 4428 Ἀλλως
1144 4383 1204 4417 τε
1239 4364 1315 4431 δὲ,
1346 4365 1504 4434 εἴπερ
1535 4363 1609 4434 μὴ
1638 4359 1779 4433 ἦσαν

220 4465 268 4516 oi
296 4464 447 4532 ἀγροὶ
477 4463 567 4515 καὶ
600 4464 628 4514 ὁ
661 4461 863 4527 κόσμος
879 4457 981 4527 ;τοῦ
1017 4456 1223 4525 ἀγαθοῦ
1259 4457 1353 4509 καὶ
1391 4454 1776 4525 φιλανθρώπου

218 4556 455 4625 Σωτῆρος
482 4553 663 4625 ἡμῶν,
699 4553 814 4607 ἀλλ’
841 4553 874 4621 ἠ
920 4550 1191 4620 φαυλότης
1223 4548 1401 4602 αὐτῶν
1427 4544 1779 4617 διεκληροῦτο

220 4641 314 4714 τὴν
341 4644 651 4712 κυριότητα,
685 4641 800 4705 πῶς
837 4642 952 4702 τοῖς
978 4640 1165 4691 ἕνεκεν
1197 4636 1292 4690 τοῦ
1324 4637 1582 4707 ὀνόματος
1615 4634 1779 4689 αὑτοῦ

219 4734 597 4788 καταλιποῦσιν
623 4734 806 4795 οἰκίας
833 4732 927 4786 καὶ
957 4731 1179 4800 ἀγροὺς,
1214 4730 1308 4782 καὶ
1332 4729 1429 4797 τῆς
1458 4728 1781 4798 σωματικῆς

222 4825 527 4893 συγγενείας
546 4824 612 4876 τὰ
629 4821 936 4894 τιμιώτατα
963 4819 1102 4872 κατά
1124 4818 1222 4886 τὴν
1239 4820 1297 4869 ἐν
1318 4815 1396 4886 τῷ
1429 4817 1654 4885 παρόντι
1678 4813 1778 4883 βίῳ

226 4915 660 4981 μισθαποδοσίαν,
720 4914 820 4966 οὐκ
873 4913 1190 4981 ἀφαιρεῖται
1237 4909 1363 4969 τοὺς
1402 4907 1627 4978 ἀγροὺς,
1656 4904 1778 4958 οὔτε

223 5007 367 5071 ἄλλα,
430 5008 530 5061 ὅσα
579 5008 680 5076 τῆς
724 5005 987 5074 αἰσθητῆς
1031 5004 1144 5055 ἐστι
1195 4999 1449 5064 κτίσεως,
1510 4998 1647 5050 ἀλλά
1682 4998 1779 5050 καὶ⁸

223 5097 351 5150 αὐτὰ
390 5098 467 5169 τῷ
518 5094 1039 5150 ὲκατονταπλασίονι
1079 5088 1479 5160 περιλαμϐάνει
1505 5086 1663 5158 δώρῳ
1689 5088 1783 5140 καὶ¹

224 5188 571 5256 ἁντιδίδωσιν,
630 5183 710 5249 οἷς
752 5184 1086 5256 κληρονομία
1129 5184 1163 5252 ἡ
1218 5179 1435 5242 αἰώνιος
1492 5178 1625 5249 ζωὴ,
1686 5178 1782 5231 καὶ¹

225 5278 576 5350 φιλοτιμεῖται
614 5281 827 5340 τούτοις
875 5277 1001 5338 τοὺς
1052 5273 1287 5343 θερμοὺς
1333 5270 1591 5340 ἐραστὰς,
1643 5264 1719 5323 ὧν
1747 5272 1781 5341 ἡ

222 5369 404 5435 κτίσις,
437 5373 487 5424 εί
549 5372 647 5441 μὲν
679 5368 791 5437 (56)
824 5362 964 5436 ἦσαν
1014 5362 1215 5433 φαῦλα,
1242 5360 1337 5414 καὶ
1369 5361 1532 5414 αὐτὸν
1584 5360 1651 5415 ἃν
1674 5361 1781 5413 ἀπ-

285 5483 324 5514 ⁴⁸
351 5481 547 5537 Matth.
580 5496 702 5547 xm,
725 5479 815 5535 57.
893 5476 939 5508 ’⁵⁸
960 5475 1151 5530 Matth.
1183 5489 1298 5538 xxx,
1318 5471 1408 5526 29.

1878 3255 2175 3327 gloriatus:
2209 3252 2264 3306 hi
2298 3260 2479 3305 autem
2514 3248 2761 3304 homines
2778 3246 3085 3301 temerariis
3109 3245 3306 3317 linguis
3327 3259 3456 3300 eum

1878 3345 2155 3402 communi
2204 3342 2451 3397 Creatori
2490 3357 2554 3395 ac
2599 3339 2878 3396 Conditori
2927 3338 3259 3407 subripiunt,
3293 3336 3457 3391 vicis-

1880 3440 2094 3508 simque
2124 3435 2340 3491 diabolo
2390 3433 2686 3493 vindicant,
2718 3446 2903 3485 nonne
2950 3431 3113 3485 iidem
3170 3430 3457 3484 veritatem

1881 3533 1935 3586 in
1962 3528 2305 3584 mendacium
2338 3531 2689 3587 convertunt,
2713 3521 2980 3576 mendacii
3009 3536 3143 3575 vero
3169 3529 3453 3575 auctorem

1881 3621 2128 3677 veritatis
2174 3620 2515 3687 aliarumque
2561 3631 2746 3670 rerum
2791 3614 2959 3684 gloria
2991 3622 3211 3685 ornant.
3252 3626 3317 3666 ac
3349 3609 3457 3665 Do-

1881 3715 2037 3770 mino
2066 3713 2288 3781 quidem
2314 3726 2410 3766 sua
2428 3709 2705 3773 auferunt,
2734 3715 2789 3761 et
2808 3704 3048 3775 praedoni
3080 3718 3139 3757 se
3160 3703 3458 3774 iungentes

1880 3813 2204 3875 apostatam,
2238 3810 2293 3855 et
2323 3799 2624 3870 mastigiam
2665 3805 2720 3851 et
2745 3794 3122 3850 reiractarium
3153 3808 3457 3848 conservo-

1881 3912 2003 3952 rum
2025 3908 2245 3950 suorum
2276 3893 2557 3947 dominum
2584 3886 2965 3943 constituunt?
2996 3883 3282 3949 Quomodo
3314 3897 3451 3938 vero

1881 3990 1958 4044 illi
1998 4001 2189 4043 verum
2219 3984 2613 4051 hominumun
2642 3977 3077 4033 amantissimum
3106 3975 3274 4030 Deum
3303 3974 3458 4028 vide-

1880 4082 2039 4143 bunt,
2063 4078 2156 4148 qui
2188 4093 2247 4132 se
2279 4078 2427 4145 ipsos
2451 4070 2751 4143 tyrannidis
2790 4069 2935 4123 illius
2957 4067 3137 4122 socios
3162 4078 3217 4121 et
3264 4082 3456 4121 servos

1880 4160 1968 4228 vel
1990 4171 2171 4242 potius
2194 4166 2499 4238 primipilos
2525 4161 2852 4234 gesserunt?
2884 4159 3041 4224 Quod
3071 4158 3117 4211 si
3169 4171 3301 4211 vero
3341 4155 3456 4226 agri

1881 4272 1937 4320 et
1971 4262 2211 4317 mundus
2249 4258 2377 4313 boni
2428 4254 2821 4321 hominumque
2874 4248 3232 4303 amantissimi
3260 4248 3459 4302 Serva-

1883 4355 2019 4411 toris
2052 4352 2225 4407 nostri
2252 4366 2359 4404 non
2388 4357 2536 4409 sunt,
2561 4346 2654 4399 sed
2688 4343 2871 4413 potius
2902 4341 3103 4395 malum
3127 4338 3456 4408 principium

1882 4444 2099 4498 illorum
2146 4438 2487 4497 dominatum
2528 4432 2831 4497 distribuit,
2882 4428 3158 4497 quomodo
3196 4426 3324 4491 illis,
3362 4423 3457 4494 qui

1809 4527 1853 4581 Ι)
1884 4534 1955 4588 ob
1982 4546 2182 4587 nomen
2217 4530 2338 4598 ejus
2365 4527 2707 4595 reliquerunt
2734 4523 2923 4576 domos
2955 4528 3007 4573 et
3038 4533 3217 4589 agros,
3252 4526 3307 4571 et
3333 4532 3459 4587 cog-

1880 4623 2122 4679 nationis
2179 4618 2449 4673 naturalis
2498 4612 2918 4686 prmclarissima
2959 4625 3189 4680 quaeque
3236 4605 3458 4675 praemia

1880 4717 1935 4771 in
1964 4716 2068 4770 hac
2100 4714 2208 4767 vita
2247 4711 2741 4769 distribuens,non
2762 4705 2954 4761 adimit
2988 4717 3167 4772 agros,
3200 4714 3303 4753 nec
3351 4713 3457 4752 ca:-

1883 4819 1997 4863 tera
2032 4822 2153 4876 qua:
2171 4807 2239 4859 ad
2270 4802 2558 4859 sensibiles
2605 4807 2885 4853 creaturas
2910 4795 3205 4865 pertinent,
3259 4790 3355 4844 sed
3402 4797 3458 4843 et

1881 4901 1973 4955 illa
1997 4897 2293 4968 centuplici
2320 4895 2545 4967 praemio
2567 4886 2998 4959 comprehendit,
3022 4899 3084 4937 ac
3113 4881 3301 4936 tribuit
3328 4880 3451 4944 illis,

1879 5007 2109 5063 quorum
2147 4989 2439 5043 haereditas
2469 4993 2553 5039 est
2580 4984 2693 5038 vita
2727 4987 2930 5035 aeterna
2955 4976 3022 5042 “,
3064 4971 3338 5043 quomodo
3360 4971 3455 5026 iis-

1877 5084 2002 5138 dem
2033 5091 2288 5135 strenuos
2318 5093 2447 5133 suos
2493 5082 2764 5130 amatores
2794 5075 3015 5131 mactat,
3042 5080 3273 5136 quorum
3301 5077 3457 5117 crea-

1879 5177 1975 5240 tio,
2008 5175 2052 5230 si
2094 5174 2235 5229 mala
2266 5171 2479 5235 fuisset,
2509 5169 2689 5237 ipsum
2731 5175 2953 5232 quoque
2979 5173 3170 5213 eorum
3211 5170 3454 5209 amorem

1877 5268 2023 5339 apud
2047 5282 2143 5321 eos
2162 5260 2554 5321 exstinxisset?
2576 5254 2859 5324 Quomodo
2876 5250 3085 5323 prmmii
3117 5246 3455 5319 rependendi

1873 5371 2094 5433 partem
2128 5374 2193 5413 ea
2224 5355 2378 5422 facit,
2408 5368 2528 5423 quae
2563 5366 2632 5405 ne
2657 5346 2881 5419 quidem
2899 5345 2966 5400 ab
2990 5341 3148 5399 initio
3175 5338 3455 5413 possidere

1321 5605 1561 5662 VARUE
1591 5604 1983 5661 LECTIONES
2007 5603 2097 5659 ΕΤ
2126 5599 2360 5659 NOTAE.

264 5750 391 5821 (55)
426 5752 651 5819 Νόμου.
681 5747 1084 5821 _Superscripta
1123 5747 1197 5821 in
1238 5744 1426 5821 codice
1465 5740 1779 5821 ab__eadem

229 5811 526 5877 manu'erat'
541 5836 645 5877 vox
679 5811 875 5889 λόγὸυ;
909 5811 1009 5875 sed
1035 5816 1200 5872 malui
1231 5816 1469 5891 retinere
1504 5811 1752 5866 alteram.

1954 5735 2067 5802 (56)
2100 5737 2168 5788 El
2204 5732 2337 5802 μέν.
2377 5732 2458 5802 ita
2489 5728 2740 5802 scribere
2768 5726 2933 5802 jussit
2967 5727 3256 5802 sensus‘et
3285 5716 3458 5802 series

1884 5792 2177 5861 verborum
2204 5792 2314 5873 ἰιι-ο
2346 5797 2526 5867 εἶπεν,
2552 5798 2700 5869 quod
2728 5792 2784 5853 in
2812 5795 2999 5852 codice
3024 5792 3290 5861 scriptum
3314 5799 3453 5844 erat.
