4022 6464
589 414 694 495 9.63

1688 425 1950 487 ΡΗΟΤΠ
1985 426 2225 486 PATRI.

2280 423 2493 484 RCH/E
2528 424 2644 489 (ΞΡ.
3746 423 3838 486 264

590 539 1014 596 licebat?Mnlto
1041 542 1225 611 itaque
1271 537 1675 610 magisjustitia
1722 537 2056 605 requirebat,
2095 536 2166 589 ob
2199 548 2225 595 Α

2280 533 2503 587 ίσϐἐννυ
2532 532 2627 585 τὸν
2673 530 2871 601 ἑρωτα,
2924 532 3017 584 καὶ
3052 532 3429 600 μεροποιείται
3456 530 3553 599 τῆς
3582 532 3837 599 ἀμοιίῑκ,

591 648 713 702 quae
750 633 837 686 his
867 649 974 687 non
1004 632 1268 687 darentur
1292 633 1437 694 talia,
1466 628 1672 699 praemii
1697 630 1834 689 loco,
1860 627 1983 681 aliis
2007 627 2169 680 etiam

2284 625 2320 679 ἃ
2352 624 2487 695 μηδὲ
2533 624 2632 693 τὴν
2662 623 2836 693 ἀρχὴν
2860 622 2967 675 ἔδει
3004 622 3322 681 κεκτῆσθαι.
3356 621 3571 674 Μᾶλλον
3602 622 3707 691 μὲν
3736 619 3837 684 οὖν,

593 725 956 778 auferrentur.
991 725 1279 789 Quomodo
1316 723 1553 791 denique
1585 722 1762 774 locum
1823 720 2023 773 habere
2070 734 2171 787 po-

2280 716 2338 768 5t’
2366 716 2403 769 ἂ
2443 715 2538 767 καὶ
2561 713 2670 766 τῶν
2698 714 2873 767 ἄλλων
2899 716 2928 766 ὁ
2960 712 3169 782 μισθὸς,
3202 712 3300 781 οὐχ
3325 707 3406 774 οἷς
3435 711 3642 780 δοΟεὶηε
3669 711 3840 772 ἄλλοις

594 824 719 877 test,
778 823 839 867 ut
887 815 1173 883 sapientia,
1202 828 1420 867 omnem
1478 811 1743 865 rationem
1784 824 2052 878 superans
2108 824 2170 862 ea

2280 805 2622 877 ἀφαιρεθείη,
2663 805 2819 875 φέρει
2858 804 2919 857 τὸ
2967 804 3198 857 δίκαιον.
3244 801 3354 856 1]οὖ
3403 802 3460 855 δὲ
3508 801 3699 872 χώραν
3739 801 3840 871 ἔχει

592 908 713 975 (ιυὼ
762 922 791 960 a
826 908 965 960 malo
1000 907 1241 975 profecta
1286 913 1433 967 sunt,
1472 918 1594 957 cum
1630 903 1795 956 bonis
1842 903 1957 956 suis
2013 901 2172 955 donis

2280 901 2587 951 συντάττειν
2646 899 2747 965 τὴν
2820 896 2999 949 πάντα
3036 895 3162 949 νοῦν
3217 896 3595 965 ὑπερέχουσαν
3655 895 3840 961 σοφίαν

572 999 910 1069 conjungat,
966 998 1232 1067 siquidem
1286 997 1401 1067 agri
1447 1010 1813 1067 agrorumque
1864 1004 2162 1063 proventus

2280 992 2387 1052 ταῖς
2438 988 2789 1056 ἀγαθοποιοῖς
2845 989 3014 1058 αὐτῆς
3063 989 3313 1057 δωρεαῖς,
3349 988 3385 1040 ἃ.
3435 988 3537 1057 τῆς
3574 984 3833 1055 πονηρίας

595 1091 719 1144 mali
747 1097 931 1144 essent
950 1088 1236 1159 principii?

2262 1082 2430 1144 ἐστὶν,
2481 1081 2639 1151 εἴπερ
2669 1077 2813 1151 ἦσαν
2873 1084 2921 1134 οἱ
2976 1082 3138 1151 ἀγροὶ
3179 1082 3271 1134 καὶ
3304 1080 3372 1133 τὰ
3401 1082 3460 1132 ὲν
3495 1082 3604 1142 τοῖς
3657 1080 3838 1147 ἀγροῖς

2261 1173 2724 1242 δημιουργήματα
2749 1173 2885 1242 (57).

1728 1291 1964 1347 ΥΑΒΙᾸΞ
1988 1290 2367 1347 Ll-ICTIONES
2407 1292 2492 1345 ET
2514 1291 2741 1346 ΝΟΤΑΞ.

662 1411 772 1483 (57)
802 1413 1715 1482 Amuovpmjyara.Videnturhic
1738 1414 1994 1467 nonnulla
2016 1412 2158 1466 desi-
2232 1408 2685 1483 ’compellatione
2734 1412 2949 1467 dicendi
3001 1413 3162 1465 linem
3218 1411 3488 1465 facturum
3544 1409 3833 1483 fuisse._ln

593 1479 789 1553 derari.
816 1479 950 1536 Nam
981 1492 1035 1537 ct
1069 1479 1351 1552 abruptus
1392 1499 1573 1537 sermo
1605 1493 1708 1548 est,
1761 1494 1816 1537 et
1864 1485 2158 1537 verisimile
2266 1479 2633 1553 ipso—quoque
2667 1500 2768 1537 ius.
2812 1484 2975 1539 nulla.
3013 1500 3133 1551 qua:
3178 1484 3310 1535 alias
3336 1498 3657 1545 comparere
3687 1479 3834 1543 solrt,

594 1552 654 1606 ﬁt
700 1552 953 1607 Pholium
1011 1563 1256 1607 nostrum
1304 1569 1443 1607 nova
1486 1554 1718 1623 quadam
1767 1554 1837 1608 ad
1869 1555 2157 1608 Arsenium
2267 1552 2589 1622 colophoms
2613 1554 2850 1622 impositi
2876 1562 3005 1606 nota
3034 1552 3433 1606 inveniebatur.

602 1763 2311 1799 Μ

2524 1758 3803 1792 rw

2313 1784 2515 1794 —.—

1392 1947 1960 2066 ΦΩΤΙΟΥ
2075 1951 3060 2068 ΠΑΤΡΙΑΡΧΟΥ

2116 2163 2330 2217 ΛΟΓΟΣ

806 2326 1066 2415 ΠΕΡΙ
1120 2325 1338 2414 ΤΗΣ
1392 2325 1619 2414 ΤΟΥ
1664 2323 2002 2414 ΑΠΟΥ
2065 2324 2758 2417 ΠΝΕΥΜΑΤΟΣ
2821 2328 3627 2419 ΜΥΣΤΑΓΩΓΙΑΣ.

1356 2666 1908 2798 ΡΗΟΤΙΙ
2019 2661 3097 2798 PATBIARCIIJE

2115 2903 2343 2967 LIBER

978 3092 1139 3180 DE
1198 3091 1874 3181 'SPIRITUS
1942 3090 2436 3182 SANCTI
2514 3089 3457 3189 MYSTAGOGIA.

886 3282 1077 3349 QUEM
1126 3280 1331 3337 NOTIS
1382 3282 1615 3337 VARUS
1683 3280 2179 3337 ILLUSTRATUM
2250 3283 2338 3335 AC
2402 3280 2865 3338 THEOLOGICA‘I
2924 3280 3104 3337 CRISI
3167 3252 3565 3337 SUBJEGTUM

2040 3417 2211 3451 PRIMUS
2238 3418 2395 3451 εοιοιτ

1727 3517 1769 3578 J
1778 3563 1793 3579 .
1846 3514 2685 3577 HERGENBOETHER
2706 3558 2724 3590 ,

953 3645 1009 3698 S.
1043 3644 1234 3701 Theol.
1278 3645 1477 3702 Doctor
1503 3646 1857 3716 ejusdemque
1896 3648 1952 3701 in
1990 3646 2440 3718 Wirceburgensi
2480 3647 2563 3701 lit.
2601 3646 2973 3702 Universitate
3009 3645 3293 3701 Professor
3332 3644 3393 3699 P.
3426 3644 3490 3696 0.

1355 3760 1655 3823 Ratisbonas,
1690 3760 2038 3814 MDCCCLVII.
2070 3761 2124 3809 8'
2154 3761 2392 3829 Sumptus
2422 3761 2542 3813 fecit
2572 3762 2629 3814 G.
2661 3763 2908 3824 Iosephus
2942 3763 3093 3812 Manz.

2185 3894 2260 3919 ‘—

1238 4029 1324 4116 J.
1398 4030 2516 4125 HERGENROETHEBI
2598 4033 3278 4126 PRIEFATIO.

681 4232 722 4288 ι.
763 4230 840 4286 De
866 4229 1061 4285 Photio
1111 4227 1231 4299 ipso
1258 4230 1395 4284 nihil
1437 4237 1540 4295 est,
1599 4231 1739 4299 quod
1782 4231 1837 4286 in
1888 4230 2176 4302 praesentia
2205 4237 2252 4295 B
2281 4236 2567 4291 historiam
2590 4251 2697 4290 non
2726 4236 2798 4289 ita
2829 4249 3036 4303 pridem
3061 4233 3261 4289 Gallico
3292 4248 3550 4288 sermone
3597 4233 3662 4287 cl.
3692 4231 3824 4299 Jagcr

606 4325 806 4379 dicam.
850 4322 1083 4377 Uberius
1112 4322 1256 4375 enim
1286 4322 1352 4375 de
1380 4323 1499 4391 ejus
1556 4321 1663 4376 vita
1715 4331 1771 4377 et
1819 4324 2034 4393 scriptis
2060 4340 2174 4377 am-

605 4418 763 4489 pliori
796 4431 958 4486 opere
990 4431 1106 4469 sum
1143 4425 1384 4479 acturus,
1444 4415 1587 4485 quod
1635 4415 1745 4469 Deo
1789 4417 2022 4485 propitio
2067 4432 2176 4470 uno

605 4512 846 4565 alterove
903 4509 1102 4562 abhinc
1129 4523 1274 4561 anno
1314 4506 1485 4561 lucem
1536 4506 1778 4560 visurum
1798 4494 1944 4561 .csse
1994 4523 2173 4576 spero.

604 4602 743 4657 Illud
778 4601 1056 4655 monuisse
1091 4598 1343 4663 sulliciat,
1391 4599 1538 4652 viros
1558 4597 1872 4664 catholicos,
1922 4598 2051 4653 dum
2092 4600 2177 4653 di-

606 4711 724 4750 rum
750 4695 981 4749 schisma
1004 4708 1099 4762 per
1121 4707 1244 4745 eum
1278 4691 1333 4744 in
1348 4705 1459 4744 sua:
1482 4690 1653 4760 ipsius
1682 4690 1857 4759 gentis
1882 4688 2176 4758 perniciem

607 4788 922 4847 excitatum,
949 4798 1175 4853 quaeque
1208 4781 1334 4835 illud
1387 4782 1652 4851 prmibant
1678 4796 1741 4834 ac
1779 4780 2179 4834 comitabantur

606 4876 868 4940 facinora,
894 4891 958 4930 ex
992 4874 1176 4927 animo
1197 4872 1557 4933 detestantur,
1599 4869 1770 4922 nihilo
1798 4879 1977 4923 tamen
2005 4871 2179 4926 secius

606 4969 825 5025 maximi
859 4982 1075 5034 semper
1124 4962 1321 5017 fecisse
1372 4960 1561 5013 miram
1610 4958 1728 5027 ejus
1790 4960 2174 5027 eruditionem,

604 5058 762 5126 cujus
787 5066 983 5124 praeter
1003 5050 1423 5106 celeberrimum
1464 5048 1834 5118 Myriobiblion
1859 5049 1943 5103 vel
1969 5050 2180 5117 Amp/ti-

604 5149 863 5202 lochianw
917 5143 1230 5215 quwstiones
1292 5155 1457 5209 opera
1486 5139 1604 5193 Em.
1655 5139 1806 5203 Maii,
1864 5139 2179 5199 immortalis

606 5237 885 5293 memoriae
914 5234 1039 5299 viri,
1072 5232 1307 5286 maxima
1333 5229 1552 5283 demum
1583 5244 1650 5282 ex
1682 5239 1833 5298 parte
1865 5231 2064 5301 publici
2087 5234 2179 5301 ju-

604 5330 681 5383 ris
706 5327 860 5380 facta:
886 5322 1261 5379 testimonium
1304 5318 1508 5373 faciunt
1559 5320 1930 5386 luculentum;
1976 5324 2178 5379 nemini

605 5418 802 5476 deinde
827 5431 950 5472 esse
980 5413 1229 5477 dubium,
1254 5412 1385 5480 quin
1420 5428 1483 5466 ex
1514 5418 1765 5466 accurata
1796 5414 1913 5481 ejus
1951 5413 2177 5470 historia

604 5522 721 5565 tum
756 5509 1067 5578 dogmatum
1087 5514 1200 5559 tum
1228 5503 1483 5560 Ecclesiae
1515 5503 1685 5575 ipsius
1714 5504 1938 5559 annales
1967 5506 2178 5576 egregie

602 5598 780 5668 juvari
809 5607 864 5651 et
885 5593 1144 5651 illustrari
1179 5592 1405 5664 possint.
1446 5593 1611 5664 Atqui
1652 5591 1829 5649 Photii
1857 5593 2177 5663 patriarcha:

676 5756 743 5823 (¹)
787 5754 1021 5823 Histoire
1043 5749 1381 5823 deif’ltojius.
1435 5747 1734 5823 Pariunt/re
1770 5749 1834 5823 de
1872 5746 2176 5823 Constanti-

608 5817 778 5896 nopie,
810 5839 906 5897 par
937 5822 1008 5877 Μ.
1042 5820 1216 5877 l‘abbé
1241 5820 1420 5890 Jager,
1470 5818 1753 5873 Chanoine
1779 5817 2068 5875 honoraire
2108 5821 2174 5875 de

2279 4328 2553 4398 eleganter
2605 4342 2715 4380 non
2763 4326 2943 4380 minus
2991 4340 3156 4394 quam
3194 4325 3421 4379 solerter
3458 4321 3820 4394 pertractavit;

2278 4419 2424 4488 quod
2453 4432 2643 4472 recens
2661 4433 2799 4486 opus
2828 4417 2892 4487 (¹)
2917 4417 3153 4471 auctoris
3179 4432 3340 4484 scopo
3357 4417 3819 4472 accommodatum.

2283 4526 2384 4564 usu
2415 4508 2810 4563 Photianarum
2850 4508 3200 4578 epistolarum
3229 4508 3608 4576 sagacissimo,
3652 4503 3820 4571 insigni

2282 4602 2497 4657 illorum
2528 4611 2833 4672 temporum
2860 4600 3062 4667 studio,
3100 4600 3306 4670 judicio
3332 4601 3464 4653 satis
3488 4610 3669 4665 acuto,
3715 4612 3822 4650 nar‘

2281 4694 2432 4747 randi
2465 4702 2579 4747 arte
2605 4693 2818 4762 egregia
2853 4692 3081 4761 aliisque
3110 4692 3444 4746 ornamentis
3476 4708 3601 4748 esse
3655 4687 3822 4762 βηρόὶ-

2284 4796 2394 4839 tum
2422 4784 2565 4838 haud
2594 4784 2845 4837 diliiteor.
2874 4783 3126 4837 Attamen
3154 4787 3691 4853 praztcrquamquod,
3726 4793 3819 4832 mea

2280 4873 2499 4942 quidem
2531 4873 2819 4937 sententia,
2851 4872 3099 4941 ampliori
3134 4871 3309 4925 adhuc
3340 4872 3458 4925 usui
3478 4886 3603 4925 esse
3631 4874 3820 4940 possant

2282 4963 2588 5033 Byzantinae
2613 4963 2859 5017 Historiae
2898 4963 3096 5028 fontes,
3156 4977 3218 5015 ac
3242 4960 3544 5030 praesertim
3585 4960 3818 5015 CedrenO.

2280 5054 2487 5108 Zonara
2512 5063 2566 5108 et
2587 5052 2749 5125 Glyca
2773 5055 2927 5126 longe
2959 5053 3304 5118 vetustiores,
3346 5053 3606 5123 quodque
3632 5051 3817 5107 univcr-

2280 5143 2383 5198 sim
2434 5144 2672 5197 nationis
2720 5154 2919 5198 nostrae
2948 5142 3363 5213 historiographi
3418 5142 3733 5197 strictiorem
3772 5150 3819 5188 ac

2281 5235 2630 5299 severiorem,
2704 5234 2831 5289 licet
2912 5233 3109 5288 minori
3177 5228 3465 5288 venustate
3536 5235 3813 5305 fulgentem.

2282 5325 2557 5380 scribendi
2613 5326 2829 5379 modum
2880 5326 3307 5394 methodumque
3364 5334 3663 5385 sectantur,
3711 5315 3815 5374 mihi

2280 5432 2460 5485 neque
2486 5417 2539 5471 in
2571 5418 2840 5482 omnibus,
2894 5434 3012 5486 qua:
3064 5426 3378 5481 occurrunt,
3457 5413 3815 5486 quaestionibus

2282 5498 2470 5563 eadem
2503 5523 2659 5563 mens
2688 5519 2771 5564 est
2815 5509 3066 5578 idemque
3101 5509 3389 5579 judicium,
3444 5526 3625 5580 neque
3657 5516 3815 5573 scopus

2285 5602 2845 5673 meus(utpotelatius
2883 5618 3198 5665 excurrens,
3245 5602 3299 5656 in
3339 5602 3406 5657 iis
3460 5618 3592 5657 vero
3639 5593 3813 5671 poliSSi‘

2286 5749 2441 5803 Paris
2459 5759 2513 5804 et
2537 5749 2830 5821 deNancy,
2860 5749 3190 5821 professeur
3225 5751 3505 5805 d'histnire
3550 5752 3581 5807 5!
3625 5752 3671 5806 la
3715 5747 3813 5800 Suro

2281 5822 2482 5887 bonne,
2526 5821 2579 5874 2'
2596 5819 2823 5886 edition,
2858 5820 3024 5886 Paris,
3048 5822 3113 5874 Α.
3151 5819 3344 5885 Vaton,
3399 5822 3551 5877 1854.
