4022 6412
581 353 682 416 267

1708 346 1968 409 PHOTII
2006 345 2512 409 PATRIARCHE
2554 349 2643 410 CP

3716 349 3810 413 258

582 477 679 517 sua
742 464 987 515 vetustas
1046 448 1467 527 emendatioque
1502 455 1868 511 commendat.
1937 456 2153 511 Titulus
2180 464 2224 517 A
2255 456 2364 513 Leo
2396 457 2488 521 ΙΙΙ,
2516 455 2841 512 Benedicttis
2862 455 2956 523 Ill,
2980 454 3220 512 Joannes
3247 454 3364 511 VIII
3396 497 3411 519 .
3435 454 3707 512 Adrianus
3729 458 3811 514 ιιι.

582 551 762 623 operis
784 558 869 604 est
901 567 915 602 :
948 549 1085 619 Περὶ
1125 548 1220 602 τοῦ
1277 548 1435 616 ἁγίου
1479 548 1575 601 καὶ
1606 546 1871 611 ζωοποιοῦ
1900 548 2152 617 Πνεόμαο

581 661 674 706 τος
704 643 834 711 (15).
865 640 1069 711 Φώτιος
1116 639 1252 709 ἐλέῳ
1281 638 1416 691 Θεοῦ
1464 638 1761 700 ἐπίσκοπος
1810 639 2154 691 Κωνσταντι·

583 735 885 796 νουπῶιεως
915 732 1041 793 νέας
1085 730 1303 801 Ῥώμης
1335 729 1413 801 τῷ
1458 728 1741 799 ὀσιωτὰτῳ
1775 728 2155 801 εὐλαϐεστὰτῳ

584 826 871 895 ἑπισκόπῳ
902 824 1040 894 Βὲδᾳ
1073 823 1205 894 (16),
1234 823 1293 875 ὲν
1324 820 1514 892 Κυρίῳ
1554 820 1783 892 χαίρειν.
1830 822 1917 874 Ἔν
1945 822 2156 885 πολλοῖς

592 920 692 989 μέν
718 920 855 971 εἰσιν
904 918 952 969 οἱ
997 916 1237 984 ἔλεγχοι,
1261 932 1318 967 κ.
1357 930 1410 969 τ.
1449 914 1501 967 λ.
1536 912 1684 967 lllico
1714 912 1942 967 Photius
1970 912 2157 982 sophi-

587 1021 759 1065 smata
802 1018 1008 1078 scptem
1066 1022 1228 1076 supra
1297 1005 1518 1075 triginta
1570 1020 1669 1075 pro
1715 1019 1815 1059 suo
1868 1019 2055 1058 errore
2089 1004 2157 1059 de

584 1102 757 1155 sancti
789 1100 1026 1169 Spiritus
1058 1114 1089 1153 a
1129 1098 1246 1152 solo
1284 1095 1461 1151 Patrc-
1491 1096 1845 1165 processione
1878 1095 2153 1164 proponit,

582 1191 923 1261 qua-jamdiu
951 1188 1289 1258 sophismata
1322 1186 1379 1239 in
1415 1186 1620 1239 Graecia
1646 1185 1826 1238 Allatii
1856 1184 2155 1238 orthodoxa

584 1298 801 1337 necnon
870 1282 1012 1350 apud
1072 1280 1211 1333 alios
1280 1279 1567 1347 theologos
1632 1277 1866 1331 refutata
1932 1276 2153 1331 scimus.

586 1374 717 1428 Exin
736 1372 1021 1426 tricesimo
1068 1380 1264 1426 octavo
1295 1370 1535 1439 capitulo
1569 1368 1760 1437 obiicit
1795 1368 1898 1422 sibi
1931 1366 2156 1421 Photius

583 1463 731 1516 Pauli
755 1463 1013 1516 effatum;
1033 1460 1174 1515 Misit
1208 1461 1348 1514 Deus
1376 1459 1632 1528 Spiritum
1664 1457 1794 1511 Filii
1822 1459 1935 1522 sui,
1962 1457 2028 1512 de
2048 1471 2155 1527 quo

583 1554 729 1608 dicto
760 1553 1115 1607 ratiocinator
1151 1568 1321 1621 usque
1348 1551 1413 1605 ad
1438 1550 1909 1621 quadragesimum
1937 1550 2154 1603 tertium

583 1644 904 1713 capitulum.
957 1625 1092 1696 Esin
1147 1636 1462 1696 Latinorum
1527 1639 1784 1704 Patrum,
1844 1639 2153 1705 Ambrosii,

582 1734 872 1806 Augustini
921 1744 1087 1803 atque
1134 1732 1449 1801 Hieronymi
1485 1731 1650 1786 verba
1705 1732 1988 1787 sententiae
2041 1746 2154 1786 suae

587 1800 946 1895 repugnantia
970 1800 1155 1878 Grmce
1182 1800 1386 1892 profert
1418 1823 1553 1893 (l7),
1586 1838 1817 1891 quorum
1846 1824 2152 1877 auctoritati
2182 1800 2228 1858 Β

529 1949 532 1952 ~
586 1934 655 1972 ne
703 1918 1047 1986 acquiescat,
1102 1915 1334 1969 ridiculo
1377 1924 1430 1968 et
1484 1913 1790 1983 pernicioso
1837 1923 2157 1984 argumento

589 2010 778 2074 utitur,
826 2024 1023 2077 nempe
1060 2006 1206 2077 quod
1242 2007 1331 2061 alii
1376 2021 1594 2075 quoque
1649 2005 2005 2060 ecclesiastici
2054 2005 2156 2060 Pa-

588 2114 703 2157 tres
750 2116 943 2169 parum
974 2099 1325 2161 accurate,de
1345 2098 1467 2152 aliis
1497 2098 1654 2151 rebus
1677 2097 1951 2151 interdum
1987 2096 2156 2150 locuti

586 2192 819 2258 fuerint;
862 2206 1002 2261 quos
1057 2190 1200 2244 inter
1237 2188 1391 2258 ponit
1443 2188 1781 2243 Clementem
1814 2187 2153 2253 ltomanum,

590 2282 902 2353 Dionysium
933 2282 1112 2346 Δίρκη
1142 2280 1498 2343 Mcthodinm,
1534 2279 1870 2343 Pantaanum,
1903 2278 2155 2333 Clemen-

588 2383 696 2428 tem
740 2374 922 2437 Alex.,
972 2372 1231 2438 Pieriam,
1293 2370 1667 2440 Pamphilum,
1724 2370 2153 2442 Tlteognostum,

588 2464 874 2529 irenaaum,
922 2463 1267 2534 Hippolytum
1288 2504 1303 2529 ,
1356 2462 1612 2517 Basilium
1644 2480 1657 2517 :
1686 2462 1840 2532 quasi
1897 2478 2023 2517 vero
2055 2463 2157 2518 hac

585 2555 855 2610 sermonis
897 2555 1105 2609 ratione
1141 2553 1359 2608 Patrum
1403 2570 1572 2624 prope
1611 2554 1881 2609 universa:
1916 2555 2155 2607 auctori-

588 2647 686 2700 lati
732 2646 951 2715 impune
1010 2645 1264 2699 resistere
1320 2646 1780 2714 non'possimus.
1830 2642 1998 2697 Porro
2048 2658 2157 2695 non

587 2748 699 2801 tres
730 2738 850 2792 illos
870 2737 1045 2790 solum
1076 2735 1300 2789 Latinos
1333 2733 1539 2797 Patres.
1567 2735 1661 2789 sed
1686 2734 1985 2804 permultos
2007 2735 2159 2789 Grae-

587 2844 682 2883 cos
726 2828 1043 2881 orthodoxa:
1092 2826 1379 2881 sententia:
1405 2825 1605 2891 favere,
1638 2842 1762 2880 cum
1810 2827 2030 2880 aliunde
2064 2842 2160 2881 ex-

484 2956 493 2964 .
588 2922 859 2990 ploratum
889 2928 1007 2984 est,
1053 2929 1166 2972 tum
1216 2910 1445 2988 magnus
1498 2934 1691 2973 eorum
1733 2936 1994 2974 numerus
2032 2935 2159 2974 coa-

589 3022 840 3066 cervatur
875 3011 930 3064 in
960 3010 1223 3065 valicanis
1254 3009 1530 3065 codicibus
1563 3009 1687 3073 606,
1719 3026 1772 3080 p.
1796 3010 1900 3065 9&0
1927 3026 2066 3080 scq.,
2106 3020 2159 3065 et

2254 548 2567 618 (Nicolaum
2602 547 2647 615 Ι,
2685 547 2982 601 Adrianum
3032 546 3100 612 ll,
3150 555 3206 601 et
3250 546 3517 601 Marinum
3560 547 3605 613 Ι,
3636 556 3814 619 utpote

2253 640 2357 695 sibi
2391 639 2652 705 infensos,
2693 639 2884 693 reticet
2916 653 3082 708 pravo
3133 653 3233 694 nec
3264 653 3493 708 prorsus
3539 639 3815 696 tolerando

2253 731 2506 786 artificio.
2552 730 2766 801 Reapse
2807 730 3019 799 priores
3048 730 3186 785 duos
3218 731 3436 786 reticeri
3485 746 3514 784 a
3544 730 3815 789 Ph0tianis

2254 821 2442 876 solitos
2490 821 2735 890 queritur
2776 821 3005 875 Allatius
3043 821 3110 875 de
3152 836 3307 876 cons.
3350 838 3404 890 p.
3462 820 3624 889 590.)
3675 822 3814 877 Illam

2255 915 2418 970 etiam
2462 912 2771 983 clypeorum
2814 911 3182 965 Romanorum
3229 910 3605 982 famigeratam
3653 911 3815 965 histo-

2254 1008 2418 1071 riam,
2462 1007 2660 1077 quibus
2710 1005 3014 1076 symbolum
3061 1004 3385 1073 inscriptum
3430 1014 3570 1067 erat,
3609 1004 3815 1073 attingit

2255 1100 2483 1155 Photius
2516 1114 2571 1169 p.
2602 1096 2727 1162 512,
2754 1112 2919 1164 super
2947 1112 3050 1165 qua
3079 1095 3340 1166 legendus
3375 1096 3568 1149 saltem
3597 1095 3818 1149 Allatius

2254 1194 2323 1247 de
2350 1206 2505 1247 cons.
2543 1205 2599 1260 p.
2643 1188 2765 1253 580,
2807 1188 2904 1242 58l
2957 1196 3012 1242 et
3058 1196 3248 1242 contra
3303 1187 3647 1257 llotting..p.
3699 1186 3813 1241 418.

2255 1288 2385 1342 Post
2424 1284 2540 1338 haec
2578 1282 2780 1337 additis
2806 1280 2994 1350 paucis
3036 1278 3535 1349 epichercmatibus
3564 1278 3728 1333 finem
3755 1278 3817 1331 li-

2255 1376 2399 1433 bello
2436 1374 2665 1444 imponit
2688 1372 2819 1443 (18).

2328 1465 2421 1525 IV.
2458 1465 2585 1520 llaec
2625 1464 2809 1519 brevis
2854 1462 3125 1533 synopsis,
3159 1462 3288 1517 licet
3328 1477 3436 1516 non
3467 1462 3820 1531 undequaque

2255 1567 2507 1614 accurata
2560 1558 2763 1626 (neque
2801 1555 2948 1609 enim
3003 1556 3125 1609 aliis
3190 1555 3638 1626 gravioribusque
3683 1555 3820 1609 curis

2254 1657 2578 1717 occupatum
2595 1648 2773 1700 virum
2797 1646 3292 1701 eminentissimum
3318 1646 3546 1699 multum
3564 1646 3817 1715 temporis

2258 1737 2421 1806 hujus
2444 1736 2626 1806 aperis
2655 1735 2872 1789 lectioni
2908 1734 3163 1790 tribuisse
3182 1735 3513 1790 credendum
3535 1734 3662 1803 est),
3694 1736 3823 1789 satis

2259 1842 2437 1886 tamen
2470 1844 2607 1898 opus
2628 1837 2873 1882 nostrum
2899 1826 3162 1882 describit
3185 1827 3416 1896 ejusque
3446 1836 3819 1895 argumentum

2257 1922 2602 1977 determinat.
2636 1918 2711 1972 Ex
2745 1920 2830 1973 his
2850 1930 3109 1999 atqueex
3152 1918 3317 1973 variis
3348 1918 3527 1972 Photii
3561 1918 3822 1989 fragmen-

2257 2015 2347 2077 tis,
2374 2029 2494 2083 qua:
2523 2028 2589 2066 ex
2618 2012 2795 2065 Allatii
2824 2011 3164 2080 aliorumque
3205 2009 3621 2080 allegationibus
3666 2010 3819 2065 colle-

2255 2119 2436 2174 gerant
2468 2116 2696 2171 quaeque
2727 2116 2921 2171 magna
2960 2116 3026 2154 ex
3082 2109 3234 2170 parte
3291 2098 3609 2153 Monacensi
3650 2100 3818 2154 textui

2256 2192 2479 2246 omnino
2511 2191 2902 2261 congruebant.
2930 2189 3131 2244 certior
3164 2189 3322 2259 plane
3353 2189 3529 2243 factus
3554 2204 3700 2253 sum,
3725 2189 3821 2243 hoc

2257 2284 2313 2338 in
2338 2283 2526 2337 codice
2559 2281 2741 2336 Photii
2773 2281 2952 2351 ipsum
3008 2280 3159 2335 illum
3184 2280 3431 2335 exhiberi
3462 2281 3687 2343 librum,
3735 2280 3820 2349 qui

2256 2373 2413 2429 facile
2440 2373 2605 2427 latere
2650 2373 2744 2427 diu
2784 2381 3016 2443 poterat,
3042 2388 3152 2427 non
3204 2374 3380 2428 solum
3440 2374 3567 2443 quia
3612 2388 3735 2442 qua:
3772 2372 3820 2425 in

2258 2464 2526 2534 principio
2554 2462 2700 2517 afol.
2740 2462 2844 2517 449
2886 2463 3060 2517 tribus
3113 2462 3224 2516 fere
3278 2462 3489 2533 paginis
3548 2463 3821 2532 leguntur,

2253 2556 2362 2625 jam
2388 2555 2527 2623 typis
2564 2553 2776 2625 vulgata
2806 2562 2962 2619 eram
2993 2553 3159 2622 (quod
3217 2560 3397 2607 tamen
3430 2553 3574 2607 haud
3619 2552 3733 2607 scio
3759 2566 3825 2606 an

2258 2648 2441 2718 plures
2491 2646 3019 2714 animadverterint),
3079 2645 3365 2714 sequentia
3422 2654 3610 2698 autem
3678 2644 3822 2697 nullo

2258 2743 2425 2796 rubro
2456 2740 2714 2809 nullaque
2762 2737 3107 2793 luculentiori
3144 2738 3431 2806 scriptune
3480 2738 3816 2791 distinctiono‘

2259 2842 2463 2897 notata,
2494 2848 2618 2887 cum
2656 2832 2783 2886 novi
2829 2830 3011 2901 operis
3069 2828 3257 2883 titulus
3299 2828 3707 2898 inspieientium
3744 2827 3823 2882 fu-

2260 2935 2408 2998 geret
2434 2927 2642 2989 oculos,
2682 2924 2748 2978 ad
2806 2923 2949 2978 idem
3010 2921 3285 2992 pertinere
3331 2921 3594 2989 scriptum
3638 2935 3823 2973 cense-

2262 3018 2489 3081 bantur;
2520 3031 2709 3070 verum
2743 3030 2862 3068 eam
2888 3012 3069 3082 potius
3097 3012 3167 3067 ob
3199 3025 3441 3074 causam,
3475 3010 3603 3080 quia
3635 3008 3825 3062 biblio-

592 3101 751 3165 H15,
775 3118 828 3171 p.
862 3099 930 3156 46
965 3117 1078 3170 seq.
1103 3099 1237 3153 Exin
1278 3099 1506 3154 Photius
1539 3117 1569 3154 a
1601 3102 1843 3156 column.
1878 3103 1999 3156 cod.
2032 3118 2154 3172 pag.
2185 3143 2225 3200 C
2263 3110 2588 3181 εταριιοιιιιιιι
2635 3107 2806 3171 falsa},
2834 3116 2894 3160 ut
2930 3120 3029 3175 ego
3052 3113 3205 3173 puto,
3260 3100 3466 3155 notitia:
3500 3099 3555 3183 in
3588 3112 3823 3177 errorem

591 3193 699 3248 304
766 3192 954 3261 incipit
1010 3206 1295 3246 recensere
1344 3190 1617 3246 Romanos
1686 3192 2010 3257 Pontifices,
2065 3194 2154 3262 qui

593 3283 1000 3351 processiooem
1036 3282 1271 3351 Spiritus
1303 3282 1476 3336 sancti
1518 3283 1635 3337 sine
1666 3283 2031 3349 additamenta
2071 3284 2159 3337 Fi—

593 3376 765 3444 lioque
819 3373 1073 3426 dixerunt
1139 3372 1318 3441 (quod
1366 3383 1741 3443 argumentum
1808 3375 2034 3430 Allatius
2091 3377 2159 3430 dc

592 3480 744 3521 cons.
796 3480 852 3533 p.
886 3464 988 3518 585
1020 3464 1102 3517 vel
1146 3464 1249 3519 hoc
1285 3480 1393 3519 uno
1425 3480 1690 3534 responso
1729 3467 1860 3520 satis
1898 3466 2157 3533 infirmat,

592 3556 737 3626 quod
773 3555 826 3609 hi
873 3572 982 3609 non
1016 3554 1289 3609 dixerint:
1320 3573 1353 3608 a
1398 3555 1507 3610 solo
1553 3556 1733 3621 Patre,
1763 3557 1857 3611 sed
1891 3574 1923 3610 a
1963 3557 2157 3622 Putre,

593 3647 891 3716 etquidem
942 3654 1068 3700 ante
1110 3655 1293 3699 natam
1323 3651 1463 3700 hanc
1498 3647 1925 3700 controversiam
1954 3647 2032 3702 sic
2060 3647 2161 3717 ipsi

596 3746 707 3791 tute
746 3735 1167 3805 loquebantur).
1218 3734 1360 3789 Sunt
1406 3742 1589 3789 autem
1639 3735 1691 3789 hi
1726 3736 1871 3805 apud
1909 3736 2161 3790 Photium

596 3828 880 3898 pontifices
921 3844 936 3881 :
980 3826 1279 3889 Damasus,
1334 3825 1690 3889 Ctelestinus,
1739 3826 1848 3881 Leo
1906 3827 2161 3897 Magnus,

594 3919 850 3991 Vigilius,
900 3918 1148 3989 Agatho,
1192 3916 1485 3989 Gregorius
1534 3917 1799 3989 Magnus,
1839 3917 2161 3985 Zacharias,

670 4072 891 4145 (l5)7Ne
927 4074 1075 4129 hunc
1124 4074 1339 4129 titulum
1385 4074 1433 4128 ei
1462 4074 1835 4145 prarferamus,
1873 4089 2035 4144 quem
2062 4075 2166 4145 (ex

598 4144 719 4202 cod.
764 4144 949 4199 'Vatic.
991 4145 1167 4215 l923)
1215 4144 1495 4214 praeﬁxum
1543 4144 1706 4198 habet
1727 4145 1902 4215 editio
1946 4153 2163 4212 nostra,

600 4215 830 4270 suadent
862 4224 975 4268 tum
1001 4213 1230 4268 aliorum
1260 4214 1506 4268 codicum
1532 4213 1847 4279 auctoritas,
1879 4222 1993 4267 tum
2030 4230 2165 4268 con-

568 4285 785 4338 cilium
844 4299 895 4337 a.
941 4285 1078 4339 1156
1123 4284 1588 4352 Gonswntinopoli
1640 4284 1968 4337 celebratum
2004 4283 2164 4351 (Mai,

600 4353 1033 4433 Spieilcg._Ront.
1060 4361 1098 4407 t.
1129 4353 1197 4417 Χ,
1228 4369 1290 4433 ρ..
1311 4354 1380 4408 38
1408 4353 1591 4433 seq),
1627 4354 1770 4433 quod
1797 4354 2165 4433 testimonium

601 4423 1059 4493 profertgtl’wtfoo
1094 4423 1433 4492 πατριάρχου
1471 4424 1535 4474 ὲκ
1570 4423 1664 4475 τοῦ
1694 4423 1871 4493 λόγου
1901 4425 2027 4493 περὶ
2068 4424 2167 4492 τῆς

600 4490 695 4545 ἶποῦ
734 4490 887 4559 ἁγίου
924 4490 1241 4562 Πνεύματος
1275 4490 1661 4562 μυᾲταγωγίας
1691 4492 1744 4545 in
1774 4490 2165 4562 nostro'opere

599 4571 921 4616 contentum
968 4561 1112 4630 (vide
1148 4561 1283 4630 cap.
1320 4561 1410 4624 27,
1468 4571 1581 4615 tum
1630 4562 1827 4615 Nicetze
1883 4561 2163 4615 Cboniatm

600 4630 847 4706 allegatio
877 4631 1218 4706 i_n__Lau_rent.
1254 4630 1407 4706 bibl;
1419 4631 1553 4706 plut.
1582 4630 1672 4696 IX,
1700 4631 1941 4706 cod‘24.
1976 4646 2031 4701 p.
2059 4632 2164 4686 582

600 4648 847 4701 auegauo
877 4648 931 4684 ιιι
960 4648 1218 4685 Laurent.
1254 4648 1386 4684 thl.
1459 4648 1489 4684 ιι

600 4700 853 4771 (Bandin.
888 4700 1016 4755 bibl.
1057 4701 1219 4771 Laur.
1254 4648 1489 4771 p.433).

670 4770 781 4840 (l6)
824 4769 997 4839 Supra
1046 4769 1173 4840 βέδᾳ
1203 4767 1459 4840 scribitur
1483 4767 1729 4840 ﬁdlem.
1771 4768 1909 4823 Tum
1961 4784 2016 4839 p.
2058 4770 2163 4824 300

598 4838 716 4909 seq.
762 4838 996 4901 constat.
1023 4838 1171 4893 hunc
1224 4838 1421 4909 Bcdam
1474 4838 1641 4909 fuisse
1697 4838 2060 4894 orthodoxam
2108 4849 2165 4895 et

597 4906 880 4979 Pltotianis
918 4910 1164 4979 partibus
1190 4906 1587 4979 adfct'satttcm.
1628 4908 1740 4979 imo
1776 4918 1829 4962 et
1874 4919 2161 4979 tractatum

602 4981 675 5051 fle
703 4975 1128 5051 Spiritussancti
1166 4975 1382 5051 _a_Fitio
1427 4978 2093 5051 processionescripsisse.
2134 4999 2152 5032 ι

596 5049 671 5102 II.
710 5082 772 5091 —
800 5048 1083 5117 Inscriptio
1114 5048 1179 5101 ad
1202 5047 1401 5100 Bedam
1432 5048 1663 5117 deestin
1692 5048 1812 5102 aliis
1843 5047 2155 5113 codicibus;

598 5135 629 5171 a
659 5117 865 5171 Joanne
905 5116 1086 5172 autem
1137 5117 1310 5171 Becco
1350 5118 1550 5171 citatur
1594 5116 1745 5171 locus
1791 5118 1933 5171 idem
1974 5118 2061 5172 ille
2095 5119 2163 5173 de

599 5186 811 5242 Joanne
836 5185 972 5252 Vlll,
1005 5188 1070 5242 ad
1099 5204 1259 5257 quem
1303 5202 1469 5256 supra
1525 5196 1859 5257 provocarat;
1883 5186 2076 5252 Maius,
2104 5198 2163 5243 ut

604 5268 825 5328 exstans
875 5258 932 5309 ὲν
960 5260 1071 5328 τοῖς
1108 5255 1245 5328 aps,—
1274 5255 1553 5328 ίΕὺοέϐιον
1593 5256 1777 5328 λόγοις
1821 5255 1962 5328 (Lib.
1992 5273 2071 5324 ιιι,
2096 5258 2161 5313 ad

605 5322 958 5397 Theodorum
998 5322 1167 5397 Sugd.
1201 5327 1369 5396 episc.
1412 5343 1461 5381 c.
1497 5326 1530 5379 4
1575 5322 1740 5383 om.
1772 5322 1973 5397 art/rod.
2004 5322 2065 5380 ιζ
2092 5328 2158 5393 ll,

604 5413 665 5520 Ρ.
700 5397 819 5461 158,
852 5395 992 5475 139).
1022 5395 1285 5451 Praeterea
1315 5411 1461 5461 eum,
1492 5412 1666 5477 quem
1691 5396 1931 5477 Photius
1977 5397 2077 5477 hoc
2110 5399 2163 5451 in

627 5466 745 5520 ibro
772 5466 1080 5520 alloouttur.
1126 5474 1412 5520 tractatum
1445 5481 1545 5520 nro
1577 5465 1811 5520 Spiritus
1839 5474 2010 5519 sancti
2038 5482 2163 5520 nro-

627 5466 745 5521 ibro
772 5466 1080 5536 alloquitur.
1126 5474 1412 5521 tractatum
1445 5481 1545 5536 pro
1577 5465 1811 5535 Spiritus
1839 5466 2010 5519 sancti
2038 5482 2165 5536 pro—

601 5537 901 5607 cessionea
931 5534 1067 5589 Filio
1099 5534 1490 5605 composuisse,
1521 5536 1702 5607 negari
1737 5550 1848 5590 non
1885 5534 2163 5607 immerito

597 5615 797 5685 potest.
826 5602 1322 5685 _l:i_am.tum_in'fine
1351 5615 1463 5659 tum
1494 5606 1547 5685 in
1576 5602 1697 5685 ipso
1732 5605 2163 5685 exordiooperis

597 5674 795 5731 asserit
825 5674 1071 5746 Photius,
1106 5676 1251 5730 hunc
1274 5692 1302 5729 a
1333 5690 1393 5730 se.
1424 5674 1682 5746 petiviSse
1730 5675 2162 5746 confutationem

598 5747 865 5818 dogmatis
896 5745 1210 5803 Latinorum
1240 5755 1295 5803 et
1316 5744 1482 5804 verba
1508 5746 1620 5814 illa,
1652 5760 1771 5816 qua:
1796 5747 1953 5803 toties
1978 5744 2031 5801 in
2058 5744 2162 5803 dis-

2259 3201 2479 3255 obvium
2510 3200 2577 3254 de
2610 3198 2715 3253 alio
2747 3198 2971 3253 omnino
2996 3194 3174 3255 Photii
3211 3201 3445 3248 tractatu
3474 3182 3820 3246 inducebant.

2260 3292 2432 3359 Quem
2460 3290 2605 3346 cnim
2636 3290 2722 3345 isti
2758 3290 2869 3359 (l9)
2903 3294 3195 3343 recensent
3235 3285 3413 3339 Photii
3448 3283 3647 3338 librum
3690 3281 3824 3334 κατὰ

2260 3384 2506 3438 Λατίνων
2544 3384 2671 3453 περὶ
2696 3383 2789 3435 τοῦ
2820 3382 3134 3449 Πνεύματος
3162 3378 3319 3447 ἁγίου
3372 3377 3531 3446 cujus
3563 3375 3777 3429 initium
3807 3391 3822 3427 :

2240 3476 2358 3539 ςΤίς
2385 3476 2520 3538 ὅλως
2552 3475 2840 3544 ἀνάσχοιτο
2883 3471 2993 3524 τῶν
3040 3473 3098 3524 ἐν
3150 3471 3499 3539 Χριστιανοῖς
3531 3465 3825 3520 τελούντων

2263 3569 2355 3622 ἐπὶ
2390 3567 2488 3637 τῆς
2526 3566 2686 3634 ἁγίας
2723 3564 2955 3635 Τριάδος
2981 3562 3075 3616 δύο
3122 3562 3366 3629 εἰσάγειν
3416 3561 3585 3622 αἴτια,
3633 3558 3826 3628 quibus

2263 3657 2453 3712 iisdem
2488 3656 2688 3720 verbis,
2725 3655 2801 3708 uti
2834 3654 3069 3708 diximus
3099 3652 3145 3723 (ς
3180 3652 3260 3723 2),
3312 3652 3504 3721 incipit
3552 3650 3733 3703 Photii
3764 3650 3824 3704 de

2264 3746 2453 3801 eadem
2511 3745 2736 3799 materia
2789 3744 3186 3815 argumentatio
3240 3743 3295 3797 in
3356 3744 3519 3811 epist.
3577 3741 3634 3803 2,
3697 3739 3825 3794 edit.

2266 3838 2522 3902 Londin.,
2554 3853 2678 3892 eum
2738 3837 2824 3890 vix
2859 3836 3189 3906 peculiarem
3229 3834 3475 3904 ejusdem
3512 3831 3828 3903 patriarcha:

2266 3928 2451 3982 haberi
2472 3943 2627 3997 posse
2645 3934 2953 3990 tractatum,
2978 3926 3071 3980 sed
3091 3932 3300 3994 partem
3322 3937 3443 3977 esse
3462 3936 3530 3976 ex
3551 3922 3654 3975 hac
3674 3935 3829 3989 ency-

2266 4076 2545 4149 putatione
2597 4085 2907 4149 recurrunt,
2940 4086 3030 4129 tua
3067 4076 3413 4145 sophismata,
3443 4076 3830 4149 tuauimpietos,

2266 4146 2528 4214 uecordia,
2546 4157 2675 4210 ctc.,
2708 4147 2761 4199 in
2790 4162 2987 4213 genere
3012 4155 3335 4200 assertorem
3365 4146 3663 4214 quemlibet
3692 4146 3830 4198 illius

2268 4212 2530 4273 doctrinai
2590 4212 2908 4284 respiciunt,
2934 4232 3093 4283 quem
3142 4212 3419 4269 oratorum
3476 4214 3829 4284 moreveluti

2268 4287 2368 4342 sibi
2405 4282 2724 4355 praesentem
2771 4282 2998 4339 Photius
3053 4286 3223 4355 fingit,
3253 4300 3363 4355 non
3408 4300 3538 4338 vero
3584 4282 3652 4337 ad
3710 4300 3828 4355 cum

2267 4354 2566 4427 pertinent,
2599 4355 2691 4424 qui
2721 4355 2916 4409 librum
2948 4356 3069 4427 ipse,
3105 4354 3289 4427 mittit.
3322 4354 3513 4427 Neque
3562 4354 3630 4407 ad
3680 4354 3829 4407 aliter

2270 4424 2617 4481 statuendum
2658 4440 2759 4478 nos
2791 4433 2987 4493 cogunt
3018 4424 3127 4489 illa,
3159 4426 3224 4477 ad
3256 4441 3376 4493 quae
3410 4425 3587 4477 Maius
3636 4438 3827 4493 provo-

2196 4486 2241 4542 Ι)
2267 4506 2354 4550 cat
2406 4494 2679 4563 (Column.
2711 4494 2831 4548 cod.
2858 4486 2920 4563 p.
2947 4494 3071 4548 500.
3115 4486 3241 4548 scil.
3272 4486 3403 4563 'cap.
3454 4493 3563 4561 70),
3599 4486 3829 4563 auctoris

2265 4561 2453 4627 verba,
2485 4578 2606 4632 quae
2637 4563 2828 4617 eodem
2861 4561 3020 4633 pacto
3059 4566 3191 4618 satis
3237 4561 3524 4618 commode
3574 4561 3825 4633 explicari

2302 4642 2512 4689 ossunt.

2264 4650 2592 4773 Ροῗῗεῆὶὲοιι
2624 4702 2754 4758 citat
2782 4701 3005 4756 Photius
3034 4704 3223 4757 horum
3247 4702 3467 4756 Patrum
3498 4710 3701 4766 textus,
3737 4700 3824 4755 sed

2268 4774 2447 4844 potius
2478 4772 2653 4844 variis
2676 4788 2742 4826 ex
2768 4773 3072 4844 rationibus
3095 4781 3339 4844 textuum
3365 4773 3746 4844 auctoritatem
3774 4780 3823 4823 ct

2266 4841 2602 4898 authentiam
2642 4842 2945 4910 impugnat.
2979 4842 3175 4897 ‘Unius
3200 4842 3441 4910 Gregorii
3490 4841 3559 4894 M.
3587 4843 3822 4893 testimo-

2266 4914 2416 4967 nium
2438 4909 2752 4980 explicitum
2783 4909 2962 4977 affert,
2980 4912 3227 4967 versione
3260 4909 3441 4966 tanien
3486 4911 3557 4963 ab
3583 4910 3822 4981 originali

2268 4990 2415 5039 textu
2438 4982 2743 5035 differente.
3136 5013 3143 5020 -

2338 5053 2449 5122 (18)
2484 5050 2540 5122 ιιι
2571 5052 2928 5122 sequentibus
2955 5050 3126 5122 Maius
3168 5066 3233 5105 ea
3263 5051 3490 5122 profert,
3519 5066 3642 5118 qure
3690 5050 3822 5122 Rbo-

2266 5117 2374 5175 tius
2400 5117 2801 5189 p’erhonorifice
2832 5121 2959 5175 dicit
2984 5122 3051 5175 de
3096 5117 3348 5184 Damaso,
3378 5117 3561 5175 Leone
3612 5122 3654 5181 l,
3694 5117 3825 5187 Vigi-

2265 5191 2357 5261 lio,
2377 5190 2677 5261 Agathone,
2704 5190 2959 5261 Gregorio
2985 5191 3024 5256 Ι,
3067 5190 3348 5261 Ζιιςίιιιιοὶει,
3386 5191 3565 5258 Leone
3596 5190 3822 5261 iuniore,

2265 5258 2559 5315 Benedicto
2594 5259 2679 5325 Ill,
2705 5258 2867 5329 atque
2882 5260 3092 5315 Joanne
3152 5258 3285 5325 Vlll,
3312 5260 3539 5314 summis
3560 5259 3824 5328 pontifici-

2264 5330 2387 5394 bus,
2413 5340 2467 5384 et
2503 5330 2558 5382 in
2585 5330 2651 5385 iis
2703 5331 3585 5411 pptissimum"immoraturnquae
3634 5329 3701 5409 de
3732 5330 3825 5382 hoc

2266 5409 2540 5470 postremo
2572 5399 2825 5468 pontifice
2848 5401 3029 5454 habet.
3060 5401 3167 5470 Sed
3186 5401 3376 5470 harum
3395 5399 3823 5470 Observationum

2266 5466 2505 5540 potiores
2548 5466 3007 5540 accommodatius
3060 5469 3161 5537 ipsi
3198 5468 3467 5524 Pbotiano
3496 5468 3668 5521 textui
3694 5466 3823 5522 infra

2266 5539 2621 5609 apponendas
2649 5554 2771 5593 esse
2788 5541 3145 5609 censuimus,
3529 5587 3532 5589 λ
3708 5572 3735 5609 ῖς

2336 5606 2473 5679 (19)
2504 5608 2756 5679 Lambec.
2816 5609 3075 5663 Biblioth.
3119 5608 3319 5664 Cresar.
3374 5619 3416 5669 t.
3464 5608 3553 5671 Ill,
3607 5625 3660 5679 p.
3706 5606 3821 5679 59f.

2266 5678 2377 5750 ξοδ,
2412 5675 2500 5733 ed.
2527 5678 2767 5750 iKollar.
2794 5679 3096 5743 Fabricius,
3127 5679 3267 5750 Bibl.
3311 5679 3403 5738 Gr.
3451 5681 3547 5737 lib.
3573 5675 3627 5750 γ,
3661 5694 3711 5735 c.
3740 5675 3825 5739 55»

2266 5747 2405 5818 ξιδ,
2442 5763 2500 5804 ιι.
2526 5749 2594 5817 5;
2630 5757 2669 5804 t.
2703 5747 2793 5818 XI,
2832 5750 2976 5820 p.29
3012 5750 3099 5806 ed.
3130 5748 3279 5807 llarl.
