4022 6428
282 418 399 487 269.

890 414 987 474 DE
1027 418 1087 477 S.
1131 412 1488 474 SPIRITUS
1515 408 2019 487 MYSTAGOGIA.
2047 432 2115 441 -υ
2140 407 2202 468 J.
2242 406 2480 471 HERG.
2511 406 2929 468 PRI‘EFATIO.

3426 401 3533 466 270

284 532 421 584 clica
447 528 781 597 decerptam,
813 525 1009 579 additis
1040 523 1311 577 interdum
1354 520 1635 575 nonnullis
1658 536 1721 574 ex
1744 520 1863 574 aliis
1890 522 1941 579 Α
1968 517 2042 571 illi
2069 534 2083 584 ;
2134 516 2435 587 sphalmata
2483 517 2834 571 amanuensis
2878 517 3009 571 hinc
3052 516 3257 585 pariter
3292 525 3536 570 correcta

280 622 529 691 ejusdem
577 614 1067 677 lucubrationibus,
1125 614 1237 680 jam
1288 611 1495 681 pridem
1546 611 1855 681 suspicatus

280 712 534 774 fueram;
572 704 813 776 suspicio
866 719 1016 767 vero,
1054 702 1190 756 mihi
1246 703 1459 763 saltem,
1501 702 1554 754 in
1588 716 1856 755 summam

280 802 717 873 probabilitatem
750 797 983 860 transiit,
1024 810 1148 848 cum
1198 810 1306 847 non
1351 794 1525 847 solum
1575 794 1857 862 primatum

281 892 687 952 Monacensem,
724 887 818 942 sed
852 896 906 941 et
949 886 1099 939 illum
1132 885 1309 955 ipsum
1357 882 1854 947 Vindobonensem,

279 985 549 1047 codicem,
584 981 675 1035 cui
722 979 837 1033 fere
886 978 985 1033 soli
1022 977 1360 1030 innitebatur
1398 974 1631 1029 Fabricii
1682 990 1861 1028 asser-

282 1078 360 1129 tio
404 1074 537 1144 (20),
569 1072 981 1143 perlustrassem
1005 1068 1219 1138 aliaque
1254 1067 1448 1122 indicia
1484 1066 1861 1136 deprehende-

282 1182 422 1230 rem,
473 1181 594 1235 qua:
622 1164 766 1218 idem
795 1163 861 1217 de
914 1160 1192 1215 nonnullis
1233 1175 1453 1230 quoque
1490 1159 1611 1213 aliis
1650 1159 1859 1213 codici-

280 1259 385 1312 bus
414 1258 524 1328 (2i)
552 1257 838 1310 dicendum
865 1270 985 1309 esse
1014 1253 1338 1308 conllrmare
1362 1252 1702 1306 videbantur.
1726 1252 1861 1307 llinc

281 1366 351 1404 ex
381 1348 769 1402 Photianorum
805 1360 1031 1415 operum
1070 1344 1311 1415 catalogo
1344 1344 1612 1414 ejusmodi
1659 1346 1861 1398 librum

278 1438 708 1505 expungendum
734 1451 956 1490 censeo.
1618 1444 1631 1455 ’
1793 1481 1797 1485 .

357 1527 426 1583 Υ.
459 1527 564 1583 Sed
593 1529 659 1581 a'd
687 1542 801 1581 rem
829 1536 1071 1581 nostram
1111 1535 1474 1581 revertamur.
1511 1525 1860 1580 Monacensis

279 1622 481 1685 codex,
510 1619 588 1673 uti
626 1620 831 1673 dictum
858 1628 962 1684 est,
980 1634 1090 1673 non
1113 1627 1288 1672 totum
1312 1616 1491 1672 Photii
1514 1619 1710 1671 librum
1729 1634 1865 1688 sup-

281 1710 531 1782 peditat;
568 1710 772 1764 desinit
806 1709 902 1774 ibi,
936 1708 1028 1763 ubi
1060 1710 1388 1778 respondere
1421 1719 1649 1763 conatur
1670 1709 1861 1762 ad'ar-

281 1813 605 1875 gumentnm
633 1816 697 1856 ex
730 1791 1024 1866 Ambrosii,
1047 1801 1357 1871 Hieronymi
1382 1811 1543 1871 atque
1572 1801 1860 1872 Augustini

280 1892 613 1947 auctoritate
643 1893 895 1961 petitum,
934 1891 1165 1961 praecise
1203 1906 1327 1945 eum
1355 1891 1410 1944 in
1444 1891 1620 1945 locum
1646 1933 1661 1957 ,
1697 1907 1858 1962 quem

282 1999 405 2053 cap.
447 1982 512 2037 67
551 1982 881 2045 notavimus,
913 1981 1005 2035 ubi
1037 1996 1157 2050 cap.
1188 1983 1257 2036 54
1303 1982 1392 2037 ille
1418 1983 1697 2037 exorditur
1724 1982 1857 2053 (22).

280 2075 420 2141 Quae
451 2075 689 2144 igiturin
720 2082 908 2128 nostro
935 2074 1124 2128 codice
1154 2073 1407 2139 deerant,
1438 2089 1500 2128 ea
1534 2090 1600 2129 ex
1629 2074 1768 2139 a‘liis,
1799 2088 1864 2129 ac

281 2165 589 2234 praesertim
614 2177 679 2217 ex
712 2161 1007 2224 Vaticanis,
1043 2162 1341 2231 supplenda
1371 2162 1645 2232 simulque
1680 2172 1862 2217 textus

268 2255 634 2311 collationem
676 2254 1063 2308 instituendam
1101 2267 1280 2323 Operae
1307 2253 1541 2321 pretium
1566 2254 1720 2309 duxi.
1754 2236 1864 2309 Sed

282 2361 412 2398 eum
450 2343 675 2398 Romam
704 2344 856 2397 adire
878 2359 987 2396 non
1007 2357 1244 2412 possem,
1270 2342 1500 2396 aliorum
1526 2342 1603 2396 uti
1630 2342 1865 2413 cogebar

280 2449 459 2505 opera
509 2444 563 2489 et
624 2435 915 2488 industria.
969 2432 1128 2487 Viros
1203 2440 1384 2487 tamen
1440 2434 1864 2489 humanissimos

285 2538 485 2583 nactus
518 2543 661 2593 sum,
701 2528 794 2597 qui
824 2526 897 2581 ibi
933 2541 1155 2579 manum
1200 2524 1352 2595 operi
1403 2524 1765 2579 admoverunt
1810 2531 1866 2578 et

286 2630 583 2689 utrumque
633 2619 829 2689 partim
853 2619 1044 2672 labore
1087 2616 1310 2687 proprio
1352 2617 1555 2686 partim
1596 2631 1698 2685 per
1726 2615 1863 2669 scri-

286 2725 506 2782 ptorem
528 2712 603 2765 rei
621 2712 751 2765 satis
772 2726 998 2782 gnarum
1021 2709 1252 2763 libenter
1269 2709 1658 2777 prtestiterunt.
1687 2708 1864 2776 Atque

281 2804 567 2859 adhibitus
597 2803 650 2856 in
684 2802 874 2872 primis
914 2801 1015 2856 luit
1049 2801 1217 2856 codex
1254 2800 1550 2855 Vaticanus
1578 2800 1734 2865 i925,
1768 2798 1863 2868 qui

282 2908 453 2953 antea
484 2897 678 2951 Lollini
721 2896 917 2962 fuerat,
951 2897 1146 2953 Allatio
1175 2899 1314 2952 bene
1353 2905 1537 2961 notus,
1570 2896 1708 2950 idem
1748 2894 1857 2959 ille,

282 3008 353 3046 ex
382 3008 490 3060 quo
519 2989 885 3059 Amphilochia
917 2989 1090 3044 edidit
1132 2989 1302 3043 Maius
1332 3028 1347 3051 ,
1392 2988 1754 3058 Bombycinus
1798 3004 1863 3044 ac

283 3082 472 3137 saeculi
506 3080 677 3135 ferme
709 3096 828 3146 xiii,
878 3081 1157 3152 eleganter
1179 3080 1405 3133 omnino
1443 3080 1679 3149 scriptus
1708 3080 1858 3150 (25);

1888 1854 1935 1913 B

1961 615 2108 671 sunt,
2142 606 2428 675 in,quibus
2456 606 2700 676 quendam
2735 618 2891 661 erant
2920 622 3141 660 sensum
3172 606 3395 661 omnino
3416 622 3541 676 per-

1963 700 2275 766 turbantia;
2334 708 2419 753 ter
2468 700 2688 755 circiter
2749 700 2990 770 integras
3045 700 3219 753 lineas
3278 700 3538 753 omiserat

1960 778 2196 861 scriptor
2224 791 2314 846 ille
2343 791 2526 845 saeculi
2551 807 2642 856 xv,
2673 800 2733 846 ιιι
2754 791 3004 856 videtur,
3050 790 3306 844 exeuntis
3336 792 3417 844 vel
3446 807 3536 843 xvi

1961 881 2219 936 ineuntis.
2254 882 2405 948 Adeo
2435 898 2565 937 vero
2590 898 2649 936 se
2686 884 3104 937 commendabat
3126 882 3302 937 Vatic.
3333 892 3535 947 textus,

1962 984 2023 1029 ut
2050 974 2269 1028 nonnisi
2311 975 2660 1044 paucissimis
2694 975 2749 1028 in
2788 976 2921 1029 locis
2958 976 3026 1030 ab
3057 991 3124 1030 eo
3169 976 3538 1031 recedendum

1962 1079 2084 1119 esse
2109 1065 2207 1119 rati
2244 1064 2436 1133 simus.
2475 1066 2613 1120 Huic
2651 1067 2833 1137 itaque
2884 1068 3050 1121 textui
3085 1069 3383 1137 generatim
3417 1070 3544 1123 ado-

1961 1164 2118 1227 ptato
2147 1156 2428 1211 variantes
2463 1158 2725 1213 lectiones
2753 1168 2864 1214 tum
2907 1160 2961 1212 in
3004 1158 3217 1214 Monac.
3253 1168 3309 1215 et
3343 1161 3537 1225 Palat.,

1963 1255 2076 1302 tum
2111 1247 2332 1303 aliunde
2364 1259 2593 1318 reperta:
2638 1250 2900 1319 appositae
2943 1250 3133 1316 luere;
3167 1252 3541 1322 interpunctio

1962 1357 2062 1412 pro
2096 1342 2508 1411 opportunitate
2546 1344 2842 1397 constituta
2869 1382 2884 1407 ,
2917 1343 3191 1397 scribendi
3223 1359 3339 1398 mos
3383 1344 3541 1399 hodie

1965 1432 2199 1487 usitatus
2231 1432 2554 1503 regulariter
2575 1416 2825 1487 servatus
2862 1441 2967 1496 est,
3000 1432 3054 1486 in
3082 1434 3272 1502 paucis
3301 1443 3544 1487 tantum»

1964 1525 2126 1579 modo
2170 1524 2256 1578 vel
2301 1524 2523 1593 majoris
2570 1524 2974 1595 perspicuitatis
3008 1525 3093 1578 vel
3137 1526 3546 1580 commoditatis

1964 1615 2136 1685 gratia
2183 1615 2268 1669 vel
2312 1616 2382 1670 ob
2418 1616 2555 1669 alias
2605 1616 2738 1670 satis
2799 1615 2989 1669 obvias
3046 1615 3287 1670 rationes
3348 1617 3545 1671 dereli-

1967 1716 2091 1761 ctus
2105 1707 2248 1777 (24).
2278 1708 2609 1789 Divisionem
2640 1708 2877 1778 capitum
2900 1723 3099 1762 novam
3127 1708 3540 1771 adornavimus,

1967 1800 2197 1856 retentis
2254 1801 2397 1856 inter
2452 1815 2625 1854 uncos
2678 1800 2954 1870 capitibus
3002 1799 3208 1855 codicis
3253 1800 3540 1861 Vaticani.

1965 1889 2141 1960 iisque
2179 1888 2382 1945 Graecis
2414 1890 2663 1943 numeris
2699 1889 2997 1960 designatis
3046 1889 3179 1959 (25).
3228 1890 3287 1944 ln
3332 1891 3543 1961 prolixa

1964 1982 2053 2035 illa
2084 1982 2153 2037 de
2174 1980 2351 2036 Galat.
2386 1998 2459 2041 iv.
2491 1981 2545 2047 6,
2570 1982 2712 2036 sicut
2741 1982 2797 2035 in
2831 1981 3086 2051 sequenti
3117 1983 3183 2037 de
3207 1982 3414 2037 Latinis
3440 1981 3544 2036 Pa-

1966 2072 2142 2127 tribus
2164 2073 2559 2143 disputatione,
2595 2070 2889 2127 Vaticanus
2914 2073 3074 2128 novis
3104 2088 3318 2127 rursum
3352 2073 3547 2129 litteris

1968 2162 2339 2233 paragraphos
2367 2163 2716 2231 distinxerat,
2742 2180 2866 2235 quae
2894 2164 3103 2235 pariter
3140 2163 3196 2219 in
3214 2163 3323 2241 hac
3349 2164 3545 2220 editio-

1965 2271 2035 2310 ne
2070 2254 2294 2310 servatae
2321 2255 2497 2311 luere.
3516 2306 3524 2313 .

2039 2345 2128 2400 Vl.
2158 2346 2295 2401 illud
2331 2362 2462 2400 vero
2492 2346 2727 2403 maxime
2760 2347 3038 2415 ingratum
3083 2356 3222 2414 erat,
3256 2350 3400 2419 quod
3438 2349 3546 2405 Co-

1966 2435 2311 2491 lumnensem
2339 2436 2585 2491 codicem
2639 2438 2707 2491 ab
2733 2437 2803 2492 Α.
2838 2438 2977 2493 Maio
3000 2439 3307 2494 adhibitum
3348 2442 3544 2496 saltem

1966 2528 2197 2581 aliorum
2231 2543 2395 2597 opera
2444 2529 2733 2582 consulere
2783 2529 2969 2582 datum
3015 2545 3127 2583 non
3170 2543 3305 2585 erat.
3367 2531 3544 2601 Hujus

1967 2618 2113 2672 enim
2138 2633 2428 2672 numerum
2458 2617 2752 2673 cardinalis
2780 2619 2925 2673 haud
2959 2619 3266 2685 indicarat,
3311 2637 3542 2691 qumque

1966 2709 2098 2763 mihi
2126 2709 2210 2763 bis
2240 2725 2304 2764 ac
2328 2711 2488 2765 tertio
2517 2710 2750 2769 sollicite
2783 2727 2884 2781 per
2909 2712 3121 2767 litteras
3149 2714 3449 2783 requirenti
3473 2730 3543 2769 ex

1966 2801 2125 2856 codd.
2150 2801 2402 2857 Column.
2423 2802 2600 2856 indice
2618 2803 3014 2864 referebantur,
3033 2818 3184 2873 Spem
3210 2804 3427 2873 penitus
3440 2821 3542 2858 au-

1964 2891 2213 2946 ferebant
2230 2892 2345 2947 lore
2365 2899 2424 2946 ut
2441 2893 2535 2946 ille
2557 2909 2678 2947 mox
2698 2894 2876 2948 adhuc
2896 2894 3197 2967 detegatur.
3228 2892 3337 2949 llac
3360 2894 3541 2965 itaque

1965 2999 2061 3053 spe
2106 2985 2354 3053 deposita
2399 2985 2624 3039 editioni
2655 2986 2792 3040 liber
2815 2987 3104 3042 mandatus
3149 2998 3250 3051 est.
3286 3005 3386 3043 nec
3410 2990 3538 3044 dius

1965 3074 2448 3129 tiuscunetandum
2471 3074 2794 3139 existimavi,
2816 3076 3112 3145 praesertim
3133 3093 3255 3132 cum
3286 3078 3405 3133 alia:
3450 3096 3539 3134 me

281 3174 487 3229 deinde
539 3158 817 3225 Palatinus
855 3172 923 3226 ab
969 3171 1162 3227 iisdem
1214 3170 1388 3225 doctis
1432 3171 1563 3224 viris
1611 3170 1861 3226 laudatus
1886 3194 1930 3257 ρ
1965 3181 2108 3221 curae
2133 3166 2201 3219 ab
2236 3167 2339 3220 hoc
2371 3166 2508 3222 libro
2529 3178 2837 3231 avocarent,
2865 3169 3031 3237 digno
3066 3178 3245 3226 tamen
3274 3172 3535 3239 omnino,

284 3266 338 3334 (ᾗ
360 3266 439 3331 5),
470 3264 561 3332 qui
592 3262 681 3316 illo
712 3262 890 3316 adhuc
913 3262 1073 3331 paulo
1093 3261 1371 3331 antiquior
1390 3277 1511 3315 esse
1532 3260 1726 3315 fertur.
1760 3260 1863 3317 ita-

280 3370 397 3424 que
416 3354 683 3421 priorem,
723 3367 950 3421 eamque
995 3351 1256 3420 majorem
1292 3353 1469 3421 operis
1502 3361 1711 3420 partem
1753 3362 1864 3407 tres

284 3445 507 3499 codices
534 3444 984 3513 suppeditarunt;
1020 3442 1311 3496 Vaticanus
1332 3459 1454 3497 cum
1474 3442 1684 3497 Monac.
1711 3451 1858 3496 textu

282 3519 454 3597 aiue,
494 3543 556 3587 ut
608 3549 735 3588 vere
779 3533 967 3588 testari
1007 3547 1228 3603 possum
1260 3572 1276 3597 ,
1331 3547 1492 3603 quam
1546 3533 1861 3588 ﬁdelissime

283 3626 566 3696 exscripto
611 3628 841 3680 collatus
869 3625 974 3680 fuit
1019 3642 1083 3680 ac
1128 3624 1407 3703 Palatinus
1450 3625 1505 3678 in
1553 3625 1860 3680 subsidium

285 3726 545 3782 vocatus;
600 3716 798 3770 deinde
844 3716 1117 3786 posterior
1163 3730 1290 3785 pars
1342 3730 1408 3769 ex
1446 3713 1620 3770 Vatic.
1666 3717 1859 3771 eodem

287 3810 331 3864 ΐ.
352 3810 458 3863 205
490 3810 544 3863 b.
572 3839 642 3848 —
670 3808 775 3862 208
803 3809 858 3862 b.
892 3814 1209 3878 deprompta
1230 3816 1332 3872 est,
1358 3823 1481 3862 cum
1512 3824 1621 3876 quo
1642 3796 1859 3862 rursum

286 3900 675 3954 conferebatur
708 3899 1006 3954 Palatinus.
1050 3900 1241 3953 Mirum
1292 3900 1347 3953 in
1389 3899 1610 3954 modum
1644 3900 1751 3954 duo
1778 3899 1857 3954 ilii

285 3988 521 4042 Romani
547 3990 765 4043 Codices
796 3991 940 4044 inter
980 4005 1040 4044 se
1071 3991 1443 4057 conveniunt;
1491 3991 1855 4059 Monacensis,

286 4068 524 4150 utroque
549 4081 751 4150 junior,
793 4081 977 4151 plures
1002 4081 1138 4135 alias
1160 4082 1401 4136 ostendit
1428 4082 1720 4149 lectiones,
1755 4098 1856 4137 ne-

286 4188 399 4241 que
450 4181 631 4226 tamen
674 4172 748 4243 (si
794 4172 990 4226 menda
1048 4172 1336 4242 scriptoris
1380 4173 1589 4245 demas)
1633 4176 1856 4231 omnino

286 4262 667 4332 spernendas;
708 4262 871 4331 hujus
904 4262 1126 4316 lacunas
1167 4269 1223 4315 et
1266 4262 1449 4318 hiatus
1497 4266 1856 4334 expleverunt

360 4373 472 4443 (20)
504 4373 706 4449 llevcra
740 4374 859 4449 cod.
892 4373 1193 4449 Vindobon.
1229 4375 1324 4430 Gr.
1354 4375 1655 4449 tlieol.‘_168
1685 4378 1852 4449 (juxta

284 4441 1128 4516 iiuing_Neissel.;__Lambeccio
1162 4454 1263 4516 est
1303 4447 1425 4516 cod.
1466 4446 1561 4516 761)
1586 4488 1600 4513 ,
1651 4441 1718 4501 n.w
1758 4448 1851 4502 25.

1962 3255 2055 3325 qui
2085 3254 2314 3309 eruditis
2335 3255 2618 3310 olferatur.
2642 3256 2750 3311 Sed
2780 3274 2902 3312 cum
2933 3260 3044 3328 jam
3082 3262 3183 3314 sub
3211 3263 3364 3332 prelo
3388 3272 3539 3320 esset

1964 3347 2143 3401 Photii
2170 3354 2388 3407 textus,
2424 3347 2532 3401 imo
2559 3364 2689 3402 vero
2719 3350 2955 3404 maxima
2989 3367 3054 3405 ex
3086 3360 3239 3421 parte
3276 3369 3534 3422 excusas,

1968 3437 2185 3492 tandem
2224 3437 2424 3501 allatus
2450 3447 2534 3492 est
2562 3439 2810 3500 nuntius.
2840 3441 3083 3495 codicem
3114 3458 3144 3496 a
3179 3443 3317 3497 Maio
3343 3445 3536 3501 lauda-

1969 3536 2081 3581 tum
2110 3541 2231 3582 esse
2253 3527 2533 3581 inventum
2563 3528 2617 3581 in
2639 3529 2760 3583 cod.
2797 3529 2914 3584 Col.
2952 3531 3021 3584 58
3064 3532 3156 3600 (al.
3185 3534 3300 3603 54),
3328 3538 3532 3595 memb.

1965 3619 2111 3683 iit-4,
2136 3619 2416 3690 eleganter
2436 3620 2773 3688 conscripto,
2812 3621 2904 3690 qui
2939 3622 3163 3692 paginas
3198 3625 3373 3694 ipsius
3406 3626 3533 3682 Maii

1964 3724 2126 3763 manu
2154 3709 2423 3779 signatas,
2468 3709 2769 3763 secundum
2798 3726 2935 3779 quas
2983 3711 3161 3768 Photii
3207 3715 3370 3770 verba
3415 3717 3533 3786 ipse

1963 3800 2250 3864 citaverat,
2276 3799 2330 3852 in
2360 3799 2464 3853 hoc
2484 3808 2722 3854 tractatu
2755 3802 3040 3870 ostendat;
3081 3812 3137 3859 et
3168 3805 3315 3861 hunc
3348 3807 3420 3861 ibi
3448 3808 3534 3861 in-

1962 3899 2172 3960 tegrum
2197 3899 2410 3945 exstare
2430 3905 2461 3943 a
2487 3905 2607 3961 pag.
2621 3891 2721 3944 271
2754 3907 2927 3963 usque
2947 3894 3013 3948 ad
3036 3910 3158 3964 pag.
3188 3896 3313 3961 517,
3337 3914 3533 3966 quem-

1960 3982 2249 4036 admodum
2290 3991 2345 4036 ct
2384 3982 2439 4036 in
2510 3980 2685 4037 Vatie.
2737 3994 2792 4038 et
2848 3983 3018 4040 Palat.
3075 3984 3233 4043 llunc
3284 3988 3531 4045 codicem

1960 4074 2053 4144 qui
2087 4074 2448 4143 inspexerunt
2474 4074 2635 4144 periti
2661 4075 2863 4130 saeculo
2907 4077 3120 4133 decimo
3175 4080 3337 4134 tertio
3388 4081 3531 4135 assi—
3590 4112 3593 4113 ν

1960 4167 2232 4239 gnandum
2261 4167 2596 4222 arbitrantur
2624 4166 2759 4237 (26).
2794 4169 2869 4222 Ea
2900 4184 3009 4235 res,
3037 4186 3157 4240 quae
3188 4182 3385 4242 printer
3412 4190 3531 4229 om-

1958 4274 2085 4316 nem
2128 4258 2592 4327 exspectationem
2642 4269 2944 4326 evenerat,
2992 4277 3231 4318 maerore
3276 4264 3440 4319 simul
3474 4274 3536 4321 et.

2026 4373 2142 4444 (25)
2176 4370 2311 4445 Vide
2341 4370 2540 4424 Maium
2569 4371 2604 4424 ι.
2630 4369 2861 4445 οκΡηιεΐ.
2898 4372 3228 4445 dePhotio§
3257 4376 3315 4439 l,‘
3334 4392 3386 4445 p.
3414 4394 3525 4433 xiv.

2030 4440 2434 4513 (ΞυΝς-νηε.
2463 4456 2632 4513 agre
2672 4440 2807 4513 lerat
2847 4443 3098 4497 eruditus
3146 4440 3350 4511 lector,
3396 4450 3528 4503 dum

282 4514 329 4566 ι.
522 4541 543 4551 -
571 4515 674 4566 554
711 4513 788 4565 nil
834 4514 981 4594 aliud
1019 4515 1290 4594 continet,
1325 4514 1427 4594 nisi
1460 4509 1595 4594 limo
1618 4518 1734 4587 ipsa
1757 4533 1849 4594 ep.
1879 4536 1932 4594 ι)
1960 4509 2196 4594 εερκιθ.
2232 4511 2321 4590 56⁸,
2345 4512 2429 4571 76,
2462 4509 2515 4562 in
2541 4509 2844 4594 μεμηγᾴτβς
2868 4512 3008 4565 videt
3034 4514 3143 4568 iota
3161 4509 3525 4594 subscriptum

283 4582 575 4651 encyclim:
606 4592 945 4655 argumenta,
977 4593 1033 4637 ut
1074 4600 1173 4653 ego
1206 4583 1535 4655 Vindobonze
1564 4582 1678 4655 ipse
1719 4582 1851 4651 vidi,

286 4663 343 4724 et
371 4652 874 4724 accurateproinde
922 4656 1217 4724 respondet
1258 4653 1486 4720 iis,quze
1531 4652 1597 4708 ιη’
1633 4656 1854 4724 praefato

286 4720 499 4774 Monac.
530 4721 568 4774 f.
621 4722 725 4776 449
753 4740 803 4775 a.
848 4751 875 4762 -
908 4720 1355 4777 450’occ'urrunt.
1388 4724 1608 4777 Initium
1635 4720 1854 4779 utrobi-

284 4807 396 4858 quc
433 4808 445 4842 :
494 4792 587 4852 Ti;
619 4792 774 4855 ὅλως,
812 4800 870 4845 ιιι
924 4807 1121 4860 supra;
1163 4793 1284 4846 linis
1334 4810 1347 4846 :
1399 4794 1510 4861 Τὴν
1542 4796 1725 4861 κοινὴν
1761 4812 1859 4847 τα-

288 4862 629 4929 μιευυμένων
671 4861 1001 4913 συνέλευσιν.
1045 4862 1563 4916 (funerum-textum
1617 4864 1738 4917 libri
1781 4863 1857 4917 De

283 4929 517 4996 Spiritus
546 4932 606 4983 δ.
640 4933 987 4999 mystagogia,
1023 4931 1075 4983 in
1116 4932 1181 4984 iis
1209 4930 1468 4986 Cwsarete
1522 4933 1857 4988 bibliothecae

284 5000 567 5052 codicibus
585 5000 676 5067 qui
706 5002 855 5069 juxta
874 5000 1144 5070 catalogus
1168 5001 1271 5054 huc
1298 5002 1569 5070 pertinere
1591 5005 1856 5057 videban-

282 5080 402 5142 tur,
434 5084 541 5122 non
569 5071 771 5142 reperi;
793 5072 1032 5138 quinque
1060 5072 1396 5142 solummodo
1415 5081 1693 5142 segmenta
1715 5073 1857 5126 inter

284 5139 438 5190 varia
457 5150 710 5207 excerpta
738 5139 792 5191 in
815 5142 1025 5193 duobus
1044 5156 1178 5193 mss.
1195 5138 1308 5205 (Gr.
1333 5138 1503 5195 theol:
1524 5140 1628 5195 249
1654 5150 1708 5196 et
1730 5142 1856 5209 524)

282 5218 513 5279 nactus
542 5224 705 5271 sum,
749 5226 903 5277 teque
932 5278 941 5279 ί
974 5210 1311 5274 brevissima,
1376 5226 1496 5279 qua:
1558 5211 1670 5265 suis
1726 5212 1857 5265 locis

281 5284 473 5404 (Epp.
505 5278 557 5342 5,
594 5282 646 5342 6,
681 5279 770 5343 (il,
804 5279 890 5343 68,
922 5278 1009 5349 95)
1042 5278 1099 5332 in
1135 5280 1235 5333 hac
1262 5278 1500 5335 editione
1539 5291 1669 5336 sunt
1697 5284 1856 5336 adhi-

330 5364 343 5400 ι
373 5367 422 5401 ἰ.
1838 5366 1839 5369 ‘

330 5356 422 5401 ita.
1838 5366 1839 5369 ‘

361 5420 473 5489 (2|)
508 5418 589 5472 Cf.
644 5434 695 5472 v.
747 5435 799 5489 g.
861 5417 1159 5473 Morelliom
1221 5419 1361 5475 Bibl.
1408 5436 1539 5476 mss.
1584 5421 1777 5476 Venet.
1812 5420 1855 5488 Ι,

284 5504 347 5561 p.
477 5490 694 5561 tlecod.
721 5488 1141 5561 Mati‘CiﬂltOJG",
1167 5500 1219 5544 et
1250 5490 1439 5561 inl'ra§
1471 5495 1524 5554 6,
1558 5500 1671 5545 not.
1706 5493 1759 5545 5.

363 5559 475 5621 (2:!)
506 5558 704 5613 Divisio
728 5560 967 5628 capitum
996 5558 1203 5613 Monac.
1226 5558 1431 5614 codicis
1454 5561 1522 5614 ab
1548 5562 1632 5614 illa
1654 5561 1856 5624 dili'ert,

287 5644 415 5699 qua:
440 5630 493 5682 in
530 5629 673 5692 aliis,
701 5638 753 5684 et
788 5629 1111 5684 nominatim
1140 5630 1196 5682 in
1239 5630 1360 5684 cod.
1392 5630 1607 5684 Colum.
1649 5647 1680 5684 a
1721 5630 1859 5684 Maio

286 5699 570 5775 adhibito._
595 5702 898 5769 reperitur;
926 5700 1076 5775 _dui_n_
1115 5700 1224 5775 ille
1246 5714 1417 5768 usque
1442 5704 1508 5755 ad
1536 5716 1660 5775 eum
1691 5742 1707 5766 ,
1752 5715 1860 5775 quo

285 5768 735 5901 ﬁciiait‘ijoeum
772 5770 990 5826 nonnisi
1013 5769 1080 5825 55
1109 5770 1283 5841 capita
1313 5768 1714 5840 numerat,'iste
1745 5768 1858 5845 jam

332 5857 361 5895 a
524 5856 579 5894 ο.

332 5840 459 5895 abet
491 5840 579 5895 45.

1957 4578 2101 4655 quod
2134 4581 2435 4655 severiores
2458 4578 2791 4655 grammatici
2818 4596 3101 4655 removere
3132 4585 3325 4638 solent.
3368 4578 3524 4650 Quod

1956 4649 2164 4724 spectat
2188 4650 2253 4703 ad
2288 4663 2474 4702 vocem
2509 4649 2624 4724 uiti;
2654 4651 2774 4724 (pro
2812 4650 2970 4724 υἷος),
3001 4668 3065 4724 ea
3090 4670 3190 4707 vox
3218 4649 3526 4724 sexcenties

1956 4718 2070 4800 {ere
2096 4723 2506 4800 liic.occurrens.
2525 4718 2839 4800 abbreviate
2871 4718 3123 4800 primitus
3148 4722 3306 4777 nobis
3323 4725 3525 4794 scripta

1956 4795 2153 4856 fuerat,
2190 4790 2400 4857 isteque
2427 4789 2616 4841 calami
2641 4788 2837 4841 ductus
2866 4788 3075 4843 facilior
3096 4807 3160 4845 ex
3189 4807 3319 4844 mss.
3353 4802 3408 4846 et
3431 4788 3524 4849 ve-

1957 4864 2245 4918 tustiornm
2277 4857 2800 4929 librorumulectione
2822 4858 3102 4912 familiaris
3122 4862 3522 4929 quodammodo

1957 4933 2183 4987 ell‘ectus
2209 4938 2292 4982 est
2318 4937 2374 4982 et
2401 4926 2629 4981 consilio
2653 4934 2899 4981 retentus
2920 4967 2934 4991 ,
2964 4943 3032 4982 ne
3078 4926 3157 4982 inf
3177 4933 3522 4987 emendando

1957 5000 2251 5070 exemplari
2314 4996 2650 5070 perturbatio
2708 4997 3224 5070 augereturaLicctr
3261 5016 3389 5054 vero
3419 5005 3522 5058 iste

1958 5066 2229 5126 scribendi
2251 5066 2445 5123 modus
2461 5066 2530 5119 ab
2544 5066 2970 5120 accuratioribus
2986 5069 3318 5124 editionibns
3338 5087 3501 5127 aman

1958 5142 2118 5197 datus
2162 5139 2343 5202 fuerit,
2390 5147 2573 5190 tamen
2603 5135 2875 5204 exemplis
2919 5152 3029 5190 non
3063 5148 3211 5193 caret
3259 5140 3315 5194 in
3367 5142 3519 5198 libris

1958 5209 2354 5281 saeculoetiam
2376 5205 2866 5281 nostrosvulgatis.
2899 5204 3057 5273 (Vide
3104 5206 3276 5281 Scotti
3301 5210 3519 5281 Amphi-

1960 5281 2093 5335 locli.
2121 5280 2275 5350 Phiot.
2308 5275 2533 5344 Neapoli
2570 5274 2789 5344 1814p.
2826 5275 2943 5350 5_et
2971 5279 3221 5350 passim.)

2030 5350 2142 5421 (25)
2165 5349 2260 5404 llis
2289 5354 2607 5421 argumenta
2636 5346 2948 5421 praesertim
2968 5346 3035 5421 ἔσχ
3065 5346 3273 5404 ratione
3306 5350 3517 5407 theolo-

1959 5416 2077 5492 gica
2100 5421 2384 5492 desumpta
2405 5423 2530 5492 apte
2554 5416 2872 5492 plerumque
2900 5417 3329 5492 distinguuntur.

2033 5490 2143 5559 (26)
2175 5484 2468 5560 Excipiunt
2491 5484 2684 5560 i_n_hoc
2724 5486 2912 5541 codice
2947 5484 3123 5544 Photii
3156 5490 3351 5544 librum
3396 5492 3517 5560 epi-

1960 5552 2109 5615 stola:
2126 5552 2379 5625 ejusdem
2406 5555 2472 5626 ad
2499 5552 3000 5626 Nicolaumpapam
3022 5600 3037 5623 ,
3067 5560 3134 5613 ad
3171 5552 3517 5616 teconomum

1960 5624 2314 5685 Antiochenze
2349 5624 2626 5698 Ecclesize,
2651 5624 3036 5698 ad_Bulgaria:
3074 5629 3407 5698 principem,
3446 5632 3516 5685 ad

1962 5700 2190 5759 Bardam
2243 5700 2404 5758 (Lais,
2432 5696 2499 5751 ad
2538 5694 2857 5750 Michaelem
2878 5694 2991 5763 'lll,
3033 5694 3087 5752 ei
3136 5700 3203 5752 ad
3247 5694 3513 5754 Basiliam

1961 5769 2307 5823 Macedonem
2339 5768 2466 5836 imp.
2496 5769 2571 5838 (p.
2598 5766 3028 5838 διιτιιοηυω
3047 5784 3236 5823 omnes
3264 5768 3375 5838 jam
3406 5769 3516 5825 γυι.

1960 5849 2096 5908 gata:
2127 5845 2255 5893 sunt
2283 5846 2477 5909 partnn
2511 5837 2579 5895 ab
2606 5836 2868 5895 Anthimo
2897 5837 3208 5916 lihcmui_c.,
3245 5836 3445 5912 partim
3480 5855 3515 5895 ιι
