  <div class='ocr_page' id='page_1' title='image "/cluster/home/n/w/nwhite01/storage/ocr_20150623/102/hvd.32044012543948/143.png"; bbox 0 0 4014 6420; ppageno 0'>
   <div class='ocr_carea' id='block_1_1' title="bbox 402 356 506 423">
    <p class='ocr_par' dir='ltr' id='par_1_1' title="bbox 402 356 506 423">
     <span class='ocr_line' id='line_1_1' title="bbox 402 356 506 423; baseline 0 0"><span class='ocrx_word' id='word_1_1' title='bbox 402 356 506 423; x_wconf 80' lang='lat'><strong>271</strong></span> 
     </span>
    </p>
   </div>
   <div class='ocr_carea' id='block_1_2' title="bbox 1544 314 2505 420">
    <p class='ocr_par' dir='ltr' id='par_1_2' title="bbox 1544 314 2505 420">
     <span class='ocr_line' id='line_1_2' title="bbox 1544 314 2505 420; baseline -0.005 0"><span class='ocrx_word' id='word_1_2' title='bbox 1544 356 1809 420; x_wconf 86' lang='lat' dir='ltr'><strong>PHOTlI</strong></span> <span class='ocrx_word' id='word_1_3' title='bbox 1848 314 2357 417; x_wconf 62' lang='lat' dir='ltr'><strong>Pantaucum</strong></span> <span class='ocrx_word' id='word_1_4' title='bbox 2396 356 2505 416; x_wconf 77' lang='lat' dir='ltr'><strong>cr.</strong></span> 
     </span>
    </p>
   </div>
   <div class='ocr_carea' id='block_1_3' title="bbox 3560 362 3672 426">
    <p class='ocr_par' dir='ltr' id='par_1_3' title="bbox 3560 362 3672 426">
     <span class='ocr_line' id='line_1_3' title="bbox 3560 362 3672 426; baseline 0.009 -1"><span class='ocrx_word' id='word_1_5' title='bbox 3560 362 3672 426; x_wconf 76' lang='lat'><strong>272</strong></span> 
     </span>
    </p>
   </div>
   <div class='ocr_carea' id='block_1_4' title="bbox 402 464 3669 542">
    <p class='ocr_par' dir='ltr' id='par_1_4' title="bbox 402 464 3669 542">
     <span class='ocr_line' id='line_1_4' title="bbox 402 464 3669 542; baseline 0.001 -17"><span class='ocrx_word' id='word_1_6' title='bbox 402 469 599 542; x_wconf 89' lang='lat' dir='ltr'><strong>gaudio</strong></span> <span class='ocrx_word' id='word_1_7' title='bbox 630 484 718 526; x_wconf 89' lang='lat' dir='ltr'><strong>me</strong></span> <span class='ocrx_word' id='word_1_8' title='bbox 746 469 967 539; x_wconf 83' lang='lat' dir='ltr'><strong>affecit;</strong></span> <span class='ocrx_word' id='word_1_9' title='bbox 996 484 1237 529; x_wconf 79' lang='lat' dir='ltr'><strong>mmrore</strong></span> <span class='ocrx_word' id='word_1_10' title='bbox 1270 470 1515 542; x_wconf 79' lang='lat' dir='ltr'><strong>quidem,</strong></span> <span class='ocrx_word' id='word_1_11' title='bbox 1543 470 1691 540; x_wconf 90' lang='lat' dir='ltr'><strong>quod</strong></span> <span class='ocrx_word' id='word_1_12' title='bbox 1722 476 1830 523; x_wconf 88' lang='lat' dir='ltr'><strong>tam</strong></span> <span class='ocrx_word' id='word_1_13' title='bbox 1861 480 1987 521; x_wconf 86' lang='lat' dir='ltr'><strong>sero</strong></span> <span class='ocrx_word' id='word_1_14' title='bbox 2016 468 2060 526; x_wconf 86' lang='grc' dir='ltr'><strong>Α</strong></span> <span class='ocrx_word' id='word_1_15' title='bbox 2091 464 2250 520; x_wconf 92' lang='lat' dir='ltr'><strong>nobis</strong></span> <span class='ocrx_word' id='word_1_16' title='bbox 2293 465 2645 520; x_wconf 88' lang='lat' dir='ltr'><strong>transmissas</strong></span> <span class='ocrx_word' id='word_1_17' title='bbox 2692 464 2807 537; x_wconf 74' lang='lat'><strong>(‘28)</strong></span> <span class='ocrx_word' id='word_1_18' title='bbox 2858 466 3354 538; x_wconf 74' lang='lat' dir='ltr'><strong>complectentem;</strong></span> <span class='ocrx_word' id='word_1_19' title='bbox 3403 472 3669 528; x_wconf 72' lang='lat' dir='ltr'><strong>asterisco</strong></span> 
     </span>
    </p>
   </div>
   <div class='ocr_carea' id='block_1_5' title="bbox 402 560 1986 638">
    <p class='ocr_par' dir='ltr' id='par_1_5' title="bbox 402 560 1986 638">
     <span class='ocr_line' id='line_1_5' title="bbox 402 560 1986 638; baseline -0.003 -18"><span class='ocrx_word' id='word_1_20' title='bbox 402 565 573 620; x_wconf 77' lang='lat' dir='ltr'><strong>codex</strong></span> <span class='ocrx_word' id='word_1_21' title='bbox 622 564 726 621; x_wconf 92' lang='lat' dir='ltr'><strong>iste</strong></span> <span class='ocrx_word' id='word_1_22' title='bbox 785 576 1043 637; x_wconf 91' lang='lat' dir='ltr'><strong>repertus</strong></span> <span class='ocrx_word' id='word_1_23' title='bbox 1122 576 1207 622; x_wconf 90' lang='lat' dir='ltr'><strong>est</strong></span> <span class='ocrx_word' id='word_1_24' title='bbox 1243 607 1258 633; x_wconf 89' lang='lat'><strong>,</strong></span> <span class='ocrx_word' id='word_1_25' title='bbox 1328 564 1523 638; x_wconf 91' lang='lat' dir='ltr'><strong>gaudio</strong></span> <span class='ocrx_word' id='word_1_26' title='bbox 1588 578 1765 627; x_wconf 87' lang='lat' dir='ltr'><strong>vero,</strong></span> <span class='ocrx_word' id='word_1_27' title='bbox 1839 560 1986 632; x_wconf 87' lang='lat' dir='ltr'><strong>quod</strong></span> 
     </span>
    </p>
   </div>
   <div class='ocr_carea' id='block_1_6' title="bbox 401 655 1987 727">
    <p class='ocr_par' dir='ltr' id='par_1_6' title="bbox 401 655 1987 727">
     <span class='ocr_line' id='line_1_6' title="bbox 401 655 1987 727; baseline -0.003 -16"><span class='ocrx_word' id='word_1_28' title='bbox 401 656 625 711; x_wconf 77' lang='lat' dir='ltr'><strong>tandem</strong></span> <span class='ocrx_word' id='word_1_29' title='bbox 711 668 986 727; x_wconf 88' lang='lat' dir='ltr'><strong>repertus.</strong></span> <span class='ocrx_word' id='word_1_30' title='bbox 1046 657 1243 718; x_wconf 82' lang='lat' dir='ltr'><strong>illico.</strong></span> <span class='ocrx_word' id='word_1_31' title='bbox 1296 655 1549 726; x_wconf 86' lang='lat' dir='ltr'><strong>quamvis</strong></span> <span class='ocrx_word' id='word_1_32' title='bbox 1627 668 1791 725; x_wconf 87' lang='lat' dir='ltr'><strong>quem</strong></span> <span class='ocrx_word' id='word_1_33' title='bbox 1856 663 1987 708; x_wconf 91' lang='lat' dir='ltr'><strong>tunc</strong></span> 
     </span>
    </p>
   </div>
   <div class='ocr_carea' id='block_1_7' title="bbox 401 744 1984 819">
    <p class='ocr_par' dir='ltr' id='par_1_7' title="bbox 401 744 1984 819">
     <span class='ocr_line' id='line_1_7' title="bbox 401 744 1984 819; baseline -0.001 -18"><span class='ocrx_word' id='word_1_34' title='bbox 401 764 573 802; x_wconf 89' lang='lat' dir='ltr'><strong>unum</strong></span> <span class='ocrx_word' id='word_1_35' title='bbox 603 763 794 819; x_wconf 89' lang='lat' dir='ltr'><strong>rogare</strong></span> <span class='ocrx_word' id='word_1_36' title='bbox 818 748 970 819; x_wconf 92' lang='lat' dir='ltr'><strong>potui</strong></span> <span class='ocrx_word' id='word_1_37' title='bbox 996 749 1172 804; x_wconf 91' lang='lat' dir='ltr'><strong>virum</strong></span> <span class='ocrx_word' id='word_1_38' title='bbox 1200 747 1484 813; x_wconf 80' lang='lat' dir='ltr'><strong>eximium,</strong></span> <span class='ocrx_word' id='word_1_39' title='bbox 1529 754 1644 800; x_wconf 91' lang='lat' dir='ltr'><strong>tum</strong></span> <span class='ocrx_word' id='word_1_40' title='bbox 1673 744 1984 800; x_wconf 86' lang='lat' dir='ltr'><strong>communis</strong></span> 
     </span>
    </p>
   </div>
   <div class='ocr_carea' id='block_1_8' title="bbox 399 824 1984 911">
    <p class='ocr_par' dir='ltr' id='par_1_8' title="bbox 399 824 1984 911">
     <span class='ocr_line' id='line_1_8' title="bbox 399 824 1984 911; baseline -0.003 -17"><span class='ocrx_word' id='word_1_41' title='bbox 399 824 593 910; x_wconf 75' lang='lat' dir='ltr'><strong>patriae</strong></span> <span class='ocrx_word' id='word_1_42' title='bbox 637 848 749 895; x_wconf 90' lang='lat' dir='ltr'><strong>tum</strong></span> <span class='ocrx_word' id='word_1_43' title='bbox 813 840 1067 895; x_wconf 74' lang='lat' dir='ltr'><strong>amicitia:</strong></span> <span class='ocrx_word' id='word_1_44' title='bbox 1112 854 1264 911; x_wconf 65' lang='lat' dir='ltr'><strong>purae</strong></span> <span class='ocrx_word' id='word_1_45' title='bbox 1306 837 1545 893; x_wconf 86' lang='lat' dir='ltr'><strong>vinculis</strong></span> <span class='ocrx_word' id='word_1_46' title='bbox 1597 836 1736 892; x_wconf 86' lang='lat' dir='ltr'><strong>mihi</strong></span> <span class='ocrx_word' id='word_1_47' title='bbox 1790 836 1984 890; x_wconf 80' lang='lat' dir='ltr'><strong>intime</strong></span> 
     </span>
    </p>
   </div>
   <div class='ocr_carea' id='block_1_9' title="bbox 396 928 1985 1004">
    <p class='ocr_par' dir='ltr' id='par_1_9' title="bbox 396 928 1985 1004">
     <span class='ocr_line' id='line_1_9' title="bbox 396 928 1985 1004; baseline -0.002 -17"><span class='ocrx_word' id='word_1_48' title='bbox 396 934 645 1004; x_wconf 89' lang='lat' dir='ltr'><strong>junctum</strong></span> <span class='ocrx_word' id='word_1_49' title='bbox 670 975 686 1001; x_wconf 92' lang='lat'><strong>,</strong></span> <span class='ocrx_word' id='word_1_50' title='bbox 726 933 837 1003; x_wconf 90' lang='lat' dir='ltr'><strong>jam</strong></span> <span class='ocrx_word' id='word_1_51' title='bbox 874 933 1206 1003; x_wconf 86' lang='lat' dir='ltr'><strong>importunis</strong></span> <span class='ocrx_word' id='word_1_52' title='bbox 1258 932 1396 986; x_wconf 87' lang='lat' dir='ltr'><strong>meis</strong></span> <span class='ocrx_word' id='word_1_53' title='bbox 1448 928 1985 1000; x_wconf 83' lang='lat' dir='ltr'><strong>interpellationibus</strong></span> 
     </span>
    </p>
   </div>
   <div class='ocr_carea' id='block_1_10' title="bbox 397 1020 1984 1097">
    <p class='ocr_par' dir='ltr' id='par_1_10' title="bbox 397 1020 1984 1097">
     <span class='ocr_line' id='line_1_10' title="bbox 397 1020 1984 1097; baseline -0.005 -15"><span class='ocrx_word' id='word_1_54' title='bbox 397 1031 535 1082; x_wconf 89' lang='lat' dir='ltr'><strong>satis</strong></span> <span class='ocrx_word' id='word_1_55' title='bbox 562 1027 916 1097; x_wconf 87' lang='lat' dir='ltr'><strong>defatigatum</strong></span> <span class='ocrx_word' id='word_1_56' title='bbox 955 1025 1201 1079; x_wconf 92' lang='lat' dir='ltr'><strong>ulteriori</strong></span> <span class='ocrx_word' id='word_1_57' title='bbox 1247 1024 1497 1080; x_wconf 88' lang='lat' dir='ltr'><strong>molestia</strong></span> <span class='ocrx_word' id='word_1_58' title='bbox 1531 1021 1749 1087; x_wconf 72' lang='lat' dir='ltr'><strong>allicere</strong></span> <span class='ocrx_word' id='word_1_59' title='bbox 1788 1020 1984 1075; x_wconf 82' lang='lat' dir='ltr'><strong>formi-</strong></span> 
     </span>
    </p>
   </div>
   <div class='ocr_carea' id='block_1_11' title="bbox 396 1110 1985 1187">
    <p class='ocr_par' dir='ltr' id='par_1_11' title="bbox 396 1110 1985 1187">
     <span class='ocr_line' id='line_1_11' title="bbox 396 1110 1985 1187; baseline -0.005 -15"><span class='ocrx_word' id='word_1_60' title='bbox 396 1119 606 1182; x_wconf 88' lang='lat' dir='ltr'><strong>darem,</strong></span> <span class='ocrx_word' id='word_1_61' title='bbox 639 1118 884 1187; x_wconf 88' lang='lat' dir='ltr'><strong>potiores</strong></span> <span class='ocrx_word' id='word_1_62' title='bbox 916 1125 1096 1170; x_wconf 89' lang='lat' dir='ltr'><strong>tamen</strong></span> <span class='ocrx_word' id='word_1_63' title='bbox 1122 1115 1289 1185; x_wconf 83' lang='lat' dir='ltr'><strong>hujus</strong></span> <span class='ocrx_word' id='word_1_64' title='bbox 1322 1114 1448 1168; x_wconf 88' lang='lat' dir='ltr'><strong>libri</strong></span> <span class='ocrx_word' id='word_1_65' title='bbox 1478 1114 1757 1167; x_wconf 81' lang='lat' dir='ltr'><strong>variantes</strong></span> <span class='ocrx_word' id='word_1_66' title='bbox 1786 1110 1985 1166; x_wconf 84' lang='lat' dir='ltr'><strong>lectio-</strong></span> 
     </span>
    </p>
   </div>
   <div class='ocr_carea' id='block_1_12' title="bbox 396 1202 1985 1281">
    <p class='ocr_par' dir='ltr' id='par_1_12' title="bbox 396 1202 1985 1281">
     <span class='ocr_line' id='line_1_12' title="bbox 396 1202 1985 1281; baseline -0.005 -16"><span class='ocrx_word' id='word_1_67' title='bbox 396 1226 500 1266; x_wconf 90' lang='lat' dir='ltr'><strong>nes</strong></span> <span class='ocrx_word' id='word_1_68' title='bbox 537 1208 873 1281; x_wconf 86' lang='lat' dir='ltr'><strong>colligendas</strong></span> <span class='ocrx_word' id='word_1_69' title='bbox 886 1208 1097 1273; x_wconf 89' lang='lat' dir='ltr'><strong>censui,</strong></span> <span class='ocrx_word' id='word_1_70' title='bbox 1124 1208 1325 1277; x_wconf 83' lang='lat' dir='ltr'><strong>quibus</strong></span> <span class='ocrx_word' id='word_1_71' title='bbox 1343 1205 1609 1261; x_wconf 92' lang='lat' dir='ltr'><strong>nonnulla</strong></span> <span class='ocrx_word' id='word_1_72' title='bbox 1634 1202 1913 1259; x_wconf 86' lang='lat' dir='ltr'><strong>emendari</strong></span> <span class='ocrx_word' id='word_1_73' title='bbox 1929 1211 1985 1257; x_wconf 89' lang='lat' dir='ltr'><strong>et</strong></span> 
     </span>
    </p>
   </div>
   <div class='ocr_carea' id='block_1_13' title="bbox 394 1294 1984 1370">
    <p class='ocr_par' dir='ltr' id='par_1_13' title="bbox 394 1294 1984 1370">
     <span class='ocr_line' id='line_1_13' title="bbox 394 1294 1984 1370; baseline -0.005 -15"><span class='ocrx_word' id='word_1_74' title='bbox 394 1300 653 1355; x_wconf 86' lang='lat' dir='ltr'><strong>illustrari</strong></span> <span class='ocrx_word' id='word_1_75' title='bbox 679 1314 840 1370; x_wconf 88' lang='lat' dir='ltr'><strong>posse</strong></span> <span class='ocrx_word' id='word_1_76' title='bbox 874 1314 987 1353; x_wconf 91' lang='lat' dir='ltr'><strong>non</strong></span> <span class='ocrx_word' id='word_1_77' title='bbox 1018 1299 1298 1353; x_wconf 91' lang='lat' dir='ltr'><strong>immerito</strong></span> <span class='ocrx_word' id='word_1_78' title='bbox 1318 1296 1591 1368; x_wconf 90' lang='lat' dir='ltr'><strong>judicavi;</strong></span> <span class='ocrx_word' id='word_1_79' title='bbox 1626 1296 1859 1364; x_wconf 90' lang='lat' dir='ltr'><strong>ideoque</strong></span> <span class='ocrx_word' id='word_1_80' title='bbox 1885 1294 1984 1348; x_wconf 86' lang='lat' dir='ltr'><strong>de-</strong></span> 
     </span>
    </p>
   </div>
   <div class='ocr_carea' id='block_1_14' title="bbox 394 1386 1979 1462">
    <p class='ocr_par' dir='ltr' id='par_1_14' title="bbox 394 1386 1979 1462">
     <span class='ocr_line' id='line_1_14' title="bbox 394 1386 1979 1462; baseline -0.004 -16"><span class='ocrx_word' id='word_1_81' title='bbox 394 1393 597 1448; x_wconf 89' lang='lat' dir='ltr'><strong>siderio</strong></span> <span class='ocrx_word' id='word_1_82' title='bbox 636 1393 889 1446; x_wconf 86' lang='lat' dir='ltr'><strong>timorem</strong></span> <span class='ocrx_word' id='word_1_83' title='bbox 921 1400 1237 1462; x_wconf 87' lang='lat' dir='ltr'><strong>superante,</strong></span> <span class='ocrx_word' id='word_1_84' title='bbox 1263 1398 1324 1445; x_wconf 93' lang='lat' dir='ltr'><strong>ut</strong></span> <span class='ocrx_word' id='word_1_85' title='bbox 1350 1398 1406 1445; x_wconf 89' lang='lat' dir='ltr'><strong>et</strong></span> <span class='ocrx_word' id='word_1_86' title='bbox 1438 1389 1545 1444; x_wconf 90' lang='lat' dir='ltr'><strong>hoc</strong></span> <span class='ocrx_word' id='word_1_87' title='bbox 1571 1386 1708 1443; x_wconf 84' lang='lat' dir='ltr'><strong>mihi</strong></span> <span class='ocrx_word' id='word_1_88' title='bbox 1738 1394 1979 1456; x_wconf 66' lang='lat' dir='ltr'><strong>praestet,</strong></span> 
     </span>
    </p>
   </div>
   <div class='ocr_carea' id='block_1_15' title="bbox 393 1476 1984 1554">
    <p class='ocr_par' dir='ltr' id='par_1_15' title="bbox 393 1476 1984 1554">
     <span class='ocr_line' id='line_1_15' title="bbox 393 1476 1984 1554; baseline -0.007 -13"><span class='ocrx_word' id='word_1_89' title='bbox 393 1485 541 1541; x_wconf 86' lang='lat' dir='ltr'><strong>nulla</strong></span> <span class='ocrx_word' id='word_1_90' title='bbox 571 1484 860 1554; x_wconf 90' lang='lat' dir='ltr'><strong>interjecta</strong></span> <span class='ocrx_word' id='word_1_91' title='bbox 890 1498 1044 1537; x_wconf 87' lang='lat' dir='ltr'><strong>mora</strong></span> <span class='ocrx_word' id='word_1_92' title='bbox 1072 1483 1141 1537; x_wconf 89' lang='lat' dir='ltr'><strong>ab</strong></span> <span class='ocrx_word' id='word_1_93' title='bbox 1169 1482 1349 1537; x_wconf 90' lang='lat' dir='ltr'><strong>amico</strong></span> <span class='ocrx_word' id='word_1_94' title='bbox 1386 1480 1660 1552; x_wconf 81' lang='lat' dir='ltr'><strong>ﬂagitavi.</strong></span> <span class='ocrx_word' id='word_1_95' title='bbox 1714 1476 1828 1533; x_wconf 85' lang='lat' dir='ltr'><strong>Nec</strong></span> <span class='ocrx_word' id='word_1_96' title='bbox 1864 1477 1984 1531; x_wconf 91' lang='lat' dir='ltr'><strong>fru-</strong></span> 
     </span>
    </p>
   </div>
   <div class='ocr_carea' id='block_1_16' title="bbox 393 1570 1984 1645">
    <p class='ocr_par' dir='ltr' id='par_1_16' title="bbox 393 1570 1984 1645">
     <span class='ocr_line' id='line_1_16' title="bbox 393 1570 1984 1645; baseline -0.005 -14"><span class='ocrx_word' id='word_1_97' title='bbox 393 1584 507 1631; x_wconf 87' lang='lat' dir='ltr'><strong>stra</strong></span> <span class='ocrx_word' id='word_1_98' title='bbox 534 1593 547 1630; x_wconf 87' lang='lat'><strong>:</strong></span> <span class='ocrx_word' id='word_1_99' title='bbox 581 1592 706 1630; x_wconf 79' lang='lat' dir='ltr'><strong>mox</strong></span> <span class='ocrx_word' id='word_1_100' title='bbox 731 1575 926 1629; x_wconf 89' lang='lat' dir='ltr'><strong>annuit</strong></span> <span class='ocrx_word' id='word_1_101' title='bbox 958 1574 1048 1629; x_wconf 89' lang='lat' dir='ltr'><strong>ille</strong></span> <span class='ocrx_word' id='word_1_102' title='bbox 1090 1589 1192 1645; x_wconf 90' lang='lat' dir='ltr'><strong>pro</strong></span> <span class='ocrx_word' id='word_1_103' title='bbox 1222 1572 1423 1645; x_wconf 81' lang='lat' dir='ltr'><strong>insigni</strong></span> <span class='ocrx_word' id='word_1_104' title='bbox 1460 1587 1559 1627; x_wconf 90' lang='lat' dir='ltr'><strong>sua</strong></span> <span class='ocrx_word' id='word_1_105' title='bbox 1591 1573 1649 1626; x_wconf 88' lang='lat' dir='ltr'><strong>itt</strong></span> <span class='ocrx_word' id='word_1_106' title='bbox 1688 1585 1777 1625; x_wconf 89' lang='lat' dir='ltr'><strong>me</strong></span> <span class='ocrx_word' id='word_1_107' title='bbox 1810 1570 1984 1624; x_wconf 87' lang='lat' dir='ltr'><strong>bene-</strong></span> 
     </span>
    </p>
   </div>
   <div class='ocr_carea' id='block_1_17' title="bbox 391 1660 1981 1736">
    <p class='ocr_par' dir='ltr' id='par_1_17' title="bbox 391 1660 1981 1736">
     <span class='ocr_line' id='line_1_17' title="bbox 391 1660 1981 1736; baseline -0.004 -14"><span class='ocrx_word' id='word_1_108' title='bbox 391 1668 674 1729; x_wconf 82' lang='lat' dir='ltr'><strong>volentia;</strong></span> <span class='ocrx_word' id='word_1_109' title='bbox 707 1667 782 1722; x_wconf 91' lang='lat' dir='ltr'><strong>ita</strong></span> <span class='ocrx_word' id='word_1_110' title='bbox 820 1683 931 1721; x_wconf 90' lang='lat' dir='ltr'><strong>non</strong></span> <span class='ocrx_word' id='word_1_111' title='bbox 974 1666 1096 1721; x_wconf 89' lang='lat' dir='ltr'><strong>sine</strong></span> <span class='ocrx_word' id='word_1_112' title='bbox 1132 1666 1315 1721; x_wconf 86' lang='lat' dir='ltr'><strong>fructu</strong></span> <span class='ocrx_word' id='word_1_113' title='bbox 1351 1674 1607 1736; x_wconf 90' lang='lat' dir='ltr'><strong>quartum</strong></span> <span class='ocrx_word' id='word_1_114' title='bbox 1644 1665 1795 1719; x_wconf 87' lang='lat' dir='ltr'><strong>hunc</strong></span> <span class='ocrx_word' id='word_1_115' title='bbox 1825 1660 1981 1717; x_wconf 60' lang='lat' dir='ltr'><strong>codio</strong></span> 
     </span>
    </p>
   </div>
   <div class='ocr_carea' id='block_1_18' title="bbox 391 1752 1977 1830">
    <p class='ocr_par' dir='ltr' id='par_1_18' title="bbox 391 1752 1977 1830">
     <span class='ocr_line' id='line_1_18' title="bbox 391 1752 1977 1830; baseline -0.006 -15"><span class='ocrx_word' id='word_1_116' title='bbox 391 1776 539 1822; x_wconf 85' lang='lat' dir='ltr'><strong>cem.</strong></span> <span class='ocrx_word' id='word_1_117' title='bbox 570 1768 839 1830; x_wconf 91' lang='lat' dir='ltr'><strong>quantum</strong></span> <span class='ocrx_word' id='word_1_118' title='bbox 883 1767 1104 1828; x_wconf 88' lang='lat' dir='ltr'><strong>tempus</strong></span> <span class='ocrx_word' id='word_1_119' title='bbox 1151 1772 1217 1812; x_wconf 88' lang='lat' dir='ltr'><strong>ac</strong></span> <span class='ocrx_word' id='word_1_120' title='bbox 1255 1774 1344 1812; x_wconf 91' lang='lat' dir='ltr'><strong>res</strong></span> <span class='ocrx_word' id='word_1_121' title='bbox 1385 1756 1522 1827; x_wconf 61' lang='lat' dir='ltr'><strong>ipsa:</strong></span> <span class='ocrx_word' id='word_1_122' title='bbox 1569 1752 1977 1826; x_wconf 88' lang='lat' dir='ltr'><strong>permittebant,</strong></span> 
     </span>
    </p>
   </div>
   <div class='ocr_carea' id='block_1_19' title="bbox 2088 557 3671 630">
    <p class='ocr_par' dir='ltr' id='par_1_19' title="bbox 2088 557 3671 630">
     <span class='ocr_line' id='line_1_19' title="bbox 2088 557 3671 630; baseline 0.006 -21"><span class='ocrx_word' id='word_1_123' title='bbox 2088 564 2269 611; x_wconf 90' lang='lat' dir='ltr'><strong>autem</strong></span> <span class='ocrx_word' id='word_1_124' title='bbox 2306 572 2400 611; x_wconf 90' lang='lat' dir='ltr'><strong>eas</strong></span> <span class='ocrx_word' id='word_1_125' title='bbox 2423 557 2689 612; x_wconf 85' lang='lat' dir='ltr'><strong>lectiones</strong></span> <span class='ocrx_word' id='word_1_126' title='bbox 2712 559 3027 614; x_wconf 84' lang='lat' dir='ltr'><strong>notavimus</strong></span> <span class='ocrx_word' id='word_1_127' title='bbox 3049 598 3066 624; x_wconf 92' lang='lat'><strong>,</strong></span> <span class='ocrx_word' id='word_1_128' title='bbox 3097 576 3219 630; x_wconf 61' lang='lat' dir='ltr'><strong>quae</strong></span> <span class='ocrx_word' id='word_1_129' title='bbox 3262 561 3317 615; x_wconf 93' lang='lat' dir='ltr'><strong>in</strong></span> <span class='ocrx_word' id='word_1_130' title='bbox 3344 570 3551 617; x_wconf 76' lang='lat' dir='ltr'><strong>textum</strong></span> <span class='ocrx_word' id='word_1_131' title='bbox 3581 580 3671 618; x_wconf 81' lang='lat' dir='ltr'><strong>re-</strong></span> 
     </span>
    </p>
   </div>
   <div class='ocr_carea' id='block_1_20' title="bbox 2087 648 3669 723">
    <p class='ocr_par' dir='ltr' id='par_1_20' title="bbox 2087 648 3669 723">
     <span class='ocr_line' id='line_1_20' title="bbox 2087 648 3669 723; baseline 0.007 -21"><span class='ocrx_word' id='word_1_132' title='bbox 2087 648 2352 719; x_wconf 73' lang='lat' dir='ltr'><strong>cipienda:</strong></span> <span class='ocrx_word' id='word_1_133' title='bbox 2402 648 2749 704; x_wconf 85' lang='lat' dir='ltr'><strong>videbantur.</strong></span> <span class='ocrx_word' id='word_1_134' title='bbox 2800 650 2991 717; x_wconf 83' lang='lat' dir='ltr'><strong>Quoad</strong></span> <span class='ocrx_word' id='word_1_135' title='bbox 3032 666 3121 706; x_wconf 91' lang='lat' dir='ltr'><strong>res</strong></span> <span class='ocrx_word' id='word_1_136' title='bbox 3162 661 3326 723; x_wconf 89' lang='lat' dir='ltr'><strong>atque</strong></span> <span class='ocrx_word' id='word_1_137' title='bbox 3367 656 3669 713; x_wconf 86' lang='lat' dir='ltr'><strong>sententias</strong></span> 
     </span>
    </p>
   </div>
   <div class='ocr_carea' id='block_1_21' title="bbox 2086 739 3667 816">
    <p class='ocr_par' dir='ltr' id='par_1_21' title="bbox 2086 739 3667 816">
     <span class='ocr_line' id='line_1_21' title="bbox 2086 739 3667 816; baseline 0.004 -22"><span class='ocrx_word' id='word_1_138' title='bbox 2086 748 2277 794; x_wconf 88' lang='lat' dir='ltr'><strong>notatu</strong></span> <span class='ocrx_word' id='word_1_139' title='bbox 2304 739 2466 809; x_wconf 87' lang='lat' dir='ltr'><strong>digna</strong></span> <span class='ocrx_word' id='word_1_140' title='bbox 2497 754 2607 793; x_wconf 93' lang='lat' dir='ltr'><strong>non</strong></span> <span class='ocrx_word' id='word_1_141' title='bbox 2629 749 2948 805; x_wconf 91' lang='lat' dir='ltr'><strong>occurrunt,</strong></span> <span class='ocrx_word' id='word_1_142' title='bbox 2986 739 3031 795; x_wconf 91' lang='lat' dir='ltr'><strong>si</strong></span> <span class='ocrx_word' id='word_1_143' title='bbox 3063 741 3279 797; x_wconf 91' lang='lat' dir='ltr'><strong>titulum</strong></span> <span class='ocrx_word' id='word_1_144' title='bbox 3301 743 3667 816; x_wconf 81' lang='lat' dir='ltr'><strong>excipiasjam</strong></span> 
     </span>
    </p>
   </div>
   <div class='ocr_carea' id='block_1_22' title="bbox 2087 832 3667 909">
    <p class='ocr_par' dir='ltr' id='par_1_22' title="bbox 2087 832 3667 909">
     <span class='ocr_line' id='line_1_22' title="bbox 2087 832 3667 909; baseline 0.004 -22"><span class='ocrx_word' id='word_1_145' title='bbox 2087 848 2253 903; x_wconf 89' lang='lat' dir='ltr'><strong>supra</strong></span> <span class='ocrx_word' id='word_1_146' title='bbox 2301 832 2349 903; x_wconf 85' lang='lat'><strong>(§</strong></span> <span class='ocrx_word' id='word_1_147' title='bbox 2368 834 2421 902; x_wconf 82' lang='lat'><strong>&#39;5)</strong></span> <span class='ocrx_word' id='word_1_148' title='bbox 2469 834 2803 905; x_wconf 90' lang='lat' dir='ltr'><strong>descriptum</strong></span> <span class='ocrx_word' id='word_1_149' title='bbox 2838 845 2894 891; x_wconf 91' lang='lat' dir='ltr'><strong>et</strong></span> <span class='ocrx_word' id='word_1_150' title='bbox 2935 836 3271 893; x_wconf 89' lang='lat' dir='ltr'><strong>mentionem</strong></span> <span class='ocrx_word' id='word_1_151' title='bbox 3314 839 3523 905; x_wconf 88' lang='lat' dir='ltr'><strong>morbi,</strong></span> <span class='ocrx_word' id='word_1_152' title='bbox 3557 856 3667 909; x_wconf 90' lang='lat' dir='ltr'><strong>quo</strong></span> 
     </span>
    </p>
   </div>
   <div class='ocr_carea' id='block_1_23' title="bbox 2087 926 3668 1001">
    <p class='ocr_par' dir='ltr' id='par_1_23' title="bbox 2087 926 3668 1001">
     <span class='ocr_line' id='line_1_23' title="bbox 2087 926 3668 1001; baseline 0.004 -22"><span class='ocrx_word' id='word_1_153' title='bbox 2087 941 2146 979; x_wconf 90' lang='lat' dir='ltr'><strong>se</strong></span> <span class='ocrx_word' id='word_1_154' title='bbox 2171 926 2452 980; x_wconf 88' lang='lat' dir='ltr'><strong>detentum</strong></span> <span class='ocrx_word' id='word_1_155' title='bbox 2496 926 2627 982; x_wconf 90' lang='lat' dir='ltr'><strong>dicit</strong></span> <span class='ocrx_word' id='word_1_156' title='bbox 2655 936 2848 982; x_wconf 88' lang='lat' dir='ltr'><strong>auctor</strong></span> <span class='ocrx_word' id='word_1_157' title='bbox 2884 930 3030 997; x_wconf 89' lang='lat' dir='ltr'><strong>(cap.</strong></span> <span class='ocrx_word' id='word_1_158' title='bbox 3064 930 3156 993; x_wconf 87' lang='lat'><strong>96,</strong></span> <span class='ocrx_word' id='word_1_159' title='bbox 3198 938 3315 984; x_wconf 92' lang='lat' dir='ltr'><strong>not.</strong></span> <span class='ocrx_word' id='word_1_160' title='bbox 3357 930 3457 1001; x_wconf 84' lang='lat'><strong>5);</strong></span> <span class='ocrx_word' id='word_1_161' title='bbox 3502 948 3668 986; x_wconf 77' lang='lat' dir='ltr'><strong>exor-</strong></span> 
     </span>
    </p>
   </div>
   <div class='ocr_carea' id='block_1_24' title="bbox 2086 1018 3666 1088">
    <p class='ocr_par' dir='ltr' id='par_1_24' title="bbox 2086 1018 3666 1088">
     <span class='ocr_line' id='line_1_24' title="bbox 2086 1018 3666 1088; baseline 0.004 -16"><span class='ocrx_word' id='word_1_162' title='bbox 2086 1018 2235 1072; x_wconf 90' lang='lat' dir='ltr'><strong>dium</strong></span> <span class='ocrx_word' id='word_1_163' title='bbox 2268 1018 2427 1088; x_wconf 92' lang='lat' dir='ltr'><strong>plane</strong></span> <span class='ocrx_word' id='word_1_164' title='bbox 2473 1018 2615 1073; x_wconf 91' lang='lat' dir='ltr'><strong>idem</strong></span> <span class='ocrx_word' id='word_1_165' title='bbox 2649 1028 2731 1073; x_wconf 88' lang='lat' dir='ltr'><strong>est</strong></span> <span class='ocrx_word' id='word_1_166' title='bbox 2778 1031 2839 1074; x_wconf 92' lang='lat' dir='ltr'><strong>ut</strong></span> <span class='ocrx_word' id='word_1_167' title='bbox 2882 1020 2937 1074; x_wconf 88' lang='lat' dir='ltr'><strong>in</strong></span> <span class='ocrx_word' id='word_1_168' title='bbox 2978 1021 3100 1075; x_wconf 89' lang='lat' dir='ltr'><strong>aliis</strong></span> <span class='ocrx_word' id='word_1_169' title='bbox 3145 1022 3425 1077; x_wconf 88' lang='lat' dir='ltr'><strong>codicibus</strong></span> <span class='ocrx_word' id='word_1_170' title='bbox 3451 1063 3465 1086; x_wconf 91' lang='lat'><strong>,</strong></span> <span class='ocrx_word' id='word_1_171' title='bbox 3519 1024 3666 1079; x_wconf 90' lang='lat' dir='ltr'><strong>idem</strong></span> 
     </span>
    </p>
   </div>
   <div class='ocr_carea' id='block_1_25' title="bbox 2086 1108 3665 1185">
    <p class='ocr_par' dir='ltr' id='par_1_25' title="bbox 2086 1108 3665 1185">
     <span class='ocr_line' id='line_1_25' title="bbox 2086 1108 3665 1185; baseline 0.005 -24"><span class='ocrx_word' id='word_1_172' title='bbox 2086 1124 2301 1179; x_wconf 84' lang='lat' dir='ltr'><strong>quoque</strong></span> <span class='ocrx_word' id='word_1_173' title='bbox 2324 1108 2447 1164; x_wconf 82' lang='lat' dir='ltr'><strong>linis</strong></span> <span class='ocrx_word' id='word_1_174' title='bbox 2471 1126 2486 1175; x_wconf 92' lang='lat'><strong>;</strong></span> <span class='ocrx_word' id='word_1_175' title='bbox 2519 1124 2698 1179; x_wconf 91' lang='lat' dir='ltr'><strong>neque</strong></span> <span class='ocrx_word' id='word_1_176' title='bbox 2727 1111 2958 1180; x_wconf 91' lang='lat' dir='ltr'><strong>reperiri</strong></span> <span class='ocrx_word' id='word_1_177' title='bbox 2987 1112 3263 1183; x_wconf 86' lang='lat' dir='ltr'><strong>quidpiam</strong></span> <span class='ocrx_word' id='word_1_178' title='bbox 3302 1115 3498 1183; x_wconf 86' lang='lat' dir='ltr'><strong>potuit,</strong></span> <span class='ocrx_word' id='word_1_179' title='bbox 3518 1116 3665 1185; x_wconf 90' lang='lat' dir='ltr'><strong>quod</strong></span> 
     </span>
    </p>
   </div>
   <div class='ocr_carea' id='block_1_26' title="bbox 2086 1197 3667 1275">
    <p class='ocr_par' dir='ltr' id='par_1_26' title="bbox 2086 1197 3667 1275">
     <span class='ocr_line' id='line_1_26' title="bbox 2086 1197 3667 1275; baseline 0.004 -22"><span class='ocrx_word' id='word_1_180' title='bbox 2086 1213 2174 1253; x_wconf 87' lang='lat' dir='ltr'><strong>res</strong></span> <span class='ocrx_word' id='word_1_181' title='bbox 2203 1197 2361 1252; x_wconf 59' lang='lat' dir='ltr'><strong>Beda!</strong></span> <span class='ocrx_word' id='word_1_182' title='bbox 2391 1198 2660 1269; x_wconf 88' lang='lat' dir='ltr'><strong>episcopi,</strong></span> <span class='ocrx_word' id='word_1_183' title='bbox 2688 1200 2775 1254; x_wconf 91' lang='lat' dir='ltr'><strong>cui</strong></span> <span class='ocrx_word' id='word_1_184' title='bbox 2801 1200 2905 1255; x_wconf 86' lang='lat' dir='ltr'><strong>hoc</strong></span> <span class='ocrx_word' id='word_1_185' title='bbox 2933 1201 2985 1255; x_wconf 93' lang='lat' dir='ltr'><strong>in</strong></span> <span class='ocrx_word' id='word_1_186' title='bbox 3003 1202 3191 1256; x_wconf 80' lang='lat' dir='ltr'><strong>codice</strong></span> <span class='ocrx_word' id='word_1_187' title='bbox 3214 1203 3349 1258; x_wconf 90' lang='lat' dir='ltr'><strong>liber</strong></span> <span class='ocrx_word' id='word_1_188' title='bbox 3370 1203 3667 1275; x_wconf 84' lang='lat' dir='ltr'><strong>inscriptus</strong></span> 
     </span>
    </p>
   </div>
   <div class='ocr_carea' id='block_1_27' title="bbox 2083 1289 3667 1365">
    <p class='ocr_par' dir='ltr' id='par_1_27' title="bbox 2083 1289 3667 1365">
     <span class='ocr_line' id='line_1_27' title="bbox 2083 1289 3667 1365; baseline 0.005 -22"><span class='ocrx_word' id='word_1_189' title='bbox 2083 1296 2188 1355; x_wconf 89' lang='lat' dir='ltr'><strong>est,</strong></span> <span class='ocrx_word' id='word_1_190' title='bbox 2220 1289 2414 1344; x_wconf 93' lang='lat' dir='ltr'><strong>melius</strong></span> <span class='ocrx_word' id='word_1_191' title='bbox 2443 1304 2508 1344; x_wconf 90' lang='lat' dir='ltr'><strong>ac</strong></span> <span class='ocrx_word' id='word_1_192' title='bbox 2536 1290 2836 1360; x_wconf 83' lang='lat' dir='ltr'><strong>perfectius</strong></span> <span class='ocrx_word' id='word_1_193' title='bbox 2871 1292 3245 1349; x_wconf 87' lang='lat' dir='ltr'><strong>adumbraret.</strong></span> <span class='ocrx_word' id='word_1_194' title='bbox 3289 1292 3418 1350; x_wconf 71' lang='lat' dir='ltr'><strong>Hmc</strong></span> <span class='ocrx_word' id='word_1_195' title='bbox 3452 1297 3667 1365; x_wconf 85' lang='lat' dir='ltr'><strong>potiora</strong></span> 
     </span>
    </p>
   </div>
   <div class='ocr_carea' id='block_1_28' title="bbox 2084 1380 3665 1453">
    <p class='ocr_par' dir='ltr' id='par_1_28' title="bbox 2084 1380 3665 1453">
     <span class='ocr_line' id='line_1_28' title="bbox 2084 1380 3665 1453; baseline 0.005 -20"><span class='ocrx_word' id='word_1_196' title='bbox 2084 1388 2231 1445; x_wconf 90' lang='lat' dir='ltr'><strong>sunt,</strong></span> <span class='ocrx_word' id='word_1_197' title='bbox 2264 1395 2385 1449; x_wconf 56' lang='lat' dir='ltr'><strong>quae.</strong></span> <span class='ocrx_word' id='word_1_198' title='bbox 2419 1380 2486 1435; x_wconf 95' lang='lat' dir='ltr'><strong>de</strong></span> <span class='ocrx_word' id='word_1_199' title='bbox 2519 1380 2637 1435; x_wconf 88' lang='lat' dir='ltr'><strong>Col.</strong></span> <span class='ocrx_word' id='word_1_200' title='bbox 2681 1381 2869 1437; x_wconf 91' lang='lat' dir='ltr'><strong>codice</strong></span> <span class='ocrx_word' id='word_1_201' title='bbox 2901 1381 2996 1437; x_wconf 92' lang='lat' dir='ltr'><strong>diu</strong></span> <span class='ocrx_word' id='word_1_202' title='bbox 3044 1384 3312 1453; x_wconf 80' lang='lat' dir='ltr'><strong>requisita</strong></span> <span class='ocrx_word' id='word_1_203' title='bbox 3344 1396 3399 1441; x_wconf 89' lang='lat' dir='ltr'><strong>et</strong></span> <span class='ocrx_word' id='word_1_204' title='bbox 3442 1386 3665 1441; x_wconf 88' lang='lat' dir='ltr'><strong>tandem</strong></span> 
     </span>
    </p>
   </div>
   <div class='ocr_carea' id='block_1_29' title="bbox 2082 1472 3665 1542">
    <p class='ocr_par' dir='ltr' id='par_1_29' title="bbox 2082 1472 3665 1542">
     <span class='ocr_line' id='line_1_29' title="bbox 2082 1472 3665 1542; baseline 0.004 -16"><span class='ocrx_word' id='word_1_205' title='bbox 2082 1472 2154 1526; x_wconf 89' lang='lat' dir='ltr'><strong>ab</strong></span> <span class='ocrx_word' id='word_1_206' title='bbox 2184 1472 2364 1527; x_wconf 91' lang='lat' dir='ltr'><strong>amico</strong></span> <span class='ocrx_word' id='word_1_207' title='bbox 2395 1488 2549 1542; x_wconf 67' lang='lat' dir='ltr'><strong>aeque</strong></span> <span class='ocrx_word' id='word_1_208' title='bbox 2579 1473 2741 1528; x_wconf 90' lang='lat' dir='ltr'><strong>docto</strong></span> <span class='ocrx_word' id='word_1_209' title='bbox 2779 1489 2844 1529; x_wconf 86' lang='lat' dir='ltr'><strong>ac</strong></span> <span class='ocrx_word' id='word_1_210' title='bbox 2882 1475 3135 1530; x_wconf 90' lang='lat' dir='ltr'><strong>modesto</strong></span> <span class='ocrx_word' id='word_1_211' title='bbox 3174 1476 3407 1532; x_wconf 80' lang='lat' dir='ltr'><strong>feliciter</strong></span> <span class='ocrx_word' id='word_1_212' title='bbox 3446 1479 3665 1534; x_wconf 85' lang='lat' dir='ltr'><strong>detecto</strong></span> 
     </span>
    </p>
   </div>
   <div class='ocr_carea' id='block_1_30' title="bbox 2082 1561 3663 1639">
    <p class='ocr_par' dir='ltr' id='par_1_30' title="bbox 2082 1561 3663 1639">
     <span class='ocr_line' id='line_1_30' title="bbox 2082 1561 3663 1639; baseline 0.006 -24"><span class='ocrx_word' id='word_1_213' title='bbox 2082 1561 2565 1617; x_wconf 87' lang='lat' dir='ltr'><strong>animadvertenda</strong></span> <span class='ocrx_word' id='word_1_214' title='bbox 2600 1564 2793 1619; x_wconf 84' lang='lat' dir='ltr'><strong>habeo.</strong></span> <span class='ocrx_word' id='word_1_215' title='bbox 2816 1565 3003 1635; x_wconf 87' lang='lat' dir='ltr'><strong>Neque</strong></span> <span class='ocrx_word' id='word_1_216' title='bbox 3037 1566 3125 1621; x_wconf 92' lang='lat' dir='ltr'><strong>hic</strong></span> <span class='ocrx_word' id='word_1_217' title='bbox 3148 1568 3301 1622; x_wconf 89' lang='lat' dir='ltr'><strong>stetit</strong></span> <span class='ocrx_word' id='word_1_218' title='bbox 3326 1570 3529 1639; x_wconf 76' lang='lat' dir='ltr'><strong>egregii</strong></span> <span class='ocrx_word' id='word_1_219' title='bbox 3557 1571 3663 1625; x_wconf 84' lang='lat' dir='ltr'><strong>viri</strong></span> 
     </span>
    </p>
   </div>
   <div class='ocr_carea' id='block_1_31' title="bbox 2081 1652 3665 1728">
    <p class='ocr_par' dir='ltr' id='par_1_31' title="bbox 2081 1652 3665 1728">
     <span class='ocr_line' id='line_1_31' title="bbox 2081 1652 3665 1728; baseline 0.008 -23"><span class='ocrx_word' id='word_1_220' title='bbox 2081 1652 2256 1719; x_wconf 88' lang='lat' dir='ltr'><strong>labor,</strong></span> <span class='ocrx_word' id='word_1_221' title='bbox 2283 1653 2379 1707; x_wconf 91' lang='lat' dir='ltr'><strong>sed</strong></span> <span class='ocrx_word' id='word_1_222' title='bbox 2404 1669 2499 1709; x_wconf 86' lang='lat' dir='ltr'><strong>sua</strong></span> <span class='ocrx_word' id='word_1_223' title='bbox 2532 1663 2729 1724; x_wconf 92' lang='lat' dir='ltr'><strong>sponte</strong></span> <span class='ocrx_word' id='word_1_224' title='bbox 2784 1656 2887 1711; x_wconf 88' lang='lat' dir='ltr'><strong>alia</strong></span> <span class='ocrx_word' id='word_1_225' title='bbox 2914 1658 3077 1727; x_wconf 84' lang='lat' dir='ltr'><strong>hujus</strong></span> <span class='ocrx_word' id='word_1_226' title='bbox 3108 1659 3293 1728; x_wconf 87' lang='lat' dir='ltr'><strong>operis</strong></span> <span class='ocrx_word' id='word_1_227' title='bbox 3327 1677 3461 1715; x_wconf 81' lang='lat' dir='ltr'><strong>mss.</strong></span> <span class='ocrx_word' id='word_1_228' title='bbox 3518 1662 3665 1717; x_wconf 79' lang='lat' dir='ltr'><strong>inve-</strong></span> 
     </span>
    </p>
   </div>
   <div class='ocr_carea' id='block_1_32' title="bbox 2082 1742 3663 1822">
    <p class='ocr_par' dir='ltr' id='par_1_32' title="bbox 2082 1742 3663 1822">
     <span class='ocr_line' id='line_1_32' title="bbox 2082 1742 3663 1822; baseline 0.008 -25"><span class='ocrx_word' id='word_1_229' title='bbox 2082 1742 2201 1797; x_wconf 89' lang='lat' dir='ltr'><strong>nire</strong></span> <span class='ocrx_word' id='word_1_230' title='bbox 2222 1753 2496 1816; x_wconf 82' lang='lat' dir='ltr'><strong>satagens,</strong></span> <span class='ocrx_word' id='word_1_231' title='bbox 2519 1755 2575 1800; x_wconf 91' lang='lat' dir='ltr'><strong>et</strong></span> <span class='ocrx_word' id='word_1_232' title='bbox 2601 1745 2865 1801; x_wconf 91' lang='lat' dir='ltr'><strong>Ottobon.</strong></span> <span class='ocrx_word' id='word_1_233' title='bbox 2891 1748 3013 1802; x_wconf 91' lang='lat' dir='ltr'><strong>cod.</strong></span> <span class='ocrx_word' id='word_1_234' title='bbox 3046 1764 3105 1802; x_wconf 94' lang='lat' dir='ltr'><strong>n.</strong></span> <span class='ocrx_word' id='word_1_235' title='bbox 3136 1748 3206 1803; x_wconf 76' lang='grc'><strong>27</strong></span> <span class='ocrx_word' id='word_1_236' title='bbox 3224 1760 3417 1806; x_wconf 87' lang='lat' dir='ltr'><strong>nactus</strong></span> <span class='ocrx_word' id='word_1_237' title='bbox 3441 1761 3546 1814; x_wconf 89' lang='lat' dir='ltr'><strong>est,</strong></span> <span class='ocrx_word' id='word_1_238' title='bbox 3565 1754 3663 1822; x_wconf 86' lang='lat' dir='ltr'><strong>qui</strong></span> 
     </span>
    </p>
   </div>
   <div class='ocr_carea' id='block_1_33' title="bbox 392 1813 3663 1913">
    <p class='ocr_par' dir='ltr' id='par_1_33' title="bbox 392 1813 3663 1913">
     <span class='ocr_line' id='line_1_33' title="bbox 392 1813 3663 1913; baseline -0.002 -6"><span class='ocrx_word' id='word_1_239' title='bbox 392 1813 658 1909; x_wconf 45' lang='lat' dir='ltr'><strong>adhibe&#39;re</strong></span> <span class='ocrx_word' id='word_1_240' title='bbox 689 1853 870 1907; x_wconf 89' lang='lat' dir='ltr'><strong>adhuc</strong></span> <span class='ocrx_word' id='word_1_241' title='bbox 909 1813 1086 1908; x_wconf 67' lang='lat' dir='ltr'><strong>lietiit.</strong></span> <span class='ocrx_word' id='word_1_242' title='bbox 1135 1851 1305 1907; x_wconf 89' lang='lat' dir='ltr'><strong>Porro</strong></span> <span class='ocrx_word' id='word_1_243' title='bbox 1337 1813 1725 1906; x_wconf 67' lang='lat' dir='ltr'><strong>Columnensis</strong></span> <span class='ocrx_word' id='word_1_244' title='bbox 1766 1847 1937 1903; x_wconf 80' lang='lat' dir='ltr'><strong>codex</strong></span> <span class='ocrx_word' id='word_1_245' title='bbox 1958 1886 1977 1913; x_wconf 90' lang='lat'><strong>,</strong></span> <span class='ocrx_word' id='word_1_246' title='bbox 2010 1813 2051 1868; x_wconf 74' lang='grc' dir='ltr'><strong><em>Β</em></strong></span> <span class='ocrx_word' id='word_1_247' title='bbox 2081 1843 2262 1889; x_wconf 58' lang='lat' dir='ltr'><strong>“me”</strong></span> <span class='ocrx_word' id='word_1_248' title='bbox 2294 1836 2424 1889; x_wconf 76' lang='lat' dir='ltr'><strong>“um</strong></span> <span class='ocrx_word' id='word_1_249' title='bbox 2466 1837 2700 1908; x_wconf 68' lang='lat' dir='ltr'><strong>amplius</strong></span> <span class='ocrx_word' id='word_1_250' title='bbox 2738 1838 2860 1892; x_wconf 75' lang='grc' dir='ltr'>υδυί</span> <span class='ocrx_word' id='word_1_251' title='bbox 2895 1848 3047 1904; x_wconf 65' lang='grc' dir='ltr'><strong>παις</strong></span> <span class='ocrx_word' id='word_1_252' title='bbox 3081 1855 3209 1894; x_wconf 76' lang='lat' dir='ltr'><strong>nam</strong></span> <span class='ocrx_word' id='word_1_253' title='bbox 3239 1842 3492 1898; x_wconf 80' lang='lat' dir='ltr'><strong>eumdem</strong></span> <span class='ocrx_word' id='word_1_254' title='bbox 3537 1859 3663 1899; x_wconf 81' lang='lat' dir='ltr'><strong>om-</strong></span> 
     </span>
    </p>
   </div>
   <div class='ocr_carea' id='block_1_34' title="bbox 393 1941 1979 2017">
    <p class='ocr_par' dir='ltr' id='par_1_34' title="bbox 393 1941 1979 2017">
     <span class='ocr_line' id='line_1_34' title="bbox 393 1941 1979 2017; baseline -0.006 -15"><span class='ocrx_word' id='word_1_255' title='bbox 393 1957 455 2002; x_wconf 88' lang='lat' dir='ltr'><strong>ut</strong></span> <span class='ocrx_word' id='word_1_256' title='bbox 475 1948 585 2017; x_wconf 83' lang='lat' dir='ltr'><strong>jam</strong></span> <span class='ocrx_word' id='word_1_257' title='bbox 610 1945 781 2001; x_wconf 86' lang='lat' dir='ltr'><strong>Maius</strong></span> <span class='ocrx_word' id='word_1_258' title='bbox 804 1946 1146 2007; x_wconf 90' lang='lat' dir='ltr'><strong>observarat,</strong></span> <span class='ocrx_word' id='word_1_259' title='bbox 1163 1943 1443 2013; x_wconf 83' lang='lat' dir='ltr'><strong>exemplar</strong></span> <span class='ocrx_word' id='word_1_260' title='bbox 1462 1941 1779 2012; x_wconf 88' lang='lat' dir='ltr'><strong>suppeditat</strong></span> <span class='ocrx_word' id='word_1_261' title='bbox 1798 1953 1979 1994; x_wconf 87' lang='lat' dir='ltr'><strong>emen-</strong></span> 
     </span>
    </p>
   </div>
   <div class='ocr_carea' id='block_1_35' title="bbox 393 2029 1979 2104">
    <p class='ocr_par' dir='ltr' id='par_1_35' title="bbox 393 2029 1979 2104">
     <span class='ocr_line' id='line_1_35' title="bbox 393 2029 1979 2104; baseline -0.006 -13"><span class='ocrx_word' id='word_1_262' title='bbox 393 2035 740 2091; x_wconf 89' lang='lat' dir='ltr'><strong>datissimum</strong></span> <span class='ocrx_word' id='word_1_263' title='bbox 766 2051 781 2099; x_wconf 93' lang='lat'><strong>;</strong></span> <span class='ocrx_word' id='word_1_264' title='bbox 812 2034 1063 2104; x_wconf 90' lang='lat' dir='ltr'><strong>pluribus</strong></span> <span class='ocrx_word' id='word_1_265' title='bbox 1093 2032 1148 2087; x_wconf 92' lang='lat' dir='ltr'><strong>in</strong></span> <span class='ocrx_word' id='word_1_266' title='bbox 1180 2032 1317 2087; x_wconf 92' lang='lat' dir='ltr'><strong>locis</strong></span> <span class='ocrx_word' id='word_1_267' title='bbox 1352 2046 1477 2086; x_wconf 92' lang='lat' dir='ltr'><strong>cum</strong></span> <span class='ocrx_word' id='word_1_268' title='bbox 1525 2029 1839 2085; x_wconf 87' lang='lat' dir='ltr'><strong>Monacensi</strong></span> <span class='ocrx_word' id='word_1_269' title='bbox 1874 2042 1979 2082; x_wconf 91' lang='lat' dir='ltr'><strong>no-</strong></span> 
     </span>
    </p>
   </div>
   <div class='ocr_carea' id='block_1_36' title="bbox 394 2117 1979 2190">
    <p class='ocr_par' dir='ltr' id='par_1_36' title="bbox 394 2117 1979 2190">
     <span class='ocr_line' id='line_1_36' title="bbox 394 2117 1979 2190; baseline -0.006 -10"><span class='ocrx_word' id='word_1_270' title='bbox 394 2135 511 2181; x_wconf 86' lang='lat' dir='ltr'><strong>stro</strong></span> <span class='ocrx_word' id='word_1_271' title='bbox 536 2125 765 2179; x_wconf 90' lang='lat' dir='ltr'><strong>omnino</strong></span> <span class='ocrx_word' id='word_1_272' title='bbox 814 2123 1151 2187; x_wconf 88' lang='lat' dir='ltr'><strong>concordat,</strong></span> <span class='ocrx_word' id='word_1_273' title='bbox 1195 2121 1436 2190; x_wconf 71' lang='lat' dir='ltr'><strong>stepius,</strong></span> <span class='ocrx_word' id='word_1_274' title='bbox 1486 2119 1581 2174; x_wconf 93' lang='lat' dir='ltr'><strong>ubi</strong></span> <span class='ocrx_word' id='word_1_275' title='bbox 1612 2119 1789 2173; x_wconf 90' lang='lat' dir='ltr'><strong>varias</strong></span> <span class='ocrx_word' id='word_1_276' title='bbox 1833 2117 1979 2171; x_wconf 92' lang='lat' dir='ltr'><strong>inter</strong></span> 
     </span>
    </p>
   </div>
   <div class='ocr_carea' id='block_1_37' title="bbox 394 2206 1977 2287">
    <p class='ocr_par' dir='ltr' id='par_1_37' title="bbox 394 2206 1977 2287">
     <span class='ocr_line' id='line_1_37' title="bbox 394 2206 1977 2287; baseline -0.007 -15"><span class='ocrx_word' id='word_1_277' title='bbox 394 2218 665 2272; x_wconf 87' lang='lat' dir='ltr'><strong>lectiones</strong></span> <span class='ocrx_word' id='word_1_278' title='bbox 690 2214 1003 2287; x_wconf 89' lang='lat' dir='ltr'><strong>eligendum</strong></span> <span class='ocrx_word' id='word_1_279' title='bbox 1034 2213 1197 2268; x_wconf 91' lang='lat' dir='ltr'><strong>nobis</strong></span> <span class='ocrx_word' id='word_1_280' title='bbox 1232 2222 1350 2267; x_wconf 92' lang='lat' dir='ltr'><strong>erat</strong></span> <span class='ocrx_word' id='word_1_281' title='bbox 1370 2252 1385 2277; x_wconf 97' lang='lat'><strong>,</strong></span> <span class='ocrx_word' id='word_1_282' title='bbox 1431 2210 1723 2267; x_wconf 86' lang='lat' dir='ltr'><strong>lectionem</strong></span> <span class='ocrx_word' id='word_1_283' title='bbox 1750 2224 1780 2264; x_wconf 93' lang='lat' dir='ltr'><strong>a</strong></span> <span class='ocrx_word' id='word_1_284' title='bbox 1813 2206 1977 2262; x_wconf 82' lang='lat' dir='ltr'><strong>nobis</strong></span> 
     </span>
    </p>
   </div>
   <div class='ocr_carea' id='block_1_38' title="bbox 394 2301 1977 2378">
    <p class='ocr_par' dir='ltr' id='par_1_38' title="bbox 394 2301 1977 2378">
     <span class='ocr_line' id='line_1_38' title="bbox 394 2301 1977 2378; baseline -0.006 -15"><span class='ocrx_word' id='word_1_285' title='bbox 394 2309 705 2378; x_wconf 88' lang='lat' dir='ltr'><strong>adoptatam</strong></span> <span class='ocrx_word' id='word_1_286' title='bbox 727 2306 1035 2372; x_wconf 77' lang='lat' dir='ltr'><strong>continuat,</strong></span> <span class='ocrx_word' id='word_1_287' title='bbox 1064 2305 1119 2359; x_wconf 93' lang='lat' dir='ltr'><strong>in</strong></span> <span class='ocrx_word' id='word_1_288' title='bbox 1141 2304 1264 2358; x_wconf 90' lang='lat' dir='ltr'><strong>aliis</strong></span> <span class='ocrx_word' id='word_1_289' title='bbox 1289 2317 1420 2357; x_wconf 90' lang='lat' dir='ltr'><strong>vero</strong></span> <span class='ocrx_word' id='word_1_290' title='bbox 1447 2301 1608 2367; x_wconf 91' lang='lat' dir='ltr'><strong>locis,</strong></span> <span class='ocrx_word' id='word_1_291' title='bbox 1628 2301 1808 2371; x_wconf 91' lang='lat' dir='ltr'><strong>iisque</strong></span> <span class='ocrx_word' id='word_1_292' title='bbox 1837 2314 1977 2371; x_wconf 88' lang='lat' dir='ltr'><strong>pau-</strong></span> 
     </span>
    </p>
   </div>
   <div class='ocr_carea' id='block_1_39' title="bbox 393 2392 1975 2469">
    <p class='ocr_par' dir='ltr' id='par_1_39' title="bbox 393 2392 1975 2469">
     <span class='ocr_line' id='line_1_39' title="bbox 393 2392 1975 2469; baseline -0.006 -13"><span class='ocrx_word' id='word_1_293' title='bbox 393 2402 671 2465; x_wconf 89' lang='lat' dir='ltr'><strong>cioribus,</strong></span> <span class='ocrx_word' id='word_1_294' title='bbox 720 2398 882 2453; x_wconf 88' lang='lat' dir='ltr'><strong>nobis</strong></span> <span class='ocrx_word' id='word_1_295' title='bbox 940 2397 1267 2469; x_wconf 81' lang='lat' dir='ltr'><strong>refragatur.</strong></span> <span class='ocrx_word' id='word_1_296' title='bbox 1322 2394 1518 2450; x_wconf 82' lang='lat' dir='ltr'><strong>Plures</strong></span> <span class='ocrx_word' id='word_1_297' title='bbox 1562 2407 1695 2448; x_wconf 87' lang='lat' dir='ltr'><strong>sane</strong></span> <span class='ocrx_word' id='word_1_298' title='bbox 1727 2392 1975 2462; x_wconf 84' lang='lat' dir='ltr'><strong>ejusdem</strong></span> 
     </span>
    </p>
   </div>
   <div class='ocr_carea' id='block_1_40' title="bbox 395 2486 1977 2560">
    <p class='ocr_par' dir='ltr' id='par_1_40' title="bbox 395 2486 1977 2560">
     <span class='ocr_line' id='line_1_40' title="bbox 395 2486 1977 2560; baseline -0.006 -13"><span class='ocrx_word' id='word_1_299' title='bbox 395 2492 658 2548; x_wconf 87' lang='lat' dir='ltr'><strong>lectiones</strong></span> <span class='ocrx_word' id='word_1_300' title='bbox 687 2490 970 2560; x_wconf 78' lang='lat' dir='ltr'><strong>amplexus</strong></span> <span class='ocrx_word' id='word_1_301' title='bbox 998 2504 1179 2545; x_wconf 89' lang='lat' dir='ltr'><strong>essem</strong></span> <span class='ocrx_word' id='word_1_302' title='bbox 1211 2529 1226 2553; x_wconf 91' lang='lat'><strong>,</strong></span> <span class='ocrx_word' id='word_1_303' title='bbox 1280 2487 1329 2543; x_wconf 91' lang='lat' dir='ltr'><strong>si</strong></span> <span class='ocrx_word' id='word_1_304' title='bbox 1381 2486 1519 2542; x_wconf 88' lang='lat' dir='ltr'><strong>mihi</strong></span> <span class='ocrx_word' id='word_1_305' title='bbox 1570 2495 1732 2541; x_wconf 82' lang='lat' dir='ltr'><strong>antea</strong></span> <span class='ocrx_word' id='word_1_306' title='bbox 1774 2493 1977 2555; x_wconf 70' lang='lat' dir='ltr'><strong>praesto</strong></span> 
     </span>
    </p>
   </div>
   <div class='ocr_carea' id='block_1_41' title="bbox 393 2575 1978 2641">
    <p class='ocr_par' dir='ltr' id='par_1_41' title="bbox 393 2575 1978 2641">
     <span class='ocr_line' id='line_1_41' title="bbox 393 2575 1978 2641; baseline -0.004 -4"><span class='ocrx_word' id='word_1_307' title='bbox 393 2582 648 2637; x_wconf 78' lang='lat' dir='ltr'><strong>fuissent.</strong></span> <span class='ocrx_word' id='word_1_308' title='bbox 689 2581 895 2636; x_wconf 77' lang='lat' dir='ltr'><strong>Verum</strong></span> <span class='ocrx_word' id='word_1_309' title='bbox 945 2579 1076 2635; x_wconf 92' lang='lat' dir='ltr'><strong>dum</strong></span> <span class='ocrx_word' id='word_1_310' title='bbox 1117 2579 1185 2634; x_wconf 93' lang='lat' dir='ltr'><strong>iis</strong></span> <span class='ocrx_word' id='word_1_311' title='bbox 1214 2578 1492 2641; x_wconf 84' lang='lat' dir='ltr'><strong>carebam,</strong></span> <span class='ocrx_word' id='word_1_312' title='bbox 1528 2576 1699 2631; x_wconf 91' lang='lat' dir='ltr'><strong>nimia</strong></span> <span class='ocrx_word' id='word_1_313' title='bbox 1744 2575 1978 2631; x_wconf 88' lang='lat' dir='ltr'><strong>fortasse</strong></span> 
     </span>
    </p>
   </div>
   <div class='ocr_carea' id='block_1_42' title="bbox 393 2668 1976 2742">
    <p class='ocr_par' dir='ltr' id='par_1_42' title="bbox 393 2668 1976 2742">
     <span class='ocr_line' id='line_1_42' title="bbox 393 2668 1976 2742; baseline -0.004 -15"><span class='ocrx_word' id='word_1_314' title='bbox 393 2673 670 2727; x_wconf 78' lang='lat' dir='ltr'><strong>anxietate</strong></span> <span class='ocrx_word' id='word_1_315' title='bbox 699 2672 924 2736; x_wconf 87' lang='lat' dir='ltr'><strong>ductus,</strong></span> <span class='ocrx_word' id='word_1_316' title='bbox 955 2670 1211 2742; x_wconf 82' lang='lat' dir='ltr'><strong>religioni</strong></span> <span class='ocrx_word' id='word_1_317' title='bbox 1254 2670 1396 2725; x_wconf 89' lang='lat' dir='ltr'><strong>mihi</strong></span> <span class='ocrx_word' id='word_1_318' title='bbox 1417 2668 1690 2725; x_wconf 87' lang='lat' dir='ltr'><strong>ducebam</strong></span> <span class='ocrx_word' id='word_1_319' title='bbox 1714 2707 1730 2733; x_wconf 97' lang='lat'><strong>,</strong></span> <span class='ocrx_word' id='word_1_320' title='bbox 1784 2677 1976 2722; x_wconf 90' lang='lat' dir='ltr'><strong>contra</strong></span> 
     </span>
    </p>
   </div>
   <div class='ocr_carea' id='block_1_43' title="bbox 395 2760 1978 2834">
    <p class='ocr_par' dir='ltr' id='par_1_43' title="bbox 395 2760 1978 2834">
     <span class='ocr_line' id='line_1_43' title="bbox 395 2760 1978 2834; baseline -0.004 -14"><span class='ocrx_word' id='word_1_321' title='bbox 395 2780 529 2820; x_wconf 88' lang='lat' dir='ltr'><strong>mss.</strong></span> <span class='ocrx_word' id='word_1_322' title='bbox 552 2763 963 2829; x_wconf 88' lang='lat' dir='ltr'><strong>auctoritatem,</strong></span> <span class='ocrx_word' id='word_1_323' title='bbox 1000 2762 1182 2834; x_wconf 88' lang='lat' dir='ltr'><strong>prouti</strong></span> <span class='ocrx_word' id='word_1_324' title='bbox 1218 2772 1351 2818; x_wconf 92' lang='lat' dir='ltr'><strong>tunc</strong></span> <span class='ocrx_word' id='word_1_325' title='bbox 1384 2761 1661 2833; x_wconf 80' lang='lat' dir='ltr'><strong>explorata</strong></span> <span class='ocrx_word' id='word_1_326' title='bbox 1692 2768 1827 2826; x_wconf 89' lang='lat' dir='ltr'><strong>erat,</strong></span> <span class='ocrx_word' id='word_1_327' title='bbox 1855 2760 1978 2814; x_wconf 91' lang='lat' dir='ltr'><strong>sine</strong></span> 
     </span>
    </p>
   </div>
   <div class='ocr_carea' id='block_1_44' title="bbox 395 2853 1976 2923">
    <p class='ocr_par' dir='ltr' id='par_1_44' title="bbox 395 2853 1976 2923">
     <span class='ocr_line' id='line_1_44' title="bbox 395 2853 1976 2923; baseline -0.004 -14"><span class='ocrx_word' id='word_1_328' title='bbox 395 2869 565 2910; x_wconf 88' lang='lat' dir='ltr'><strong>causa</strong></span> <span class='ocrx_word' id='word_1_329' title='bbox 640 2853 964 2923; x_wconf 87' lang='lat' dir='ltr'><strong>gravissima</strong></span> <span class='ocrx_word' id='word_1_330' title='bbox 1036 2853 1329 2907; x_wconf 87' lang='lat' dir='ltr'><strong>immutare</strong></span> <span class='ocrx_word' id='word_1_331' title='bbox 1376 2860 1620 2918; x_wconf 79' lang='lat' dir='ltr'><strong>textum;</strong></span> <span class='ocrx_word' id='word_1_332' title='bbox 1672 2865 1777 2905; x_wconf 92' lang='lat' dir='ltr'><strong>nec</strong></span> <span class='ocrx_word' id='word_1_333' title='bbox 1811 2863 1976 2904; x_wconf 90' lang='lat' dir='ltr'><strong>causa</strong></span> 
     </span>
    </p>
   </div>
   <div class='ocr_carea' id='block_1_45' title="bbox 396 2938 1976 3014">
    <p class='ocr_par' dir='ltr' id='par_1_45' title="bbox 396 2938 1976 3014">
     <span class='ocr_line' id='line_1_45' title="bbox 396 2938 1976 3014; baseline -0.003 -18"><span class='ocrx_word' id='word_1_334' title='bbox 396 2943 529 2997; x_wconf 88' lang='lat' dir='ltr'><strong>satis</strong></span> <span class='ocrx_word' id='word_1_335' title='bbox 552 2942 731 3014; x_wconf 92' lang='lat' dir='ltr'><strong>gravis</strong></span> <span class='ocrx_word' id='word_1_336' title='bbox 770 2942 909 2996; x_wconf 92' lang='lat' dir='ltr'><strong>mihi</strong></span> <span class='ocrx_word' id='word_1_337' title='bbox 945 2940 1238 2996; x_wconf 85' lang='lat' dir='ltr'><strong>videbatur</strong></span> <span class='ocrx_word' id='word_1_338' title='bbox 1269 2940 1436 2995; x_wconf 87' lang='lat' dir='ltr'><strong>dictio</strong></span> <span class='ocrx_word' id='word_1_339' title='bbox 1483 2939 1669 2994; x_wconf 92' lang='lat' dir='ltr'><strong>minus</strong></span> <span class='ocrx_word' id='word_1_340' title='bbox 1699 2938 1976 2994; x_wconf 91' lang='lat' dir='ltr'><strong>interdum</strong></span> 
     </span>
    </p>
   </div>
   <div class='ocr_carea' id='block_1_46' title="bbox 396 3030 1975 3103">
    <p class='ocr_par' dir='ltr' id='par_1_46' title="bbox 396 3030 1975 3103">
     <span class='ocr_line' id='line_1_46' title="bbox 396 3030 1975 3103; baseline -0.003 -14"><span class='ocrx_word' id='word_1_341' title='bbox 396 3035 667 3090; x_wconf 89' lang='lat' dir='ltr'><strong>concinna</strong></span> <span class='ocrx_word' id='word_1_342' title='bbox 698 3043 864 3103; x_wconf 92' lang='lat' dir='ltr'><strong>atque</strong></span> <span class='ocrx_word' id='word_1_343' title='bbox 902 3032 1068 3088; x_wconf 91' lang='lat' dir='ltr'><strong>etiam</strong></span> <span class='ocrx_word' id='word_1_344' title='bbox 1101 3033 1576 3103; x_wconf 80' lang='lat' dir='ltr'><strong>grammaticorum</strong></span> <span class='ocrx_word' id='word_1_345' title='bbox 1614 3030 1975 3101; x_wconf 84' lang='lat' dir='ltr'><strong>quarumdam</strong></span> 
     </span>
    </p>
   </div>
   <div class='ocr_carea' id='block_1_47' title="bbox 394 3121 2045 3219">
    <p class='ocr_par' dir='ltr' id='par_1_47' title="bbox 394 3121 2045 3219">
     <span class='ocr_line' id='line_1_47' title="bbox 394 3121 2045 3219; baseline -0.001 -42"><span class='ocrx_word' id='word_1_346' title='bbox 394 3125 574 3195; x_wconf 91' lang='lat' dir='ltr'><strong>legum</strong></span> <span class='ocrx_word' id='word_1_347' title='bbox 602 3124 891 3196; x_wconf 89' lang='lat' dir='ltr'><strong>neglectio,</strong></span> <span class='ocrx_word' id='word_1_348' title='bbox 917 3139 1038 3194; x_wconf 71' lang='lat' dir='ltr'><strong>qute</strong></span> <span class='ocrx_word' id='word_1_349' title='bbox 1066 3123 1225 3178; x_wconf 90' lang='lat' dir='ltr'><strong>facile</strong></span> <span class='ocrx_word' id='word_1_350' title='bbox 1247 3124 1301 3177; x_wconf 90' lang='lat' dir='ltr'><strong>in</strong></span> <span class='ocrx_word' id='word_1_351' title='bbox 1327 3122 1653 3194; x_wconf 87' lang='lat' dir='ltr'><strong>posterioris</strong></span> <span class='ocrx_word' id='word_1_352' title='bbox 1668 3121 1977 3178; x_wconf 66' lang='lat' dir='ltr'><strong>Graecitatis</strong></span> <span class='ocrx_word' id='word_1_353' title='bbox 2002 3160 2045 3219; x_wconf 62' lang='grc' dir='ltr'>ο</span> 
     </span>
    </p>
   </div>
   <div class='ocr_carea' id='block_1_48' title="bbox 394 3212 1973 3284">
    <p class='ocr_par' dir='ltr' id='par_1_48' title="bbox 394 3212 1973 3284">
     <span class='ocr_line' id='line_1_48' title="bbox 394 3212 1973 3284; baseline -0.001 -14"><span class='ocrx_word' id='word_1_354' title='bbox 394 3225 697 3280; x_wconf 73' lang='lat' dir='ltr'><strong>auctorem,</strong></span> <span class='ocrx_word' id='word_1_355' title='bbox 723 3229 960 3284; x_wconf 90' lang='lat' dir='ltr'><strong>eumque</strong></span> <span class='ocrx_word' id='word_1_356' title='bbox 984 3214 1112 3269; x_wconf 86' lang='lat' dir='ltr'><strong>licet</strong></span> <span class='ocrx_word' id='word_1_357' title='bbox 1154 3212 1607 3279; x_wconf 83' lang='lat' dir='ltr'><strong>eruditissimum,</strong></span> <span class='ocrx_word' id='word_1_358' title='bbox 1634 3224 1816 3270; x_wconf 91' lang='lat' dir='ltr'><strong>tamen</strong></span> <span class='ocrx_word' id='word_1_359' title='bbox 1852 3228 1973 3269; x_wconf 82' lang='lat' dir='ltr'><strong>ser-</strong></span> 
     </span>
    </p>
   </div>
   <div class='ocr_carea' id='block_1_49' title="bbox 393 3303 1976 3377">
    <p class='ocr_par' dir='ltr' id='par_1_49' title="bbox 393 3303 1976 3377">
     <span class='ocr_line' id='line_1_49' title="bbox 393 3303 1976 3377; baseline -0.001 -18"><span class='ocrx_word' id='word_1_360' title='bbox 393 3305 575 3360; x_wconf 91' lang='lat' dir='ltr'><strong>monis</strong></span> <span class='ocrx_word' id='word_1_361' title='bbox 603 3304 890 3377; x_wconf 75' lang='lat' dir='ltr'><strong>elegantite</strong></span> <span class='ocrx_word' id='word_1_362' title='bbox 926 3319 990 3359; x_wconf 90' lang='lat' dir='ltr'><strong>ac</strong></span> <span class='ocrx_word' id='word_1_363' title='bbox 1021 3304 1244 3374; x_wconf 88' lang='lat' dir='ltr'><strong>puritati</strong></span> <span class='ocrx_word' id='word_1_364' title='bbox 1276 3303 1423 3358; x_wconf 90' lang='lat' dir='ltr'><strong>haud</strong></span> <span class='ocrx_word' id='word_1_365' title='bbox 1450 3318 1785 3376; x_wconf 85' lang='lat' dir='ltr'><strong>magnopere</strong></span> <span class='ocrx_word' id='word_1_366' title='bbox 1822 3303 1976 3359; x_wconf 88' lang='lat' dir='ltr'><strong>dedi-</strong></span> 
     </span>
    </p>
   </div>
   <div class='ocr_carea' id='block_1_50' title="bbox 392 3396 1976 3468">
    <p class='ocr_par' dir='ltr' id='par_1_50' title="bbox 392 3396 1976 3468">
     <span class='ocr_line' id='line_1_50' title="bbox 392 3396 1976 3468; baseline -0.001 -17"><span class='ocrx_word' id='word_1_367' title='bbox 392 3406 529 3460; x_wconf 91' lang='lat' dir='ltr'><strong>tum,</strong></span> <span class='ocrx_word' id='word_1_368' title='bbox 564 3396 674 3451; x_wconf 92' lang='lat' dir='ltr'><strong>imo</strong></span> <span class='ocrx_word' id='word_1_369' title='bbox 695 3396 751 3450; x_wconf 92' lang='lat' dir='ltr'><strong>in</strong></span> <span class='ocrx_word' id='word_1_370' title='bbox 783 3396 1076 3452; x_wconf 87' lang='lat' dir='ltr'><strong>scribendo</strong></span> <span class='ocrx_word' id='word_1_371' title='bbox 1112 3396 1268 3467; x_wconf 88' lang='lat' dir='ltr'><strong>justo</strong></span> <span class='ocrx_word' id='word_1_372' title='bbox 1291 3396 1752 3468; x_wconf 86' lang='lat' dir='ltr'><strong>negligentiorem</strong></span> <span class='ocrx_word' id='word_1_373' title='bbox 1780 3404 1869 3461; x_wconf 89' lang='lat' dir='ltr'><strong>et,</strong></span> <span class='ocrx_word' id='word_1_374' title='bbox 1913 3404 1976 3451; x_wconf 87' lang='lat' dir='ltr'><strong>ut</strong></span> 
     </span>
    </p>
   </div>
   <div class='ocr_carea' id='block_1_51' title="bbox 391 3484 1970 3557">
    <p class='ocr_par' dir='ltr' id='par_1_51' title="bbox 391 3484 1970 3557">
     <span class='ocr_line' id='line_1_51' title="bbox 391 3484 1970 3557; baseline 0.001 -17"><span class='ocrx_word' id='word_1_375' title='bbox 391 3486 510 3556; x_wconf 83' lang='lat' dir='ltr'><strong>ipse</strong></span> <span class='ocrx_word' id='word_1_376' title='bbox 562 3486 767 3541; x_wconf 88' lang='lat' dir='ltr'><strong>indicat</strong></span> <span class='ocrx_word' id='word_1_377' title='bbox 807 3484 1050 3555; x_wconf 74' lang='lat' dir='ltr'><strong>(Praefat.</strong></span> <span class='ocrx_word' id='word_1_378' title='bbox 1112 3485 1167 3541; x_wconf 93' lang='lat' dir='ltr'><strong>in</strong></span> <span class='ocrx_word' id='word_1_379' title='bbox 1231 3486 1560 3557; x_wconf 77' lang='lat' dir='ltr'><strong>Amphiloch.</strong></span> <span class='ocrx_word' id='word_1_380' title='bbox 1630 3485 1833 3553; x_wconf 72' lang='lat' dir='ltr'><strong>Quam.</strong></span> <span class='ocrx_word' id='word_1_381' title='bbox 1880 3486 1970 3543; x_wconf 87' lang='lat' dir='ltr'><strong>ed.</strong></span> 
     </span>
    </p>
   </div>
   <div class='ocr_carea' id='block_1_52' title="bbox 390 3576 1976 3650">
    <p class='ocr_par' dir='ltr' id='par_1_52' title="bbox 390 3576 1976 3650">
     <span class='ocr_line' id='line_1_52' title="bbox 390 3576 1976 3650; baseline 0 -18"><span class='ocrx_word' id='word_1_382' title='bbox 390 3576 563 3633; x_wconf 82' lang='lat' dir='ltr'><strong>Scotti</strong></span> <span class='ocrx_word' id='word_1_383' title='bbox 592 3593 720 3649; x_wconf 87' lang='lat' dir='ltr'><strong>pag.</strong></span> <span class='ocrx_word' id='word_1_384' title='bbox 744 3578 799 3648; x_wconf 75' lang='lat'><strong>3)</strong></span> <span class='ocrx_word' id='word_1_385' title='bbox 826 3620 841 3645; x_wconf 92' lang='lat'><strong>,</strong></span> <span class='ocrx_word' id='word_1_386' title='bbox 883 3577 1027 3645; x_wconf 79' lang='grc' dir='ltr'>λέξει</span> <span class='ocrx_word' id='word_1_387' title='bbox 1056 3577 1460 3650; x_wconf 68' lang='grc' dir='ltr'><strong>ἐξειργασμένῃ</strong></span> <span class='ocrx_word' id='word_1_388' title='bbox 1508 3576 1879 3643; x_wconf 75' lang='grc' dir='ltr'><strong>καλλωπίζειν</strong></span> <span class='ocrx_word' id='word_1_389' title='bbox 1902 3576 1976 3632; x_wconf 79' lang='grc' dir='ltr'><strong>τὰ</strong></span> 
     </span>
    </p>
   </div>
   <div class='ocr_carea' id='block_1_53' title="bbox 390 3668 1973 3739">
    <p class='ocr_par' dir='ltr' id='par_1_53' title="bbox 390 3668 1973 3739">
     <span class='ocr_line' id='line_1_53' title="bbox 390 3668 1973 3739; baseline 0.001 -16"><span class='ocrx_word' id='word_1_390' title='bbox 390 3668 746 3739; x_wconf 80' lang='grc' dir='ltr'><strong>συντάγματα</strong></span> <span class='ocrx_word' id='word_1_391' title='bbox 800 3668 1023 3739; x_wconf 87' lang='lat' dir='ltr'><strong>penitus</strong></span> <span class='ocrx_word' id='word_1_392' title='bbox 1056 3677 1408 3739; x_wconf 90' lang='lat' dir='ltr'><strong>respuentem</strong></span> <span class='ocrx_word' id='word_1_393' title='bbox 1434 3708 1449 3734; x_wconf 91' lang='lat'><strong>,</strong></span> <span class='ocrx_word' id='word_1_394' title='bbox 1490 3669 1689 3724; x_wconf 86' lang='lat' dir='ltr'><strong>cadere</strong></span> <span class='ocrx_word' id='word_1_395' title='bbox 1745 3670 1973 3725; x_wconf 91' lang='lat' dir='ltr'><strong>omnino</strong></span> 
     </span>
    </p>
   </div>
   <div class='ocr_carea' id='block_1_54' title="bbox 387 3754 1974 3828">
    <p class='ocr_par' dir='ltr' id='par_1_54' title="bbox 387 3754 1974 3828">
     <span class='ocr_line' id='line_1_54' title="bbox 387 3754 1974 3828; baseline 0.001 -17"><span class='ocrx_word' id='word_1_396' title='bbox 387 3765 706 3828; x_wconf 82' lang='lat' dir='ltr'><strong>potuerunt.</strong></span> <span class='ocrx_word' id='word_1_397' title='bbox 732 3754 891 3812; x_wconf 80' lang='lat' dir='ltr'><strong>Nune</strong></span> <span class='ocrx_word' id='word_1_398' title='bbox 915 3762 1101 3811; x_wconf 90' lang='lat' dir='ltr'><strong>autem</strong></span> <span class='ocrx_word' id='word_1_399' title='bbox 1134 3756 1420 3812; x_wconf 88' lang='lat' dir='ltr'><strong>nonnullis</strong></span> <span class='ocrx_word' id='word_1_400' title='bbox 1463 3756 1699 3822; x_wconf 84' lang='lat' dir='ltr'><strong>Mouac.,</strong></span> <span class='ocrx_word' id='word_1_401' title='bbox 1744 3757 1891 3812; x_wconf 90' lang='lat' dir='ltr'><strong>sicut</strong></span> <span class='ocrx_word' id='word_1_402' title='bbox 1913 3767 1974 3813; x_wconf 90' lang='lat' dir='ltr'><strong>et</strong></span> 
     </span>
    </p>
   </div>
   <div class='ocr_carea' id='block_1_55' title="bbox 387 3848 1969 3918">
    <p class='ocr_par' dir='ltr' id='par_1_55' title="bbox 387 3848 1969 3918">
     <span class='ocr_line' id='line_1_55' title="bbox 387 3848 1969 3918; baseline 0.001 -15"><span class='ocrx_word' id='word_1_403' title='bbox 387 3848 587 3918; x_wconf 87' lang='lat' dir='ltr'><strong>Palat.,</strong></span> <span class='ocrx_word' id='word_1_404' title='bbox 609 3850 939 3905; x_wconf 89' lang='lat' dir='ltr'><strong>lectionibus</strong></span> <span class='ocrx_word' id='word_1_405' title='bbox 964 3864 1170 3905; x_wconf 85' lang='lat' dir='ltr'><strong>novum</strong></span> <span class='ocrx_word' id='word_1_406' title='bbox 1205 3849 1372 3905; x_wconf 90' lang='lat' dir='ltr'><strong>robur</strong></span> <span class='ocrx_word' id='word_1_407' title='bbox 1392 3865 1461 3905; x_wconf 75' lang='lat' dir='ltr'><strong>ex</strong></span> <span class='ocrx_word' id='word_1_408' title='bbox 1492 3850 1706 3906; x_wconf 85' lang='lat' dir='ltr'><strong>Colum.</strong></span> <span class='ocrx_word' id='word_1_409' title='bbox 1736 3848 1969 3916; x_wconf 90' lang='lat' dir='ltr'><strong>accedit,</strong></span> 
     </span>
    </p>
   </div>
   <div class='ocr_carea' id='block_1_56' title="bbox 387 3939 1970 4012">
    <p class='ocr_par' dir='ltr' id='par_1_56' title="bbox 387 3939 1970 4012">
     <span class='ocr_line' id='line_1_56' title="bbox 387 3939 1970 4012; baseline 0.002 -17"><span class='ocrx_word' id='word_1_410' title='bbox 387 3939 642 3995; x_wconf 78' lang='lat' dir='ltr'><strong>duriores</strong></span> <span class='ocrx_word' id='word_1_411' title='bbox 671 3939 923 4010; x_wconf 80' lang='lat' dir='ltr'><strong>quaedam</strong></span> <span class='ocrx_word' id='word_1_412' title='bbox 943 3986 948 3991; x_wconf 91' lang='lat'><strong>.</strong></span> <span class='ocrx_word' id='word_1_413' title='bbox 968 3941 1204 4011; x_wconf 82' lang='lat' dir='ltr'><strong>phrases</strong></span> <span class='ocrx_word' id='word_1_414' title='bbox 1242 3956 1517 4012; x_wconf 88' lang='lat' dir='ltr'><strong>vocesque</strong></span> <span class='ocrx_word' id='word_1_415' title='bbox 1563 3943 1921 3998; x_wconf 88' lang='lat' dir='ltr'><strong>emolliuntur</strong></span> <span class='ocrx_word' id='word_1_416' title='bbox 1950 3980 1970 4009; x_wconf 89' lang='lat'><strong>,</strong></span> 
     </span>
    </p>
   </div>
   <div class='ocr_carea' id='block_1_57' title="bbox 388 4031 1973 4105">
    <p class='ocr_par' dir='ltr' id='par_1_57' title="bbox 388 4031 1973 4105">
     <span class='ocr_line' id='line_1_57' title="bbox 388 4031 1973 4105; baseline 0.003 -19"><span class='ocrx_word' id='word_1_417' title='bbox 388 4032 668 4087; x_wconf 89' lang='lat' dir='ltr'><strong>interdum</strong></span> <span class='ocrx_word' id='word_1_418' title='bbox 697 4032 977 4088; x_wconf 86' lang='lat' dir='ltr'><strong>etelarius</strong></span> <span class='ocrx_word' id='word_1_419' title='bbox 1006 4031 1186 4087; x_wconf 85' lang='lat' dir='ltr'><strong>Photii</strong></span> <span class='ocrx_word' id='word_1_420' title='bbox 1225 4049 1387 4089; x_wconf 88' lang='lat' dir='ltr'><strong>meus</strong></span> <span class='ocrx_word' id='word_1_421' title='bbox 1408 4034 1661 4105; x_wconf 86' lang='lat' dir='ltr'><strong>patescit.</strong></span> <span class='ocrx_word' id='word_1_422' title='bbox 1700 4034 1809 4090; x_wconf 85' lang='lat' dir='ltr'><strong>Sed</strong></span> <span class='ocrx_word' id='word_1_423' title='bbox 1853 4036 1973 4091; x_wconf 64' lang='lat' dir='ltr'><strong>haec</strong></span> 
     </span>
    </p>
   </div>
   <div class='ocr_carea' id='block_1_58' title="bbox 386 4121 1971 4195">
    <p class='ocr_par' dir='ltr' id='par_1_58' title="bbox 386 4121 1971 4195">
     <span class='ocr_line' id='line_1_58' title="bbox 386 4121 1971 4195; baseline 0.004 -20"><span class='ocrx_word' id='word_1_424' title='bbox 386 4121 608 4177; x_wconf 88' lang='lat' dir='ltr'><strong>nonnisi</strong></span> <span class='ocrx_word' id='word_1_425' title='bbox 633 4136 807 4192; x_wconf 85' lang='lat' dir='ltr'><strong>pauca</strong></span> <span class='ocrx_word' id='word_1_426' title='bbox 843 4122 971 4182; x_wconf 89' lang='lat' dir='ltr'><strong>libri</strong></span> <span class='ocrx_word' id='word_1_427' title='bbox 1005 4123 1120 4179; x_wconf 89' lang='lat' dir='ltr'><strong>loca</strong></span> <span class='ocrx_word' id='word_1_428' title='bbox 1152 4123 1416 4179; x_wconf 71' lang='lat' dir='ltr'><strong>aliciunt.</strong></span> <span class='ocrx_word' id='word_1_429' title='bbox 1449 4123 1569 4179; x_wconf 71' lang='lat' dir='ltr'><strong>1am</strong></span> <span class='ocrx_word' id='word_1_430' title='bbox 1614 4139 1781 4191; x_wconf 86' lang='lat' dir='ltr'><strong>vero,</strong></span> <span class='ocrx_word' id='word_1_431' title='bbox 1821 4125 1971 4195; x_wconf 82' lang='lat' dir='ltr'><strong>qu‘od</strong></span> 
     </span>
    </p>
   </div>
   <div class='ocr_carea' id='block_1_59' title="bbox 387 4213 1971 4286">
    <p class='ocr_par' dir='ltr' id='par_1_59' title="bbox 387 4213 1971 4286">
     <span class='ocr_line' id='line_1_59' title="bbox 387 4213 1971 4286; baseline 0.003 -20"><span class='ocrx_word' id='word_1_432' title='bbox 387 4227 560 4267; x_wconf 91' lang='lat' dir='ltr'><strong>unum</strong></span> <span class='ocrx_word' id='word_1_433' title='bbox 586 4213 768 4269; x_wconf 84' lang='lat' dir='ltr'><strong>adhuc</strong></span> <span class='ocrx_word' id='word_1_434' title='bbox 800 4225 1063 4284; x_wconf 70' lang='lat' dir='ltr'><strong>praestare</strong></span> <span class='ocrx_word' id='word_1_435' title='bbox 1091 4215 1393 4285; x_wconf 86' lang='lat' dir='ltr'><strong>potuimus,</strong></span> <span class='ocrx_word' id='word_1_436' title='bbox 1453 4215 1745 4286; x_wconf 63' lang='lat' dir='ltr'><strong>praestituri</strong></span> <span class='ocrx_word' id='word_1_437' title='bbox 1807 4216 1971 4271; x_wconf 87' lang='lat' dir='ltr'><strong>abso-</strong></span> 
     </span>
    </p>
   </div>
   <div class='ocr_carea' id='block_1_60' title="bbox 384 4302 1969 4374">
    <p class='ocr_par' dir='ltr' id='par_1_60' title="bbox 384 4302 1969 4374">
     <span class='ocr_line' id='line_1_60' title="bbox 384 4302 1969 4374; baseline 0.002 -17"><span class='ocrx_word' id='word_1_438' title='bbox 384 4303 515 4359; x_wconf 65' lang='lat' dir='ltr'><strong>luta</strong></span> <span class='ocrx_word' id='word_1_439' title='bbox 538 4317 602 4358; x_wconf 89' lang='lat' dir='ltr'><strong>ac</strong></span> <span class='ocrx_word' id='word_1_440' title='bbox 619 4302 877 4373; x_wconf 79' lang='lat' dir='ltr'><strong>perfectae</strong></span> <span class='ocrx_word' id='word_1_441' title='bbox 908 4302 1019 4373; x_wconf 89' lang='lat' dir='ltr'><strong>jam</strong></span> <span class='ocrx_word' id='word_1_442' title='bbox 1063 4306 1246 4374; x_wconf 84' lang='lat' dir='ltr'><strong>operis</strong></span> <span class='ocrx_word' id='word_1_443' title='bbox 1269 4304 1497 4360; x_wconf 86' lang='lat' dir='ltr'><strong>editioni</strong></span> <span class='ocrx_word' id='word_1_444' title='bbox 1525 4304 1856 4361; x_wconf 85' lang='lat' dir='ltr'><strong>variantium</strong></span> <span class='ocrx_word' id='word_1_445' title='bbox 1888 4304 1969 4360; x_wconf 85' lang='lat' dir='ltr'><strong>le-</strong></span> 
     </span>
    </p>
   </div>
   <div class='ocr_carea' id='block_1_61' title="bbox 386 4395 1965 4469">
    <p class='ocr_par' dir='ltr' id='par_1_61' title="bbox 386 4395 1965 4469">
     <span class='ocr_line' id='line_1_61' title="bbox 386 4395 1965 4469; baseline 0.001 -21"><span class='ocrx_word' id='word_1_446' title='bbox 386 4395 636 4449; x_wconf 89' lang='lat' dir='ltr'><strong>ctionum</strong></span> <span class='ocrx_word' id='word_1_447' title='bbox 666 4395 973 4466; x_wconf 85' lang='lat' dir='ltr'><strong>catalogum</strong></span> <span class='ocrx_word' id='word_1_448' title='bbox 1016 4397 1386 4466; x_wconf 64' lang='lat' dir='ltr'><strong>praemisimus</strong></span> <span class='ocrx_word' id='word_1_449' title='bbox 1432 4398 1587 4469; x_wconf 75' lang='lat'><strong>(27),</strong></span> <span class='ocrx_word' id='word_1_450' title='bbox 1624 4405 1824 4467; x_wconf 78' lang='lat' dir='ltr'><strong>praeter</strong></span> <span class='ocrx_word' id='word_1_451' title='bbox 1848 4412 1965 4463; x_wconf 88' lang='lat' dir='ltr'><strong>cas,</strong></span> 
     </span>
    </p>
   </div>
   <div class='ocr_carea' id='block_1_62' title="bbox 2080 1929 3665 1998">
    <p class='ocr_par' dir='ltr' id='par_1_62' title="bbox 2080 1929 3665 1998">
     <span class='ocr_line' id='line_1_62' title="bbox 2080 1929 3665 1998; baseline 0.009 -19"><span class='ocrx_word' id='word_1_452' title='bbox 2080 1929 2213 1983; x_wconf 92' lang='lat' dir='ltr'><strong>nino</strong></span> <span class='ocrx_word' id='word_1_453' title='bbox 2244 1936 2428 1998; x_wconf 90' lang='lat' dir='ltr'><strong>typum</strong></span> <span class='ocrx_word' id='word_1_454' title='bbox 2462 1944 2573 1998; x_wconf 72' lang='lat' dir='ltr'><strong>pne</strong></span> <span class='ocrx_word' id='word_1_455' title='bbox 2598 1944 2656 1984; x_wconf 88' lang='lat' dir='ltr'><strong>se</strong></span> <span class='ocrx_word' id='word_1_456' title='bbox 2683 1929 2788 1984; x_wconf 91' lang='lat' dir='ltr'><strong>fert</strong></span> <span class='ocrx_word' id='word_1_457' title='bbox 2816 1930 3250 1987; x_wconf 68' lang='lat' dir='ltr'><strong>aeMonacensis</strong></span> <span class='ocrx_word' id='word_1_458' title='bbox 3268 1943 3458 1991; x_wconf 84' lang='lat' dir='ltr'><strong>noster</strong></span> <span class='ocrx_word' id='word_1_459' title='bbox 3484 1945 3540 1991; x_wconf 90' lang='lat' dir='ltr'><strong>et</strong></span> <span class='ocrx_word' id='word_1_460' title='bbox 3568 1954 3665 1993; x_wconf 82' lang='lat' dir='ltr'><strong>ve-</strong></span> 
     </span>
    </p>
   </div>
   <div class='ocr_carea' id='block_1_63' title="bbox 2078 2017 3659 2098">
    <p class='ocr_par' dir='ltr' id='par_1_63' title="bbox 2078 2017 3659 2098">
     <span class='ocr_line' id='line_1_63' title="bbox 2078 2017 3659 2098; baseline 0.009 -27"><span class='ocrx_word' id='word_1_461' title='bbox 2078 2017 2176 2071; x_wconf 93' lang='lat' dir='ltr'><strong>luti</strong></span> <span class='ocrx_word' id='word_1_462' title='bbox 2214 2032 2509 2085; x_wconf 77' lang='lat' dir='ltr'><strong>germanus</strong></span> <span class='ocrx_word' id='word_1_463' title='bbox 2542 2021 2792 2091; x_wconf 81' lang='lat' dir='ltr'><strong>ejusdem</strong></span> <span class='ocrx_word' id='word_1_464' title='bbox 2836 2022 3009 2077; x_wconf 86' lang='lat' dir='ltr'><strong>frater</strong></span> <span class='ocrx_word' id='word_1_465' title='bbox 3057 2024 3344 2081; x_wconf 88' lang='lat' dir='ltr'><strong>habendus</strong></span> <span class='ocrx_word' id='word_1_466' title='bbox 3389 2038 3475 2083; x_wconf 93' lang='lat' dir='ltr'><strong>est</strong></span> <span class='ocrx_word' id='word_1_467' title='bbox 3521 2028 3659 2098; x_wconf 78' lang='lat'><strong>(‘29).</strong></span> 
     </span>
    </p>
   </div>
   <div class='ocr_carea' id='block_1_64' title="bbox 2077 2110 3663 2188">
    <p class='ocr_par' dir='ltr' id='par_1_64' title="bbox 2077 2110 3663 2188">
     <span class='ocr_line' id='line_1_64' title="bbox 2077 2110 3663 2188; baseline 0.008 -25"><span class='ocrx_word' id='word_1_468' title='bbox 2077 2110 2347 2165; x_wconf 71' lang='lat' dir='ltr'><strong>Cazterum</strong></span> <span class='ocrx_word' id='word_1_469' title='bbox 2371 2111 2640 2183; x_wconf 89' lang='lat' dir='ltr'><strong>insignem</strong></span> <span class='ocrx_word' id='word_1_470' title='bbox 2666 2129 2784 2168; x_wconf 89' lang='lat' dir='ltr'><strong>eam</strong></span> <span class='ocrx_word' id='word_1_471' title='bbox 2819 2114 3223 2181; x_wconf 90' lang='lat' dir='ltr'><strong>liberalitatem,</strong></span> <span class='ocrx_word' id='word_1_472' title='bbox 3245 2133 3351 2188; x_wconf 88' lang='lat' dir='ltr'><strong>qua</strong></span> <span class='ocrx_word' id='word_1_473' title='bbox 3385 2118 3663 2176; x_wconf 69' lang='lat' dir='ltr'><strong>Vaticana:</strong></span> 
     </span>
    </p>
   </div>
   <div class='ocr_carea' id='block_1_65' title="bbox 2078 2201 3662 2278">
    <p class='ocr_par' dir='ltr' id='par_1_65' title="bbox 2078 2201 3662 2278">
     <span class='ocr_line' id='line_1_65' title="bbox 2078 2201 3662 2278; baseline 0.008 -23"><span class='ocrx_word' id='word_1_474' title='bbox 2078 2201 2428 2258; x_wconf 81' lang='lat' dir='ltr'><strong>bibliotheca:</strong></span> <span class='ocrx_word' id='word_1_475' title='bbox 2476 2204 2721 2259; x_wconf 86' lang='lat' dir='ltr'><strong>thesauri</strong></span> <span class='ocrx_word' id='word_1_476' title='bbox 2760 2206 3132 2262; x_wconf 81' lang='lat' dir='ltr'><strong>Romanorum</strong></span> <span class='ocrx_word' id='word_1_477' title='bbox 3183 2209 3505 2278; x_wconf 79' lang='lat' dir='ltr'><strong>pontificum</strong></span> <span class='ocrx_word' id='word_1_478' title='bbox 3557 2213 3662 2267; x_wconf 83' lang='lat' dir='ltr'><strong>im-</strong></span> 
     </span>
    </p>
   </div>
   <div class='ocr_carea' id='block_1_66' title="bbox 2078 2297 3657 2372">
    <p class='ocr_par' dir='ltr' id='par_1_66' title="bbox 2078 2297 3657 2372">
     <span class='ocr_line' id='line_1_66' title="bbox 2078 2297 3657 2372; baseline 0.006 -23"><span class='ocrx_word' id='word_1_479' title='bbox 2078 2309 2247 2364; x_wconf 88' lang='lat' dir='ltr'><strong>pensa</strong></span> <span class='ocrx_word' id='word_1_480' title='bbox 2280 2310 2410 2350; x_wconf 91' lang='lat' dir='ltr'><strong>cura</strong></span> <span class='ocrx_word' id='word_1_481' title='bbox 2433 2297 2649 2352; x_wconf 87' lang='lat' dir='ltr'><strong>collecti</strong></span> <span class='ocrx_word' id='word_1_482' title='bbox 2676 2305 2730 2352; x_wconf 89' lang='lat' dir='ltr'><strong>et</strong></span> <span class='ocrx_word' id='word_1_483' title='bbox 2770 2298 3089 2368; x_wconf 71' lang='lat' dir='ltr'><strong>locupletati</strong></span> <span class='ocrx_word' id='word_1_484' title='bbox 3149 2301 3380 2356; x_wconf 87' lang='lat' dir='ltr'><strong>eruditis</strong></span> <span class='ocrx_word' id='word_1_485' title='bbox 3406 2302 3522 2372; x_wconf 91' lang='lat' dir='ltr'><strong>jam</strong></span> <span class='ocrx_word' id='word_1_486' title='bbox 3550 2304 3657 2359; x_wconf 81' lang='lat' dir='ltr'><strong>dn-</strong></span> 
     </span>
    </p>
   </div>
   <div class='ocr_carea' id='block_1_67' title="bbox 2078 2386 3658 2462">
    <p class='ocr_par' dir='ltr' id='par_1_67' title="bbox 2078 2386 3658 2462">
     <span class='ocr_line' id='line_1_67' title="bbox 2078 2386 3658 2462; baseline 0.006 -21"><span class='ocrx_word' id='word_1_487' title='bbox 2078 2386 2207 2442; x_wconf 93' lang='lat' dir='ltr'><strong>dum</strong></span> <span class='ocrx_word' id='word_1_488' title='bbox 2229 2388 2429 2457; x_wconf 89' lang='lat' dir='ltr'><strong>aperiri</strong></span> <span class='ocrx_word' id='word_1_489' title='bbox 2453 2390 2724 2454; x_wconf 89' lang='lat' dir='ltr'><strong>solebant,</strong></span> <span class='ocrx_word' id='word_1_490' title='bbox 2758 2404 2860 2460; x_wconf 91' lang='lat' dir='ltr'><strong>ego</strong></span> <span class='ocrx_word' id='word_1_491' title='bbox 2890 2391 3026 2445; x_wconf 88' lang='lat' dir='ltr'><strong>satis</strong></span> <span class='ocrx_word' id='word_1_492' title='bbox 3047 2390 3375 2462; x_wconf 86' lang='lat' dir='ltr'><strong>abundeque</strong></span> <span class='ocrx_word' id='word_1_493' title='bbox 3396 2408 3520 2449; x_wconf 87' lang='lat' dir='ltr'><strong>sunt</strong></span> <span class='ocrx_word' id='word_1_494' title='bbox 3555 2410 3658 2450; x_wconf 75' lang='lat' dir='ltr'><strong>ex-</strong></span> 
     </span>
    </p>
   </div>
   <div class='ocr_carea' id='block_1_68' title="bbox 2076 2481 3659 2550">
    <p class='ocr_par' dir='ltr' id='par_1_68' title="bbox 2076 2481 3659 2550">
     <span class='ocr_line' id='line_1_68' title="bbox 2076 2481 3659 2550; baseline 0.007 -21"><span class='ocrx_word' id='word_1_495' title='bbox 2076 2486 2295 2545; x_wconf 88' lang='lat' dir='ltr'><strong>pertus,</strong></span> <span class='ocrx_word' id='word_1_496' title='bbox 2342 2493 2574 2548; x_wconf 88' lang='lat' dir='ltr'><strong>eamque</strong></span> <span class='ocrx_word' id='word_1_497' title='bbox 2606 2487 2759 2550; x_wconf 89' lang='lat' dir='ltr'><strong>grata</strong></span> <span class='ocrx_word' id='word_1_498' title='bbox 2809 2489 2995 2535; x_wconf 90' lang='lat' dir='ltr'><strong>mente</strong></span> <span class='ocrx_word' id='word_1_499' title='bbox 3037 2481 3256 2548; x_wconf 87' lang='lat' dir='ltr'><strong>recolo;</strong></span> <span class='ocrx_word' id='word_1_500' title='bbox 3290 2482 3480 2539; x_wconf 90' lang='lat' dir='ltr'><strong>multis</strong></span> <span class='ocrx_word' id='word_1_501' title='bbox 3535 2501 3659 2540; x_wconf 80' lang='lat' dir='ltr'><strong>eam</strong></span> 
     </span>
    </p>
   </div>
   <div class='ocr_carea' id='block_1_69' title="bbox 2078 2568 3664 2642">
    <p class='ocr_par' dir='ltr' id='par_1_69' title="bbox 2078 2568 3664 2642">
     <span class='ocr_line' id='line_1_69' title="bbox 2078 2568 3664 2642; baseline 0.008 -22"><span class='ocrx_word' id='word_1_502' title='bbox 2078 2568 2369 2636; x_wconf 66' lang='lat' dir='ltr'><strong>praeconiis</strong></span> <span class='ocrx_word' id='word_1_503' title='bbox 2424 2570 2810 2625; x_wconf 85' lang='lat' dir='ltr'><strong>celebrandam</strong></span> <span class='ocrx_word' id='word_1_504' title='bbox 2839 2581 3112 2642; x_wconf 89' lang='lat' dir='ltr'><strong>putarem,</strong></span> <span class='ocrx_word' id='word_1_505' title='bbox 3142 2572 3249 2629; x_wconf 91' lang='lat' dir='ltr'><strong>nisi</strong></span> <span class='ocrx_word' id='word_1_506' title='bbox 3278 2573 3400 2630; x_wconf 92' lang='lat' dir='ltr'><strong>orbi</strong></span> <span class='ocrx_word' id='word_1_507' title='bbox 3422 2590 3488 2631; x_wconf 87' lang='lat' dir='ltr'><strong>ea</strong></span> <span class='ocrx_word' id='word_1_508' title='bbox 3512 2585 3664 2632; x_wconf 82' lang='lat' dir='ltr'><strong>esset</strong></span> 
     </span>
    </p>
   </div>
   <div class='ocr_carea' id='block_1_70' title="bbox 2078 2658 3312 2735">
    <p class='ocr_par' dir='ltr' id='par_1_70' title="bbox 2078 2658 3312 2735">
     <span class='ocr_line' id='line_1_70' title="bbox 2078 2658 3312 2735; baseline 0.007 -24"><span class='ocrx_word' id='word_1_509' title='bbox 2078 2658 2360 2714; x_wconf 90' lang='lat' dir='ltr'><strong>notissima</strong></span> <span class='ocrx_word' id='word_1_510' title='bbox 2383 2669 2439 2715; x_wconf 93' lang='lat' dir='ltr'><strong>et</strong></span> <span class='ocrx_word' id='word_1_511' title='bbox 2462 2661 2621 2717; x_wconf 88' lang='lat' dir='ltr'><strong>laude</strong></span> <span class='ocrx_word' id='word_1_512' title='bbox 2644 2662 2836 2733; x_wconf 90' lang='lat' dir='ltr'><strong>quavis</strong></span> <span class='ocrx_word' id='word_1_513' title='bbox 2866 2663 3312 2735; x_wconf 82' lang='lat' dir='ltr'><strong>longesuperior.</strong></span> 
     </span>
    </p>
   </div>
   <div class='ocr_carea' id='block_1_71' title="bbox 2150 2747 3660 2828">
    <p class='ocr_par' dir='ltr' id='par_1_71' title="bbox 2150 2747 3660 2828">
     <span class='ocr_line' id='line_1_71' title="bbox 2150 2747 3660 2828; baseline 0.008 -25"><span class='ocrx_word' id='word_1_514' title='bbox 2150 2747 2264 2803; x_wconf 80' lang='lat' dir='ltr'><strong>Vll.</strong></span> <span class='ocrx_word' id='word_1_515' title='bbox 2302 2750 2423 2805; x_wconf 78' lang='lat' dir='ltr'><strong>Jam</strong></span> <span class='ocrx_word' id='word_1_516' title='bbox 2471 2752 2611 2808; x_wconf 92' lang='lat' dir='ltr'><strong>ratio</strong></span> <span class='ocrx_word' id='word_1_517' title='bbox 2656 2754 2815 2809; x_wconf 91' lang='lat' dir='ltr'><strong>nobis</strong></span> <span class='ocrx_word' id='word_1_518' title='bbox 2853 2755 3131 2811; x_wconf 86' lang='lat' dir='ltr'><strong>reddenda</strong></span> <span class='ocrx_word' id='word_1_519' title='bbox 3160 2766 3247 2812; x_wconf 89' lang='lat' dir='ltr'><strong>est</strong></span> <span class='ocrx_word' id='word_1_520' title='bbox 3291 2757 3360 2813; x_wconf 91' lang='lat' dir='ltr'><strong>de</strong></span> <span class='ocrx_word' id='word_1_521' title='bbox 3408 2758 3497 2824; x_wconf 92' lang='lat' dir='ltr'><strong>iis,</strong></span> <span class='ocrx_word' id='word_1_522' title='bbox 3533 2774 3660 2828; x_wconf 61' lang='lat' dir='ltr'><strong>qua</strong></span> 
     </span>
    </p>
   </div>
   <div class='ocr_carea' id='block_1_72' title="bbox 2081 2839 3665 2918">
    <p class='ocr_par' dir='ltr' id='par_1_72' title="bbox 2081 2839 3665 2918">
     <span class='ocr_line' id='line_1_72' title="bbox 2081 2839 3665 2918; baseline 0.006 -24"><span class='ocrx_word' id='word_1_523' title='bbox 2081 2839 2135 2894; x_wconf 93' lang='lat' dir='ltr'><strong>in</strong></span> <span class='ocrx_word' id='word_1_524' title='bbox 2161 2842 2305 2898; x_wconf 91' lang='lat' dir='ltr'><strong>notis</strong></span> <span class='ocrx_word' id='word_1_525' title='bbox 2327 2841 2509 2898; x_wconf 87' lang='lat' dir='ltr'><strong>Photii</strong></span> <span class='ocrx_word' id='word_1_526' title='bbox 2544 2844 2685 2900; x_wconf 82' lang='lat' dir='ltr'><strong>libro</strong></span> <span class='ocrx_word' id='word_1_527' title='bbox 2728 2845 2911 2900; x_wconf 88' lang='lat' dir='ltr'><strong>addita</strong></span> <span class='ocrx_word' id='word_1_528' title='bbox 2951 2846 3124 2902; x_wconf 86' lang='lat' dir='ltr'><strong>fuere.</strong></span> <span class='ocrx_word' id='word_1_529' title='bbox 3154 2846 3214 2902; x_wconf 85' lang='lat' dir='ltr'><strong>In</strong></span> <span class='ocrx_word' id='word_1_530' title='bbox 3254 2848 3446 2918; x_wconf 90' lang='lat' dir='ltr'><strong>primis</strong></span> <span class='ocrx_word' id='word_1_531' title='bbox 3466 2850 3665 2905; x_wconf 86' lang='lat' dir='ltr'><strong>sedqu</strong></span> 
     </span>
    </p>
   </div>
   <div class='ocr_carea' id='block_1_73' title="bbox 2080 2933 3661 3009">
    <p class='ocr_par' dir='ltr' id='par_1_73' title="bbox 2080 2933 3661 3009">
     <span class='ocr_line' id='line_1_73' title="bbox 2080 2933 3661 3009; baseline 0.008 -23"><span class='ocrx_word' id='word_1_532' title='bbox 2080 2933 2394 2989; x_wconf 86' lang='lat' dir='ltr'><strong>notavimus</strong></span> <span class='ocrx_word' id='word_1_533' title='bbox 2425 2936 2605 2991; x_wconf 90' lang='lat' dir='ltr'><strong>varias</strong></span> <span class='ocrx_word' id='word_1_534' title='bbox 2638 2938 2886 3006; x_wconf 87' lang='lat' dir='ltr'><strong>ejusdem</strong></span> <span class='ocrx_word' id='word_1_535' title='bbox 2922 2948 3113 3009; x_wconf 79' lang='lat' dir='ltr'><strong>partes</strong></span> <span class='ocrx_word' id='word_1_536' title='bbox 3162 2941 3328 2997; x_wconf 90' lang='lat' dir='ltr'><strong>modo</strong></span> <span class='ocrx_word' id='word_1_537' title='bbox 3376 2942 3661 2999; x_wconf 86' lang='lat' dir='ltr'><strong>breviores</strong></span> 
     </span>
    </p>
   </div>
   <div class='ocr_carea' id='block_1_74' title="bbox 2080 3018 3665 3099">
    <p class='ocr_par' dir='ltr' id='par_1_74' title="bbox 2080 3018 3665 3099">
     <span class='ocr_line' id='line_1_74' title="bbox 2080 3018 3665 3099; baseline 0.01 -29"><span class='ocrx_word' id='word_1_538' title='bbox 2080 3018 2245 3073; x_wconf 92' lang='lat' dir='ltr'><strong>modo</strong></span> <span class='ocrx_word' id='word_1_539' title='bbox 2273 3019 2573 3089; x_wconf 86' lang='lat' dir='ltr'><strong>longiores,</strong></span> <span class='ocrx_word' id='word_1_540' title='bbox 2622 3038 2744 3092; x_wconf 76' lang='lat' dir='ltr'><strong>qua:</strong></span> <span class='ocrx_word' id='word_1_541' title='bbox 2788 3025 2933 3093; x_wconf 90' lang='lat' dir='ltr'><strong>apud</strong></span> <span class='ocrx_word' id='word_1_542' title='bbox 2964 3026 3099 3081; x_wconf 90' lang='lat' dir='ltr'><strong>alios</strong></span> <span class='ocrx_word' id='word_1_543' title='bbox 3137 3027 3513 3099; x_wconf 89' lang='lat' dir='ltr'><strong>allegabantur</strong></span> <span class='ocrx_word' id='word_1_544' title='bbox 3560 3047 3665 3085; x_wconf 80' lang='lat' dir='ltr'><strong>au-</strong></span> 
     </span>
    </p>
   </div>
   <div class='ocr_carea' id='block_1_75' title="bbox 2080 3111 3660 3189">
    <p class='ocr_par' dir='ltr' id='par_1_75' title="bbox 2080 3111 3660 3189">
     <span class='ocr_line' id='line_1_75' title="bbox 2080 3111 3660 3189; baseline 0.009 -27"><span class='ocrx_word' id='word_1_545' title='bbox 2080 3117 2293 3177; x_wconf 91' lang='lat' dir='ltr'><strong>ctores;</strong></span> <span class='ocrx_word' id='word_1_546' title='bbox 2330 3111 2530 3167; x_wconf 88' lang='lat' dir='ltr'><strong>deinde</strong></span> <span class='ocrx_word' id='word_1_547' title='bbox 2568 3121 2625 3168; x_wconf 91' lang='lat' dir='ltr'><strong>et</strong></span> <span class='ocrx_word' id='word_1_548' title='bbox 2663 3115 2819 3184; x_wconf 90' lang='lat' dir='ltr'><strong>plura</strong></span> <span class='ocrx_word' id='word_1_549' title='bbox 2850 3116 3253 3187; x_wconf 71' lang='lat' dir='ltr'><strong>subjuuximus,</strong></span> <span class='ocrx_word' id='word_1_550' title='bbox 3304 3134 3426 3189; x_wconf 63' lang='lat' dir='ltr'><strong>quae</strong></span> <span class='ocrx_word' id='word_1_551' title='bbox 3472 3120 3660 3177; x_wconf 76' lang='lat' dir='ltr'><strong>Photii</strong></span> 
     </span>
    </p>
   </div>
   <div class='ocr_carea' id='block_1_76' title="bbox 2078 3201 3657 3283">
    <p class='ocr_par' dir='ltr' id='par_1_76' title="bbox 2078 3201 3657 3283">
     <span class='ocr_line' id='line_1_76' title="bbox 2078 3201 3657 3283; baseline 0.009 -28"><span class='ocrx_word' id='word_1_552' title='bbox 2078 3201 2262 3256; x_wconf 84' lang='lat' dir='ltr'><strong>verbis</strong></span> <span class='ocrx_word' id='word_1_553' title='bbox 2282 3210 2338 3257; x_wconf 87' lang='lat' dir='ltr'><strong>et</strong></span> <span class='ocrx_word' id='word_1_554' title='bbox 2363 3205 2655 3261; x_wconf 88' lang='lat' dir='ltr'><strong>sententiis</strong></span> <span class='ocrx_word' id='word_1_555' title='bbox 2670 3206 3012 3264; x_wconf 88' lang='lat' dir='ltr'><strong>illustrandis</strong></span> <span class='ocrx_word' id='word_1_556' title='bbox 3029 3210 3144 3265; x_wconf 87' lang='lat' dir='ltr'><strong>visa</strong></span> <span class='ocrx_word' id='word_1_557' title='bbox 3165 3222 3295 3267; x_wconf 87' lang='lat' dir='ltr'><strong>sunt</strong></span> <span class='ocrx_word' id='word_1_558' title='bbox 3310 3223 3615 3283; x_wconf 81' lang='lat' dir='ltr'><strong>opportuna</strong></span> <span class='ocrx_word' id='word_1_559' title='bbox 3635 3232 3657 3280; x_wconf 91' lang='lat'><strong>;</strong></span> 
     </span>
    </p>
   </div>
   <div class='ocr_carea' id='block_1_77' title="bbox 2075 3290 3659 3367">
    <p class='ocr_par' dir='ltr' id='par_1_77' title="bbox 2075 3290 3659 3367">
     <span class='ocr_line' id='line_1_77' title="bbox 2075 3290 3659 3367; baseline 0.009 -24"><span class='ocrx_word' id='word_1_560' title='bbox 2075 3290 2376 3359; x_wconf 62' lang='lat' dir='ltr'><strong>praesertim</strong></span> <span class='ocrx_word' id='word_1_561' title='bbox 2407 3307 2561 3359; x_wconf 90' lang='lat' dir='ltr'><strong>vero,</strong></span> <span class='ocrx_word' id='word_1_562' title='bbox 2593 3309 2715 3364; x_wconf 74' lang='lat' dir='ltr'><strong>qua:</strong></span> <span class='ocrx_word' id='word_1_563' title='bbox 2743 3296 2875 3351; x_wconf 89' lang='lat' dir='ltr'><strong>alibi</strong></span> <span class='ocrx_word' id='word_1_564' title='bbox 2908 3296 3026 3367; x_wconf 90' lang='lat' dir='ltr'><strong>ipse</strong></span> <span class='ocrx_word' id='word_1_565' title='bbox 3053 3298 3107 3353; x_wconf 94' lang='lat' dir='ltr'><strong>in</strong></span> <span class='ocrx_word' id='word_1_566' title='bbox 3134 3300 3386 3357; x_wconf 84' lang='lat' dir='ltr'><strong>eamdem</strong></span> <span class='ocrx_word' id='word_1_567' title='bbox 3426 3312 3659 3357; x_wconf 83' lang='lat' dir='ltr'><strong>senten-</strong></span> 
     </span>
    </p>
   </div>
   <div class='ocr_carea' id='block_1_78' title="bbox 2079 3381 3663 3464">
    <p class='ocr_par' dir='ltr' id='par_1_78' title="bbox 2079 3381 3663 3464">
     <span class='ocr_line' id='line_1_78' title="bbox 2079 3381 3663 3464; baseline 0.01 -29"><span class='ocrx_word' id='word_1_568' title='bbox 2079 3381 2206 3435; x_wconf 91' lang='lat' dir='ltr'><strong>tiam</strong></span> <span class='ocrx_word' id='word_1_569' title='bbox 2258 3383 2559 3454; x_wconf 82' lang='lat' dir='ltr'><strong>disputavit</strong></span> <span class='ocrx_word' id='word_1_570' title='bbox 2594 3402 2825 3457; x_wconf 67' lang='lat' dir='ltr'><strong>quaeque</strong></span> <span class='ocrx_word' id='word_1_571' title='bbox 2868 3404 2935 3443; x_wconf 81' lang='lat' dir='ltr'><strong>ex</strong></span> <span class='ocrx_word' id='word_1_572' title='bbox 2977 3389 3082 3446; x_wconf 92' lang='lat' dir='ltr'><strong>hoc</strong></span> <span class='ocrx_word' id='word_1_573' title='bbox 3135 3390 3277 3447; x_wconf 92' lang='lat' dir='ltr'><strong>libro</strong></span> <span class='ocrx_word' id='word_1_574' title='bbox 3320 3395 3663 3464; x_wconf 78' lang='lat' dir='ltr'><strong>posteriores</strong></span> 
     </span>
    </p>
   </div>
   <div class='ocr_carea' id='block_1_79' title="bbox 2074 3470 3655 3556">
    <p class='ocr_par' dir='ltr' id='par_1_79' title="bbox 2074 3470 3655 3556">
     <span class='ocr_line' id='line_1_79' title="bbox 2074 3470 3655 3556; baseline 0.009 -29"><span class='ocrx_word' id='word_1_575' title='bbox 2074 3470 2390 3529; x_wconf 72' lang='lat' dir='ltr'><strong>Grzecorum</strong></span> <span class='ocrx_word' id='word_1_576' title='bbox 2427 3476 2905 3534; x_wconf 86' lang='lat' dir='ltr'><strong>schismaticorum</strong></span> <span class='ocrx_word' id='word_1_577' title='bbox 2939 3481 3177 3554; x_wconf 85' lang='lat' dir='ltr'><strong>theologi</strong></span> <span class='ocrx_word' id='word_1_578' title='bbox 3206 3483 3655 3556; x_wconf 76' lang='lat' dir='ltr'><strong>desumpSerunt.</strong></span> 
     </span>
    </p>
   </div>
   <div class='ocr_carea' id='block_1_80' title="bbox 2074 3561 3665 3635">
    <p class='ocr_par' dir='ltr' id='par_1_80' title="bbox 2074 3561 3665 3635">
     <span class='ocr_line' id='line_1_80' title="bbox 2074 3561 3665 3635; baseline 0.01 -18"><span class='ocrx_word' id='word_1_579' title='bbox 2074 3561 2293 3619; x_wconf 81' lang='lat' dir='ltr'><strong>Etenim</strong></span> <span class='ocrx_word' id='word_1_580' title='bbox 2318 3569 2573 3635; x_wconf 73' lang='lat' dir='ltr'><strong>quamvis</strong></span> <span class='ocrx_word' id='word_1_581' title='bbox 2606 3568 2723 3625; x_wconf 64' lang='lat' dir='ltr'><strong>haec</strong></span> <span class='ocrx_word' id='word_1_582' title='bbox 2753 3568 2934 3626; x_wconf 86' lang='lat' dir='ltr'><strong>Photii</strong></span> <span class='ocrx_word' id='word_1_583' title='bbox 2965 3572 3280 3630; x_wconf 86' lang='lat' dir='ltr'><strong>dissertatio</strong></span> <span class='ocrx_word' id='word_1_584' title='bbox 3314 3576 3391 3630; x_wconf 90' lang='lat' dir='ltr'><strong>nil</strong></span> <span class='ocrx_word' id='word_1_585' title='bbox 3414 3576 3527 3632; x_wconf 89' lang='lat' dir='ltr'><strong>fere</strong></span> <span class='ocrx_word' id='word_1_586' title='bbox 3556 3594 3665 3633; x_wconf 91' lang='lat' dir='ltr'><strong>no-</strong></span> 
     </span>
    </p>
   </div>
   <div class='ocr_carea' id='block_1_81' title="bbox 2074 3660 3667 3729">
    <p class='ocr_par' dir='ltr' id='par_1_81' title="bbox 2074 3660 3667 3729">
     <span class='ocr_line' id='line_1_81' title="bbox 2074 3660 3667 3729; baseline 0.009 -16"><span class='ocrx_word' id='word_1_587' title='bbox 2074 3673 2203 3714; x_wconf 87' lang='lat' dir='ltr'><strong>vum</strong></span> <span class='ocrx_word' id='word_1_588' title='bbox 2243 3674 2348 3714; x_wconf 90' lang='lat' dir='ltr'><strong>nec</strong></span> <span class='ocrx_word' id='word_1_589' title='bbox 2366 3660 2494 3716; x_wconf 91' lang='lat' dir='ltr'><strong>alibi</strong></span> <span class='ocrx_word' id='word_1_590' title='bbox 2538 3660 2755 3718; x_wconf 85' lang='lat' dir='ltr'><strong>&#39;dictum</strong></span> <span class='ocrx_word' id='word_1_591' title='bbox 2800 3665 3104 3729; x_wconf 80' lang='lat' dir='ltr'><strong>contineat.</strong></span> <span class='ocrx_word' id='word_1_592' title='bbox 3156 3682 3321 3723; x_wconf 78' lang='lat' dir='ltr'><strong>suum</strong></span> <span class='ocrx_word' id='word_1_593' title='bbox 3370 3676 3550 3725; x_wconf 82' lang='lat' dir='ltr'><strong>tamen</strong></span> <span class='ocrx_word' id='word_1_594' title='bbox 3585 3672 3667 3728; x_wconf 79' lang='lat' dir='ltr'><strong>de</strong></span> 
     </span>
    </p>
   </div>
   <div class='ocr_carea' id='block_1_82' title="bbox 2074 3752 3664 3831">
    <p class='ocr_par' dir='ltr' id='par_1_82' title="bbox 2074 3752 3664 3831">
     <span class='ocr_line' id='line_1_82' title="bbox 2074 3752 3664 3831; baseline 0.008 -25"><span class='ocrx_word' id='word_1_595' title='bbox 2074 3752 2428 3821; x_wconf 87' lang='lat' dir='ltr'><strong>processioue</strong></span> <span class='ocrx_word' id='word_1_596' title='bbox 2495 3754 2733 3826; x_wconf 89' lang='lat' dir='ltr'><strong>Spiritus</strong></span> <span class='ocrx_word' id='word_1_597' title='bbox 2802 3758 2977 3815; x_wconf 87' lang='lat' dir='ltr'><strong>sancti</strong></span> <span class='ocrx_word' id='word_1_598' title='bbox 3031 3760 3293 3831; x_wconf 90' lang='lat' dir='ltr'><strong>placitum</strong></span> <span class='ocrx_word' id='word_1_599' title='bbox 3330 3762 3481 3817; x_wconf 92' lang='lat' dir='ltr'><strong>nullo</strong></span> <span class='ocrx_word' id='word_1_600' title='bbox 3544 3763 3664 3818; x_wconf 84' lang='lat' dir='ltr'><strong>alio</strong></span> 
     </span>
    </p>
   </div>
   <div class='ocr_carea' id='block_1_83' title="bbox 2073 3844 3660 3923">
    <p class='ocr_par' dir='ltr' id='par_1_83' title="bbox 2073 3844 3660 3923">
     <span class='ocr_line' id='line_1_83' title="bbox 2073 3844 3660 3923; baseline 0.006 -24"><span class='ocrx_word' id='word_1_601' title='bbox 2073 3858 2239 3913; x_wconf 91' lang='lat' dir='ltr'><strong>opere</strong></span> <span class='ocrx_word' id='word_1_602' title='bbox 2294 3858 2358 3899; x_wconf 89' lang='lat' dir='ltr'><strong>ea</strong></span> <span class='ocrx_word' id='word_1_603' title='bbox 2423 3844 2704 3902; x_wconf 89' lang='lat' dir='ltr'><strong>dialectica</strong></span> <span class='ocrx_word' id='word_1_604' title='bbox 2761 3848 3120 3916; x_wconf 82' lang='lat' dir='ltr'><strong>dexteritate,</strong></span> <span class='ocrx_word' id='word_1_605' title='bbox 3174 3867 3239 3907; x_wconf 84' lang='lat' dir='ltr'><strong>ea</strong></span> <span class='ocrx_word' id='word_1_606' title='bbox 3290 3853 3660 3923; x_wconf 78' lang='lat' dir='ltr'><strong>expositionis</strong></span> 
     </span>
    </p>
   </div>
   <div class='ocr_carea' id='block_1_84' title="bbox 2074 3935 3664 4015">
    <p class='ocr_par' dir='ltr' id='par_1_84' title="bbox 2074 3935 3664 4015">
     <span class='ocr_line' id='line_1_84' title="bbox 2074 3935 3664 4015; baseline 0.007 -26"><span class='ocrx_word' id='word_1_607' title='bbox 2074 3935 2323 3991; x_wconf 80' lang='lat' dir='ltr'><strong>ubertate</strong></span> <span class='ocrx_word' id='word_1_608' title='bbox 2376 3938 2734 3995; x_wconf 89' lang='lat' dir='ltr'><strong>corroborare</strong></span> <span class='ocrx_word' id='word_1_609' title='bbox 2778 3955 2844 3996; x_wconf 91' lang='lat' dir='ltr'><strong>ac</strong></span> <span class='ocrx_word' id='word_1_610' title='bbox 2874 3942 3089 3998; x_wconf 89' lang='lat' dir='ltr'><strong>munire</strong></span> <span class='ocrx_word' id='word_1_611' title='bbox 3118 3943 3271 3999; x_wconf 90' lang='lat' dir='ltr'><strong>visus</strong></span> <span class='ocrx_word' id='word_1_612' title='bbox 3296 3953 3398 4008; x_wconf 89' lang='lat' dir='ltr'><strong>est,</strong></span> <span class='ocrx_word' id='word_1_613' title='bbox 3434 3944 3664 4015; x_wconf 79' lang='lat' dir='ltr'><strong>qualem</strong></span> 
     </span>
    </p>
   </div>
   <div class='ocr_carea' id='block_1_85' title="bbox 2072 4029 3663 4102">
    <p class='ocr_par' dir='ltr' id='par_1_85' title="bbox 2072 4029 3663 4102">
     <span class='ocr_line' id='line_1_85' title="bbox 2072 4029 3663 4102; baseline 0.008 -24"><span class='ocrx_word' id='word_1_614' title='bbox 2072 4039 2210 4093; x_wconf 86' lang='lat' dir='ltr'><strong>opus</strong></span> <span class='ocrx_word' id='word_1_615' title='bbox 2257 4035 2505 4082; x_wconf 90' lang='lat' dir='ltr'><strong>nostrum</strong></span> <span class='ocrx_word' id='word_1_616' title='bbox 2552 4029 2825 4097; x_wconf 85' lang='lat' dir='ltr'><strong>ostendit,</strong></span> <span class='ocrx_word' id='word_1_617' title='bbox 2887 4032 3034 4102; x_wconf 90' lang='lat' dir='ltr'><strong>quod</strong></span> <span class='ocrx_word' id='word_1_618' title='bbox 3096 4032 3222 4088; x_wconf 85' lang='lat' dir='ltr'><strong>ideo</strong></span> <span class='ocrx_word' id='word_1_619' title='bbox 3278 4034 3421 4089; x_wconf 91' lang='lat' dir='ltr'><strong>inter</strong></span> <span class='ocrx_word' id='word_1_620' title='bbox 3466 4034 3663 4091; x_wconf 72' lang='lat' dir='ltr'><strong>omnia</strong></span> 
     </span>
    </p>
   </div>
   <div class='ocr_carea' id='block_1_86' title="bbox 2072 4118 3661 4197">
    <p class='ocr_par' dir='ltr' id='par_1_86' title="bbox 2072 4118 3661 4197">
     <span class='ocr_line' id='line_1_86' title="bbox 2072 4118 3661 4197; baseline 0.007 -24"><span class='ocrx_word' id='word_1_621' title='bbox 2072 4118 2320 4187; x_wconf 88' lang='lat' dir='ltr'><strong>ejusdem</strong></span> <span class='ocrx_word' id='word_1_622' title='bbox 2354 4119 2570 4189; x_wconf 90' lang='lat' dir='ltr'><strong>generis</strong></span> <span class='ocrx_word' id='word_1_623' title='bbox 2610 4120 2875 4178; x_wconf 83' lang='lat' dir='ltr'><strong>Photiana</strong></span> <span class='ocrx_word' id='word_1_624' title='bbox 2915 4123 3176 4195; x_wconf 79' lang='lat' dir='ltr'><strong>opuscula</strong></span> <span class='ocrx_word' id='word_1_625' title='bbox 3211 4126 3513 4197; x_wconf 88' lang='lat' dir='ltr'><strong>principem</strong></span> <span class='ocrx_word' id='word_1_626' title='bbox 3544 4127 3661 4184; x_wconf 78' lang='lat' dir='ltr'><strong>sibi</strong></span> 
     </span>
    </p>
   </div>
   <div class='ocr_carea' id='block_1_87' title="bbox 2071 4210 3667 4290">
    <p class='ocr_par' dir='ltr' id='par_1_87' title="bbox 2071 4210 3667 4290">
     <span class='ocr_line' id='line_1_87' title="bbox 2071 4210 3667 4290; baseline 0.006 -24"><span class='ocrx_word' id='word_1_627' title='bbox 2071 4210 2311 4266; x_wconf 82' lang='lat' dir='ltr'><strong>vindicat</strong></span> <span class='ocrx_word' id='word_1_628' title='bbox 2350 4211 2554 4267; x_wconf 80' lang='lat' dir='ltr'><strong>locum.</strong></span> <span class='ocrx_word' id='word_1_629' title='bbox 2591 4214 2959 4279; x_wconf 78' lang='lat' dir='ltr'><strong>Quamobrem</strong></span> <span class='ocrx_word' id='word_1_630' title='bbox 2990 4216 3181 4272; x_wconf 89' lang='lat' dir='ltr'><strong>lectori</strong></span> <span class='ocrx_word' id='word_1_631' title='bbox 3230 4232 3341 4272; x_wconf 90' lang='lat' dir='ltr'><strong>non</strong></span> <span class='ocrx_word' id='word_1_632' title='bbox 3374 4218 3667 4290; x_wconf 68' lang='lat' dir='ltr'><strong>ingratum</strong></span> 
     </span>
    </p>
   </div>
   <div class='ocr_carea' id='block_1_88' title="bbox 2071 4304 3659 4378">
    <p class='ocr_par' dir='ltr' id='par_1_88' title="bbox 2071 4304 3659 4378">
     <span class='ocr_line' id='line_1_88' title="bbox 2071 4304 3659 4378; baseline 0.006 -22"><span class='ocrx_word' id='word_1_633' title='bbox 2071 4312 2227 4373; x_wconf 89' lang='lat' dir='ltr'><strong>puto,</strong></span> <span class='ocrx_word' id='word_1_634' title='bbox 2255 4305 2401 4373; x_wconf 92' lang='lat' dir='ltr'><strong>quod</strong></span> <span class='ocrx_word' id='word_1_635' title='bbox 2433 4304 2484 4360; x_wconf 92' lang='lat' dir='ltr'><strong>in</strong></span> <span class='ocrx_word' id='word_1_636' title='bbox 2514 4306 2660 4361; x_wconf 91' lang='lat' dir='ltr'><strong>notis</strong></span> <span class='ocrx_word' id='word_1_637' title='bbox 2692 4307 2764 4361; x_wconf 88' lang='lat' dir='ltr'><strong>ob</strong></span> <span class='ocrx_word' id='word_1_638' title='bbox 2785 4307 2975 4363; x_wconf 90' lang='lat' dir='ltr'><strong>oculos</strong></span> <span class='ocrx_word' id='word_1_639' title='bbox 3004 4324 3213 4378; x_wconf 90' lang='lat' dir='ltr'><strong>ponere</strong></span> <span class='ocrx_word' id='word_1_640' title='bbox 3244 4318 3476 4365; x_wconf 86' lang='lat' dir='ltr'><strong>conatus</strong></span> <span class='ocrx_word' id='word_1_641' title='bbox 3501 4326 3659 4376; x_wconf 84' lang='lat' dir='ltr'><strong>sum,</strong></span> 
     </span>
    </p>
   </div>
   <div class='ocr_carea' id='block_1_89' title="bbox 2070 4394 3671 4475">
    <p class='ocr_par' dir='ltr' id='par_1_89' title="bbox 2070 4394 3671 4475">
     <span class='ocr_line' id='line_1_89' title="bbox 2070 4394 3671 4475; baseline 0.002 -27"><span class='ocrx_word' id='word_1_642' title='bbox 2070 4409 2191 4463; x_wconf 66' lang='lat' dir='ltr'><strong>quae</strong></span> <span class='ocrx_word' id='word_1_643' title='bbox 2223 4394 2280 4449; x_wconf 91' lang='lat' dir='ltr'><strong>in</strong></span> <span class='ocrx_word' id='word_1_644' title='bbox 2310 4395 2432 4450; x_wconf 89' lang='lat' dir='ltr'><strong>aliis</strong></span> <span class='ocrx_word' id='word_1_645' title='bbox 2461 4395 2776 4466; x_wconf 90' lang='lat' dir='ltr'><strong>hujusmodi</strong></span> <span class='ocrx_word' id='word_1_646' title='bbox 2809 4396 2989 4452; x_wconf 89' lang='lat' dir='ltr'><strong>Photii</strong></span> <span class='ocrx_word' id='word_1_647' title='bbox 3026 4398 3181 4453; x_wconf 88' lang='lat' dir='ltr'><strong>libris</strong></span> <span class='ocrx_word' id='word_1_648' title='bbox 3208 4413 3451 4454; x_wconf 89' lang='lat' dir='ltr'><strong>consona</strong></span> <span class='ocrx_word' id='word_1_649' title='bbox 3491 4415 3671 4475; x_wconf 69' lang='lat' dir='ltr'><strong>repe-</strong></span> 
     </span>
    </p>
   </div>
   <div class='ocr_carea' id='block_1_90' title="bbox 383 4485 3663 4559">
    <p class='ocr_par' dir='ltr' id='par_1_90' title="bbox 383 4485 3663 4559">
     <span class='ocr_line' id='line_1_90' title="bbox 383 4485 3663 4559; baseline 0.002 -20"><span class='ocrx_word' id='word_1_650' title='bbox 383 4501 505 4556; x_wconf 68' lang='lat' dir='ltr'><strong>qute</strong></span> <span class='ocrx_word' id='word_1_651' title='bbox 529 4487 640 4555; x_wconf 87' lang='lat' dir='ltr'><strong>jam</strong></span> <span class='ocrx_word' id='word_1_652' title='bbox 671 4502 736 4541; x_wconf 76' lang='lat' dir='ltr'><strong>ex</strong></span> <span class='ocrx_word' id='word_1_653' title='bbox 769 4487 910 4541; x_wconf 86' lang='lat' dir='ltr'><strong>Maio</strong></span> <span class='ocrx_word' id='word_1_654' title='bbox 936 4486 1226 4557; x_wconf 76' lang='lat' dir='ltr'><strong>descriptae</strong></span> <span class='ocrx_word' id='word_1_655' title='bbox 1261 4487 1518 4553; x_wconf 87' lang='lat' dir='ltr'><strong>fuerant,</strong></span> <span class='ocrx_word' id='word_1_656' title='bbox 1579 4488 1809 4559; x_wconf 89' lang='lat' dir='ltr'><strong>illasque</strong></span> <span class='ocrx_word' id='word_1_657' title='bbox 1841 4503 1963 4557; x_wconf 72' lang='lat' dir='ltr'><strong>qua:</strong></span> <span class='ocrx_word' id='word_1_658' title='bbox 1988 4497 2042 4555; x_wconf 81' lang='lat'><strong>1)</strong></span> <span class='ocrx_word' id='word_1_659' title='bbox 2071 4485 2314 4549; x_wconf 91' lang='lat' dir='ltr'><strong>riantur,</strong></span> <span class='ocrx_word' id='word_1_660' title='bbox 2346 4501 2456 4555; x_wconf 89' lang='lat' dir='ltr'><strong>quo</strong></span> <span class='ocrx_word' id='word_1_661' title='bbox 2487 4497 2653 4556; x_wconf 89' lang='lat' dir='ltr'><strong>pacto</strong></span> <span class='ocrx_word' id='word_1_662' title='bbox 2710 4487 2840 4541; x_wconf 90' lang='lat' dir='ltr'><strong>alibi</strong></span> <span class='ocrx_word' id='word_1_663' title='bbox 2889 4498 3147 4542; x_wconf 88' lang='lat' dir='ltr'><strong>versutus</strong></span> <span class='ocrx_word' id='word_1_664' title='bbox 3198 4488 3289 4543; x_wconf 86' lang='lat' dir='ltr'><strong>ille</strong></span> <span class='ocrx_word' id='word_1_665' title='bbox 3337 4489 3663 4544; x_wconf 86' lang='lat' dir='ltr'><strong>schismatis</strong></span> 
     </span>
    </p>
   </div>
   <div class='ocr_carea' id='block_1_91' title="bbox 383 4579 1965 4649">
    <p class='ocr_par' dir='ltr' id='par_1_91' title="bbox 383 4579 1965 4649">
     <span class='ocr_line' id='line_1_91' title="bbox 383 4579 1965 4649; baseline -0.001 -15"><span class='ocrx_word' id='word_1_666' title='bbox 383 4579 593 4634; x_wconf 84' lang='lat' dir='ltr'><strong>adlibri</strong></span> <span class='ocrx_word' id='word_1_667' title='bbox 619 4580 781 4635; x_wconf 85' lang='lat' dir='ltr'><strong>ﬁnem</strong></span> <span class='ocrx_word' id='word_1_668' title='bbox 825 4580 1143 4636; x_wconf 89' lang='lat' dir='ltr'><strong>referuntur</strong></span> <span class='ocrx_word' id='word_1_669' title='bbox 1172 4594 1440 4649; x_wconf 85' lang='lat' dir='ltr'><strong>quasque,</strong></span> <span class='ocrx_word' id='word_1_670' title='bbox 1478 4588 1540 4633; x_wconf 91' lang='lat' dir='ltr'><strong>ut</strong></span> <span class='ocrx_word' id='word_1_671' title='bbox 1580 4579 1764 4635; x_wconf 90' lang='lat' dir='ltr'><strong>statim</strong></span> <span class='ocrx_word' id='word_1_672' title='bbox 1805 4593 1965 4634; x_wconf 88' lang='lat' dir='ltr'><strong>acce-</strong></span> 
     </span>
    </p>
   </div>
   <div class='ocr_carea' id='block_1_92' title="bbox 382 4671 1967 4743">
    <p class='ocr_par' dir='ltr' id='par_1_92' title="bbox 382 4671 1967 4743">
     <span class='ocr_line' id='line_1_92' title="bbox 382 4671 1967 4743; baseline -0.001 -18"><span class='ocrx_word' id='word_1_673' title='bbox 382 4671 583 4740; x_wconf 80' lang='lat' dir='ltr'><strong>pimus,</strong></span> <span class='ocrx_word' id='word_1_674' title='bbox 615 4672 689 4726; x_wconf 89' lang='lat' dir='ltr'><strong>lta</strong></span> <span class='ocrx_word' id='word_1_675' title='bbox 726 4672 795 4726; x_wconf 90' lang='lat' dir='ltr'><strong>ad</strong></span> <span class='ocrx_word' id='word_1_676' title='bbox 838 4672 1014 4743; x_wconf 90' lang='lat' dir='ltr'><strong>ipsum</strong></span> <span class='ocrx_word' id='word_1_677' title='bbox 1069 4681 1277 4726; x_wconf 81' lang='lat' dir='ltr'><strong>textum</strong></span> <span class='ocrx_word' id='word_1_678' title='bbox 1328 4671 1726 4730; x_wconf 86' lang='lat' dir='ltr'><strong>adhibuimus.</strong></span> <span class='ocrx_word' id='word_1_679' title='bbox 1772 4685 1967 4727; x_wconf 89' lang='lat' dir='ltr'><strong>omnes</strong></span> 
     </span>
    </p>
   </div>
   <div class='ocr_carea' id='block_1_93' title="bbox 380 4803 1960 4862">
    <p class='ocr_par' dir='ltr' id='par_1_93' title="bbox 380 4803 1960 4862">
     <span class='ocr_line' id='line_1_93' title="bbox 380 4803 1960 4862; baseline 0.001 -3"><span class='ocrx_word' id='word_1_680' title='bbox 380 4805 452 4861; x_wconf 78' lang='lat' dir='ltr'><strong>R.</strong></span> <span class='ocrx_word' id='word_1_681' title='bbox 486 4806 839 4862; x_wconf 82' lang='lat' dir='ltr'><strong>Montacutio.</strong></span> <span class='ocrx_word' id='word_1_682' title='bbox 869 4804 983 4861; x_wconf 87' lang='lat' dir='ltr'><strong>Hoc</strong></span> <span class='ocrx_word' id='word_1_683' title='bbox 1014 4807 1203 4861; x_wconf 91' lang='lat' dir='ltr'><strong>codice</strong></span> <span class='ocrx_word' id='word_1_684' title='bbox 1229 4822 1365 4861; x_wconf 88' lang='lat' dir='ltr'><strong>usus</strong></span> <span class='ocrx_word' id='word_1_685' title='bbox 1391 4816 1477 4860; x_wconf 92' lang='lat' dir='ltr'><strong>est</strong></span> <span class='ocrx_word' id='word_1_686' title='bbox 1514 4804 1680 4859; x_wconf 90' lang='lat' dir='ltr'><strong>Card.</strong></span> <span class='ocrx_word' id='word_1_687' title='bbox 1704 4803 1877 4859; x_wconf 86' lang='lat' dir='ltr'><strong>Maius</strong></span> <span class='ocrx_word' id='word_1_688' title='bbox 1905 4805 1960 4860; x_wconf 92' lang='lat' dir='ltr'><strong>in</strong></span> 
     </span>
    </p>
   </div>
   <div class='ocr_carea' id='block_1_94' title="bbox 380 4873 1957 4999">
    <p class='ocr_par' dir='ltr' id='par_1_94' title="bbox 380 4873 1957 4999">
     <span class='ocr_line' id='line_1_94' title="bbox 380 4873 1957 4999; baseline -0.001 -69"><span class='ocrx_word' id='word_1_689' title='bbox 380 4876 608 4931; x_wconf 88' lang='lat' dir='ltr'><strong>edendis</strong></span> <span class='ocrx_word' id='word_1_690' title='bbox 632 4876 845 4931; x_wconf 80' lang='lat' dir='ltr'><strong>Leontii</strong></span> <span class='ocrx_word' id='word_1_691' title='bbox 863 4877 1143 4945; x_wconf 82' lang='lat' dir='ltr'><strong>Byzantini</strong></span> <span class='ocrx_word' id='word_1_692' title='bbox 1168 4877 1387 4945; x_wconf 80' lang='lat' dir='ltr'><strong>scriptis</strong></span> <span class='ocrx_word' id='word_1_693' title='bbox 1405 4875 1500 4999; x_wconf 54' lang='lat' dir='ltr'><strong>Sci.</strong></span> <span class='ocrx_word' id='word_1_694' title='bbox 1527 4873 1778 4998; x_wconf 56' lang='grc' dir='ltr'><strong>δρὶεὲιεςῖ..</strong></span> <span class='ocrx_word' id='word_1_695' title='bbox 1806 4874 1957 4957; x_wconf 68' lang='grc' dir='ltr'><strong>ιίοιηἶ</strong></span> 
     </span>
     <span class='ocr_line' id='line_1_95' title="bbox 380 4943 1957 4999; baseline 0 0"><span class='ocrx_word' id='word_1_696' title='bbox 380 4956 421 4999; x_wconf 89' lang='lat' dir='ltr'><strong>t.</strong></span> <span class='ocrx_word' id='word_1_697' title='bbox 458 4945 526 4999; x_wconf 78' lang='grc' dir='ltr'><strong>Χ.</strong></span> <span class='ocrx_word' id='word_1_698' title='bbox 575 4945 735 4999; x_wconf 69' lang='lat' dir='ltr'><strong>Praef.</strong></span> <span class='ocrx_word' id='word_1_699' title='bbox 760 4963 835 4999; x_wconf 89' lang='lat' dir='ltr'><strong>.u.</strong></span> <span class='ocrx_word' id='word_1_700' title='bbox 883 4963 936 4999; x_wconf 91' lang='lat' dir='ltr'><strong>v.</strong></span> <span class='ocrx_word' id='word_1_701' title='bbox 976 4954 1032 4999; x_wconf 89' lang='lat' dir='ltr'><strong>et</strong></span> <span class='ocrx_word' id='word_1_702' title='bbox 1062 4955 1178 4999; x_wconf 87' lang='lat' dir='ltr'><strong>not.</strong></span> <span class='ocrx_word' id='word_1_703' title='bbox 1208 4946 1275 4999; x_wconf 90' lang='lat' dir='ltr'><strong>ad</strong></span> <span class='ocrx_word' id='word_1_704' title='bbox 1320 4962 1373 4999; x_wconf 80' lang='grc' dir='ltr'><strong>ι).</strong></span> <span class='ocrx_word' id='word_1_705' title='bbox 1443 4945 1568 4999; x_wconf 68' lang='grc' dir='ltr'><strong>ὄίὶε</strong></span> <span class='ocrx_word' id='word_1_706' title='bbox 1597 4953 1652 4998; x_wconf 89' lang='lat' dir='ltr'><strong>et</strong></span> <span class='ocrx_word' id='word_1_707' title='bbox 1686 4943 1728 4997; x_wconf 83' lang='grc' dir='ltr'>Τ</span> <span class='ocrx_word' id='word_1_708' title='bbox 1774 4945 1957 4999; x_wconf 81' lang='lat' dir='ltr'><strong>eodort</strong></span> 
     </span>
    </p>
   </div>
   <div class='ocr_carea' id='block_1_95' title="bbox 380 4943 1961 5016">
    <p class='ocr_par' dir='ltr' id='par_1_95' title="bbox 380 4943 1961 5016">
     <span class='ocr_line' id='line_1_96' title="bbox 380 4943 1961 5016; baseline -0.001 -16"><span class='ocrx_word' id='word_1_709' title='bbox 380 4956 426 5016; x_wconf 78' lang='lat' dir='ltr'><strong>t.</strong></span> <span class='ocrx_word' id='word_1_710' title='bbox 458 4945 526 5011; x_wconf 78' lang='grc' dir='ltr'><strong>Χ,</strong></span> <span class='ocrx_word' id='word_1_711' title='bbox 575 4945 735 5002; x_wconf 73' lang='lat' dir='ltr'><strong>Prtef.</strong></span> <span class='ocrx_word' id='word_1_712' title='bbox 760 4963 835 5016; x_wconf 90' lang='lat' dir='ltr'><strong>.p.</strong></span> <span class='ocrx_word' id='word_1_713' title='bbox 883 4943 936 5011; x_wconf 85' lang='lat' dir='ltr'><strong>v,</strong></span> <span class='ocrx_word' id='word_1_714' title='bbox 976 4954 1032 5001; x_wconf 90' lang='lat' dir='ltr'><strong>et</strong></span> <span class='ocrx_word' id='word_1_715' title='bbox 1062 4955 1178 5000; x_wconf 86' lang='lat' dir='ltr'><strong>not.</strong></span> <span class='ocrx_word' id='word_1_716' title='bbox 1208 4943 1295 5000; x_wconf 40' lang='lat' dir='ltr'><strong>ad‘</strong></span> <span class='ocrx_word' id='word_1_717' title='bbox 1320 4962 1373 5016; x_wconf 87' lang='lat' dir='ltr'><strong>p.</strong></span> <span class='ocrx_word' id='word_1_718' title='bbox 1407 4943 1568 5016; x_wconf 51' lang='lat'><strong>951);</strong></span> <span class='ocrx_word' id='word_1_719' title='bbox 1597 4943 1961 5016; x_wconf 69' lang='lat' dir='ltr'><strong>et__&#39;!‘hepdori</strong></span> 
     </span>
    </p>
   </div>
   <div class='ocr_carea' id='block_1_96' title="bbox 380 5011 1958 5086">
    <p class='ocr_par' dir='ltr' id='par_1_96' title="bbox 380 5011 1958 5086">
     <span class='ocr_line' id='line_1_97' title="bbox 380 5011 1958 5086; baseline 0 -18"><span class='ocrx_word' id='word_1_720' title='bbox 380 5015 745 5084; x_wconf 86' lang='lat' dir='ltr'><strong>Mopsttesteui</strong></span> <span class='ocrx_word' id='word_1_721' title='bbox 780 5011 1133 5086; x_wconf 60' lang='lat' dir='ltr'><strong>&#39;Fragmentis</strong></span> <span class='ocrx_word' id='word_1_722' title='bbox 1180 5011 1350 5085; x_wconf 73' lang='lat' dir='ltr'><strong>(Novit</strong></span> <span class='ocrx_word' id='word_1_723' title='bbox 1386 5011 1520 5070; x_wconf 73' lang='lat' dir='ltr'><strong>Coll.</strong></span> <span class='ocrx_word' id='word_1_724' title='bbox 1559 5023 1599 5069; x_wconf 93' lang='lat' dir='ltr'><strong>t.</strong></span> <span class='ocrx_word' id='word_1_725' title='bbox 1650 5011 1749 5079; x_wconf 75' lang='lat' dir='ltr'><strong>Vl,</strong></span> <span class='ocrx_word' id='word_1_726' title='bbox 1795 5014 1958 5069; x_wconf 62' lang='lat' dir='ltr'><strong>Pricl‘.</strong></span> 
     </span>
    </p>
   </div>
   <div class='ocr_carea' id='block_1_97' title="bbox 378 5086 944 5155">
    <p class='ocr_par' dir='ltr' id='par_1_97' title="bbox 378 5086 944 5155">
     <span class='ocr_line' id='line_1_98' title="bbox 378 5086 944 5155; baseline 0.004 -17"><span class='ocrx_word' id='word_1_727' title='bbox 378 5100 438 5155; x_wconf 71' lang='grc' dir='ltr'><strong>ι).</strong></span> <span class='ocrx_word' id='word_1_728' title='bbox 462 5095 677 5155; x_wconf 33' lang='lat' dir='ltr'><strong>nutet</strong></span> <span class='ocrx_word' id='word_1_729' title='bbox 708 5101 761 5155; x_wconf 92' lang='lat' dir='ltr'><strong>p.</strong></span> <span class='ocrx_word' id='word_1_730' title='bbox 795 5086 944 5155; x_wconf 65' lang='lat'><strong>298).</strong></span> 
     </span>
    </p>
   </div>
   <div class='ocr_carea' id='block_1_98' title="bbox 404 5152 1959 5223">
    <p class='ocr_par' dir='ltr' id='par_1_98' title="bbox 404 5152 1959 5223">
     <span class='ocr_line' id='line_1_99' title="bbox 404 5152 1959 5223; baseline 0.003 -17"><span class='ocrx_word' id='word_1_731' title='bbox 404 5184 407 5185; x_wconf 52' lang='grc' dir='ltr'><em>ν</em></span> <span class='ocrx_word' id='word_1_732' title='bbox 452 5156 564 5221; x_wconf 72' lang='grc'>(27)</span> <span class='ocrx_word' id='word_1_733' title='bbox 596 5152 723 5209; x_wconf 68' lang='grc' dir='ltr'><strong>,Ιωῐὶ</strong></span> <span class='ocrx_word' id='word_1_734' title='bbox 750 5152 913 5209; x_wconf 78' lang='lat' dir='ltr'><strong>nunc</strong></span> <span class='ocrx_word' id='word_1_735' title='bbox 929 5156 1067 5209; x_wconf 88' lang='lat' dir='ltr'><strong>istas</strong></span> <span class='ocrx_word' id='word_1_736' title='bbox 1090 5153 1369 5208; x_wconf 89' lang='lat' dir='ltr'><strong>variantes</strong></span> <span class='ocrx_word' id='word_1_737' title='bbox 1386 5153 1652 5223; x_wconf 86' lang='lat' dir='ltr'><strong>lectiones</strong></span> <span class='ocrx_word' id='word_1_738' title='bbox 1676 5152 1959 5223; x_wconf 88' lang='lat' dir='ltr'><strong>proprium</strong></span> 
     </span>
    </p>
   </div>
   <div class='ocr_carea' id='block_1_99' title="bbox 378 5222 1794 5294">
    <p class='ocr_par' dir='ltr' id='par_1_99' title="bbox 378 5222 1794 5294">
     <span class='ocr_line' id='line_1_100' title="bbox 378 5222 1794 5294; baseline -0.001 -17"><span class='ocrx_word' id='word_1_739' title='bbox 378 5223 447 5278; x_wconf 90' lang='lat' dir='ltr'><strong>ad</strong></span> <span class='ocrx_word' id='word_1_740' title='bbox 472 5225 651 5279; x_wconf 89' lang='lat' dir='ltr'><strong>locum</strong></span> <span class='ocrx_word' id='word_1_741' title='bbox 681 5226 1030 5294; x_wconf 88' lang='lat' dir='ltr'><strong>reponendas</strong></span> <span class='ocrx_word' id='word_1_742' title='bbox 1060 5225 1397 5294; x_wconf 86' lang='lat' dir='ltr'><strong>curavimus.</strong></span> <span class='ocrx_word' id='word_1_743' title='bbox 1424 5222 1600 5293; x_wconf 76' lang='lat' dir='ltr'><strong>(EDIT.</strong></span> <span class='ocrx_word' id='word_1_744' title='bbox 1637 5226 1794 5294; x_wconf 77' lang='lat' dir='ltr'><strong>nov.)</strong></span> 
     </span>
    </p>
   </div>
   <div class='ocr_carea' id='block_1_100' title="bbox 450 5291 1956 5362">
    <p class='ocr_par' dir='ltr' id='par_1_100' title="bbox 450 5291 1956 5362">
     <span class='ocr_line' id='line_1_101' title="bbox 450 5291 1956 5362; baseline 0.001 -15"><span class='ocrx_word' id='word_1_745' title='bbox 450 5295 566 5362; x_wconf 78' lang='lat'><strong>(‘28)</strong></span> <span class='ocrx_word' id='word_1_746' title='bbox 595 5294 717 5360; x_wconf 84' lang='lat' dir='ltr'><strong>Quo</strong></span> <span class='ocrx_word' id='word_1_747' title='bbox 740 5291 828 5348; x_wconf 75' lang='lat' dir='ltr'><strong>res</strong></span> <span class='ocrx_word' id='word_1_748' title='bbox 863 5295 1100 5349; x_wconf 91' lang='lat' dir='ltr'><strong>celerius</strong></span> <span class='ocrx_word' id='word_1_749' title='bbox 1128 5309 1192 5347; x_wconf 89' lang='lat' dir='ltr'><strong>ac</strong></span> <span class='ocrx_word' id='word_1_750' title='bbox 1220 5291 1470 5347; x_wconf 86' lang='lat' dir='ltr'><strong>securius</strong></span> <span class='ocrx_word' id='word_1_751' title='bbox 1492 5294 1667 5358; x_wconf 77' lang='lat' dir='ltr'><strong>fieret,</strong></span> <span class='ocrx_word' id='word_1_752' title='bbox 1698 5291 1824 5346; x_wconf 77' lang='lat' dir='ltr'><strong>folia</strong></span> <span class='ocrx_word' id='word_1_753' title='bbox 1841 5291 1956 5362; x_wconf 89' lang='lat' dir='ltr'><strong>jam</strong></span> 
     </span>
    </p>
   </div>
   <div class='ocr_carea' id='block_1_101' title="bbox 380 5362 1957 5435">
    <p class='ocr_par' dir='ltr' id='par_1_101' title="bbox 380 5362 1957 5435">
     <span class='ocr_line' id='line_1_102' title="bbox 380 5362 1957 5435; baseline 0.001 -18"><span class='ocrx_word' id='word_1_754' title='bbox 380 5365 521 5435; x_wconf 82' lang='lat' dir='ltr'><strong>typis</strong></span> <span class='ocrx_word' id='word_1_755' title='bbox 552 5365 816 5435; x_wconf 82' lang='lat' dir='ltr'><strong>impressa</strong></span> <span class='ocrx_word' id='word_1_756' title='bbox 843 5362 1071 5435; x_wconf 63' lang='lat' dir='ltr'><strong>Romam</strong></span> <span class='ocrx_word' id='word_1_757' title='bbox 1095 5363 1367 5428; x_wconf 90' lang='lat' dir='ltr'><strong>misimus,</strong></span> <span class='ocrx_word' id='word_1_758' title='bbox 1396 5372 1452 5418; x_wconf 90' lang='lat' dir='ltr'><strong>et</strong></span> <span class='ocrx_word' id='word_1_759' title='bbox 1476 5363 1556 5419; x_wconf 90' lang='lat' dir='ltr'><strong>sic</strong></span> <span class='ocrx_word' id='word_1_760' title='bbox 1576 5371 1833 5418; x_wconf 80' lang='lat' dir='ltr'><strong>accurata</strong></span> <span class='ocrx_word' id='word_1_761' title='bbox 1858 5370 1957 5433; x_wconf 85' lang='lat' dir='ltr'><strong>po-</strong></span> 
     </span>
    </p>
   </div>
   <div class='ocr_carea' id='block_1_102' title="bbox 379 5432 988 5489">
    <p class='ocr_par' dir='ltr' id='par_1_102' title="bbox 379 5432 988 5489">
     <span class='ocr_line' id='line_1_103' title="bbox 379 5432 988 5489; baseline -0.003 -1"><span class='ocrx_word' id='word_1_762' title='bbox 379 5432 485 5489; x_wconf 85' lang='lat' dir='ltr'><strong>tuit</strong></span> <span class='ocrx_word' id='word_1_763' title='bbox 508 5432 726 5489; x_wconf 86' lang='lat' dir='ltr'><strong>collatio</strong></span> <span class='ocrx_word' id='word_1_764' title='bbox 755 5432 988 5486; x_wconf 89' lang='lat' dir='ltr'><strong>institui.</strong></span> 
     </span>
    </p>
   </div>
   <div class='ocr_carea' id='block_1_103' title="bbox 472 5502 1952 5574">
    <p class='ocr_par' dir='ltr' id='par_1_103' title="bbox 472 5502 1952 5574">
     <span class='ocr_line' id='line_1_104' title="bbox 472 5502 1952 5574; baseline 0.004 -18"><span class='ocrx_word' id='word_1_765' title='bbox 472 5505 565 5574; x_wconf 75' lang='lat'><strong>29)</strong></span> <span class='ocrx_word' id='word_1_766' title='bbox 614 5505 832 5574; x_wconf 68' lang='lat' dir='ltr'><strong>Revera</strong></span> <span class='ocrx_word' id='word_1_767' title='bbox 880 5502 1141 5574; x_wconf 75' lang='lat' dir='ltr'><strong>Ottobon.</strong></span> <span class='ocrx_word' id='word_1_768' title='bbox 1182 5504 1353 5557; x_wconf 81' lang='lat' dir='ltr'><strong>codex</strong></span> <span class='ocrx_word' id='word_1_769' title='bbox 1390 5503 1460 5574; x_wconf 71' lang='grc'><strong>27</strong></span> <span class='ocrx_word' id='word_1_770' title='bbox 1485 5504 1727 5561; x_wconf 88' lang='lat' dir='ltr'><strong>chartae.</strong></span> <span class='ocrx_word' id='word_1_771' title='bbox 1761 5505 1814 5560; x_wconf 92' lang='lat' dir='ltr'><strong>in</strong></span> <span class='ocrx_word' id='word_1_772' title='bbox 1857 5506 1952 5562; x_wconf 92' lang='lat' dir='ltr'><strong>fol.</strong></span> 
     </span>
    </p>
   </div>
   <div class='ocr_carea' id='block_1_104' title="bbox 378 5572 1953 5642">
    <p class='ocr_par' dir='ltr' id='par_1_104' title="bbox 378 5572 1953 5642">
     <span class='ocr_line' id='line_1_105' title="bbox 378 5572 1953 5642; baseline 0.001 -14"><span class='ocrx_word' id='word_1_773' title='bbox 378 5572 572 5628; x_wconf 86' lang='lat' dir='ltr'><strong>eadem</strong></span> <span class='ocrx_word' id='word_1_774' title='bbox 610 5573 822 5626; x_wconf 88' lang='lat' dir='ltr'><strong>ratione</strong></span> <span class='ocrx_word' id='word_1_775' title='bbox 865 5581 925 5626; x_wconf 94' lang='lat' dir='ltr'><strong>ut</strong></span> <span class='ocrx_word' id='word_1_776' title='bbox 958 5572 1167 5627; x_wconf 77' lang='lat' dir='ltr'><strong>Monac.</strong></span> <span class='ocrx_word' id='word_1_777' title='bbox 1216 5573 1527 5642; x_wconf 83' lang='lat' dir='ltr'><strong>suppeditat</strong></span> <span class='ocrx_word' id='word_1_778' title='bbox 1556 5576 1690 5631; x_wconf 88' lang='lat' dir='ltr'><strong>Acta</strong></span> <span class='ocrx_word' id='word_1_779' title='bbox 1738 5577 1953 5631; x_wconf 89' lang='lat' dir='ltr'><strong>concilii</strong></span> 
     </span>
    </p>
   </div>
   <div class='ocr_carea' id='block_1_105' title="bbox 377 5642 1953 5715">
    <p class='ocr_par' dir='ltr' id='par_1_105' title="bbox 377 5642 1953 5715">
     <span class='ocr_line' id='line_1_106' title="bbox 377 5642 1953 5715; baseline 0.002 -18"><span class='ocrx_word' id='word_1_780' title='bbox 377 5643 557 5715; x_wconf 83' lang='lat' dir='ltr'><strong>octavi</strong></span> <span class='ocrx_word' id='word_1_781' title='bbox 581 5642 777 5715; x_wconf 64' lang='lat' dir='ltr'><strong>(L228</strong></span> <span class='ocrx_word' id='word_1_782' title='bbox 799 5644 939 5715; x_wconf 78' lang='lat' dir='ltr'><strong>seq.)</strong></span> <span class='ocrx_word' id='word_1_783' title='bbox 956 5653 1021 5715; x_wconf 78' lang='lat' dir='ltr'><strong>et</strong></span> <span class='ocrx_word' id='word_1_784' title='bbox 1044 5642 1235 5715; x_wconf 84' lang='lat' dir='ltr'><strong>synodi</strong></span> <span class='ocrx_word' id='word_1_785' title='bbox 1262 5642 1541 5715; x_wconf 69' lang='lat' dir='ltr'><strong>Photiante</strong></span> <span class='ocrx_word' id='word_1_786' title='bbox 1561 5661 1611 5699; x_wconf 90' lang='lat' dir='ltr'><strong>a.</strong></span> <span class='ocrx_word' id='word_1_787' title='bbox 1636 5644 1738 5700; x_wconf 84' lang='lat'><strong>879</strong></span> <span class='ocrx_word' id='word_1_788' title='bbox 1763 5646 1824 5715; x_wconf 73' lang='grc' dir='ltr'><strong>(Γ.</strong></span> <span class='ocrx_word' id='word_1_789' title='bbox 1850 5648 1953 5701; x_wconf 77' lang='grc'><strong>517</strong></span> 
     </span>
    </p>
   </div>
   <div class='ocr_carea' id='block_1_106' title="bbox 378 5711 1953 5791">
    <p class='ocr_par' dir='ltr' id='par_1_106' title="bbox 378 5711 1953 5791">
     <span class='ocr_line' id='line_1_107' title="bbox 378 5711 1953 5791; baseline 0.002 -23"><span class='ocrx_word' id='word_1_790' title='bbox 378 5712 544 5791; x_wconf 82' lang='lat' dir='ltr'><strong>seq_.)_;</strong></span> <span class='ocrx_word' id='word_1_791' title='bbox 566 5711 850 5791; x_wconf 59' lang='lat' dir='ltr'><strong>deinde“.</strong></span> <span class='ocrx_word' id='word_1_792' title='bbox 880 5712 984 5767; x_wconf 77' lang='lat'><strong>585</strong></span> <span class='ocrx_word' id='word_1_793' title='bbox 1007 5714 1059 5783; x_wconf 66' lang='grc' dir='ltr'>δ)</span> <span class='ocrx_word' id='word_1_794' title='bbox 1076 5711 1276 5769; x_wconf 79' lang='lat' dir='ltr'><strong>eadem</strong></span> <span class='ocrx_word' id='word_1_795' title='bbox 1301 5714 1653 5791; x_wconf 77' lang='lat' dir='ltr'><strong>inscriptione</strong></span> <span class='ocrx_word' id='word_1_796' title='bbox 1678 5725 1734 5791; x_wconf 90' lang='lat' dir='ltr'><strong>_et</strong></span> <span class='ocrx_word' id='word_1_797' title='bbox 1756 5711 1953 5772; x_wconf 86' lang='lat' dir='ltr'><strong>iisdem</strong></span> 
     </span>
    </p>
   </div>
   <div class='ocr_carea' id='block_1_107' title="bbox 376 5780 1950 5855">
    <p class='ocr_par' dir='ltr' id='par_1_107' title="bbox 376 5780 1950 5855">
     <span class='ocr_line' id='line_1_108' title="bbox 376 5780 1950 5855; baseline 0.003 -16"><span class='ocrx_word' id='word_1_798' title='bbox 376 5780 561 5839; x_wconf 73' lang='lat' dir='ltr'><strong>verbis</strong></span> <span class='ocrx_word' id='word_1_799' title='bbox 592 5782 661 5840; x_wconf 75' lang='lat' dir='ltr'><strong>M</strong></span> <span class='ocrx_word' id='word_1_800' title='bbox 687 5780 777 5837; x_wconf 91' lang='lat' dir='ltr'><strong>illa</strong></span> <span class='ocrx_word' id='word_1_801' title='bbox 810 5780 1129 5846; x_wconf 74' lang='lat' dir='ltr'><strong>argumenta</strong></span> <span class='ocrx_word' id='word_1_802' title='bbox 1154 5800 1223 5841; x_wconf 78' lang='lat' dir='ltr'><strong>ex</strong></span> <span class='ocrx_word' id='word_1_803' title='bbox 1250 5780 1525 5843; x_wconf 78' lang='lat' dir='ltr'><strong>eucvclica</strong></span> <span class='ocrx_word' id='word_1_804' title='bbox 1550 5802 1640 5852; x_wconf 85' lang='lat' dir='ltr'><strong>ep.</strong></span> <span class='ocrx_word' id='word_1_805' title='bbox 1660 5787 1950 5855; x_wconf 82' lang='lat' dir='ltr'><strong>desumpta</strong></span> 
     </span>
    </p>
   </div>
   <div class='ocr_carea' id='block_1_108' title="bbox 2070 4579 3665 4651">
    <p class='ocr_par' dir='ltr' id='par_1_108' title="bbox 2070 4579 3665 4651">
     <span class='ocr_line' id='line_1_109' title="bbox 2070 4579 3665 4651; baseline 0.001 -20"><span class='ocrx_word' id='word_1_806' title='bbox 2070 4592 2271 4647; x_wconf 84' lang='lat' dir='ltr'><strong>parens</strong></span> <span class='ocrx_word' id='word_1_807' title='bbox 2299 4579 2490 4633; x_wconf 89' lang='lat' dir='ltr'><strong>eadem</strong></span> <span class='ocrx_word' id='word_1_808' title='bbox 2535 4589 2856 4651; x_wconf 81' lang='lat' dir='ltr'><strong>argumenta</strong></span> <span class='ocrx_word' id='word_1_809' title='bbox 2886 4580 3396 4651; x_wconf 82' lang='lat' dir='ltr'><strong>evolverit,qoibus</strong></span> <span class='ocrx_word' id='word_1_810' title='bbox 3438 4597 3500 4635; x_wconf 88' lang='lat' dir='ltr'><strong>ca</strong></span> <span class='ocrx_word' id='word_1_811' title='bbox 3538 4581 3665 4635; x_wconf 74' lang='lat' dir='ltr'><strong>for--</strong></span> 
     </span>
    </p>
   </div>
   <div class='ocr_carea' id='block_1_109' title="bbox 2071 4670 3667 4741">
    <p class='ocr_par' dir='ltr' id='par_1_109' title="bbox 2071 4670 3667 4741">
     <span class='ocr_line' id='line_1_110' title="bbox 2071 4670 3667 4741; baseline 0.003 -17"><span class='ocrx_word' id='word_1_812' title='bbox 2071 4670 2175 4725; x_wconf 90' lang='lat' dir='ltr'><strong>mis</strong></span> <span class='ocrx_word' id='word_1_813' title='bbox 2214 4684 2315 4740; x_wconf 90' lang='lat' dir='ltr'><strong>pro</strong></span> <span class='ocrx_word' id='word_1_814' title='bbox 2364 4670 2567 4741; x_wconf 87' lang='lat' dir='ltr'><strong>ingenii</strong></span> <span class='ocrx_word' id='word_1_815' title='bbox 2610 4671 2945 4727; x_wconf 87' lang='lat' dir='ltr'><strong>fecunditate</strong></span> <span class='ocrx_word' id='word_1_816' title='bbox 2985 4671 3325 4740; x_wconf 87' lang='lat' dir='ltr'><strong>investierit,</strong></span> <span class='ocrx_word' id='word_1_817' title='bbox 3357 4689 3500 4729; x_wconf 85' lang='lat' dir='ltr'><strong>novo</strong></span> <span class='ocrx_word' id='word_1_818' title='bbox 3530 4674 3667 4729; x_wconf 76' lang='lat' dir='ltr'><strong>fere</strong></span> 
     </span>
    </p>
   </div>
   <div class='ocr_carea' id='block_1_110' title="bbox 2065 4805 3661 4878">
    <p class='ocr_par' dir='ltr' id='par_1_110' title="bbox 2065 4805 3661 4878">
     <span class='ocr_line' id='line_1_111' title="bbox 2065 4805 3661 4878; baseline 0.001 -16"><span class='ocrx_word' id='word_1_819' title='bbox 2065 4806 2425 4878; x_wconf 70' lang='lat' dir='ltr'><strong>(vide§2,et</strong></span> <span class='ocrx_word' id='word_1_820' title='bbox 2450 4805 2495 4878; x_wconf 16' lang='grc' dir='ltr'><strong>νς</strong></span> <span class='ocrx_word' id='word_1_821' title='bbox 2534 4808 2597 4871; x_wconf 60' lang='lat'><strong>4,</strong></span> <span class='ocrx_word' id='word_1_822' title='bbox 2631 4815 2762 4878; x_wconf 76' lang='lat' dir='ltr'><strong>not.</strong></span> <span class='ocrx_word' id='word_1_823' title='bbox 2795 4806 2852 4874; x_wconf 72' lang='lat'><strong>‘2)</strong></span> <span class='ocrx_word' id='word_1_824' title='bbox 2891 4807 3158 4878; x_wconf 72' lang='lat' dir='ltr'><strong>exhibet;</strong></span> <span class='ocrx_word' id='word_1_825' title='bbox 3199 4808 3393 4863; x_wconf 85' lang='lat' dir='ltr'><strong>eodem</strong></span> <span class='ocrx_word' id='word_1_826' title='bbox 3432 4808 3661 4878; x_wconf 78' lang='lat' dir='ltr'><strong>pariter</strong></span> 
     </span>
    </p>
   </div>
   <div class='ocr_carea' id='block_1_111' title="bbox 2064 4876 3665 4949">
    <p class='ocr_par' dir='ltr' id='par_1_111' title="bbox 2064 4876 3665 4949">
     <span class='ocr_line' id='line_1_112' title="bbox 2064 4876 3665 4949; baseline 0 -18"><span class='ocrx_word' id='word_1_827' title='bbox 2064 4876 2312 4949; x_wconf 70' lang='lat' dir='ltr'><strong>pacto</strong></span> <span class='ocrx_word' id='word_1_828' title='bbox 2340 4876 2623 4949; x_wconf 68' lang='lat' dir='ltr'><strong>58Dcttm</strong></span> <span class='ocrx_word' id='word_1_829' title='bbox 2654 4877 2836 4931; x_wconf 83' lang='lat' dir='ltr'><strong>verbis</strong></span> <span class='ocrx_word' id='word_1_830' title='bbox 2860 4878 2997 4932; x_wconf 83' lang='lat' dir='ltr'><strong>illis:</strong></span> <span class='ocrx_word' id='word_1_831' title='bbox 3032 4877 3139 4949; x_wconf 65' lang='grc' dir='ltr'><strong>Ταῦ</strong></span> <span class='ocrx_word' id='word_1_832' title='bbox 3184 4878 3353 4931; x_wconf 77' lang='grc' dir='ltr'><strong>αὐτοῦ</strong></span> <span class='ocrx_word' id='word_1_833' title='bbox 3385 4876 3512 4949; x_wconf 62' lang='grc' dir='ltr'><strong>ςῖέρὶ</strong></span> <span class='ocrx_word' id='word_1_834' title='bbox 3542 4880 3665 4949; x_wconf 75' lang='grc' dir='ltr'><strong>τῆς</strong></span> 
     </span>
    </p>
   </div>
   <div class='ocr_carea' id='block_1_112' title="bbox 2062 4946 3663 5017">
    <p class='ocr_par' dir='ltr' id='par_1_112' title="bbox 2062 4946 3663 5017">
     <span class='ocr_line' id='line_1_113' title="bbox 2062 4946 3663 5017; baseline 0.004 -18"><span class='ocrx_word' id='word_1_835' title='bbox 2062 4946 2158 4999; x_wconf 57' lang='grc' dir='ltr'><strong>ἑοῦ</strong></span> <span class='ocrx_word' id='word_1_836' title='bbox 2205 4946 2362 5014; x_wconf 75' lang='grc' dir='ltr'>ἁγίου</span> <span class='ocrx_word' id='word_1_837' title='bbox 2409 4946 2731 5017; x_wconf 80' lang='grc' dir='ltr'><strong>Πνεῦματος</strong></span> <span class='ocrx_word' id='word_1_838' title='bbox 2783 4947 3174 5016; x_wconf 77' lang='grc' dir='ltr'><strong>μυσταγωγίας</strong></span> <span class='ocrx_word' id='word_1_839' title='bbox 3216 4966 3275 5001; x_wconf 85' lang='grc' dir='ltr'><strong>κ.</strong></span> <span class='ocrx_word' id='word_1_840' title='bbox 3311 4965 3366 5000; x_wconf 82' lang='grc' dir='ltr'><strong>τ.</strong></span> <span class='ocrx_word' id='word_1_841' title='bbox 3410 4946 3468 5002; x_wconf 64' lang='grc' dir='ltr'><strong>λζ</strong></span> <span class='ocrx_word' id='word_1_842' title='bbox 3503 4946 3663 5017; x_wconf 75' lang='lat' dir='ltr'><strong>opus</strong></span> 
     </span>
    </p>
   </div>
   <div class='ocr_carea' id='block_1_113' title="bbox 2061 5016 3660 5086">
    <p class='ocr_par' dir='ltr' id='par_1_113' title="bbox 2061 5016 3660 5086">
     <span class='ocr_line' id='line_1_114' title="bbox 2061 5016 3660 5086; baseline 0.001 -17"><span class='ocrx_word' id='word_1_843' title='bbox 2061 5025 2311 5071; x_wconf 88' lang='lat' dir='ltr'><strong>nostrum</strong></span> <span class='ocrx_word' id='word_1_844' title='bbox 2342 5016 2659 5080; x_wconf 90' lang='lat' dir='ltr'><strong>introducit,</strong></span> <span class='ocrx_word' id='word_1_845' title='bbox 2683 5017 2827 5086; x_wconf 90' lang='lat' dir='ltr'><strong>quod</strong></span> <span class='ocrx_word' id='word_1_846' title='bbox 2859 5026 2912 5071; x_wconf 90' lang='lat' dir='ltr'><strong>et</strong></span> <span class='ocrx_word' id='word_1_847' title='bbox 2944 5018 3033 5073; x_wconf 90' lang='lat' dir='ltr'><strong>hic</strong></span> <span class='ocrx_word' id='word_1_848' title='bbox 3062 5019 3311 5072; x_wconf 87' lang='lat' dir='ltr'><strong>mutilum</strong></span> <span class='ocrx_word' id='word_1_849' title='bbox 3346 5016 3660 5086; x_wconf 82' lang='lat' dir='ltr'><strong>reperitur,</strong></span> 
     </span>
    </p>
   </div>
   <div class='ocr_carea' id='block_1_114' title="bbox 2061 5086 3667 5157">
    <p class='ocr_par' dir='ltr' id='par_1_114' title="bbox 2061 5086 3667 5157">
     <span class='ocr_line' id='line_1_115' title="bbox 2061 5086 3667 5157; baseline 0 -16"><span class='ocrx_word' id='word_1_850' title='bbox 2061 5095 2116 5141; x_wconf 90' lang='lat' dir='ltr'><strong>et</strong></span> <span class='ocrx_word' id='word_1_851' title='bbox 2139 5087 2361 5154; x_wconf 90' lang='lat' dir='ltr'><strong>quidem</strong></span> <span class='ocrx_word' id='word_1_852' title='bbox 2388 5086 2439 5157; x_wconf 88' lang='lat' dir='ltr'><strong>f._</strong></span> <span class='ocrx_word' id='word_1_853' title='bbox 2454 5086 2552 5141; x_wconf 70' lang='grc'><strong>401</strong></span> <span class='ocrx_word' id='word_1_854' title='bbox 2576 5101 2628 5140; x_wconf 92' lang='lat' dir='ltr'><strong>a.</strong></span> <span class='ocrx_word' id='word_1_855' title='bbox 2661 5088 2727 5141; x_wconf 89' lang='lat' dir='ltr'><strong>ad</strong></span> <span class='ocrx_word' id='word_1_856' title='bbox 2754 5088 3001 5142; x_wconf 86' lang='lat' dir='ltr'><strong>eamdem</strong></span> <span class='ocrx_word' id='word_1_857' title='bbox 3024 5089 3345 5157; x_wconf 87' lang='lat' dir='ltr'><strong>particulam</strong></span> <span class='ocrx_word' id='word_1_858' title='bbox 3370 5086 3421 5139; x_wconf 74' lang='lat' dir='ltr'><strong>et</strong></span> <span class='ocrx_word' id='word_1_859' title='bbox 3438 5088 3667 5147; x_wconf 72' lang='lat' dir='ltr'><strong>desiuit.</strong></span> 
     </span>
    </p>
   </div>
   <div class='ocr_carea' id='block_1_115' title="bbox 2475 5157 3664 5228">
    <p class='ocr_par' dir='ltr' id='par_1_115' title="bbox 2475 5157 3664 5228">
     <span class='ocr_line' id='line_1_116' title="bbox 2475 5157 3664 5228; baseline 0.006 -19"><span class='ocrx_word' id='word_1_860' title='bbox 2475 5157 2530 5223; x_wconf 75' lang='grc'><strong>2,</strong></span> <span class='ocrx_word' id='word_1_861' title='bbox 2564 5165 2678 5211; x_wconf 89' lang='lat' dir='ltr'><strong>not.</strong></span> <span class='ocrx_word' id='word_1_862' title='bbox 2722 5157 2816 5228; x_wconf 72' lang='lat'><strong>5);</strong></span> <span class='ocrx_word' id='word_1_863' title='bbox 2860 5158 3108 5228; x_wconf 90' lang='lat' dir='ltr'><strong>quinimo</strong></span> <span class='ocrx_word' id='word_1_864' title='bbox 3158 5158 3446 5228; x_wconf 88' lang='lat' dir='ltr'><strong>lectiones</strong></span> <span class='ocrx_word' id='word_1_865' title='bbox 3473 5158 3664 5216; x_wconf 80' lang='lat' dir='ltr'><strong>habet.</strong></span> 
     </span>
    </p>
   </div>
   <div class='ocr_carea' id='block_1_116' title="bbox 2087 5157 2386 5211">
    <p class='ocr_par' dir='ltr' id='par_1_116' title="bbox 2087 5157 2386 5211">
     <span class='ocr_line' id='line_1_117' title="bbox 2087 5157 2386 5211; baseline 0 -1"><span class='ocrx_word' id='word_1_866' title='bbox 2087 5157 2207 5211; x_wconf 89' lang='lat' dir='ltr'><strong>vide</strong></span> <span class='ocrx_word' id='word_1_867' title='bbox 2235 5171 2386 5211; x_wconf 86' lang='lat' dir='ltr'><strong>sunr.</strong></span> 
     </span>
    </p>
   </div>
   <div class='ocr_carea' id='block_1_117' title="bbox 2062 5159 3664 5297">
    <p class='ocr_par' dir='ltr' id='par_1_117' title="bbox 2062 5159 3664 5297">
     <span class='ocr_line' id='line_1_118' title="bbox 2062 5159 3664 5280; baseline 0.004 -70"><span class='ocrx_word' id='word_1_868' title='bbox 2062 5159 2207 5219; x_wconf 87' lang='lat' dir='ltr'><strong>(vide</strong></span> <span class='ocrx_word' id='word_1_869' title='bbox 2235 5171 2386 5225; x_wconf 89' lang='lat' dir='ltr'><strong>supr.</strong></span> <span class='ocrx_word' id='word_1_870' title='bbox 2421 5159 2530 5280; x_wconf 47' lang='lat' dir='ltr'><strong>if,</strong></span> <span class='ocrx_word' id='word_1_871' title='bbox 2564 5165 2678 5211; x_wconf 89' lang='lat' dir='ltr'><strong>not.</strong></span> <span class='ocrx_word' id='word_1_872' title='bbox 2722 5159 2816 5228; x_wconf 77' lang='lat'><strong>5);</strong></span> <span class='ocrx_word' id='word_1_873' title='bbox 2860 5159 3108 5226; x_wconf 90' lang='lat' dir='ltr'><strong>quinimo</strong></span> <span class='ocrx_word' id='word_1_874' title='bbox 3158 5159 3423 5212; x_wconf 88' lang='lat' dir='ltr'><strong>lectiones</strong></span> <span class='ocrx_word' id='word_1_875' title='bbox 3473 5159 3664 5216; x_wconf 80' lang='lat' dir='ltr'><strong>habet.</strong></span> 
     </span>
     <span class='ocr_line' id='line_1_119' title="bbox 2062 5226 3664 5297; baseline 0 -16"><span class='ocrx_word' id='word_1_876' title='bbox 2062 5226 2178 5281; x_wconf 83' lang='lat' dir='ltr'><strong>fere</strong></span> <span class='ocrx_word' id='word_1_877' title='bbox 2200 5241 2393 5297; x_wconf 86' lang='lat' dir='ltr'><strong>omnes</strong></span> <span class='ocrx_word' id='word_1_878' title='bbox 2482 5227 2741 5297; x_wconf 89' lang='lat' dir='ltr'><strong>onacensi</strong></span> <span class='ocrx_word' id='word_1_879' title='bbox 2793 5227 3117 5297; x_wconf 80' lang='lat' dir='ltr'><strong>peculiares,</strong></span> <span class='ocrx_word' id='word_1_880' title='bbox 3150 5243 3219 5281; x_wconf 87' lang='lat' dir='ltr'><strong>ne</strong></span> <span class='ocrx_word' id='word_1_881' title='bbox 3269 5227 3482 5282; x_wconf 89' lang='lat' dir='ltr'><strong>mendis</strong></span> <span class='ocrx_word' id='word_1_882' title='bbox 3516 5228 3664 5297; x_wconf 80' lang='lat' dir='ltr'><strong>qui-</strong></span> 
     </span>
    </p>
   </div>
   <div class='ocr_carea' id='block_1_118' title="bbox 2060 5226 2393 5281">
    <p class='ocr_par' dir='ltr' id='par_1_118' title="bbox 2060 5226 2393 5281">
     <span class='ocr_line' id='line_1_120' title="bbox 2060 5226 2393 5281; baseline 0.003 -1"><span class='ocrx_word' id='word_1_883' title='bbox 2060 5226 2178 5281; x_wconf 89' lang='lat' dir='ltr'><strong>fere</strong></span> <span class='ocrx_word' id='word_1_884' title='bbox 2200 5241 2393 5281; x_wconf 90' lang='lat' dir='ltr'><strong>omnes</strong></span> 
     </span>
    </p>
   </div>
   <div class='ocr_carea' id='block_1_119' title="bbox 2058 5295 3665 5367">
    <p class='ocr_par' dir='ltr' id='par_1_119' title="bbox 2058 5295 3665 5367">
     <span class='ocr_line' id='line_1_121' title="bbox 2058 5295 3665 5367; baseline 0 -16"><span class='ocrx_word' id='word_1_885' title='bbox 2058 5297 2182 5367; x_wconf 88' lang='lat' dir='ltr'><strong>dem</strong></span> <span class='ocrx_word' id='word_1_886' title='bbox 2210 5295 2527 5367; x_wconf 86' lang='lat' dir='ltr'><strong>scriptionis</strong></span> <span class='ocrx_word' id='word_1_887' title='bbox 2556 5295 2817 5366; x_wconf 77' lang='lat' dir='ltr'><strong>exceptis.</strong></span> <span class='ocrx_word' id='word_1_888' title='bbox 2848 5295 2940 5352; x_wconf 87' lang='lat' dir='ltr'><strong>Sic</strong></span> <span class='ocrx_word' id='word_1_889' title='bbox 2966 5312 3016 5352; x_wconf 92' lang='lat' dir='ltr'><strong>c.</strong></span> <span class='ocrx_word' id='word_1_890' title='bbox 3048 5297 3103 5362; x_wconf 78' lang='lat' dir='ltr'><strong>l,</strong></span> <span class='ocrx_word' id='word_1_891' title='bbox 3138 5314 3193 5367; x_wconf 92' lang='lat' dir='ltr'><strong>p.</strong></span> <span class='ocrx_word' id='word_1_892' title='bbox 3225 5297 3260 5350; x_wconf 78' lang='grc'><strong>5</strong></span> <span class='ocrx_word' id='word_1_893' title='bbox 3291 5297 3428 5367; x_wconf 91' lang='lat' dir='ltr'><strong>(not.</strong></span> <span class='ocrx_word' id='word_1_894' title='bbox 3457 5295 3665 5367; x_wconf 57' lang='lat' dir='ltr'><strong>l),&#39;le-</strong></span> 
     </span>
    </p>
   </div>
   <div class='ocr_carea' id='block_1_120' title="bbox 2057 5366 3661 5438">
    <p class='ocr_par' dir='ltr' id='par_1_120' title="bbox 2057 5366 3661 5438">
     <span class='ocr_line' id='line_1_122' title="bbox 2057 5366 3661 5438; baseline 0.002 -18"><span class='ocrx_word' id='word_1_895' title='bbox 2057 5366 2234 5438; x_wconf 86' lang='lat' dir='ltr'><strong>gitur:</strong></span> <span class='ocrx_word' id='word_1_896' title='bbox 2278 5366 2655 5438; x_wconf 60' lang='lat' dir='ltr'><strong>Ilghorixoug;</strong></span> <span class='ocrx_word' id='word_1_897' title='bbox 2715 5367 2842 5422; x_wconf 89' lang='lat' dir='ltr'><strong>ibid.</strong></span> <span class='ocrx_word' id='word_1_898' title='bbox 2890 5366 2970 5437; x_wconf 84' lang='grc' dir='ltr'><strong>(η.</strong></span> <span class='ocrx_word' id='word_1_899' title='bbox 3004 5367 3092 5438; x_wconf 70' lang='lat'><strong>4):</strong></span> <span class='ocrx_word' id='word_1_900' title='bbox 3137 5366 3462 5438; x_wconf 53' lang='grc' dir='ltr'><strong>γενήσεταινς</strong></span> <span class='ocrx_word' id='word_1_901' title='bbox 3490 5366 3555 5420; x_wconf 58' lang='grc' dir='ltr'><strong>⁷ο.</strong></span> <span class='ocrx_word' id='word_1_902' title='bbox 3583 5368 3661 5424; x_wconf 73' lang='lat'><strong>‘2.</strong></span> 
     </span>
    </p>
   </div>
   <div class='ocr_carea' id='block_1_121' title="bbox 2056 5436 3667 5507">
    <p class='ocr_par' dir='ltr' id='par_1_121' title="bbox 2056 5436 3667 5507">
     <span class='ocr_line' id='line_1_123' title="bbox 2056 5436 3667 5507; baseline 0.003 -17"><span class='ocrx_word' id='word_1_903' title='bbox 2056 5436 2175 5507; x_wconf 12' lang='lat' dir='ltr'><strong>p.74</strong></span> <span class='ocrx_word' id='word_1_904' title='bbox 2207 5439 2287 5504; x_wconf 86' lang='grc' dir='ltr'><strong>(η.</strong></span> <span class='ocrx_word' id='word_1_905' title='bbox 2314 5436 2412 5507; x_wconf 78' lang='lat'><strong>5):</strong></span> <span class='ocrx_word' id='word_1_906' title='bbox 2445 5437 2596 5499; x_wconf 82' lang='grc' dir='ltr'><strong>τίς...</strong></span> <span class='ocrx_word' id='word_1_907' title='bbox 2629 5436 2885 5507; x_wconf 66' lang='grc' dir='ltr'><strong>ἓτερφς...</strong></span> <span class='ocrx_word' id='word_1_908' title='bbox 2920 5439 3000 5505; x_wconf 84' lang='lat' dir='ltr'><strong>(tt.</strong></span> <span class='ocrx_word' id='word_1_909' title='bbox 3028 5436 3120 5507; x_wconf 65' lang='lat'><strong>«5):</strong></span> <span class='ocrx_word' id='word_1_910' title='bbox 3158 5439 3191 5506; x_wconf 83' lang='grc' dir='ltr'>ἠ</span> <span class='ocrx_word' id='word_1_911' title='bbox 3222 5436 3446 5490; x_wconf 74' lang='grc' dir='ltr'><strong>ἑκουσία</strong></span> <span class='ocrx_word' id='word_1_912' title='bbox 3478 5445 3534 5489; x_wconf 89' lang='lat' dir='ltr'><strong>et</strong></span> <span class='ocrx_word' id='word_1_913' title='bbox 3561 5438 3667 5495; x_wconf 81' lang='lat' dir='ltr'><strong>sic</strong></span> 
     </span>
    </p>
   </div>
   <div class='ocr_carea' id='block_1_122' title="bbox 2056 5505 3664 5577">
    <p class='ocr_par' dir='ltr' id='par_1_122' title="bbox 2056 5505 3664 5577">
     <span class='ocr_line' id='line_1_124' title="bbox 2056 5505 3664 5577; baseline -0.001 -16"><span class='ocrx_word' id='word_1_914' title='bbox 2056 5505 2438 5577; x_wconf 31' lang='lat' dir='ltr'><strong>deinceps.’lle</strong></span> <span class='ocrx_word' id='word_1_915' title='bbox 2464 5515 2624 5561; x_wconf 61' lang='lat' dir='ltr'><strong>aetate</strong></span> <span class='ocrx_word' id='word_1_916' title='bbox 2651 5506 2857 5577; x_wconf 79' lang='lat' dir='ltr'><strong>codicis</strong></span> <span class='ocrx_word' id='word_1_917' title='bbox 2891 5507 3024 5561; x_wconf 87' lang='lat' dir='ltr'><strong>mihi</strong></span> <span class='ocrx_word' id='word_1_918' title='bbox 3060 5505 3322 5577; x_wconf 69' lang='lat' dir='ltr'><strong>Scriptum</strong></span> <span class='ocrx_word' id='word_1_919' title='bbox 3377 5508 3478 5562; x_wconf 89' lang='lat' dir='ltr'><strong>fuit</strong></span> <span class='ocrx_word' id='word_1_920' title='bbox 3512 5522 3664 5566; x_wconf 86' lang='lat' dir='ltr'><strong>eum</strong></span> 
     </span>
    </p>
   </div>
   <div class='ocr_carea' id='block_1_123' title="bbox 2055 5575 3663 5647">
    <p class='ocr_par' dir='ltr' id='par_1_123' title="bbox 2055 5575 3663 5647">
     <span class='ocr_line' id='line_1_125' title="bbox 2055 5575 3663 5647; baseline 0.001 -16"><span class='ocrx_word' id='word_1_921' title='bbox 2055 5576 2124 5632; x_wconf 89' lang='lat' dir='ltr'><strong>ad</strong></span> <span class='ocrx_word' id='word_1_922' title='bbox 2160 5591 2284 5631; x_wconf 59' lang='lat' dir='ltr'><strong>saec.</strong></span> <span class='ocrx_word' id='word_1_923' title='bbox 2322 5591 2412 5640; x_wconf 81' lang='lat' dir='ltr'><strong>xv,</strong></span> <span class='ocrx_word' id='word_1_924' title='bbox 2461 5578 2542 5630; x_wconf 88' lang='lat' dir='ltr'><strong>vel</strong></span> <span class='ocrx_word' id='word_1_925' title='bbox 2575 5575 2755 5647; x_wconf 82' lang='lat' dir='ltr'><strong>potius</strong></span> <span class='ocrx_word' id='word_1_926' title='bbox 2820 5592 2911 5647; x_wconf 78' lang='lat' dir='ltr'><strong>xvt</strong></span> <span class='ocrx_word' id='word_1_927' title='bbox 2974 5575 3283 5647; x_wconf 77' lang='lat' dir='ltr'><strong>pertinere;</strong></span> <span class='ocrx_word' id='word_1_928' title='bbox 3316 5578 3380 5631; x_wconf 86' lang='lat' dir='ltr'><strong>ad</strong></span> <span class='ocrx_word' id='word_1_929' title='bbox 3444 5579 3663 5637; x_wconf 88' lang='lat' dir='ltr'><strong>eadem</strong></span> 
     </span>
    </p>
   </div>
   <div class='ocr_carea' id='block_1_124' title="bbox 2057 5645 3662 5716">
    <p class='ocr_par' dir='ltr' id='par_1_124' title="bbox 2057 5645 3662 5716">
     <span class='ocr_line' id='line_1_126' title="bbox 2057 5645 3662 5716; baseline 0.001 -16"><span class='ocrx_word' id='word_1_930' title='bbox 2057 5655 2299 5714; x_wconf 89' lang='lat' dir='ltr'><strong>tempora</strong></span> <span class='ocrx_word' id='word_1_931' title='bbox 2332 5654 2544 5716; x_wconf 80' lang='lat' dir='ltr'><strong>spectat</strong></span> <span class='ocrx_word' id='word_1_932' title='bbox 2602 5645 2988 5716; x_wconf 55' lang='lat' dir='ltr'><strong>Monacensisf</strong></span> <span class='ocrx_word' id='word_1_933' title='bbox 3021 5647 3214 5701; x_wconf 83' lang='lat' dir='ltr'><strong>Omnia</strong></span> <span class='ocrx_word' id='word_1_934' title='bbox 3255 5647 3464 5716; x_wconf 85' lang='lat' dir='ltr'><strong>optime</strong></span> <span class='ocrx_word' id='word_1_935' title='bbox 3498 5663 3662 5715; x_wconf 76' lang='lat' dir='ltr'><strong>quu-</strong></span> 
     </span>
    </p>
   </div>
   <div class='ocr_carea' id='block_1_125' title="bbox 2053 5715 3664 5785">
    <p class='ocr_par' dir='ltr' id='par_1_125' title="bbox 2053 5715 3664 5785">
     <span class='ocr_line' id='line_1_127' title="bbox 2053 5715 3664 5785; baseline 0.002 -14"><span class='ocrx_word' id='word_1_936' title='bbox 2053 5716 2249 5780; x_wconf 88' lang='lat' dir='ltr'><strong>drant;</strong></span> <span class='ocrx_word' id='word_1_937' title='bbox 2284 5715 2352 5769; x_wconf 81' lang='lat' dir='ltr'><strong>ad</strong></span> <span class='ocrx_word' id='word_1_938' title='bbox 2390 5730 2560 5785; x_wconf 81' lang='lat' dir='ltr'><strong>unum</strong></span> <span class='ocrx_word' id='word_1_939' title='bbox 2584 5715 2741 5785; x_wconf 88' lang='lat' dir='ltr'><strong>plane</strong></span> <span class='ocrx_word' id='word_1_940' title='bbox 2766 5716 2974 5773; x_wconf 80' lang='lat' dir='ltr'><strong>fontem</strong></span> <span class='ocrx_word' id='word_1_941' title='bbox 3007 5715 3351 5773; x_wconf 81' lang='lat' dir='ltr'><strong>reducuntur</strong></span> <span class='ocrx_word' id='word_1_942' title='bbox 3394 5725 3511 5771; x_wconf 84' lang='lat' dir='ltr'><strong>tum</strong></span> <span class='ocrx_word' id='word_1_943' title='bbox 3544 5718 3664 5774; x_wconf 83' lang='lat' dir='ltr'><strong>Ot-</strong></span> 
     </span>
    </p>
   </div>
   <div class='ocr_carea' id='block_1_126' title="bbox 2056 5784 2780 5843">
    <p class='ocr_par' dir='ltr' id='par_1_126' title="bbox 2056 5784 2780 5843">
     <span class='ocr_line' id='line_1_128' title="bbox 2056 5784 2780 5843; baseline -0.004 -1"><span class='ocrx_word' id='word_1_944' title='bbox 2056 5786 2241 5843; x_wconf 87' lang='lat' dir='ltr'><strong>tobon.</strong></span> <span class='ocrx_word' id='word_1_945' title='bbox 2278 5792 2392 5842; x_wconf 88' lang='lat' dir='ltr'><strong>tum</strong></span> <span class='ocrx_word' id='word_1_946' title='bbox 2419 5784 2780 5841; x_wconf 84' lang='lat' dir='ltr'><strong>Monacensis.</strong></span> 
     </span>
    </p>
   </div>
   <div class='ocr_carea' id='block_1_127' title="bbox 4010 820 4014 1337">
    <p class='ocr_par' dir='ltr' id='par_1_127' title="bbox 4010 820 4014 1065">
     <span class='ocr_line' id='line_1_129' title="bbox 4010 820 4014 1065; baseline 0 0"><span class='ocrx_word' id='word_1_947' title='bbox 4010 820 4014 985; x_wconf 68' lang='grc' dir='ltr'>ι</span> 
     </span>
    </p>
   </div>
  </div>
