4022 6398
208 440 337 517 273

810 448 909 513 DE
949 449 1011 515 s.
1051 449 1411 512 semrrus
1444 449 1951 512 MYSTAGOGIA.
1985 476 2054 486 —
2081 450 2139 513 ι.
2182 424 2418 513 IIERG.
2452 448 2863 521 PRAEFATIO.

3374 447 3484 516 27L

210 576 440 633 semper
464 560 625 616 modo
654 559 847 615 eadem
871 560 1031 630 plane
1063 559 1347 617 lnculcans
1383 576 1448 617 ac
1474 576 1587 616 sua:
1617 561 1796 632 gentis
1829 574 1870 628 Α
1900 561 2275 625 additamenta
2326 565 2489 620 tribui
2543 566 2766 636 poterit.
2805 567 3014 623 Textus
3062 582 3191 635 vero
3237 568 3483 640 praedicti

206 654 587 725 sophistarum
615 662 760 709 artes
788 653 1323 723 undique—excolens
1345 661 1400 708 et
1428 653 1792 724 profundens.

206 745 385 801 Porro
401 745 670 816 ejusmodi
688 745 1083 816 comparationi
1101 744 1411 800 inserviunt
1432 764 1445 800 :
1472 745 1526 815 1)
1551 745 1798 816 ejusdem

209 840 284 895 ad
340 839 583 895 Orientis
616 838 877 908 praesules
909 838 1144 893 celebris
1178 838 1271 893 illa
1315 838 1614 909 encyclica,
1640 837 1799 907 cujus

206 933 327 1004 jam
354 932 693 988 mentionem
721 931 953 987 fecimus
986 929 1058 1002 (ἐξ
1079 930 1135 994 2,
1156 932 1212 1000 4)
1249 946 1479 1001 qumque
1514 946 1613 1002 pro
1643 936 1801 1001 parte

212 1023 411 1079 saltem
436 1024 545 1079 huc
572 1030 855 1094 spectante
878 1023 935 1077 in
962 1023 1084 1077 aliis
1111 1023 1399 1079 codicibus
1429 1022 1583 1093 operi
1609 1030 1801 1078 nostro

212 1116 516 1188 pnefigitur
565 1126 649 1186 (ut
697 1116 754 1171 in
793 1115 1006 1172 Monac.
1047 1125 1105 1171 et
1151 1115 1340 1173 Ottob.
1381 1115 1524 1186 cit.),
1574 1114 1632 1170 in
1678 1114 1802 1169 aliis

216 1210 527 1279 subjicitur,
551 1208 698 1265 unde
730 1217 786 1266 et
809 1208 948 1264 liber
985 1216 1176 1264 noster
1199 1207 1358 1278 λόγος
1391 1214 1439 1263 α’
1484 1206 1804 1262 inscribitur

217 1299 418 1367 (Vatic.
444 1300 538 1357 cit.
572 1300 735 1355 Aliat.
764 1316 814 1356 c.
844 1298 1084 1371 Hotting.
1119 1314 1176 1370 p.
1217 1298 1374 1366 196);
1401 1297 1596 1354 deinde
1634 1297 1691 1363 2)
1722 1295 1804 1351 al-

217 1400 336 1446 tera
366 1391 435 1446 ad
463 1390 866 1460 Aquileiensem
898 1388 1201 1445 antistitem
1228 1387 1477 1460 epistola,
1506 1403 1534 1441 a
1568 1384 1804 1440 Baronio

218 1485 310 1549 (ad
364 1498 418 1538 a.
452 1482 580 1552 885)
631 1480 844 1547 Latine,
898 1496 928 1535 a
965 1480 1294 1537 Combeiisio
1323 1488 1379 1535 et
1425 1479 1494 1535 ab
1540 1477 1807 1532 Anthimo

217 1573 619 1629 Rliemnicensi
651 1573 764 1644 (50)
789 1571 978 1629 ϐτωςε
1001 1571 1146 1627 edita
1164 1589 1180 1638 ;
1198 1587 1262 1628 ac
1286 1570 1523 1641 denique
1556 1571 1610 1639 5)
1638 1568 1805 1623 breve

216 1666 353 1720 illud
411 1664 758 1734 opusculum,
792 1664 938 1734 quod
984 1663 1310 1734 Euthymius
1358 1662 1666 1734 Zigabenus
1705 1658 1807 1715 sub

218 1754 401 1810 Photii
433 1754 655 1811 nomine
696 1753 973 1823 Panoptice
1022 1769 1137 1810 suae
1176 1754 1277 1809 tit..
1308 1754 1377 1809 15
1408 1753 1639 1809 inseruit
1670 1752 1803 1826 (51).

216 1844 467 1901 Graecam
519 1845 685 1915 hujus
736 1844 1015 1915 Panopliw
1056 1844 1355 1901 editionem
1387 1859 1534 1899 anno
1563 1844 1703 1903 1710
1750 1845 1807 1902 in

1905 655 2030 710 cod.
2062 656 2319 722 Caesarei,
2353 672 2477 712 cum
2504 674 2614 727 quo
2646 660 2784 714 alter
2825 660 3071 730 ejusdem
3116 660 3483 730 bibliothecae,

1906 744 1999 800 Gr.
2034 747 2238 816 philos.
2291 747 2398 804 258
2443 749 2794 819 (Lambeccio
2850 752 2938 823 45)
2981 755 3301 822 concordat,
3341 757 3487 827 apud

1907 836 2261 908 Euthymium
2286 840 2470 903 etiam
2516 851 2727 912 prostat
2757 844 2933 913 (brevi
2965 856 3195 917 excepta
3226 862 3487 917 paragra-

1908 929 2042 999 pho)
2076 946 2202 986 cum
2228 932 2419 987 eodem
2446 932 2629 990 Photii
2658 936 2842 992 libello
2866 938 3215 1009 conjunctus,
3243 938 3338 994 sed
3370 948 3491 994 tan-

1907 1035 2071 1090 quam
2105 1022 2426 1091 desumptus
2454 1039 2522 1079 ex
2568 1023 2675 1081 alio
2725 1027 2953 1082 omnino
3002 1036 3259 1093 auctore;
3306 1029 3490 1099 ibique

1909 1111 1965 1165 in
2008 1110 2116 1166 fine
2147 1109 2226 1183 (p.
2256 1110 2381 1182 120)
2442 1113 2617 1169 Alexii
2666 1115 3015 1187 imperatoris
3062 1133 3187 1174 cum
3230 1118 3492 1173 Mediola-

1910 1203 2069 1258 nensi
2110 1202 2356 1259 antistite
2406 1205 2738 1277 disputantis
2786 1210 2933 1279 (saec.
2990 1216 3085 1280 xu)
3142 1210 3202 1264 fit
3259 1212 3488 1267 mentio.

1911 1294 2076 1359 Sane,
2109 1295 2192 1350 uti
2225 1304 2432 1362 exstat,
2479 1306 2679 1352 neuter
2719 1306 2904 1355 textus
2936 1300 3002 1355 ad
3038 1299 3215 1355 Photii
3247 1310 3492 1372 tempora

1910 1386 2192 1460 pertingit,
2223 1402 2328 1443 nec
2364 1388 2484 1444 sine
2540 1390 2755 1446 ratione
2798 1399 2975 1447 totum
3009 1392 3280 1458 libellum,
3308 1395 3402 1463 qui
3436 1394 3490 1448 iu

1913 1495 2045 1535 mss.
2095 1481 2420 1553 plerumque
2459 1498 2489 1538 a
2518 1483 2700 1538 Photii
2730 1484 2992 1555 operibus
3023 1486 3305 1557 sejunetus
3338 1502 3492 1542 com-

1912 1582 2089 1643 paret,
2121 1575 2359 1648 et‘libi,
2407 1575 2570 1630 etiam
2601 1576 2781 1646 quoad
2823 1577 3064 1649 priorem
3107 1587 3338 1648 partem,
3390 1579 3493 1634 sub

1912 1665 2120 1722 Nicolai
2151 1665 2527 1724 Methonensis
2568 1670 2794 1725 nomine
2824 1670 3007 1741 prodit
3049 1670 3187 1741 (55),
3217 1671 3495 1742 epitomen

1913 1769 1969 1814 et
2000 1759 2261 1831 synopsin
2306 1774 2371 1816 ex
2407 1760 2589 1817 Photii
2644 1762 3108 1835 disputationibus
3162 1762 3392 1818 fortasse
3427 1764 3495 1818 ab

1916 1850 2111 1907 eodem
2158 1848 2386 1907 Nicolao
2439 1852 2777 1907 elaboratam
2829 1853 3066 1908 diceres.
3106 1851 3294 1923 Neque
3341 1852 3496 1909 Wal—

218 1938 507 1995 Walachia
537 1939 889 2011 publicatam,
920 1954 1043 2009 quae
1072 1954 1180 1994 una
1204 1940 1352 1996 hunc
1372 1940 1591 1995 titulum
1617 1950 1811 1997 contra
1843 1941 1885 1997 Β
1913 1944 2101 2000 chium
2149 1953 2207 2000 et
2250 1942 2560 1999 Fabricium
2615 1951 2807 2000 contra
2857 1944 3117 1999 Allatium
3150 1944 3498 2000 authentiam

220 2030 452 2087 Latinos
501 2031 687 2088 Graece
736 2031 958 2087 exhibet
991 2032 1129 2103 (52),
1168 2031 1263 2087 diu
1294 2032 1497 2087 frustra
1525 2033 1809 2103 quaesitam

221 2123 445 2178 tandem
494 2121 833 2179 Vindobonte
882 2123 1095 2193 inspexi
1125 2130 1332 2179 etcum
1386 2125 1667 2180 nonnullis
1692 2125 1817 2199 (33:.

221 2230 397 2270 sat-eae
444 2215 791 2271 bibliothecae
849 2231 987 2272 mss.
1026 2214 1255 2272 contuli.
1286 2215 1342 2271 ld
1376 2215 1433 2270 in
1467 2216 1660 2287 primis
1688 2218 1812 2272 ani-

224 2309 520 2375 madverti,
562 2326 674 2365 non
705 2320 916 2366 temere
944 2309 1205 2366 Allatium
1238 2310 1404 2380 hujus
1431 2310 1681 2382 opusculi
1713 2326 1814 2366 au-

225 2397 497 2453 tlientiam
528 2408 837 2470 suspectam
877 2400 1170 2466 habuisse,
1220 2399 1486 2471 illudque,
1526 2399 1572 2455 si
1622 2416 1813 2457 revera

224 2486 412 2544 Photii
448 2489 561 2555 sit,
618 2490 809 2545 saltem
863 2490 1427 2561 interpolatumesse
1475 2489 1811 2559 habendum,

226 2581 383 2636 nullo
416 2595 550 2636 vero
603 2590 767 2651 pacto
800 2582 907 2650 hoc
970 2582 1224 2654 jejunum
1261 2590 1318 2638 et
1365 2583 1504 2638 exile
1551 2583 1813 2654 scriptum

224 2687 355 2728 cum
386 2687 554 2743 opere
581 2672 657 2728 Ile
675 2672 906 2743 Spiritus
931 2675 1102 2728 sancti
1130 2675 1457 2745 mystagogia
1476 2688 1638 2744 posse
1658 2689 1815 2729 com-

227 2764 438 2834 parari.
469 2762 648 2836 Hujus
697 2766 1009 2821 brevissimi
1041 2774 1306 2821 tractatus
1344 2773 1553 2821 textum
1589 2764 1815 2820 editioni

230 2870 370 2910 mea:
404 2856 845 2927 subjungendum
876 2873 997 2913 esse
1036 2867 1188 2913 ratus
1217 2873 1360 2924 sum,
1394 2866 1506 2912 tum
1553 2856 1683 2927 quia
1705 2871 1815 2912 non

231 2945 309 3002 ita
337 2946 503 3003 facile
529 2949 794 3015 occurrit,
830 2958 943 3004 tum
974 2950 1105 3021 quia
1134 2948 1309 3005 lector
1332 2965 1430 3020 per
1459 2963 1518 3003 se
1542 2948 1611 3005 de
1640 2964 1705 3004 eo
1728 2948 1817 3020 ju-

229 3038 436 3094 dicium
461 3040 604 3096 ferre
643 3041 998 3097 desiderabit.
1038 3041 1111 3097 De
1152 3058 1260 3113 quo
1284 3041 1552 3112 opusculo
1581 3056 1817 3112 praemo-

232 3130 420 3185 nenda
446 3131 562 3187 haec
578 3132 856 3189 existimo.
880 3133 1034 3188 Prior
1055 3149 1183 3205 pars
1207 3134 1277 3204 (c.
1307 3132 1447 3201 l-8),
1463 3149 1584 3204 qua:
1604 3132 1818 3189 facilius

1912 2037 2160 2108 opusculi
2186 2036 2509 2093 defensuros
2534 2036 2707 2092 fuisse
2732 2038 2958 2093 credere
2986 2036 3193 2104 licebit,
3226 2036 3269 2092 si
3295 2037 3495 2092 librum

1911 2126 1991 2181 De
2018 2125 2221 2196 Spiritu
2236 2135 2422 2181 sancto
2448 2142 2597 2186 nunc
2612 2126 2851 2198 primum
2878 2126 3087 2182 editum
3112 2126 3493 2198 perlegissent,

1913 2219 2072 2288 cujus
2093 2217 2345 2290 synopsis
2370 2226 2424 2273 et
2445 2217 2683 2290 epitome
2710 2218 2762 2274 in
2799 2218 2904 2274 hoc
2946 2217 3314 2290 Euthymiano
3355 2232 3497 2288 opu-

1913 2308 2067 2365 sculo
2112 2310 2471 2380 conspicitur.
2510 2311 2772 2366 Attamen
2805 2326 2917 2367 non
2962 2308 3181 2382 penitus
3226 2325 3499 2382 repugna-

1914 2398 2109 2463 verim,
2136 2398 2182 2454 si
2209 2398 2334 2469 quis
2363 2399 2509 2455 hunc
2547 2399 2813 2464 libellum,
2844 2410 3008 2472 prout
3034 2417 3158 2456 eum
3178 2401 3353 2486 .juxta
3383 2401 3497 2456 Eu-

1916 2492 2181 2565 thymium
2211 2493 2275 2547 15
2293 2494 2549 2565 capitulis
2570 2495 2892 2551 distinctum
2916 2510 3133 2551 rursum
3156 2497 3498 2566 publicamus

1916 2584 1994 2656 (p.
2042 2584 2332 2656 115-117),
2394 2586 2635 2657 potiusa
2665 2587 2940 2658 sequioris
2989 2589 3090 2644 aevi
3142 2587 3364 2644 homine
3404 2589 3497 2644 illa

1916 2676 2274 2747 paragrapho,
2314 2692 2437 2747 qua:
2474 2678 2542 2733 de
2572 2676 2763 2749 Sergio
2786 2679 2917 2751 agit,
2947 2678 3362 2750 locupletatum,
3385 2695 3495 2736 non

1916 2780 2049 2821 vero
2071 2766 2295 2837 penitus
2331 2767 2535 2822 celebri
2562 2770 2893 2839 patriarcha:
2915 2760 3346 2840 abjudicaudum
3364 2786 3497 2826 cen-

1918 2857 2112 2912 suerit.
2139 2858 2339 2913 Photio
2367 2859 2514 2914 enim
2547 2860 2702 2915 illum
2742 2861 3094 2916 tribuendum
3120 2877 3242 2918 esse
3268 2862 3501 2918 suadere

1918 2960 2188 3023 possunt:
2248 2951 2315 3023 1)
2366 2951 2527 3007 Becci
2601 2962 2768 3023 atque
2828 2954 3105 3025 Euthymii
3166 2954 3500 3020 auctoritas,

1920 3051 2036 3099 tum
2063 3045 2120 3113 2)
2163 3052 2293 3100 nota
2323 3045 2502 3101 Photii
2527 3045 2584 3100 in
2611 3046 2717 3102 hac
2747 3047 2978 3102 materia
3006 3047 3157 3102 varie
3174 3046 3502 3117 expolienda

1921 3136 2183 3192 sedulitas
2207 3138 2435 3208 ejusque
2465 3153 2605 3202 mos,
2627 3138 2792 3195 modo
2810 3139 3032 3195 brevius
3058 3139 3221 3195 modo
3243 3140 3504 3195 enuclea-

231 3221 565 3292 patiarchae
586 3232 775 3279 nostro
793 3225 1058 3280 vindicari
1088 3226 1494 3297 potest,codem
1520 3226 1636 3279 fere
1660 3233 1818 3294 pacto
1860 3301 1885 3304 ι
1922 3228 2032 3284 tius
2056 3229 2246 3294 eadem
2269 3230 2608 3300 proferendi,
2634 3239 2752 3287 tum
2776 3233 2832 3302 5)
2861 3231 3227 3304 plurimorum
3251 3232 3503 3288 codicum

230 3312 435 3382 legitur
482 3316 626 3384 apud
674 3316 723 3371 J.
758 3316 1012 3381 Beccum,
1044 3318 1138 3388 qui
1164 3318 1363 3373 saeculo
1390 3334 1508 3385 ιιιι,
1543 3317 1651 3373 hoc
1682 3332 1821 3389 opu-
1844 3301 1889 3365 Ο
1926 3320 2233 3391 inscriptio,
2286 3321 2487 3392 quibus
2538 3321 2577 3376 ii
2630 3301 2933 3393 praevalere
2983 3324 3073 3378 vix
3112 3335 3361 3394 possunt,
3412 3323 3507 3393 qui

233 3407 453 3463 sculum
482 3406 660 3465 Photii
689 3411 913 3466 nomine
962 3411 1280 3481 insignitum
1313 3411 1672 3466 refellendum
1714 3411 1819 3466 sibi

233 3500 475 3570 sumpsit
515 3499 687 3570 (Orat.
716 3502 779 3555 de
807 3518 900 3557 un.
950 3497 1098 3555 Eccl.
1145 3501 1239 3556 Gr.
1271 3501 1473 3556 orthod.
1506 3516 1565 3567 ιι,
1598 3516 1652 3571 p.
1687 3500 1822 3555 154-

234 3590 390 3660 179),
424 3590 569 3662 apud
600 3592 952 3665 Euthymium
973 3594 1085 3664 (op.
1119 3594 1216 3650 cit.
1246 3594 1330 3650 tit.
1363 3600 1432 3661 ιγ’
1462 3609 1516 3664 p.
1550 3593 1657 3665 ριβ¹
1680 3592 1821 3665 seq.)

232 3693 295 3738 ct
324 3684 380 3737 in
411 3685 536 3741 cod.
568 3684 881 3741 Viudobon.
929 3685 1125 3740 Theol.
1181 3684 1275 3739 Gr.
1328 3684 1417 3747 40,
1470 3686 1582 3754 (55)
1634 3701 1692 3739 n.
1730 3684 1821 3750 65,

234 3775 280 3831 1⁵.
318 3775 442 3841 158,
481 3774 607 3841 159,
662 3776 755 3831 ubi
806 3776 1009 3846 pariter
1043 3768 1245 3831 'Pliotio
1293 3776 1603 3831 aseribitur.
1635 3775 1824 3842 Quoad

235 3866 473 3921 alteram
504 3881 639 3923 vero
668 3876 880 3937 partem
914 3869 968 3936 (a
998 3883 1121 3937 cap.
1145 3868 1179 3923 9
1206 3875 1408 3923 nostra:
1436 3867 1595 3937 edit.)
1623 3868 1825 3924 citatus

234 3952 480 4015 Yindob.
507 3960 679 4017 codex
709 3960 779 4015 ab
796 3960 1071 4031 Euthymii
1101 3968 1251 4015 textu
1277 3959 1392 4031 (54)
1414 3959 1576 4030 plane
1607 3958 1824 4024 differt;

236 4053 517 4124 posterior
544 4060 728 4107 tamen
759 4068 883 4108 cum
915 4053 1071 4108 Becci
1103 4052 1521 4124 allegationibus
1568 4051 1827 4121 praeclare

238 4144 540 4208 consentit,
571 4153 733 4214 atque
756 4144 949 4199 eodem
976 4143 1140 4198 modo
1165 4143 1363 4215 legitur
1382 4141 1439 4196 in
1465 4142 1583 4197 cod.
1609 4140 1826 4199 Monac.

238 4237 341 4294 Gr.
375 4237 466 4303 66,
499 4237 538 4293 f.
592 4238 681 4303 8|,
716 4238 806 4293 82.
845 4238 902 4293 in
929 4239 1099 4293 altera
1128 4236 1348 4310 synopsi
1379 4245 1827 4308 argumentorum

239 4329 422 4385 Photii
449 4346 481 4385 a
517 4328 739 4386 Nicolao
768 4329 1109 4385 Mctlionensi
1156 4329 1323 4385 facta.
1373 4327 1582 4395 Quodsi
1621 4328 1679 4383 in
1726 4326 1832 4384 hoc

164 4404 181 4417 ί
241 4422 523 4494 Euthymii
561 4417 711 4477 textu
741 4410 922 4478 sei-mo
957 4432 1042 4477 est
1080 4422 1148 4477 de
1190 4422 1382 4492 Sergio
1409 4422 1531 4492 jun.
1586 4421 1823 4491 patriar-

240 4512 374 4584 cha,
412 4516 503 4586 qui
527 4515 931 4588 postPhotium
962 4514 1165 4581 floruit,
1207 4514 1259 4568 id
1304 4512 1626 4584 posterioris
1656 4511 1831 4569 Graeci

1928 3411 2132 3468 Nieolai
2168 3411 2548 3469 Methonensis
2585 3430 2789 3470 nomen
2812 3415 2868 3469 in
2897 3414 3078 3471 fronte
3100 3423 3337 3487 gestant,
3366 3431 3508 3485 prae-

1926 3503 2120 3560 sertim
2146 3518 2273 3558 cum
2297 3520 2421 3570 quae
2452 3504 2743 3561 manifeste
2761 3515 2890 3561 sunt
2915 3505 3114 3571 Photii,
3149 3507 3203 3560 in
3228 3507 3511 3562 nonnullis

1925 3610 2061 3651 mss.
2083 3595 2215 3651 huic
2232 3595 2468 3652 Nicolao
2491 3596 2843 3651 ascribautur
2875 3596 3023 3668 (56);
3061 3597 3262 3667 quibus
3289 3607 3345 3652 et
3374 3598 3509 3653 alias

1926 3687 2169 3743 rationes
2195 3685 2481 3759 suffragari
2503 3702 2614 3742 non
2640 3687 2853 3759 ignoro.
2877 3686 2984 3742 Sed
3000 3687 3055 3741 in
3078 3686 3373 3757 praesentia
3399 3689 3508 3743 mei

1927 3778 2161 3833 instituti
2211 3793 2324 3833 non
2354 3787 2461 3845 est,
2497 3777 2601 3834 ista
2640 3778 2923 3834 dirimere.
2967 3777 3050 3832 Me
3082 3785 3265 3832 autem
3309 3778 3513 3834 merito

1928 3872 2075 3926 hunc
2101 3870 2343 3926 libellum
2375 3871 2548 3927 multo
2588 3870 2821 3927 minoris
2844 3870 3063 3937 fecisse,
3087 3885 3251 3939 quam
3305 3870 3508 3926 librum

1927 3960 2007 4015 De
2033 3959 2264 4031 Spiritus
2281 3963 2452 4016 sancti
2469 3962 2826 4033 mystagogia,
2845 3960 3063 4019 collatio
3086 3960 3511 4017 velbrcvissima

1929 4054 2227 4124 unicuique
2247 4054 2447 4126 legenti
2474 4046 2783 4125 patefaciet.

2001 4144 2139 4200 Vill.
2187 4146 2547 4216 Adjunximus
2590 4148 2856 4217 praétcrea
2902 4148 2955 4201 in
3014 4146 3181 4214 notis,
3242 4152 3510 4217 quantum

1930 4237 2168 4309 spatium
2222 4237 2570 4307 permittebat
2618 4252 2682 4292 ac
2740 4236 2865 4292 linis
2920 4238 3084 4294 nobis
3138 4239 3508 4308 prxstitutus,

1934 4330 2168 4400 potiora,
2193 4344 2314 4399 quae
2336 4328 2669 4400 posteriores
2688 4328 2870 4384 Photii
2894 4329 3118 4385 asseclae
3143 4345 3212 4383 ex
3241 4329 3381 4383 libro
3414 4342 3517 4383 no-

1896 4473 1898 4476 ,
1926 4431 2049 4481 stro
2071 4421 2319 4477 hausisse
2342 4420 2617 4488 videntur,
2648 4437 2758 4492 quo
2782 4422 3000 4477 facilius
3033 4422 3279 4492 ejusdem
3312 4421 3367 4476 in
3398 4420 3515 4476 illo-

1930 4528 2057 4568 rum
2084 4512 2353 4586 theologia
2398 4512 2615 4583 pondus
2650 4511 3000 4584 pretiumque
3040 4512 3289 4584 dignosci
3328 4519 3512 4583 queat.

322 4693 436 4762 (50)
477 4693 721 4748 Αηῑιιῐιιιί
753 4693 916 4762 hujus
938 4692 1117 4763 Τόμον
1134 4692 1323 4762 Χαμᾶς
1344 4704 1489 4744 anno
1518 4688 1659 4744 i705
1679 4688 1817 4744 evul-

324 4772 462 4821 tum.
494 4778 604 4821 auo
636 4774 692 4818 et
721 4764 792 4818 cl.
823 4765 986 4821 Jaaer
1012 4777 1143 4817 usus
1162 4772 1267 4821 est.
1294 4761 1546 4814 nondum
1582 4760 1817 4814 invenire

1936 4694 2049 4751 blio
2088 4692 2369 4763 raphicum
2403 4689 2908 4754 Holimannianum,
2958 4687 3110 4758 Lips.
3141 4683 3227 4741 ed.
3263 4699 3317 4738 a.
3352 4682 3511 4747 1855,

1936 4710 2084 4821 (ιιιοέ
2122 4764 2229 4821 t.l.
2282 4778 2339 4821 ι).
2387 4762 2627 4817 250-252
2660 4761 2997 4821 amplissime
3045 4756 3190 4811 edita
3242 4752 3511 4821 Euthymii

244 4760 604 4845 gnum..un
636 4774 692 4818 et
721 4764 792 4818 cl.
823 4760 986 4845 Jager
1012 4760 1143 4817 usus
1162 4760 1546 4845 est,._1_ionldum
1582 4760 1832 4845 invenire
1859 4760 1912 4789 ν
1936 4782 2009 4837 qu

274 4829 439 4894 iotui;
479 4829 535 4887 in
570 4834 657 4895 iis,
701 4849 836 4903 quas
874 4829 981 4889 huc
1007 4847 1182 4903 usque
1216 4831 1359 4895 adii,
1410 4829 1720 4885 Germania:
1750 4829 1833 4885 bi-

291 4904 546 4958 liothe'cis
568 4919 681 4957 non
711 4913 905 4959 exstat.

331 4975 444 5045 (51)
485 4974 698 5028 Titulus
716 4974 917 5045 ibidem
942 4982 1028 5029 est
1051 4972 1291 5045 ε’Φωσςεου
1320 4972 1664 5045 ηαῇιάρχου
1688 4969 1833 5045 κᾳτὰ

248 5041 364 5097 tibi;
389 5044 490 5114 τῆς
521 5045 753 5107 παλαιᾶς
793 5044 1034 5112 Ῥώμης,
1060 5045 1152 5114 ὅτιΔ
1177 5044 1240 5095 ὲκ
1271 5041 1377 5114 τοῦθ
1410 5041 1626 5114 {largi};
1670 5041 1832 5114 p.de

249 5111 617 5185 ἒχπορέύετᾳι
649 5115 712 5167 τὸ
766 5114 993 5183 Πνεῦμα
1039 5113 1100 5185 τὸ
1128 5112 1303 5180 ἅγιον,
1502 5111 1625 5185 aiax).
1652 5111 1748 5185 zeal.
1768 5112 1834 5165 ὲκ

248 5184 353 5237 eo":
386 5181 539 5238 Υἱοῦ.
574 5183 776 5239 Eodem
814 5181 975 5239 modo
1009 5184 1209 5237 citatur
1230 5183 1372 5253 apud
1397 5181 1652 5253 Allatium
1678 5181 1836 5253 Sym-

251 5255 411 5337 xrtict.
449 5271 510 5319 ιι,
534 5270 596 5337 ,με
621 5255 745 5310 419.
773 5254 992 5309 Initium
1029 5272 1042 5307 :
1074 5254 1135 5307 Ei
1160 5250 1364 5307 ἁπὶὸῦν
1384 5252 1485 5323 μὲν
1504 5252 1565 5305 τὸ
1591 5250 1830 5334 ιιιτνειῖμ.αιἶ

246 5324 346 5379 Lf.
388 5323 696 5379 Fabricium
725 5325 764 5379 l.
806 5339 857 5379 c.
906 5334 949 5379 t.
990 5323 1090 5379 Xl.
1141 5340 1196 5379 ι).
1255 5324 1345 5379 25.
1377 5322 1467 5377 ed.
1516 5322 1685 5379 l-Iarl..
1740 5323 1830 5376 ubi

332 5364 346 5379 .
388 5338 696 5391 rabnctum
725 5338 764 5380 ι.
806 5339 857 5379 c.
906 5338 949 5379 t.
992 5338 1090 5389 At,
1141 5340 1196 5393 p.
1255 5338 1345 5384 εδ,
1377 5338 1467 5377 eu.
1516 5338 1685 5385 t-Iar|.,
1740 5338 1834 5393 uni

186 5424 197 5431 —
253 5395 419 5465 plura
446 5395 585 5449 scitu
612 5396 777 5465 digna
806 5403 1087 5451 notantur.
1119 5391 1379 5461 Quaedam
1418 5407 1551 5448 mss.
1580 5391 1834 5463 opusculi

181 5533 187 5537 _
258 5473 633 5537 recensentur
652 5465 783 5537 ibid.
811 5481 867 5537 ιι.
901 5466 993 5537 29,
1022 5473 1148 5537 nota
1175 5482 1250 5519 cc.

333 5534 448 5605 (52)
487 5536 690 5605 Quodsi
719 5531 889 5590 editio
921 5535 1196 5605 Pano’pliaz
1217 5549 1347 5590 cura
1375 5531 1609 5587 Matthtei
1639 5532 1836 5603 Lipsiae

256 5604 514 5661 1.1792
546 5604 821 5676 apuLlicata
873 5606 1070 5661 alicubi
1134 5614 1627 5676 commemoratur,
1683 5619 1837 5676 error

180 5721 184 5725 .
252 5676 494 5757 subesse
518 5673 733 5757 videtur
757 5677 1202 5757 indeprofectus,
1230 5676 1375 5745 quod
1392 5673 1835 5757 ‘Comm'enlarius

263 5746 325 5802 in
377 5757 610 5814 quatuor
663 5744 953 5815 Evangelia
1006 5761 1072 5801 eo
1100 5744 1259 5800 anno
1301 5760 1364 5800 ac
1392 5745 1512 5800 loco
1546 5745 1614 5815 ab
1641 5744 1831 5799 eodem

263 5815 555 5888 evulgatus
594 5833 718 5873 eum
766 5814 856 5871 illo
876 5817 1190 5888 degmatico
1242 5831 1409 5885 opere
1444 5814 1832 5888 confundatur.

264 5884 454 5960 Neque
486 5887 887 5961 diligentissimi
921 5884 1218 5958 scriptores
1265 5884 1445 5956 neque
1487 5884 1722 5942 Lexicon
1752 5886 1833 5941 bi-

2122 4752 2164 4819 t:
2188 4764 2229 4827 l,
2282 4778 2339 4833 p.
2387 4762 2627 4817 250-252
2660 4752 3001 4833 amplissime
3026 4752 3212 4833 'edit-a.
3242 4752 3517 4824 Euthymii

1938 4824 2105 4906 opera
2151 4824 2425 4899 recenset,
2452 4833 2729 4905 ejusmodi
2754 4824 3050 4899 'Panoplite
3086 4824 3384 4881 editionem
3417 4839 3518 4879 no-

1937 4914 2124 5046 τυῗὲὲ)
2160 4972 2485 5046 ιὲωῂθφίρ
2515 4981 2599 5046 εξ,
2623 4970 2818 5046 ’ρο-ᾀει
2859 4969 2949 5025 97.
2988 4966 3075 5023 Cf.
3128 4962 3270 5018 Bibl.
3305 4963 3512 5020 Caesar.

1938 5053 1981 5101 t.
2006 5041 2197 5116 111,ἰ)ἒ
2218 5044 2342 5111 599,
2374 5043 2480 5116 400
2507 5044 2597 5116 ed.
2623 5041 2830 5116 Kollar_.
2855 5110 2867 5116 _
3170 5104 3182 5116 ,
3207 5104 3240 5116 __
3264 5104 3297 5116 η

2010 5103 2123 5185 ιδὰ)
2140 5103 2436 5186 'Eutbjmii
2461 5111 2822 5186 codicequui
2848 5105 3139 5186 inAmultis
3169 5103 3517 5186 bibliothecis

1938 5175 2189 5257 prostant
2232 5175 2433 5247 (vaec.
2477 5184 2636 5257 codd.
2668 5175 2795 5257 6_67,
2840 5179 2984 5257 i368,_
3012 5178 3088 5257 al_.
3126 5175 3514 5257 ap.MFabr.i.c.),

1938 5244 2164 5339 nullam,
2222 5244 2491 5327 quantum
2532 5253 2669 5319 scio,
2700 5252 2806 5306 hoc
2838 5250 2893 5305 in
2946 5248 3107 5303 titulo
3150 5244 3519 5301 dilIerentiam

1938 5328 2317 5468 ‘f‘i‘i‘éﬂa,
2337 5394 2609 5468 Laurent.
2657 5390 2747 5459 ιε,
2790 5390 2934 5463 plut.
2986 5388 3045 5455 9,
3101 5403 3161 5443 ιι.
3195 5390 3254 5446 s.
3304 5384 3517 5443 Bandin

1937 5464 2180 5539 Catalog.
2208 5482 2263 5537 p.
2292 5465 2418 5533 406,
2448 5465 2577 5521 407.

2014 5538 2127 5591 (56)
2154 5539 2214 5591 ln
2243 5536 2365 5591 cod.
2414 5534 2646 5590 Vindob.
2684 5530 2780 5589 Gr.
2814 5530 2987 5589 theol.
3029 5529 3157 5591 525.
3192 5528 3231 5584 f.
3284 5527 3313 5584 1
3353 5526 3518 5583 verba

2014 5538 2214 5609 (56)]ιι
2243 5538 2365 5593 cod.
2414 5538 2646 5590 Vindob.
2684 5538 2780 5589 Gr.
2814 5538 2987 5589 theol.
3029 5538 3157 5597 525,
3192 5538 3231 5584 r.
3285 5538 3313 5584 1
3353 5538 3518 5609 ἵεται

1939 5624 2004 5664 ex
2031 5609 2207 5664 l'hotii
2233 5622 2322 5677 ep.
2349 5606 2385 5660 2
2422 5606 2741 5677 tribuuntur
2774 5600 2998 5677 Nicolao
3043 5601 3408 5677 bietlionenSt,
3458 5606 3520 5677 ut

1940 5679 2096 5745 alias,
2131 5679 2176 5732 si
2202 5666 2343 5733 bene
2384 5675 2637 5740 memini,
2664 5676 2722 5730 in
2761 5674 2888 5730 cod.
2936 5671 3185 5745 γῑωιρι),
3223 5669 3312 5745 87,
3347 5683 3407 5723 n.
3460 5666 3517 5745 4,

1939 5749 1980 5804 f.
2011 5738 2118 5804 272
2142 5747 2365 5805 Nieolao
2391 5738 2695 5803 Cabasillaa.
2743 5745 2864 5799 Alia
2893 5742 3141 5813 exempla
3170 5740 3343 5813 babes
3373 5738 3521 5808 apud

1939 5819 2250 5879 Fabricium
2272 5834 2370 5879 seu
2388 5818 2572 5892 potius
2596 5815 2952 5885 Harlessium,
2973 5815 3011 5871 ι.
3030 5810 3083 5872 cl
3102 5810 3269 5885 p.29,
3303 5818 3421 5866 not.
3440 5824 3524 5865 cc.
