4014 6436
187 453 286 520 2ῗ7

842 464 904 527 S.
946 464 1299 526 SPIRITUS
1334 459 1840 527 MYSTAGOGIA.
1883 485 1955 498 -·
1983 464 2040 527 J.
2081 464 2316 526 HERG.
2358 462 2777 526 PR/EFATIO.

3333 464 3441 528 278

186 574 306 629 riori
337 574 662 632 tractatione
706 577 1066 654 adhibenda),
1107 584 1202 639 sed
1245 593 1301 641 et
1340 584 1591 651 aliorum,
1631 581 1755 653 qui—
1782 579 1912 639 Aet
1964 582 2162 639 virium
2230 593 2541 639 nostrarum
2595 582 2918 638 tenuitatem
2973 589 3029 638 et
3091 589 3437 634 communem

186 667 279 742 bus
312 665 637 738 indagandis
686 670 898 735 studeo,
954 672 1156 729 inedita
1204 676 1464 730 nonnulla
1495 674 1754 745 opuScula

188 758 405 829 publica:
440 759 549 814 luci
584 775 672 815 me
698 761 1040 819 redditurum
1072 781 1253 835 spero.
1291 766 1523 821 'lnterea
1554 768 1755 821 disser-

192 848 397 906 tationis
446 851 670 921 adjecta:
723 856 1185 924 opportunitatem
1231 873 1395 912 nemo
1441 860 1497 913 in
1528 858 1753 913 dubium

190 941 411 1005 vocabit,
430 943 523 1011 qui
541 943 1009 1014 animadverterit,
1030 964 1329 1019 congruum
1352 950 1578 1004 omnino
1608 965 1752 1015 esse,

192 1041 247 1088 ut
291 1049 478 1088 eorum
532 1036 935 1109 theologorum,
985 1040 1079 1110 qui
1109 1039 1289 1094 Photii
1320 1040 1459 1097 libro
1490 1041 1574 1095 usi
1602 1049 1752 1108 sunt,

194 1133 246 1178 ut
276 1123 515 1194 liugonis
545 1125 849 1189 Etheriani,
876 1127 924 1182 J.
958 1127 1116 1185 Becci
1159 1139 1322 1201 atque
1362 1130 1424 1186 L.
1450 1132 1652 1193 Allatii,
1686 1132 1755 1187 de

195 1216 368 1271 eodem
426 1232 642 1286 quoque
687 1219 889 1288 judicia
944 1235 1007 1276 ac
1045 1221 1441 1291 disputationes
1494 1223 1755 1293 adjician-

197 1318 292 1372 tur,
340 1316 502 1376 atque
548 1309 752 1379 liquido
800 1312 963 1367 simul
1011 1314 1350 1379 ostendatur,
1388 1331 1495 1385 qua
1544 1317 1755 1372 ratione

197 1400 443 1468 ejusmodi
474 1404 811 1471 argumentis
839 1413 896 1459 et
930 1405 1157 1475 argutiis
1186 1408 1469 1462 catholicae
1500 1408 1754 1464 Ecclesiae

198 1478 385 1544 strenui
448 1488 764 1547 defensores
817 1494 959 1549 soliti
1015 1496 1221 1550 fuerint
1262 1512 1552 1566 occuu'ere
1592 1507 1754 1569 atque

196 1581 461 1635 obsistere.
500 1581 669 1637 Nobis
716 1598 845 1636 vero
897 1586 1162 1654 ejusmodi
1223 1588 1474 1641 tractatio
1526 1589 1754 1643 ulterius

197 1672 304 1726 usui
338 1673 461 1733 erit,
494 1672 659 1742 idque
693 1674 896 1739 duplici
949 1684 1129 1745 pacto.
1177 1675 1235 1731 In
1284 1679 1477 1748 primis
1513 1680 1658 1734 enim
1699 1690 1754 1735 et

104 1758 107 1761 ’
198 1780 307 1820 eum
343 1765 395 1819 in
428 1765 589 1819 finem
624 1766 898 1836 praemissa
931 1776 1033 1828 est.
1072 1784 1141 1823 ne
1189 1770 1242 1823 in
1292 1770 1521 1840 pleniori
1567 1781 1754 1827 nostra

198 1858 258 1912 de
300 1857 488 1911 Photio
535 1858 935 1923 lucubratione,
963 1861 1052 1915 ubi
1086 1861 1332 1916 historici
1374 1862 1555 1931 potius
1588 1880 1752 1934 quam

199 1950 488 2020 dogmatum
536 1949 766 2005 vindicis
817 1960 1001 2019 partes
1032 1952 1253 2023 agenda?
1284 1961 1432 2015 sunt,
1489 1952 1625 2009 huic
1648 1954 1749 2009 do-

198 2041 423 2112 gmatica:
474 2041 761 2110 qumstioni
817 2041 1045 2095 aliarum
1105 2042 1546 2112 disquisitionum
1576 2044 1748 2099 detri-

197 2140 364 2186 tuente
385 2130 661 2185 immorari
700 2129 1221 2202 diutius’cogamur;
1254 2134 1450 2189 deinde
1480 2136 1625 2189 viam
1658 2136 1746 2189 illa

195 2223 338 2276 nobis
380 2229 590 2276 sternet
635 2223 1060 2276 commodiorem
1114 2224 1181 2277 ad
1229 2224 1431 2280 inedita
1484 2226 1746 2280 nonnulla

194 2312 375 2369 Graecae
399 2311 654 2367 Ecclesiae
674 2320 1050 2375 monumenta,
1081 2327 1311 2382 quorum
1342 2313 1587 2383 quaedam
1618 2330 1746 2370 suc-

194 2404 385 2460 cessive
424 2418 523 2473 per
565 2404 754 2458 decem
788 2404 902 2459 fere
934 2404 1128 2459 saecula
1176 2404 1283 2473 (45)
1320 2405 1483 2474 hujus
1520 2421 1745 2461 concere

195 2496 393 2552 tationis
412 2496 724 2566 progressui
756 2496 1015 2565 majorem
1049 2495 1279 2549 afferent
1311 2496 1486 2551 lucem
1520 2506 1575 2551 et
1598 2497 1743 2553 haud

192 2585 406 2657 ignobile
433 2584 652 2640 Graecia:
681 2585 862 2639 Allatii
912 2584 1228 2639 orthodoxae
1270 2585 1566 2641 conficient
1610 2601 1741 2657 sup-

192 2680 527 2752 plementum,
573 2678 779 2735 nostris
804 2677 1098 2748 aliquando
1131 2679 1302 2745 curis,
1339 2679 1382 2735 si
1411 2695 1492 2735 eae
1513 2696 1619 2746 non
1645 2696 1743 2750 pe-

190 2770 329 2826 nitus
380 2768 602 2824 eruditis
642 2767 841 2822 fuerint
892 2768 1231 2838 improbata,
1298 2778 1520 2838 peracto
1576 2785 1741 2840 quem

190 2862 509 2932 suscepimus
526 2861 732 2925 labore,
760 2860 1111 2930 publicanda;
1131 2860 1349 2930 quibus,
1371 2876 1491 2931 quae
1518 2862 1573 2916 in
1599 2878 1742 2932 prae-

189 2955 351 3010 sentia
384 2955 656 3025 disputata
681 2952 926 3019 fuerunt,
963 2968 1075 3008 non
1109 2968 1220 3008 uno
1259 2953 1418 3009 titulo
1451 2963 1614 3010 erunt
1643 2970 1745 3026 op-

337 3061 425 3099 na.

188 3054 711 3207 1,αξξΕιροςιιίιιιιιες
760 3136 994 3192 candide
1038 3136 1203 3207 hujus
1234 3136 1402 3192 libelli
1442 3145 1556 3193 tum
1603 3154 1743 3195 con-

1806 2498 1938 2554 rDr.
1986 2497 2052 2550 Α.
2106 2496 2357 2562 Ruland,

1857 689 2040 731 rerum
2086 678 2451 732 humanarum
2494 677 2890 739 conditionem,
2929 688 3050 745 quae
3080 674 3168 727 vix
3200 682 3439 738 unquam

1855 766 2061 836 primos
2089 768 2357 838 ejusmodi
2387 768 2690 823 studiorum
2725 768 2936 823 fructus
2974 774 3139 833 atque
3185 757 3441 830 ἀπαρχὰς

1855 859 2002 912 omni
2054 874 2210 913 nazvo
2241 859 2373 913 sinit
2413 874 2534 914 esse
2584 858 2878 913 immunes.
2924 854 3080 921 Quod
3114 853 3158 907 si
3187 865 3299 905 non
3338 847 3439 903 ob—

1856 958 2033 1005 stante
2055 949 2307 1005 laudabili
2340 951 2633 1020 typothetze
2655 950 2834 1005 studio
2851 962 3029 1018 neque
3060 944 3279 1000 assidua
3309 956 3439 996 cura

1856 1041 2103 1107 editoris,
2150 1041 2335 1096 multis
2359 1050 2542 1096 tamen
2570 1042 2692 1097 aliis
2719 1040 2959 1112 negotiis
2982 1036 3229 1101 distenti,
3261 1049 3291 1088 a
3315 1034 3439 1087 loco

1858 1132 2219 1203 typographiae
2266 1132 2483 1195 remoti,
2545 1111 2822 1187 interdum
2882 1111 3099 1201 quoque
3149 1127 3435 1183 oculorum

1856 1222 2177 1292 aegritudine
2246 1221 2565 1286 laborantis,
2630 1222 2827 1276 menda
2890 1218 3211 1290 irrepserint
3280 1214 3440 1269 nobis

1857 1311 2000 1368 haud
2034 1313 2341 1378 observata,
2377 1313 2576 1368 eruditi
2607 1313 2829 1368 lectoris
2862 1310 3249 1383 indulgentiam
3291 1305 3441 1377 pari-

1857 1412 1937 1458 ter
1960 1404 2300 1473 imploratam
2335 1404 2480 1459 volo.
2536 1404 2669 1458 Eam
2718 1403 2932 1457 facilius
2979 1403 3132 1457 dabit
3174 1407 3438 1469 expertus

1855 1493 2102 1563 quisque,
2134 1493 2440 1563 praesertim
2474 1493 2548 1558 ei,
2588 1492 2676 1548 cui
2713 1502 2792 1549 tot
2838 1494 3234 1563 impedimenta
3270 1504 3438 1559 supe-

1858 1587 2029 1640 randa
2078 1594 2257 1647 erant,
2302 1587 2503 1657 quique
2549 1586 2739 1642 critica
2786 1585 3039 1656 praesidia
3096 1598 3274 1652 neque
3328 1595 3438 1635 uno

1855 1678 2157 1748 eodemque
2180 1688 2420 1747 tempore
2445 1680 2733 1733 consulere
2753 1692 2934 1747 neque
2957 1675 3197 1746 potiores
3219 1673 3438 1729 codices

1855 1780 1953 1835 per
2002 1765 2356 1835 semetipsum
2413 1767 2644 1820 lustrare
2702 1766 2903 1837 potuit.
2953 1765 3141 1833 Neque
3197 1765 3437 1817 minores

1855 1854 2196 1911 dilfieultates
2224 1857 2509 1927 majorem,
2547 1873 2707 1928 quam
2742 1873 2896 1927 paro,
2940 1856 3010 1912 de
3054 1856 3252 1909 Photio
3277 1854 3435 1907 lucu-

1779 1912 2159 2002 Bbrationem
2225 1912 2622 2013 detinuerunt,
2690 1912 2812 2018 qua:
2884 1963 2985 2018 pro
3056 1942 3436 2014 eoneeptionis

1850 2040 2204 2109 amplitudine
2247 2039 2512 2094 immenso
2563 2040 2677 2095 fere
2728 2040 2913 2094 labore
2971 2053 3059 2093 me
3106 2052 3216 2092 non
3265 2039 3432 2109 semel

1849 2130 2012 2184 veluti
2061 2130 2261 2184 obruit.
2311 2130 2509 2185 Libros
2565 2130 2933 2193 necessarios,
2983 2142 3215 2197 quorum
3269 2123 3427 2179 multi

1848 2223 1901 2276 in
1946 2230 2148 2277 nostrm
2190 2221 2563 2278 universitatis
2593 2223 2924 2278 bibliotheca
2956 2220 3429 2281 desiderabantur,

1820 2312 2013 2367 .variis
2057 2329 2122 2367 ex
2164 2314 2299 2369 locis
2353 2314 2488 2368 mihi
2528 2330 2849 2385 comparare
2897 2322 3117 2369 coactus
3146 2311 3266 2376 fui;
3324 2326 3432 2381 qua

1846 2416 2027 2460 tamen
2058 2406 2113 2481 in
2147 2420 2207 2459 re
2247 2405 2535 2476 insigniter
2563 2423 2653 2462 me
2685 2407 2893 2475 adjuvit
2921 2404 3319 2461 eruditissimus
3348 2402 3433 2459 vir

2430 2498 2672 2567 ejusdem
2734 2498 3078 2552 bibliotheca:
3138 2509 3431 2566 supremus

1843 2587 2151 2659 praefectus,
2182 2589 2269 2643 cui
2298 2589 2458 2645 sicuti
2516 2598 2574 2644 et
2620 2591 2834 2644 caateris
2878 2588 3210 2643 doctissimis
3273 2585 3426 2650 viris,

1843 2678 1934 2746 qui
1982 2678 2185 2740 Romte,
2241 2675 2587 2734 Vindobona:
2642 2688 2698 2734 et
2754 2678 3023 2733 Monachii
3074 2693 3197 2731 mea
3249 2675 3427 2731 studia
3493 2735 3497 2739 ,

1844 2779 2252 2841 promoverunt,
2316 2771 2519 2842 gratias
2564 2787 2812 2825 summas
2870 2770 3070 2833 refero,
3124 2770 3231 2823 alio
3284 2770 3428 2834 loco,

1843 2862 1923 2916 uti
1953 2877 2133 2932 spero.
2165 2877 2258 2917 eas
2278 2863 2605 2918 cumulatius
2629 2863 2925 2919 relaturus.
2969 2861 3165 2918 Utrum
3199 2876 3287 2921 res
3315 2876 3428 2915 non

1841 2968 2065 3026 prorsus
2104 2952 2394 3010 infeliciter
2424 2954 2556 3009 mihi
2598 2956 2828 3010 cesserit
2863 2964 2918 3010 et
2943 2969 3230 3025 quousque
3261 2968 3430 3008 cona-

1841 3044 1987 3100 mina
2036 3058 2156 3098 mea
2216 3044 2574 3115 pertigerint,
2645 3043 2698 3098 id
2756 3043 2952 3099 eruditi
2999 3043 3423 3113 dijudicabunt;

1841 3150 1942 3206 ego
1983 3134 2181 3189 virium
2230 3149 2473 3189 mearum
2510 3136 2646 3190 satis
2691 3135 3012 3206 exiguarum
3045 3134 3191 3189 haud
3226 3135 3425 3188 imme-

189 3227 351 3283 silium
398 3238 558 3297 atque
617 3242 864 3295 scopum,
920 3234 1035 3281 tum
1103 3242 1314 3289 ansam,
1365 3228 1628 3298 originem
1676 3244 1811 3320 acc
1841 3242 1981 3290 mor,
2024 3226 2266 3281 materiae
2294 3241 2425 3281 vero
2455 3242 2590 3282 mea:
2615 3242 2805 3282 amore
2835 3236 2891 3281 et
2938 3227 3136 3281 ardore
3171 3226 3416 3291 deditus,

187 3318 337 3373 veluti
370 3318 667 3374 historiam.
718 3317 927 3373 Exinde
973 3318 1197 3386 patebit,
1246 3319 1379 3388 quid
1421 3319 1487 3374 de
1545 3320 1740 3375 eodem

1842 3332 2040 3387 neque,
2090 3324 2199 3371 uta
2221 3318 2414 3387 coeptis
2438 3318 2719 3381 desistam,
2741 3318 3153 3373 difﬁcultatibus
3180 3334 3425 3387 unquam

186 3407 296 3476 jure
346 3407 665 3477 exspectari,
710 3408 841 3476 quid
881 3409 1069 3479 ineo
1124 3408 1424 3463 desiderari
1466 3418 1631 3479 queat
1675 3425 1739 3466 ac
1838 3417 2039 3473 motus,
2085 3422 2194 3461 non
2215 3423 2439 3478 possum
2481 3425 2590 3463 non
2629 3424 2819 3463 eorum
2874 3410 3092 3464 veniam
3132 3408 3375 3480 ﬂagitare
3406 3448 3423 3473 ,

189 3497 387 3562 debeat,
424 3514 519 3552 cur
556 3497 829 3552 interdum
869 3498 1193 3552 sententiam
1240 3500 1633 3555 mutaverimus
1688 3500 1744 3554 in

190 3584 495 3638 lectionibus
541 3584 894 3650 stabiliendis,
937 3600 1035 3640 cur
1078 3600 1204 3640 eum
1242 3586 1592 3655 perfectionis
1621 3604 1745 3659 gra-

190 3672 305 3726 dum
333 3674 593 3744 attingere
628 3675 767 3727 haud
792 3674 1029 3743 potuerit
1063 3683 1247 3729 nostra
1274 3674 1462 3742 editio,
1490 3692 1653 3747 quem
1686 3677 1743 3732 in

190 3764 316 3819 votis
342 3780 555 3835 semper
586 3765 896 3833 habuimus,
942 3767 1072 3822 licet
1102 3766 1337 3838 ingenue
1381 3777 1747 3839 agnoscentes

252 3957 493 4033 (ιξμωη
519 3960 841 4033 millesimus
886 3969 1214 4033 numeratur
1270 3972 1466 4033 annus.
1503 3978 1571 4017 ex
1632 3979 1741 4033 quo

190 4026 494 4101 Photiusad
523 4030 872 4101 Byzantinam
902 4032 1213 4085 cathedram
1240 4032 1474 4100 primum
1518 4026 1740 4088 evectus

190 4108 263 4154 est
292 4100 361 4171 (tt.
399 4100 501 4156 857
530 4100 682 4172 juxta
726 4101 1156 4158 communiorcm
1192 4102 1623 4175 chronologiam)
1683 4112 1740 4160 et

1841 3514 1941 3569 pro
1984 3498 2072 3563 iis,
2099 3514 2219 3568 qua:
2248 3509 2543 3554 occurrunt
2573 3501 2951 3554 emendatione
2983 3500 3165 3570 digna,
3205 3515 3424 3554 eorum-

1842 3591 1965 3647 dem
1998 3591 2245 3657 consilia,
2277 3592 2482 3647 monita
2508 3600 2669 3661 atque
2692 3592 2896 3662 judicia
2920 3593 3175 3662 congruis
3198 3592 3426 3645 rationi-

1846 3682 1948 3737 bus
2000 3681 2219 3737 suffulta
2248 3692 2501 3752 prompto
2550 3698 2767 3751 semper
2800 3682 2986 3736 animo
3040 3691 3419 3751 suscepturus.

1918 3771 2279 3844 Wirceburgi,
2310 3773 2397 3828 die
2421 3772 2646 3828 Pentec.
2680 3772 2856 3843 pridie
2886 3772 3004 3827 Kal.
3038 3773 3166 3827 Jun.
3202 3772 3357 3828 1857.

1845 3969 1950 4025 hoc
2002 3971 2307 4043 ipsoanao
2343 3973 2677 4043 praecipuum
2728 3971 2975 4042 ejusdem
3022 3985 3125 4043 pro
3170 3984 3273 4028 suo
3323 3967 3422 4025 do-

1844 4051 2022 4113 gmate
2049 4042 2309 4114 scriptum
2336 4042 2391 4099 in
2420 4042 2599 4099 lucem
2630 4044 2851 4099 demum
2883 4042 3083 4115 prodit.
