4014 6398
625 391 731 458 299

1687 435 1690 438 .
1793 385 2063 451 PHOTII
2101 388 2609 451 PATRIARCH/E
2647 394 2754 454 ΟΡ.
3774 405 3861 468 300

626 507 990 583 patrocinium
1017 503 1295 572 invenias,
1335 504 1432 561 sed
1472 513 1535 560 ut
1567 502 1742 575 ipsum
1765 517 1985 574 quoque
2013 502 2204 558 Domi-

2309 504 2513 576 φωνὴν,
2533 507 2633 578 οὐχ
2659 507 2745 559 ἴνα
2769 507 3068 580 συνήγορον
3099 509 3340 583 εὐρήσῃς
3375 511 3511 583 (54),
3539 511 3657 567 ἀλλ’
3683 511 3761 569 ἵνα
3785 521 3861 572 καὶ

626 620 779 665 ιιιιιιι,
815 615 1116 672 perennem
1143 598 1390 655 veritatis
1412 598 1643 662 fontem,
1671 595 2032 650 dissonantia:
2072 595 2206 650 insi-

627 701 837 754 mules?
864 695 957 752 Sic
992 695 1140 750 enim
1172 694 1353 764 lingua
1386 699 1476 746 tua
1511 691 1578 746 ad
1599 690 1867 761 quidlibet
1894 689 2207 745 audendum

629 801 714 847 est
738 808 906 862 prona
933 799 988 845 et
1009 789 1076 842 ad
1106 803 1286 852 ansas,
1320 785 1412 840 ubi
1443 785 1606 839 nulla:
1634 793 1780 849 sunt,
1815 783 2208 854 conﬁngendas

629 897 687 942 et
720 882 1128 955 exeogitandas.
1165 879 1220 932 Si
1260 877 1406 933 enim
1440 877 1529 932 hic
1560 877 1678 946 ipse
1724 876 1950 930 humani
1990 877 2208 947 generis

629 977 896 1034 Conditor
946 983 1001 1028 et
1037 981 1260 1027 curator
1297 969 1461 1024 modo
1504 969 1725 1039 quidem
1755 968 2019 1039 Spiritum
2053 971 2209 1024 docet

626 1089 656 1127 a
714 1071 878 1125 Patre
915 1066 1235 1138 procedere,
1283 1063 1602 1118 nullatenus
1649 1063 1938 1132 adjiciens,
1979 1064 2123 1134 quod
2153 1073 2209 1119 et

623 1178 655 1217 a
701 1176 761 1215 se
800 1157 1080 1230 procedat,
1131 1156 1229 1210 sed
1270 1155 1421 1209 illum
1451 1155 1715 1226 (Patrem)
1749 1156 1926 1209 solum
1963 1173 2206 1221 causam,

625 1253 1086 1325 quemadmodum
1129 1265 1242 1305 suae
1295 1250 1667 1320 generationis
1693 1291 1706 1311 ,
1763 1252 1833 1303 ita
1873 1259 1927 1303 et
1973 1249 2210 1320 Spiritus

626 1343 997 1416 processionis
1023 1341 1173 1396 credi
1205 1359 1235 1395 a
1270 1341 1430 1395 nobis
1461 1349 1516 1394 et
1545 1339 1827 1410 prtedicari
1863 1340 2047 1409 iubet;
2094 1356 2208 1394 mo-

625 1434 697 1488 do
722 1441 906 1487 autem
931 1471 944 1493 ,
993 1438 1055 1484 ut
1079 1439 1136 1484 tu
1167 1428 1390 1490 asseris,
1421 1427 1548 1497 quia
1593 1428 1723 1481 dicit
1755 1445 1767 1480 :
1805 1427 1879 1481 De
1926 1445 2037 1481 meo
2071 1429 2210 1481 acci-

624 1525 731 1595 piet
775 1523 843 1588 “,
897 1522 1006 1575 alto
1050 1519 1271 1589 quidem
1314 1517 1532 1571 silentio
1598 1517 1924 1586 compressit
1968 1517 2206 1586 priorem

625 1614 1029 1670 institutionem
1067 1627 1129 1666 ac
1157 1610 1494 1671 doctrinam;
1549 1624 1859 1677 quanquam
1899 1610 2204 1678 oportebat,

626 1717 690 1765 ut
722 1710 778 1764 in
809 1706 1106 1772 secundum
1142 1705 1422 1774 ingressus
1453 1701 1814 1755 initiationem
1848 1702 2046 1771 prioris
2079 1719 2209 1773 quo‘

625 1816 733 1871 que
767 1796 1087 1854 memoriam
1118 1795 1420 1857 refricaret,
1471 1790 1862 1861 doctrinasquc
1893 1794 2030 1847 adeo
2063 1793 2206 1847 inter

2308 596 2471 650 αὑτὸν
2501 597 2596 652 τὸν
2619 600 2931 672 Δεσπότην,
2965 601 3192 656 άένναον
3224 603 3336 673 (35)
3373 604 3470 675 τῆς
3497 605 3750 674 ἀληθείας
3773 625 3862 680 πη.

2307 689 2431 760 γὴν,
2454 692 2534 755 είς
2561 691 2859 762 διαφωνίαν
2880 693 3208 768 ἐξυϐρίσῃςς
3232 694 3376 750 οὕτω
3393 697 3502 767 γὰρ
3521 701 3554 768 ἡ
3574 697 3641 770 σὴ
3667 699 3858 766 γλῶσσα

2309 783 2489 838 πάντα
2519 783 2724 857 τολμᾷν
2760 787 2907 840 ἐστιν
2931 787 3168 858 ἀσελγὴς
3192 788 3284 841 καὶ
3307 789 3412 842 τῶν
3436 789 3695 861 ἀλήπτων
3718 789 3860 856 λαϐὰς

2309 879 2675 945 συμπλάττειν
2704 883 2798 934 κα)⁵
2825 883 3061 936 ἐπινοεῖν
3095 883 3228 953 ('56).
3255 885 3315 937 Εἰ
3353 884 3463 956 γὰρ
3493 885 3659 948 αὐτὸς
3687 879 3860 948 οὗτοςὸ

2309 971 2650 1042 Δημιουργὺς
2684 971 2796 1045 [25]
2831 975 2925 1028 τοῦ
2956 974 3144 1044 γένους
3180 976 3274 1029 καὶ
3314 975 3622 1047 προνοητὴς
3654 973 3746 1027 νῦν
3783 977 3861 1046 μὲν

2307 1061 2369 1113 τὸ
2439 1063 2666 1134 Πνεῦμα
2728 1065 2969 1119 διδάσκει
3025 1067 3426 1138 ἐκπορεύεσθαι
3499 1067 3594 1120 τοῦ
3654 1068 3860 1137 Πατρὺς,

2308 1155 2557 1225 οὐδαμῶς
2595 1157 2910 1228 προστιθεὶς
2939 1159 3173 1228 (57·58),
3193 1163 3274 1214 ὅτι
3307 1161 3399 1214 καὶ
3426 1160 3482 1227 ἐξ
3529 1159 3720 1226 αὑτοῦ,
3767 1161 3859 1212 ἀλλ’

2309 1249 2516 1300 ἐκεῖνον
2550 1248 2718 1303 αἴτιον
2751 1250 2936 1320 μόνον,
2976 1252 3168 1320 ὥσπερ
3202 1253 3298 1320 τῆς
3330 1251 3524 1304 ἑαυτοῦ
3557 1253 3860 1321 γεννήσεως,

2308 1339 2451 1392 οὕτω
2485 1343 2578 1394 καὶ
2610 1342 2712 1412 τῆς
2743 1343 2838 1396 τοῦ
2879 1344 3194 1413 Πνεύματος
3246 1346 3658 1415 ἐκπορεύσεως,
3710 1344 3862 1398 θεολο-

2309 1434 2522 1501 γεῖσθαι
2585 1441 2965 1506 μυσταγωγεῖ·
3017 1437 3112 1490 νῦν
3150 1438 3227 1502 δὲ,
3272 1438 3348 1501 ὠς
3398 1440 3463 1492 σὺ
3509 1437 3720 1506 λέγεις,
3752 1439 3860 1492 διότι

2310 1527 2475 1594 φησίν
2488 1525 2620 1596 (59)⁶
2641 1529 2739 1582 Ἐκ
2754 1529 2861 1583 τοῦ
2887 1529 3032 1600 ἐμοῦ
3053 1530 3332 1598 λήψεται,
3364 1533 3608 1601 περιεῖλε
3631 1531 3731 1600 μὲν
3759 1534 3858 1602 σιγῇ

2311 1615 2504 1688 βαθείᾳ
2536 1620 2634 1688 τὴν
2676 1621 2950 1691 προτέραν
2985 1619 3095 1690 (40)
3143 1621 3533 1691 μυσταγωγίαν
3554 1636 3570 1652 σ
3609 1621 3778 1673 καίτοι
3811 1639 3860 1689 γε

2313 1708 2446 1778 πρὸς
2476 1709 2736 1780 δευτέραν
2762 1710 2986 1764 ἐλθόντα
3013 1710 3126 1780 (41)
3146 1709 3369 1779 τελετὴν
3391 1709 3497 1761 ἔδει
3525 1709 3734 1776 καὶτῆς
3754 1725 3860 1776 προ-

2309 1803 2471 1872 τέρας
2505 1804 2815 1874 άναμνῆσαι
2847 1804 2941 1856 καὶ
2978 1802 3213 1872 συνάψαι
3253 1804 3320 1855 τὰ
3353 1801 3462 1870 (49.)
3491 1800 3742 1853 τοσοῦτον
3770 1801 3859 1870 (45)

625 1868 688 1951 se
715 1894 936 1950 dissitas
979 1891 1339 1960 conjungeret
1387 1897 1443 1942 et
1478 1888 1544 1942 ad
1586 1888 1819 1942 invicem
1852 1887 2201 1952 conciliaret;

2309 1868 2554 1960 ἀλλήλων
2580 1868 2645 1963 τῇ
2679 1868 2883 1965 θεωρία
2911 1868 3232 1964 διεστηκότα
3253 1907 3266 1921 ·
3293 1893 3321 1944 ὁ
3347 1868 3403 1944 δὲ
3426 1868 3536 1960 (Η)
3553 1933 3567 1956 ,
3599 1889 3751 1943 τοῦτο
3781 1868 3859 1959 μὲν

625 1989 717 2043 ille
761 2002 892 2042 vero
934 1987 1038 2042 hoc
1084 1983 1229 2054 quod
1281 1981 1594 2036 faciendum
1647 1991 1768 2035 erat
1816 1998 1927 2035 non
1962 1982 2113 2043 facit,
2155 1988 2210 2036 et

625 2081 748 2136 loco
773 2077 1011 2143 dicendi,
1043 2074 1307 2144 Spiritum
1339 2090 1368 2126 a
1403 2073 1564 2127 Patre
1596 2072 1913 2142 procedere,
1951 2074 2004 2126 in
2032 2073 2208 2142 ipsum

627 2172 1032 2245 processiouem
1089 2165 1681 2237 Spiritus-transfert:
1731 2182 1840 2236 quo
1885 2166 2047 2221 modo
2098 2181 2208 2220 non

625 2266 908 2323 evidenter
937 2260 1228 2326 evincitur,
1272 2258 1690 2313 substantialem
1747 2267 1912 2327 atque
1944 2259 2208 2314 inaltera-

625 2359 790 2416 bilem
820 2356 1107 2411 veritatem
1128 2369 1159 2406 a
1188 2363 1239 2406 te
1264 2352 1448 2422 inique
1476 2352 1830 2406 dissonantia:
1861 2352 2212 2406 insimulari?

695 2452 786 2506 2l.
821 2448 1087 2516 Quoniam
1128 2461 1258 2500 vero
1296 2446 1381 2500 vel
1423 2461 1486 2499 ea
1521 2461 1640 2515 quae
1684 2446 1870 2515 pueris
1911 2455 2038 2500 sunt
2081 2456 2209 2502 nota

624 2539 766 2596 scire
799 2549 850 2593 te
886 2536 1056 2592 vetuit
1085 2549 1297 2589 summa
1351 2533 1436 2586 illa
1460 2573 1476 2597 ,
1516 2549 1621 2603 qua
1653 2534 1816 2588 etiam
1844 2535 1911 2588 ad
1949 2535 2205 2604 impossi-

623 2630 754 2686 bilia
792 2625 1079 2682 contendis
1130 2627 1432 2688 temeritas,
1471 2639 1622 2677 nunc
1661 2625 1890 2692 saltem,
1935 2627 2038 2680 etsi
2092 2642 2202 2680 non

625 2719 798 2791 prius,
826 2716 1128 2787 intelligere
1162 2712 1331 2767 debes
1361 2711 1501 2765 nihil
1531 2721 1638 2766 tam
1662 2711 1807 2766 clare
1843 2722 1948 2770 tute
1975 2715 2210 2770 vesania:

628 2809 939 2874 adversari,
967 2805 1429 2878 quemadmodum
1470 2805 1588 2860 haec
1618 2805 1833 2860 Domini
1883 2815 2047 2876 atque
2090 2809 2210 2862 Sal-

626 2906 831 2960 vatoris
868 2917 992 2956 vox.
1027 2899 1087 2954 Si
1114 2899 1262 2952 enim
1300 2897 1507 2952 diceret
1548 2914 1564 2952 :
1603 2897 1678 2952 De
1710 2915 1792 2952 me
1820 2900 2072 2969 accipiet,
2108 2917 2210 2957 nec

627 2997 708 3052 sic
728 2994 948 3065 quidem
991 2991 1134 3062 quod
1155 2991 1343 3046 studes
1364 2990 1730 3053 evinceretur;
1765 2993 1990 3048 haberet
2026 3002 2208 3049 tamen

628 3086 866 3155 aliquem
899 3091 1227 3153 praetextum
1259 3098 1435 3138 error.
1468 3082 1656 3152 Neque
1685 3085 1831 3138 enim
1863 3086 2109 3156 accipere
2141 3089 2210 3143 ab

2310 1983 2428 2037 δέον
2471 1986 2755 2055 πράττειν,
2789 1987 2848 2038 οὐ
2895 1988 3070 2038 ποιεῖ·
3105 1985 3224 2038 ἀντὶ
3269 1983 3324 2036 δέ
3361 1983 3456 2036 τοῦ
3493 1982 3860 2052 ἐκπορεύεσθαι

2308 2076 2370 2130 τὸ
2393 2077 2618 2148 Πνεῦμα
2634 2077 2727 2132 τοῦ
2747 2079 2958 2149 Πατρὸς
2986 2080 3066 2141 είς
3097 2079 3290 2132 ἑαυτὸν
3317 2077 3415 2149 τὴν
3438 2077 3760 2148 ἐκπόρευσιν
3785 2075 3859 2127 τοῦ

2310 2169 2629 2240 Πνεύματος
2682 2172 2947 2240 μετάγει·
2985 2170 3104 2233 πῶς
3152 2169 3275 2240 οὐχὶ
3320 2170 3420 2240 τὴν
3471 2168 3568 2238 σὴν
3623 2167 3862 2238 ἔκθεσμον

2308 2261 2606 2330 διαφωνίαν
2644 2263 2744 2331 τῆς
2774 2261 3143 2316 ἐνυποστάτου
3189 2265 3286 2316 καὶ
3324 2259 3688 2314 ἀναλλοιὼτου
3721 2277 3860 2312 κατα-

2311 2352 2709 2424 σκεδὰζωνμ5)
2730 2354 2988 2424 ἀληθείας
3012 2356 3109 2426 οὐχ
3129 2355 3302 2418 ἑάλως
3325 2354 3483 2424 δίκην
3502 2353 3732 2422 ὀφείλων
3749 2353 3861 2425 (ιίϐ);

2379 2453 2488 2500 κα’.
2544 2447 2696 2499 Ἐπεὶ
2735 2447 2789 2499 δέ
2817 2464 2876 2499 σε
2906 2447 3025 2500 οὐδέ
3049 2447 3120 2499 τὰ
3147 2447 3256 2499 τῶν
3280 2445 3485 2498 παίδων
3512 2444 3758 2513 εἰδέναιή
3783 2443 3861 2495 τοῦ

2309 2543 2420 2602 τοῖς
2442 2539 2726 2604 ἀδυνάτοις
2748 2542 3046 2611 ἐπιχειρεῖν
3073 2540 3420 2609 ἀπεστέρησε
3448 2537 3560 2607 (47)
3590 2536 3862 2605 θρασύτης,

2311 2632 2446 2686 ἀλλά
2476 2649 2540 2701 γε
2575 2632 2692 2698 νῦν,
2732 2634 2780 2685 εί
2827 2633 2920 2685 καὶ
2952 2632 3027 2703 μὴ
3065 2633 3349 2703 πρότερον,
3389 2630 3631 2683 συνιέναι
3663 2647 3720 2682 σε
3747 2631 3858 2700 χρὴ,

2310 2726 2384 2790 ὡς
2412 2725 2564 2779 οὐδὲν
2603 2725 2744 2779 οὕτω
2781 2726 2890 2797 (48)
2925 2725 3040 2800 [24]
3071 2726 3338 2796 λαμπρῶς
3373 2726 3589 2778 ἵσταται
3621 2724 3754 2778 κατὰ
3779 2724 3861 2791 τῆς

2313 2818 2413 2888 σῆς
2447 2817 2725 2883 ἀπονοίας,
2771 2819 2847 2882 ὼς
2893 2821 2927 2890 ή
2971 2819 3279 2889 Δεσποτικὴ
3308 2819 3401 2872 καὶ⁵
3430 2818 3705 2888 Σωτήριος
3744 2815 3861 2884 αὕτη

2312 2911 2463 2981 φωνή
2504 2910 2635 2982 (49).
2662 2911 2728 2964 El
2770 2911 2865 2980 μὲν
2892 2910 2998 2984 γὰρ
3046 2910 3266 2980 ἔλεγεν·
3312 2909 3415 2974 Ἐξ
3447 2909 3595 2979 ἐμοῦ
3632 2909 3738 2979 (50)
3764 2908 3860 2972 λή-

2310 3006 2520 3071 ψεται,
2561 3003 2670 3056 οὐδ’
2701 3001 2875 3065 οὕτως
2914 3002 2974 3055 τό
3007 3019 3087 3054 σοι
3138 3001 3576 3071 σπουδαζόμενον
3619 2999 3862 3070 ἐλάμϐανε

2311 3095 2485 3164 πέρας
2509 3109 2523 3124 ⁸
2567 3093 2704 3166 πλὴν
2734 3092 2850 3148 ἀλλ’
2877 3087 2991 3163 εἶχε
3017 3109 3137 3145 τινα
3168 3091 3442 3161 πρόφασιν
3469 3093 3502 3162 ἡ
3548 3091 3718 3161 πλάνη
3747 3089 3862 3162 (5i).

629 3175 814 3245 aliquo
859 3173 930 3228 ob
977 3173 1142 3227 alium
1190 3173 1499 3243 quempiam
1558 3190 1716 3229 nsum
1760 3185 1817 3231 et
1868 3179 2206 3235 substantiali

2313 3186 2446 3240 Οἰδὲ
2475 3187 2583 3258 γὰρ
2629 3185 2748 3240 οὐδὲ
2778 3186 2889 3256 (52)
2940 3183 3000 3237 τὸ
3032 3183 3334 3255 λαμϐάνειν
3364 3185 3474 3237 ἀπό
3511 3200 3660 3245 τινος
3704 3183 3865 3254 χρείας

627 3265 975 3338 processione
1009 3269 1302 3336 procedere
1336 3266 1389 3318 in
1431 3267 1685 3321 eumdem
1739 3284 1960 3324 sensum
2007 3288 2210 3328 conve-

629 3360 822 3424 niunt;
853 3359 1082 3413 multum
1111 3359 1285 3419 abest,
1304 3367 1363 3412 ut
1391 3359 1493 3413 hoc
1523 3361 1592 3414 ita
1622 3377 1682 3416 se
1715 3363 1929 3417 habeat.
1948 3364 2213 3430 Quoniam

627 3466 760 3505 vero
791 3459 953 3505 tantae
987 3450 1284 3520 impietatis
1329 3451 1761 3522 magnitudinem
1796 3456 2048 3511 Salvator
2075 3475 2216 3528 pra:-

2314 3279 2480 3350 άλλης
2502 3281 2684 3350 χάριν,
2714 3278 2886 3333 καὶτὸ
2911 3278 3045 3350 πρὸς
3073 3278 3330 3334 οὑσίωσιν
3353 3277 3464 3349 (55)
3498 3278 3865 3350 ἐκπορεύεσθαι

2313 3375 2393 3435 εἰς
2420 3373 2583 3426 ταυτὺ
2615 3373 2726 3442 (54)
2775 3371 3067 3438 συνάγεται
3098 3373 3164 3443 τῇ
3197 3371 3407 3441 διανοίᾳ
3430 3388 3443 3402 ο
3474 3371 3674 3424 πολλοῦ
3704 3388 3757 3437 γε
3784 3370 3868 3422 καὶ

2312 3466 2413 3520 δεῖ.
2455 3465 2609 3519 Ἐπεὶ
2655 3464 2710 3516 δὲ
2761 3464 2861 3538 τῆς
2897 3461 3169 3536 τοσαύτης
3215 3461 3469 3524 ἀσεϐείας
3499 3461 3560 3516 τὸ
3609 3462 3817 3532 μέγεθος
3844 3463 3868 3511 ὁ

626 3542 821 3598 videns
847 3585 862 3610 ,
905 3558 1018 3597 non
1066 3543 1229 3597 talem
1281 3543 1466 3598 emisit
1508 3560 1736 3607 vocem.
1769 3563 1839 3602 ne
1879 3550 2081 3605 multos
2113 3567 2206 3621 ope

2314 3557 2504 3630 Σωτὴρ
2532 3557 2780 3630 προορῶν
2811 3555 2933 3608 ούδέ
2954 3554 3212 3625 τοιαύτην
3225 3555 3408 3625 ἀφῆκε
3442 3555 3625 3627 φωνὴν
3647 3555 3770 3626 (55),
3791 3554 3867 3605 ῖνα

627 3646 721 3689 tua
745 3634 1008 3690 daemonis
1037 3634 1283 3704 nequitia
1317 3634 1725 3703 depasceretur,
1765 3641 2040 3707 quomodo
2097 3641 2206 3697 loco

2319 3651 2394 3722 μὴ
2423 3650 2648 3713 πολλοὺς
2682 3649 2768 3702 διὰ
2801 3647 2894 3702 σοῦ
2930 3649 2966 3719 ἡ
2995 3647 3089 3700 τοῦ
3124 3647 3370 3718 Πονηροῦ
3401 3649 3702 3718 κακουργία
3723 3666 3865 3700 κατα-

625 3729 994 3786 aceusationis
1034 3744 1201 3798 quam
1251 3725 1483 3783 Domino
1544 3729 1808 3798 intendis,
1841 3733 1907 3788 ad
1935 3735 2056 3804 ejus
2097 3737 2207 3792 cle-

693 3942 742 3977 ⁸⁸
766 3941 925 3999 Joan.
956 3959 1045 4010 xv,
1080 3944 1168 4002 26.

2316 3743 2526 3815 νεμηθῇ
2557 3741 2688 3813 (56).
2724 3740 2840 3804 πῶς
2861 3780 2875 3806 ,
2919 3740 3040 3795 ἀντὶ
3079 3740 3175 3794 τοῦ
3206 3744 3532 3811 κατηγορεῖν
3571 3741 3658 3795 τὸν
3687 3740 3868 3797 Δεσπό-

1741 4123 1974 4181 νΑΒιΑ)
2015 4126 2400 4186 LECTIONES
2436 4130 2524 4186 ET
2563 4129 2794 4188 NOTAS.

695 4305 810 4378 (54)
838 4304 984 4378 Lion.
1010 4324 1025 4361 :
1055 4307 1335 4378 εὑρήσεις.

722 4376 812 4439 55)
850 4374 973 4430 Col.
1013 4374 1264 4433 άένναον.

720 4445 810 4512 56)
846 4445 970 4501 ιιιεο
998 4464 1214 4502 rursum
1242 4444 1466 4502 adducit
1487 4444 1645 4512 llugo
1676 4445 2004 4504 Etherianns

627 4529 679 4586 ο.
708 4515 814 4572 ‘18.
879 4532 932 4586 p.
977 4519 1136 4572 ηδε.
1181 4518 1245 4572 E.
1298 4515 1436 4586 F.):
1486 4535 1504 4568 ι

627 4585 767 4642 dixit
784 4585 1083 4658 diseipulos
1107 4585 1688 4658 instruens,rquouiam
1721 4588 1958 4658 Spiritus
1988 4593 2055 4646 de
2076 4608 2198 4646 meo

626 4657 939 4730 accipietet
965 4657 1320 4730 annuntiabit
1338 4657 1514 4730 vobis.
1540 4655 1604 4710 Et
1627 4655 1773 4728 quod
1795 4661 1981 4730 utique
2006 4664 2193 4726 lateas,

627 4728 720 4796 qui
738 4724 807 4782 ad
841 4726 1147 4782 Salvatoris
1186 4724 1500 4795 coufugeris
1527 4724 1738 4795 vocem,
1771 4724 1983 4783 non'ut
2031 4724 2198 4785 δαινοὲ

627 4798 887 4871 catricem
913 4813 1121 4864 sumas,
1160 4797 1257 4871 sed
1301 4797 1392 4871 ubi
1432 4797 1532 4866 (ut)
1569 4798 1746 4871 ipsum
1778 4817 1872 4871 per
1906 4801 2194 4854 dissonan-

629 4866 761 4921 tiam
799 4868 1102 4936 objurges;
1149 4867 1230 4920 sic
1267 4867 1412 4921 enim
1458 4877 1548 4921 tua
1585 4866 1888 4937 lingna'est
1929 4873 2102 4926 audax
2147 4880 2201 4926 et

627 4937 926 5007 impudica,
963 4947 1023 4991 ut
1065 4939 1120 4991 in
1159 4937 1226 4992 iis
1277 4953 1398 5006 quae
1437 4938 2007 5009 incorrnprehensibiha
2046 4951 2196 5009 sunt,

626 5009 948 5078 occasiones
974 5011 1249 5074 conlingat
1272 5019 1327 5061 et
1356 5008 1743 5078 subiutelligat.
1784 5030 1804 5063 δ

698 5077 912 5145 (57-58)
956 5078 1103 5132 Μοη.
1141 5078 1377 5147 οὐδαμοῦ
1406 5096 1508 5132 που
1535 5077 1723 5146 τιθείς.

697 5147 811 5213 (59)
839 5147 957 5202 Col.
985 5148 1152 5217 φησὶν
1185 5150 1266 5201 ὅτι
1298 5152 1359 5202 ἐκ
1384 5167 1434 5204 τ.
1467 5153 1514 5207 ἐ.

695 5217 812 5358 (40)
847 5218 999 5271 Μοιι.
1060 5219 1344 5290 πρότερον.

724 5287 814 5356 Μ)
852 5287 1007 5358 Non.
1047 5290 1344 5358 μετελθόντε

724 5287 814 5356 Μ)
852 5287 1007 5358 Non.
1047 5287 1395 5358 μετελθόντα.

697 5358 814 5429 (ιε)
845 5357 931 5429 ξΐὰ
947 5357 1100 5414 deest
1127 5360 1181 5414 in
1213 5360 1359 5415 M-on.

721 5427 812 5496 45)
839 5427 1012 5484 Palat.
1060 5430 1098 5484 Γ.
1125 5431 1231 5484 217
1274 5432 1328 5486 b.
1360 5431 1650 5486 τοσούτων.

721 5441 812 5496 to)
839 5441 1012 5484 ratat.
1060 5441 1098 5484 t.
1125 5441 1231 5484 2n
1274 5441 1328 5486 ι).
1360 5448 1408 5484 τι

696 5441 812 5570 (44)
838 5501 896 5570 Ὀ
923 5501 979 5554 δὲ
1001 5501 1155 5556 deest
1178 5503 1232 5554 in
1263 5501 1408 5556 Mon.

698 5569 1048 5645 (§)__Palat:
1082 5573 1559 5645 ‘xataoxsodﬁew.
1612 5572 1730 5645 Col.
1792 5573 2189 5645 διασκεδάζειν.

835 5640 993 5718 llugo
1012 5641 1200 5718 Ether.
1225 5642 1280 5710 (ι.
1303 5645 1378 5710 c.)
1401 5635 1451 5718 τ’.
1483 5644 1767 5718 Quomodo
1796 5659 1940 5700 tuam
1960 5635 2200 5718 exlegem

627 5711 831 5791 (edin;
862 5728 928 5766 ex
957 5713 1097 5791 lege)
1123 5712 1522 5791 dissonantiam
1545 5732 1667 5786 quae
1693 5711 2200 5773 incommutabilem

625 5781 680 5836 et
721 5781 1120 5854 inalterabilem
1168 5782 1397 5854 dissipat
1419 5781 1720 5854 veritatem,
1757 5801 1866 5840 non
1912 5791 2198 5848 coercuisti

629 5867 756 5908 cum
781 5867 1000 5925 pmnam
1027 5851 1262 5906 debeas?
1294 5872 1313 5906 ι

2035 4450 2109 4521 (ιο
2141 4467 2203 4514 ιι.

1613 4516 1763 4572 tiam.
1802 4519 1906 4573 Sed
1962 4516 2208 4575 Salvator
2241 4532 2285 4587 ι)

2389 4312 2764 4385 (γηδίῳ-ναι.
2807 4311 2978 4367 Palat.
3020 4309 3280 4385 et_Hugo
3316 4311 3530 4380 Ether.,
3567 4313 3660 4383 qui
3681 4313 3861 4368 vertit:

2315 4381 2569 4454 privavit.
2597 4383 2811 4454 Monac.
2841 4402 2853 4436 :
2893 4381 3280 4454 παρεχώρησε.

2385 4456 2495 4521 (48)
2527 4455 2669 4508 Mun.
2733 4453 2925 4514 οὕτως.

2381 4524 2492 4596 (49)
2542 4525 2713 4596 Palat.
2746 4525 2782 4580 Γ.
2809 4524 2997 4596 2185.
3039 4542 3052 4578 :
3083 4523 3116 4591 ἡ
3163 4523 3322 4596 δεσπ.
3371 4539 3426 4576 κ.
3461 4539 3594 4578 σωτ.
3629 4525 3756 4591 αύτή
3803 4543 3857 4593 φ.

2311 4593 2524 4649 Monac.
2557 4613 2570 4648 :
2603 4599 2636 4665 ἡ
2671 4595 2822 4665 δεσπ.
2862 4593 3001 4663 αὕτη
3025 4611 3078 4647 κ.
3110 4595 3374 4665 σωτήριος
3405 4611 3462 4660 φ.

2379 4665 2491 4734 (50)
2521 4663 2640 4718 Col.
2674 4682 2725 4734 p.
2759 4664 2885 4727 Q78,
2920 4664 3107 4732 ἔλεγεν
3143 4665 3237 4717 καὶ
3265 4664 3323 4730 εξ
3350 4663 3509 4732 ἐμοῦ.
3574 4673 3578 4677 ’

2381 4735 2490 4806 (51)
2522 4734 2673 4803 Hugo
2731 4735 2917 4788 I‘Zther.
2949 4735 3011 4803 (l.
3040 4739 3114 4803 c.)
3167 4751 3181 4787 :
3221 4754 3239 4785 ι
3291 4735 3416 4792 Ideo
3481 4745 3663 4789 autem
3720 4745 3784 4798 te,
3813 4746 3862 4789 ut

2307 4821 2428 4876 quae
2478 4822 2770 4875 puerorum
2825 4815 2972 4866 sunt,
3014 4821 3123 4857 non
3170 4819 3490 4876 cognoscas,
3534 4806 3862 4875 impossibilia

2309 4878 2559 4930 conando
2592 4877 2822 4945 privavit
2847 4877 3144 4929 temeritas.
3176 4882 3246 4930 At
3276 4892 3403 4928 vero
3439 4890 3557 4943 age,
3584 4893 3747 4941 nunc,
3776 4877 3862 4930 etsi

2308 4963 2418 5001 non
2468 4947 2640 5015 prius,
2699 4947 2995 5015 intelligere
3053 4955 3102 4999 te
3132 4955 3369 5015 oportet,
3424 4948 3570 5014 quod
3623 4949 3752 5000 nihil
3799 4948 3862 5000 sic

2307 5018 2598 5071 manifeste
2625 5027 2730 5071 stat
2761 5028 2947 5069 contra
2977 5026 3118 5068 tuam
3149 5015 3513 5077 insolentiam,
3533 5019 3864 5085 quemadmo-

2309 5088 2436 5141 dum
2463 5088 2738 5141 Dominica
2759 5097 2811 5139 et
2831 5086 3079 5142 salutaris
3109 5087 3208 5140 ista
3246 5104 3368 5141 vox.
3400 5086 3534 5142 Nam
3559 5089 3600 5140 si
3634 5090 3862 5141 dixisset:

2310 5156 2389 5210 De
2414 5174 2494 5210 me
2529 5157 2776 5227 accipiet,
2806 5173 2981 5226 neque
3010 5156 3087 5209 sic
3125 5157 3440 5211 adiuventiu
3473 5169 3561 5210 tua
3601 5159 3864 5222 reperisse!

2311 5228 2640 5293 terminum;
2687 5244 2874 5285 verum
2921 5227 3146 5281 haberet
3196 5228 3430 5297 aliquam
3485 5241 3867 5297 competentem

2309 5300 2652 5352 occasionem
2680 5314 2852 5352 error.
2894 5318 2911 5348 ι

2384 5368 2494 5434 (5:!)
2522 5369 2635 5423 lloc
2661 5369 2892 5425 alterum
2922 5370 3042 5427 οὐδὲ
3077 5366 3230 5424 abest
3256 5383 3285 5422 a
3314 5367 3461 5426 Mon.

2382 5439 2492 5510 (55)
2529 5440 2648 5510 σοι.
2685 5444 2779 5491 καὶ
2813 5441 2947 5510 πρὸς
2972 5443 3089 5495 υὺσ.

2385 5508 2495 5578 (5.4)
2523 5509 2668 5562 Mon.
2702 5508 2976 5564 αὑτόζὸξιι
3005 5512 3119 5566 Col.

2409 5579 2500 5652 55)
2526 5581 2670 5633 Mon.
2701 5579 2821 5652 ούδέ
2855 5583 2955 5649 τὴν
2977 5582 3236 5652 τοιαύτην
3266 5581 3450 5651 φωνὴν
3481 5583 3715 5652 ἀφῆκεν.

2409 5585 2500 5648 55)
2526 5585 2670 5633 Mon.
2701 5585 2821 5632 οὐδὲ
2855 5585 2955 5649 τὴν
2977 5585 3236 5652 τοιαύτην
3266 5585 3450 5651 φωνὴν
3481 5585 3715 5652 ἀφῆκεν.

2383 5585 2494 5721 (56)
2523 5652 2678 5718 lingu
2708 5650 2893 5722 Ether.
2924 5652 2957 5705 Ι.
2991 5669 3041 5706 c.
3089 5671 3100 5705 :
3136 5671 3153 5702 ι
3203 5653 3496 5722 Propterea
3529 5664 3732 5707 tantam
3790 5654 3879 5707 im-

2293 5721 2991 5802 .pietatismagnitudinem
3023 5721 3588 5802 Salvatorprovidens
3618 5741 3727 5802 non
3778 5725 3883 5802 Ιιιιτ-

2309 5793 2548 5860 jusmodi
2575 5793 2757 5847 emisit
2781 5808 2991 5857 vocem,
3009 5810 3076 5850 ne
3109 5795 3246 5851 forte
3265 5795 3463 5850 diaboli
3491 5795 3733 5852 versuua
3756 5795 3884 5849 mul~

2313 5872 2398 5917 tos
2426 5877 2524 5935 per
2554 5870 2604 5919 te
2626 5863 2935 5920 devoraret.
2968 5883 2990 5919 ι
