4022 6414
157 436 261 497 305

1198 437 1296 496 DE
1335 434 1398 496 S.
1438 433 1796 496 SPIRITUS
1833 431 2337 493 MYSTAGOGIA.

3298 431 3423 493 306Δ

146 544 410 609 ὰσεόείας
464 545 838 618 στηλιτεύεται
887 546 950 600 τὸ
998 546 1231 609 ἀναιδές.
1294 545 1449 599 Μετὰ
1512 546 1620 615 γὰρ
1673 545 1732 598 τὸ

1843 543 2147 614 conﬁgitur.
2172 541 2466 611 Posutuam
2496 538 2640 592 enim
2674 538 2809 591 dixit
2844 555 2858 591 :
2895 538 3034 592 Vada
3064 542 3134 592 ad
3163 538 3407 601 Patrem,

148 635 351 697 εἰπεῖν,
377 636 459 687 ὅτι
490 634 603 705 (96)
657 636 985 704 Πορεύομαι
1011 634 1161 702 πρὸς
1183 636 1290 687 τὸν
1317 632 1575 701 Πατέρα,
1600 633 1730 685 imo-

146 724 357 779 κατιὼν
378 725 574 793 ἐπάγει
598 726 837 796 ῥήμασιν
859 725 1023 779 αὑτοῦ
1044 725 1155 795 (97)
1178 741 1192 756 ⁸
1237 724 1399 779 Ἀλλ’
1432 724 1521 777 ὅτι
1544 721 1733 775 ταῦτα

146 816 469 884 λελάληκα
491 818 624 887 (97⁸)
639 817 798 887 ὑμῖν,
820 819 986 884 λύπη
1012 817 1122 888 (98)
1146 816 1542 885 πεπλήρωκεν
1561 813 1729 884 ὑμῶν

147 908 269 974 τὴν
297 907 565 975 καρδίαν.
601 910 751 962 Ἀλλ’
781 908 894 978 ἐγὼ
928 909 1042 975 τὴν
1069 908 1356 977 ἀλήθειαν
1375 906 1529 975 λέγω
1555 906 1727 975 ὑμῖν·

147 1000 482 1069 συμφέρει,
542 1001 641 1053 ἵνα
692 1001 806 1069 ἐγὼ
852 1003 1130 1057 ἀπέλθω·
1179 1003 1289 1054 ἐὰν
1337 1000 1446 1070 γὰρ
1488 999 1602 1068 ἐγὼ
1644 996 1731 1067 μὴ

147 1093 414 1154 ἀπέλθω,
441 1096 472 1146 ό
498 1092 887 1160 Πῳάκλητος
906 1096 1016 1147 οὐκ
1038 1094 1351 1147 ἐλεύσεται
1382 1091 1531 1159 πρὸς
1552 1091 1730 1161 ὑμᾶς.

150 1186 263 1237 Καὶ
319 1185 436 1254 μετ’
479 1185 686 1252 ὀλίγον’
747 1187 875 1239 Ἕτι
910 1184 1111 1239 πολλὰ
1158 1186 1274 1254 ἔχω
1313 1184 1519 1253 λέγειν
1568 1183 1733 1252 ὑμῖν,

150 1280 294 1333 ἀλλ’
340 1282 411 1332 οὐ
444 1279 709 1333 δύνασθε
750 1278 1075 1343 βαστάζειν
1115 1280 1274 1347 ἄρα’
1308 1277 1453 1331 ὅταν
1478 1277 1545 1330 δὲ
1584 1277 1733 1344 ἔλθῃ

151 1372 410 1437 ἐκεῖνος,
442 1372 507 1425 τὸ
534 1373 777 1442 Πνεῦμα
804 1372 911 1439 τῆς
936 1374 1245 1440 ἀληθείας,
1277 1372 1561 1440 ὁδηγήσει
1581 1369 1737 1439 ὑμᾶς

151 1469 240 1530 εἰς
280 1465 489 1517 πᾶσαν
529 1464 646 1532 τὴν
696 1464 1019 1532 ἀλήθειανσ
1059 1466 1131 1517 οὐ
1180 1464 1290 1532 γὰρ
1325 1462 1585 1529 λαλήσει
1633 1461 1735 1531 ἀφ’

153 1555 397 1618 ἑαυτοῦ,
448 1556 582 1609 ἀλλ’
630 1556 745 1609 ὅσα
802 1556 877 1609 ἂν
921 1556 1190 1622 ἀκούσῃ,
1223 1554 1481 1621 λαλήσει
1519 1554 1617 1607 καὶ
1666 1554 1738 1608 τὰ

159 1650 468 1717 ἐρχόμενα
493 1648 817 1717 ἀναγγελεῖ
839 1648 999 1717 ὑμῖν.
1030 1648 1230 1701 Πάντα
1253 1647 1369 1700 ὅσα
1399 1646 1522 1716 ἔχει
1555 1649 1587 1700 ό
1617 1649 1736 1699 Πα-

157 1738 294 1805 τὴρ,
319 1738 429 1805 ἐμά
458 1739 588 1791 ἐστι
608 1754 626 1771 ο
665 1737 762 1791 διὰ
788 1738 963 1791 τοῦτο
993 1734 1183 1797 εἷπον,
1217 1737 1305 1791 ὅτι
1353 1737 1421 1789 ἐκ
1460 1736 1565 1790 τοῦ
1591 1735 1737 1805 ἐμοῦ

158 1831 421 1897 λήψεται
449 1828 547 1881 καὶ
578 1828 894 1898 ἀναγγελεῖ
919 1829 1059 1898 ὑμῖν
1095 1828 1229 1898 (99).
1259 1824 1385 1898 Ἆρ’
1422 1829 1542 1898 οὑχί
1564 1827 1739 1880 ταῦτα

1832 635 2017 691 subdit
2052 635 2137 689 his
2166 635 2299 703 ipsis
2332 632 2512 687 verbis
2541 649 2553 685 :
2600 630 2702 685 Sed
2742 632 2865 701 quia
2909 631 3020 684 haec
3058 632 3259 686 locutus
3288 648 3408 685 sum

1834 726 1973 780 vobis
2000 725 2065 789 “,
2103 724 2319 781 tristitia
2353 721 2581 791 implevit
2615 737 2703 774 cor
2734 731 2983 775 vestrum.
3019 720 3126 776 Sed
3157 738 3248 791 ego
3277 723 3412 776 veri-

1838 825 1998 870 tatem
2040 817 2155 869 dico
2196 814 2384 868 vobis:
2434 813 2659 881 expedit,
2696 820 2753 864 ut
2810 827 2900 881 ego
2930 812 3142 864 vadum.
3169 809 3227 865 Si
3274 812 3413 864 enim

1837 923 1938 961 non
1965 906 2163 970 abiero,
2204 904 2514 963 Paracletus
2548 920 2651 956 non
2672 903 2836 960 veniet
2881 903 2951 955 ad
2991 919 3077 955 vos
3102 902 3170 956 5°.
3201 902 3269 956 Et
3292 912 3416 973 post

1837 1014 2053 1069 pauca:
2106 997 2286 1050 Adhuc
2324 996 2490 1049 multa
2529 996 2693 1047 habeo
2746 994 2884 1047 vobis
2916 994 3121 1057 dicere;
3177 995 3267 1047 sed
3313 1010 3416 1046 non

1838 1092 2049 1162 potestis
2087 1100 2297 1159 portare
2332 1090 2503 1142 modo.
2554 1086 2688 1142 Cum
2712 1099 2891 1140 autem
2948 1088 3140 1139 venerit
3176 1086 3264 1141 ille
3301 1084 3418 1155 Spi-

1838 1188 1969 1239 ritus
2022 1184 2279 1244 veritatis,
2326 1181 2524 1235 docebit
2568 1197 2655 1234 vos
2703 1197 2908 1233 omnem
2941 1181 3238 1233 veritatem.
3296 1178 3417 1232 Non

1840 1278 1976 1330 enim
2016 1275 2255 1344 loquetur
2300 1290 2331 1325 a
2362 1273 2654 1340 semetipso,
2704 1272 2793 1325 sed
2826 1287 3147 1341 quarcunque
3212 1271 3416 1332 audiet,

1839 1368 2079 1437 loquetur
2107 1375 2154 1418 et
2200 1378 2318 1434 qua:
2354 1373 2570 1417 ventura
2598 1372 2719 1416 sunt
2744 1362 3077 1415 annuntiabit
3104 1362 3271 1415 vobis.
3319 1360 3418 1414 Ille

1840 1477 1921 1513 me
1951 1458 2282 1526 clariﬁcabit,
2308 1458 2431 1527 quia
2462 1458 2526 1509 de
2564 1470 2677 1507 meo
2715 1454 2955 1523 accipiet,
2987 1463 3034 1506 et
3078 1454 3418 1528 annuntiabi}

1839 1553 2000 1607 vobis.
2041 1550 2230 1605 Omnia
2283 1565 2605 1619 quwcuuque
2664 1547 2817 1617 habet
2876 1545 3061 1611 Pater,
3115 1563 3227 1601 mea
3273 1555 3413 1599 sunt.

1838 1642 2129 1711 Propterea
2174 1641 2307 1704 dixi,
2338 1641 2463 1709 quia
2508 1640 2568 1692 de
2598 1654 2713 1692 meo
2744 1638 2967 1707 accipiet
2998 1647 3045 1691 et
3077 1637 3420 1691 onnuntiabit

1840 1735 1983 1789 vobis
2012 1734 2080 1788 ⁸¹.
2112 1734 2193 1785 An
2235 1747 2344 1785 non
2385 1739 2514 1785 sunt
2539 1732 2654 1784 haec
2687 1745 2839 1783 sacra
2869 1736 2925 1783 et
2953 1729 3136 1783 divina
3159 1727 3421 1782 oracula?

1839 1830 1923 1887 An
1970 1845 2084 1883 non
2120 1830 2237 1883 haec
2262 1830 2406 1884 clare
2457 1828 2868 1900 intelligendum
2913 1826 3177 1881 exhibent
3222 1834 3419 1895 myste-

163 1921 285 1991 ιερὰ
310 1920 399 1971 καὶ
416 1918 718 1990 θεόχρηστα
740 1919 918 1985 λόγια,
935 1919 1031 1972 καὶ
1048 1920 1107 1972 τὸ
1119 1920 1219 1988 τῆς
1237 1918 1512 1982 εὐσεϐείας
1532 1920 1738 1989 μυστή-

1843 1922 1983 1975 rium
2018 1920 2275 1992 pietatis?
2302 1921 2386 1974 An
2419 1936 2533 1975 non
2556 1936 2777 1974 causam
2810 1918 3183 1985 manifestam,
3206 1925 3422 1986 propter

164 2025 278 2078 ριον
302 2009 362 2061 οὐ
393 2009 689 2081 παρέχεται
708 2009 894 2077 σαφῶς
916 2011 1144 2076 ὲννοεῖν;
1176 2012 1271 2062 καὶ
1308 2010 1406 2080 τὴν
1427 2011 1607 2063 αἰτίαν
1637 2011 1738 2063 οὐκ

160 2100 470 2170 ἐμφανίζει.
512 2100 626 2173 [‘29]
661 2101 729 2154 δι’
761 2104 829 2171 ἢν
867 2103 1039 2154 εἰπεῖν
1067 2102 1241 2155 ταῦτα
1271 2103 1584 2156 ἐδικαίωσεν
1622 2102 1737 2173 (1),

160 2195 255 2244 καὶ
279 2194 377 2261 τὴν
414 2193 472 2257 ἐξ
518 2193 693 2262 ἀρχῆς
746 2193 1132 2263 μυσταγωγίαν
1166 2196 1266 2248 οὑκ
1296 2195 1574 2265 ἀκήρατον
1609 2211 1737 2246 συν-

159 2289 336 2357 τηρεῖ,
397 2288 488 2339 καὶ
541 2288 723 2339 πᾶσαν
769 2288 828 2339 οὺ
872 2286 1223 2357 καταισχύνει
1265 2287 1632 2355 συκοφαντίαν
1660 2286 1736 2357 (2)

162 2380 258 2431 καὶ
303 2377 622 2441 δυσσεϐείας
667 2378 889 2449 ἁπάσης
945 2378 1204 2432 ἐκκόπτει
1257 2380 1541 2450 ἀφορμήν;
1586 2380 1740 2433 Ἐπεὶ

162 2469 274 2539 γὰρ
309 2462 415 2521 οἶδε
448 2470 525 2540 (ὅ)
565 2469 691 2533 τοὺς
724 2469 974 2539 μαθητὰς
1022 2470 1101 2532 εἰς
1131 2469 1365 2541 ἀθυμίαν
1406 2471 1741 2523 καταπεσόν-

157 2577 282 2623 τας,
327 2562 518 2630 ὅτιπερ
572 2562 756 2623 αὐτοῖς
806 2562 996 2629 παρὼν
1037 2563 1226 2614 ἀνεῖπε
1273 2562 1365 2613 τὸν
1400 2562 1539 2615 κατὰ
1583 2562 1741 2631 σῶμα

160 2653 445 2723 χωρισμὸν
467 2655 558 2706 καὶ
586 2654 667 2706 ὅτι
698 2653 773 2723 (4)
796 2653 1091 2723 πορεύεται
1120 2653 1254 2724 πρὸς
1279 2653 1368 2705 τὸν
1395 2654 1635 2723 Πατέρα,
1654 2654 1742 2707 διὰ

158 2744 342 2798 ταῦτα
368 2746 444 2814 (5)
480 2744 697 2809 τούτους
744 2745 868 2798 ἰδὼν
920 2748 1001 2809 εἰς
1048 2746 1349 2815 κατηφείας
1382 2746 1637 2816 λογισμὸν
1665 2746 1739 2817 (6)

164 2837 594 2908 κατενεχθέντας
626 2839 727 2909 (7),
759 2836 1143 2909 ἀνακτώμενος
1173 2840 1250 2910 (8)
1272 2855 1332 2891 τε
1366 2840 1459 2891 καὶ
1488 2839 1586 2891 σὺν
1613 2839 1744 2909 ἁλη-

161 2929 287 3003 θείᾳ
323 2930 690 3000 ψυχαγωγῶν,
726 2932 941 3001 πρῶτον
976 2932 1051 3001 (9)
1081 2931 1198 3002 μὲν,
1232 2933 1313 2984 ὅτι
1350 2931 1615 3001 συμφέρει
1642 2934 1742 2985 αὑ-

160 3026 279 3084 τοῖς
306 3024 369 3074 τὸ
394 3023 649 3076 ἀπελθεῖν
700 3023 860 3076 αὑτὸν
890 3022 1025 3093 (10),
1072 3024 1410 3077 ἐκδιδάσκει·
1446 3017 1564 3077 εἶτα
1601 3024 1745 3095 διερ-

165 3113 421 3183 μηνεύων
456 3116 552 3169 καὶ
579 3116 691 3185 (Η)
731 3117 878 3177 ὅπως
917 3115 1208 3185 συμφέρει,
1266 3116 1410 3169 Ἐὰν
1444 3116 1555 3184 γὰρ
1605 3116 1740 3186 ἐγὼ,

1836 2029 1998 2084 quam
2026 2028 2090 2067 ea
2115 2013 2296 2067 dicere
2326 2011 2499 2067 voluit
2534 2010 2832 2065 Servatur?
2860 2011 2941 2063 An
2978 2023 3088 2062 non
3115 2006 3423 2062 doctrinam

1836 2108 1905 2161 ab
1933 2107 2089 2160 initio
2110 2107 2361 2161 traditam
2391 2107 2653 2161 illibatam
2680 2104 2936 2160 servant?
2962 2108 3045 2158 An
3070 2118 3183 2157 non
3203 2114 3421 2161 omnem

1838 2196 2166 2251 calumniam
2196 2197 2542 2251 confundunt
2579 2210 2909 2265 omnemque
2946 2202 3199 2248 reserant
3227 2191 3425 2262 impie-

1840 2288 1966 2341 tatis
2015 2288 2242 2340 ansam?
2302 2286 2575 2353 Quoniam
2628 2286 2776 2340 enim
2831 2285 2968 2339 vidit
3019 2283 3319 2352 discipulos
3367 2282 3421 2336 in

1839 2377 2152 2431 mwstitiam
2193 2378 2483 2447 collapsos,
2538 2377 2667 2446 quia
2720 2375 2853 2445 ipsis
2888 2390 3129 2445 praesens
3174 2373 3423 2432 declara-

1839 2477 1993 2522 verat
2021 2468 2260 2522 futuram
2289 2484 2441 2523 suam
2471 2484 2567 2537 per
2591 2482 2791 2537 corpus
2815 2466 3215 2536 scjunclionem
3240 2480 3424 2520 suam-

1840 2579 1948 2633 que
1981 2564 2050 2618 ad
2098 2563 2312 2618 Patrem
2353 2564 2771 2633 profectionem,
2824 2571 3113 2632 propterea
3168 2560 3303 2614 istos
3334 2560 3422 2612 in-

1844 2657 2013 2710 tuitus
2069 2656 2126 2709 in
2173 2664 2395 2709 maestas
2443 2654 2798 2725 cogitationes
2850 2658 3152 2714 demersos,
3205 2652 3422 2721 erigens

1842 2745 1963 2799 illos
1994 2760 2234 2814 veraque
2266 2744 2642 2800 consolatione
2689 2744 2961 2807 reﬁciens,
2996 2742 3173 2812 primo
3202 2740 3422 2810 quidem

1842 2838 2098 2907 expedire
2151 2838 2284 2907 ipsis
2336 2853 2394 2892 se
2447 2838 2598 2893 abire
2653 2838 2845 2903 docet;
2895 2836 3091 2891 deinde
3147 2836 3427 2905 explicans

1843 2946 2081 3001 quoque,
2115 2931 2389 3001 quomodo
2426 2931 2479 2986 id
2510 2931 2788 2996 expediat,
2827 2929 2885 2983 Si
2908 2922 3049 2983 enim
3081 2945 3194 2998 ego,
3228 2928 3425 2997 inquit,

1845 3041 1949 3077 non
2005 3024 2205 3089 abiero,
2255 3024 2568 3078 Paracletus
2617 3040 2721 3076 non
2766 3023 2934 3076 veniet
2986 3022 3056 3075 ad
3096 3038 3182 3074 vos
3218 3022 3285 3073 ⁵⁸.
3334 3019 3428 3074 Ha:

1845 3118 2114 3187 siquidem
2148 3133 2314 3171 voces
2367 3118 2432 3171 ad
2464 3116 2699 3186 Spiritus
2755 3115 3044 3169 sublimem
3086 3113 3425 3182 maiestatem

162 3208 323 3275 φησὶ,
368 3206 453 3275 μὴ
499 3207 759 3272 ἀπέλθω,
807 3211 839 3261 ὁ
870 3206 1260 3275 Παράκλητος
1290 3210 1400 3262 οὐκ
1433 3209 1741 3262 ἐλεύσεται

1850 3210 1996 3280 ipsos
2022 3210 2263 3265 excitant
2284 3211 2701 3278 sublevantque,
2731 3207 3190 3278 quemadmodum
3213 3214 3265 3259 et
3288 3206 3388 3259 ista
3411 3222 3426 3257 :

163 3297 321 3363 πρὸς
353 3296 528 3366 ὑμᾶς.
559 3300 622 3350 Δί
645 3298 701 3350 δὲ
729 3298 975 3352 τοιαῦται
1006 3300 1178 3368 φωναὶ
1200 3297 1441 3369 δηλονότι
1465 3298 1574 3368 (12)
1609 3298 1741 3368 πρὸς

1852 3301 1975 3376 Non
2005 3303 2217 3370 potestis
2254 3311 2468 3370 portare
2500 3306 2651 3353 modo
2681 3300 2749 3351 ⁸³.
2779 3298 2885 3353 Sed
2916 3297 3179 3368 quando?
3204 3295 3427 3360 Quando

164 3389 229 3440 τὸ
259 3390 547 3457 μεγαλεῖον
591 3390 789 3453 αὐτοὺς
832 3389 927 3443 τοῦ
954 3390 1270 3459 Πνεύματος
1306 3388 1641 3458 ἀνυψοῦσθαι
1673 3389 1754 3442 δι-

166 3479 466 3532 ανιστῶσιν
489 3494 502 3507 ·
534 3480 724 3549 ὥσπερ
748 3481 841 3533 καὶ
862 3481 946 3548 τὸ,
978 3482 1061 3534 Οὐ
1090 3481 1356 3535 δύνασθε
1385 3482 1495 3549 (15)
1520 3480 1752 3545 ,βαστάο

166 3569 293 3632 ζειν
314 3572 465 3639 ἄρτι.
515 3573 678 3626 Ἀλλά
702 3575 859 3640 πότε;
894 3575 1080 3627 Ὅταν
1102 3574 1252 3641 ἔλθῃ
1283 3575 1348 3628 τὸ
1370 3573 1614 3643 Πνεῦμα
1638 3574 1751 3644 τῆς

165 3664 456 3731 ἀληθείας
475 3684 490 3697 ο
514 3666 710 3720 ἐκεῖνο
737 3668 846 3737 (14)
880 3667 990 3736 γὰρ
1020 3666 1176 3737 ὑμᾶς
1202 3666 1487 3736 ὁδηγήσει
1523 3667 1635 3738 (15)
1661 3671 1750 3733 εἰς

163 3753 383 3808 πᾶσαν
440 3756 556 3825 τὴν
592 3758 901 3826 ἀλήθειαν.
959 3760 1122 3811 Ἀλλο
1167 3758 1328 3812 πάλιν
1376 3758 1612 3813 ἐνταῦθα
1654 3758 1751 3812 τοῦ

1847 3395 2044 3447 venerit
2073 3392 2302 3462 Spiritus
2321 3393 2581 3455 veritatis,
2617 3391 2705 3445 ille
2727 3391 2923 3444 docebit
2952 3407 3039 3443 vos
3055 3405 3261 3443 omnem
3288 3390 3429 3443 veri-

1849 3494 2010 3537 tatem
2036 3484 2104 3537 “.
2145 3484 2262 3538 Alia
2296 3499 2485 3537 rursus
2511 3483 2602 3538 hic
2636 3482 2888 3536 miranda
2926 3481 3163 3550 Spiritus
3201 3479 3432 3549 emergit

1850 3577 2236 3648 praerogativa,
2301 3592 2421 3647 quae
2494 3577 2780 3647 discipulis
2847 3576 3115 3645 explicata
3185 3582 3423 3628 mentem

1848 3670 2065 3725 illorum
2116 3674 2171 3724 in
2220 3671 2546 3727 immensam
2599 3669 2945 3725 altitudinem
2996 3668 3196 3729 elevat,
3225 3667 3280 3720 in
3319 3680 3426 3735 qua

1851 3761 2088 3832 Spiritus
2118 3764 2352 3835 dignitas
2389 3780 2552 3834 supra
2589 3763 2812 3818 modum
2844 3762 2978 3832 ipsis
3002 3760 3267 3815 enitebat.

164 3848 491 3916 Πνεύματος
516 3849 744 3919 μέγεθος
771 3851 1146 3922 ἀναφυόμενον
1205 3850 1519 3921 θαυμαστὸν
1558 3852 1653 3905 καὶ
1701 3853 1815 3914 τοῖς
1858 3856 2128 3927 μαθηταῖς
2171 3857 2654 3923 ἁναπτυσσόμενον
2713 3854 2807 3909 καὶ
2864 3849 3195 3924 μετεωρίζον
3249 3849 3429 3905 αὐτῶν

162 3942 270 4011 τὴν
314 3942 553 3994 διάνοιαν
602 3944 682 4006 είς
714 3943 919 4013 ἄφατον
961 3942 1116 4013 ὕψος,
1152 3945 1211 3997 ὲν
1238 3938 1282 4011 ᾦ
1304 3942 1400 3997 τοῦ
1430 3942 1750 4013 Πνεῦματος
1786 3946 1971 4011 αὐτοῖς
2008 3947 2131 4001 καθ’
2163 3934 2471 4019 ὑπερϐολὴν
2494 3947 2760 4016 διέλαμπε
2789 3945 2851 3998 τὸ
2870 3945 3107 4012 ἀξίωμα.

238 4040 343 4089 κε’.
399 4036 464 4087 Τί
512 4031 640 4104 οὗν;
676 4038 834 4102 Εἰκὸς
865 4033 933 4109 ἦν
961 4040 1147 4102 αὐτοῖς
1188 4032 1289 4092 ὧδέ
1330 4056 1434 4093 που
1478 4039 1608 4110 περὶ
1654 4037 1750 4093 τοῦ

162 4126 492 4195 Πνεύματος
544 4127 871 4198 ἀνηγμένοις
920 4129 1319 4198 διαλογίζεσθαι
1369 4129 1503 4202 (16).
1562 4133 1635 4186 Σὺ
1694 4133 1751 4187 δὲ

162 4218 390 4289 παρὼν,
420 4217 464 4273 ὦ
497 4219 782 4274 διδάσκαλε
812 4220 952 4293 ['50],
990 4222 1279 4293 βαστάζειν
1312 4226 1460 4295 ἡμᾶς
1492 4224 1555 4278 τὸ
1590 4224 1754 4297 βάρος

161 4312 271 4363 οὐκ
303 4310 550 4381 ἐνίσχυες
584 4313 695 4383 (17)
728 4312 834 4366 τῶν
881 4315 1229 4386 ἀπορρήτων.
1280 4314 1340 4369 '0
1371 4316 1427 4369 δὲ
1454 4317 1750 4388 Παράκλη-

163 4419 263 4465 τος
288 4402 534 4455 ἐπελθὼν
567 4404 806 4474 βελτίους
852 4407 999 4477 ἡμᾶς
1028 4407 1123 4460 καὶ
1162 4407 1541 4479 ἰσχυροτέρους
1578 4411 1658 4472 είς
1692 4408 1752 4462 τὸ

166 4496 367 4564 φέρειν
416 4494 597 4547 αὐτῶν
652 4498 752 4565 τὴν
789 4498 988 4566 γνῶσιν
1044 4499 1264 4568 ἁόαρῶς
1318 4501 1748 4570 παρασκευάσει.

164 4587 290 4642 Καὶ
329 4587 393 4640 σὺ
427 4587 535 4658 μὲν(
556 4588 647 4640 ἐπὶ
682 4587 793 4659 (18)
823 4589 1024 4660 μέρους
1077 4592 1208 4662 ἡμῖν
1240 4591 1339 4663 τὴν
1367 4591 1626 4663 ἀλήθειαν
1657 4594 1753 4647 άν-

243 4713 293 4746 ⁸⁹
322 4712 482 4768 Joan.
509 4729 617 4779 xw,
657 4713 765 4781 28;
813 4731 924 4783 xvn,
982 4716 1036 4772 5.
1110 4718 1156 4750 ⁵⁸
1206 4717 1367 4774 Joan.
1409 4736 1519 4786 XVI,
1560 4720 1614 4785 6,
1669 4723 1719 4776 7.

1871 4719 1983 4776 ibid
2018 4719 2204 4775 12-15.
2279 4721 2325 4751 ⁸³
2358 4720 2492 4787 ibid,
2524 4720 2613 4774 17.
2686 4719 2733 4752 ⁸³
2762 4717 2902 4779 ibid,
2937 4718 3023 4773 12.

1921 4042 2013 4097 25.
2062 4041 2202 4108 Quid
2234 4042 2403 4112 ergo?
2441 4040 2623 4095 Facile
2649 4047 2768 4095 erat
2801 4038 2955 4108 ipsis,
3006 4037 3107 4090 has
3135 4034 3309 4089 ferme
3336 4050 3431 4089 cn-

1851 4135 2140 4208 gitationes
2181 4135 2250 4189 de
2302 4134 2511 4204 Spiritu
2559 4134 2613 4187 in
2667 4133 2852 4187 animo
2892 4131 3147 4200 agitare:
3200 4138 3258 4182 tn
3301 4142 3432 4181 vero

1853 4241 2116 4296 praesens,
2147 4240 2180 4280 ο
2212 4226 2491 4295 magister,
2524 4224 2668 4279 vires
2709 4224 2868 4277 nobis
2900 4238 3010 4276 non
3044 4219 3433 4290 suppeditabas

1853 4300 2123 4388 portando
2173 4332 2495 4372 arcanorum
2546 4315 2722 4371 oneri.
2775 4314 3090 4369 Paracletus
3114 4320 3297 4366 autem
3341 4326 3435 4364 suo

1784 4412 2181 4498 Dperveniens
2237 4411 2475 4481 aptiores
2533 4425 2635 4464 nos
2690 4408 3089 4476 validioresque
3153 4402 3431 4473 gestandae

1861 4499 2075 4553 illorum
2117 4499 2415 4571 cognitioni
2446 4499 2653 4569 absque
2676 4514 2842 4553 onere
2862 4496 3078 4552 efﬁciet.
3120 4495 3188 4550 Et
3219 4505 3275 4549 tu
3304 4493 3398 4563 qui

1860 4593 1983 4647 dem
2014 4608 2078 4647 ex
2112 4604 2265 4663 parte
2306 4593 2466 4647 nobis
2492 4592 2771 4658 revelasti;
2804 4592 2893 4646 ille
2922 4599 3104 4646 autem
3127 4589 3184 4644 in
3211 4602 3431 4643 omnem

3127 4715 3174 4749 ”
3198 4712 3310 4769 ibid
3338 4713 3427 4773 15.

1272 4880 1507 4937 νΛῐὶΙᾹΞ
1546 4878 1931 4937 LECTIONES
1969 4879 2058 4935 ET
2099 4878 2334 4937 NOTAE.

242 5028 364 5096 (96)
392 5030 516 5082 Ὀτι
541 5031 691 5086 deest
716 5032 771 5085 in
800 5033 922 5086 cod.
952 5033 1163 5088 Monac.

239 5100 360 5170 (97)
384 5100 499 5154 Col.
537 5118 588 5171 p-.
620 5104 725 5157 280
751 5121 763 5155 :
795 5104 1031 5172 ῥήμασιν
1063 5107 1263 5169 αὐτοῖς.

138 5238 143 5241 ι
236 5173 382 5242 (97έ)
411 5172 551 5225 Mon.
578 5173 846 5242 λελάληκα
875 5174 1063 5242 ταῦτα.

239 5240 365 5312 (93)
385 5241 501 5297 Col.
530 5244 589 5295 ὑ.
625 5244 657 5312 ἡ
693 5240 859 5311 λύπη.
938 5241 947 5250 ’

235 5311 360 5392 (99)
391 5314 506 5392 col.
528 5311 697 5392 evay.
732 5316 858 5392 ὑμῖν
884 5330 899 5345 υ
924 5315 1129 5392 ἐκεῖνος
1158 5317 1258 5386 ἐμὲ
1312 5316 1523 5383 δοξάσει
1564 5316 1647 5372 ὅτι
1694 5318 1758 5372 ὲκ

152 5384 399 5458 τοῦ-ζμ.
443 5384 754 5458 λήψεται-ιι.
787 5385 1073 5458 ἀναγγελεῖ
1100 5384 1247 5458 ὑμῖν.

242 5453 331 5522 (1)
362 5456 392 5506 ὁ
425 5458 605 5525 σωτὴρ
633 5455 779 5509 addit
811 5453 1020 5511 Monac.
1051 5466 1106 5511 et
1140 5453 1256 5515 Col.

242 5524 330 5591 (Ξ)
372 5522 580 5595 Monac.
614 5526 993 5595 συκοφαντίας.

242 5595 333 5661 (5)
374 5594 491 5648 Col.
527 5595 654 5648 ἴδεν.

373 5663 516 5735 Man.
542 5666 755 5731 ὅτιπερ.

240 5719 332 5804 (Β)
376 5733 516 5804 Men.
545 5735 632 5788 διά
659 5719 835 5792 τουτο.

242 5806 336 5873 (6)
373 5803 490 5859 Col.
524 5805 836 5873 λογισμούς.

244 5872 340 5946 (7)
373 5872 518 5930 lion.
558 5872 947 5948 καταχθέντας.

1927 5033 2005 5105 (8)
2042 5032 2187 5088 Mon.
2216 5035 2589 5106 άνακτωμενοί
2626 5051 2700 5088 τε.

1927 5106 2006 5175 (9)
2048 5106 2194 5159 Μοιι.
2240 5106 2452 5172 πρῶτα.

1958 5176 2043 5244 10)
2083 5175 2246 5227 αὑτὸν
2274 5177 2429 5230 deest
2458 5175 2513 5228 in
2546 5174 2689 5230 Mon.

1929 5184 2042 5312 in)
2083 5246 2175 5298 καί
2205 5246 2359 5300 deest
2388 5247 2440 5299 in
2474 5246 2617 5299 Mon.

1955 5247 2042 5315 Η)
2083 5246 2175 5298 καί
2205 5246 2359 5300 deest
2388 5247 2440 5299 in
2474 5246 2617 5299 Mon.

1928 5318 2043 5389 (l2)
2084 5315 2230 5389 Mon.
2260 5316 2420 5389 δῆλον
2451 5316 2555 5369 ὅτι.

1926 5386 2040 5458 (15)
2082 5386 2227 5439 Man.
2263 5386 2518 5455 δύναμαι.

1927 5461 2039 5530 (14)
2078 5460 2196 5530 Col.
2229 5458 2451 5530 ἐκεῖνος.

1925 5528 2037 5601 (15)
2078 5529 2221 5601 Μοη.
2254 5529 2508 5601 ὁδηγήσει
2530 5528 2604 5601 ὑνμ
2614 5529 2699 5593 ἇς.

1855 5672 1867 5684 .
1925 5603 2038 5684 (16)
2080 5600 2291 5684 Exhinc
2321 5600 2575 5670 discipuli
2610 5602 2893 5671 loquentes
2921 5600 2989 5657 de
3017 5600 3220 5655 Christi
3245 5600 3427 5657 verbis

1855 5680 2205 5727 inducuntur.

1929 5743 2041 5813 (17)
2082 5741 2225 5814 Lion.
2246 5738 2534 5806 βαστάζεις
2550 5743 2699 5813 ἡμᾶς
2719 5744 2776 5797 τὸ
2795 5742 2959 5813 βάρος
2974 5744 3073 5797 οὐκ
3088 5741 3428 5814 ὲνισχύοντες

1858 5813 1921 5885 (ι.
1940 5812 2317 5885 ἐνισχροντας.
2327 5817 2345 5877 )

1930 5883 2047 5955 (18)
2088 5883 2231 5939 Mon.
2254 5881 2384 5938 ἀπό.
