4014 6398
566 425 670 489 3'07

1588 394 1597 403 ’
1694 429 1961 493 PHOTII
1999 430 2506 493 PATRIARCHE
2544 432 2656 492 cp.

3729 434 3824 498 308

568 555 673 595 nos
695 538 928 595 deducet
949 541 1251 597 veritatem.
1300 541 1378 597 Ac
1410 550 1460 596 te
1490 541 1709 612 quidem
1743 550 2001 616 mysteria
2047 546 2148 601 do-
2174 580 2187 608 λ

2265 547 2524 618 εκάλυψας
2556 546 2667 613 (l9)
2690 562 2703 575 ·
2730 545 2935 607 ἐκεῖνος
2964 544 3019 598 δὲ
3048 542 3304 616 ὁδηγήσει
3327 546 3472 617 ἡμᾶς
3492 544 3602 616 (20)
3631 546 3715 611 είς
3733 551 3829 604 πα-

571 641 730 686 cente
760 633 938 689 adhuc
966 649 1189 704 egemus
1209 641 1264 689 et
1292 636 1556 704 sapientia
1588 645 1644 691 et
1673 636 1876 693 virtute
1908 647 1964 693 et
1997 640 2147 694 veri-

572 734 703 789 tate,
747 727 837 781 ille
890 743 1022 781 vero
1062 727 1359 782 adveniens
1386 730 1566 782 omnia
1627 729 1787 784 nobis
1815 731 2145 799 perfruenda

574 814 847 870 uberrime
879 816 1164 885 praebebit.
1226 814 1279 869 Si
1321 830 1449 885 ergo
1506 823 1584 881 tu,
1638 816 2011 871 substantialis
2058 832 2146 871 sa-

574 907 777 977 pientia
816 915 871 961 et
901 908 1116 969 veritas,
1150 908 1266 961 hmc
1294 906 1479 970 doces,
1508 922 1621 960 non
1655 908 1844 977 utique
1870 908 2149 978 ambigere

575 1011 676 1049 nos
702 997 875 1059 decet,
909 997 1169 1064 majorem
1208 1011 1423 1065 quoque
1464 997 1731 1051 honorem
1763 1012 1828 1052 ac
1861 998 2084 1070 gloriam
2116 1015 2148 1053 a

574 1086 733 1141 nobis
756 1085 981 1155 Spiritui
1007 1102 1128 1141 esse
1159 1086 1529 1142 tribuendam.

643 1371 734 1425 26.
772 1370 1038 1437 Quoniam
1072 1370 1236 1442 igitur
1268 1372 1518 1427 sublimia
1568 1373 1686 1429 hzec
1721 1373 1788 1429 de
1836 1372 2042 1444 Spiritu
2071 1375 2153 1431 di-

576 1465 802 1535 scipulis
831 1463 1056 1535 exponit
1080 1464 1347 1529 Salvator,
1390 1466 1703 1520 mmstitiam
1754 1466 1822 1521 ab
1851 1467 1957 1522 illis
2001 1484 2155 1524 amo-

576 1574 731 1624 vens,
753 1558 1023 1627 simulque
1051 1574 1241 1613 veram
1262 1560 1326 1613 de
1344 1559 1546 1629 Spiritu
1567 1559 1869 1614 doctrinam
1899 1561 2149 1626 tradens;

580 1639 881 1703 humanum
937 1658 1118 1703 autem
1167 1659 1283 1705 erat
1340 1650 1761 1721 cogitationibus
1816 1666 1929 1705 non
1991 1652 2152 1722 plane

580 1742 730 1812 puris
786 1742 1182 1812 discipulorum
1247 1744 1437 1815 agitari
1491 1753 1704 1800 mentes
1760 1746 1939 1818 (facile
2006 1746 2152 1800 enim

588 1832 775 1886 anima
826 1848 1066 1888 mmrore
1119 1846 1370 1904 correpta
1435 1835 1544 1891 vim
1584 1836 1867 1905 iudicandi
1917 1837 2152 1907 caligine

581 1924 913 1993 perturbans
955 1926 1101 1996 quod
1147 1928 1382 1982 salutare
1439 1936 1524 1983 est
1581 1930 1637 1983 in
1692 1931 1915 1986 noxium
1974 1939 2156 2001 potest

582 2014 954 2086 detorquere);
983 2026 1294 2087 prepterea,
1325 2034 1395 2073 ne
1426 2018 1692 2089 Spiritum
1725 2020 1862 2075 Filio
1894 2022 2159 2093 majorem

583 2107 983 2179 arbitrarentur
1038 2117 1229 2180 utpote
1292 2112 1497 2181 majora
1565 2113 1898 2183 praabentem
1933 2157 1948 2181 ,
2021 2130 2160 2170 neve

588 2198 700 2253 illis
730 2199 838 2254 ulla
884 2200 1142 2271 cogitatio
1182 2203 1495 2257 oboriretur
1536 2205 2160 2261 consubstantialitatem

585 2288 792 2344 iredens
820 2292 1295 2363 aequalitatemque
1320 2295 1563 2364 ipsorum
1621 2297 1679 2350 in
1732 2297 2161 2367 inaaqualitatem

587 2380 916 2447 distrahens,
942 2391 1003 2437 ut
1041 2384 1284 2453 Optimus
1314 2395 1369 2439 et
1396 2400 1693 2456 corporum
1747 2394 1802 2440 et
1855 2387 2161 2443 animarum

586 2474 854 2540 medicus,
884 2475 1119 2530 salutare
1142 2486 1410 2547 praaparat
1439 2479 1923 2534 medicamentum.

655 2766 746 2820 27.
769 2765 926 2833 Quod
954 2766 997 2821 si
1031 2767 1308 2837 apostolos
1360 2767 1630 2836 ejusmodi
1659 2769 2023 2840 cogitationes
2061 2788 2165 2829 nec

589 2859 851 2913 tenebant
880 2874 982 2913 nec
1001 2859 1276 2933 agitabant
1297 2874 1399 2915 nec
1428 2861 1719 2915 turbabant
1751 2862 2001 2932 (fortasse
2018 2868 2166 2920 enim

591 2949 835 3004 sanctius
860 2959 943 3005 est
972 2949 1154 3015 fateri,
1191 2966 1409 3006 sacrum
1442 2953 1595 3007 illum
1621 2964 1822 3010 cretum
1856 2973 1965 3011 non
1995 2957 2167 3014 fuisse

594 3040 908 3108 hujusmodi
956 3041 1265 3096 confusioni
1316 3058 1381 3099 ac
1406 3046 1817 3101 conturbationi
1847 3048 2164 3117 obnoxium)

592 3139 835 3187 attamen
873 3133 1096 3189 malitia:
1145 3135 1401 3191 inventor
1450 3147 1503 3192 et
1552 3138 1745 3194 artifex
1792 3141 1996 3195 bonum
2040 3143 2167 3197 mali

594 3219 779 3287 specie
844 3220 1325 3278 circumvestiendi
1390 3226 1753 3296 peritissimus
1816 3232 2018 3285 multos
2064 3247 2165 3301 po-

593 3310 790 3365 tuisset
838 3327 950 3367 sua:
998 3312 1202 3369 fraudis
1223 3317 1458 3385 przedam
1507 3318 1721 3375 efficere
1750 3321 2170 3393 opinionemque

596 3402 907 3457 luereticam
975 3406 1261 3463 animabus
1319 3408 1603 3464 hominum
1668 3412 1943 3480 inserere;
2006 3433 2167 3486 quam

600 3510 709 3548 una
747 3510 872 3549 cum
924 3496 1039 3566 ipsa
1096 3497 1287 3553 fraude
1332 3499 1646 3572 fraudisque
1677 3504 1886 3559 artifice
1932 3507 2171 3562 confun-

596 3588 732 3642 dens
786 3603 851 3643 ac
905 3589 1179 3660 dissipans
1240 3591 1492 3648 Salvator
1543 3607 1703 3651 acute
1761 3598 2056 3653 admodum
2116 3610 2171 3655 et

595 3680 781 3735 divine
842 3682 1061 3751 adjecit,
1118 3686 1285 3754 quod,
1334 3685 1453 3739 Non
1496 3687 1737 3758 loquetur
1789 3707 1821 3743 a
1866 3693 2169 3761 semetipso,

595 3773 687 3825 sed
735 3788 1056 3844 qmecunque
1098 3777 1350 3843 audierit,
1408 3778 1648 3850 loquetur
1674 3782 1741 3835 ⁵⁸.
1804 3783 1940 3837 Nam
1987 3794 2041 3838 et
2103 3786 2169 3840 de

597 3866 777 3934 seipso
832 3877 993 3922 antea
1036 3869 1277 3925 dixerat:
1315 3870 1499 3927 Omnia
1552 3890 1870 3946 quwcunque
1910 3880 2090 3931 audivi
2135 3896 2168 3933 a

598 3957 763 4013 Patre
802 3976 933 4025 meo,
967 3972 1089 4015 nota
1129 3964 1226 4032 feci
1253 3964 1393 4016 vobis
1422 3964 1488 4019 ⁸⁸.
1524 3966 1601 4020 Ac
1648 3966 1691 4021 si
1725 3968 1969 4024 diceret:
2011 3969 2171 4025 Uter-

601 4067 710 4120 que
742 4062 991 4108 nostrum
1024 4071 1089 4109 ex
1123 4054 1282 4112 Patre
1314 4056 1477 4111 habet
1507 4060 1703 4114 docere
1766 4070 1821 4115 et
1860 4060 2169 4119 illuminare

2259 659 2357 693 σαν
2391 642 2491 711 τὴν
2524 640 2782 711 ἀλήθειαν
2804 655 2819 671 ο
2851 638 2946 691 καὶ
2978 636 3073 690 σοῦ
3107 638 3204 707 μὲν
3234 638 3726 708 μυσταγωγοῦντος
3756 639 3829 695 ἔτι

2248 732 2486 799 δεόμεθα
2534 732 2629 785 καὶ
2679 731 2870 799 σοφίας
2929 731 3022 783 καὶ
3064 730 3346 801 δυνάμεως
3390 732 3483 783 καὶ
3539 731 3827 800 ἀληθείας·

2256 824 2462 886 ἐκεῖνος
2510 822 2567 875 δὲ
2618 821 3007 892 παραγεγονὼς
3038 822 3257 875 πάντων
3295 824 3426 892 ἡμῖν
3464 823 3564 893 τὴν
3600 823 3831 877 ἀπόλαυ·

2252 931 2335 967 σιν
2369 913 2598 982 ἄφθονον
2647 915 2941 987 παράσχοι.
2978 915 3040 967 Εἰ
3068 914 3256 966 τοίνυν
3297 915 3361 968 σὺ
3401 914 3611 980 ταῦτα,
3661 917 3696 985 ἡ
3748 916 3835 968 ὲν-

2257 1006 2561 1071 υπόστατος
2617 1008 2775 1076 σοφία
2806 1008 2900 1059 καὶ
2932 1006 3183 1077 ἀλήθεια,
3215 1005 3507 1069 διδάσκεις,
3538 1008 3640 1060 οὒκ
3668 1008 3835 1061 ἐπιδι-

2258 1100 2476 1163 στάζειν
2504 1101 2651 1171 ἡμᾶς
2684 1099 2931 1170 προσῆκε
2962 1100 3055 1153 καὶ
3084 1100 3182 1169 τῆς
3211 1099 3350 1168 πρὸς
3374 1098 3436 1151 τὸ
3470 1096 3658 1169 μεῖζον
3686 1098 3838 1163 ἐξαλ-

2251 1190 2552 1260 λαττούσης
2581 1190 2747 1261 τιμῆς
2774 1206 2834 1243 τε
2865 1191 2959 1244 καὶ
2988 1189 3147 1260 δόξης
3177 1188 3239 1242 τὸ
3266 1188 3492 1259 Πνεῦμα
3526 1190 3661 1260 παρ’
3687 1188 3837 1259 ήμῶν

2253 1280 2534 1349 ἀξιοῦσθαι
2576 1282 2711 1350 (21).

2321 1373 2435 1441 κς’.
2502 1374 2722 1446 Ἐπειδὴ
2768 1373 2860 1429 οῦν
2894 1373 2963 1428 τὰ
2998 1374 3181 1445 ὑψηλὰ
3211 1377 3340 1444 περὶ
3383 1376 3477 1429 τοῦ
3524 1375 3838 1445 Πνεῦματος

2252 1467 2555 1537 εἰσηγεῖται
2589 1466 2702 1537 (22)
2762 1468 2861 1538 μὲν
2898 1469 3011 1531 τοῖς
3070 1466 3336 1537 μαθηταῖς
3369 1470 3397 1521 ὁ
3441 1467 3634 1539 Σωτὴρ
3655 1508 3671 1531 ,
3703 1469 3837 1521 ἀπο-

2261 1558 2661 1629 σκευαζόμενός
2688 1575 2745 1611 τε
2792 1558 2971 1612 αὐτῶν
3002 1557 3063 1611 τὸ
3110 1558 3390 1629 ἀθυμοῦν,
3423 1560 3541 1629 ἅμα
3578 1561 3636 1613 δὲ
3667 1560 3764 1613 καὶ
3785 1559 3841 1615 τδ

2261 1650 2484 1721 Πνεῦμα
2526 1651 2583 1703 ὲν
2619 1648 2849 1721 ἀληθείᾳ
2902 1649 3193 1719 θεολογῶν,
3233 1650 3519 1720 λογισμοῖς
3551 1651 3597 1706 δ’
3629 1651 3839 1723 ἀνθρώ-

2257 1760 2410 1796 πινον
2431 1737 2499 1812 ἦν
2527 1740 2645 1811 (25)
2673 1741 2772 1794 οὐκ
2803 1740 3057 1809 εὐαγέσιν
3090 1742 3564 1812 ἁνακυμαίνεσθαι
3588 1742 3683 1795 τδν
3721 1741 3840 1795 νοῦν

2254 1831 2362 1885 τῶν
2389 1830 2666 1901 μαθητῶν·
2702 1830 2873 1884 δεινὸν
2901 1830 3010 1901 γὰρ
3035 1832 3067 1901 ἡ
3107 1831 3253 1901 ψυχὴ
3284 1830 3428 1900 λύπη
3454 1831 3670 1900 (24-25)
3692 1832 3844 1886 κάτο⁶

2263 1941 2356 1994 χος
2410 1924 2675 1995 γενομένη
2715 1923 2808 1978 καὶ
2846 1922 2907 1976 τὸ
2943 1925 3224 1995 κριτήριον
3266 1924 3425 1994 ἀχλύῖ
3468 1923 3841 1977 συναναθολώ-

2264 2034 2403 2069 σασα
2444 2015 2555 2085 (26)
2588 2016 2686 2085 τῆς
2719 2015 3023 2086 μεταϐολῆς
3060 2017 3121 2069 τὸ
3147 2017 3414 2087 σωτήριον
3436 2014 3843 2086 ἀντιμεθᾶκειν

2263 2107 2343 2169 είς
2394 2106 2455 2159 τὸ
2518 2105 2812 2177 βλαϐερόν·
2843 2105 2932 2159 διὰ
2973 2106 3130 2159 τοῦτο
3177 2105 3253 2170 ὡς
3302 2106 3368 2159 ἂν
3410 2106 3579 2177 μὴτὸ
3628 2106 3842 2177 Πνεῦμα

2266 2199 2452 2269 μεῖζον
2506 2198 2920 2268 παραδέξωνται
2968 2197 3063 2250 τοῦ
3095 2196 3227 2251 Υίοῦ
3252 2239 3267 2261 ,
3325 2197 3422 2252 an
3461 2198 3526 2269 δὴ
3572 2198 3643 2251 τὰ
3678 2198 3842 2268 μείζω

2264 2291 2678 2363 παρεχόμενον,
2738 2291 2833 2344 καὶ
2895 2290 3155 2360 λογισμὸς
3221 2291 3406 2354 αὐτοῖς
3469 2291 3691 2345 ἐπέλθοι
3752 2292 3844 2363 τὴν

2262 2389 2533 2458 ὁμοφυῖαν
2564 2386 2804 2456 ὑϐρίζων
2834 2387 2928 2440 καὶ
2966 2386 3028 2439 τὸ
3060 2387 3302 2455 ἰσότιμον
3339 2386 3519 2439 αὐτῶν
3552 2387 3633 2448 είς
3673 2386 3843 2439 ἀνισό-

2264 2498 2402 2551 τητα
2447 2482 2691 2534 διασπῶν
2715 2522 2729 2543 ,
2763 2480 2841 2544 ὡς
2881 2482 3102 2551 ἄριστος
3142 2481 3239 2533 καὶ
3279 2480 3392 2551 (27)
3433 2480 3541 2532 τῶν
3579 2481 3842 2550 σωμάτων

2265 2576 2359 2629 καὶ
2380 2574 2489 2628 τῶν
2517 2574 2704 2645 ψυχῶν
2734 2574 2917 2645 ἰατρὸς
2949 2573 3010 2627 τὸ
3040 2576 3307 2645 σωτήριον
3333 2574 3840 2644 προκαταϐἀλλεται

2265 2670 2577 2738 φάρμακον.

2342 2760 2454 2834 [51]
2484 2760 2585 2826 κζ’.
2614 2761 2674 2813 Εἰ
2701 2759 2758 2813 δέ
2786 2776 2847 2828 γε
2876 2760 3006 2824 τοὺς
3033 2758 3283 2830 μαθητὰς
3316 2759 3391 2829 μὴ
3417 2761 3687 2829 συνεῖχον,
3726 2758 3842 2829 μηδ’

2266 2855 2559 2908 ἀνεσόϐουν
2592 2853 2729 2923 (28),
2797 2852 2933 2924 μηδὲ
2994 2853 3394 2922 συνετάραττον
3448 2851 3559 2921 (29)
3619 2852 3843 2906 τοιοῦτοι

2266 2947 2517 3018 λογισμοὶ
2556 2947 2826 3017 (κρείττω
2855 2945 2963 3016 γὰρ
2993 2946 3091 3015 τῆς
3116 2943 3373 3013 τοιαύτης
3409 2944 3726 3014 συγχύσεως
3756 2946 3844 2998 καὶ

2266 3040 2515 3111 ταραχῆς
2584 3041 2675 3093 τὸν
2759 3038 2899 3108 ἱερὸν
2961 3040 3168 3091 ἐκεῖνον
3240 3036 3400 3107 χορὸν
3460 3038 3843 3106 εὐλαϐέστερον

2274 3132 2406 3195 ἴσως
2433 3131 2543 3202 (50)
2574 3131 2898 3203 ὁμολογεῖν),
2931 3130 3045 3183 ἀλλ’
3071 3126 3164 3184 οὖν
3208 3131 3237 3183 ὁ
3274 3130 3372 3199 τῆς
3396 3128 3592 3192 κακίας
3622 3130 3843 3199 εὑρετὴς

2193 3242 2234 3297 C
2270 3224 2363 3276 καὶ
2396 3224 2646 3293 τεχνίτης
2683 3224 2744 3276 τὸ
2793 3222 3003 3293 βέλτιον
3050 3224 3116 3293 τῇ
3161 3218 3255 3273 τοῦ
3295 3217 3535 3287 χείρονος
3581 3219 3843 3289 φαντασίᾳ

2275 3316 2611 3386 περιϐαλεῖν,
2656 3314 2886 3378 πολλοὺς
2921 3313 2987 3368 ἂν
3019 3314 3144 3383 ἔσχε
3178 3312 3287 3381 (51)
3325 3313 3425 3382 τῆς
3459 3312 3667 3374 οἰκείας
3696 3311 3847 3379 ποιή-

2274 3408 2467 3462 σασθαι
2522 3407 2747 3479 θήραμα
2813 3405 3059 3477 μηχανῆς
3116 3405 3213 3457 καὶ
3266 3402 3423 3469 δόξαν
3476 3402 3850 3472 αἱρετίζουταν

2272 3507 2638 3574 κατασπεῖραι
2682 3503 2795 3572 (52)
2854 3504 2975 3565 ταῖς
3019 3500 3126 3555 τῶν
3166 3499 3471 3572 ἀνθρώπων
3504 3498 3745 3568 ψυχαῖς⁹
3789 3497 3855 3567 ἣν

2270 3600 2408 3669 αὐτῇ
2459 3597 2730 3667 καταϐολῇ
2764 3596 2859 3650 κα)⁸
2893 3594 3044 3665 αὐτῷ
3092 3593 3313 3666 τεχνίτῃ
3360 3588 3746 3661 καταισχύνων
3795 3604 3852 3640 τε

2272 3693 2363 3744 καὶ
2388 3689 2748 3753 διασκεδάζων
2778 3690 2806 3742 ὁ
2836 3687 3025 3759 Σωτὴρ
3056 3686 3222 3751 ὀξέως
3263 3685 3358 3738 καὶ
3386 3682 3711 3753 θεοπρεπῶς
3738 3682 3855 3732 ἔπιε

2271 3785 2426 3853 φέρει
2481 3783 2654 3852 λέγων
2680 3823 2695 3843 ,
2744 3782 2818 3847 ὡς
2855 3784 2936 3837 Οὐ
2979 3782 3240 3848 λαλήσει
3278 3780 3378 3849 ἀφ’
3422 3777 3666 3842 ἑαυτοῦ,
3715 3768 3855 3830 ἀλλ’

2271 3877 2387 3931 ὅσα
2432 3876 2508 3931 ἂν
2551 3877 2810 3945 ἀκούσῃ,
2845 3876 3105 3944 λαλήσει
3128 3891 3143 3906 ’
3179 3873 3275 3927 καὶ
3309 3872 3419 3943 γὰρ
3447 3873 3540 3924 καὶ
3575 3869 3686 3940 (55)
3727 3867 3857 3937 περὶ

2271 3971 2437 4025 αὑτοῦ
2471 3966 2540 4041 ἦν
2584 3968 2959 4041 προειρηκὼς,
2992 3970 3075 4021 ὃτι
3118 3967 3322 4021 Πάντα
3362 3964 3399 4019 ἀ
3430 3964 3671 4032 ἥκουσα
3699 3958 3859 4027 παρὰ

2271 4063 2377 4118 τοῦ
2414 4062 2643 4132 Πατρός
2679 4080 2820 4131 μου,
2872 4059 3166 4130 ἐγνώρισα
3206 4058 3380 4129 ὑμῖν,
3437 4052 3582 4111 οἷονο
3630 4054 3858 4124 Ἀμφοῖν

604 4156 816 4202 mentes
852 4157 1075 4204 vestras.
1105 4149 1230 4205 Ideo
1259 4160 1314 4206 et
1345 4152 1471 4222 quia
1504 4152 1556 4206 in
1589 4169 1875 4225 progressu
1908 4152 2179 4208 sermonis

2270 4156 2405 4225 ἡμῖν
2436 4157 2499 4207 ὲκ
2533 4153 2626 4206 τοῦ
2656 4152 2870 4219 Πατρός
2921 4154 3038 4205 ἐστι
3070 4151 3130 4204 τὸ
3164 4151 3439 4204 διδάσκειν
3472 4150 3567 4202 καὶ
3600 4146 3862 4216 φωτίζειν

604 4237 744 4293 dixit
765 4239 832 4294 de
851 4239 1010 4297 Patre
1032 4258 1160 4297 suo:
1180 4242 1291 4315 Ego
1325 4253 1373 4298 te
1399 4244 1683 4316 clariﬁcavi
1716 4262 1872 4315 super
1891 4257 2084 4300 terram
2100 4246 2176 4301 ":

2271 4247 2370 4309 τὰς
2399 4245 2639 4309 διανοίας
2670 4244 2847 4315 ήμῶν.
2883 4243 2973 4295 Διὸ
3002 4243 3095 4295 καὶ
3122 4241 3255 4295 διότι
3286 4239 3490 4309 προῖὼν
3518 4239 3691 4308 ἔφησε
3729 4234 3863 4303 περὶ

600 4325 712 4378 imo
742 4334 798 4379 et
825 4326 984 4381 Pater
1019 4327 1210 4382 Filium
1236 4329 1516 4385 clariﬁcat.
1560 4332 1697 4387 Nam
1748 4343 1797 4388 et
1852 4334 2168 4405 clari/icavi,

2273 4336 2367 4390 τοῦ
2399 4336 2641 4407 Πατρδς,
2673 4336 2756 4389 ὅτι
2806 4334 2952 4404 Ἐγὼ
3000 4350 3074 4387 σε
3126 4332 3393 4397 ἐδόξασα
3420 4331 3519 4383 ἐπὶ
3556 4328 3666 4397 τῆς
3713 4325 3860 4396 γῆς’

598 4417 794 4485 inquit,
814 4428 861 4471 et
882 4420 1071 4473 iterum
1088 4422 1389 4490 clariﬁcabo
1418 4424 1498 4487 '3;
1533 4441 1679 4480 nunc
1692 4442 1822 4481 vero
1839 4437 1893 4481 et
1910 4428 2169 4497 Spiritum

2275 4432 2413 4487 ἀλλὰ
2446 4434 2540 4485 καὶ
2579 4432 2607 4483 ὁ
2638 4430 2824 4501 Πατὴρ
2861 4430 3073 4496 δοξάζει
3118 4429 3210 4482 τὸν
3257 4429 3384 4481 Υἰόν
3410 4444 3424 4458 ·
3462 4426 3561 4479 καὶ
3588 4424 3865 4488 ἐδόξασα

600 4509 863 4563 clnrilicat
896 4509 1065 4566 Filius
1101 4528 1197 4582 per
1234 4514 1519 4583 przedictas
1566 4516 1827 4571 sublimes
1851 4516 2172 4589 divinasque

2277 4524 2384 4593 γὰρ
2405 4563 2419 4585 ,
2459 4521 2562 4594 ἔφη
2585 4562 2600 4585 ,
2632 4520 2730 4575 καὶ
2762 4520 3002 4583 δοξάσω
3022 4538 3035 4550 ·
3065 4521 3180 4573 νυνὶ
3214 4519 3269 4571 δὲ
3299 4518 3395 4571 καὶ
3426 4517 3487 4570 τὸ
3522 4514 3753 4583 Πνεῦμα
3780 4513 3868 4566 δο-

595 4620 760 4659 voces
794 4624 806 4660 :
843 4606 966 4660 ideo
994 4608 1154 4677 paulo
1189 4619 1311 4678 post
1339 4610 1558 4665 subdit:
1591 4611 1689 4665 Ille
1720 4629 1800 4665 me
1832 4612 2167 4681 clori/icabit,

2278 4613 2429 4678 ξάζει
2458 4613 2486 4664 ὁ
2524 4613 2653 4677 Υἱὸς
2689 4612 2777 4665 διὰ
2813 4612 2921 4665 τῶν
2952 4611 3366 4685 προειρημένων
3396 4607 3618 4678 ὑψηλῶν
3656 4622 3726 4658 τε
3770 4604 3867 4657 καὶ

597 4697 802 4767 ubique
825 4702 1444 4757 consubstantialitatem
1485 4712 1797 4774 natumque
1827 4705 2167 4761 identitatem

2274 4704 2597 4776 θεοπρεπῶν
2628 4703 2853 4773 φωνῶν·
2893 4704 2979 4756 διὰ
3006 4701 3166 4755 τοῦτο
3194 4700 3311 4770 μετ’
3333 4699 3514 4764 ὀλίγον
3556 4697 3823 4765 ἐπιφέρει
3846 4733 3863 4757 ,

596 4803 659 4842 ac
687 4789 966 4859 dignitatis
1005 4794 1369 4862 aqualitatem
1412 4794 1671 4849 inviolata
1706 4811 1954 4851 servans.
1997 4798 2075 4851 Ac
2120 4799 2166 4853 si

2271 4800 2352 4853 ὅτι
2410 4798 2666 4863 Ἐκεῖνος
2704 4796 2808 4865 ἐμὲ
2841 4793 3110 4859 δοξάσει,
3150 4791 3427 4861 πανταχοῦ
3456 4791 3519 4843 τὸ
3566 4788 3867 4859 ὁμοοῦσιον

596 4880 718 4950 quis
750 4882 922 4937 dicat:
954 4882 1260 4940 Commune
1294 4895 1378 4941 est
1426 4888 1940 4957 supersubstantiali
1971 4904 2037 4944 ac
2067 4905 2162 4945 su-

2272 4892 2365 4946 καὶ
2410 4891 2650 4961 ὁμοφυὲς
2688 4890 2782 4942 καὶ
2832 4888 2894 4941 τὸ
2926 4886 3027 4956 τῆς
3063 4886 3353 4957 ὁμοτιμίας
3378 4884 3602 4954 ἀξίωμα
3636 4880 3869 4952 ἀκήρα-

668 5020 715 5051 ⁸³
745 5019 905 5076 Joan.
938 5038 1027 5088 xv,
1062 5024 1149 5079 l5.
1226 5026 1270 5056 ³⁴
1302 5022 1434 5078 ibid.
1511 5022 1556 5055 ’τ
1584 5022 1744 5077 Joan.
1778 5041 1914 5091 xvn,
1964 5026 2018 5081 4.
2093 5028 2139 5060 ⁵⁸

2265 5044 2356 5083 an.
2387 5043 2484 5093 χιι,
2525 5026 2618 5081 28.

1678 5178 1910 5237 VARIAE
1946 5181 2331 5239 LECTIGNES
2363 5183 2450 5237 ET
2479 5180 2713 5238 NOTAE.

670 5322 780 5395 (l9)
819 5322 937 5395 σοι.
966 5340 1021 5394 p.
1053 5324 1155 5380 281
1184 5338 1199 5379 :
1232 5324 1605 5395 ἀπεκάλυψας.

667 5393 780 5465 (20)
822 5392 980 5465 Μοηζ
1002 5396 1167 5465 ὑμᾶς.

669 5464 787 5537 (21)Δ
822 5462 1133 5537 Hucusq'ue
1160 5466 1503 5537 ratiocinatio
1552 5468 1812 5537 apostolis
1880 5468 2166 5535 attributa,

594 5532 959 5605 quaAPhotius
985 5532 1207 5604 pr0pius
1240 5536 1307 5590 ad
1346 5532 1621 5592 intentum
1652 5554 1810 5593 suum
1835 5540 2067 5594 accedit.

666 5603 781 5673 (22)
817 5603 967 5675 lion.
989 5603 1313 5675 αφηγεῖται.

663 5675 777 5743 (25)
816 5673 962 5729 Mon.
1019 5673 1238 5747 λογισμ.
1287 5677 1343 5731 δὲ
1394 5678 1703 5750 ἀνθρώποις
1746 5679 1938 5752 (ἀνοις)
1979 5682 2047 5753 ἢν
2069 5679 2170 5733 οὐκ

593 5743 753 5810 εὐαγ.
1095 5743 1099 5744 ⁷
1179 5743 1191 5747 ’

594 5813 881 5940 “(fil—25)
920 5814 1236 5872 €01.86.on
1291 5818 1399 5889 γὰρ
1452 5820 1500 5874 εξ

2340 5325 2451 5397 (26)
2488 5326 2639 5397 Mon.
2672 5322 3073 5397 συνθολῲσασα.

2342 5394 2454 5464 (9.7)
2490 5394 2582 5449 καί
2611 5396 2765 5449 deest
2795 5396 2849 5448 in
2876 5394 3019 5447 Mon.

2338 5457 2451 5537 (28)
2480 5466 2569 5522 Sic
2597 5464 2807 5519 Monac.
2870 5465 2909 5517 ι.
2948 5464 3051 5519 455
3098 5462 3168 5528 b;
3208 5460 3333 5515 vat.
3360 5459 3399 5515 ι.
3440 5458 3541 5515 199
3594 5457 3629 5513 b
3673 5476 3691 5513 ε
3738 5460 3874 5531 μηδ’

2266 5538 2332 5593 ἂν
2372 5538 2614 5591 ὲσῦνουν.

2340 5609 2453 5679 (29)
2486 5605 2631 5679 Men.
2669 5604 3146 5679 συνεταράττοντο.

2343 5676 2458 5749 (50)
2494 5677 2615 5749 l\_l_on
2627 5715 2640 5729 .
2681 5676 2812 5737 ίσος.

2355 5742 2467 5818 (51)
2503 5746 2652 5818 dion.
2686 5744 3021 5818 περιϐαλὼν,
3050 5743 3278 5807 πολλοὺς
3308 5742 3456 5814 ἔσχε.

2351 5815 2463 5887 (52)
2501 5815 2644 5871 Μοη.
2675 5815 3084 5887 κατασπείρειν.

1555 5819 1615 5890 ψ.
1644 5822 1693 5880 λ.
1726 5821 1869 5895 λύπῃ
1910 5822 2063 5880 deest
2114 5824 2167 5877 in
2501 5819 2644 5895 μου.
2675 5819 3088 5895 κατασπείρεινἶ

2352 5884 2462 5949 (55)
2494 5887 2735 5942 Alterum
2769 5886 2862 5941 καί
2895 5884 3049 5941 deest
3079 5887 3130 5940 in
3160 5884 3306 5939 Mon.
