4022 6396
139 411 273 476 309

1192 406 1291 467 DE
1332 406 1394 465 S.
1428 394 1783 461 SPIRITUS
1818 393 2317 455 MYSTAGOGIA.

3298 371 3401 435 310

136 537 253 573 τον
284 519 567 589 συντηρῶν
589 536 602 551 ι
633 522 709 585 ὡς
737 520 802 575 ἄν
829 538 909 583 τις
936 518 1081 573 εἴποι
1106 517 1246 587 (54)⁶
1279 511 1467 567 Κοινόι
1496 510 1613 561 ἐστι
1641 506 1737 573 τῆς

1850 504 2264 575 pergloriiicatae
2289 500 2559 563 Trinitati,
2589 499 2813 553 alteram
2847 497 2914 550 ab
2944 496 3111 549 altera
3170 508 3399 563 persona

66 652 77 691 ε
140 614 488 683 ὕπερουσίου
530 616 625 666 καὶ
682 610 1222 684 ὑπερδεδοξασμένης
1256 607 1368 679 (55)
1406 602 1520 676 [52]
1562 598 1731 691 Τριά-

139 704 247 765 δος
268 705 332 757 τὸ
359 706 489 773 παρ’
523 706 769 777 ἀλλήλων
801 706 1024 776 ἀρρήτῳ
1057 703 1199 771 λόγῳ
1243 695 1560 762 δοξάζεσθαι
1593 690 1729 762 ('56)-

140 797 387 861 Δοξάζει
416 797 505 849 τὸν
535 797 754 867 Πατέρα
783 800 810 850 6
838 797 965 859 Υἱὸς
985 837 999 860 ,
1056 795 1190 848 ἀλλά
1220 792 1315 845 καὶ
1343 794 1371 844 6
1418 788 1605 857 Πατὴρ
1643 786 1735 837 τὸν

145 889 318 953 Υἱὸν,
352 888 562 953 δοξάζει
594 890 705 958 (57)
726 888 822 941 κα)⁸
870 889 930 940 τὸ
958 886 1181 956 Πνεῦμα
1206 899 1219 914 ³
1252 883 1344 936 καὶ
1378 882 1486 952 γάρ
1524 878 1732 932 ἐκεῖθεν

147 980 319 1051 αύτῷ
350 981 458 1033 τῶν
508 983 861 1051 χαρισμάτων
916 984 944 1035 6
993 980 1220 1041 πλοῦτος
1272 975 1547 1045 πηγάζει·
1597 970 1732 1024 ἀλλά

148 1072 259 1124 καὶ
288 1073 349 1125 τὸ
382 1072 605 1142 Πνεῦμα
642 1074 733 1126 τὸν
763 1073 1004 1143 Πατέρα,
1042 1073 1122 1125 ὅτι
1166 1067 1401 1137 ἐρευνᾷ,
1447 1065 1643 1137 μᾶλλον
1675 1062 1732 1114 δὲ

147 1160 272 1216 οἶδε
306 1164 377 1217 τὰ
397 1164 559 1231 ,ϐἀοη
588 1163 692 1217 τοῦ
720 1165 866 1218 Θεοῦ
895 1164 1007 1232 (58)
1046 1164 1142 1217 καὶ
1171 1158 1548 1215 ἀποκαλύπτει
1571 1155 1730 1218 αὐτὰ,

149 1252 399 1304 καθόσον
450 1254 559 1322 (59)
593 1253 741 1306 ἐστὶν
780 1254 1097 1324 ἀνθρωπίνῃ
1144 1250 1302 1319 φύσει
1336 1247 1575 1317 ληπτὸν,
1619 1245 1732 1303 τοῖς

150 1344 616 1413 παρασκευακόσι
668 1344 893 1407 ἑαυτοὺς
943 1343 1279 1411 ἐπιτηδείους
1324 1339 1579 1405 δέξασθαι
1634 1336 1732 1407 τὴν

149 1435 228 1487 ὲκ
276 1436 375 1503 τῆς
421 1435 529 1504 (40)
562 1435 892 1502 θεογνωσίας
927 1436 1123 1504 αὐγήν.
1164 1434 1388 1499 Δοξάζει
1416 1433 1497 1495 δὲ,
1542 1430 1732 1499 ὥσπερ

150 1527 413 1596 εἴρηται,
442 1526 535 1579 νῦν
575 1527 603 1578 ὃ
632 1544 693 1578 τε
728 1526 855 1589 Υἱὸς
906 1528 966 1578 τὸ
998 1526 1221 1596 Πνεῦμα
1266 1526 1360 1578 καὶ
1408 1524 1468 1576 τὸ
1510 1521 1735 1589 Πνεῦμα

151 1616 266 1665 τὸν·
291 1616 437 1681 Υἱὸν,
473 1615 565 1668 καὶ
596 1616 742 1669 ἔστιν
782 1616 960 1668 αὐτῶν
991 1615 1179 1684 ὣσπερ
1206 1614 1384 1668 κοινὸν
1486 1611 1733 1681 βασιλεία

1835 595 2091 650 ineffabili
2120 594 2330 649 ratione
2362 590 2674 662 glorificari.
2727 587 3007 644 Glorilieat
3052 585 3267 638 Patrem
3312 580 3402 634 Fi-

1836 687 1962 753 lius,
2004 687 2099 742 sed
2134 696 2189 741 et
2218 684 2381 740 Pater
2412 683 2609 738 Filium
2646 680 2912 754 gloriﬁcat
2941 688 3104 748 atque
3136 675 3401 747 Spiritus;

1835 795 2070 849 namque
2108 780 2234 834 inde
2268 778 2316 833 ei
2366 777 2631 832 donorum
2663 774 2867 829 divitia:
2899 772 3130 827 afﬂuunt
3160 787 3175 836 ;
3211 768 3307 823 sed
3347 777 3405 822 et

1835 872 2073 942 Spiritus
2120 873 2356 935 Patrem,
2403 866 2661 939 quoniam
2710 876 2997 930 scrutatur,
3056 865 3165 918 imo
3218 862 3404 932 potius

1836 965 2011 1026 novit,
2071 965 2331 1033 profunda
2389 963 2483 1015 Dei
2528 963 2596 1024 ⁵⁸,
2642 973 2813 1028 eaque
2854 958 3076 1019 revelat,
3135 960 3407 1024 quatenus

1835 1066 2045 1128 queunt
2076 1057 2142 1110 ab
2175 1057 2407 1109 humana
2450 1064 2643 1107 natura
2677 1052 2907 1122 percipi,
2942 1049 3006 1103 iis
3035 1051 3125 1117 qui
3172 1063 3231 1101 se
3259 1046 3408 1115 ipsos

1837 1149 1903 1203 ad
1936 1149 2111 1202 lucem
2156 1146 2358 1200 divinae
2385 1144 2712 1215 cognitionis
2747 1140 3154 1211 suscipiendam
3181 1138 3408 1192 idoneos

1837 1243 2141 1313 dignosque
2176 1239 2638 1309 comparaverint.
2671 1236 2951 1292 Gloriﬁcat
2974 1250 3126 1297 vero,
3157 1242 3217 1287 ut
3243 1231 3406 1285 modo

1838 1334 2045 1389 dictum
2074 1342 2181 1396 est,
2222 1341 2277 1387 et
2305 1331 2474 1385 Filius
2506 1329 2766 1399 Spiritum
2804 1335 2861 1381 et
2905 1325 3140 1395 Spiritus
3185 1321 3402 1382 Filium,

1836 1436 2029 1495 estque
2070 1425 2229 1495 ipsis,
2264 1421 2722 1493 quemadmodum
2752 1429 3043 1474 commune
3074 1428 3299 1484 regnum
3352 1420 3407 1464 et

1836 1518 2012 1571 virtus
2040 1526 2097 1571 et
2144 1516 2409 1586 potentia,
2466 1514 2537 1567 ita
2589 1522 2648 1567 et
2702 1510 2892 1582 gloria,
2930 1522 3040 1561 non
3110 1520 3173 1559 ea
3227 1502 3403 1557 solum

1836 1623 1958 1676 quae
1998 1622 2026 1658 a
2064 1606 2218 1661 nobis
2244 1605 2500 1668 offertur,
2532 1602 2626 1657 sed
2680 1602 2846 1655 etiam
2881 1610 3041 1667 quam
3065 1593 3167 1664 ipsi
3199 1607 3230 1647 a
3275 1591 3405 1661 ipsis

150 1711 255 1762 καὶ
291 1712 326 1781 ἡ
359 1711 588 1780 δύναμις
613 1712 796 1764 καὶτὸ
832 1711 1054 1782 κράτος,
1093 1709 1236 1764 οὕτω
1266 1710 1360 1763 καὶ
1384 1710 1418 1778 ή
1449 1708 1595 1773 δόξα,
1643 1705 1736 1759 καὶ
1770 1718 1812 1773 Β
1842 1698 2135 1768 recipiunt.

150 1804 217 1855 οὐ
252 1805 415 1873 μόνον
447 1804 556 1873 (41)
589 1806 622 1874 ἠ
653 1804 784 1873 παρ’
828 1804 985 1874 ἡμῶν
1013 1800 1429 1872 ἀναφερομένη,
1475 1799 1614 1853 ἀλλά
1644 1801 1736 1853 καὶ

152 1897 226 1967 ἣν
254 1897 408 1949 αότοὶ
443 1898 687 1965 δέχονται
714 1897 843 1968 παρ’
876 1897 1086 1949 ἑαυτῶν
1112 1896 1246 1966 (42).

229 1994 341 2059 κη’.
383 1989 645 2053 Ἐκεῖνος
677 1989 781 2058 ἐμὲ
810 1988 1056 2053 δοξάσει
1078 2004 1091 2017 ⁸
1120 1987 1421 2052 τουτέστιν,
1454 1985 1576 2040 οὒτε
1603 1984 1738 2038 διότι

152 2078 323 2142 δόξαν
377 2079 557 2149 ἀνῆψα
608 2079 685 2149 τῷ
741 2079 1120 2149 Παρακλήτῳ,
1160 2079 1249 2131 διὰ
1300 2077 1460 2131 τοῦτο
1519 2075 1738 2147 μείζονα

154 2172 326 2224 αὑτὸν
372 2172 740 2241 ἀπεφηνάμην
774 2172 931 2241 ἐμοῦ,
971 2170 1095 2224 οὔτε
1139 2171 1300 2224 πάλιν
1329 2170 1464 2223 διότι
1508 2169 1735 2232 ἐκεῖνος,

155 2267 301 2336 ἔφην
331 2265 461 2336 (45),
500 2266 749 2329 Δοξάσει
785 2264 888 2334 ἐμὲ
907 2303 923 2326 ,
952 2263 1185 2330 ἐμαυτὸν
1213 2263 1422 2315 ἐκείνου
1442 2259 1738 2332 προτίθημι

154 2362 227 2428 τῇ
275 2360 432 2427 τιμῇ.
486 2357 739 2422 Δοξάσει
773 2357 899 2427 ἐμὲ,
935 2356 1214 2409 τουτέστιν
1247 2356 1370 2407 ὅσον
1417 2353 1626 2406 ἐκείνου
1680 2351 1741 2404 τὸ

153 2449 297 2518 ὕψος
346 2453 657 2516 κατανοεῖς,
686 2450 783 2519 τὴν
810 2450 948 2520 ὲμὴν
982 2448 1049 2501 δι’
1072 2446 1236 2500 αὑτοῦ
1258 2445 1415 2509 δόξαν
1451 2443 1626 2496 ἔνεστι
1658 2459 1739 2495 σοι

152 2542 489 2612 ἀναθεωρεῖν
508 2557 521 2569 ·
550 2544 641 2595 καὶ
671 2540 780 2611 γὰρ
803 2541 990 2611 ὥσπερ
1023 2536 1134 2606 ἐγὼ
1160 2538 1195 2593 ἃ.
1223 2538 1432 2609 ἥκουσα
1460 2536 1613 2606 παρά
1645 2534 1739 2588 τοῦ

155 2633 409 2703 Πατρὸς.
435 2633 641 2699 ἐδίδαξα
659 2634 823 2703 ὑμᾶς,
852 2631 996 2685 οὓτω
1026 2632 1275 2692 κάκεῖνος
1295 2628 1522 2700 λήψεται
1550 2630 1612 2680 ἐκ
1645 2625 1739 2680 τοῦ

157 2723 308 2793 ἐμοῦ
338 2726 431 2777 καὶ
445 2728 841 2795 φωταγωγήσει
860 2723 972 2793 (44)
995 2722 1137 2793 ὑμᾶς
1159 2738 1173 2753 ⁸
1191 2721 1386 2791 ἐπίσης
1405 2723 1438 2791 ἡ
1462 2720 1571 2773 τῶν
1596 2737 1743 2791 χαρι·

153 2817 389 2885 σμάτων
408 2815 519 2887 [55]
538 2816 761 2879 ἀένναος
785 2817 898 2887 (45)
923 2816 1079 2887 ἡμῶν
1109 2814 1263 2886 βρύει
1290 2815 1401 2885 (ιθ)
1426 2813 1577 2886 πηγὴ
1603 2812 1738 2883 (47),

152 2908 361 2979 ἐπίσης
414 2911 447 2979 ἡ
488 2911 546 2974 ἐξ
577 2908 749 2962 ἀϊδίου
783 2910 1008 2979 πρόοδος
1061 2912 1125 2963 ἐκ
1178 2907 1274 2961 τοῦ
1323 2906 1535 2977 Πατρὸς
1586 2904 1738 2974 (48),

154 3000 360 3071 ἐπίσης
396 3001 456 3053 τὸ
480 3001 763 3072 ὀμοούσιον
793 3004 887 3054 κα)⁵
916 3002 1158 3071 ὁμοφυές
1182 3018 1196 3032 ·
1235 3000 1414 3054 πάντα
1443 3000 1542 3070 τὴν
1578 3000 1739 3051 ἰσοτι-

160 3056 326 3159 μίαν.
358 3056 737 3162 μυσταγωγεῖ*
801 3056 1155 3163 πανταχόθεν.
1186 3092 1247 3145 τὸ
1304 3056 1510 3163 μεῖζον.
1531 3091 1628 3143 καὶ
1675 3088 1736 3143 τὸ
1765 3056 1807 3114 c'

156 3183 383 3236 ὲλαττον
418 3184 801 3240 ἀπελαύνεται.

232 3276 339 3329 κθ’.
379 3271 514 3330 Εἶτα
543 3276 733 3342 εἰπὼν,
765 3280 847 3332 ὅτι
889 3282 1171 3348 λήψεται,
1225 3276 1491 3349 λαμπρῶς
1530 3276 1738 3343 ἀνακη-

160 3366 390 3436 ρύττει,
429 3369 525 3421 καὶ
574 3370 658 3439 ἐφ’
712 3362 756 3437 ᾧ
803 3370 1031 3441 λήψεται
1058 3387 1073 3401 ο
1110 3370 1230 3423 οὐδὲ
1276 3370 1386 3438 γάρ
1446 3368 1531 3421 ἵνα
1571 3369 1740 3421 ἐκπο-

162 3459 360 3530 ρευθῇ,
409 3462 609 3530 φησιν,
646 3462 757 3516 οὐδ’
809 3463 896 3516 ἴνα
935 3465 1141 3534 ύποστῇ
1187 3462 1447 3532 (πρόσεχε
1476 3462 1596 3522 ταῖς
1644 3460 1742 3511 Δε-

163 3554 478 3614 σποτικαῖς,
508 3552 787 3623 ἄνθρωπε,
812 3554 1050 3625 φωναῖς)
1069 3572 1083 3586 ·
1117 3554 1254 3608 ἀλλά
1276 3553 1367 3607 διὰ
1393 3552 1445 3605 τί
1478 3551 1738 3621 Mtte-mi;

153 3642 252 3695 διὰ
321 3642 410 3706 τίς
449 3644 631 3697 ’Ὥστε
701 3646 811 3716 (49)
872 3647 945 3701 τὰ
1026 3646 1320 3716 ἐρχόμενα
1392 3642 1743 3714 ἀναγγεῖλαι

160 3739 313 3803 ὑμῖν
353 3738 464 3807 (50)
485 3753 501 3767 ⁸
544 3738 771 3809 καὶγὰρ
804 3738 964 3792 τοῦτο
995 3736 1584 3809 προαναφθεγξάμενος
1617 3737 1744 3787 ὲπι-

167 3826 472 3896 σφραγίζει
502 3828 663 3882 πάλιν
693 3828 887 3897 λέγων*
928 3830 1028 3882 Ἐκ
1055 3829 1163 3883 τοῦ
1185 3828 1333 3899 ἐμοῦ
1355 3828 1614 3897 λήψεται
1645 3825 1743 3882 καὶ

157 3919 493 3988 ἀναγγελεῖ
526 3921 688 3990 ὑμῖν.
737 3923 1081 3993 Σαφέστερον
1127 3923 1173 3976 δ’
1226 3922 1659 3985 ἀνακαλύπτων,
1692 3920 1744 3974 τί

160 4010 304 4063 ποτέ
333 4011 481 4065 ἐστιν
530 4013 559 4065 ὃ
605 4013 776 4082 λέγει,
821 4015 921 4070 Ἐκ
968 4016 1080 4085 (51)
1112 4016 1220 4069 τοῦ
1262 4015 1409 4084 ἐμοῦ
1452 4014 1743 4083 λήψεται,

161 4101 453 4172 συντόμως
502 4102 699 4172 ἐπάγει
728 4120 743 4135 ·
773 4104 977 4160 Πάντα
1002 4106 1119 4161 ὅσα
1148 4107 1273 4176 ἔχει
1307 4110 1339 4159 ό
1368 4103 1591 4172 Πατὴρ,
1634 4102 1749 4171 ἐμά

158 4193 361 4258 ἐστιν,
387 4195 528 4249 ὥστε
558 4198 627 4251 τά
656 4197 765 4268 ὲμά
795 4198 1088 4275 λαμόάνων
1123 4200 1218 4252 καὶ
1244 4198 1356 4269 (52)
1389 4198 1454 4250 ἐκ
1482 4194 1575 4249 τοῦ
1609 4193 1743 4265 ἐμοῦ

163 4287 386 4356 Πατρός
408 4287 701 4359 λαμϐάνει.
735 4292 845 4345 Καὶ
895 4292 1017 4345 οὐδὲ
1049 4293 1159 4363 (55)
1209 4292 1372 4362 μέχρι
1408 4289 1601 4345 τούτου
1646 4287 1746 4361 τὴν

234 4401 289 4432 ⁸⁸
318 4400 339 4454 Ι
365 4398 493 4455 Cor.
529 4419 590 4467 η,
623 4404 712 4458 10.
789 4405 836 4437 ⁶⁰
862 4404 1023 4461 Joan.
1054 4422 1166 4472 xvr,
1202 4408 1291 4463 14.

1907 2001 1999 2057 28.
2029 1999 2121 2054 ιιιε
2148 2015 2230 2052 me
2266 1997 2583 2066 clariﬁcabit
2613 1997 2679 2062 °°,
2709 1994 2813 2049 hoc
2841 2002 2954 2048 est:
2981 2006 3086 2047 nec
3122 1990 3248 2060 quia
3294 1989 3411 2060 glo-

1840 2093 1980 2148 riam
2012 2092 2181 2147 tribui
2209 2090 2501 2155 Paraclito,
2544 2089 2669 2142 ideo
2693 2088 2960 2155 majorem
3002 2099 3090 2139 me
3116 2083 3267 2137 illum
3315 2080 3411 2135 de—

1839 2184 2066 2247 claravi;
2090 2196 2267 2251 neque
2301 2196 2492 2234 rursus
2519 2179 2644 2249 quia
2673 2179 2785 2233 dixi
2810 2197 2823 2232 :
2858 2176 2958 2231 Ille
2974 2192 3053 2229 me
3072 2173 3407 2241 clariﬁcabit,

1842 2292 1930 2330 me
1962 2276 2142 2345 ipsum
2173 2273 2223 2327 ei
2274 2273 2485 2327 honore
2516 2269 2781 2325 antefero.
2819 2266 2908 2322 Me
2936 2264 3268 2334 clariﬁcabit,
3306 2262 3412 2316 hoc

1841 2377 1957 2424 est:
1991 2376 2254 2437 quantum
2314 2366 2460 2420 illius
2503 2363 2844 2418 altitudinem
2907 2357 3183 2429 intelligis,
3233 2369 3410 2410 meam

1842 2473 1941 2527 per
1974 2457 2124 2510 illum
2157 2454 2606 2526 glorificationem
2657 2460 2815 2521 potes
2860 2446 3241 2518 contemplari.
3270 2445 3411 2498 Nam

1844 2550 1985 2605 sicut
2013 2564 2115 2618 ego
2140 2564 2261 2617 qua:
2292 2545 2476 2601 audivi
2502 2561 2532 2599 a
2568 2546 2726 2600 Patre
2767 2559 2865 2599 vos
2897 2542 3083 2605 docui,
3115 2541 3188 2595 ita
3237 2548 3293 2594 et
3321 2537 3412 2592 ille

1841 2639 2073 2708 accipiet
2121 2638 2189 2691 de
2236 2651 2360 2691 meo
2408 2649 2463 2691 et
2515 2632 2802 2689 illustrabit
2826 2648 2943 2687 vos.
2976 2629 3278 2700 ASqualiter
3313 2640 3412 2696 pe-

1844 2732 2030 2786 rennis
2059 2738 2366 2784 nostrorum
2389 2728 2657 2783 donorum
2688 2736 2904 2781 emanat
2930 2723 3088 2789 fons;
3127 2721 3412 2792 aequaliter

1842 2821 2169 2890 sempiterna
2189 2836 2220 2875 e
2255 2818 2415 2873 Patre
2437 2816 2734 2888 processio,
2757 2815 3037 2885 aequaliter
3050 2812 3414 2869 consubstan-

1842 2912 2043 2966 tialitas
2070 2921 2127 2965 et
2151 2919 2361 2965 natura:
2390 2909 2648 2965 identitas
2681 2924 2696 2973 ;
2732 2906 2917 2961 omnia
2956 2905 3181 2960 honoris
3204 2890 3265 2959 et
3289 2918 3413 2975 gra-

1842 3003 1947 3059 dus
1984 3004 2351 3073 aequalitatem
2396 3002 2673 3068 indicant;
2708 3000 3072 3069 undequaque
3110 2995 3333 3066 majoris
3358 3002 3414 3049 et

1841 3097 2073 3158 minoris
2097 3098 2237 3152 ratio
2268 3095 2603 3152 eliminatur.

1908 3279 2000 3333 29.
2030 3277 2257 3343 Deinde,
2308 3292 2433 3332 cum
2479 3275 2727 3338 dixisset,
2783 3271 2931 3343 quod
2985 3269 3228 3339 accipiet,
3270 3265 3414 3321 clare

1840 3372 2005 3426 etiam
2037 3370 2298 3439 prtedieat
2352 3382 2572 3422 causam
2608 3380 2706 3419 cur
2740 3363 3012 3434 accipiet;
3047 3374 3223 3429 neque
3266 3356 3412 3412 enim

1840 3472 1899 3516 ut
1936 3461 2225 3529 procedeat
2247 3458 2341 3523 ait,
2366 3473 2542 3527 neque
2576 3466 2636 3510 ut
2666 3455 2921 3510 subsistat
2937 3452 3413 3524 (attende,qu:eso.

1846 3553 2141 3608 Dominicis
2156 3552 2399 3619 vocibus)
2426 3568 2439 3604 :
2467 3550 2560 3605 sed
2592 3565 2691 3605 cur
2723 3546 2974 3616 accipiet,
3020 3544 3163 3599 cur?
3200 3544 3261 3599 Ut
3299 3556 3415 3612 qua:

1840 3655 2062 3699 ventura
2112 3652 2235 3697 sunt
2288 3640 2765 3696 annuntiet'vobis.
2812 3638 2869 3692 ld
2918 3638 3064 3691 enim
3099 3649 3223 3687 cum
3262 3633 3416 3703 prius

1843 3736 2167 3792 asseruisset
2195 3735 2444 3805 obsignat
2476 3749 2667 3789 rursus
2695 3731 2948 3801 inquiens
2972 3748 2985 3784 :
3010 3728 3088 3782 De
3117 3743 3229 3782 meo
3274 3726 3415 3779 acci-

1844 3832 1972 3901 piet,
2002 3842 2050 3887 et
2081 3830 2416 3885 annuntiabit
2462 3828 2625 3882 vobis.
2692 3825 2905 3880 Clarius
2959 3838 3087 3877 vero
3137 3819 3414 3890 explicans

1844 3926 1972 3998 quid
2001 3926 2103 3982 sibi
2125 3925 2256 3981 velit
2281 3924 2368 3978 bis
2387 3921 2602 3977 verbis:
2628 3920 2703 3973 De
2731 3934 2843 3972 meo
2871 3917 3111 3985 accipiet,
3133 3911 3417 3968 confestim

1846 4020 2036 4075 addit:
2089 4018 2279 4073 Omnia
2336 4030 2657 4087 quwcunque
2716 4010 2866 4063 habet
2896 4007 3078 4067 Pater.
3112 4022 3228 4059 mea
3273 4012 3414 4057 sunt.

1848 4112 2029 4179 Quare
2078 4110 2315 4180 Spiritus
2372 4123 2492 4162 mea
2537 4104 2815 4175 accipiens
2876 4111 2932 4156 et
2984 4099 3052 4154 de
3090 4111 3213 4153 meo
3260 4095 3418 4149 Patre

1848 4206 2069 4276 accipit.
2101 4204 2212 4258 Nec
2245 4218 2376 4257 vero
2399 4218 2465 4256 eo
2499 4214 2670 4270 usque
2698 4207 2911 4252 tantum
2947 4192 3237 4250 sentcntiae
3268 4189 3420 4259 ejus-

1849 4303 1975 4358 dem
2028 4298 2451 4371 explicationem
2498 4294 2727 4366 profert,
2779 4291 2876 4347 sed
2929 4289 3111 4345 adhuc
3172 4282 3422 4340 exactius

1271 4588 1503 4645 VARIIE
1542 4589 1923 4648 LECTIONES
1966 4590 2054 4646 ET
2093 4587 2324 4644 NOTIE.

389 4744 544 4832 Apud
569 4746 781 4832 .Maipm
812 4747 934 4832 loco
961 4764 1085 4831 mox
1116 4748 1335 4832 cita‘ndo
1365 4767 1380 4806 :
1413 4749 1564 4823 εἴπῃ.

241 4818 359 4956 (55)
389 4814 534 4871 Men.
564 4818 959 4899 δεδοξασμένης
987 4821 1105 4875 sine
1130 4820 1290 4891 ὑπέρ.

266 4890 359 4951 5ο)
389 4885 683 4956 νει-δέῃδιά
710 4906 868 4943 τουτο
897 4892 1013 4956 μετ’
1056 4891 1138 4943 ὀλ.
1166 4922 1235 4931 —
1261 4893 1289 4945 δ

266 4890 359 4961 ὅθ)
390 4890 683 4961 γει-[κηδιά
710 4890 868 4961 τοῦτο
897 4892 1013 4961 μετ’
1056 4891 1138 4943 ὀλ.
1166 4890 1583 4955 -δοξάζεσθαι
1618 4907 1743 4947 cum

164 4958 533 5043 inscriptione
561 4976 575 5012 :
607 4959 811 5043 Φωτίου
842 4958 1181 5031 πατριάρχου
1212 4964 1276 5014 ὲκ
1306 4961 1400 5043 τοῦ
1424 4962 1584 5043 λόγου
1618 4962 1749 5043 περὶ

163 5030 275 5097 τῆς
308 5029 405 5109 τοῦ
442 5029 599 5109 ἁγίου
642 5029 965 5109 πνεύματος
1000 5029 1660 5109 μυσταγωγίαςηςίιρηιωο
1691 5029 1748 5086 in

165 5099 413 5152 concilio
475 5099 1076 5169 Constantinopolitano
1123 5099 1285 5155 anno
1314 5102 1452 5156 “56
1494 5103 1550 5156 in
1588 5118 1747 5157 causa

171 5168 455 5248 Soterichi
492 5170 766 5248 celebrato
796 5168 951 5248 inter
995 5173 1101 5248 alia
1144 5174 1374 5248 Patrum
1398 5182 1453 5248 et
1492 5173 1754 5248 ecclesia-

168 5240 442 5314 §_ticoru_m
474 5240 803 5314 scriptorum
831 5242 1161 5296 testimonia.
1182 5242 1308 5314 (Mai
1336 5242 1583 5314 Spicileg.
1604 5242 1752 5297 Rom.

166 5308 246 5370 Χ,
284 5324 340 5376 ρ.
378 5309 468 5373 58,
500 5308 611 5378 59.)

248 5378 368 5448 (57)
400 5379 623 5445 Δοξάζει
658 5380 811 5434 deest
842 5380 895 5433 in
931 5380 1146 5437 Monac.

252 5450 369 5524 (ῥβ)
396 5450 540 5524 Men.
568 5452 660 5524 τὸν
679 5452 905 5524 πατέρα
928 5453 1146 5524 ἐρευνᾷ,
1197 5453 1397 5524 μᾶλλον
1425 5452 1503 5519 δὲ,
1533 5470 1588 5509 κ.
1617 5470 1669 5506 τ.
1699 5451 1755 5507 λ.

244 5517 366 5589 (39)
396 5520 537 5574 Μοη.
566 5522 689 5574 καθ’
718 5517 861 5574 ὅσον.

247 5590 368 5663 (40)
410 5590 614 5663 ᾕρησο.
639 5592 735 5663 τὴν
767 5590 976 5663 ἐκεῖθεν
998 5592 1100 5662 τῆς
1128 5591 1303 5661 θεογν.
1327 5594 1455 5661 αύγ.

247 5662 369 5728 (Al)
405 5660 521 5713 Col.
554 5660 790 5727 δόξαζόύ
828 5662 1023 5729 μόνον;
1057 5660 1206 5721 deest
1232 5660 1349 5716 καί.

251 5730 371 5798 (Ω)
421 5731 718 5785 Καὶὲστιν
744 5729 1189 5801 αὑτῶν-παρ’
1225 5730 1474 5787 ἑαυτῶν.
1527 5732 1652 5789 Haec
1693 5734 1749 5790 in

170 5803 377 5857 eadem
406 5802 610 5871 synodo
649 5801 970 5872 Byzantina,
999 5801 1066 5857 de
1096 5819 1199 5872 qua
1241 5804 1475 5858 diximus
1497 5843 1512 5865 ,
1556 5804 1747 5861 eodem

168 5873 351 5940 modo
369 5871 702 5943 allegantur.’
724 5871 898 5943 (Apud
927 5871 1126 5929 Maium
1158 5875 1193 5930 ι.
1216 5889 1291 5943 c.,
1328 5890 1380 5945 p.
1409 5875 1499 5942 39,
1530 5876 1641 5945 40.)

1774 4754 1820 4812 Ι)
1919 4750 2031 4817 (45)
2055 4748 2268 4803 Monac.
2294 4746 2422 4816 ἔφη.

1943 4814 2034 4888 44)
2069 4818 2215 4873 Non.
2248 4814 2677 4888 pwidyroyﬁeau

1944 4886 2034 4959 45)
2060 4893 2206 4944 ἁενν.
2241 4890 2399 4959 deest
2432 4887 2489 4940 in
2520 4886 2668 4939 Mon.

1953 4957 2043 5027 46)
2074 4959 2219 5013 Mon.
2259 4957 2419 5029 βρύη.

1951 5021 2040 5101 4⁷)
2070 5028 2188 5101 (ἰρι-
2218 5021 2349 5101 χὰρτ
2372 5021 2535 5101 ﬁt“?!
2552 5025 2666 5101 ᾇέῖ·
2698 5021 2859 5101 βρῆεε
2885 5038 2971 5101 πο.
3006 5087 3019 5101 .
3156 5085 3182 5097 -

1934 5087 2048 5170 με’)
2081 5087 2455 5170 Μοῐιίέπίσῆς
2476 5096 2537 5159 ἐξ
2561 5095 2667 5148 sta.
2697 5087 2921 5163 πρόοδος
2949 5087 3066 5159 ἡὲκ
3090 5087 3186 5139 τοῦ
3217 5105 3280 5142 π.

1926 5173 2038 5242 (49)
2072 5170 2217 5242 Men.
2245 5169 2454 5242 ὥσπερ.

1926 5173 2017 5242 (49
2072 5173 2217 5223 Μοη.
2245 5173 2454 5237 ὥσπερ.

1922 5173 2038 5321 ρῑο)
2090 5239 2241 5321 ῌμεο
2294 5236 2623 5321 Ειὴςξίοηιιε
2665 5233 2733 5321 71.-
2758 5246 2940 5321 truc:
2984 5228 3419 5321 φίλῃ-βῆ)

1858 5332 1882 5365 ς
1918 5300 2057 5368 Cum
2089 5300 2318 5365 dixisset
2366 5326 2379 5361 :
2413 5306 2681 5371 Quoniam
2714 5303 2977 5372 accipiet,
3011 5300 3297 5356 manifeste
3324 5300 3423 5372 de-

1854 5383 2045 5443 clarat,
2075 5390 2131 5435 et
2158 5380 2224 5433 ad
2262 5378 2391 5447 quid
2439 5376 2667 5447 accipiat
2690 5371 2846 5447 :_n_ou
2886 5374 3033 5426 enim
3070 5380 3128 5425 ut
3168 5371 3426 5447 procedat

1854 5463 1948 5506 aut
1978 5442 2237 5506 subsistat
2282 5442 2878 5518 '(attengle’Dominicas
2910 5458 3091 5503 voces,
3118 5457 3152 5494 ο
3188 5442 3423 5518 homo);

1854 5524 1950 5578 sed
1977 5538 2144 5593 quare
2171 5510 2443 5588 accipiet?
2474 5514 2542 5570 Ut
2572 5530 2693 5584 qua:
2725 5522 2951 5569 ventura
2983 5520 3112 5567 sunt
3134 5510 3425 5565 annuntict

1851 5595 2025 5648 vobis.
2064 5611 2082 5643 ι

1850 5646 2032 5789 ἐξῶὲ)
2164 5658 2338 5714 Vatic.
2390 5656 2431 5712 f.
2462 5656 2569 5713 200
2593 5671 2646 5720 a,
2679 5656 2846 5711 semel
2896 5669 2993 5724 pro
3019 5653 3085 5707 ὲκ
3116 5650 3271 5723 ponit
3314 5646 3425 5702 διά.

1895 5750 1941 5788 ιο
2023 5748 2056 5786 ο
2083 5772 2095 5785 .

1895 5750 1941 5788 lC
1979 5748 2095 5787 UOI.

1922 5804 2034 5871 (59.)
2068 5800 2175 5854 Καί
2206 5799 2365 5871 deest
2395 5799 2449 5853 in
2479 5798 2691 5856 Monac.
2723 5805 2779 5853 et
2806 5795 2863 5851 in
2893 5791 3014 5850 Col.

1915 5874 2028 5945 (55)
2061 5871 2205 5927 Mon.
2240 5874 2268 5925 6
2304 5870 2484 5943 μέχρι.
