4014 6406
578 408 682 476 311

1713 412 1975 477 ΡΗΟΤΙΙ
2014 413 2522 476 PATRIARCH/E
2559 415 2671 476 CP-

3727 415 3830 485 312

580 528 725 589 illam
763 525 1010 583 revelans
1051 535 1105 582 et
1146 527 1475 584 conﬁrmans
1522 527 1638 583 ait:
1689 526 1977 599 Propterea
2030 528 2141 581 dixi

2252 524 2423 595 αὐτὴν
2482 523 2725 578 διάνοιαν
2781 522 3144 578 ἀναπτύσσων
3173 524 3429 596 προάγει,
3462 524 3578 580 ἀλλ’
3628 528 3709 582 ἔτι
3744 546 3828 583 τε-

581 621 707 691 quia
764 622 829 674 de
860 637 972 675 meo
1023 622 1263 691 accipiet,
1304 619 1562 692 quoniam
1617 620 1673 674 in
1720 619 1880 676 Patre
1928 620 2151 691 quidem

581 721 708 766 sunt
748 728 891 775 mea,
924 712 1157 783 Spiritus
1185 722 1367 768 autem
1421 728 1489 767 ex
1546 710 1704 766 Patre
1755 711 1977 782 accipit;
2029 726 2153 781 qua:

583 805 733 859 enim
763 814 893 860 sunt
938 804 1114 861 Patris
1159 820 1281 859 mea
1311 814 1439 859 sunt
1473 822 1487 870 ;
1540 811 1601 859 ut
1655 804 1729 859 ita
1756 806 2151 875 propemodum

582 894 820 949 clamare
853 896 1135 950 videatur:
1168 894 1399 960 Quando
1453 895 1576 951 dico
1604 897 1667 950 de
1692 912 1825 962 meo,
1871 895 1938 951 ad
1967 911 2148 950 meum

582 986 818 1051 Patrem,
847 1002 957 1041 non
983 1002 1114 1041 vero
1142 987 1209 1041 ad
1232 986 1400 1041 alium
1424 996 1635 1041 vestras
1656 987 2007 1059 cogitationes
2028 1002 2151 1042 ver-

584 1088 700 1133 tere
727 1089 780 1133 et
809 1086 1130 1133 convertere
1154 1078 1388 1133 debetis.
1413 1076 1630 1133 Nullum
1656 1079 1800 1133 enim
1826 1086 2150 1149 praetextum

582 1169 774 1239 reliqui
814 1168 989 1236 vobis,
1032 1186 1194 1239 quem
1251 1186 1360 1225 non
1394 1170 1732 1233 resciderim,
1768 1186 1839 1225 ne
1883 1169 1953 1224 ad
2003 1168 2149 1223 aliud

578 1260 855 1331 quidpiam
900 1261 1378 1333 imaginationibus
1445 1261 1814 1332 abripiamini,
1844 1262 2147 1332 praesertim

577 1367 701 1406 cum
749 1351 862 1421 iam
917 1363 1043 1407 ante
1095 1354 1423 1408 asseruerim
1482 1354 1679 1419 vobis,
1746 1353 1893 1424 quod
1961 1352 2143 1407 omnia

577 1460 897 1513 quwcunque
918 1444 1075 1500 habet
1096 1447 1280 1515 Pater,
1316 1463 1431 1502 mea
1462 1457 1607 1501 sunt.

642 1716 734 1774 50.
752 1716 892 1784 Quid
907 1718 1143 1773 lucidius
1159 1718 1244 1773 his
1262 1717 1565 1787 purissimis
1589 1718 1848 1788 eloquiis?
1866 1718 2005 1784 Quid
2030 1718 2148 1773 cla-

574 1808 693 1864 rius
722 1809 792 1863 ad
823 1809 1223 1864 ostendendum
1259 1810 1420 1864 verba
1461 1808 1547 1864 illa
1573 1810 1652 1865 De
1686 1828 1799 1865 meo
1825 1812 2043 1881 accipiet
2075 1810 2142 1865 ad

574 1899 755 1956 Patris
778 1915 1070 1970 personam
1097 1914 1199 1954 nos
1244 1902 1615 1957 transmittere
1658 1911 1713 1957 et
1754 1904 1819 1957 ad
1852 1918 1970 1958 eam
2021 1919 2141 1959 esse

573 1993 901 2057 revocanda,
956 1999 1119 2063 atque
1178 1993 1438 2061 Spiritum
1498 2009 1527 2047 a
1574 1991 1749 2059 Patre,
1811 2002 2068 2065 tanquam
2112 2012 2141 2049 a

574 2100 737 2140 causa
787 2086 1060 2140 donorum
1122 2085 1495 2156 operationem
1541 2087 1898 2157 accipientem
1946 2088 2144 2158 praedi-

572 2178 735 2233 cari?
777 2178 1075 2243 Donorum,
1118 2179 1360 2248 inquam,
1389 2177 1628 2245 illorum,
1668 2179 1871 2249 quibus
1898 2180 2143 2250 discipu-

572 2267 656 2323 los
676 2268 1072 2332 corroborabit,
1120 2276 1180 2322 ut
1225 2267 1533 2322 futurorum
1585 2268 1956 2339 cognitionem
2010 2284 2147 2323 con-

571 2359 739 2414 stanti
759 2358 1023 2427 ﬁrmoque
1053 2358 1230 2413 ferant
1253 2361 1461 2426 animo,
1496 2374 1789 2429 rerumque
1818 2376 2142 2417 arcanarum

570 2458 734 2520 atque
768 2450 1170 2505 reconditarum
1205 2450 1342 2505 citra
1372 2450 1535 2504 ullam
1564 2450 1939 2506 diﬁicultatem
2003 2468 2139 2509 con-

568 2543 873 2595 stituantur
900 2550 1237 2611 spectatores
1266 2556 1330 2596 ac
1357 2541 1864 2611 speculatores,imo
1884 2554 1939 2600 et
1957 2560 2144 2615 super-

568 2633 900 2688 naturalium
931 2634 1302 2705 prodigiorum
1343 2644 1651 2705 patratores
1676 2645 1731 2691 et
1774 2636 2019 2708 opiﬁces.
2056 2639 2139 2693 An

567 2738 681 2778 non
717 2738 847 2795 ergo
879 2725 1243 2795 undequaque
1268 2726 1367 2781 tibi
1397 2726 1631 2796 quilibet
1656 2727 1826 2797 impie
1864 2728 2137 2783 sentiendi

568 2823 867 2884 praetextus
920 2826 1169 2872 resectus
1257 2818 1385 2872 est?
1444 2818 1707 2873 Adhucne
1756 2819 1984 2875 audebis
2044 2836 2139 2875 ca-

569 2908 805 2964 lumnias
830 2920 993 2979 atque
1022 2910 1305 2964 mendacia
1337 2910 1599 2965 adversus
1650 2912 1938 2967 veritatem
1987 2928 2138 2967 com-

568 2999 786 3055 minisci
812 3009 909 3054 aut
939 3000 1092 3054 dolos
1125 3000 1388 3056 adversus
1412 3002 1642 3056 salutem
1668 3011 1815 3055 tuam
1835 3002 2140 3057 censuere?

640 3090 730 3146 51.
788 3090 898 3163 Ego
948 3106 1081 3146 sane
1133 3107 1205 3147 ne
1234 3092 1492 3163 deinceps
1536 3092 1760 3162 quidem
1823 3093 1903 3147 tui
1948 3109 2136 3148 curam

2253 615 2526 687 λειότερον
2547 615 2717 686 αὐτὴν
2746 615 2859 685 (54)
2890 615 3287 670 ἀνακαλύπτων
3317 619 3413 670 καὶ
3439 619 3829 689 βεϐαιούμενος

2253 709 2419 777 λέγει·
2448 709 2553 764 Διά
2575 710 2753 765 τοῦτο
2776 707 2968 776 εἶπον,
2993 710 3083 773 ὅτι
3110 713 3178 765 ἐκ
3202 712 3310 766 τοῦ
3332 713 3478 782 ἐμοῦ
3496 716 3788 783 λαμϐάνει
3810 733 3824 749 ·

2251 800 2385 854 διότι
2423 803 2482 855 ὲν
2535 801 2613 873 τῷ
2666 803 2841 872 Πατρὶ
2891 802 2990 873 μὲν
3049 802 3162 874 (55)
3220 804 3338 856 ἐστι
3378 805 3447 858 τὰ
3483 808 3591 874 ἐμά
3617 824 3633 837 ·
3672 808 3735 860 τὸ
3773 808 3829 863 δὲ

2253 890 2477 960 Πνεῦμα
2526 895 2590 947 ἐκ
2630 893 2722 947 τοῦ
2756 891 2969 964 Πατρὸς
3008 894 3313 963 λαμϐάνειο
3364 900 3461 950 xui.
3494 898 3603 968 γὰρ
3635 901 3705 951 τὰ
3734 899 3827 953 τοῦ

2253 984 2466 1056 Πατρὸς
2500 984 2609 1054 ἐμά
2634 976 2781 1038 ἐστιν
2807 1000 2820 1014 ·
2848 982 2987 1037 ὥστε
3020 986 3181 1055 μόνον
3209 987 3331 1056 οὐχ).
3357 987 3456 1059 βοᾷ
3485 989 3623 1059 (56)·
3650 990 3829 1044 Ὅταν

2251 1077 2395 1145 λέγω
2442 1076 2549 1131 τοῦ
2598 1076 2745 1146 ἐμοῦ
2791 1076 2929 1147 (57),
2979 1078 3118 1149 πρὸς
3164 1078 3255 1131 τὸν
3290 1078 3422 1150 ὲμδν
3458 1081 3680 1152 Πατέρα
3722 1083 3828 1154 χρὴ

2250 1171 2377 1233 τοὺς
2406 1169 2701 1239 λογισμοὺς
2732 1168 2847 1243 [5η
2893 1168 3049 1238 ὑμῶν
3094 1171 3391 1241 ἀναφέρειν
3439 1172 3536 1225 καὶ
3582 1175 3660 1243 μὴ
3691 1174 3829 1242 πρὸς

2250 1258 2438 1332 ἔτερον
2481 1260 2906 1331 ἐπιστρέφεσθαι
2945 1260 3082 1332 (58).
3111 1261 3245 1314 Οὐδὲ
3273 1263 3381 1333 γάρ
3421 1261 3533 1332 (59)
3566 1263 3828 1333 οὐδεμίαν

2251 1352 2525 1423 πρόφασιν
2559 1353 2688 1422 ὑμῖν
2734 1352 3135 1423 ὑπελειπόμην,
3171 1354 3237 1424 ἣν
3268 1353 3329 1406 οὐ
3358 1353 3652 1424 περιεῖλον,
3689 1354 3829 1421 πρὸς

2250 1443 2438 1514 ἕτερόν
2484 1460 2539 1496 τι
2590 1446 2710 1507 ταῖς
2754 1446 3078 1513 φαντασίαις
3129 1445 3531 1516 ὑποσύρεσθαι,
3586 1446 3826 1514 μάλιστα

2250 1530 2385 1589 διότι
2407 1535 2502 1589 καὶ
2523 1535 2931 1606 προδιειλέχθην
2944 1536 3057 1605 (60)
3081 1537 3110 1589 ὑ
3121 1539 3234 1606 μῖν,
3251 1537 3333 1590 ὅτι
3353 1536 3551 1591 πάντα
3569 1536 3691 1591 ὅσα
3713 1538 3822 1607 (61)

2252 1627 2374 1696 ἔχει
2404 1630 2437 1681 ὀ
2462 1628 2695 1696 Πατὴρ,
2722 1627 2835 1697 ἐμά
2855 1629 3044 1682 ἐστιν.

2320 1718 2390 1772 λ’.
2424 1716 2489 1771 Τί
2511 1719 2618 1772 τῶν
2643 1719 2928 1790 ἀχράντων
2955 1718 3163 1774 τούτων
3180 1718 3379 1787 λογίων
3404 1719 3820 1791 λαμπρότερον;

2249 1811 2302 1863 τί
2331 1810 2387 1864 δὲ
2420 1811 2770 1879 παραστῆσαι
2794 1809 3164 1880 σαφέστερονς
3196 1811 3279 1863 ὅτι
3314 1810 3377 1863 τὸ
3404 1810 3542 1880 (6‘2),
3576 1810 3681 1863 Ἕκ
3718 1809 3824 1863 τοῦ

2244 1901 2391 1971 ἐμοῦ
2417 1902 2678 1970 λήψεται
2710 1900 2845 1972 (65),
2878 1902 3013 1971 πρὸς
3056 1902 3117 1954 τὸ
3151 1901 3426 1971 Πατρικὸν
3456 1901 3825 1971 παραπέμπει

2246 1994 2538 2066 πρόσωπον
2567 1994 2662 2048 καὶ
2682 1992 2758 2057 ὡς
2794 1995 2892 2063 τὴν
2923 1993 3033 2046 τῶν
3063 1994 3417 2064 χαρισμάτων
3439 1992 3729 2063 ἐνέργειαν
3751 1992 3827 2055 ὡς

2244 2085 2421 2139 αἰτίου
2477 2086 2629 2158 παρά
2666 2085 2759 2139 τοῦ
2809 2086 3022 2155 Πατρδς
3077 2086 3432 2156 ἱερολογείται
3480 2085 3543 2137 τὸ
3598 2084 3826 2153 Πνεῦμα

2244 2178 2562 2250 λαμῦἀνειν,
2604 2178 2713 2231 τῶν
2745 2180 3101 2250 χαρισμάτων
3134 2178 3382 2241 ἐκείνων,
3428 2173 3511 2241 οἷς
3547 2178 3825 2247 ὲνισχύσει

2241 2276 2369 2337 τοὺς
2398 2272 2647 2343 μαθητὰς
2670 2272 2781 2325 τῶν
2808 2272 3119 2342 ἐρχομένων
3150 2270 3248 2339 μὲν
3271 2269 3370 2341 τὴν
3397 2269 3698 2337 ἐπίγνωσιν
3730 2268 3825 2320 σῦν

2242 2366 2495 2419 εῦσταθεϊ
2530 2367 2624 2418 καὶ
2661 2364 3053 2435 ἀπεριτρέπτῳ
3102 2361 3156 2434 (6
3172 2362 3216 2429 ι)
3254 2363 3563 2433 φρονήματι
3608 2361 3822 2431 φέρειν,

2242 2456 2604 2512 καθίστασθαι
2630 2456 2687 2509 δὲ
2719 2454 2816 2510 καὶ
2844 2454 2951 2508 τῶν
2979 2454 3226 2507 ἀθεάτων
3259 2453 3531 2523 μηδεμιᾶς
3574 2469 3826 2523 παρακο-

2240 2549 2535 2619 λουθούσης
2562 2548 2882 2619 δυσχερείας
2923 2546 3121 2609 θεατὰς
3173 2547 3272 2599 καὶ
3301 2546 3365 2618 δὴ
3398 2548 3491 2599 καὶ
3538 2546 3650 2598 τῶν
3682 2547 3825 2615 ὑπὲρ

2239 2641 2396 2709 λόγον
2423 2640 2600 2712 ἔργων
2642 2639 2754 2710 (65)
2777 2638 2839 2708 δη
2851 2637 3168 2708 μιουργούς.
3214 2633 3341 2707 Ἆρ’
3370 2638 3431 2689 οὐ
3465 2635 3577 2707 (66)
3610 2652 3826 2689 παντα-

2240 2732 2400 2804 χόθεν
2454 2748 2535 2785 σοι
2580 2732 2730 2784 πᾶσα
2776 2730 3049 2800 πρόφασις
3082 2728 3341 2791 ἀσεϐείας
3384 2729 3821 2798 περικέκοπταις

2240 2817 2366 2896 Ἆρ’
2391 2823 2471 2877 ἐτι
2499 2822 2793 2895 τολμήσεις
2823 2820 3189 2890 συκοφαντίας
3213 2821 3307 2872 καὶ
3329 2820 3501 2889 ψεύδη
3538 2820 3653 2890 (67)
3678 2820 3825 2873 κατά

2238 2915 2341 2985 τῆς
2378 2914 2633 2985 ἀληθείας
2664 2914 2900 2967 ἐπινοεῖν
2939 2913 2973 2985 ἢ
3006 2912 3145 2966 κατὰ
3178 2916 3277 2983 τῆς
3307 2911 3503 2966 ἑαυτοῦ
3537 2913 3824 2984 μηχανορο

2241 3010 2433 3079 ραφεῖν
2465 3005 2741 3077 σωτηρίας
2771 3005 2885 3074 (68)
2916 3020 2931 3069 ;

2310 3096 2425 3171 [55]
2463 3098 2565 3151 λα’.
2609 3096 2761 3170 [κα’.]
2796 3097 3012 3164 Ἔγωγε
3064 3093 3158 3149 οὖν
3187 3095 3299 3165 (69)
3332 3094 3453 3147 οὐδὲ
3500 3093 3598 3148 τοῦ
3630 3093 3824 3147 λοιποῦ

569 3181 846 3254 abiiciam,
868 3192 928 3238 ut
954 3183 998 3237 si
1033 3183 1353 3239 insanabilis
1383 3184 1479 3248 sis,
1510 3199 1733 3255 arguam
1763 3193 1821 3240 et
1847 3185 2134 3254 corripiam

2248 3208 2300 3244 σε
2344 3189 2621 3261 φροντίδος
2662 3188 2769 3254 ἔξω
2810 3187 3020 3256 σταίην,
3052 3188 3101 3240 εί
3140 3187 3240 3258 μὲν
3269 3186 3506 3249 ἀνιάτως
3529 3185 3677 3255 ἔχεις
3712 3184 3824 3254 (70)

570 3284 734 3344 teque
791 3274 943 3329 humi
1000 3275 1270 3345 iacentem
1304 3275 1483 3330 adhuc
1507 3276 1830 3345 percutiam,
1864 3277 1912 3331 si
1952 3285 2135 3331 autem

570 3367 750 3422 sanari
796 3376 974 3437 potes,
1007 3367 1334 3423 medicinam
1392 3368 1485 3421 tibi
1537 3369 1821 3438 propinem
1898 3384 1964 3424 ex
2017 3370 2138 3440 ipso

569 3459 817 3514 veritatis
844 3460 1041 3531 poculo
1073 3469 1128 3515 et
1161 3460 1442 3515 lenitivam
1469 3461 1673 3517 doloris
1702 3471 1757 3517 et
1788 3463 1961 3518 morbi
2005 3479 2143 3532 pur-

568 3553 826 3623 gativam.
869 3551 924 3607 Si
960 3553 1106 3608 enim
1133 3555 1187 3624 (o
1225 3568 1466 3624 quonam
1500 3564 1552 3609 te
1584 3555 1708 3625 quis
1738 3555 1962 3610 nomine
1984 3571 2139 3610 com-

570 3645 792 3716 pellet?)
842 3644 1080 3715 Spiritus
1131 3660 1163 3700 e
1214 3644 1375 3701 Patre
1425 3648 1709 3716 processio
1744 3654 1829 3702 est
1870 3647 2135 3717 perfecta,

569 3739 807 3807 perfecta
861 3749 1044 3793 autem
1092 3738 1348 3808 quoniam
1397 3738 1542 3794 Deus
1586 3739 1863 3810 perlectus
1910 3756 1977 3796 ex
2024 3740 2138 3798 Deo

570 3831 831 3900 perfecto,
850 3831 1111 3900 quidnam
1138 3830 1244 3885 ista
1272 3846 1302 3886 e
1329 3829 1467 3885 Filio
1493 3833 1771 3901 processio
1801 3834 2137 3889 contulerit?

569 3919 624 3975 Si
655 3921 802 3975 enim
829 3922 961 3991 quid
985 3922 1241 3987 contulit,
1267 3922 1399 3977 illud
1421 3939 1635 3994 quoque
1658 3926 1950 3981 ostendere
1980 3941 2136 3996 opor-

574 4011 711 4066 tebit
733 4012 877 4080 quod
903 4013 1173 4077 contulit;
1210 4014 1357 4082 quod
1402 4015 1447 4069 si
1486 4024 1685 4084 praeter
1730 4016 1973 4071 divinam
2006 4018 2133 4089 Spi-

570 4105 704 4160 ritus
739 4105 1055 4175 hypostasin
1089 4105 1166 4160 nil
1192 4106 1339 4162 aliud
1361 4114 1541 4177 potest
1567 4116 1662 4162 aut
1700 4119 1884 4165 mente
1914 4111 2132 4182 concipi

2240 3283 2337 3339 κα).
2381 3282 2624 3352 ἐλέγχειν
2654 3281 2751 3335 καὶ
2782 3281 3041 3351 ἐπιτιμᾷν
3091 3281 3187 3333 καὶ
3237 3278 3389 3332 κάτω
3434 3278 3693 3348 κείμενον
3742 3276 3824 3330 ἔτι

2241 3374 2476 3446 βάλλειν,
2512 3374 2561 3425 εί
2587 3372 2644 3425 δὲ
2679 3373 2793 3441 (71)
2832 3372 2968 3442 πρὸς
3011 3370 3308 3441 θεραπείαν
3337 3370 3494 3441 ὁρᾷς,
3522 3368 3825 3440 φάρμακόν

2241 3483 2323 3520 σοι
2356 3465 2654 3534 προσάγειν
2698 3465 2763 3517 ὲκ
2789 3462 2884 3516 τοῦ
2913 3460 3076 3515 αὐτοῦ
3123 3461 3400 3531 κρατῆρος
3427 3459 3529 3529 τῆς
3558 3458 3825 3529 ἀληθείας

2240 3556 2577 3611 ἀκεσώδυνόν
2614 3572 2673 3607 τε
2708 3554 2803 3606 καὶ
2831 3551 3203 3623 καθαρτήριον
3250 3553 3349 3619 τῆς
3397 3550 3577 3602 νόσου.
3610 3547 3678 3601 Εἰ
3711 3550 3824 3618 γὰρ

2248 3643 2313 3715 (ὦ
2343 3647 2396 3701 τί
2430 3646 2495 3701 ἀν
2533 3645 2592 3700 σέ
2605 3646 2717 3718 (72)
2751 3662 2832 3708 τις
2862 3644 2974 3711 (75)
3004 3640 3355 3713 προσείποιζς)
3386 3639 3483 3693 τοῦ
3501 3640 3824 3709 Πνεῦματος

2245 3742 2277 3812 ἡ
2306 3740 2629 3810 ὲκπόρευσις
2654 3740 2687 3809 ἡ
2712 3740 2776 3790 ἐκ
2801 3736 2895 3789 τοῦ
2927 3734 3140 3805 Πατρδς
3168 3733 3368 3795 τελεία,
3413 3732 3598 3784 τελεία
3628 3731 3742 3800 (74)
3765 3729 3824 3782 δὲ

2241 3832 2323 3886 ὅτι
2365 3830 2497 3893 Θεὸς
2528 3830 2735 3891 τέλειος
2771 3829 2835 3881 ὲκ
2875 3827 3010 3881 Θεοῦ
3052 3825 3281 3887 τελείου,
3321 3824 3375 3877 τί
3422 3823 3541 3876 ποτ’
3594 3822 3663 3876 ἂν
3693 3823 3727 3890 ἠ
3757 3820 3823 3872 ἐκ

2239 3923 2333 3977 τοῦ
2382 3922 2513 3975 Υἰοῦ
2545 3918 3089 3991 συνεισενέγκῃ(75);
3141 3918 3191 3970 εί
3237 3917 3335 3988 μὲν
3364 3914 3473 3987 γάρ
3519 3932 3572 3967 τι
3608 3929 3822 3966 συνεισο

2240 4020 2491 4089 ήνεγκεν,
2524 4019 2696 4070 εἰπεῖν
2725 4016 2903 4087 δεήσει
2935 4014 3045 4085 (76)
3084 4013 3183 4067 καὶ
3217 4013 3245 4066 ὃ
3288 4013 3637 4082 συνήνεγκεν
3670 4011 3721 4062 εἰ
3758 4007 3821 4063 δὲ

2239 4110 2394 4181 παρά
2436 4109 2537 4178 τὴν
2583 4106 2771 4179 θεῖκὴν
2810 4106 2905 4160 τοῦ
2949 4105 3266 4177 Πνεύματος
3310 4104 3615 4159 ὑπόστασιν
3666 4102 3823 4156 οῦδὲν

1658 4297 1892 4354 VARUE
1929 4298 2316 4356 LECTIONES
2347 4298 2436 4354 ET
2461 4297 2697 4355 NOTE.

636 4450 752 4520 (54)
791 4449 939 4507 Mon.
973 4468 1023 4507 τ.
1056 4453 1214 4507 αὐτά.

635 4524 748 4594 (55)
770 4523 887 4594 Μέν
908 4523 1061 4577 deest
1090 4523 1145 4576 in
1172 4521 1319 4578 Mon.
1353 4523 1469 4580 Col.
1500 4538 1625 4594 μου.

633 4588 748 4661 (56)
782 4588 926 4649 Mon.
961 4596 1241 4715 μονονουχὶ
1271 4594 1421 4665 βοᾷς.

639 4665 752 4715 (57)
789 4665 936 4715 Μοιι.
1000 4663 1113 4715 έγει
1143 4665 1298 4715 τοῦτο
1329 4665 1421 4715 τοῦ

639 4665 752 4736 (57‘)
789 4665 936 4736 Moti.
966 4665 1113 4732 λέγει
1143 4665 1233 4719 τοῦ

563 4737 627 4790 ὲκ
651 4734 744 4790 τοῦ
781 4735 939 4804 ἐμοῦ.

634 4807 745 4878 (58)
782 4800 945 4878 Hugo
971 4800 1317 4878 _Ether_ianus
1360 4807 1411 4878 ὶ.Δ
1450 4821 1499 4878 c.
1540 4823 1560 4878 _:
1616 4805 1904 4878 «Planius
1947 4815 2132 4862 autem

564 4874 835 4943 reserans,
859 4874 985 4947 quid
1019 4874 1247 4947 sit‘illud
1274 4876 1417 4945 quod
1443 4876 1579 4930 dixit
1603 4894 1616 4931 :
1648 4876 1722 4947 De
1746 4894 1858 4931 meo
1889 4879 2130 4947 accipiet,

563 4949 822 5002 continuo
859 4944 1140 5015 subiungit
1170 4964 1182 4999 :
1216 4944 1405 5001 omnia
1444 4961 1559 5016 qute
1596 4946 1749 5000 habet
1791 4947 1974 5011 Pater,
2005 4944 2131 5003 'mea

562 5027 704 5071 sunt.
753 5017 935 5083 Quare
979 5030 1098 5087 mea
1149 5017 1424 5087 accipiens
1456 5019 1522 5071 de
1560 5032 1682 5071 meo
1712 5017 1869 5072 Patre
1911 5018 2128 5087 accipit,

561 5095 619 5140 et
661 5088 783 5142 ideo
822 5086 959 5157 dixit
987 5103 1003 5157 _:
1035 5084 1171 5149 Quia
1212 5084 1409 5142 de'meo
1432 5088 1671 5155 accipiet,
1716 5090 1843 5157 quia
1877 5089 1932 5141 in
1972 5084 2167 5143 Patre,

560 5167 681 5210 sunt
725 5173 869 5228 mea.
906 5155 1141 5225 Spiritus
1195 5166 1376 5212 autem
1417 5160 1483 5213 de
1521 5157 1681 5211 Patre
1727 5155 1961 5228 accipit;
2006 5175 2130 5213 nam

558 5242 683 5295 quae
731 5227 907 5282 Patris
929 5267 932 5270 .
956 5235 1105 5292 sunt,
1154 5243 1271 5283 mea
1298 5236 1448 5283 sunt.
1478 5228 1659 5294 Quare
1692 5242 1818 5281 cum
1846 5230 1978 5284 dicit
2011 5249 2023 5284 :
2069 5231 2133 5283 de

562 5312 695 5363 meo,
736 5297 805 5371 ad
836 5297 1052 5371 Patrem
1104 5308 1318 5367 Oportet
1372 5300 1736 5355 intentionem
1786 5299 2040 5371 dirigere,
2077 5308 2134 5355 et

560 5380 671 5422 non
702 5369 770 5422 ad
800 5369 967 5423 alium
1003 5367 1291 5424 divertere.
1330 5390 1349 5421 ι

633 5439 745 5512 es)
774 5438 920 5512 non.
948 5438 1063 5512 ἀλλ’
1089 5441 1212 5512 ριιδὲ
1237 5442 1369 5512 γάρο

631 5509 751 5586 (69)·
797 5510 895 5586 §ie
923 5580 953 5586 _
987 5509 1191 5586 Yatic._
1213 5509 1326 5586 (τις
1362 5510 1826 5586 Δττροδιελέχθσιιν).
1912 5511 2124 5569 Monac.

1060 5579 1477 5655 προδιη).έχθην.

630 5650 745 5719 (6|)
778 5650 924 5706 Μὀιι.
957 5650 1014 5705 ἀ.

627 5722 740 5782 (62)
772 5722 889 5777 Col.
925 5723 1104 5777 omitt.
1135 5723 1216 5775 τό.

629 5791 744 5861 (65)
780 5793 898 5847 Col.
928 5794 1108 5847 omitt.
1145 5792 1303 5861 πρός.

632 5865 746 5933 (64)
782 5862 987 5919 Monac.
1024 5863 1302 5934 ἀτρέπτῳ.

2313 4454 2425 4524 (65)
2480 4453 2562 4508 Τὰ
2607 4452 2960 4525 ὑπὲρνλόγον
3007 4454 3145 4524 ἔργα
3206 4463 3335 4525 sunt
3388 4454 3672 4510 miracula.
3727 4456 3819 4511 Cf.

2241 4524 2435 4596 Chrys.
2474 4524 2623 4596 hom.
2655 4524 2727 4580 59
2761 4524 2815 4578 in
2851 4524 2988 4581 Gen.
3036 4526 3175 4596 n.rl.
3205 4524 3479 4596 Theudor.
3511 4525 3726 4581 Heracl.
3757 4528 3822 4581 in

1396 4614 1421 4676 ξ
1594 4662 1630 4678 Α
1670 4664 1685 4678 _
1840 4665 1939 4678 π-
1987 4667 2004 4678 .
2031 4667 2044 4678 ι
2162 4615 2207 4671 ι)
2238 4595 2394 4678 anu.
2425 4610 2503 4657 XI,
2533 4595 2622 4661 40,
2652 4596 2801 4678 apud
2830 4596 3055 4678 (λοι-αρτ.
3102 4595 3156 4649 in
3189 4595 3417 4678 catella:
3462 4625 3532 4636 ——
3562 4597 3649 4678 13
3676 4596 3808 4668 ὑπὲξ

1000 4663 1113 4732 έγει
1143 4662 1298 4719 τοῦτο
1329 4662 1423 4718 τοῦ
1452 4682 1550 4737 πρ.
1590 4662 1708 4720 Col.
1746 4681 1802 4736 p.
1834 4665 1961 4733 285,
1987 4667 2131 4736 λέγω

2248 4666 2667 4754 pugg‘ealvocat
2690 4662 2801 4754 iam
2828 4664 3090 4754 Qrigenes
3116 4676 3307 4721 contra
3328 4666 3470 4721 Cels.
3494 4684 3550 4730 v,
3579 4666 3667 4722 25.

2306 4737 2419 4807 (66)
2449 4734 2663 4807 Monac.
2694 4734 2785 4806 ἆρ’
2820 4734 2962 4806 οὐχί.

2308 4805 2419 4874 (67)
2449 4805 2566 4860 Col.
2603 4805 2830 4870 Ψεῦδος.

2308 4878 2419 4947 (68)
2455 4875 2607 4947 liaud
2637 4877 2884 4933 dissimili
2909 4877 3072 4931 modo
3100 4877 3168 4933 de
3200 4884 3350 4932 textu
3369 4877 3530 4932 Joan.
3571 4895 3691 4943 xw,
3732 4880 3826 4941 14,

2235 4946 2809 5019 disputantiﬁeorgius
2856 4947 3231 5019 Qorcyrensis.
3262 4948 3520 5004 Nicotaus
3560 4948 3830 5019 Hydrun-

2235 5018 2384 5072 tinus
2416 5026 2471 5071 et
2495 5017 2817 5074 Theodorus
2846 5017 3060 5088 Smyrn.
3094 5019 3237 5088 apud
3260 5018 3516 5074 Allatium
3544 5017 3620 5073 in'
3639 5018 3831 5074 Vindi-

2234 5088 2879 5160 ιεὶἱεᾴειιηοᾴὶγΕρΙιειςὶηιιεἈ
2893 5104 3015 5158 cap.
3046 5089 3135 5155 5|,
3169 5106 3224 5160 p.
3255 5088 3382 5145 295.

2306 5156 2418 5229 (69)
2455 5158 2569 5229 got.
2612 5156 2722 5227 ἐγὼ
2752 5160 2796 5213 δ’
2822 5156 2935 5213 οὖν.

2233 5299 2258 5353 ἐ
2305 5227 2417 5303 (70)
2456 5227 2669 5283 Monac.
2719 5230 3002 5302 φροντίδος
3038 5228 3145 5294 ἔξω
3175 5230 3328 5302 θείην
3364 5230 3443 5296 ὡς
3470 5229 3548 5303 μὴ
3577 5230 3833 5297 ἀνιάτως

2263 5319 2443 5353 νοντα.

2297 5319 2443 5354 οντα.

2263 5320 2663 5441 χῖγῖἶῗλίοηιιο.
2701 5373 2788 5425 hic
2818 5369 2933 5440 ﬁgit
2961 5385 3083 5439 cap.
3118 5370 3206 5425 16.
3242 5370 3343 5427 Hic
3370 5373 3445 5426 uti
3490 5387 3636 5440 sepe
3668 5373 3834 5429 Pho-

2234 5443 2343 5497 tius
2387 5440 2759 5499 adversarium
2804 5440 2979 5512 veluti
3026 5442 3179 5512 gravi
3229 5444 3423 5498 morbo
3468 5442 3834 5503 laborantem

2232 5512 2478 5569 exhibet.
2510 5513 2592 5567 Cf.
2629 5530 2680 5569 ε.
2710 5513 2764 5565 2.
2798 5511 2888 5566 60.
2920 5510 3009 5566 94.

2304 5581 2417 5651 (79.)
2457 5582 2575 5637 C01.
2608 5584 2690 5637 ὅτι
2714 5583 2780 5636 ἄν
2812 5597 2895 5633 σε.

2303 5648 2413 5729 (75)
2446 5653 2541 5729 §ic
2571 5653 2625 5729 in
2660 5654 2778 5729 vat.
2807 5659 2859 5706 et
2894 5648 3100 5729 Palatt;
3134 5651 3353 5729 Monan
3376 5673 3461 5721 τις
3487 5656 3641 5729 εεπῃ.

2303 5720 2417 5791 (74)
2446 5722 2640 5777 Τελεία
2668 5726 2839 5779 altera
2879 5721 3001 5775 vice
3032 5720 3194 5779 deest
3220 5724 3277 5779 in
3304 5724 3451 5781 Lion.

2448 5793 2565 5847 Col.
2591 5792 3074 5859 συνειστενούγκοι.

2328 5863 2413 5922 7b)
2449 5862 2563 5919 Col.
2598 5863 2787 5922 δεήση.

2313 5862 2413 5935 ζ76)
2449 5862 2563 5919 Col.
2598 5863 2787 5939 δεήσῃ.
