4022 6438
119 450 261 518 317
1184 452 1281 513 DE
1296 396 1307 415 .
1320 452 1383 513 S.
1418 451 1777 513 SPIRITUS
1812 449 2314 517 MYSTAGOGIA.
3310 453 3418 519 318

122 567 248 619 τὸν
297 563 427 619 Υίὸν
472 562 745 636 προϐολέα
798 562 893 618 τοῦ
939 562 1254 635 Πνεῦματος
1298 563 1740 634 δογματίζουσιν,

1856 563 2047 618 Filium
2093 564 2482 635 productorem
2541 562 2778 634 Spiritus
2839 564 3164 635 praedicari,
3217 570 3314 627 sed
3370 568 3429 627 εἴ

124 655 298 709 ἀλλὰ
340 654 436 709 καὶ
476 654 573 709 τὸν
616 654 835 726 Πατέρα
864 654 963 726 τῆς
1007 653 1280 726 προϐολῆς
1327 653 1743 708 ἀπελαύνουσινο

1856 655 2067 711 Patrem
2138 657 2207 711 ab
2255 671 2318 711 ea
2370 656 2732 726 productione
2778 659 3029 725 excludi;
3080 669 3243 730 atque
3293 661 3433 717 adeo

127 739 236 809 οἷς
284 744 584 799 ἀκόλουθον
620 744 792 815 δήπου
837 746 931 799 κα)⁸
962 745 1061 815 τὴν
1090 745 1343 816 γέννησιν
1392 747 1458 817 τῇ
1504 745 1744 817 προϐολῇ

131 837 628 907 συμμετατιθέναι
677 839 773 891 καὶ
820 839 1290 909 συμμεταφέρειν,
1348 838 1441 891 καὶ
1472 838 1609 909 μηδὲ
1656 839 1747 893 τὸν

168 929 286 982 Γῖδν
313 933 379 984 ἐκ
409 929 504 983 τοῦ
537 930 774 1001 Πατρός,
800 931 862 983 ὲκ
886 930 942 983 δὲ
970 930 1065 984 τοῦ
1093 929 1223 984 Υἰοῦ
1250 930 1628 1001 τερατολογεῖν
1654 931 1747 985 τὸν

134 1020 383 1091 Πατέρα
414 1021 513 1093 τὴν
552 1022 805 1090 γέννησιν
833 1021 1001 1091 ἔχειν,
1028 1022 1115 1075 ἵνα
1146 1021 1220 1093 μὴ
1276 1023 1436 1092 μόνον
1462 1025 1588 1086 τοὺς
1620 1024 1749 1094 ἠσε-

137 1110 400 1179 δηκότας
427 1110 487 1176 ἐξ
521 1112 717 1175 αἰῶνος
742 1111 1022 1183 κρύψωσιν
1046 1112 1183 1182 (15),
1216 1109 1355 1166 άλλὰ
1382 1112 1476 1166 καὶ
1501 1110 1613 1165 τῶν
1647 1128 1757 1197 μεοη

142 1203 413 1274 μηνότων
437 1202 767 1272 ἐλέγχωνται
800 1201 1161 1273 μανικώτεροι
1187 1203 1321 1273 (14).

227 1292 337 1366 λη’.
412 1293 563 1367 [ﬁt]
602 1294 724 1346 Ἔτι
767 1294 826 1347 δὲ
856 1296 905 1347 εἰ
944 1295 1010 1346 ὲκ
1050 1293 1143 1347 τοῦ
1181 1294 1393 1366 Πατρδς
1429 1297 1458 1348 ὁ
1488 1294 1624 1359 Υἱὸς
1654 1310 1750 1363 γε·

142 1388 443 1456 γέννηται,
471 1388 533 1440 τὸ
560 1388 620 1440 δὲ
648 1387 873 1459 Πνεῦμα
901 1390 965 1441 ὲκ
995 1389 1089 1441 τοῦ
1125 1389 1339 1460 Πατρός
1363 1389 1459 1443 καὶ
1492 1388 1587 1442 τοῦ
1615 1388 1745 1442 Υίοῦ

145 1480 543 1549 ἐκπορεύεται,
559 1481 686 1548 τίςή
706 1480 1026 1550 καινοτομία
1047 1479 1142 1533 τοῦ
1162 1480 1300 1534 Πνεύ
1308 1498 1500 1550 ματος,
1528 1482 1604 1552 μὴ
1631 1480 1744 1551 (15)

147 1572 255 1625 καὶ
268 1571 460 1641 ἕτερόν
484 1589 537 1625 τι
556 1570 673 1643 [40]
696 1572 862 1625 αὐτοῦ
882 1572 1301 1643 ἐκπορεύεσθαι,
1318 1573 1393 1636 ὡς
1420 1573 1750 1642 συνάγεσθαι

148 1664 747 1745 κατά-τὴνοθεοϐλαϐῆ
784 1663 1012 1734 γνώμην
1044 1666 1118 1737 μὴ
1152 1669 1336 1738 τρεῖς,
1387 1666 1524 1721 ἀλλὰ
1554 1666 1751 1719 τέσσα-

155 1734 389 1827 ραςνῖάς
410 1734 758 1821 ὑποστάσεις,
786 1757 985 1827 μᾶλλον
1009 1734 1066 1811 δὲ
1083 1734 1348 1828 άπενίρους
1369 1798 1385 1821 ,
1416 1759 1518 1828 τῆς
1543 1758 1601 1811 δὲ
1632 1758 1750 1828 (16)

149 1848 433 1919 τετάρτης
456 1850 637 1913 αὐτοῖς
668 1849 836 1921 ἄλλην
861 1850 1025 1904 πάλιν
1047 1850 1610 1922 προϐαλλούσηςῌῚ),
1643 1851 1748 1904 κά-

153 1924 349 2010 iam
373 1941 587 2012 ἑτέραν,
623 1941 819 2012 μέχρις
848 1942 915 1996 ἂν
955 1943 1048 1997 καὶ
1082 1942 1182 2013 τῆς
1235 1942 1554 2013 Ἑλληνικῆς
1582 1943 1753 2012 ὑπερ·
1784 1934 1828 1990 Β

153 2034 397 2087 ελάσωσι
424 2034 712 2097 πολυθεῒας
742 2034 880 2105 (18).

228 2122 336 2193 λη’.
384 2122 539 2195 [κη’.]
590 2124 702 2195 (19)
742 2124 907 2178 Ἀλλὰ
955 2124 1177 2179 κάκεῖνο
1216 2125 1337 2179 κατ’
1373 2123 1551 2179 αὐτῶν
1598 2124 1747 2178 ἔστιν

154 2216 400 2284 ἁφεῖναι’
436 2220 591 2271 ποῖον
624 2217 688 2287 δὴ
719 2216 906 2284 τοῦτο;
941 2218 989 2270 εἰ
1029 2216 1208 2270 πάντα
1244 2218 1343 2269 ὅσα
1375 2216 1634 2287 πρόσεστι
1667 2214 1746 2286 τῷ

156 2307 297 2376 Υἰῷ,
330 2307 424 2361 τοῦ
452 2309 663 2377 Πατρὸς
703 2309 816 2380 (20)
845 2307 1139 2378 λαμϐάνων
1167 2308 1303 2379 ἔχει,
1327 2308 1538 2362 ἐκεῖθεν
1562 2306 1629 2361 ἂν
1658 2308 1743 2379 εἴη

152 2396 341 2451 λαϐὼν
376 2399 485 2467 (21)
515 2398 610 2451 καὶ
635 2397 697 2452 τὸ
731 2400 904 2452 αἰτιον
935 2398 1047 2469 (22)
1078 2394 1219 2452 εἶναι
1238 2399 1339 2468 τῆς
1363 2397 1458 2451 τοῦ
1494 2398 1748 2468 Πνεύμα-

154 2505 251 2551 τος
279 2489 678 2561 ὲκπορεύσεωςο
714 2488 878 2542 πόθεν
914 2485 1008 2543 οῦν
1047 2491 1081 2560 ἡ
1112 2490 1463 2561 ὲτεροκλινὴς
1493 2489 1631 2559 αῦτη
1659 2506 1748 2559 φι-

152 2580 405 2651 λοτιμία,
437 2581 505 2634 δι’
535 2576 604 2652 ἦς
627 2582 820 2653 ὁρᾶται
850 2582 949 2651 μὲν
975 2583 1004 2635 ό
1027 2581 1154 2645 Υἱὸς
1176 2581 1277 2652 τῆς
1305 2580 1399 2634 τοῦ
1424 2580 1745 2650 Πνεύματος

152 2671 543 2743 ὲκπορεύσεως
572 2673 772 2735 αἴτιος,
804 2672 864 2726 τὸ
900 2673 957 2726 δὲ
990 2671 1239 2744 Πνεῦμα,
1272 2672 1452 2726 καίτοι
1494 2671 1557 2725 τὸ
1586 2672 1745 2726 ἰσότι-

155 2784 265 2837 μον
308 2766 432 2836 ἔχον
461 2766 552 2819 καὶ
578 2768 642 2819 ὲκ
674 2766 774 2835 τῆς
806 2766 976 2837 αὐτῆς
1015 2765 1304 2837 ὁμοταγῶς
1331 2782 1389 2818 τε
1428 2765 1521 2818 καὶ
1557 2764 1747 2836 ὁμοτί-

157 2876 282 2928 μως
318 2858 678 2930 προεληλυθὸς
716 2858 903 2922 οὐσίας
932 2858 1046 2930 (25)
1075 2857 1187 2912 τῶν
1227 2859 1357 2912 ῐσων
1393 2858 1574 2930 γερῶν
1642 2858 1746 2911 άπ-

157 2944 460 3016 ιστέρηται
477 2946 613 3016 (24);

1848 748 2122 803 debebant
2149 748 2313 803 etiam
2344 747 2751 818 generationem
2783 765 2891 803 una
2919 766 3043 805 cum
3076 750 3435 820 productione

1848 848 2258 905 transvertere,
2307 848 2615 894 monstrosa
2662 840 2957 896 asserendo
2999 842 3287 905 l‘utilitate,
3321 859 3432 898 non

1847 932 2044 987 Filium
2088 947 2152 986 ex
2210 930 2392 995 Patre,
2428 932 2524 986 sed
2556 930 2772 986 Patrem
2809 948 2874 986 ex
2906 933 3043 987 Filio
3066 934 3335 1004 generari,
3375 942 3435 989 ut

1846 1037 1959 1075 non
1984 1021 2159 1076 solum
2187 1036 2381 1075 omnes
2410 1037 2439 1074 a
2471 1022 2670 1075 smculo
2706 1021 2905 1091 impios
2931 1023 3308 1087 obscurarent,
3334 1025 3433 1078 sed

1848 1122 1905 1168 et
1941 1112 2153 1167 insanis
2192 1112 2325 1182 ipsis
2357 1112 2662 1167 insaniores
2701 1113 3264 1182 deprehenderentur.

1918 1202 2007 1256 57.
2047 1202 2180 1256 Item
2217 1202 2259 1255 si
2300 1217 2365 1255 ex
2398 1201 2556 1256 Patre
2585 1201 2753 1255 Filius
2795 1203 3012 1272 genitus
3043 1216 3162 1268 est,
3193 1203 3434 1274 Spiritus

1847 1309 1979 1349 vero
2007 1308 2073 1348 ex
2096 1293 2255 1347 Patre
2293 1290 2541 1362 Filioque
2569 1293 2834 1362 procedit,
2868 1309 2968 1347 cur
2996 1291 3223 1363 Spiritui
3260 1310 3432 1366 nega-

1849 1393 1957 1452 tur,
1992 1385 2197 1454 aliquid
2233 1384 2379 1438 aliud
2418 1385 2583 1439 etiam
2618 1400 2684 1439 ex
2731 1384 2850 1454 ipso
2881 1387 3223 1454 procedere;
3253 1387 3325 1441 ita
3373 1395 3436 1442 ut

1848 1479 2170 1549 colligantur
2214 1493 2278 1531 ex
2326 1477 2488 1547 impia
2535 1477 2635 1530 ista
2684 1478 2955 1531 sententia
3002 1494 3112 1532 non
3162 1488 3291 1541 tres,
3334 1480 3433 1535 sed

1849 1581 2084 1641 quatuor
2110 1570 2452 1641 bypostases,
2480 1569 2589 1621 imo
2612 1568 2863 1634 inﬁnitae,
2894 1570 3022 1623 dum
3050 1579 3251 1639 quarta,
3269 1571 3432 1625 aliam

1849 1678 2040 1716 rursus
2089 1662 2416 1730 produceret
2471 1669 2522 1715 et
2574 1660 2665 1715 illa
2714 1660 2912 1727 aliam,
2972 1660 3148 1716 donec
3208 1661 3432 1717 ethnica

1850 1755 2081 1810 deorum
2108 1752 2399 1809 multitudo
2426 1760 2800 1823 superaretur.

1922 2122 2015 2178 58.
2057 2120 2166 2177 Sed
2200 2130 2257 2177 et
2289 2121 2421 2178 illud
2458 2130 2638 2194 potest
2668 2122 2721 2176 in
2748 2123 2883 2178 istos
2914 2120 3196 2191 torqueri.
3231 2118 3432 2186 Quale-

1851 2228 1977 2267 nam
2009 2229 2136 2267 vero
2171 2214 2311 2269 hoc?
2342 2212 2399 2268 Si
2436 2215 2619 2268 omnia
2655 2227 2998 2284 quaecunque
3041 2212 3245 2266 adsunt
3293 2210 3433 2266 Filio

1851 2320 1884 2358 a
1919 2303 2077 2359 Patre
2107 2305 2338 2375 accepit,
2380 2304 2508 2363 inde
2536 2304 2724 2375 utique
2748 2312 2802 2358 et
2834 2304 2938 2358 hoc
2967 2302 3261 2373 acceperit,
3286 2300 3433 2372 quod

1852 2410 2016 2450 causa
2053 2396 2125 2450 sit
2153 2396 2532 2466 productionis
2568 2396 2826 2466 Spiritus.
2858 2396 3014 2452 Unde
3047 2395 3210 2467 igitur
3234 2395 3336 2449 iste
3375 2393 3432 2446 in

1851 2501 2061 2561 partem
2092 2491 2320 2545 alteram
2370 2506 2678 2561 propensus
2729 2490 2921 2552 favor,
2970 2505 3070 2559 per
3107 2504 3269 2558 quem
3307 2504 3433 2542 cer-

1851 2584 2003 2639 nitur
2048 2584 2268 2654 quidem
2317 2584 2489 2638 Filius
2530 2584 2896 2654 processionis
2941 2581 3181 2653 Spiritus
3229 2596 3432 2648 causa,

1850 2675 2088 2747 Spiritus
2118 2688 2321 2742 autem,
2343 2679 2556 2734 tametsi
2581 2679 2805 2734 omnino
2822 2677 3047 2747 aequalis
3072 2684 3213 2732 etex
3239 2675 3430 2730 eadem

1850 2783 2015 2822 causa
2062 2768 2254 2837 aequali
2304 2769 2497 2823 ordine
2552 2777 2608 2823 et
2647 2768 2841 2837 aequali
2898 2770 3107 2823 honore
3153 2766 3434 2839 profectus

1844 2860 2062 2930 juribus
2091 2860 2393 2929 aequalibus
2421 2860 2818 2915 defraudatur?

1921 2953 2008 3008 59.
2051 2953 2263 3008 Rursus
2293 2969 2454 3008 causa
2483 2962 2567 3008 est
2591 2953 2773 3014 Pater,
2808 2968 2975 3008 causa
3004 2967 3139 3007 vero
3161 2962 3217 3007 et
3240 2951 3429 3011 Filius.

232 3036 473 3109 [41]).0'.
515 3037 667 3110 [κΘ⁹.]
703 3037 874 3094 Πάλιν
911 3037 1083 3103 αίτιος
1114 3039 1144 3091 ὁ
1178 3038 1393 3110 Πατὴρ,
1448 3037 1623 3102 αἴτιος
1684 3037 1743 3091 δὲ

1856 3044 2045 3100 Utrum
2087 3044 2252 3116 igitur
2302 3045 2390 3099 isti
2422 3060 2605 3100 rerum
2655 3047 2881 3101 minime
2927 3046 3298 3101 audendarum
3342 3060 3434 3099 ar-

157 3132 256 3182 mi.
290 3131 319 3182 ό
368 3130 495 3193 Υἱός
524 3147 538 3163 ’
595 3131 717 3185 τίνα
774 3130 905 3200 γοῦν
929 3132 1040 3202 (25)
1090 3130 1476 3185 δικαιώσουσιν
1529 3133 1579 3185 οἱ
1630 3132 1741 3184 τῶν

1856 3133 1991 3189 ὺίιτῖ
2021 3136 2189 3207 magis
2232 3151 2354 3190 esse
2400 3150 2620 3191 causam
2666 3136 3138 3208 pronuntiabunt?
3173 3135 3229 3190 Si
3283 3136 3434 3191 enim

156 3220 486 3292 ἀτολμήτων
514 3212 790 3293 διαιτηταὶ
842 3222 943 3291 τὴν
980 3222 1160 3276 αἰτίαν
1211 3223 1410 3292 μᾶλλον
1461 3222 1641 3294 ἔχειν;
1675 3225 1737 3277 Εἰ

1856 3226 2382 3296 Patrem,quomodo
2412 3244 2521 3282 non
2554 3228 2858 3283 adscititius
2901 3237 2957 3282 et
2996 3229 3215 3299 spurius
3263 3237 3318 3282 et
3346 3230 3436 3282 in-

161 3312 265 3383 μὲν
294 3314 403 3384 γάρ
436 3313 529 3365 τὸν
556 3315 798 3384 Πατέρα,
839 3315 957 3379 πῶς
992 3316 1093 3369 οῦκ
1154 3317 1484 3370 ἐπείσακτον
1531 3318 1625 3371 καὶ
1656 3319 1741 3370 νό-

1856 3320 2016 3386 utrius
2043 3320 2148 3374 erit
2179 3320 2353 3375 honor
2370 3322 2436 3375 ab
2456 3321 2576 3376 istis
2606 3320 2744 3376 Filio
2766 3322 3094 3390 vindicatus,
3127 3321 3432 3392 praesertim

158 3404 257 3458 θον
288 3405 384 3458 καὶ
418 3404 577 3477 ῦϐρις
600 3408 785 3469 αὐτοῖς
824 3409 920 3462 καὶ
971 3410 1109 3480 αὐτή
1136 3426 1199 3478 γε
1246 3410 1279 3480 ἡ
1308 3409 1743 3462 συσκευασθεῖσα

1856 3426 1974 3464 cum
2007 3409 2171 3463 robur
2198 3410 2333 3478 jam,
2372 3411 2573 3480 quippe
2614 3419 2670 3464 et
2710 3411 2953 3480 potiores
3001 3421 3187 3482 partes
3236 3411 3437 3464 habeat

160 3496 305 3568 τιμὴ
340 3497 435 3551 τοῦ
476 3498 631 3565 Υἰοῦ,
668 3499 904 3572 μάλιστα
931 3501 994 3555 τὸ
1040 3500 1205 3573 κῦρος
1233 3501 1446 3573 ἔχοντος
1487 3502 1587 3573 ἤδη
1636 3500 1740 3554 ἆτε

1856 3500 2047 3556 Pater?
2078 3500 2135 3556 Si
2156 3516 2288 3557 vero
2304 3502 2525 3569 Filium,
2560 3503 2668 3557 heu
2698 3504 3008 3574 graviorem
3034 3503 3428 3557 temeritatem!

1260 3656 1495 3714 VARIA‘I
1535 3655 1918 3714 LECTIONES
1955 3657 2043 3711 ET
2079 3657 2316 3714 NOTAE.

231 3813 353 3885 (15)
399 3813 516 3870 Col.
557 3812 617 3880 ἐξ
636 3814 849 3871 αἰώνων
870 3816 1072 3886 άποζρ.

238 3884 352 3955 (14)
391 3886 490 3955 Ep.
537 3888 746 3957 encycl.
781 3887 819 3958 1.
855 3902 905 3941 c.
952 3884 1047 3950 Οἷς
1094 3885 1391 3958 ἀκόλουθον
1426 3887 1600 3958 δήπου
1649 3884 1748 3941 καὶ

157 3957 265 4029 τῂν
303 3958 555 4029 γέννησιν
582 3960 646 4027 τῇ
680 3957 918 4029 προϐολῇ
956 3957 1460 4029 συμμετατιθέντας
1482 3957 1623 4027 μηδὲ
1654 3957 1747 4009 τὸν

158 4028 285 4081 υἱὸν
317 4030 383 4098 ἐκ
413 4026 508 4098 τοῦ
554 4026 794 4097 πατρὸς,
825 4029 963 4081 ἀλλὰ
993 4026 1087 4080 τὸν
1123 4027 1337 4098 πατέρα
1369 4026 1748 4098 τερατολογεῖν

159 4101 232 4151 ὲκ
257 4097 351 4150 τοῦ
383 4097 500 4169 υίοῦ
534 4098 918 4169 γεγεννῆσθαι,
952 4098 1039 4169 ἵνα
1077 4097 1153 4169 μὴ
1184 4099 1302 4169 τῶν
1340 4097 1747 4153 δυσσεϐούντων

164 4168 354 4256 μόνον,
547 4164 642 4221 καὶ
658 4164 768 4256 τῶν
806 4164 1155 4256 μαινομένων
1178 4164 1313 4256 ὦσιν
1342 4170 1744 4256 πρωτοστάται.

158 4237 342 4293 Νἰοοι.
383 4237 626 4293 Methon.
663 4239 701 4293 1.
742 4237 1172 4303 ο.”Ακολούθως
1204 4240 1300 4292 καὶ
1346 4237 1447 4309 τὴν
1488 4241 1741 4309 γέννησιν

157 4313 230 4379 τῇ
264 4310 505 4379 προϐολῇ
536 4308 984 4380 συμμεταθέντες
1016 4310 1137 4363 οὐδὲ
1162 4309 1254 4363 τὸν
1277 4309 1388 4363 υἱὸν
1406 4308 1476 4363 ἐκ
1504 4309 1601 4363 τοῦ
1633 4308 1743 4380 πα.

156 4380 296 4452 στρος
339 4379 722 4452 γεγεννῆσθαι,
756 4381 873 4433 ἀλλ’
907 4380 1143 4452 ἔμπαλιν
1173 4380 1268 4433 τὸν
1303 4380 1520 4452 πατέρα
1556 4383 1621 4434 ἐκ
1646 4379 1740 4433 τοῦ

159 4448 285 4504 υἱοῦ
312 4467 371 4502 τε
381 4448 850 4520 ρατολογὴσουσιν.

264 4520 351 4587 15)
393 4522 483 4591 Μή
515 4522 668 4576 deest
689 4522 744 4574 in
773 4521 918 4577 Mon.

268 4592 350 4659 16)
394 4591 538 4647 Μοη.
571 4592 669 4661 τῆς
696 4592 981 4662 τετάρτης.

233 4663 348 4728 (17)
386 4662 529 4734 Bion.
565 4663 747 4734 αὐτοῖς
772 4663 939 4733 ἄλλην
974 4662 1371 4734 προλαϐούσης,
1403 4663 1533 4717 κάκ.

237 4736 354 4803 (18)
396 4732 662 4805 Μοηητὴν
685 4732 971 4805 ἑλληνικὴν
992 4732 1280 4788 πολυθεῖαν
1304 4732 1734 4805 ὗπερελάσωσιν.

160 4804 517 4876 Verbotenus
542 4804 656 4859 fere
687 4806 803 4858 liazc
836 4805 891 4858 in
918 4804 1123 4876 encycl.
1158 4822 1218 4860 ιι.
1245 4806 1331 4867 19,
1356 4804 1422 4876 ρ.
1453 4805 1523 4859 55
1547 4806 1736 4876 legun-

160 4886 256 4930 tur
288 4892 301 4928 :
350 4875 470 4947 Ἐτι
500 4875 557 4927 δὲ
591 4904 666 4947 έ-
694 4875 1223 4947 -Ῠὲκπορεύίεσθαι,
1277 4875 1370 4939 ὼςί
1410 4875 1739 4943 συνάγεσθαι

161 4947 312 4999 κατά
344 4945 444 5016 τὴν
495 4946 720 4998 ἐκείνων
773 4945 1042 5016 Θεομάχον
1090 4946 1317 5017 γνώμην
1364 4947 1439 5017 μὴ
1482 4950 1630 5016 τρεῖς
1667 4976 1739 4985 -.

158 5019 266 5082 τῆς
310 5017 579 5085 τετάρτης
608 5016 790 5079 αὐτοῖς
833 5016 1445 5088 άλληνοπροϐαλλούσης
1478 5018 1740 5086 κάκείνης

158 5086 333 5140 πάλιν
386 5086 601 5156 ἑτέραν,
661 5087 850 5157 μέχρις
890 5087 957 5140 ἂν
993 5090 1074 5151 είς
1104 5088 1203 5157 τὴν
1232 5087 1521 5157 ἑλληνικὴν
1571 5088 1739 5140 πολυ-

159 5104 333 5140 παλιν
386 5104 601 5156 ετεραν,
661 5104 850 5157 μεχρις
890 5104 957 5140 αν
993 5104 1074 5151 εις
1104 5104 1203 5158 την
1232 5104 1521 5159 εΑΑηνικην
1571 5105 1739 5140 πολυ-

159 5156 404 5229 πληθίαν
426 5158 753 5229 ἐκπέσωσιν.
773 5156 958 5229 _Nicol.
991 5159 1233 5213 Methon.
1266 5174 1385 5229 cap.
1414 5160 1447 5211 8
1479 5177 1491 5212 :
1523 5158 1556 5229 ἦ
1590 5160 1637 5210 εἰ
1665 5158 1739 5229 μὴ

157 5226 267 5280 τὸν
290 5226 427 5301 νίὸν,
479 5227 595 5301 QD;
629 5227 816 5301 ἕτερόν
848 5246 901 5280 τι
939 5231 1119 5283 δοτέον
1140 5231 1216 5301 γὲκ
1247 5226 1675 5301 τοῦπνεύματος

157 5296 521 5370 γεννᾶσϐαιῆ
556 5296 973 5370 ἐκπορεύεσθαι,
1020 5300 1096 5363 ὡς
1135 5300 1202 5353 ὲκ
1224 5300 1319 5353 τοῦ
1347 5302 1559 5370 Ila-cpe;
1588 5296 1739 5352 ὲκείὲ

156 5386 270 5440 νων
299 5367 586 5440 ἑκάτερον,
628 5367 715 5420 ἵνα
746 5371 840 5422 καὶ
876 5371 1092 5440 ἰσότιμα
1124 5373 1266 5440 τάχα
1314 5374 1408 5424 κα)⁵
1443 5367 1741 5438 ἰσοδύναμα

156 5386 270 5421 νων
299 5384 586 5488 εκατερον,
630 5384 715 5420 ινα
746 5384 840 5422 και
876 5384 1092 5440 ισοτιμα
1124 5384 1266 5440 ταχα
1314 5384 1408 5424 και
1443 5384 1738 5438 ισοουναμα

156 5438 435 5511 φυλαχθῇ·
503 5441 803 5511 μοφυέςᾼᾶν
851 5440 939 5510 εἴη
969 5443 1063 5511 καὶ
1096 5441 1413 5511 ἰσοδύναμον
1450 5442 1511 5493 τὸ
1546 5443 1611 5493 ὲκ
1642 5440 1738 5511 τοῦ

156 5506 487 5580 Πνεῦματος
507 5506 899 5580 προαγόμενον
914 5506 990 5579 τῷ
1013 5506 1421 5579 προάγοντικαὶ
1440 5513 1554 5575 τοῖς
1575 5512 1635 5577 ἐξ
1663 5506 1740 5563 ὦν

151 5579 322 5652 τοῦτο
340 5578 617 5652 προῆκται
637 5596 649 5609 ·
666 5578 850 5634 οὐκέτι
870 5578 1180 5652 άράᾼτριὰς,
1202 5582 1337 5635 ἀλλὰ
1358 5583 1554 5651 τετρὰς
1583 5586 1739 5636 ἔσται

155 5651 224 5703 τὸ
250 5649 691 5723 πρεσϐευόμενον
712 5666 726 5681 ο
759 5649 960 5721 μᾶλλον
982 5649 1138 5714 δὲέἰς
1175 5652 1401 5723 ἄπειρον
1422 5649 1479 5706 αἰ
1508 5654 1743 5706 ὑποστά-

157 5737 280 5785 σεις
300 5718 465 5773 ὀὕτω
486 5718 562 5794 Δγε
599 5718 1073 5794 προχωρήσονσιν,
1108 5722 1198 5794 ἀεὶ
1226 5718 1327 5792 τῆς
1358 5724 1743 5794 προαγομένης

154 5795 225 5860 τῇ
254 5789 575 5862 προαγούσῃ
596 5789 695 5860 τῆς
710 5789 883 5862 αὐτῆς
904 5790 1069 5862 οὔσης
1086 5789 1301 5861 φύσεως
1318 5789 1414 5846 καί
1433 5789 1741 5860 δυνάμεως,

158 5863 253 5915 ἶνα
282 5862 379 5915 καὶ
413 5862 515 5929 τὴν
557 5861 843 5932 ὲλληνικὴν
876 5864 1167 5918 πολυυεῖαν
1198 5865 1249 5917 οἰ.
1285 5866 1354 5920 τά
1376 5864 1556 5920 τοιάδε
1583 5862 1741 5932 δοξά-

164 5881 253 5915 ινα
282 5881 379 5915 και
413 5881 515 5929 την
557 5881 811 5937 εΑΑηνικη

164 5932 355 5999 ξοντες
395 5932 798 6005 παρελάσωσιν.

1920 3816 2032 3887 (19)
2066 3814 2123 3887 in
2154 3814 2291 3869 Cod.
2323 3812 2467 3887 Mor).
2509 3827 2643 3887 cap._
2661 3817 2769 3881 κγ’.

1921 3879 2035 3959 (20)
2074 3886 2221 3941 Mon.
2254 3889 2316 3937 εκ
2344 3883 2439 3937 τοῦ
2469 3879 2677 3956 πατρός
2698 3879 2721 3951 ;“
2745 3881 2841 3939 sed
2878 3883 2943 3936 ἐκ
2968 3880 3123 3937 deest
3146 3880 3203 3935 in
3228 3879 3353 3937 Vat.
3379 3892 3433 3940 et

1844 3956 1961 4012 Pal.

1917 4029 2030 4101 (21)
2067 4027 2214 4101 _M_on.
2256 4027 2555 4101 λαμϐάνων

1919 4099 2030 4167 (22)
2068 4099 2214 4153 Mon.
2247 4099 2442 4162 αἴτιος.

1919 4172 2031 4241 (25)
2056 4170 2172 4224 Col.
2208 4170 2414 4232 αἰτίας.

1918 4237 2031 4309 (⁷24)
2086 4240 2233 4301 Mon.
2268 4243 2471 4294 ὰποστε
2482 4241 2675 4310 ρεῖται.
2700 4239 2835 4296 Fere
2859 4239 3049 4296 eodem
3075 4244 3238 4310 pacto
3262 4237 3430 4294 Nico-

1846 4311 1962 4366 laus
1992 4312 2356 4365 Mctlionensis
2386 4311 2525 4380 apud
2559 4311 2841 4380 Hugonem
2867 4311 3055 4365 Ether.
3082 4310 3120 4364 1.
3141 4326 3215 4380 ii,
3244 4324 3294 4365 c.
3330 4310 3429 4374 11,

1891 4424 1904 4436 .
1946 4382 2079 4437 1225
2111 4397 2125 4433 :
2164 4400 2181 4432 ι
2222 4381 2279 4436 Si
2313 4376 2529 4445 omnia,
2560 4376 2899 4451 quzccunque
2946 4383 3111 4435 habet
3137 4376 3329 4446 Filius,
3399 4396 3430 4434 a

1888 4463 2004 4507 atre
2056 4451 2335 4520 accipiens
2384 4453 2573 4517 habet,

1846 4525 2011 4578 habet
2067 4524 2301 4592 Spiritus
2340 4524 2713 4576 emissionem.
2764 4523 2920 4578 Unde
2963 4522 3152 4589 (editio
3201 4522 3365 4577 habet
3412 4541 3426 4576 :

1845 4595 2056 4661 unum)
2083 4608 2212 4663 ergo
2251 4593 2597 4647 diversiclina
2648 4594 2755 4664 (eil.
2788 4593 3174 4664 diversiclima)
3204 4593 3319 4664 haec
3364 4592 3429 4646 li-

1844 4666 2098 4719 beralitas
2120 4705 2135 4729 ,
2166 4664 2465 4718 secundum
2497 4680 2656 4734 quam
2697 4663 2863 4719 Filius
2902 4664 3121 4734 quidem
3153 4680 3217 4718 ex
3253 4663 3325 4717 Pa
3346 4672 3429 4717 tre

1844 4737 2055 4805 accepit
2085 4746 2144 4789 ut
2172 4736 2242 4788 sit
2270 4744 2327 4788 et
2357 4736 2472 4804 ipse
2514 4735 2749 4803 Spiritus
2795 4751 2989 4798 causa,
3032 4735 3268 4804 Spiritus
3320 4748 3429 4805 au-

1846 4804 2309 4876 tem,’quanquam
2336 4808 2403 4859 ad
2426 4805 2568 4860 idem
2602 4806 2827 4859 honoris
2856 4805 3071 4868 habeat,
3100 4814 3153 4857 et
3183 4820 3257 4876 exp
3282 4804 3424 4873 ejus-

1844 4878 1967 4932 dem
2004 4875 2323 4931 substantiae.
2358 4892 2519 4931 causa
2560 4878 2821 4947 prodeat,
2874 4887 3056 4930 tamen
3108 4875 3261 4943 parili
3291 4944 3300 4947 Α
3325 4876 3426 4947 lio-

1841 4964 1976 5003 nore
2017 4948 2284 5017 pritatur,
2334 4962 2458 5001 cum
2508 4944 2741 5001 a'Patre
2790 4961 3133 5017 nequaquam
3182 4944 3426 5017 accipiat

1842 5028 1901 5072 ut
1929 5015 2091 5073 causa
2121 5018 2191 5072 sit
2217 5015 2334 5070 Filii
2374 5027 2467 5072 aut
2498 5018 2722 5072 alterius
2755 5020 2836 5069 sui
2870 5015 3063 5070 similis
3086 5058 3099 5080 ,
3142 5016 3242 5068 nisi
3283 5018 3426 5069 forte

1843 5090 2054 5157 injuria:
2087 5089 2358 5157 imputare
2383 5090 2594 5141 crimen
2623 5087 2771 5142 Patri
2806 5089 2927 5155 quis
2959 5087 3176 5140 audeat.
3212 5104 3230 5136 ι
3265 5085 3426 5141 Grie-

1841 5175 1940 5213 eus
1975 5167 2154 5214 textus
2198 5166 2287 5227 (ex
2324 5159 2458 5213 Cod.
2508 5158 2654 5211 Mon.
2695 5158 2871 5227 (36.1.
2908 5158 2974 5211 79
3004 5158 3059 5211 b.
3093 5172 3212 5227 cap.
3247 5159 3373 5227 16.)
3408 5173 3425 5211 :

1840 5231 1905 5282 Ei
1961 5230 2137 5282 πάντα
2174 5226 2275 5282 ὅσα
2307 5230 2569 5299 πρόσεστι
2608 5228 2686 5299 τῷ
2727 5226 2831 5297 υἱῷ
2870 5231 3018 5299 παρὰ
3077 5226 3173 5281 τοῦ
3221 5226 3425 5299 πατρὸς

1842 5299 2023 5353 λαϐὼν
2050 5302 2078 5353 ὁ
2106 5300 2218 5363 υίὸς
2245 5297 2378 5369 ἔχει,
2409 5300 2619 5352 ἐκεῖθεν
2646 5297 2712 5352 ἂν
2737 5299 2851 5366 ἔχοι
2875 5297 3057 5352 λαϐὼν
3087 5300 3181 5353 καὶ
3203 5300 3302 5369 τὴν
3328 5297 3425 5369 ,τοῦ

2909 5372 2993 5422 ἐτε
3004 5368 3267 5450 ροκλιξὴς
3286 5368 3424 5450 αὕτη

2614 4454 2801 4522 procul
2848 4453 3014 4507 dubio
3068 4459 3126 4505 et
3171 4466 3235 4505 ex
3268 4452 3431 4507 Patre

1842 5369 2154 5440 πνεύματος
2185 5369 2481 5440 προϐολήν.
2519 5370 2689 5422 Πόθεν
2717 5369 2812 5424 οῦν
2840 5372 2872 5439 ἡ

1843 5437 2126 5512 φιλοτιμία
2145 5437 2261 5513 ,ἡδέ’
2285 5437 2351 5513 ἧς
2440 5441 2538 5510 μὲν
2568 5441 2685 5513 uio;
2718 5437 2879 5494 ἔλαϐε
2915 5437 3065 5513 παρὰ
3090 5440 3184 5513 τοῦ
3211 5437 3423 5513 ’πατρός

1842 5508 1903 5566 τὸ
1938 5508 2110 5566 αιτὶον
2143 5508 2281 5565 εἶναι
2308 5508 2410 5563 ’τοῦ
2444 5508 2760 5580 πνεύματος
2781 5553 2795 5575 ,
2830 5513 2893 5565 τὸ
2928 5508 3231 5581 δὲ’πνεῦμα
3254 5550 3269 5575 ,
3299 5508 3422 5562 καί-

1841 5600 1924 5637 τοι
1964 5584 2023 5635 τὸ
2061 5583 2299 5652 ἰσότιμον
2328 5580 2451 5651 ἔχον
2478 5583 2587 5653 καὶ,
2606 5581 2705 5651 τῆς
2734 5584 2908 5653 αὐτῆς
2935 5585 3221 5653 ὁμοταγως
3285 5597 3420 5653 προ-

1844 5653 2106 5724 εληλυθὸς
2134 5651 2334 5717 αἰτίας,
2352 5655 2500 5723 ὅμως
2521 5651 2634 5724 τῶν
2658 5658 2787 5708 ἰσων
2811 5651 2986 5724 γερῶν
3004 5652 3314 5724 ἐστέρηται,
3342 5667 3381 5719 μ

1843 5719 2022 5805 λαϐὸν.
2044 5724 2141 5805 καὶ
2166 5724 2298 5805 αὐτὸ
2333 5719 2494 5805 παρὰ.
2530 5723 2647 5805 τοῦ·
2677 5719 2892 5805 πατρδς
2912 5724 2973 5805 τό
3007 5719 3145 5805 είναί
3164 5719 3350 5805 αῖτιον

1842 5796 1940 5847 τοῦ
1972 5794 2088 5879 υίοῦ
2115 5795 2147 5864 ἢ
2178 5795 2367 5879 ἐτέρου
2392 5792 2538 5858 τινὸς
2555 5792 2959 5879 ,ὁμοφυοῦςκεί
2986 5794 3061 5873 μὴ
3094 5793 3187 5845 καὶ
3212 5792 3420 5851 ἀδικία.

1853 5867 2191 5937 προσάπτειν
2218 5865 2472 5935 ἔγκλημα
2508 5864 2794 5935 τῴπατρι
2826 5864 3157 5933 τολμητεονς

1844 5968 1847 5969 ν
1926 5935 2042 6007 (25)
2084 5934 2320 6005 Monam,
2350 5936 2444 6008 qui
2476 5938 2657 6009 signat
2690 5953 2810 6008 cap.
2848 5938 2938 6002 24,
2970 5933 3175 5991 habet:
3203 5926 3318 5988 οῦν.
