4022 6398
223 429 342 491 329

1288 430 1383 490 DE
1424 431 1483 490 S.
1523 430 1878 493 SPIRITUS
1916 432 2414 498 MYSTAGOGIA.

3356 418 3471 506 330

222 538 386 601 Υἵοῦ,
415 534 529 609 [51]
559 536 680 591 οὐτε
699 536 787 592 διὰ
806 537 903 607 τῆς
929 538 1137 591 ἐκείνου
1155 539 1520 611 θεορῤήμονος
1548 540 1795 610 γλώττης

1906 559 2143 615 unquam
2183 548 2578 606 catholicorum
2623 553 2784 609 talem
2819 553 2867 609 ei
2891 552 3214 608 calumniam
3264 550 3474 611 affinxit

219 626 620 698 προελήλυθεν,
651 627 714 679 οὐ
751 626 882 697 μὴν,
917 628 1033 681 ἀλλ’
1083 629 1207 682 οὐδὲ
1263 629 1371 681 τῶν
1428 630 1669 682 εὐσεϐῶν
1706 630 1797 683 οὑ-

216 719 339 785 δεὶς
367 718 588 790 (πολλοῦ
610 735 673 787 γε
701 720 793 772 καὶ
819 718 901 772 δεῖ
929 720 1291 788 συκοφαντίας
1312 720 1593 792 τοιαύτης)
1625 721 1793 793 ἐγρά-

214 811 390 881 ψατο,
432 811 548 865 ἀλλ’
597 810 707 865 οὐδ’
734 812 873 882 ἀκοῇ
922 811 982 864 τὸ
1034 812 1317 883 δύσφημον
1339 813 1450 884 (25)
1506 814 1796 883 ἀνάσχοιτο

214 905 279 956 δέ
288 902 504 967 ξασθαι.

302 1000 367 1048 v’.
553 989 721 1048 Εἶπεν
749 996 776 1047 6
805 995 1039 1061 Παῦλος,
1070 999 1098 1049 6
1155 995 1233 1066 τῷ
1281 997 1471 1067 δρόμῳ
1523 996 1619 1050 τοῦ
1649 996 1795 1050 θείου

217 1084 582 1155 κηρύγματος
610 1083 945 1157 βραχύτερον
980 1085 1147 1140 αὐτοῦ
1179 1088 1279 1156 τῆς
1332 1088 1568 1159 σπουδῆς
1595 1087 1655 1141 τὸ
1695 1089 1796 1158 τῆς

217 1174 557 1245 οἰκουμένης
578 1176 800 1245 ἐλέγξας
843 1177 1093 1248 μέγεθος,
1149 1180 1220 1234 Τὸ
1259 1181 1497 1250 Πνεῦμα
1527 1182 1635 1236 τοῦ
1661 1182 1796 1236 Υίοῦ

217 1267 433 1322 αὑτοῦ.
469 1267 570 1320 Διὰ
596 1268 647 1321 τί
692 1264 784 1322 οὖν
832 1271 907 1341 μὴ
962 1272 1056 1325 καὶ
1108 1270 1173 1323 σύ
1223 1270 1384 1325 τοῦτο
1421 1271 1623 1341 λέγεις,
1659 1272 1797 1327 ἀλλὰ

220 1362 554 1430 κακουργεῖς
576 1360 671 1413 καὶ
701 1361 769 1412 τὰ
796 1362 907 1415 ἄνω
941 1364 1090 1416 κάτω
1124 1366 1294 1426 ποιεῖς
1325 1364 1419 1417 καὶ
1451 1364 1795 1433 διαστρέφεις

218 1451 286 1502 τὸ
318 1448 468 1519 ῥῆμα
497 1448 589 1503 τοῦ
623 1450 892 1520 κήρυκος·
939 1453 1055 1518 καὶ,
1098 1455 1158 1507 τὸ
1192 1452 1514 1525 βαρύτερον,
1541 1454 1642 1525 τὴν
1696 1458 1797 1525 σὴν

218 1540 556 1614 διαστροφὴν
590 1544 685 1596 καὶ
714 1543 1067 1613 βλασφημίαν
1103 1547 1183 1609 εἰς
1212 1544 1312 1616 τὴν
1342 1545 1435 1597 τοῦ
1470 1545 1795 1600 διδασκάλου

220 1649 376 1702 παρα
385 1633 448 1685 πέ
458 1650 623 1703 μπεις
648 1636 830 1703 φωνήν
850 1634 962 1703 (26)
987 1651 1002 1699 ;

297 1729 397 1776 ναθ.
424 1722 542 1796 [γ’.]
566 1725 731 1795 Ἔφη,
775 1725 845 1778 Τὸ
869 1726 1112 1795 Πνεῦμα
1138 1727 1245 1781 τοῦ
1283 1728 1415 1783 Υίοῦ
1442 1729 1554 1799 (27)
1576 1747 1590 1761 ·
1616 1730 1797 1796 καλῶς

220 1832 289 1883 γε
331 1816 427 1869 καὶ
452 1818 745 1885 θεοσόφως.
778 1819 852 1871 Σύ
877 1818 934 1872 δὲ
964 1818 1018 1871 τί
1049 1836 1179 1872 ποτε
1197 1820 1308 1890 (28)
1343 1825 1792 1893 παραχαράττεις

1904 638 2017 693 suis
2038 640 2288 709 scriptis;
2320 651 2529 697 tantum
2586 645 2740 700 abest
2780 655 2840 701 ut
2864 647 2917 700 id
2966 646 3166 700 factum
3202 644 3388 708 fuerit,
3414 656 3475 703 ut

1905 746 2003 784 nec
2025 733 2214 787 audire
2252 734 2520 805 ejusmodi
2558 737 2953 811 blasphemiam
3002 739 3309 795 catholicus
3350 740 3477 810 quis

1904 826 2248 880 sustinuerit.

1976 1004 2064 1058 50.
2103 1004 2486 1073 Dixitl‘aulus,
2516 1024 2607 1077 qm
2643 1025 2807 1063 cursu
2839 1010 3038 1065 divinae
3066 1010 3475 1082 praedicationis

1903 1090 2208 1146 breviorem
2229 1108 2329 1147 suo
2354 1094 2533 1149 studio
2580 1096 2789 1152 telluris
2821 1098 3252 1169 magnitudinem
3283 1108 3473 1154 osten-

1902 1181 2003 1245 dit,
2034 1182 2293 1251 Spiritum
2327 1185 2451 1238 Filii
2501 1188 2603 1241 sui.
2649 1188 2760 1242 Cur
2808 1188 2973 1259 igitur
3015 1205 3124 1244 non
3163 1200 3219 1245 et
3248 1200 3303 1245 tu
3354 1190 3474 1245 base

1903 1273 2061 1334 dicis,
2086 1275 2187 1330 sed
2216 1275 2591 1331 fraudulenter
2612 1279 2749 1349 agis,
2779 1280 2963 1335 omnia
3001 1281 3273 1351 susdeque
3298 1282 3473 1337 vertis

1902 1372 1959 1419 et
1997 1367 2266 1436 pervertis
2299 1369 2569 1437 prmeonis
2627 1370 2894 1435 verbum,
2949 1373 3204 1442 quodque
3257 1374 3477 1444 gravius

1903 1464 2010 1517 est,
2040 1464 2189 1509 tuam
2227 1456 2387 1510 istam
2428 1457 2837 1527 perversionem
2870 1469 2927 1515 et
2977 1460 3371 1531 blasphemiam
3417 1463 3475 1518 in

1901 1546 2144 1603 doctoris
2167 1564 2357 1604 vocem
2388 1550 2626 1604 intrudis

1974 1642 2064 1694 5|.
2105 1641 2249 1697 Dixit
2278 1641 2537 1710 Spiritum
2583 1644 2729 1701 Filii.
2768 1645 2937 1701 Recte
2980 1646 3273 1703 admouum
3304 1657 3359 1704 et
3386 1664 3479 1705 sa-

1905 1732 2121 1800 pienter
2157 1741 2212 1787 et
2234 1733 2440 1789 divine.
2473 1732 2556 1789 Tu
2588 1751 2717 1791 vero
2746 1754 3005 1807 quorsum
3036 1739 3302 1811 depravas
3337 1743 3479 1799 hanc

1904 1835 2095 1875 vocem
2123 1832 2179 1876 et
2206 1838 2328 1892 qua:
2361 1826 2578 1894 quidem
2612 1828 2746 1882 dixit
2772 1845 2881 1883 non
2910 1830 3067 1897 dicis,
3099 1847 3222 1901 quae
3258 1848 3386 1889 vero
3407 1849 3479 1889 ne

221 1907 325 1978 τὴν
349 1911 531 1980 φωνὴν
558 1909 652 1961 καὶ
681 1908 717 1963 ἃ.
753 1910 850 1979 μὲν
872 1908 985 1980 (‘29)
1014 1906 1166 1964 εἶπεν
1196 1913 1257 1965 οὑ
1287 1912 1487 1979 λέγεις,
1531 1912 1567 1967 ἃ
1596 1913 1651 1968 δὲ
1685 1914 1796 1968 οὐδ’

1903 1909 2160 1978 cogitavit
2184 1912 2445 1979 quidem,
2494 1916 2651 1986 quasi
2690 1918 2757 1972 ab
2798 1918 2893 1973 illo
2928 1919 3072 1975 dicta
3106 1921 3315 1986 jactare
3364 1939 3478 1979 non

222 1997 509 2067 ἐνενόησεν
522 1998 598 2062 ὡς
611 1998 817 2052 ἐκείνου
832 1999 1080 2068 λέγοντος
1093 2000 1383 2073 κηρύττειν
1395 2005 1495 2056 οὐκ
1508 2005 1767 2076 ἐρυθριᾷς
1780 2023 1797 2072 ;

228 2087 303 2142 Τὸ
321 2088 562 2157 Πνεῦμα
581 2089 688 2143 τοῦ
716 2089 1059 2144 Υἱοῦιαὺτοῦ
1079 2108 1092 2122 '
1120 2089 1232 2164 [δ”]
1264 2093 1386 2147 οὐδὲ
1410 2093 1545 2164 γὰρ,
1592 2094 1702 2147 οὐδ’
1730 2091 1800 2165 ἦν

218 2179 402 2243 ἄλλως
440 2180 648 2250 βέλτιον
670 2182 843 2234 εἰπεῖν
865 2181 1009 2253 ’(50)
1028 2182 1124 2236 καὶ
1152 2183 1261 2254 γὰρ
1282 2185 1521 2255 ὀμοφυὲς
1556 2185 1650 2238 τοῦ
1670 2186 1799 2239 Υίοῦ

222 2270 321 2322 καὶ
340 2269 624 2339 όμοούσιον
655 2270 748 2323 καὶ
766 2271 868 2341 τῆς
894 2272 1061 2341 αὐτῆς
1086 2272 1245 2342 δόξης
1270 2275 1361 2327 καὶ
1379 2276 1544 2346 τιμῆς
1564 2274 1677 2348 [52]
1706 2276 1802 2329 καὶ

222 2360 579 2431 κυριότητοςο
625 2362 653 2414 6
674 2361 853 2414 τοίνυν
883 2360 1054 2431 λέγων
1080 2380 1094 2395 ·
1152 2364 1221 2417 Τὸ
1253 2364 1497 2434 Πνεῦμα
1522 2366 1628 2420 τοῦ
1663 2365 1800 2419 Υἱοῦ

219 2452 433 2518 αὐτοῦ,
462 2452 562 2522 τῆς
582 2451 795 2521 φύσεως
824 2453 921 2523 μὲν
939 2452 1244 2506 ἐκδιδάσκει
1270 2454 1331 2507 16
1350 2455 1797 2527 ἀπαράλλακτον,

225 2543 331 2614 τὴν
360 2544 419 2598 δὲ
434 2544 611 2597 αἰτίαν
633 2543 871 2614 οὐδαμοῦ
897 2544 1009 2615 (51)
1037 2546 1346 2613 συνεισάγει
1365 2546 1478 2618 (52)
1507 2549 1607 2619 τῆς
1629 2549 1801 2602 ἐκπο-

225 2634 468 2706 ρεύσεως
485 2651 500 2666 ο
520 2636 613 2689 καὶ
637 2634 734 2706 τὴν
769 2636 872 2705 μὲν
902 2638 1021 2689 κατ’
1043 2636 1232 2690 οὐσίαν
1262 2632 1400 2692 οἶδεν
1422 2638 1671 2709 ἑνότητα,
1706 2639 1801 2691 τὸν

219 2725 272 2777 δ’
304 2726 419 2795 (55)
464 2727 713 2796 ἐμοφυῶς
750 2728 1133 2797 προαγαγόντα
1154 2730 1253 2800 τὴν
1277 2730 1574 2785 ὑπόστασιν
1600 2732 1799 2803 οὐμεν-

220 2825 324 2879 οῦν
369 2825 618 2896 οὐδαμῶς
646 2825 758 2897 (54)
805 2826 1292 2897 συνανακηούττει,
1320 2828 1441 2882 οὐδὲ
1490 2828 1581 2882 τὸν
1628 2828 1802 2883 αἴτιον

220 2917 573 2971 ὑποδείκνυσι
597 2918 730 2986 (55).

296 3008 395 3078 νβ’.
438 3007 549 3081 [et]
574 3010 639 3062 Τί
666 3010 752 3076 δέ;
794 3008 868 3062 Οὑ
904 3008 1236 3078 θεολογεῖται
1264 3011 1416 3082 παρὰ
1444 3013 1581 3066 πᾶσι
1622 3013 1719 3066 καὶ
1774 3016 1802 3065 6

222 3101 417 3171 Πατὴρ
446 3101 598 3155 εἶναι
620 3101 727 3155 τοῦ
762 3099 1083 3173 Υὶοῦ;*Αρ’
1113 3097 1206 3155 οῦν
1257 3103 1322 3156 σὺ
1366 3102 1477 3174 (56)
1513 3104 1601 3159 διὰ
1644 3104 1801 3158 τοῦτο

222 3194 318 3246 καὶ
344 3192 455 3263 (57)
509 3193 763 3263 γέννησιν
816 3194 1180 3264 άναστρέψεις
1222 3194 1542 3265 αὐτῷ(58);
1601 3197 1733 3250 Είδ’
1772 3198 1802 3249 6

220 3251 417 3355 Πατὴρ
436 3251 675 3352 ’λέγεται
727 3284 825 3355 μὲν
854 3284 946 3337 τοῦ
995 3251 1175 3351 Ϋίοῦί
1196 3287 1295 3356 οὑχ
1321 3251 1409 3340 ὅτι.
1451 3251 1798 3358 γεγέννηται,
1827 3251 1869 3308 c

221 3376 343 3429 ἀλλ’
365 3376 553 3447 ἐπειδὴ
581 3377 864 3447 ὁμοούσιος
888 3393 901 3406 ’
929 3379 977 3430 εί
1005 3376 1186 3447 βούλει
1213 3377 1273 3431 δὲ
1310 3379 1404 3431 κα)⁵
1429 3380 1510 3432 ὅτι
1532 3380 1795 3450 γεγέννηο

221 3484 315 3518 ται
348 3467 461 3535 (59)
492 3481 505 3495 ·
540 3467 657 3531 πῶς
689 3466 923 3520 ἐνταῦθά
980 3484 1062 3520 σοι
1102 3468 1177 3521 Τὸ
1227 3466 1470 3536 Πνεῦμα
1499 3468 1663 3538 ῥηθὲν
1681 3467 1796 3539 (40)

224 3558 335 3611 τοῦ
365 3557 499 3612 Υίοῦ
538 3560 659 3612 ἀντὶ
688 3560 782 3612 τοῦ
813 3558 992 3627 λέγειν
1038 3558 1170 3611 αὐτὸ
1216 3558 1388 3611 αἴτιον
1419 3560 1513 3612 καὶ
1543 3575 1800 3630 προαγω-

223 3650 324 3719 γὸν
356 3652 436 3714 εἰς
491 3650 591 3723 τὴν
647 3650 742 3704 τοῦ
784 3652 1164 3723 προαγομένου
1210 3651 1305 3706 καὶ
1349 3651 1597 3706 αἰτιατοῦ
1642 3651 1797 3717 τάξιν

224 3743 547 3814 παρεσύρη;
579 3744 641 3796 Et
673 3744 780 3815 γάρ
807 3744 909 3797 πού
951 3761 1011 3797 σε
1045 3744 1142 3797 καὶ
1178 3744 1398 3798 ἀσεϐεῖν
1429 3744 1516 3799 διὰ
1549 3745 1653 3815 τῆς
1690 3726 1802 3800 τᾶῖν

222 3835 423 3904 φωνῶν
474 3836 793 3907 ὁμοιότητος
830 3836 970 3908 ἔρως
1025 3840 1298 3908 κατεῖχεν,
1348 3838 1545 3908 ἐπίσης
1582 3839 1683 3909 μὲν
1730 3840 1799 3894 ἂν

222 3921 295 3997 ἧς
322 3924 539 3978 ἀσεϐῶν
577 3925 768 3996 ὥσπερ
820 3925 1092 3994 προϐολέα
1136 3925 1197 3978 τὸ
1230 3924 1452 3994 Πνεῦμα
1480 3925 1653 3993 λέγων
1704 3926 1801 3979 τοῦ

225 4018 385 4085 Υίοῦ,
413 4018 586 4080 οὑτως
640 4018 735 4071 καὶ
784 4017 845 4070 τὸ
878 4018 1149 4070 ἀνάπαλιν
1191 4017 1288 4070 τοῦ
1344 4018 1663 4087 [ινεύματος
1709 4018 1801 4071 τὸν

224 4109 385 4162 Υίόν·
415 4108 556 4179 πλὴν
587 4108 757 4179 ἀλλ’ἢ
781 4125 845 4176 γε
880 4108 1055 4179 πλάνη
1111 4107 1199 4161 διά
1236 4124 1381 4170 τινος
1420 4107 1486 4161 ἂν
1535 4106 1796 4177 ἀφορμῆς

222 4203 325 4257 κα)⁸
350 4201 795 4271 παραδείγματος
819 4200 991 4254 ἐδόκει
1019 4199 1265 4267 προϊέναι
1286 4216 1300 4230 ο
1326 4198 1422 4254 νῦν
1448 4199 1505 4253 δέ
1524 4216 1607 4253 σοι
1630 4201 1723 4253 καὶ
1740 4200 1801 4252 τὸ

223 4294 424 4361 ἄλογον
446 4292 704 4363 Θεομαχεῖ
722 4293 830 4363 (Η)
857 4292 1023 4345 καὶτὸ
1049 4291 1317 4360 Θεομάχον
1346 4291 1484 4360 πρὸς
1511 4291 1573 4344 16
1590 4291 1802 4360 ἔμπλη-

224 4404 357 4441 κτον
382 4388 509 4456 περὶ
528 4386 639 4456 (42)
653 4388 751 4457 τῆς
766 4383 1072 4455 ὑπερϐολῆς
1093 4383 1386 4451 φιλονεικεῖ
1401 4385 1493 4436 καὶ
1508 4383 1800 4452 ἁντερίζει.

1901 2002 2224 2058 erubescis?
2248 2004 2508 2072 Spiritum
2550 2007 2676 2062 Filii
2711 2010 2818 2063 sui.
2858 2010 3048 2081 Neque
3092 2014 3237 2068 enim
3265 2024 3480 2085 poterat

1902 2092 1956 2148 id
1981 2094 2141 2149 aliter
2157 2096 2339 2165 aptius
2358 2098 2656 2153 enuntiari.
2687 2101 2783 2156 Est
2808 2102 2952 2157 enim
2973 2103 3211 2173 Spiritus
3234 2105 3477 2175 ejusdem

1901 2198 1966 2239 ac
1994 2184 2163 2239 Filius
2194 2195 2404 2242 naturae
2433 2198 2488 2243 et
2524 2190 2867 2259 substantiae,
2897 2193 3083 2265 gloria:
3108 2235 3123 2257 ,
3167 2194 3396 2250 honoris
3423 2203 3481 2249 et

1901 2277 2208 2348 potestatis.
2239 2278 2342 2343 Qui
2373 2295 2502 2351 ergo
2528 2282 2662 2337 dicit
2692 2282 2959 2353 Spiritum
2986 2285 3121 2341 Filii
3168 2288 3274 2349 sui,
3306 2296 3472 2342 natu-

1902 2388 1978 2426 ra:
1999 2372 2220 2442 quidem
2247 2374 2441 2430 edocet
2492 2377 2792 2446 perfectam
2837 2378 2958 2432 sine
3012 2377 3121 2432 ulla
3172 2376 3478 2433 din'erentia

1902 2463 2341 2527 similitudinem,
2369 2464 2445 2532 (et
2470 2465 2834 2535 identitatem)
2859 2483 3077 2523 causam
3107 2483 3238 2523 vero
3256 2483 3481 2538 proces-

1903 2553 2074 2609 sionis
2103 2568 2373 2623 nusquam
2398 2554 2642 2622 inducit;
2675 2574 2738 2612 ac
2763 2559 3082 2615 substantia:
3108 2559 3327 2630 quidem
3351 2560 3479 2613 uni-

1904 2652 2068 2701 tatem
2105 2648 2347 2717 agnoscit
2378 2686 2393 2711 ,
2443 2662 2569 2701 eum
2615 2663 2749 2703 vero
2785 2649 2878 2718 qui
2927 2650 3474 2705 consubstantialiter

1904 2736 2159 2806 produxit
2183 2737 2519 2809 bypostasin,
2546 2738 2868 2794 nullatenus
2900 2739 3179 2804 declarat,
3212 2757 3315 2797 uec
3344 2740 3481 2796 cau-

1905 2842 2019 2882 sam
2045 2826 2375 2885 subiudicat.

1976 3001 2065 3056 52.
2098 3002 2238 3068 Quid
2266 3005 2431 3058 vero?
2452 3003 2646 3059 Nonne
2678 3006 2747 3060 ab
2776 3006 3033 3061 omnibus
3059 3008 3363 3080 tlieologice
3399 3011 3483 3066 di—

1904 3093 2049 3148 citur
2077 3102 2136 3148 et
2170 3094 2328 3150 Pater
2356 3112 2463 3150 esse
2484 3096 2652 3151 Filii?
2676 3098 2817 3167 Ergo
2838 3106 3125 3167 propterea
3156 3109 3212 3154 et
3240 3111 3296 3155 tu
3324 3118 3485 3173 gene-

1904 3188 2011 3240 rari
2053 3203 2082 3241 a
2127 3187 2265 3241 Filio
2298 3189 2515 3243 Patrem
2564 3188 2896 3246 aﬂirmabis?
2923 3193 3078 3259 Quod
3117 3194 3161 3248 si
3202 3193 3363 3249 Pater
3395 3198 3484 3252 di-

1903 3279 2048 3333 citur
2078 3280 2221 3345 Filii,
2255 3296 2366 3334 non
2396 3280 2523 3350 quia
2563 3291 2890 3351 generatus,
2925 3285 3021 3339 sed
3064 3286 3190 3356 quia
3237 3294 3482 3344 consub-

1903 3370 2175 3424 stantialis
2198 3378 2303 3436 est,
2322 3371 2409 3425 vel
2436 3370 2481 3425 si
2510 3371 2611 3436 vis,
2637 3382 2692 3428 et
2717 3375 2845 3444 quia
2871 3376 3087 3445 genitus
3117 3377 3220 3432 fuit
3237 3379 3478 3451 (Filius),

1902 3459 2176 3529 quomodo
2206 3459 2298 3515 hic
2335 3469 2393 3515 tu
2427 3462 2655 3517 audiens
2682 3462 2943 3533 Spiritum
2961 3464 3095 3521 Filii
3118 3482 3229 3523 non
3261 3485 3477 3525 causam

1902 3566 2027 3605 eum
2054 3566 2118 3607 ac
2162 3550 2544 3622 productorem
2585 3553 2820 3618 asseris,
2881 3555 2976 3609 sed
3028 3555 3086 3610 in
3129 3558 3377 3627 producti
3424 3571 3483 3616 et

1902 3644 2114 3701 causali
2142 3644 2389 3702 ordinem
2423 3644 2665 3701 traducis
2692 3656 2749 3701 et
2775 3647 3070 3704 detrudis?
3096 3644 3228 3705 Nam
3256 3652 3303 3706 si
3334 3652 3479 3709 forte

1905 3737 2133 3808 impium
2162 3747 2215 3792 te
2235 3737 2495 3792 exhibere
2508 3753 2608 3807 per
2628 3753 2823 3793 vocum
2848 3740 3261 3796 similitudinem
3288 3744 3481 3813 cupie-

1904 3828 2024 3891 bas,
2053 3843 2208 3899 azque
2244 3829 2537 3885 exsisteres
2562 3829 2762 3899 impius
2781 3829 3017 3887 dicendo
3047 3830 3313 3903 Spiritum
3346 3850 3478 3906 pro-

1904 3922 2188 3977 ductorem
2220 3919 2364 3987 Filii,
2396 3938 2557 3993 quam
2580 3923 2625 3977 si
2643 3922 2781 3977 dicis
2804 3922 2925 3978 vice
2946 3939 3100 3979 versa
3134 3924 3328 3981 Filium
3362 3944 3481 3998 pro-

1903 4016 2186 4072 ductorem
2214 4016 2490 4087 Spiritus;
2538 4016 2646 4071 nisi
2676 4011 2820 4087 quod
2854 4016 2945 4072 hic
2972 4034 3128 4073 error
3158 4034 3257 4090 per
3285 4036 3482 4089 quam-

1906 4108 2031 4163 dam
2065 4108 2178 4163 veri
2204 4109 2442 4178 speciem
2469 4109 2767 4179 procedere
2796 4116 2852 4163 et
2881 4112 3130 4181 exemplo
3167 4114 3481 4171 conﬁrmari

1906 4199 2370 4256 videretur.Nunc
2389 4216 2519 4256 vero
2549 4208 2605 4253 et
2634 4200 2946 4256 absurditas
2964 4211 3055 4257 tua
3080 4205 3295 4261 exsistit
3314 4206 3481 4278 impia

1909 4300 1966 4347 et
1993 4292 2245 4361 impietas
2277 4307 2401 4346 cum
2427 4292 2657 4347 stultitia
2688 4291 2756 4347 de
2802 4294 3166 4362 praecellentia
3203 4301 3484 4355 contendit

1911 4400 1975 4439 ac
2004 4384 2196 4455 litigat.

1321 4498 1551 4554 VARI/1‘3
1590 4498 1981 4556 LECTIONES
2018 4499 2105 4553 ET
2145 4497 2381 4553 NOTAE.

324 4618 417 4688 25)
460 4618 604 4672 Mon.
638 4618 972 4688 βλάσφημον.

326 4685 417 4757 26)
452 4690 551 4758 Ερ.
580 4685 647 4743 ad
676 4685 910 4758 Aquilei.
936 4688 1044 4742 :T6
1073 4685 1297 4755 Πνεῦμα
1330 4686 1509 4758 τοίνυν
1538 4687 1631 4741 τοῦ
1668 4688 1800 4743 Υἱοῦ

226 4761 257 4813 6
292 4756 585 4829 μετάρσιος
648 4756 936 4829 ἄνθρωπος
961 4759 1109 4827 λέγει
1158 4756 1678 4829 ὰπεστάλθαιᾏπαρὰ
1706 4759 1800 4829 τοῦ

228 4826 478 4900 Πατρός·
539 4828 666 4897 λέγε
744 4826 837 4881 καὶ
907 4829 972 4900 σύ
1030 4829 1161 4900 τὴν
1220 4827 1395 4900 αὐτὴν
1457 4826 1805 4900 τῷῌΠαύλψ

230 4895 442 4969 φωνην.
484 4895 669 4969 ίἘστι
726 4899 951 4969 γὰρᾼτὸ
1026 4895 1249 4969 Πνεῦμα
1303 4895 1397 4950 τοῦ
1456 4895 1608 4961 Υίοῦ,
1678 4900 1801 4969 ἐπεὶ

229 4967 691 5039 μηδ’”άλλότριον
741 4967 876 5039 ,μηδ’
918 4968 1416 5039 ἀντιφθεγγόμενον
1462 4969 1631 5039 αὐτῷ,
1671 4968 1797 5039 μηδ’

224 5036 679 5108 ἆντινομοθετήοῦν
730 5036 885 5109 ὤφθη
944 5036 1113 5093 ποτέ⁶
1169 5036 1285 5109 ἀλλ’
1329 5036 1797 5109 ὃτιῶσπερτῆς

224 5111 402 5189 αὐτῇς
452 5110 656 5189 οὐσίας.
691 5109 787 5162 καὶ
838 5108 1145 5189 δυνάμεως.
1165 5108 1317 5189 ρῦτω
1352 5108 1573 5189 καὶτῆς
1623 5109 1796 5189 αὐτ-’ἧς

226 5177 426 5250 βουλῆς
446 5181 541 5231 καὶ
560 5179 785 5249 γνώμης
818 5178 912 5231 καὶ
940 5177 1036 5250 τῆς
1060 5179 1229 5248 αὐτῆς
1255 5178 1456 5250 ὁμοίως
1476 5177 1695 5250 πρὸςᾼτὸ
1715 5177 1795 5245 ἒν,

226 5197 426 5250 ponar};
446 5197 541 5231 και
560 5197 785 5249 γνωμης
818 5197 912 5231 και
940 5197 1036 5301 ττὲς
1060 5197 1229 5248 αυτης
1255 5197 1456 5247 ομοιως
1476 5197 1611 5247 προς
1634 5197 1695 5230 το
1715 5197 1795 5245 εν,

225 5251 289 5328 ἐς
299 5245 361 5303 οὖ
375 5250 902 5328 τὸμὲνγεγ-έννηται,
920 5250 989 5328 16_
1099 5247 1795 5328 ignop_560q._0uvva605mg,

223 5314 385 5373 εἶπεν
404 5314 544 5372 εἷναι
572 5314 992 5387 τδήΠνεῦματοῦ
1018 5319 1171 5373 Υἰοῦ.
1204 5314 1361 5371 Οὕτω
1378 5314 1621 5371 κάκεῖνοι
1643 5317 1798 5385 λεγέο

222 5407 410 5459 τῳσαν
429 5406 444 5420 ·
470 5390 643 5452 οὐδεὶς
667 5389 865 5450 αὐτοὺς
906 5391 1171 5459 αἱρέσεως
1198 5390 1226 5440 ὁ
1276 5389 1645 5459 γραφόμενος.
1679 5390 1795 5443 Οὐκ

228 5458 409 5545 είπενς
428 5461 817 5545 Ἐκπορὶεύετσὲι
833 5459 939 5545 ⁷τοῦ
960 5458 1390 5545 Υίοῦθᾼντοῦτό
1412 5459 1791 5545 τινεςςλέγοίσι,

223 5531 323 5583 καὶ
348 5531 449 5599 τὴν
506 5528 719 5584 Παύλου
775 5528 1125 5599 διδασκαλίαν
1158 5528 1441 5598 ὑϐρίζουσι
1490 5530 1585 5582 καὶ
1634 5528 1794 5599 δόξης

219 5618 241 5654 ι
266 5598 512 5669 ίρετικῆς
543 5602 739 5663 αὐτοὺς
776 5598 993 5668 ἐνόχους
1017 5600 1373 5669 δεικνύουσιν.

300 5669 417 5738 (27)
454 5671 569 5725 Col.
620 5671 713 5722 τοῦ
750 5670 877 5721 Υίού
914 5668 1079 5723 αὐτοῦ
1104 5669 1301 5732 καλῶς.

297 5741 413 5809 (28)
443 5741 561 5794 Col.
585 5744 639 5791 τι
664 5740 882 5807 δήποτε.

302 5803 416 5882 (29)
453 5810 596 5882 blon.
634 5809 672 5863 l'.
698 5803 802 5863 6:39
833 5826 883 5864 ιι.
909 5807 1170 5882 δι’-ἂνμὲν
1202 5803 1315 5882 εἶλπ.

304 5878 421 5950 (50)
454 5880 600 5936 Mon.
648 5882 836 5952 ὲρπείν
913 5880 1120 5941 habuit.
1171 5880 1266 5935 sed
1314 5888 1618 5935 correctum
1671 5886 1787 5942 est;

565 5976 831 6036 PATIOL.
863 5974 978 6035 Gtt.
1017 5975 1147 6035 Cll.

1838 4600 1882 4653 ί)
1911 4617 2090 4702 513.95
2202 4631 2374 4702 marg.
2400 4616 2684 4696 suppletur

1981 4687 2094 4751 (51)
2121 4687 2238 4741 Col.
2264 4687 2538 4755 οὐδαμῶς.

1980 4757 2097 4826 (52)
2132 4757 2278 4812 Mon.
2307 4757 2552 4823 συνάγει.

1979 4829 2093 4895 (55)
2119 4828 2267 4881 Μοη.
2316 4826 2426 4879 οὐδ’
2460 4829 2488 4879 6
2497 4842 2624 4894 μοφ.

1978 4897 2088 4964 (54)
2120 4897 2237 4953 Col.
2269 4896 2530 4965 οὐδαμοῦ.

1976 4969 2089 5038 (55)
2133 4968 2278 5038 Mori.
2305 4968 2673 5038 ἀποδείκνυσι.

1979 5037 2093 5107 (56)
2126 5037 2268 5091 Mon.
2299 5037 2499 5092 omittit
2543 5037 2630 5090 σύ.

1980 5108 2096 5177 (57)
2119 5107 2236 5164 Col.

1977 5173 2087 5249 (58)
2124 5177 2180 5231 In
2237 5173 2343 5249 ep;
2383 5173 2452 5249 ad
2504 5175 2787 5249 Aquileii:
2830 5175 2892 5228 Ei
2945 5173 2991 5228 6‘
3029 5177 3117 5249 δτι
3144 5176 3367 5249 λέγεται
3411 5178 3472 5231 16

1904 5245 2133 5318 Πνεῦμα
2172 5245 2453 5310 τοῦἹἸοῦ,
2490 5247 2601 5318 λδιὰ
2656 5245 2815 5318 τοῦτο
2867 5246 3237 5318 φαντάζονται
3290 5248 3382 5301 καὶ
3410 5249 3472 5301 τὸ

2268 5107 2366 5179 τὴν
2393 5110 2507 5179 γέν.

1902 5316 2320 5389 ἐκπορεύεσθαι,
2344 5319 2439 5389 καί
2455 5316 2545 5369 τὸν
2566 5316 2783 5389 Πατέρα
2800 5317 2892 5389 τοῦ
2915 5317 3043 5389 Υίοῦ
3057 5318 3477 5389 δογματίζουσιν

1902 5386 2353 5460 ἐκπορεύεσθαιξΔ
2381 5386 2596 5460 λέγεται
2641 5388 2751 5460 γάρ
2780 5389 2807 5439 6
2840 5387 3027 5460 Πατὴρ
3058 5386 3334 5460 πανταχοῦ
3378 5387 3473 5460 τοῦ

1902 5455 2057 5523 Υίοῦ,
2092 5462 2187 5511 καὶ
2210 5456 2464 5529 Ῠπολλούς
2492 5455 2538 5508 6'
2566 5455 2632 5529 ἂν
2663 5455 2729 5510 οί
2755 5455 3008 5510 τοιοῦτοί
3042 5455 3341 5529 προϐολῆς
3380 5458 3473 5509 καὶ

1902 5531 2050 5584 αἴτια
2080 5530 2173 5581 τοῦ
2206 5526 2523 5609 Πνεύματος
2557 5528 2979 5609 ὐποστήσονται.

1980 5599 2089 5665 (59)
2125 5598 2242 5651 Col.
2262 5597 2344 5649 ὅτι
2362 5598 2706 5668 γεγέννησεν⁶
2734 5597 2872 5660 πῶς.

1978 5670 2091 5735 (to;
2121 5668 2267 5721 Mon.
2298 5666 2457 5736 ῥηθῇ.

1976 5740 2089 5805 (41)
2120 5738 2263 5791 Mon.
2296 5738 2555 5804 Θεολογετ.

1974 5811 2085 5879 (42)
2125 5807 2259 5878 Περί
2293 5806 2495 5862 omittit
2528 5806 2671 5862 :‘lon.

3046 5968 3113 6028 11
