4014 6466
500 456 606 521 335

1628 460 1893 522 ΡΗΟΤΙΙ
1931 456 2441 519 ΡΑΤΒΙΑΒΟΗᾹΞ
2479 458 2587 521 CP.

3660 459 3776 521 336

500 570 782 625 missionis
818 579 874 626 et
904 570 1123 626 virtutis
1158 580 1214 626 et
1246 571 1614 638 rcvelationis,
1650 570 1868 626 consilii
1912 571 2076 625 etiam

2193 571 2278 622 καὶ
2302 569 2590 639 δυνάμεως
2615 572 2708 625 καὶ
2737 570 3157 641 ἀποκαλύψεως,
3177 570 3374 641 βουλῆς
3390 586 3448 624 τε
3465 572 3559 624 καὶ
3580 570 3776 641 ἰσχύος

504 673 559 717 et
589 662 929 721 fortitudinis
976 674 1033 718 et
1068 664 1285 735 pietatis
1324 672 1380 718 et
1422 662 1860 718 mansuetudinis
1887 662 1970 716 ⁶⁶ε
2010 661 2080 715 Et

500 756 548 810 si
580 768 977 826 prwoccupatus
1007 760 1163 830 fuerit
1201 760 1374 824 homo,
1412 757 1609 827 inquit,
1652 758 1708 830 in
1757 757 1939 827 aliqua
1985 757 2080 809 de-

506 846 648 909 licto,
670 866 757 904 vos
782 851 870 919 qui
907 829 1204 918 spirituales
1235 850 1380 913 (stis,
1400 849 1642 902 instruite
1660 829 1776 902 eum
1798 849 1853 901 in
1875 847 2081 917 Spiritu

508 942 925 997 mansuetudinis
973 941 1247 1010 (lenitatis)
1277 942 1341 995 ⁸⁸.
1392 942 1469 996 Ita
1502 940 1722 1003 Paulus,
1760 941 1927 1012 ignita
1957 940 2082 1010 Spi-

502 1037 644 1091 ritus
690 1038 896 1108 lingua.
949 1036 1156 1090 Dicitur
1211 1036 1375 1090 etiam
1419 1035 1658 1105 Spiritus
1711 1035 2077 1097 sensationis;

498 1130 582 1184 ait
604 1131 749 1183 enim
776 1129 1055 1198 Scriptura
1080 1146 1094 1182 τ
1126 1127 1257 1181 Ecce
1282 1129 1459 1182 vocavi
1480 1145 1545 1183 ea:
1566 1128 1774 1182 nomine
1812 1126 2078 1191 Beseleel;

504 1222 697 1290 replevi
745 1238 863 1275 eum
902 1220 1111 1289 Spiritu
1148 1222 1427 1291 sapientia:
1460 1231 1510 1276 et
1553 1222 1788 1276 scientia~
1814 1230 1862 1273 et
1899 1238 2081 1275 sensa-

500 1312 744 1364 :tiom's‘".
777 1311 899 1364 Non
934 1311 1107 1365 solum
1140 1310 1265 1373 hoc,
1300 1326 1489 1366 verum
1523 1320 1579 1365 et
1606 1310 1841 1381 Spiritus
1868 1310 2085 1365 humili-

508 1404 654 1460 tatis.
699 1412 760 1456 ut
788 1411 994 1457 canunt
1037 1405 1194 1474 pueri
1240 1404 1295 1458 in
1349 1404 1473 1474 igne
1524 1402 1866 1474 refrigerium
1894 1401 2081 1455 nacti:

507 1494 610 1550 Sed
643 1497 699 1549 in
728 1498 907 1549 animo
938 1497 1165 1550 contrito
1199 1506 1247 1549 et
1282 1496 1335 1549 in
1373 1495 1577 1567 Spiritu
1603 1494 1940 1558 humilitatis,
1971 1510 2085 1546 sus-

506 1588 769 1657 cipiamur
797 1588 862 1640 ⁸⁸.
918 1587 1025 1642 Sed
1054 1595 1108 1641 ct
1140 1584 1376 1656 Spiritus
1399 1585 1589 1655 judicii
1621 1594 1678 1639 et
1705 1583 1936 1645 ardoris,
1964 1581 2087 1651 qui-

505 1680 608 1734 bus
639 1679 821 1734 verbis
854 1680 1014 1734 ultrix
1044 1689 1099 1733 et
1136 1679 1415 1749 purgatrix
1448 1678 1684 1748 Spiritus
1712 1677 1886 1731 virtus
1907 1677 2087 1731 mani-

504 1775 759 1829 festatur.
792 1773 1011 1828 Etenim
1042 1772 1211 1828 Isaias
1234 1772 1465 1827 clamat:
1496 1769 1756 1841 Purgabit
1790 1787 1874 1823 eos
1901 1768 2086 1823 Domi-

507 1884 605 1921 nus
653 1867 864 1937 Spiritu
908 1866 1099 1937 judicii
1158 1875 1206 1919 et
1265 1865 1473 1918 ardoris
1497 1865 1583 1931 ⁸⁹;
1619 1863 1715 1918 sed
1748 1870 1804 1915 et
1854 1861 2087 1932 Spiritus

505 1958 886 2029 plenitudinis,
919 1973 1044 2012 nam
1089 1973 1197 2027 quo
1252 1957 1644 2027 prophetarum
1692 1947 1875 2008 nullus
1915 1953 2085 2023 magis

504 2050 847 2121 compatiens
906 2050 1122 2104 caeteris
1170 2058 1255 2104 est
1303 2047 1590 2111 Jeremias,
1634 2047 1727 2102 Via
1764 2046 1889 2115 ﬁlia:
1933 2043 2081 2107 Sion,

510 2143 705 2212 inquit,
739 2159 840 2195 non
862 2143 919 2195 in
950 2150 1211 2204 sanctum,
1249 2157 1341 2193 nec
1375 2142 1431 2193 in
1452 2156 1645 2207 parum
1676 2138 1937 2207 Spiritum
1972 2136 2084 2201 ple-

507 2234 763 2289 nitudinis
805 2233 870 2298 7°,
924 2248 1023 2302 pro
1059 2248 1125 2286 eo
1175 2241 1233 2285 ut
1281 2230 1533 2285 diceret:
1585 2229 1703 2284 Non
1748 2228 1953 2299 repleta
2000 2235 2086 2282 est

508 2343 649 2399 puro
690 2334 747 2380 ct
774 2334 966 2380 sancto
1003 2323 1232 2395 Spiritu.
1280 2323 1420 2390 Quid
1450 2323 1621 2394 ergo?
1663 2321 1861 2377 ldeoue
1891 2330 1948 2377 tu
1988 2335 2085 2376 su-

507 2419 735 2492 percilio
790 2427 1072 2473 contracto
1122 2432 1186 2471 ex
1241 2416 1422 2481 donis,
1471 2432 1592 2486 qua:
1629 2416 1719 2469 ille
1768 2414 1993 2485 iargitur
2021 2428 2085 2470 ac

506 2513 709 2575 donat,
771 2509 1069 2581 procedere
1125 2508 1530 2563 sanctissimum
1590 2505 1855 2575 Spiritum
1917 2504 2085 2574 impia

508 2603 923 2658 ratiocinatione
957 2600 1252 2656 atlirmabis
1297 2614 1362 2655 ac
1405 2598 1817 2654 subsistentiam
1867 2612 1931 2651 ac
1957 2612 2085 2666 pro-

509 2696 813 2751 cessionem
833 2710 985 2749 suam
1018 2694 1144 2749 inde
1174 2693 1433 2748 trahere?
1465 2689 1542 2746 Ne
1565 2692 1728 2763 igitur
1757 2702 1809 2745 te
1832 2690 2087 2760 impietas

512 2789 898 2845 blandimentis
926 2787 1042 2842 suis
1080 2786 1322 2857 pelliciat
1348 2786 1415 2840 ad
1446 2784 1687 2840 fallacias
1715 2794 1905 2840 contra
1934 2793 2083 2838 tuam

509 2882 683 2951 ipsius
720 2880 951 2933 salutem
998 2876 1363 2931 consuendas.
1412 2873 1568 2941 Quod
1620 2874 1767 2928 enim
1801 2873 1971 2927 Filius
2030 2881 2088 2926 et

509 2972 748 3027 Verbum
790 2971 883 3025 Dei
924 2979 980 3025 et
1038 2968 1317 3040 Sapientia
1363 2967 1642 3023 et'Virtus
1684 2976 1739 3023 et
1778 2965 1996 3022 Veritas
2029 2966 2083 3019 in

510 3065 681 3120 sacris
718 3064 917 3119 nostris
945 3062 1226 3117 codicibus
1255 3069 1600 3130 nuncupetur
1629 3060 1699 3125 ⁷⁸,
1736 3058 1943 3115 nemini
1975 3073 2085 3112 non

508 3169 594 3213 εει
624 3156 1002 3221 notissimum;
1039 3155 1180 3225 quod
1226 3164 1406 3208 autem
1454 3163 1508 3209 et
1535 3152 1914 3208 sanctissimus
1962 3150 2089 3223 Spi-

2184 664 2280 717 xai.
2324 664 2610 728 εὐσεϐείας
2656 665 2752 718 καὶ
2797 664 3105 735 πραότητος
3131 680 3145 693 ’
3191 664 3327 717 Ἐὰν
3356 663 3455 716 καὶ
3475 663 3589 734 (87)
3615 678 3781 732 προ-

2183 752 2390 823 ληφθῇ
2436 754 2747 823 ἅνθρωπος
2792 754 2864 809 ἓν
2896 771 3012 808 τινι
3062 753 3517 823 παραπτώματι,
3574 754 3779 822 ὑμεῖς,

2185 849 2369 918 φησὶν,
2421 846 2909 916 οίπνευματικοὶ,
2941 844 3312 915 καταρτίζετε
3330 846 3522 900 αὑτὸν
3545 847 3662 915 (88)
3706 847 3781 899 ἐν

2184 942 2486 1009 Πνεύματι
2537 942 2893 1008 πραότητος,
2925 938 3041 1011 [5η
3077 938 3290 1002 Παῦλος
3333 941 3366 1009 ή
3416 940 3621 1010 πυρξνη
3651 940 3778 1008 (89)

2185 1034 2407 1103 γλῶσσα
2434 1033 2529 1086 τοῦ
2567 1032 2908 1103 Πνεύματος.
2933 1033 3042 1084 Καὶ
3076 1031 3142 1103 δὴ
3178 1032 3275 1083 καὶ
3308 1030 3540 1099 Πνεῦμα
3573 1031 3777 1101 αἰσθή-

2187 1144 2324 1190 σεως
2343 1127 2475 1197 (90)’
2509 1126 2656 1195 λέγει
2700 1126 2810 1195 γὰρ
2842 1125 2910 1178 τὰ
2950 1123 3121 1191 Λόγια
3151 1124 3299 1193 (91)·
3356 1122 3502 1177 Ἰδοὺ
3542 1121 3778 1188 κέκλη-

2184 1235 2264 1272 κα
2286 1219 2356 1282 ἐξ
2403 1218 2697 1286 ὀνόματος
2735 1218 2844 1271 τὸν
2891 1214 3245 1281 Βεσελεήλ’
3297 1214 3629 1282 ἐπλήρωσα
3652 1212 3776 1283 (92)

2183 1317 2371 1369 αὐτὸν
2404 1314 2647 1382 Πνεῦμα
2676 1314 2898 1383 σοφίας
2927 1313 3025 1366 καὶ
3056 1310 3397 1378 ἐπιστήμης
3423 1310 3523 1361 καὶ
3553 1306 3777 1372 αἰσθή-

2184 1424 2362 1474 σεως.
2398 1408 2473 1461 Οὐ
2493 1409 2621 1477 μὴν,
2645 1406 2782 1461 ἀλλὰ
2809 1407 2902 1459 κα)¹
2927 1402 3309 1465 ταπεινώσεως
3339 1403 3559 1469 λέγεται
3592 1399 3774 1453 Πνεῦο

2190 1518 2287 1571 μα,
2318 1500 2393 1564 ὥς
2434 1518 2537 1553 που
2567 1499 2861 1568 ψάλλουσιν
2890 1500 2941 1551 οἱ
2990 1497 3181 1560 παῖδες
3245 1496 3324 1565 τῷ
3357 1496 3493 1566 πυρ).
3521 1493 3776 1565 δροσιξό.

2189 1609 2340 1662 μενοι
2366 1608 2379 1621 ⁵
2424 1592 2587 1646 Ἀλλ’
2610 1588 2873 1659 ἐνψυχῇ
2925 1587 3403 1657 συντετριμμένῃ
3438 1588 3537 1640 καὶ
3574 1587 3769 1639 [1νεύ-

2180 1700 2326 1753 ματι
2372 1682 2788 1749 ταπεινώσεως
2836 1681 3374 1751 προσδεχθείημεν.
3456 1678 3620 1732 Ἀλλὰ
3674 1679 3775 1732 καὶ

2189 1777 2427 1847 κρίσεως
2486 1777 2712 1848 Πνεῦμα
2771 1777 2866 1830 καὶ
2916 1775 3168 1838 καύσεως
3217 1773 3460 1842 λέγεται,
3520 1771 3590 1826 δι’
3620 1765 3701 1824 ὧν
3739 1773 3773 1842 ἡ

2189 1870 2535 1941 τιμωρητική
2583 1886 2645 1922 τε
2686 1868 2782 1921 καὶ
2834 1866 3144 1937 καθαρτικὴ
3174 1864 3288 1937 (95)
3315 1865 3411 1918 τοῦ
3446 1864 3774 1933 Πνεύματος

2191 1964 2547 2033 ἐμφανίζεται
2572 1964 2685 2035 (94)
2735 1964 2981 2034 δύναμις.
3018 1964 3130 2017 Καὶ
3186 1963 3294 2032 γὰρ
3353 1962 3585 2022 Ἡσαΐας
3632 1960 3771 2031 βοᾷο

2190 2055 2591 2126 Καθαριεῖ(95)
2651 2055 2874 2122 αὐτοὺς
2926 2052 3143 2123 Κύριος
3187 2054 3485 2123 Πνεύματι
3516 2054 3775 2121 κρίσεως

2191 2146 2291 2199 καὶ
2332 2148 2633 2217 Πνεύματι
2674 2149 2968 2211 καύσεως.
3035 2144 3196 2199 Ἀλλὰ
3249 2147 3355 2217 μὴν
3417 2146 3510 2199 καὶ
3542 2144 3779 2214 Πνεῦμα

2191 2237 2529 2309 πληρώσεως
2548 2281 2562 2305 ,
2592 2242 2620 2293 ὁ
2639 2240 2748 2292 τῶν
2780 2239 3075 2310 προφητῶν
3112 2238 3561 2309 συμπαθέστατυς
3608 2237 3775 2307 Ἱερε-

2195 2328 2326 2401 μίας
2352 2329 2648 2399 λέγει(96)’
2693 2329 2755 2384 Ἠ
2784 2329 2928 2394 ὁδὸς
2968 2327 3079 2396 τῆς
3126 2328 3419 2398 θυγατρὸς
3464 2327 3571 2381 τοῦ
3612 2326 3772 2381 λαοῦ

2186 2437 2307 2491 μου
2334 2422 2444 2474 οὐκ
2474 2423 2561 2487 εὶς
2591 2420 2763 2490 ἅγιον
2787 2421 2926 2475 οὔτε
2949 2422 3036 2485 είς
3064 2420 3327 2488 καθαρὸν
3354 2419 3600 2489 Πνεῦμα
3621 2422 3776 2485 πλη-

2183 2512 2429 2580 ρώσεως
2452 2529 2466 2543 ’
2512 2513 2634 2565 ἀντὶ
2685 2511 2813 2565 ’ποῦ’
2864 2512 2938 2565 Οὐ
2992 2511 3350 2583 πεπλήρωται
3384 2510 3629 2582 καθαροῦ
3676 2510 3775 2563 καὶ

2191 2607 2348 2675 ἁγίου
2417 2606 2757 2672 Πνεύματος.
2796 2606 2862 2659 Τί
2914 2602 3011 2661 οὖν
3041 2607 3153 2678 (97)
3211 2606 3301 2661 διὰ
3350 2606 3509 2659 τοῦτο
3552 2607 3620 2658 σὺ
3673 2607 3775 2675 τὴν

2191 2700 2364 2766 ὀφρὺν
2419 2699 2855 2770 ἀνασπᾷς(98);
2910 2700 2976 2752 ὲκ
3028 2698 3137 2752 τῶν
3191 2698 3571 2769 χαρισμάτων,
3629 2697 3775 2768 ἅπερ

2192 2792 2328 2846 αὐτὸ
2356 2794 2587 2863 χορηγεῖ
2615 2794 2711 2845 καὶ
2738 2791 3048 2863 χαρίζεται,
3079 2790 3141 2843 τδ
3178 2791 3449 2859 πανάγιον
3492 2789 3771 2860 θεομαχή-

2193 2902 2308 2948 σεις
2337 2883 2736 2957 ἐκπορεύεσθαι
2767 2884 2989 2954 Πνεῦμα
3020 2886 3113 2939 καὶ
3142 2885 3243 2954 τὴν
3275 2883 3515 2955 ὕπαρξιν
3537 2884 3636 2937 καὶ
3672 2882 3776 2954 τὴν

2193 2976 2523 3047 ὲκπόρευσιν
2551 2969 2777 3030 ’ἐκεῖθεν
2826 2976 3087 3043 ὲλκύσαι;
3128 2978 3225 3029 καὶ
3255 2977 3330 3047 μή
3382 2993 3443 3029 σε
3496 2977 3596 3045 τῆς
3645 2977 3774 3029 ἀσεο

2196 3069 2351 3133 ϐείας
2389 3071 2424 3138 ἡ
2477 3069 2816 3141 πρόσκλησις
2852 3072 2917 3124 ὲκ
2972 3070 3081 3124 τῶν
3130 3068 3323 3134 δεξιῶν
3375 3069 3774 3140 ὑποδραμοῦσα

2194 3164 2294 3235 τὴν
2354 3164 2453 3235 σὴν
2508 3164 2784 3237 ἀναπείσῃ
2818 3162 3285 3233 κατασοφίζεσθαι
3310 3161 3424 3233 (99)
3472 3161 3770 3233 σωτηρίαν.

510 3251 650 3305 ritus
679 3265 787 3303 non
828 3250 1003 3303 solum
1055 3248 1264 3302 dicatur
1311 3246 1544 3317 Spiritus
1588 3246 1730 3313 Filii,
1777 3247 1873 3302 sed
1922 3248 2085 3301 etiam

2193 3261 2274 3314 ὅτι
2306 3259 2405 3329 μὲν
2442 3256 2553 3329 γὰρ
2584 3260 2614 3311 ὁ
2643 3256 2771 3320 Υἱὸς
2823 3256 2918 3309 καὶ
2968 3257 3139 3323 Λόγος
3186 3254 3281 3308 τοῦ
3316 3253 3451 3308 Θεοῦ
3482 3255 3577 3307 καὶ
3604 3254 3775 3321 Empta.

511 3342 748 3413 Spiritus
775 3342 1067 3405 donorum,
1106 3355 1337 3410 quorum
1369 3337 1873 3393 distribuendorum
1930 3345 2089 3409 pote-

513 3441 705 3487 statem
757 3431 940 3495 habet,
978 3445 1131 3500 teque
1170 3438 1255 3484 est
1295 3429 1364 3483 iis
1406 3429 1747 3499 exploratum
1799 3428 1891 3500 qui
1927 3428 2089 3485 intel«

513 3528 713 3582 lectum
739 3540 803 3580 ac
828 3538 1051 3579 sensum
1084 3522 1289 3578 habent
1316 3522 1543 3577 Christi.

584 3895 670 3951 58.
712 3896 1006 3968 Lexigitur
1028 3905 1115 3951 tua
1145 3897 1238 3952 tibi
1263 3899 1565 3969 praecipiet,
1585 3899 1697 3955 imo
1727 3899 1913 3970 potius
1934 3912 2091 3975 coget

510 4004 774 4068 asserere,
834 4005 944 4043 non
1009 3989 1184 4043 solum
1226 3989 1484 4061 Spiritum
1527 4007 1558 4046 a
1588 3992 1726 4049 Filio
1769 3995 2089 4064 procedere,

511 4082 634 4151 quia
673 4079 910 4151 Spiritus
945 4078 1064 4134 Filii
1097 4080 1321 4141 dicitur.
1351 4083 1444 4137 sed
1483 4084 1647 4139 etiam
1678 4084 1746 4140 ab
1782 4086 2086 4158 intelligen-

510 4174 585 4228 tia
610 4184 667 4229 et
695 4173 926 4228 aliorum
954 4173 1223 4228 donorum
1253 4174 1641 4231 distributione
1676 4186 1731 4232 et
1752 4194 1784 4233 a
1817 4181 2091 4237 sexcentis

511 4266 631 4319 aliis
672 4265 872 4320 divinis
919 4267 1331 4335 operationibus
1366 4284 1431 4321 ac
1480 4269 1796 4338 virtutibus,
1857 4288 2087 4343 quarum

511 4359 889 4413 sanctissimus
933 4358 1168 4428 Spiritus
1206 4359 1329 4413 fons
1386 4369 1442 4415 et
1497 4361 1719 4432 largitor
1762 4365 2089 4435 praedicatur

510 4461 674 4520 atque
706 4449 1036 4520 agnoscitur,
1056 4450 1329 4521 praecipue
1360 4467 1490 4507 vero
1514 4469 1545 4508 a
1575 4454 1704 4522 (ide,
1728 4457 2083 4525 revelatione,

512 4542 893 4613 promissione,
927 4542 1131 4616 judicio
1155 4552 1211 4599 et
1248 4543 1619 4617 intelligentia,
1674 4550 1931 4619 quoniam
1986 4569 2083 4610 ne-

2190 3351 2285 3406 καὶ
2313 3350 2553 3421 Δύναμις
2582 3350 2679 3403 καὶ
2726 3347 2981 3419 Ἀλήθεια
3018 3349 3131 3411 τοῖς
3159 3347 3325 3417 ἱεροῖς
3350 3345 3508 3416 ἡμῶν
3558 3346 3769 3415 ἀνακη-

2192 3443 2447 3515 ρύττεται
2473 3440 2589 3515 (58]
2619 3441 2813 3510 Λόγοις
2846 3440 2946 3512 (1),
2983 3442 3150 3494 πᾶσιν
3203 3440 3237 3511 ἡ
3297 3438 3499 3508 γνῶσις
3534 3437 3774 3507 ὲξήπλω-

2188 3554 2281 3592 ται
2300 3554 2315 3568 ⁸
2347 3538 2430 3591 ὅτι
2459 3535 2516 3588 δὲ
2538 3536 2635 3589 καὶ
2665 3536 2727 3589 τὸ
2750 3534 3021 3602 πανάγιον
3068 3531 3295 3602 Πνεῦμα
3322 3532 3384 3585 οὗ
3420 3531 3584 3602 μόνον
3613 3530 3769 3597 λέγε-

2188 3644 2283 3682 ται
2312 3627 2406 3680 τοῦ
2452 3626 2609 3692 Υίοῦ,
2638 3626 2774 3680 ἀλλὰ
2816 3625 2912 3679 καὶ
2960 3624 3072 3678 τῶν
3132 3623 3508 3696 χαρισμάτων,
3554 3614 3631 3677 ὧν
3672 3622 3773 3692 τῆς

2190 3720 2455 3791 διανομῆς
2478 3719 2539 3773 τὸ
2570 3717 2739 3787 κῦρος
2764 3719 2899 3790 ἔχει,
2933 3718 3129 3789 ἐπίσης
3150 3719 3180 3771 ὁ
3205 3715 3332 3770 νοῦν
3353 3714 3501 3786 ἔχειν
3528 3714 3773 3786 ἠξιωμέ-

2192 3829 2283 3875 νος
2312 3811 2551 3883 Χριστοῦ
2580 3812 2990 3865 συνεπίσταται.

2266 3913 2368 3976 νηθ.
2406 3903 2547 3979 [ιβ⁰.]
2607 3901 2913 3976 Τοιγαροῦν
2938 3904 2968 3956 ὁ
3005 3916 3098 3966 σος
3148 3900 3317 3971 νόμος
3355 3898 3607 3966 επιτάξει
3666 3915 3773 3961 σοι,

2201 4000 2402 4073 μᾶλλον
2429 3998 2487 4053 δὲ
2514 3998 2943 4066 συναναγκάσει,
2970 3993 3046 4065 μὴ
3072 3994 3234 4064 μόνον
3280 3991 3346 4045 ὲκ
3378 3988 3474 4043 τοῦ
3500 3987 3636 4042 Tini":
3677 3988 3772 4041 λέ-

2195 4111 2314 4163 γειν
2340 4093 2402 4146 τὸ
2447 4089 2674 4162 Πνεῦμα
2702 4087 3119 4160 ἐκπορεύεσθαι,
3170 4083 3306 4138 διότι
3338 4081 3436 4137 τοῦ
3464 4080 3598 4136 Υῑοῦ
3620 4081 3775 4149 λέγεο

2194 4206 2308 4253 ται,
2336 4185 2473 4240 ἀλλὰ
2502 4185 2596 4239 καὶ
2637 4185 2703 4238 ἑκ
2742 4183 2843 4252 τῆς
2904 4179 3172 4241 συνέσεως
3207 4177 3302 4229 καὶ
3336 4178 3401 4229 ὲκ
3425 4174 3501 4244 (2)
3542 4174 3643 4243 τῆς
3664 4174 3775 4226 τῶν

2195 4280 2552 4352 χαρισμάτων
2574 4274 2834 4345 διανομῆς
2862 4272 2957 4327 καὶ
2986 4271 3094 4325 ἀπὸ
3120 4268 3230 4323 τῶν
3247 4268 3322 4339 (5)
3358 4267 3570 4337 μυρίων
3594 4265 3772 4319 ἄλλων

2201 4371 2520 4443 θεοπρεπῶν
2570 4366 2863 4440 ἐνεργειῶν
2890 4382 2951 4418 τε
2981 4363 3074 4417 καὶ
3102 4362 3404 4432 δυνάμεων,
3439 4352 3514 4412 ὧν
3541 4358 3602 4411 τὸ
3640 4375 3775 4410 παν-

2196 4467 2354 4535 ἅγιον
2398 4460 2625 4532 Πνεῦμα
2672 4459 2823 4531 πηγὴ
2856 4458 2952 4512 καὶ
3004 4455 3240 4527 χορηγὸς
3288 4452 3651 4521 δοξολογεῖται
3681 4450 3776 4504 καὶ

2195 4554 2648 4627 ἐπιγινώσκεται,
2704 4551 2939 4623 μάλιστα
2980 4548 3037 4602 δὲ
3060 4549 3125 4602 ὲκ
3170 4544 3270 4616 τῆς
3300 4545 3537 4608 πίστεως
3570 4544 3665 4597 καὶ
3693 4542 3770 4613 (4)

584 4696 630 4771 ξ’
662 4696 765 4750 lsa.
789 4711 863 4761 ιι,
896 4695 967 4771 2]
1002 4696 1203 4771 Ephes.
1226 4713 1280 4771 _t,
1306 4698 1393 4762 i3,
1424 4699 1511 4754 i7.
1590 4702 1635 4734 “
1674 4700 1851 4758 Galat.
1911 4722 1984 4771 vt,
2039 4708 2085 4763 i.

2193 4708 2213 4739 ⁷
2242 4705 2411 4761 Exod.
2444 4720 2592 4771 χχχι,
2626 4701 2683 4769 2,
2716 4702 2773 4757 5.
2849 4700 2896 4734 ⁶³
2947 4700 3084 4757 Dan.
3130 4697 3321 4767 111,59.
3397 4696 3441 4729 θ’
3473 4693 3579 4750 lsa.
3624 4711 3697 4759 tv,
3720 4694 3773 4748 ι.

513 4765 1083 4833 '"Jerem.tv,ﬂ,12.
1158 4768 1375 4823 "Joan.
1413 4785 1451 4837 ι,
1485 4770 1508 4824 1
1545 4787 1694 4844 seqq.
1727 4790 1839 4839 xw,
1878 4776 1943 4843 6;
1973 4765 2008 4830 ἰ
2057 4777 2085 4834 C

2210 4794 2250 4846 ι,
2282 4777 2472 4833 24-50.

1609 4943 1849 5002 VARUE
1889 4946 2278 5004 LECTIONES
2312 4946 2401 5003 ET
2439 4943 2676 5002 NUTIE.

584 5100 697 5185 et)
898 5102 1001 5185 ἐὰν
1029 5104 1157 5185 γάρ·

585 5172 695 5241 (88)
725 5174 840 5226 Col.
863 5173 954 5227 τὸν
982 5172 1244 5228 τοιοῦτον.

586 5243 698 5314 (89)
728 5244 872 5314 Mon.
906 5244 1155 5314 πύρινος.

588 5313 699 5381 (90)
726 5312 840 5385 Qui.
885 5331 942 5368 κ.
973 5312 1039 5385 δὴ
1072 5314 1299 5385 Πνεῦμα
1320 5314 1647 5385 αἰσθήσεως.

588 5332 699 5381 (uo)
726 5332 840 5367 Lm.
885 5332 942 5368 κ.
973 5332 1039 5385 οη
1072 5332 1214 5368 υνευ
1264 5332 1299 5368 α
1320 5332 1647 5385 αισυησεως.

514 5456 564 5508 λ.
590 5384 914 5508 (BQXl-Zxod.
944 5401 1091 5450 xxxi,
1134 5385 1189 5452 ἓ,
1222 5332 1260 5440 ἕ
1293 5402 1307 5438 :
1352 5385 1460 5438 ἰδοὺ
1490 5385 1894 5458 ὰνακέκλημαι,
1945 5406 2000 5443 κ.
2034 5406 2087 5443 τ.

588 5524 698 5597 (92)
741 5523 886 5597 Mon.
910 5524 1251 5597 enlinmqeu.
1283 5522 1401 5578 Col.
1433 5525 1527 5597 καὶ
1551 5526 1867 5597 ἑπλήρωσα.
1906 5526 2045 5583 LXX
2073 5545 2088 5583 :

517 5592 791 5662 ἐνέπλησα
831 5595 994 5647 αὑτὸν
1028 5592 1128 5646 Πν.
1154 5592 1300 5647 Θεῖον
1331 5594 1521 5662 σοφίας
1561 5598 1658 5650 καὶ
1679 5592 1961 5664 ’συνέσεως
1997 5601 2090 5653 καὶ

516 5666 848 5735 ἐπιστήμης.
1037 5732 1051 5735 _
1284 5734 1290 5735 ί

550 5682 848 5733 πιστημης.

586 5683 908 5804 (gygen.
956 5732 1301 5805 καθαρατική
1353 5734 1571 5792 habuit:
1621 5738 1718 5795 sed
1774 5740 1995 5796 tertium
2056 5758 2092 5795 α

513 5816 705 5876 postea
732 5805 995 5876 deletum.
1073 5874 1080 5876 _
1313 5822 1316 5825 '

590 5878 701 5939 (94)
737 5875 881 5929 Mon.
910 5874 1258 5945 ἐμφαίνεται,

593 5947 702 6016 (95)
731 5946 846 6001 Coi.
884 5947 1157 6017 καθαιρεῖ.

2264 5108 2618 5180 (96)]ετθηι.
2660 5123 2735 5172 ιν,
2790 5102 3168 5180 i_i._12_._S_ed
3196 5103 3355 5180 longe
3384 5101 3571 5180 didert
3594 5110 3771 5180 textus

2196 5171 2501 5251 liebraicus
2523 5190 2578 5234 et
2602 5179 2780 5251 Latin.
2801 5176 2959 5251 Vulg.
2978 5171 3133 5251 μίὶὶ⁸
3153 5171 3354 5251 Ξ-ᾯδδς
3381 5173 3478 5241 τῆς
3502 5172 3771 5251 Θυγαῖρὸς

2196 5249 2292 5304 τοῦ
2316 5249 2449 5319 λαοῦ
2472 5267 2573 5319 μου
2591 5251 2691 5319 οῦκ
2712 5249 2792 5313 εἰς
2813 5244 3194 5319 καθαρδνλούδί
3210 5246 3292 5319 είς
3318 5245 3479 5319 arto!
3499 5259 3515 5275 ’
3545 5244 3772 5319 Πνεῦμα

2198 5312 2560 5391 πληρώσεως
2586 5318 2707 5391 ἥξει
2768 5312 2859 5389 μοι
2889 5333 2902 5348 °
2932 5316 3027 5372 νῦν
3064 5314 3120 5368 δὲ
3168 5312 3282 5384 ἐγὼ
3337 5313 3491 5368 λαλῶ
3526 5312 3773 5386 κρίματά

2202 5407 2304 5462 μου
2335 5390 2474 5462 πρὸς
2504 5390 2724 5462 came.

2273 5456 2393 5529 (97)
2421 5460 2537 5514 Col.
2571 5460 2625 5512 τί
2651 5456 2774 5526 οὖν;

2294 5532 2383 5598 98)
2424 5530 2775 5594 Ἀνασπάσας
2811 5531 2896 5583 ὲκ.
2924 5546 2974 5583 τ.
3002 5547 3056 5599 χ.

2294 5534 2383 5598 98)
2424 5534 2775 5594 Ἀνασπὰσας
2811 5534 2896 5583 ὲκ.
2924 5546 2974 5583 τ.
3002 5547 3056 5599 χ.

2272 5534 2569 5671 (99))1οη.
2603 5599 3101 5671 κατασοφίσασθαι.

2271 5668 2348 5738 (1)
2370 5668 2495 5724 ⁷001.
2521 5670 2742 5739 λογίοις,
2777 5672 2964 5724 πᾶσιν.

2271 5740 2520 5819 (ἓ)1ξ[οη.
2757 5740 2790 5793 b
2835 5740 3014 5819 omitt.
3044 5740 3127 5819 ὲκ.

2270 5807 2346 5879 (5)
2381 5809 2527 5863 Μοιι.
2554 5811 2588 5863 l.
2626 5810 2773 5864 461³
2833 5812 3009 5864 omitt.
3041 5810 3168 5864 τῶν.
3204 5808 3296 5865 Sic
3323 5807 3437 5865 Col.

2274 5882 2350 5953 (4)
2386 5880 2527 5935 Mon.
2565 5881 2659 5935 καὶ
2688 5882 2750 5934 ὲκ
2779 5883 2879 5949 τῆς
2918 5882 3084 5938 ἁποκ.
3114 5880 3231 5936 Col.
3264 5882 3359 5934 mi
3389 5879 3626 5935 ἁποκαλ.
