4014 6408
195 411 319 474 3'17

1251 415 1346 474 DE
1382 417 1443 477 S.
1486 417 1839 478 SPIRITUS
1876 418 2377 481 MYSTAGOGIA.

3366 421 3476 482 338

195 530 309 597 τῆς
342 527 767 598 ἀποκαλύψεως,
800 529 899 598 τῆς
942 529 1271 600 ἐπαγγελίας
1299 549 1358 585 τε
1407 533 1501 585 καὶ
1534 532 1635 601 τῆς
1670 532 1793 604 κρί-

1902 512 2167 603 quaquam
2227 533 2559 588 contendere
2617 541 2805 603 potes,
2880 533 3009 590 licet
3070 535 3122 590 id
3178 534 3470 592 admodum

198 640 353 685 σεως
388 622 481 673 καὶ
512 621 587 687 (5)
643 622 952 686 συνέσεως·
999 624 1081 677 ὅτι
1140 624 1275 694 μηδὲ
1332 626 1662 693 κακουργεῖν
1709 642 1792 677 σοι

196 720 481 785 πάρεστιν
514 712 648 785 μηδὲ
673 712 795 766 λίαν
840 714 1150 786 βουλομένῳ
1171 714 1382 779 τούτοις
1421 715 1791 785 ὀνομάζεσθαι

196 805 302 856 τὸν
334 804 462 857 Υίὸν
491 806 506 861 ί
514 803 587 872 6).

280 896 383 949 νθ’.
450 897 512 949 Εἰ
567 897 622 950 δέ
670 914 755 961 τις
803 899 861 950 ἐν
918 897 1129 961 τούτοις
1186 898 1428 968 Πνεῦμα
1483 898 1792 969 νομίσοι(7)

202 986 742 1057 παραλαμϐάνεσθαι
778 988 880 1041 οὐκ
914 988 1045 1041 αὐτὸ
1078 988 1138 1040 rb
1175 988 1439 1056 πανάγιον
1466 990 1561 1043 καὶ
1599 987 1795 1057 ὁμοού-

205 1095 330 1131 σιον
374 1078 470 1132 τοῦ
525 1079 737 1149 Πατρὸς
770 1079 983 1133 καὶτοῦ
1041 1078 1172 1133 Υῐοῦ
1239 1078 1485 1151 Πνεῦμα,
1540 1081 1678 1135 ἀλλὰ
1724 1080 1794 1136 τὰ

207 1171 429 1225 ἐκεῖθεν
483 1170 718 1241 βρύοντα
770 1171 1085 1242 χαρίσματα
1114 1173 1214 1242 (8),
1266 1172 1401 1226 διότι
1432 1173 1569 1245 πρὸς
1613 1174 1795 1226 ἐκεῖνο

206 1262 317 1334 τὴν
349 1262 632 1333 ἀναφορὰν
686 1262 799 1333 ἔχει
856 1263 952 1316 κα)¹
997 1264 1127 1317 αὐτὸ
1173 1264 1347 1319 ταῦτα
1395 1264 1664 1335 διανέμει,
1696 1264 1795 1333 τὴν

210 1353 311 1406 τοῦ
346 1352 671 1421 Πνεύματος
694 1354 1011 1425 ἐπωνυμίαν
1059 1353 1467 1419 οἰκειώσασθαι,
1502 1355 1681 1408 καίτοι
1717 1354 1793 1424 (9)

212 1444 392 1497 πολὶῗὰ
425 1444 605 1511 λέγειν
635 1443 774 1514 ἔχων
803 1445 957 1515 ὅμως
987 1443 1083 1498 νῦν
1126 1446 1226 1499 οὐκ
1262 1445 1374 1517 HO)
1408 1444 1539 1515 ἐρῶ.
1580 1446 1677 1498 Διὰ
1705 1445 1793 1511 τί;

214 1536 334 1607 [59]
367 1537 511 1589 Διότι
542 1538 591 1589 εί
622 1535 899 1590 καὶτοῦτο
931 1537 1335 1608 συγχωρηθείη,
1370 1537 1522 1590 οὐδὲν
1570 1537 1795 1589 ἔλαττον

212 1630 401 1683 αὐτῶν
447 1630 561 1699 (11)
616 1629 985 1698 ἀπελέγχεται
1029 1630 1127 1698 τῆς
1185 1630 1535 1701 παρανομίας
1574 1630 1685 1700 (l2)
1734 1630 1796 1682 rb

214 1722 593 1792 ἐπιχείρημα·
646 1720 770 1773 ἐπεὶ
811 1722 919 1792 γάρ
959 1720 1052 1774 τοῦ
1085 1720 1404 1790 Πνεύματος
1454 1721 1675 1789 λέγεται
1725 1721 1795 1775 τά

213 1815 555 1886 χαρίσματα,
587 1815 615 1866 ὁ
646 1812 704 1866 δὲ
732 1814 917 1877 καινὸς
944 1814 1127 1875 αὐτοῖς
1159 1814 1443 1867 ἐπιτάσσει
1468 1812 1581 1883 (1⁸5)
1605 1813 1791 1881 νόμος,

214 1904 429 1955 ἐκεῖθεν
465 1901 719 1971 προϊέναι
744 1901 1043 1971 κηρύσσειν
1075 1901 1186 1971 (14)
1218 1903 1276 1954 rb
1318 1901 1565 1971 Πνεῦμα,
1608 1895 1669 1955 οὗ
1700 1904 1793 1956 καὶ

218 1990 359 2047 εἶναι
396 1992 639 2058 λέγεται,
690 1992 872 2047 οὐκέτι
902 1994 963 2046 rb
1009 1992 1232 2064 Πνεῦμα
1258 1986 1333 2047 ὧν
1354 1993 1595 2062 λέγεται,
1620 1995 1796 2048 ταῦτα

220 2088 488 2155 προάγειν
561 2082 782 2155 ἐροῦσιν
812 2084 946 2155 (15),
1003 2084 1118 2138 ἀλλ’
1182 2084 1638 2156 ἀντιστρέψαντες
1685 2086 1795 2157 (16)

221 2179 457 2246 φήσουσι
485 2176 587 2243 τῆς
615 2174 882 2238 συνέσεως
905 2175 1301 2247 ἐκπορεύεσθαι
1331 2178 1424 2229 καὶ
1454 2178 1702 2249 προῖέναι
1736 2178 1796 2230 rb

221 2269 467 2339 χάρισμα
520 2266 746 2333 καὶτῆς
781 2267 974 2335 σοφίας
1024 2268 1262 2320 καὶτῶν
1314 2268 1490 2321 ἄλλων
1540 2268 1797 2321 ἁπάντων

219 2360 325 2410 τῶν
348 2356 950 2429 προειρημένων·ὥστε
980 2359 1041 2411 ού
1074 2360 1133 2412 τὸ
1167 2360 1413 2430 χάρισμα
1440 2360 1556 2430 ἦτοι
1584 2360 1672 2412 διά
1700 2358 1795 2412 τοῦ

220 2451 596 2521 πνευματικοῦ
646 2452 985 2522 χαρίσματος
1010 2451 1121 2520 (17)
1153 2451 1211 2504 rb
1254 2450 1475 2519 Πνεῦμα
1533 2451 1653 2504 ούδέ
1683 2451 1795 2521 (18)

217 2545 319 2615 τὴν
378 2544 593 2597 σύνεσιν
645 2545 877 2614 χορηγεῖ
922 2543 1043 2595 οὐδὲ
1081 2542 1179 2613 τὴν
1221 2542 1414 2610 σοφίαν
1460 2542 1493 2612 ἢ
1531 2540 1641 2612 (19)
1700 2542 1798 2613 τὴν

226 2636 481 2706 δύναμιν,
517 2634 631 2688 ούδέ
676 2634 777 2705 τὴν
814 2633 1083 2688 υἱοθεσίαν
1117 2634 1241 2687 οὐδὲ
1275 2634 1373 2704 τὴν
1428 2632 1796 2703 ἀποκάλυψιν,

228 2731 356 2783 ούδέ
385 2730 486 2799 τὴν
508 2729 705 2789 πίστιν,
742 2727 863 2780 οὐδὲ
895 2727 995 2796 τὴν
1039 2725 1321 2779 εὐσέϐειαν
1344 2741 1359 2756 ·
1419 2725 1557 2779 ἀλλὰ
1597 2724 1798 2796 μᾶλλον

226 2821 591 2891 τούναντίονή
621 2818 834 2881 σύνεσις
865 2818 957 2871 καὶ
988 2820 1020 2889 ῄ
1051 2815 1400 2886 ἀποκάλυψις
1433 2817 1525 2869 κα).
1558 2818 1591 2887 ὴ
1639 2816 1798 2868 εὐσέ-

226 2915 353 2967 6εια
373 2916 466 2967 καὶ
500 2916 533 2983 ἡ
559 2912 741 2976 πίστις
768 2914 862 2966 κα).
909 2913 937 2964 ὁ
976 2909 1352 2980 σωφρονισμὸς
1395 2908 1697 2981 προάγουσι
1728 2910 1798 2963 τά

224 3006 567 3078 χαρίσματα,
605 3006 747 3075 ἅπερ
782 3021 866 3056 σοι
926 3001 1081 3069 φίλον
1121 3000 1307 3054 καλεῖν
1360 2999 1674 3070 Πνεύματα,
1704 3000 1800 3053 καὶ

221 3098 333 3151 τῶν
391 3098 567 3159 ἄλλως
597 3095 858 3158 ὡσαύτως
902 3093 1137 3147 ἕκαστον
1160 3091 1298 3164 (20),
1326 3092 1526 3163 μᾶλλον
1556 3091 1613 3144 δὲ
1642 3092 1799 3159 εἴπερ

222 3190 454 3243 ἕκαστον
510 3188 620 3241 τῶν
682 3187 1036 3259 χαρισμάτων
1098 3184 1321 3254 πνεῦμά
1378 3200 1460 3235 σοι
1515 3180 1799 3235 καλεῖσθαι

225 3282 509 3350 νομίζεται
540 3279 634 3333 καὶ
658 3278 734 3350 τῷ
763 3278 983 3350 ἀριθμῷ
1005 3277 1113 3331 τῶν
1132 3275 1352 3343 δωρεῶν
1374 3277 1438 3328 rb
1457 3274 1662 3343 πλῆθος
1690 3273 1799 3326 τῶν

229 3373 565 3443 πνευμάτων
639 3372 983 3438 συναύξεται,
1034 3372 1127 3423 καὶ
1186 3370 1339 3423 οὐδὲν
1414 3366 1657 3420 ἐνταῦθά
1716 3382 1799 3418 σοι

226 3459 452 3531 Πνεῦμα
476 3462 653 3513 εἰπεῖν
683 3459 714 3530 ἢ
745 3459 991 3531 χάρισμα
1032 3458 1280 3527 διαφέρει
1308 3474 1322 3489 ο
1375 3451 1440 3511 οῦ
1487 3458 1544 3510 δὲ
1580 3457 1799 3524 λέγεται

224 3548 366 3606 εἶναι
394 3553 456 3605 rb
478 3553 939 3623 Πνεῦμα,ὲκεῖθεν
966 3554 998 3621 ἡ
1028 3552 1095 3622 σὴ
1113 3550 1406 3620 νομοθεσία
1436 3550 1800 3621 προέρχεσθαι

222 3660 282 3696 τε
308 3645 407 3698 καὶ
439 3644 777 3715 προάγεσθαι
822 3644 1035 3697 κελεύει
1086 3643 1198 3713 (21)
1220 3660 1234 3675 ·
1264 3643 1379 3715 [60]
1429 3644 1664 3697 ἕκαστον
1692 3644 1800 3712 ἄρα

223 3737 293 3788 σὺ
320 3735 434 3790 τῶν
462 3737 823 3809 χαρισμάτων
844 3737 878 3808 ἢ
897 3738 1007 3790 τῶν
1039 3737 1369 3806 πνευμάτων
1397 3738 1477 3800 είς
1497 3736 1589 3789 δύο
1617 3735 1797 3806 τεμὼν

222 3829 340 3881 ἀνθ’
378 3830 499 3892 ἐνὸς
534 3830 707 3886 πλείω
760 3830 1046 3901 ποιήσεις;
1093 3830 1160 3883 ἶν’
1248 3829 1308 3882 rb
1365 3830 1462 3899 μὲν
1501 3830 1795 3901 χορηγοῦν,

220 3922 284 3973 rb
329 3921 389 3976 δὲ
445 3922 869 3993 χορηγούμενον,
918 3924 1015 3977 καὶ
1060 3923 1123 3977 rb
1176 3923 1275 3993 μὲν
1325 3923 1589 3993 προάγον,
1628 3923 1690 3975 rb
1741 3922 1798 3976 δὲ

222 4012 624 4081 προαγόμενον,
657 4015 691 4084 ἡ
713 4014 894 4077 πίστις
924 4014 1104 4067 πίστιν
1131 4015 1223 4067 καὶ
1263 4015 1297 4085 ἡ
1335 4013 1552 4075 σύνεσις
1585 4013 1801 4066 σύνεσιν

222 4106 319 4156 κα).
350 4106 384 4173 ἡ
415 4103 670 4174 αἱσθησις
701 4107 971 4176 αἴσθησιν,
1011 4105 1105 4160 κα)⁸
1160 4106 1326 4159 πόσον
1359 4107 1425 4159 ἄν
1448 4123 1531 4167 τις
1563 4122 1797 4158 κατανα-

220 4194 373 4267 λώσῃ
394 4194 590 4266 χρόνον
611 4196 702 4248 τὸν
729 4196 820 4249 σὺν
844 4196 1189 4267 διερχόμενος
1213 4197 1377 4267 λῆρον
1398 4198 1409 4249 !

1908 640 2017 694 pne
2068 625 2405 697 malignitate
2437 625 2588 691 velis,
2625 625 2820 680 Filium
2872 626 2957 682 his
2996 627 3309 683 nominibus
3338 628 3473 682 insi-

1896 732 2061 786 gntri.

1969 904 2060 959 59.
2100 903 2256 970 Quod
2295 904 2340 959 si
2371 904 2493 975 quis
2532 904 2585 959 in
2636 905 2720 959 his
2760 922 2857 976 per
2910 906 3168 974 Spiritum
3198 904 3471 961 existimet

1897 996 2069 1064 accipi
2092 1013 2200 1049 non
2227 996 2401 1065 ipsum
2428 997 2831 1051 sanctissimum
2859 1006 2913 1051 et
2946 996 3469 1052 consubstantialem

1896 1086 2044 1141 Patri
2081 1104 2143 1142 ac
2179 1087 2315 1141 Filio
2344 1088 2631 1158 Spiritum,
2662 1090 2757 1144 sed
2789 1091 3100 1145 emanantia
3150 1089 3277 1144 inde
3331 1091 3471 1144 dona

1898 1198 1995 1237 seu
2021 1180 2375 1246 charismata,
2411 1196 2531 1249 qua:
2586 1196 2653 1236 eo
2699 1182 2843 1252 quod
2882 1181 2947 1235 ad
2981 1182 3132 1235 illum
3162 1182 3474 1237 referuntur

1896 1282 1952 1329 et
1974 1274 2043 1327 ab
2069 1273 2159 1327 illo
2200 1263 2628 1335 distribuuntur:
2650 1272 2883 1343 Spiritus
2911 1290 3107 1328 nomen
3141 1273 3333 1328 sortita
3363 1274 3475 1327 sint

1899 1364 2024 1429 (sibi
2058 1362 2373 1430 asciverint)
2410 1380 2422 1416 :
2471 1379 2781 1432 quanquam
2819 1363 2985 1416 multa
3018 1379 3234 1433 possem
3257 1364 3473 1432 (contra

1899 1457 2023 1527 hoc)
2066 1456 2287 1520 afferre,
2326 1471 2389 1509 ea
2420 1464 2601 1509 tamen
2649 1456 2701 1507 in
2756 1456 3040 1524 praesentia
3074 1471 3183 1509 non
3216 1454 3471 1509 referam.

1897 1548 2045 1604 Cur?
2077 1547 2234 1613 Quia,
2260 1546 2385 1600 licet
2418 1546 2521 1599 hoc
2551 1545 2905 1608 concedatur,
2934 1545 3108 1600 nihilo
3153 1554 3333 1600 tamen
3366 1546 3471 1599 mi-

1898 1653 2002 1691 nus
2035 1636 2257 1706 iniquus
2299 1634 2543 1705 ipsorum
2595 1644 2823 1688 conatus
2859 1635 3156 1699 refellitur;
3212 1633 3471 1704 quoniam

1897 1723 2045 1779 enim
2078 1723 2222 1778 dona
2270 1724 2356 1776 illa
2407 1723 2665 1778 dicuntur
2694 1738 2816 1777 esse
2864 1723 3006 1777 dona
3042 1722 3300 1792 Spiritus,
3331 1739 3472 1776 nova

1900 1825 2084 1870 autem
2115 1815 2343 1870 istorum
2378 1816 2466 1870 lex
2496 1815 2761 1885 prweipit,
2796 1825 2854 1870 ut
2889 1815 3015 1870 inde
3056 1814 3317 1885 Spiritum
3346 1831 3471 1885 pro.

1897 1908 2095 1962 cedere
2156 1907 2542 1977 prmdicemus,
2605 1908 2763 1976 cujus
2812 1916 2867 1961 et
2929 1922 3050 1961 esse
3091 1907 3313 1971 dicitur,
3362 1923 3475 1961 non

1896 2000 2131 2069 amplius
2151 2000 2516 2061 aﬂirmabunt,
2564 2014 2595 2052 a
2646 1999 2852 2063 Spiritu
2896 1998 2983 2051 illa
3044 1998 3269 2067 produci
3308 1998 3472 2063 dona,

1897 2107 2127 2162 quorum
2161 2091 2275 2161 ipse
2326 2092 2527 2146 dicitur
2560 2091 2815 2161 Spiritus,
2841 2091 2933 2145 sed
2970 2090 3085 2144 vice
3118 2106 3276 2144 versa
3326 2106 3475 2146 asse—

1900 2194 2041 2247 rent,
2070 2184 2138 2238 ab
2174 2184 2529 2255 intelligentia
2571 2183 2862 2254 procedere
2895 2198 2958 2236 ac
3007 2180 3219 2251 prodire
3245 2180 3471 2245 donum,

1898 2291 1999 2329 nec
2027 2291 2136 2328 non
2167 2290 2198 2329 a
2229 2274 2497 2343 sapientia
2526 2273 2841 2343 exterisque
2885 2272 3138 2327 omnibus
3166 2287 3327 2342 supra
3360 2286 3476 2325 nie-

1898 2362 2155 2425 moratis;
2196 2377 2366 2431 quare
2417 2378 2527 2415 non
2582 2362 2806 2423 donum,
2864 2374 3059 2429 nempe
3114 2376 3210 2430 per
3269 2360 3474 2415 donum

1898 2451 2179 2521 Spirituale
2218 2452 2334 2521 ipse
2376 2450 2630 2521 Spiritus,
2688 2451 3096 2522 intelligentiam
3136 2451 3360 2521 largitur
3389 2452 3473 2506 vel

1899 2542 2223 2612 sapientiam
2248 2542 2334 2597 vel
2367 2542 2647 2607 virtutem,
2681 2542 2763 2597 vel
2800 2542 3119 2596 ﬁliationem
3154 2541 3241 2595 vel
3262 2543 3473 2597 revela-

1900 2634 2103 2687 tionem
2140 2632 2227 2686 vel
2266 2632 2427 2687 (idem
2480 2633 2566 2687 vel
2604 2634 2882 2702 pietatem,
2916 2633 3012 2687 sed
3066 2642 3256 2687 contra
3292 2633 3475 2703 potius

1899 2724 2254 2795 intelligentia
2286 2735 2341 2780 et
2373 2726 2627 2780 revelatio
2656 2734 2711 2779 et
2750 2725 2922 2795 pietas
2944 2735 2999 2780 et
3026 2726 3157 2781 fides
3188 2736 3245 2781 et
3266 2726 3475 2781 sobrie-

1902 2824 1985 2871 tas
2013 2817 2322 2887 producunt
2349 2818 2511 2881 dona,
2535 2835 2657 2889 qua:
2686 2820 2783 2873 tibi
2823 2821 3000 2890 placet
3029 2821 3259 2891 spiritus
3288 2822 3475 2891 appel-

1900 2908 2013 2963 lare
2046 2917 2100 2963 et
2129 2909 2358 2963 aliorum
2404 2910 2682 2980 quodlibet
2719 2910 2909 2965 eodem
2962 2911 3151 2978 modo;
3186 2911 3297 2965 imo
3344 2926 3476 2965 vero

1900 3000 1946 3055 si
1995 3003 2279 3071 quodlibet
2316 3003 2520 3057 donum
2550 3003 2854 3073 nuncupari
2882 3001 3141 3073 Spiritum
3170 3003 3473 3069 arbitraris,

1903 3095 2091 3164 utique
2123 3111 2247 3149 cum
2276 3095 2541 3149 donorum
2572 3111 2802 3149 numero
2826 3096 3035 3165 copiam
3063 3111 3280 3165 quoque
3308 3111 3475 3167 auges

1828 3208 1870 3263 ο
1904 3186 2193 3256 spirituum
2230 3187 2473 3256 nihilque
2505 3187 2736 3257 proinde
2777 3203 2873 3257 per
2909 3195 2959 3240 te
2997 3187 3179 3243 ditl’ert
3222 3186 3472 3258 spiritum

1905 3279 2088 3334 dicere
2116 3281 2199 3334 vel
2231 3280 2467 3345 donum;
2506 3280 2660 3349 cuius
2692 3287 2873 3334 autem
2907 3279 3106 3334 dicitur
3148 3295 3270 3336 esse
3305 3280 3469 3349 spiri-

1906 3380 2016 3434 tus,
2048 3372 2174 3425 inde
2210 3387 2307 3439 per
2355 3371 2502 3441 leges
2528 3380 2647 3426 tuas
2690 3371 2946 3425 statuitur
2983 3372 3278 3441 procedere
3311 3378 3474 3440 atque

1904 3462 2155 3532 produci.
2194 3460 2416 3532 Singula
2459 3462 2621 3533 igitur
2665 3464 2805 3518 dona
2832 3480 2930 3519 seu
2970 3464 3211 3530 singulos
3251 3463 3476 3533 spiritus

1903 3552 2149 3606 bifariam
2182 3568 2374 3607 secans
2419 3568 2520 3623 pro
2567 3569 2677 3608 uno
2727 3555 2916 3623 plures
2964 3552 3169 3609 efﬁcies
3225 3552 3471 3623 spiritus,

1904 3660 2135 3714 quorum
2170 3644 2305 3698 alter
2328 3644 2400 3699 sit
2433 3646 2589 3709 dans,
2622 3646 2759 3700 alter
2787 3645 2860 3700 sit
2883 3645 3063 3707 datus.
3096 3655 3151 3700 et
3178 3645 3314 3700 alter
3345 3661 3471 3713 pro-

1906 3737 2132 3803 ducens,
2184 3737 2321 3791 alter
2350 3738 2664 3807 productus,
2698 3739 2831 3794 ﬁdes
2876 3739 3130 3792 nimirum
3170 3737 3475 3808 producens

1909 3828 2092 3896 ﬁdem,
2129 3838 2185 3884 et
2241 3830 2373 3900 quid
2403 3846 2539 3901 opus
2593 3841 2808 3901 tempus
2839 3840 3014 3886 terere
3060 3839 3183 3885 tuas
3239 3827 3475 3900 ineptias

1908 3923 2243 3978 recensendo
2262 3924 2286 3977 ἲ

1312 4369 1551 4426 VARIAS
1592 4370 1971 4429 LECTIONES
2010 4372 2099 4428 ET
2137 4372 2366 4428 ΝΟΊῈ.

293 4533 377 4601 (5)
403 4532 668 4603 Momms".
696 4534 816 4603 τῆς.

289 4603 371 4671 (6)
412 4602 641 4657 Brevius
670 4605 722 4657 in
755 4602 843 4673 ep.
878 4604 944 4658 ad
1001 4602 1234 4674 Aquilei.
1286 4603 1402 4674 haec
1438 4604 1742 4674 efferuntur
1778 4625 1788 4657 :

215 4676 465 4759 Λέγεται
496 4674 618 4759 γὰρ.
646 4672 808 4759 οῦδὲν.
834 4672 1178 4759 ἐλάττον’καὶ
1216 4672 1440 4759 Πνεῦμα
1474 4672 1665 4759 σοφίας
1703 4674 1795 4753 καὶ

215 4743 483 4815 γνῴσεω,
532 4744 637 4815 καὶ
683 4745 967 4815 δυνάμεως
1020 4743 1447 4815 καὶᾼτοιούᾼτωνί
1474 4743 1793 4815 θεοπρεπιῦν

215 4813 411 4867 ἄλλων
440 4830 454 4844 ·
497 4817 542 4867 εί
580 4808 671 4867 οὗν
704 4808 837 4868 διότί
862 4816 1063 4868 τούτων
1100 4812 1161 4866 rb
1187 4812 1409 4883 Πνεῦμα
1437 4808 1681 4878 λέγεται,
1709 4813 1797 4866 διὰ

213 4884 387 4936 τοῦτο
422 4886 516 4935 κα).
540 4884 597 4950 ἐξ
625 4885 803 4938 αὐτῶν
833 4884 1158 4938 ἀπαιτοῦσιν
1200 4884 1621 4954 ἐκπορεύεσθαι,
1666 4884 1797 4954 δρᾷν

212 4955 375 5006 ἐστιν
395 4949 655 5007 αὐτῶντὸ
689 4957 850 5024 σοφὸν
878 4955 978 5023 τῆς
1002 4956 1268 5019 ἐπινοίας,
1288 4949 1366 5015 εἰς
1387 4949 1499 5007 οἷον
1527 4949 1798 5023 βάραθρον

213 5024 451 5095 πλάνης
473 5025 667 5087 αὐτοὺς
697 5025 1133 5095 κατακρημνίζει
1172 5025 1265 5078 καὶ
1296 5024 1601 5095 ὶποπλανᾷ.

294 5096 381 5163 (7)
417 5093 536 5146 Col.
580 5096 815 5163 νομίσει.

290 5162 376 5234 (8)
420 5162 505 5235 Cf,
542 5165 686 5218 hom.
734 5165 801 5220 de
842 5165 939 5235 Sp.
964 5165 1042 5235 S._
1078 5163 1465 5233 Chrysostomo
1509 5164 1799 5235 ascriptam

213 5230 363 5288 enini
385 5234 569 5297 initio,
608 5235 750 5298 Χθές
820 5230 975 5303 ἡμῖν,
1010 5230 1055 5288 ὧ
1100 5230 1453 5303 φιλὸχοιστοι.
1487 5275 1502 5288 .
1533 5273 1548 5287 .
1578 5276 1591 5288 .
1657 5230 1801 5297 apud

213 5304 571 5362 Beccum.De
590 5305 898 5375 proc.Sp.S.
926 5322 977 5359 c.
1009 5307 1094 5370 ll;
1119 5303 1215 5358 Gr.
1247 5303 1394 5359 Orth.
1419 5320 1455 5369 ι,
1480 5303 1801 5375 ρῶΞΟ-ὖίξι.

292 5376 378 5441 (9)
418 5374 612 5426 Καίτοι
640 5374 794 5429 deest
831 5377 883 5428 in
916 5375 1060 5429 Mon.

290 5446 420 5511 (10)
450 5446 565 5496 Οὐκ
599 5444 751 5499 deest
777 5446 829 5499 in
854 5444 999 5499 Mon.

288 5513 420 5579 (11)
446 5515 597 5584 Mon.
636 5513 803 5584 αὐτῷ.

291 5586 420 5656 (12)
457 5583 605 5656 plen.
638 5582 945 5654 παροινίας.
976 5582 1093 5638 Col.
1128 5600 1450 5652 παρανοιας.

289 5654 419 5724 (15)
456 5654 599 5724 Mon.
635 5656 1007 5708 ἐπιτάσουσιν.

291 5722 423 5861 (14)
448 5722 564 5777 Col.
601 5726 705 5792 πρὸ
738 5726 831 5777 καὶ
855 5741 984 5794 κηρ.

291 5796 399 5861 (15
465 5793 612 5847 Μοιι.
641 5795 811 5847 ἐοῦσι.

287 5793 423 5861 (15)
465 5793 612 5847 Μοιι.
641 5795 811 5847 ἐοῦσι.

291 5866 426 5936 (16)
462 5862 1094 5937 Ιοιι.άντιστρέφαντες
1136 5864 1355 5934 habuit;
1402 5866 1546 5937 quod
1620 5880 1809 5921 corre-

1822 4533 1874 4591 D
1900 4540 2165 4611 ClllllLeS}.
2201 4548 2252 4584 in
2285 4531 2753 4611 άντιστρέφοντες.

1974 4602 2084 4667 (17)
2122 4600 2267 4686 Mon.
2290 4601 2659 4723 χαρακτῆριος.

1974 4673 2083 4723 (18)
2116 4672 2251 4723 Οὐδε
2282 4673 2433 4723 deest
2462 4687 2513 4723 In
2590 4686 2659 4723 on

1971 4673 2083 4740 (18)
2116 4672 2251 4723 Οὐδέ
2282 4670 2433 4725 deest
2461 4670 2513 4724 in
2540 4670 2683 4724 Mon.
2708 4678 2758 4724 et
2789 4670 2841 4724 in
2878 4670 2992 4725 Col.

1976 4744 2085 4810 (19)
2116 4741 2235 4795 Col.
2265 4741 2385 4794 οὐδὲ
2420 4742 2519 4810 τὴν
2548 4741 2663 4795 δύν.

1974 4812 2087 4882 (ΞΟ)
2124 4810 2268 4865 Μοη.
2302 4812 2528 4880 ἑκάστη.

1974 4878 2086 4952 (21)
2113 4882 2377 4962 Eumdem
2410 4878 2675 4962 canonem
2724 4899 2740 4962 :_
2783 4880 2970 4962 cujus.
2999 4878 3201 4962 dicitur
3237 4878 3474 4962 Spiritus

1905 4948 2046 5015 esse,
2068 4948 2145 5006 ab
2168 4954 2357 5006 eodem
2391 4952 2658 5020 procedit,
2689 4960 2743 5005 et
2792 4949 2973 5005 caeteri
3010 4948 3344 5005 schismatici
3372 4956 3473 5007 La-

1908 5024 2036 5078 tinis
2065 5022 2343 5091 efﬁngunt:
2373 5022 2517 5091 inter
2560 5035 2715 5091 quos
2745 5020 2829 5091 Jo.
2864 5022 3121 5091 il’tiurnes
3168 5022 3308 5089 apud
3338 5020 3475 5077 Bec-

1906 5109 2052 5156 cum,
2078 5092 2156 5145 De
2177 5088 2266 5143 ιῐη.
2298 5090 2441 5143 Eccl.
2473 5106 2522 5143 c.
2558 5088 2625 5143 54
2658 5088 2741 5157 (G.
2772 5088 2836 5142 Ο.
2864 5090 2901 5141 1.
2932 5088 3055 5157 189)
3082 5092 3190 5145 ait:
3223 5091 3360 5144 Εἰδὲ
3385 5092 3474 5147 διὰ

1905 5163 2087 5231 τοῦτο
2113 5164 2178 5214 ἐκ
2200 5160 2292 5213 τοῦ
2318 5159 2447 5213 Υἱοῦ
2495 5156 2683 5231 λέγεις.
2722 5159 2781 5231 τὸ
2831 5156 3079 5231 Πνεῦμαὲ
3112 5160 3193 5213 ὃτι
3248 5161 3472 5231 Πνεῦμα

1910 5232 2039 5285 Υίοῦ
2079 5230 2319 5297 λέγεται,
2354 5231 2405 5281 τί
2436 5226 2685 5295 περὶτοῦ
2719 5226 2917 5298 Ἰωσὴφ
2938 5226 3191 5298 ἐροῦμεν
3230 5226 3473 5294 εἰπόντος

1908 5306 2021 5364 τοῖς
2067 5302 2313 5369 ἀδελφοῖς
2339 5315 2352 5327 ·
2399 5301 2489 5367 Μὴ
2524 5298 2804 5369 φοϐεῑσγθεο
2865 5297 2960 5369 τοῦ
3001 5314 3035 5366 γ
3060 5297 3132 5367 ἀρ
3186 5298 3320 5369 Θεοῦ
3356 5302 3473 5367 εἰμι

1911 5372 2020 5439 ἐγώ
2054 5367 2277 5435 (Cenat,
2331 5372 2403 5425 '20
2442 5367 2552 5423 see.
2609 5368 2773 5439 LXX)
2812 5383 2825 5430 ;
2861 5367 2935 5437 μὴ
2985 5368 3077 5421 τὸν
3130 5367 3327 5439 Ἰωσὴῳ
3377 5369 3475 5438 τὴν

1912 5438 2145 5507 ὓπαρξιν
2177 5444 2241 5493 ἐκ
2272 5440 2371 5505 τῆς
2397 5440 2545 5499 θείας
2564 5438 2775 5505 φύσεως
2813 5439 3104 5506 ἐσχηκέναι
3144 5438 3473 5508 νομίζομενς

1912 5514 2006 5565 καὶ
2022 5513 2114 5565 τοῦ
2134 5511 2294 5563 Δαυῖδ
2316 5512 2557 5570 εἰπόντος
2582 5508 2710 5559 ’Τοῦ
2735 5509 2940 5578 Κυρίου
2963 5508 3000 5578 ῂ
3032 5509 3104 5578 γῆ
3139 5507 3472 5578 (Patalium,

1915 5582 2162 5647 LLXX),
2185 5584 2260 5651 μὴ
2294 5583 2355 5631 ἐκ
2380 5581 2481 5647 τῆς
2509 5578 2659 5651 θείας
2696 5574 3073 5651 φύσεως-εἶναι
3094 5574 3475 5651 ἀύτὴνᾼδώσοτ

1919 5644 2201 5723 μεν
2223 5644 2338 5723 πᾶν
2363 5644 2498 5723 ὅπερ
2529 5649 2673 5723 τινος
2703 5644 2842 5723 εἶναι
2873 5644 3244 5723 λέγεταιι-οὺκ
3273 5647 3475 5723 ἐτι-καὶ

1916 5716 1976 5787 ἐξ
2010 5716 2173 5775 αὑτοῦ
2194 5717 2330 5773 εἶναι
2355 5716 2590 5787 ἀνάγκη.
2620 5718 2823 5772 Eodem
2876 5728 3033 5787 pacto
3076 5716 3331 5772 Nicolaus
3367 5716 3476 5770 Me-

1920 5795 2072 5846 thon.
2107 5808 2193 5861 ap.
2227 5789 2471 5861 eumdtl.
2497 5804 2571 5861 c.,
2598 5806 2647 5861 ο.
2690 5790 2756 5844 58
2782 5794 2857 5857 (p.
2894 5789 3016 5861 @935)
3056 5788 3168 5841 :06
3200 5789 3322 5861 πᾶν
3340 5788 3474 5861 ὅπερ

1918 5865 2081 5929 τινὸς,
2116 5856 2214 5933 ἤδη
2248 5862 2341 5915 καὶ
2372 5860 2429 5927 ἐξ
2465 5859 2649 5926 αὑτοῦ,
2687 5870 2742 5915 et
2766 5856 2910 5931 apud
2952 5856 3232 5929 H'ugonem
3286 5859 3471 5915 Ether.
