4014 6406
518 362 624 427 339

1642 367 1905 427 PHOTII
1942 362 2446 425 PATRIARCH/E
2486 364 2594 421 (ΣΡ.

3657 362 3767 426 340

587 478 677 535 60.
707 476 816 534 Sed
847 480 997 534 enim
1046 490 1105 536 et
1154 481 1261 538 hoc
1314 489 1505 539 contra
1566 482 1801 552 scipsam
1860 482 2077 537 haeresis

2261 478 2323 543 ξ’.
2365 477 2528 530 Ἀλλά
2556 477 2665 546 γὰρ
2698 477 2789 529 καὶ
2837 475 2996 529 τοῦτο
3056 476 3175 531 καθ⁸
3232 477 3434 548 εαυτῆς
3473 477 3509 548 ἠ
3554 478 3770 548 αἵρεσις

514 571 743 642 colligit.
787 570 1172 629 Sanctissimus
1202 574 1437 644 Spiritus
1467 573 1653 628 tribuit
1697 573 1837 628 dona
1865 573 2079 644 dignis;

518 664 741 719 haeresis
787 675 993 729 autem,
1018 682 1125 720 non
1166 678 1457 728 contenta,
1515 674 1575 717 ut
1621 674 1867 735 apparet,
1924 665 2086 733 hujus

517 751 924 820 distributione,
947 754 1145 809 scindit
1183 754 1300 807 hrec
1338 763 1390 807 et
1423 754 1743 808 comminuit
1790 764 1845 808 et
1891 752 2087 808 dividit

518 842 573 896 in
618 845 801 913 plures
836 853 1035 913 partes,
1080 854 1139 899 ut
1188 844 1381 899 habeat
1430 844 1575 898 unde
1627 854 1922 899 sectatores
1954 859 2084 898 suos

518 932 768 1000 pluribus
795 934 974 988 adhuc
989 943 1151 1003 atque
1178 934 1524 988 uberioribus
1544 943 1865 1003 compensct
1889 934 2081 999 donis;

516 1024 701 1094 sicque
734 1026 933 1080 mentis
983 1026 1194 1080 illorum
1242 1026 1478 1081 turbatio
1524 1037 1579 1081 et
1625 1026 1874 1081 confusio
1904 1043 2084 1081 rerum

517 1127 767 1170 naturam
807 1127 863 1172 et
885 1119 1134 1173 ordinem
1163 1120 1423 1188 pervertit
1452 1128 1507 1174 et
1534 1120 1842 1184 confundit,
1883 1119 2085 1189 prima-

514 1222 620 1275 que
660 1207 952 1277 impietatis
984 1210 1122 1265 satio
1150 1211 1467 1265 innumeras
1489 1211 1662 1281 gignit
1687 1211 1943 1265 haereses.
1976 1208 2085 1264 Ve—

514 1311 632 1349 rum
666 1300 881 1353 tametsi
913 1300 1046 1355 satis
1079 1301 1197 1356 haec
1244 1311 1375 1356 sunt
1418 1301 1701 1357 ﬂectendis
1740 1303 1826 1366 iis,
1856 1301 1947 1370 qui
1973 1315 2086 1354 non

512 1387 729 1456 penitus
755 1404 876 1444 sese
905 1391 1168 1461 impietati
1200 1394 1536 1459 devoverint,
1564 1394 1735 1463 iisque
1791 1392 2087 1448 confutan-

512 1475 616 1539 dis,
650 1478 741 1547 qui
779 1479 1119 1550 impudentia
1146 1483 1222 1536 uti
1261 1484 1465 1548 velint;
1512 1493 1567 1539 et
1600 1484 1669 1537 iis
1700 1483 1792 1553 qui
1821 1484 2086 1553 supersti-

515 1566 722 1620 tionem
768 1580 972 1634 amant,
1003 1572 1071 1625 ab
1106 1587 1294 1627 errore
1332 1573 1673 1635 revocandis,
1707 1582 1945 1627 attamen
1984 1588 2087 1628 nec

513 1658 722 1728 reliqua
775 1664 1212 1731 praetermittam.
1269 1663 1673 1734 Egrotantium
1746 1663 1893 1718 enim
1946 1664 2085 1717 alius

516 1747 639 1815 hac,
681 1750 820 1805 alius
849 1752 939 1806 illa
969 1768 1098 1807 cura
1132 1754 1215 1809 vel
1243 1755 1436 1809 morbo
1470 1754 1680 1807 levatur
1708 1754 1791 1807 vel
1814 1753 2083 1808 evincitur

525 1849 743 1908 sponte.
770 1842 873 1896 etsi
911 1858 1007 1897 sua
1033 1844 1332 1900 voluntatis
1366 1845 1605 1914 nequitia
1636 1845 1973 1899 insanabilis.

2189 568 2429 635 συνάγει·
2445 567 2504 619 τὸ
2533 568 2631 636 μὲν
2650 567 2912 634 πανάγιον
2934 565 3158 636 Πνεῦμα
3173 566 3418 637 διανεμεῖ
3434 567 3549 638 (22)
3600 571 3767 641 χαρί-

2187 672 2369 726 σματα
2390 657 2501 717 τοῖς
2526 653 2695 719 ἀξίοις
2718 670 2733 685 ·
2751 652 2889 726 αὕτη
2907 654 2962 706 δὲ
2978 653 3150 707 οὐδενὶ
3174 656 3309 725 (25),
3327 655 3402 718 ὡς
3423 654 3617 720 ἔοικεν,
3632 658 3769 727 ἀρε-

2186 745 2450 816 οκομένη,
2463 745 2585 797 οὐδὲ
2605 747 2672 816 τῇ
2690 745 2876 798 τούτου
2898 745 3145 815 διανομῇ,
3164 745 3223 797 τέ
3234 747 3537 815 μνειταῦτα
3551 748 3765 818 aulai)

2187 837 2442 891 λεπτύνει
2468 838 2563 891 κα)⁸
2604 838 2686 899 είς
2728 836 2946 899 πλείους
2967 836 3080 907 (25)
3134 837 3331 907 μοίρας
3380 838 3765 909 καταμερίζει,

2187 930 2253 983 ἵν’
2270 929 2384 1000 ἔχοι
2408 932 2534 991 τοὺς
2551 929 2689 999 αὐτῇ
2710 928 3066 995 πειθομένους
3084 927 3194 999 (26)
3220 929 3623 998 φιλοτιμεῖσθαι
3642 934 3768 992 ταῖς

2185 1022 2424 1093 δωρεαῖς
2447 1022 2540 1073 ἐπὶ
2573 1020 2773 1090 μᾶλλόν
2815 1037 2876 1072 τε
2912 1020 3025 1091 (27)
3067 1021 3159 1073 καὶ
3199 1020 3584 1091 δαψιλέστερον
3616 1038 3631 1051 °
3670 1022 3770 1074 καὶ

2185 1115 2408 1182 γέγονεν
2428 1115 2608 1175 αὐτοῖς
2633 1114 2666 1183 ἡ
2687 1115 2783 1183 τῆς
2796 1112 3032 1176 διανοίας
3051 1114 3262 1183 ταραχὴ
3274 1115 3366 1167 καὶ
3381 1114 3643 1185 σύγχυσις
3665 1116 3770 1182 τὴν

2185 1206 2297 1259 τῶν
2322 1205 2668 1276 πραγμάτων
2700 1203 2863 1273 φύσιν
2892 1207 2987 1257 καὶ
3014 1204 3170 1269 τάξιν
3201 1207 3281 1267 είς
3308 1207 3620 1277 ἀνατροπὴν
3671 1206 3772 1259 καὶ

2186 1297 2402 1369 φυρμὸν
2436 1295 2859 1367 περιτρέπουσα,
2888 1296 2984 1349 καὶ
3025 1298 3060 1367 ἡ
3098 1296 3288 1368 πρώτη
3341 1297 3617 1367 καταϐολὴ
3667 1296 3769 1350 τοῦ

2185 1388 2598 1459 δυσσεϐήματος
2632 1388 2832 1460 μυρίας
2879 1389 3121 1457 αἱρέσεις
3155 1389 3547 1443 ἀποτίκτουσα.
3603 1390 3769 1442 Ἀλλά

2185 1478 2295 1548 γὰρ
2348 1479 2396 1529 εί
2433 1476 2545 1549 (28)
2604 1477 2701 1530 καὶ
2757 1477 3121 1546 ἀποχρώντως
3165 1476 3279 1547 ἔχει
3330 1478 3505 1531 ταῦτα
3550 1478 3769 1531 πείθειν

2184 1586 2246 1621 τε
2267 1568 2391 1632 τοὺς
2425 1569 2501 1639 μὴ
2529 1567 2806 1631 παντελῶς
2836 1570 2913 1631 είς
2930 1567 3185 1622 ἀσέϐειαν
3208 1568 3621 1639 ἀποϐεϐηκότας
3651 1570 3766 1639 (29)

2187 1660 2281 1713 καὶ
2318 1660 2443 1722 τοὺς
2468 1660 2845 1728 ἀναισχυντεῖν
2872 1660 3158 1729 ἑλομένους
3184 1660 3481 1731 διελέγχειν
3513 1661 3626 1729 (56)
3668 1661 3770 1714 καὶ

2186 1752 2314 1814 τοὺς
2384 1747 2804 1820 δεισιδαιμονεῖν
2853 1750 3229 1814 ὲπικλιθέντας
3303 1751 3767 1821 ἐπανορθοῦσθαι,

2197 1841 2312 1915 [61]
2364 1842 2477 1897 ἀλλ’
2502 1840 2595 1896 οὖν
2633 1842 2754 1896 οὐδὲ
2784 1844 2851 1896 τὰ
2908 1842 3163 1897 λείποντα
3188 1844 3597 1914 παραλείψομεν
3629 1844 3765 1913 (51).

517 1930 710 1995 Ἀλλος
729 1935 828 2004 μὲν
850 1936 958 2007 γὰρ
986 1937 1412 1991 τῶν-νοσούντων
1445 1939 1608 2008 ἑτέρᾳ
1631 1937 1916 2009 θεραπείᾳ,
1950 1938 2135 2005 ἕτερος
2162 1935 2218 1988 δὲ
2255 1935 2321 1989 δι’
2344 1935 2536 2005 ἑτέρας
2564 1935 2596 2006 ἢ
2638 1935 3041 1989 ἀπαλλάσσεται
3077 1935 3170 1989 τοῦ
3194 1936 3518 2007 νοσήματος,
3554 1937 3587 2006 ἢ
3621 1935 3765 1990 ἑκὼν

510 2022 845 2094 διελέγχεται
880 2028 974 2080 καὶ
1006 2028 1093 2081 διὰ
1128 2028 1430 2100 μοχθηρίαν
1484 2028 1711 2098 γνώμης
1754 2028 1817 2081 τό
1864 2027 2083 2080 ἀνίατον
2118 2025 2484 2094 ὑφιστάμενος
2525 2024 2635 2095 (52)

584 2115 675 2170 6|.
706 2118 1069 2182 Quamobrem
1103 2136 1172 2174 ne
1206 2122 1305 2175 ista
1331 2120 1552 2191 quidem
1576 2121 1977 2192 praetereunda.
2024 2120 2082 2173 Si

511 2218 805 2278 generatus
834 2212 1053 2279 quidem
1088 2221 1171 2266 est
1213 2212 1383 2267 Filius
1407 2229 1437 2266 a
1465 2212 1646 2278 Patre,
1675 2212 1921 2282 procedit
1952 2226 2081 2266 vero

512 2299 754 2371 Spiritus
788 2319 818 2357 a
844 2304 1002 2372 Filio,
1035 2307 1311 2375 quomodo
1342 2321 1450 2360 non
1479 2322 1547 2360 ex
1568 2306 1670 2360 hac
1696 2321 1794 2360 sua
1823 2304 2080 2375 Opinione

509 2392 762 2462 impietas
789 2396 842 2449 in
877 2399 1076 2468 nepotis
1105 2398 1471 2453 conditionem
1529 2397 1789 2467 Spiritum
1820 2396 2080 2449 amanda-

508 2484 590 2539 bit
634 2496 691 2540 et
724 2489 1064 2543 tremendum
1113 2489 1401 2561 theologia;
1433 2499 1631 2545 nostrae
1678 2488 1996 2559 mysterium
2023 2488 2080 2542 in

509 2576 678 2631 risum
711 2588 767 2632 et
797 2593 972 2649 nugas
1000 2580 1307 2651 ablegabit?

579 2753 668 2808 62.
713 2752 910 2810 Videas
953 2767 1135 2812 autem
1181 2759 1310 2813 hinc
1336 2774 1553 2829 quoque
1579 2774 1862 2814 excessum
1890 2759 2083 2830 impie-

509 2846 660 2899 tatis.
684 2845 740 2901 Si
775 2848 1021 2916 proxima
1044 2865 1207 2903 causa
1238 2850 1473 2920 Spiritus
1497 2860 1579 2905 est
1606 2850 1785 2916 Pater,
1817 2852 2082 2921 quemad—

2263 2116 2360 2182 ξα’.
2392 2115 2539 2188 [λθ’.)
2564 2117 2761 2187 Διόπερ
2783 2116 2897 2186 (55)
2916 2117 3038 2169 οὐδὲ
3062 2116 3239 2171 ταῦτα
3255 2118 3502 2188 παριδεῖν
3531 2118 3762 2173 δίκαιον.

2191 2211 2254 2263 Εἰ
2296 2208 2405 2279 (56)
2434 2209 2758 2279 γεγέννηται
2790 2209 2890 2279 μὲν
2918 2212 2946 2263 6
2978 2210 3106 2273 Υίδς
3144 2213 3208 2263 ὲκ
3260 2210 3355 2263 τοῦ
3405 2210 3620 2281 Πατρὶις
3648 2211 3765 2279 (55)

2190 2302 2545 2372 ἐκπορεύεται
2577 2302 2632 2354 δὲ
2658 2302 2718 2355 τὸ
2745 2303 2967 2372 Πνεῦμα
3007 2304 3071 2356 ἐκ
3124 2302 3215 2355 τοῦ
3244 2301 3399 2366 Υίοῦ,
3428 2303 3547 2366 πῶς
3573 2304 3695 2373 οὐχὶ
3726 2306 3760 2373 ἡ

2188 2397 2475 2450 δυσσέϐεια
2503 2395 2645 2450 κατά
2685 2395 2782 2465 τὴν
2819 2396 3024 2450 οἰκείαν
3066 2396 3222 2460 δόξαν
3268 2396 3368 2450 οὑκ
3415 2397 3496 2459 εἰς
3540 2396 3765 2449 υἱωνὸν

2188 2487 2251 2539 τὸ
2300 2486 2524 2556 Πνεῦμα
2568 2486 2927 2557 παραπέμψει
2976 2487 3085 2555 (56)
3142 2488 3236 2540 καὶ
3274 2487 3334 2539 τὺ
3390 2488 3620 2557 φρικτὸν
3663 2487 3763 2556 τῆς

2182 2577 2462 2646 θεολογίας
2495 2576 2656 2647 ἡμῶν
2689 2577 2789 2630 οὐκ
2818 2580 2897 2640 είς
2936 2580 3182 2649 μακροὺς
3208 2578 3471 2633 ἀπελάσει
3506 2580 3618 2649 (57)
3662 2579 3761 2650 λή-

2180 2686 2309 2739 ρους
2351 2668 2511 2738 (58)ο;

2252 2759 2391 2832 [62.]
2409 2759 2506 2831 ξβθ.
2536 2758 2651 2832 [υ’.]
2679 2760 2836 2824 ¹’Ῑδοις
2860 2760 2905 2814 δ’
2923 2760 2987 2814 ἂν
3014 2760 3309 2815 κάντεῦθεν
3328 2760 3426 2833 τὴν
3450 2762 3761 2833 ὑπερϐολὴν

2177 2853 2272 2907 τοῦ
2294 2853 2734 2924 δυσσεϐήματσς.
2764 2854 2826 2905 Et
2860 2854 3125 2923 προσεχὲς
3159 2854 3261 2924 μέν
3291 2856 3438 2908 ἐστιν
3460 2856 3636 2907 αἴτιον
3662 2854 3756 2907 τοῦ

508 2938 732 2993 modum
766 2948 823 2995 et
872 2939 990 2995 Filii
1038 2942 1187 3008 (nam
1255 2943 1568 2998 immediate
1621 2953 1733 2999 tam
1802 2945 2077 3014 generatio

2186 2944 2495 3015 Πνεύματος
2540 2947 2568 2999 ό
2613 2947 2801 3015 Πατὴρ
2848 2947 2981 3016 (59),
3027 2945 3219 3016 ῶσπερ
3269 2947 3363 2999 καὶ
3437 2946 3532 2998 τοῦ
3588 2946 3756 2999 Υίοῦ·

509 3045 672 3096 quam
704 3033 983 3101 processio
1014 3034 1261 3101 exsistit;
1307 3050 1487 3105 neque
1518 3035 1664 3089 enim
1698 3036 1879 3090 medio
1902 3036 2077 3105 aliquo

2186 3037 2405 3106 ἀμέσως
2428 3038 2535 3108 γάρ
2564 3038 2767 3106 ὁμοίως
2793 3038 2828 3109 ἦ
2856 3056 2913 3092 τε
2935 3038 3190 3109 γέννησις
3211 3039 3302 3092 καὶ
3324 3041 3355 3108 ἠ
3391 3039 3720 3109 ὲκπόρευσις
3738 3055 3755 3069 ο

507 3118 679 3176 Filius
723 3132 1047 3193 generatur,
1103 3126 1414 3196 pariterque
1466 3124 1778 3180 immediate
1837 3124 2073 3195 Spiritus

2186 3129 2301 3184 οὐδὲ
2328 3130 2437 3201 γὰρ
2465 3130 2552 3183 διὰ
2568 3130 2732 3201 μέσου
2749 3131 2893 3194 τινὸς
2920 3132 2947 3183 6
2974 3128 3102 3194 Υίὸς
3133 3131 3387 3197 γεννᾶται
3420 3130 3530 3199 (40)
3568 3148 3581 3159 °
3618 3129 3759 3198 ἀμέ-

508 3212 800 3283 procedit),
817 3230 938 3269 cum
957 3216 1246 3286 impiorum
1265 3216 1517 3272 delirium
1531 3225 1738 3270 asserat
1777 3218 2074 3289 procedere

2186 3240 2289 3286 σως
2316 3224 2358 3275 δ’
2390 3223 2591 3292 ὁμοίως
2622 3223 2801 3276 καὶτὸ
2832 3221 3055 3293 Πνεῦμα
3080 3220 3439 3292 ἐκπορεύεται
3469 3238 3482 3253 ’
3514 3221 3662 3288 λέγει
3700 3221 3759 3273 δὲ

506 3306 671 3359 etiam
700 3321 730 3358 a
752 3305 887 3362 Filio
915 3307 1177 3379 Spiritum
1230 3307 1419 3363 eadem
1458 3306 1574 3362 iosa
1602 3323 1788 3373 causa,
1823 3306 2076 3362 videlicet

2186 3314 2289 3368 τῶν
2317 3312 2526 3368 ἀσεϐῶν
2553 3313 2582 3365 6
2614 3312 2775 3384 λῆρος
2808 3311 3203 3383 ἐκπορεύεσθαι
3226 3312 3286 3365 τὸ
3319 3311 3547 3381 Πνεῦμα
3572 3311 3664 3364 καὶ
3693 3310 3761 3364 ἐκ

1642 3471 1879 3529 VARIIE
1916 3474 2298 3531 LEC'I‘IONES
2338 3480 2410 3533 En
2463 3474 2697 3531 NOT/E.

505 3631 545 3692 ι.
574 3647 701 3705 u.c.
728 3633 815 3700 12,
854 3650 906 3703 p.
935 3634 1073 3688 1227
1102 3652 1115 3687 :
1150 3652 1168 3685 ι
1200 3633 1639 3703 lnvestigandum
1659 3644 1761 3697 est,
1792 3634 2069 3705 quomodo

507 3704 764 3765 sentiant,
801 3705 890 3773 qui
915 3705 1155 3775 fatentur
1179 3704 1439 3775 Spiritum
1474 3720 1539 3759 ex
1566 3706 1701 3759 Filio
1731 3704 2064 3775 precedere;

508 3777 626 3831 sive
666 3775 787 3828 ideo
813 3775 936 3842 quia
976 3774 1096 3828 Filii
1129 3775 1357 3837 dicatur,
1382 3774 1496 3829 sive
1526 3776 1651 3844 quia
1692 3774 2074 3829 universaliter

506 3859 670 3901 omne
697 3844 839 3912 quod
889 3845 1118 3913 alicujus
1172 3844 1371 3897 dicitur
1418 3860 1558 3909 esse,
1609 3860 1676 3898 ex
1726 3846 1916 3898 eodem
1960 3845 2076 3913 ipso

548 3915 807 3971 rocedere
833 3915 1110 3975 videatur;
1140 3914 1243 3968 hoc
1275 3915 1317 3968 si
1356 3914 1428 3984 ita
1457 3925 1561 3978 est,
1588 3915 1713 3984 quia
1738 3916 1879 3969 Deus
1896 3915 2076 3968 Abra-

532 4003 637 4041 iam
669 4000 790 4040 esse
813 3985 1008 4039 dicitur
1033 3994 1087 4039 et
1115 3985 1266 4039 Isaac
1305 3993 1361 4038 et
1386 3983 1574 4051 Jacob,
1609 3983 1699 4039 ex
1750 3985 1835 4039 his
1891 3985 2078 4053 utique

509 4066 569 4111 et
591 4055 871 4126 procedat.
908 4075 925 4105 ι

581 4124 695 4193 (22)
730 4125 870 4179 Mori.
904 4126 941 4179 ι.
971 4124 1067 4177 461
1099 4125 1153 4185 b,
1185 4125 1481 4193 διαγγέλει.
1510 4124 1626 4179 Col.
1669 4124 1936 4194 διανεμεῖ.

580 4196 692 4265 (25)
732 4195 852 4265 Vat.
878 4194 915 4251 ι.
956 4194 1062 4249 205
1098 4211 1150 4261 a,
1176 4194 1348 4247 οὐδέν.
1380 4194 1470 4249 Sic
1505 4194 1623 4250 Col.

579 4264 694 4333 (ει)
726 4264 869 4317 Μοη.
898 4266 976 4318 δέ.

581 4337 694 4404 (25)
718 4335 833 4388 Col.
876 4335 974 4386 πλε
984 4335 1151 4398 ίονας,
2046 4335 2077 4361 ο

583 4407 694 4478 (ιδ)
727 4404 880 4478 bon.
909 4406 1228 4478 πειθομένῃ·

580 4475 695 4541 ι27)
725 4476 796 4527 Τε
821 4476 975 4529 deest
1003 4477 1055 4529 in
1088 4475 1233 4532 Men.

602 4546 693 4614 28)
728 4546 845 4598 col.
868 4546 1044 4599 omitt.
1085 4548 1154 4600 εί.

546 4615 694 4742 ὀ(29)
739 4615 882 4670 Mon.
912 4618 1364 4688 περιτρέποντας.
1389 4618 1507 4673 Col.
1542 4633 1597 4687 p.
1653 4616 1781 4683 294,
1826 4617 2078 4689 ἀπεσϐηο

578 4705 695 4742 τας.

508 4705 695 4749 κοτας.

581 4760 692 4824 (δυ)
720 4754 863 4828 Ilion.
882 4754 1168 4828 διελέγχει.

582 4828 694 4899 (51)
722 4826 1300 4899 ςξρὶεπαραλείψομαι.

584 4895 698 4968 (52)
722 4894 815 4948 llis
834 4894 998 4968 ﬁnem
1034 4894 1263 4967 imponit
1286 4899 1511 4954 Photius
1529 4899 1703 4968 longae
1721 4897 2075 4967 disputationi

509 4967 577 5021 de
606 4965 725 5019 Gal.
760 4981 835 5028 IV,
870 4965 923 5019 6.
954 4965 1125 5030 Quem
1155 4970 1320 5022 verba
1358 4968 1510 5023 Pauli
1549 4965 1761 5037 aliaque
1809 4965 1863 5023 id
1905 4983 2075 5038 genus

512 5038 962 5104 interpretantem
992 5052 1132 5105 pone
1158 5049 1462 5105 sequuntur
1493 5038 1804 5093 schismatis
1833 5047 2073 5091 asserto-

510 5122 620 5172 res,
664 5105 981 5178 exquibus
1038 5107 1495 5178 Tlteophylactus,
1522 5108 1782 5178 Bulgaria:
1811 5107 2074 5177 archiepi-

508 5192 707 5244 scopus
742 5175 906 5244 (apud
961 5175 1209 5233 Beccum'
1240 5175 1331 5235 Gr.
1396 5180 1529 5233 orth.
1566 5175 1774 5240 1,315.
1820 5194 1880 5233 ιι.
1922 5175 2012 5243 65}
2056 5197 2069 5233 :

509 5246 847 5318 Γέγραπται,
870 5246 1024 5318 ἔφης,
1052 5248 1277 5317 Πνεῦμα
1322 5249 1452 5302 Υἱοῦ
1522 5250 1614 5303 καὶ
1654 5245 1881 5318 Πνεῦμα
1931 5250 2069 5318 Χρι-

511 5317 639 5389 στοῦ
671 5334 684 5389 ς
718 5316 873 5389 κάγὼ
895 5316 1135 5387 τίθεμαι,
1169 5316 1285 5373 ἀλλ’
1312 5321 1409 5389 οὐχ
1435 5320 1509 5381 ὡς
1536 5320 1595 5382 ἐξ
1625 5317 1833 5389 ἐκείνου
1860 5316 2070 5389 προϊὸν,

504 5384 622 5439 ἀλλ’
658 5386 732 5450 ὡς
762 5388 959 5458 οίκεῖον
989 5384 1183 5442 αὑτοῦ·
1217 5384 1476 5458 συγγενὲς
1516 5391 1624 5456 γὰρ
1655 5390 1749 5439 καὶ
1786 5388 1882 5440 οὐκ
1906 5384 2069 5442 ἀλλόὲ

505 5473 656 5527 τριον
687 5473 701 5486 ·
737 5459 829 5509 καὶ
846 5457 927 5529 *ὡς
952 5460 1081 5529 παρ’
1118 5457 1304 5512 αὐτοῦ
1338 5463 1451 5520 τοῖς
1502 5459 1688 5529 ἀξίοις
1720 5459 2071 5529 πεμπόμενον

508 5526 601 5597 καὶ
625 5526 1149 5596 χορηγούμενοκίκαὶ
1171 5529 1600 5597 μεταδιδόμενον.
1636 5526 1857 5580 l’botius
1888 5526 2067 5583 tamen

506 5595 648 5650 infra
685 5613 898 5651 rursum
934 5599 997 5650 ad
1017 5595 1263 5652 eamdem
1306 5601 1586 5651 materiam
1620 5596 1943 5666 regreditur,
1976 5600 2065 5653 ubi

505 5682 668 5737 voces
705 5667 929 5734 Πνεῦμα
964 5668 1091 5720 Υἰοῦ
1119 5678 1172 5723 et
1203 5669 1424 5733 Πνεῦμα
1458 5666 1691 5737 Χριστοῦ
1754 5682 1862 5721 non
1925 5668 2065 5723 idem

504 5736 688 5791 dicere
719 5738 931 5791 asserit.

578 5806 693 5877 (55)
724 5805 781 5859 In
805 5807 933 5862 Cod.
961 5806 1103 5863 Mou.
1138 5808 1176 5863 f.
1208 5808 1304 5863 461
1342 5809 1396 5875 b,
1423 5824 1543 5878 cap.
1577 5807 1675 5876 agt.

2102 4512 2156 4571 Β
2182 4512 2953 4612 δυ’σῖόἓιλέἔὲὖέπῖῗῖεεᾭᾶρἙ
2986 4512 3095 4614 LE?

2242 3636 2353 3704 (54)
2383 3634 2559 3690 Verba
2589 3638 2636 3688 εί
2666 3652 2788 3705 γεγ.
2822 3664 2894 3675 ———
2918 3633 3374 3705 παραπέμψει-οι
3411 3634 3606 3689 Photio
3654 3634 3755 3689 de-

2171 3702 2377 3776 scripta
2402 3707 2660 3776 leguntur
2682 3702 2755 3760 in
2794 3702 3041 3776 cod._rGr.
3083 3702 3255 3776 theOI.
3280 3702 3592 3776 Vindobon.
3622 3705 3751 3760 524·

2177 3774 2386 3829 Nessel.
2421 3774 2763 3843 (Lambeccir.
2794 3785 2877 3830 est
2903 3774 3037 3829 Cod.
3080 3775 3203 3841 157)
3236 3774 3330 3829 fol.
3356 3774 3459 3829 247
3489 3776 3544 3831 b.

2244 3846 2356 3915 (55)
2388 3845 2531 3899 Μοιι.
2556 3848 2630 3915 εκ
2663 3846 2758 3899 τοῦ
2789 3845 3002 3914 ΙΙατρδς
3037 3847 3065 3897 6
3089 3845 3241 3915 Υἱός.

2246 3916 2357 4038 (56)
2386 3916 2520 3970 Cod.
2552 3914 2786 3971 Vindob.
2811 3916 3010 3969 citatus
3036 3924 3089 3969 et
3118 3914 3234 3969 Col.
3266 3916 3285 3937 ⁶
3314 3916 3433 3977 πῶς
3458 3915 3581 3987 οὐχὶ
3612 3916 3756 3969 κατά

2246 4002 2274 4036 ν
2302 4004 2331 4038 ο
2356 4005 2409 4038 κ.
2441 3985 2490 4038 δ.
2526 3986 2559 4038 ᾖ
2584 3985 2871 4038 δυσσέϐεια
2907 3988 3008 4037 οὐκ
3063 3986 3143 4038 είς
3199 3986 3393 4038 υἱωνὸν
3441 3986 3504 4038 τὸ
3544 3989 3640 4038 ﬂe.
3692 4005 3751 4038 π.

2174 3985 2274 4056 τῂν
2302 3985 2409 4039 οἰκ.
2441 3985 2499 4056 δ.)
2526 3986 2559 4056 ἡ
2584 3985 3008 4056 δυσσέϐειαλούκ
3063 3986 3143 4048 είς
3199 3986 3393 4056 υἱωνὸν
3441 3985 3640 4040 τὸΠν.
3692 4005 3751 4038 π.

2178 4054 2389 4111 Monac.
2425 4054 2629 4118 πῶςοὑ
2656 4055 2797 4108 κατὰ
2840 4054 2938 4125 τὴν
2975 4056 3181 4109 οίκείαν
3218 4055 3374 4120 δόξαν
3409 4058 3441 4125 ή
3497 4056 3753 4109 εὐσέϐεια

2178 4125 2300 4197 (sic)
2332 4127 2436 4197 οὐκ
2458 4128 2537 4188 είς
2570 4125 2703 4197 Υίὸν
2733 4126 2791 4177 τὸ
2822 4126 2921 4178 Πν.
2951 4143 3013 4178 π.

2271 4196 2363 4262 5⁸7)
2390 4195 2535 4249 Mon.
2564 4196 2852 4263 συνελάση.

2270 4265 2361 4337 58)
2392 4264 2620 4319 Photius
2645 4281 2733 4337 ep.
2767 4266 2831 4337 ad
2858 4264 3093 4337 Aquilei.
3125 4282 3139 4317 :
3173 4264 3315 4337 Olbe‘.
3345 4265 3516 4337 ταύτῃ
3544 4267 3601 4320 δὲ
3619 4266 3751 4319 δυσ-

2175 4335 2361 4407 φημίᾳ.
2388 4337 2608 4405 κάτοχοι
2638 4336 2757 4407 κα)ῘΔ
2782 4335 2977 4407 υἱωνόν
3004 4337 3177 4407 εἰπεῖν
3205 4335 3281 4407 τὸΔ
3301 4335 3527 4407 Πνεῦμα
3559 4338 3661 4389 οὐκ
3688 4338 3753 4390 ἀν

2177 4404 2579 4475 ἀποκνήσαιεν,
2616 4406 2667 4457 εί
2716 4404 2771 4457 δὲ
2794 4404 2935 4475 ὴτὴνί
2971 4404 3152 4475 φωνὴν
3195 4404 3551 4475 φυλάττονται
3603 4407 3754 4475 φόϐῳ

2180 4476 2290 4545 τῶν
2320 4467 2584 4539 εὐσεϐῶν,
2616 4474 2732 4527 ἀλλ’
2756 4474 2850 4545 οὖν
2876 4467 2953 4526 ’τὸ
2983 4467 3239 4545 ἒρρόνημα
3270 4474 3337 4527 δι’
3384 4467 3460 4528 ὧν
3496 4467 3755 4545 δογματίζ

3184 4545 3261 4607 ίὸς
3310 4545 3374 4597 ὲκ
3407 4545 3503 4598 τοῦ
3542 4546 3755 4613 Πατρδς

2178 4616 2267 4668 διὰ
2310 4616 2617 4685 γεννήσεως
2658 4614 2985 4685 πρόεισι,τὸ
3037 4614 3263 4685 Πνεῦμα
3291 4614 3349 4667 δὲ
3399 4616 3465 4667 ὲκ
3494 4616 3588 4667 τοῦ
3620 4616 3753 4669 Υίοῦ

2177 4685 2247 4739 δι’
2292 4683 2832 4755 ὲκπορέύσεωςζᾼείς
2869 4683 3065 4736 υίωνοῦ
3114 4683 3270 4748 τάξιν
3320 4687 3749 4755 περιστήσεται·

2178 4756 2274 4808 καὶ
2303 4755 2421 4817 πῶς
2437 4753 2512 4807 ἀν
2542 4754 2627 4825 εἴη
2664 4753 2824 4807 τοῦτο
2850 4754 3084 4825 φορητὸν
3122 4758 3235 4815 τοῖς
3287 4753 3549 4825 εὐσεϐεῖν
3580 4773 3753 4808 σπου-

2177 4825 2273 4947 δὲν
2332 4823 2678 4890 ποιουμένοις
2734 4823 2964 4892 καὶτῷ
3019 4823 3127 4875 τῶν
3171 4824 3518 4894 Χριστιανῶν
3568 4844 3743 4878 κατα-

2177 4894 2207 4946 λ
2240 4913 2322 4947 γω
2350 4893 2830 4947 συνεξετάζεσθαιε
2865 4894 2896 4947 ἦ
2945 4892 3060 4947 πῶς
3110 4894 3204 4946 ἐπὶ
3236 4894 3369 4945 πολὺ
3416 4895 3743 4947 παοοοώιιε-

2177 4892 2322 4965 λόγῳ
2350 4893 2830 4965 συνεξετάζεσθαι;
2865 4894 2897 4965 ἢ
2930 4892 3060 4965 πῶς
3110 4894 3204 4946 ἐπὶ
3228 4892 3369 4965 ίπολὺ
3416 4895 3749 4965 παρορώμε-

2178 4981 2267 5017 νον
2295 4963 2681 5031 ἀνεξέλεγκτον
2706 4966 2767 5016 οὺ
2801 4963 3137 5029 συνελκύσει,
3168 4964 3292 5026 τοὺς
3315 4963 3583 5031 σιγῶντας
3628 4966 3745 5033 μὲν,

2176 5034 2267 5089 νοῦ
2313 5034 2370 5087 δὲ
2434 5035 2499 5085 ἐκ
2555 5033 2688 5086 Θεοῦ
2742 5036 2838 5087 καὶ
2892 5034 3130 5103 χαρίτων
3163 5033 3459 5102 διελέγχειν
3507 5034 3751 5087 ἀπολαύ-

2178 5122 2397 5175 σαντας,
2456 5105 2536 5175 είς
2583 5105 2682 5175 τὴν
2742 5104 2851 5175 τῶν
2896 5103 3744 5175 βλασφημησάντωνῃαπώλειανς

2174 5174 2350 5230 Nicol.
2382 5172 2704 5229 Methonﬁc.
2734 5174 2796 5227 21
2848 5193 2861 5228 :
2896 5172 3016 5226 Ἔτι
3069 5176 3118 5225 εί
3166 5174 3193 5225 6
3230 5175 3327 5243 μὲν
3356 5173 3485 5236 Υίὸς
3533 5175 3599 5226 ἐκ
3660 5174 3742 5227 τοῦ

2174 5246 2389 5315 Πατρὺς
2424 5287 2440 5310 ,
2470 5245 2530 5296 τὸ
2567 5245 2623 5297 δὲ
2653 5243 2876 5315 Πνεῦμα
2914 5246 2978 5295 ὲκ
3016 5244 3111 5296 τοῦ
3162 5242 3617 5315 Υἱοῦ,μτάχαΑκαὶ
3668 5245 3749 5307 είς

2174 5312 2371 5368 υίωνοῦ
2417 5314 2570 5379 τάξιν
2605 5316 2665 5367 τὸ
2697 5314 2921 5381 Πνεῦμα
2952 5315 3184 5367 τίθεται.
3224 5312 3425 5367 Eadem
3485 5312 3602 5368 fere
3651 5329 3743 5367 oc-

2174 5394 2403 5439 currunt
2452 5385 2506 5437 in
2566 5384 2727 5438 Marci
2784 5384 3003 5453 Ephesii
3070 5382 3569 5455 syllogisuiis‘Cod.
3630 5382 3747 5437 Mo-

2174 5470 2297 5509 nac.
2327 5456 2417 5518 27,
2456 5456 2494 5507 f.
2527 5456 2633 5509 258
2662 5471 2691 5508 a
2732 5455 2771 5508 f.
2792 5455 2896 5508 255
2933 5454 2984 5509 b.

2245 5526 2355 5593 (59)
2386 5524 2529 5579 Mon.
2567 5529 2615 5578 εἰ
2653 5526 2923 5595 προσεχὴς
2971 5524 3070 5595 μέν
3124 5526 3241 5577 ἐστι
3275 5522 3370 5577 τοῦ
3430 5526 3748 5593 Πνευματος

2172 5596 2344 5667 αἴτιος
2374 5598 2403 5648 ό
2422 5598 2646 5667 Πατήρ.

2172 5666 2356 5789 ri(“0)
2386 5666 2531 5722 Μοῐιο
2576 5661 2709 5720 ⁷έιῦτε
2746 5665 2855 5736 γὰρ
2899 5666 2947 5719 δ.
3002 5682 3062 5734 μ.
3114 5681 3167 5718 τ.
3225 5665 3505 5734 γεννᾶται.
3534 5661 3747 5718 ῡεθδιό

2242 5754 2320 5789 Οξ.

2242 5754 2320 5799 ος.
