4022 6398
598 353 701 416 347

1717 351 1980 414 ΡΗΟΤΙΙ
2014 350 2519 413 ΡΑΤΒΙΑΒΟΗᾸΞ
2557 352 2666 413 CP.

3746 348 3857 411 343

596 464 926 520 condemno.
951 462 1041 528 At,
1083 462 1283 534 inquis,
1338 463 1411 518 illi
1474 463 1587 519 haec
1637 464 2000 533 scripserunt,
2033 475 2089 519 et
2114 464 2153 520 ir

2274 463 2673 535 ταψηφίζομαι.
2736 462 2916 528 Ἀλλὰ,
2968 464 3104 533 φησὶ
3133 462 3270 531 (95),
3321 460 3643 532 γεγράφασι
3680 461 3854 515 eain-1

596 556 811 609 illorum
829 557 983 612 libris
1008 558 1341 621 continetur,
1361 556 1626 625 Spiritum
1643 571 1671 609 a
1696 555 1833 610 Filio
1850 557 2170 626 procedere.

596 643 799 699 Verum
837 648 967 715 quid
1032 647 1172 701 hoc?
1200 646 1254 701 Si
1277 648 1418 702 enim
1455 648 1650 702 melius
1713 648 1895 703 edocti
1946 658 2171 702 senten-

598 738 727 791 tiam
753 753 861 791 non
894 747 1190 801 mutarunt,
1220 741 1263 794 si
1310 740 1471 809 jnstis
1507 739 1667 794 evicti
1718 740 2053 807 argumentis
2101 740 2171 795 ab

595 843 780 883 errore
825 844 933 883 non
980 840 1341 893 recesserunt,
1386 840 1539 883 tuum
1586 845 1726 899 opus
1751 830 1885 885 dicis
1908 840 2170 900 tuumque

595 922 1047 976 inemendabilem
1094 922 1333 978 animum
1396 923 1519 991 (alia
1555 938 1747 977 rursus
1786 924 1903 978 haec
1932 933 2017 978 est
2071 924 2170 978 ad-

594 1028 784 1068 versus
816 1013 1001 1067 Patres
1033 1021 1154 1068 tuos
1182 1015 1481 1084 calumnia)
1516 1015 1733 1069 illorum
1765 1016 2034 1071 doctrina:
2073 1032 2167 1072 ac-

593 1113 807 1172 ceptum
839 1103 1031 1157 refers.
1051 1102 1106 1158 Si
1138 1119 1288 1170 vero,
1320 1121 1441 1174 qua:
1479 1114 1563 1160 est
1589 1121 1774 1160 rerum
1806 1107 2166 1162 humanarum

592 1195 851 1257 conditio.
886 1196 1013 1250 licet
1046 1198 1378 1266 caeteroquin
1408 1200 1633 1268 optimis
1652 1201 1964 1270 quibusque
1996 1202 2170 1255 virtu-

593 1286 738 1340 tibus
766 1289 965 1350 ornati,
986 1289 1070 1342 vel
1100 1303 1168 1343 ex
1193 1288 1501 1359 ignorantia
1530 1293 1758 1361 quadam
1795 1292 1930 1362 lapsi
1964 1293 2048 1347 vel
2076 1309 2168 1348 ne-

590 1376 841 1447 gligentia
871 1379 1082 1448 abrepti
1109 1390 1261 1443 sunt,
1295 1395 1405 1435 non
1438 1390 1617 1435 tamen
1642 1382 1905 1437 admoniti
1950 1385 2167 1439 restite-

591 1476 720 1519 runt
749 1477 843 1521 aut
886 1468 954 1521 ad
985 1468 1355 1524 correctiones
1394 1470 1637 1525 animum
1681 1472 2038 1541 pertinaciter
2064 1475 2164 1529 ob-

589 1555 881 1623 durabant,
915 1559 1043 1626 quid
1066 1560 1168 1613 hoc
1192 1561 1258 1614 ad
1294 1562 1387 1615 te?
1414 1561 1697 1627 Quomodo
1720 1579 1850 1618 vero
1877 1565 1931 1618 in
1951 1565 2038 1632 iis,
2071 1567 2164 1636 qui

589 1648 1038 1703 nihilsimiletuis
1062 1652 1306 1706 moribus
1326 1652 1652 1719 habuerunt,
1679 1656 1985 1727 perfugium
2013 1657 2165 1713 inve-

590 1740 711 1793 nies
742 1756 922 1809 poma:
960 1742 1295 1799 inevitabilis
1342 1746 1644 1801 evitandae?
1677 1748 1732 1801 Si
1770 1750 1917 1803 enim
1946 1764 2159 1818 eorum,

588 1831 790 1898 quibus
821 1840 876 1885 tu
909 1833 1177 1897 abundas,
1214 1836 1287 1888 illi
1322 1852 1392 1890 ne
1414 1837 1605 1892 leviter
1619 1838 1838 1907 quidem
1866 1841 2164 1912 participes

591 1922 717 1975 facti
747 1934 895 1988 sunt,
930 1925 1023 1978 sed
1056 1928 1237 1994 potius
1272 1928 1519 1996 plurimis
1545 1928 1665 1983 aliis
1694 1929 2031 1987 admiranda:
2054 1934 2166 1987 vir-

592 2013 724 2067 tutis
753 2015 1080 2085 pietatisque
1102 2020 1493 2087 speciminibus
1518 2023 1695 2078 ornati
1739 2025 1971 2094 impium
2006 2034 2162 2083 tuum

587 2104 782 2175 dogma
814 2120 879 2159 ex
909 2106 1210 2177 ignorantia
1234 2119 1330 2164 aut
1356 2112 1683 2184 negligentia
1711 2118 2159 2186 pronuntiarunt,

586 2197 719 2265 quid
744 2207 799 2250 tn
831 2198 1124 2254 humanum
1148 2201 1362 2256 illorum
1405 2203 1677 2260 defectum
1702 2217 1957 2279 tanquam
1986 2211 2160 2283 legem

586 2286 754 2357 impie
784 2289 1041 2345 credendi
1073 2291 1170 2345 tibi
1218 2293 1507 2350 constituis
1541 2312 1718 2367 exque
1760 2299 1864 2355 hac
1912 2308 2003 2356 tua
2041 2303 2163 2373 lege

586 2377 731 2443 illos,
773 2382 867 2448 qni
893 2380 968 2434 nil
997 2383 1266 2449 ejusmodi
1320 2386 1570 2441 sanxisse
1620 2390 1953 2459 deprehensi
2009 2403 2158 2461 sunt,

583 2469 801 2538 iniquos
853 2472 1093 2542 legisque
1151 2475 1441 2531 violatores
1490 2478 1737 2535 declaras
1794 2490 2163 2554 extremaeque

581 2559 882 2629 impietatis
910 2565 1016 2617 sub
1064 2564 1267 2618 amoris
1305 2564 1811 2637 benevolentiaque
1859 2570 2007 2624 larva
2037 2587 2160 2627 reos

576 2650 830 2720 judicas?
858 2653 977 2708 Non
1025 2655 1170 2709 bona
1231 2665 1447 2711 tuorum
1480 2668 1608 2713 sunt
1647 2662 1953 2716 studiorum
1995 2679 2161 2718 cona-

579 2752 845 2813 tuumque
865 2746 1108 2815 prtemia.
1140 2747 1248 2801 Sed
1274 2749 1397 2802 vide
1424 2750 1720 2818 impietatis
1740 2767 2027 2807 excessum
2052 2754 2161 2809 im-

577 2836 848 2905 probique
879 2837 1251 2907 insipientiam
1283 2840 1473 2893 animi.
1508 2840 1565 2893 ln
1600 2856 1757 2895 suum
1792 2844 2159 2912 patrocinium

578 2937 778 2981 vocant
815 2928 1101 2983 Dominum
1135 2931 1503 2998 :deprebensi
1531 2931 1753 2988 fuerunt
1778 2934 2067 2991 mendaces
2104 2947 2160 2994 et

576 3018 1034 3085 calumniatores;
1096 3020 1433 3077 advocarunt
1494 3032 1754 3093 patronos
1844 3030 2154 3097 apostolos;

2273 557 2367 608 καὶ
2394 558 2507 617 τοῖς
2534 554 2755 608 ἐκείνων
2770 554 2952 623 λόγοις
2977 552 3385 625 ἐμπεριέχεται,
3414 554 3479 606 τὸ
3504 552 3746 621 Πνεῦμα
3763 554 3853 607 τοῦ

2273 647 2404 701 Υίοῦ
2430 647 2842 719 ἐκπορεύεσθαι.
3018 645 3128 699 Καὶ
3155 645 3210 698 τί
3234 645 3422 711 τοῦτο;
3466 645 3531 697 Εἰ
3578 646 3683 711 μὲν
3712 643 3855 696 διδαο

2271 739 2488 809 χθέντες
2518 739 2580 791 οὐ
2612 737 2921 808 μετέθεντο,
2976 740 3024 790 εί
3076 738 3187 800 τοῖς
3214 738 3450 800 δικαίοις
3489 737 3752 805 ἐλέγχοις
3793 737 3853 788 οὐ

2274 828 2632 900 μετεϐάλοντο
2658 826 2793 897 (96),
2830 826 2893 878 τὸ
2927 826 3018 878 σὺν
3049 825 3209 897 ἔργον
3264 824 3447 893 λέγεις
3489 825 3591 876 καὶ
3623 824 3731 893 τὴν
3760 825 3858 893 σὴν

2268 919 2625 989 ἀνουθέτητον
2655 918 2879 989 γνώμην
2904 917 3059 988 (άλλη
3086 916 3249 971 πάλιν
3268 916 3408 987 αὐτη
3439 916 3589 968 κατὰ
3612 915 3726 967 τῶν
3754 915 3857 967 σῶν

2269 1011 2535 1082 Πατέρων
2565 1009 2918 1079 συκοφαντία)
2959 1010 3038 1072 είς
3072 1008 3168 1079 τὴν
3202 1008 3427 1062 ἐκείνων
3453 1006 3763 1077 ἀναφέρεις
3782 1006 3858 1058 δι-

2266 1103 2583 1157 δασκαλίαν.
2612 1103 2676 1156 Εί
2704 1102 2762 1156 δέ
2792 1099 2880 1155 οία
2917 1103 2986 1156 τὰ
3030 1101 3349 1172 ἀνθρώπινα
3376 1101 3564 1154 καίτοι
3608 1099 3684 1153 τά
3724 1100 3859 1153 ἄλλα

2266 1196 2380 1258 τοῖς
2404 1194 2644 1264 ἀρίστοις
2666 1194 3093 1265 ἐνευθυμοῦντες
3119 1194 3231 1265 (97)
3258 1194 3292 1264 ἢ
3314 1194 3511 1265 ἀγνοίᾳ
3555 1192 3677 1245 τινὶ
3702 1209 3859 1262 περι-

2267 1289 2463 1341 έπεσον
2498 1288 2531 1358 ἢ
2565 1290 2921 1360 παροράματι
2964 1288 3348 1359 ὑπηνέχθησαν
3372 1328 3388 1350 ,
3440 1289 3549 1340 οὐκ
3596 1287 3856 1339 ἀντεῖπον

2266 1377 2323 1431 δὲ
2342 1378 2722 1450 διδασκόμενοι
2749 1379 2869 1433 οὐδέ
2895 1379 3032 1449 πρὸς
3062 1379 3123 1432 τὸ
3158 1376 3441 1432 νουθετοῦν
3468 1376 3857 1446 ἀπηυθαδειάο

2268 1487 2429 1525 σαντο
2458 1471 2593 1541 (98),
2620 1473 2674 1525 τί
2698 1470 2857 1525 τοῦτο
2884 1472 3021 1541 πρὸς
3064 1472 3157 1537 σέ,
3186 1470 3310 1534 Πῶς
3336 1470 3396 1523 δέ
3417 1470 3689 1540 εὑρήσεις
3716 1468 3858 1520 ὲκεί-

2266 1578 2391 1626 νους
2423 1562 2745 1635 καταφυγὴν
2794 1556 2869 1617 ὧν
2903 1562 3054 1615 οὐδὲν
3072 1562 3258 1631 ὅμοιον
3305 1561 3442 1633 πρὸς
3486 1561 3561 1612 τὰ
3614 1559 3713 1621 σά,
3764 1559 3855 1629 τὴν

2263 1657 2503 1725 ἄφυκτον
2546 1655 2702 1725 δίκην
2729 1654 3031 1723 ἀποφυγεῖν
3059 1652 3215 1723 (99);
3260 1650 3321 1704 El
3358 1651 3469 1722 γὰρ
3507 1644 3592 1703 ὧν
3639 1650 3711 1701 σὺ
3760 1650 3855 1717 μὲν

2265 1746 2563 1810 ἀπολαύεις
2588 1744 2816 1809 ἐκείνοις
2843 1745 2966 1799 οὐδὲ
2992 1745 3185 1814 γέγονε
3218 1745 3540 1814 μετασχεῖν,
3570 1741 3795 1794 πολλῶν
3812 1742 3853 1793 δ’

2265 1840 2440 1895 ἄλλων
2488 1837 2801 1909 προσόντων
2850 1837 3034 1900 αὐτοῖς
3095 1836 3374 1906 θαύματος
3422 1833 3627 1899 ἀξίων,
3673 1832 3747 1886 δι’
3785 1826 3856 1886 ὧν

2266 1932 2434 2003 ἀρετὴ
2460 1931 2757 2002 διαλάμπει
2785 1930 2881 1983 καὶ
2920 1928 3194 1995 εὐσέϐεια,
3236 1928 3300 1981 τὸ
3328 1928 3422 1980 σὺν
3465 1926 3528 1993 ἐξ
3562 1926 3852 1995 ἀγνοίαςῆ

2265 2022 2406 2077 κατά
2436 2023 2738 2093 παρόρασιν
2779 2022 2986 2093 ἐρρήθη
3036 2020 3380 2091 δυσσέϐημα,
3420 2018 3475 2071 τί
3500 2018 3568 2071 τὸ
3632 2018 3853 2070 ἐκείνων

2262 2116 2603 2187 ἀνθρώπινον
2640 2113 2753 2187 [69]
2782 2115 3004 2185 ἥττημα
3038 2112 3113 2185 (1)
3144 2114 3308 2184 νόμον
3334 2113 3435 2181 μὲν
3477 2112 3631 2165 ὥστε
3669 2111 3853 2163 sum-

2263 2209 2381 2263 ϐεῖν
2418 2207 2596 2277 ἐαυτῷ
2625 2206 3021 2277 συνεισφέρεις,
3051 2207 3117 2258 ἐκ
3154 2204 3212 2257 δὲ
3240 2204 3335 2257 τοῦ
3377 2203 3477 2256 σοῦ
3518 2203 3700 2271 νόμου
3736 2203 3853 2263 toil;

2266 2302 2431 2373 μηδὲν
2440 2300 2651 2354 τοιοῦτο
2661 2298 2967 2367 νομοθετεῖν
2980 2295 3332 2368 φωραθέντας
3342 2294 3721 2365 παρανόμους
3734 2294 3852 2344 ἀπο-

2262 2393 2492 2465 φαίνεις,
2515 2393 2608 2446 καὶ
2622 2390 2876 2453 ἀσεϐείας
2896 2388 3129 2459 ἐσχάτης
3159 2389 3217 2441 ἐν
3243 2384 3595 2458 προσωπείῳ
3622 2382 3851 2452 στοργῆς

2260 2488 2356 2541 καὶ
2380 2485 2593 2548 εὐνοίας
2619 2483 2775 2553 δίκην
2802 2484 3054 2543 ἀπαιτεῖς
3079 2497 3094 2546 ;
3118 2480 3177 2533 οὐ
3209 2480 3318 2550 γὰρ
3340 2476 3491 2531 καλά
3524 2493 3618 2529 σοι
3652 2474 3851 2545 (2)16»

2260 2579 2655 2648 ἀγωνισμάτων
2678 2575 2748 2629 τὰ
2785 2574 3059 2644 ἐπίχειρα.
3124 2570 3263 2624 Ἀλλ’
3292 2571 3398 2641 ὅρα
3441 2571 3555 2639 τῆς
3602 2566 3852 2626 ἀσεϐείας

2259 2671 2358 2740 τὴν
2387 2668 2693 2740 ὑπερϐολὴν
2729 2667 2826 2720 καὶ
2852 2667 2950 2736 τῆς
2977 2662 3307 2735 κακοσχολου
3331 2661 3576 2731 γνώμης
3602 2659 3670 2711 τὸ
3702 2658 3848 2711 ἀσύν-

2260 2779 2405 2818 ετον.
2451 2763 2545 2825 Είς
2574 2758 2905 2830 συνηγορίαν
2946 2758 3142 2827 ἄγουσι
3188 2755 3282 2809 τὸν
3320 2753 3645 2819 Δεσπότην,
3676 2747 3851 2817 πεφώ-

2261 2873 2453 2928 ρανται
2500 2855 2578 2924 (⁷5)
2631 2852 3135 2922 συκοφαντούντεςυ
3185 2848 3458 2902 ἐκάλεσαν
3512 2844 3850 2913 συνηγόρους

2258 2947 2386 3010 τοὺς
2417 2946 2691 3017 μαθητὰς,
2722 2946 2971 2998 ἐάλωσαν
3010 2942 3301 3002 κάκείνους
3319 2938 3416 2991 τὸν
3443 2937 3623 2991 αὐτὸν
3658 2934 3851 3005 τρόπον

2260 3039 2681 3110 περιϐάλλοντες
2738 3036 3125 3113 συκοφαντίαις
3152 3050 3168 3065 ·
3196 3033 3521 3100 κατέφυγον
3582 3026 3753 3079 πάλιν
3780 3025 3850 3082 εἰς

576 3109 816 3163 convicti
838 3118 970 3163 sunt
998 3110 1132 3164 istos
1157 3126 1377 3181 quoque
1416 3113 1610 3167 eodem
1664 3116 1825 3170 modo
1870 3117 2153 3174 calumniis

2263 3109 2539 3199 Πατέρας,
2560 3130 2658 3183 καὶ
2680 3130 2806 3183 ἀντὶ
2834 3109 3005 3199 τιμῆς
3028 3125 3271 3198 μεγάλην
3302 3121 3499 3176 αὐτῶν
3522 3117 3851 3189 καταχέουσι

574 3199 1297 3273 alhcientes;confugerunt
1332 3219 1524 3258 rursus
1550 3205 1618 3260 ad
1659 3207 1888 3268 Patres:
1927 3218 1983 3263 et
2033 3209 2153 3266 loco

2261 3220 2633 3293 βλασφημίαν.

575 3293 803 3349 honoris
823 3295 1101 3366 ingentem
1128 3296 1264 3366 ipsis
1292 3297 1691 3367 blasphemiam
1721 3300 2034 3357 oﬂundunt.

645 3387 733 3442 69.
768 3387 836 3440 Et
869 3386 1055 3443 Patres
1074 3389 1296 3458 quidem
1326 3401 1543 3457 vocant,
1577 3392 1647 3446 ita
1680 3404 1783 3460 est,
1825 3394 1922 3452 sed
1954 3411 2061 3450 non
2097 3406 2158 3451 ut

574 3474 795 3532 Patrum
828 3480 932 3534 illis
953 3481 1215 3535 honorem
1246 3483 1506 3548 tribuant,
1528 3500 1717 3540 verum
1743 3496 1805 3542 ut
1869 3490 2154 3545 inveniant

571 3585 679 3642 qua
728 3572 942 3651 possint
987 3572 1197 3629 ratione
1258 3573 1378 3628 ﬁeri
1427 3577 1735 3646 parricidae.
1793 3578 1981 3651 Neque
2040 3583 2152 3637 divi

570 3661 724 3717 Pauli
750 3665 1179 3733 perhorrescunt
1216 3680 1407 3719 vocem
1436 3707 1451 3729 ,
1483 3683 1644 3736 quam
1703 3680 1886 3725 tamen
1935 3682 1991 3727 et
2047 3673 2149 3743 ipsi

570 3762 761 3808 contra
803 3753 991 3809 Patres
1024 3770 1153 3810 suos
1203 3771 1310 3809 non
1352 3758 1464 3811 sine
1510 3760 1709 3830 ingenti
1768 3763 1974 3817 malitia
2016 3780 2151 3819 con-

570 3854 846 3914 torquent.
880 3846 977 3900 llic
1014 3847 1298 3916 enim,qui
1325 3858 1649 3918 potestatem
1696 3856 1909 3924 accepit
1949 3856 2149 3927 ligandi

568 3952 633 3989 ac
656 3936 925 4001 solvendi,
968 3946 1024 3989 et
1048 3952 1179 3991 sane
1204 3940 1425 3995 vinculo
1456 3946 1740 4000 tremendo
1770 3946 1933 4000 simul
1963 3959 2018 4003 et
2054 3965 2152 4004 va-

567 4027 677 4081 lido
701 4029 983 4100 (pertingit
1008 4030 1150 4084 enim
1169 4032 1234 4085 ad
1256 4032 1430 4102 ipsum
1454 4050 1678 4105 regnum
1696 4038 2001 4107 caelorum);
2035 4038 2144 4106 hic,

564 4117 814 4186 inquam,
844 4120 1049 4192 ingenti
1077 4122 1328 4191 claraque
1367 4126 1633 4180 exclamat
1661 4144 1795 4183 voce
1826 4146 1842 4183 :
1872 4128 2016 4184 Licet
2054 4149 2147 4187 nos

564 4216 658 4259 aut
678 4210 896 4278 angelus
930 4212 993 4264 de
1034 4212 1162 4265 cwlo
1212 4216 1530 4282 evangelizet
1587 4217 1728 4270 vobis
1790 4229 2147 4290 pra'terquam

562 4299 704 4369 quod
725 4302 1195 4370 euangelizavimus
1217 4304 1380 4371 vobis,
1411 4308 1696 4361 anathema
1744 4310 1812 4362 sit
1838 4311 1907 4366 τ’.
1942 4310 2146 4368 Paulus

562 4400 759 4443 sonora
781 4402 836 4445 et
868 4407 1147 4459 nunquam
1183 4403 1373 4450 tacens
1404 4394 1661 4454 Ecclesiae
1698 4402 1848 4467 tuba,
1876 4404 1961 4457 vir
2023 4414 2145 4460 tan-

632 4539 677 4573 ⁷³
698 4539 873 4596 Galat.
910 4558 948 4606 ι,
976 4541 1030 4596 8.

2328 3401 2423 3465 ξθ¹.
2454 3399 2562 3472 [δ’.]
2592 3399 2702 3452 Καὶ
2726 3395 2979 3466 Πατέρας
3017 3394 3115 3465 μὲν
3137 3390 3367 3446 καλοῦσι
3396 3390 3679 3460 (καλοῦσι
3708 3385 3848 3456 γὰρ),

2256 3491 2486 3560 ἀλλὀὐχ
2520 3489 2608 3543 ῐνα
2635 3488 2696 3540 τὸ
2715 3486 2823 3539 τῶν
2850 3484 3111 3554 Πατέρων
3138 3480 3491 3549 ἀπονείμωσι
3517 3478 3717 3550 γέρας,
3746 3476 3846 3529 ἀλλ’

2255 3583 2322 3635 ἵν’
2358 3582 2436 3649 (4)
2472 3581 2748 3650 εὑρήσωσι
2778 3578 2855 3647 (5)
2895 3575 2962 3629 δι’
2999 3570 3076 3629 ὧν
3115 3574 3181 3626 ἂν
3211 3572 3467 3640 γένοιντο
3494 3570 3843 3642 πατραλοίαι.

2254 3674 2365 3730 Καὶ
2387 3674 2510 3727 οὐδέ
2531 3673 2629 3743 τὴν
2648 3670 2742 3724 τοῦ
2766 3670 3057 3721 θεσπεσίου
3074 3665 3289 3720 Παύλου
3316 3663 3625 3734 φρίττουσι
3650 3658 3844 3732 φωνὴν,

2253 3768 2321 3837 ἢν
2347 3766 2500 3818 αὐτοὶ
2544 3763 2685 3817 κατά
2714 3762 2823 3815 τῶν
2870 3760 3134 3827 Πατέρων
3192 3757 3379 3810 αὐτῶν
3447 3757 3602 3827 μετά
3659 3753 3846 3818 πολλῆς

2252 3856 2648 3927 ἀπορρίπτουσι
2676 3853 2778 3921 τῆς
2806 3849 3164 3919 κακουργίας.
3200 3847 3316 3901 Κα)⁸
3352 3846 3470 3915 γὰρ
3504 3838 3674 3907 οὗτος
3698 3846 3727 3897 ὁ
3758 3843 3845 3912 τὴν

2252 3948 2501 4013 ἐξουσίαν
2546 3944 2726 3999 λαϐὼν
2768 3944 2992 4014 δεσμεῖν
3046 3941 3141 3995 καὶ
3170 3938 3347 4003 λύειν,
3383 3941 3488 3991 καὶ
3529 3938 3600 3991 τὸ
3642 3937 3737 3990 τοῦ
3766 3936 3843 3989 δε-

2253 4039 2391 4110 σμοῦ
2424 4039 2652 4108 φοϐερὸν
2685 4037 2803 4107 ἅμα
2837 4036 2933 4088 καὶ
2967 4032 3230 4105 κραταιὸν
3269 4030 3470 4101 (μέχρι
3528 4029 3648 4099 γὰρ
3685 4026 3841 4092 αὐτῆς

2249 4130 2579 4203 ἀναφέρεται
2619 4128 2719 4198 τῆς
2760 4124 3039 4198 βασιλείας
3076 4124 3186 4177 τῶν
3227 4122 3542 4192 οὐρανῶν),
3586 4117 3747 4182 οὗτος
3789 4118 3844 4185 δὴ

2251 4222 2463 4293 μεγάλῃ
2489 4219 2584 4273 καὶ
2606 4219 2912 4289 διαπρυσίῳ
2930 4217 3169 4287 κέκραγε
3193 4218 3260 4285 τῇ
3289 4217 3453 4284 φωνῇ
3478 4229 3497 4243 ·
3529 4214 3670 4267 Κᾶν
3686 4210 3842 4280 ἡμεῖς

2247 4314 2285 4382 ἢ
2320 4314 2573 4383 ἅγγελος
2623 4312 2691 4374 ἐξ
2742 4309 3007 4374 οὐρανοῦ
3066 4306 3540 4376 εὐαγγελίζηται
3591 4307 3671 4376 (6)
3718 4302 3843 4372 ὑμῖν

2245 4409 2381 4476 παρ’
2402 4407 2433 4459 ὃ
2458 4407 2533 4476 (7)
2549 4402 3040 4474 εὐαγγελιζόμεθα
3058 4400 3223 4468 ὑμῖν,
3252 4398 3546 4469 ἀνάθεμα
3565 4401 3727 4453 ἔστω
3749 4396 3836 4465 (8).

1662 4696 1899 4754 VARIIE
1939 4699 2331 4758 LECTIONES
2353 4699 2441 4754 ET
2468 4697 2698 4754 NOTAE.

628 4821 738 4887 (95)
766 4822 884 4877 Col.
920 4822 1073 4891 φασί.

625 4892 737 4965 (96)
770 4894 949 4965 Palat.
982 4894 1021 4948 l'.
1057 4895 1163 4949 255
1183 4910 1238 4962 a,
1265 4896 1679 4965 μετεϐάλλοντο.

626 4962 736 5039 (97)
770 4962 951 5039 Valic.
1023 4962 1427 5039 éysuquoﬁtec.
1468 4970 1485 4989 "
1525 4967 1643 5039 Col.
1699 4970 2131 5039 ἐνευθηνοῦντες.

551 5034 611 5090 In
638 5033 831 5101 Palat.,
864 5034 1023 5103 cujus
1047 5035 1338 5090 lectionem
1366 5037 1765 5107 adoptavimus,
1795 5040 1850 5092 in
1943 5057 2131 5096 rasura

550 5115 733 5242 es=98)
771 5174 940 5232 Palat.
1018 5174 1516 5245 ἀπηυθαδιάσαντο.
1574 5176 1666 5231 Sic
1734 5175 1851 5230 Col.
1914 5177 2124 5234 Forma:

546 5245 887 5316 (1665;65:7an
913 5258 969 5302 et
998 5244 1313 5308 αὐθαδιάζω
1343 5249 1655 5316 promiscue
1682 5258 1996 5302 occurrunt.

617 5316 729 5383 (99)
760 5314 859 5385 Ep.
912 5319 978 5372 ad
1020 5316 1269 5389 iAquilei.
1308 5314 1549 5389 archiep.
1586 5335 1599 5369 :
1634 5317 1695 5389 Ei
1722 5318 1835 5389 μὲν
1868 5319 2121 5389 Ῠύπομνη-

545 5389 764 5452 σθέντες
793 5388 1042 5457 περὶτοῦ
1079 5387 1449 5457 προκειμένου
1498 5386 1794 5453 κεφαλαίου
1819 5387 1928 5457 τῶν
1976 5386 2125 5457 εἰρη-

545 5463 722 5531 μένων
757 5455 1021 5531 Πατέρων
1061 5456 1285 5531 ἀντεῖπε
1321 5456 1382 5508 τὸ
1408 5457 1694 5531 σύνταγμα
1745 5455 1841 5506 καὶ
1867 5455 2123 5531 πρὸςέν-

543 5522 732 5582 ξ’τασίν
757 5548 879 5582 τινα
907 5522 1015 5583 ’καὶ
1070 5522 1357 5607 ἀπείθεια-ν
1396 5522 1831 5615 ἀπεθρασύνεξο,
1862 5526 2122 5615 διέτειναν

537 5615 599 5651 τε
629 5601 695 5669 τῇ
732 5600 869 5667 αὐτῇ
906 5595 1242 5665 παρατροπῇ
1281 5595 1379 5661 τῆς
1412 5595 1589 5662 δόξης,
1621 5596 1713 5645 κα).
1744 5596 1831 5645 ἐπ’
1862 5596 1999 5664 αὐτῇ
2033 5596 2121 5647 τὸν

539 5667 654 5735 βίον
688 5670 827 5739 μετὰ
865 5670 1001 5739 τούς
1027 5662 1719 5739 ἐλέγχουςΜκατέστρεψαν,
1754 5663 1963 5739 άιίάγ-κη
2005 5665 2124 5717 τού-

537 5731 663 5801 τους
688 5731 1217 5791 ’συναποϐάλλεσθάι
1247 5732 1325 5801 τῷ
1372 5738 1698 5804 ρρονῄματι.
1754 5732 1817 5804 Εἰ
1857 5731 1912 5783 δέ
1953 5731 2122 5804 ⁷παρ-

537 5808 880 5877 ιφθέγξαντο
927 5807 1027 5878 μὲν
1057 5807 1090 5876 ἦ
1123 5804 1214 5858 διά
1246 5820 1371 5856 τινα
1404 5802 1584 5856 αἰτίαν
1616 5802 1713 5856 νῦν
1751 5801 2121 5874 ἀγνοουμένην

2164 4837 2219 4895 D
2245 4836 2379 4904 ἡμῖν
2404 4834 2502 4903 τῆς
2537 4832 2829 4903 εὐθύτητος
2858 4833 3260 4904 ἐξετράπησαν,
3301 4832 3548 4902 οὐδεμία
3599 4834 3661 4887 δὲ
3693 4833 3846 4902 ζήτη·

2246 4902 2333 4964 ea;
2366 4902 2547 4964 αὐτοῖς
2578 4902 3026 4974 προσενήνεκται,
3058 4902 3165 4974 οὐδ’
3189 4903 3271 4965 είς
3307 4903 3567 4972 μάθησιν
3602 4905 3705 4973 τῆς
3731 4904 3843 4974 ἀλη-

2244 4974 2394 5034 θείας
2425 4974 2602 5034 ούδεὶς
2624 4971 2835 5034 αὐτοὺς
2867 4971 3232 5042 παρεκάλεσε,
3274 4971 3542 5042 Πατέρας
3576 4971 3679 5040 μὲν
3706 4973 3840 5024 οὐδὲν

2240 5043 2464 5113 ἔλαττον
2502 5043 2717 5105 αὐτοὺς,
2758 5042 2805 5093 εί
2840 5038 3042 5113 καὶμὴ
3074 5041 3236 5094 τοῦτο
3291 5038 3478 5107 εἶπον,
3544 5038 3843 5113 ἐπιγραψά-

2241 5112 2399 5253 m?
2419 5180 2586 5253 Palat.
2613 5178 2673 5253 το
2688 5180 2908 5253 Δἐκεῖνον
2928 5180 3272 5253 ἀνθρωπίνου
3309 5182 3439 5253 ἧττ.

2305 5250 2381 5318 (‘2)
2412 5249 2527 5318 Col.
2556 5264 2608 5318 p.
2639 5249 2745 5318 298
2779 5267 2792 5303 :
2820 5251 2961 5301 καλά
2989 5249 3103 5305 σου.

2305 5316 2383 5388 (5)
2419 5316 2595 5388 vane.
2695 5319 2800 5388 2M
2822 5336 2869 5381 a,
2907 5319 3280 5386 πεφώνανται.

2304 5386 2381 5459 (4)
2414 5386 2584 5459 Palat.
2610 5386 2660 5459 ί.
2686 5387 2797 5459 255
2825 5389 2881 5452 b,
2909 5391 2942 5459 ἣ
2972 5392 3092 5459 εὐρ.

2304 5450 2381 5527 (5)
2414 5454 2536 5527 Vat.
2572 5450 2879 5527 eopﬁaouct.

2303 5525 2379 5599 (ρ)
2413 5526 2503 5599 Sic
2526 5526 2642 5599 _Col.
2680 5525 2848 5599 Palat.
2882 5530 3331 5599 εὐαγγελίζεται.

2307 5597 2384 5663 (7)
2423 5594 2591 5664 Vatic.
2624 5598 2785 5664 παρά.

2305 5665 2382 5735 (8)
2417 5663 2613 5745 Galat.
2665 5663 2715 5717 8.
2758 5666 2838 5719 Ad
2878 5668 2980 5723 hoc
3038 5670 3287 5738 Apostoli
3345 5671 3590 5745 effatum
3639 5673 3833 5745 pariter

2230 5733 2494 5856 pravo‘cat
2544 5733 2699 5788 l’ltot.
2744 5752 2934 5804 opusc.
2970 5733 3160 5795 contra
3204 5752 3319 5797 vet.
3365 5741 3571 5800 Romae
3611 5733 3835 5800 abseclas

2232 5822 2356 5856 C31).
2429 5820 2480 5856 ι).

2232 5822 2356 5875 cap.
2395 5820 2480 5856 to.
