4002 6430
554 370 659 437 351

1690 373 1954 435 ΡΠΟΤΙΙ
1993 373 2501 435 ΡΑΤΒΙΑΠΟΗΛΞ
2536 373 2625 433 CP

3715 370 3816 432 352

558 494 661 547 set,
690 483 809 539 illos
838 483 943 540 tale
963 484 1242 555 quidpiam
1270 484 1470 540 dixisse
1491 485 1767 555 (homines
1800 484 1950 538 enim
1981 499 2112 537 eran

2241 484 2356 536 ἀλλ’
2385 483 2433 534 εί
2466 484 2559 536 καὶ
2590 481 2835 536 τοιοῦτόν
2856 490 2917 535 τι
2945 480 3243 535 συνέπεσεν
3271 479 3472 543 αὐτοὺς
3497 479 3674 533 εἰπεῖν
3702 483 3814 549 (άν-

558 590 663 630 nec
685 584 866 646 potest
915 592 976 631 se
1018 576 1319 631 immunem
1372 577 1441 630 ab
1471 576 1618 629 omni
1675 576 1916 630 humano
1977 576 2135 646 lapsu

558 676 825 737 perpetuo
849 684 1171 723 conservare
1196 668 1288 738 qui
1345 683 1410 722 ex
1466 668 1581 721 luto
1636 666 1893 736 fluxaque
1941 677 2139 724 natura

559 769 812 826 constat;
853 761 961 815 imo
1014 776 1125 815 non
1164 775 1443 829 nunquam
1508 760 1671 813 etiam
1727 761 1861 816 viris
1917 762 2141 831 optimis

559 851 931 907 adnascuntur
965 854 1149 922 aliqua
1174 852 1395 923 vestigia
1432 852 1824 922 macularum);
1853 869 2045 909 verum
2073 854 2140 909 li-

558 952 668 1006 cet,
708 945 949 1013 inquam,
979 946 1119 1000 forte
1170 945 1237 999 ad
1287 945 1507 1014 aliquod
1538 946 1856 1001 indecorum
1888 964 1950 1000 ac
1976 956 2138 1018 turpe

560 1036 787 1093 fuissent
820 1039 974 1107 lapsi,
1004 1054 1103 1110 ego
1139 1055 1270 1094 sane
1298 1041 1500 1110 probos
1552 1039 1744 1096 Noemi
1772 1041 1915 1097 filios
1954 1041 2136 1096 imita-

559 1145 648 1184 rer
678 1141 729 1186 et
763 1147 859 1200 pro
889 1132 1229 1189 vestimentis
1253 1136 1474 1189 silentio
1498 1136 1682 1205 potius
1713 1144 1878 1206 atque
1904 1136 2135 1207 gratitu-

554 1218 683 1273 dine
728 1230 1008 1290 paternam
1065 1224 1459 1292 turpitudinem
1499 1226 1837 1297 obtegerent,
1871 1242 1982 1280 non
2032 1242 2132 1281 au-

556 1319 688 1375 tem,
719 1313 795 1366 uti
823 1323 878 1366 tu
923 1314 1075 1381 facis,
1106 1315 1301 1371 Chami
1337 1334 1596 1388 sequerer
1641 1320 1986 1390 exemplum;
2022 1322 2134 1376 imo

555 1420 685 1458 vero
711 1415 767 1460 tu
795 1408 964 1463 multo
995 1411 1248 1465 acerbius
1279 1411 1370 1465 illo
1401 1421 1566 1481 atque
1601 1411 1973 1482 impudentius
2003 1422 2132 1467 tuo-

554 1512 675 1550 rum
708 1514 845 1567 quos
877 1516 1061 1568 vocas,
1100 1502 1321 1557 Patrum
1363 1504 1761 1573 turpitudinem
1808 1504 2030 1572 evulgas
2064 1505 2128 1564 ⁷³.

554 1586 649 1641 llle
682 1590 852 1653 enim,
905 1607 1015 1646 non
1036 1594 1164 1663 quia
1188 1595 1470 1657 revelavit,
1496 1595 1591 1649 sed
1622 1596 1749 1665 quia
1780 1611 1887 1649 non
1908 1597 2127 1661 velavit,

551 1677 989 1737 maledictionem
1022 1685 1321 1750 sustinuit;
1358 1696 1416 1740 tu
1448 1700 1579 1739 vero
1608 1694 1665 1739 et
1716 1684 1927 1738 revelas
1964 1694 2021 1740 et
2070 1686 2127 1740 in

553 1770 656 1823 hac
686 1772 910 1826 audacia
946 1775 1213 1843 gloriaris,
1241 1788 1296 1832 et
1329 1778 1417 1831 ille
1446 1777 1665 1847 quidem
1718 1774 1983 1831 fratribus
2035 1793 2127 1832 ar-

2242 575 2448 645 θρωποι
2478 570 2586 645 γάρ
2633 570 2775 647 ἦσαν
2818 575 2913 628 καὶ
2952 572 3296 644 ἀνθρωπίνου
3340 570 3816 643 παρολισθήματος

2240 668 2341 721 οὐκ
2373 668 2488 722 ἐστι
2524 667 2820 731 διαπαντὸς
2858 667 2971 737 (19)
3019 666 3278 732 ὑπεράνω
3318 664 3581 735 φέρεσθαι
3616 665 3711 717 τὸν
3756 667 3816 718 ὲκ

2240 759 2414 830 πηλοῦ
2444 763 2540 814 καὶ
2584 761 2812 832 ῥεούσης
2844 759 2977 830 ὕλης
3010 756 3368 826 συγκείμενον
3389 773 3402 785 °
3438 758 3551 810 ἐσθ’
3584 758 3674 810 ὅτε
3706 756 3815 827 (20)

2238 852 2295 906 δὲ
2325 854 2420 907 καὶ
2448 855 2559 916 τοῖς
2588 853 2831 924 ἀρίστοις
2872 851 3161 921 ἐπιφύεταί
3202 868 3326 903 τινα
3366 850 3581 922 κηλῖδος
3629 850 3752 920 ίχνη
3776 854 3812 918 )’

2239 945 2353 999 ἀλλ’
2398 940 2492 999 οὖν
2538 946 2591 1000 εῐ
2621 962 2673 998 τι
2718 944 3142 1015 παρηνέχθησαν
3180 944 3658 1014 ἐνασχημονῆσαι,
3693 942 3817 1006 τοὺς

2238 1040 2587 1112 εὐγνώμονας
2617 1040 2685 1094 ἂν
2716 1040 2824 1093 τῶν
2850 1039 2945 1093 τοῦ
2988 1039 3114 1092 Νῶε
3156 1038 3364 1092 παίδων
3394 1037 3506 1107 (21)
3540 1037 3816 1107 ἐμιμησά-

2241 1150 2382 1206 μην,
2430 1134 2524 1187 καὶ
2564 1133 2686 1187 ἀντὶ
2733 1130 3098 1203 περιϐολαίων
3143 1134 3212 1202 τῇ
3254 1131 3431 1199 σιωπῇ
3489 1128 3692 1199 μᾶλλον
3729 1128 3817 1181 καὶ

2237 1226 2625 1297 εὐγνωμοσύνῃ
2644 1225 2741 1297 τὴν
2760 1224 3034 1297 πατρικὴν
3061 1223 3381 1293 ἐπεκάλυψα
3402 1222 3815 1293 ἀσχημοσύνην,

2236 1319 2357 1389 οὐχ).
2386 1318 2432 1370 δ’
2458 1316 2647 1388 ὥσπερ
2678 1317 2742 1370 σὺ
2773 1317 2916 1371 κατά
2947 1315 3039 1370 τὸν
3068 1315 3198 1382 Χάμ
3226 1312 3611 1385 διεπραξάμην
3629 1330 3643 1341 ·
3680 1314 3815 1384 μᾶλα

2234 1409 2325 1464 λον
2353 1410 2410 1463 δὲ
2440 1410 2504 1463 σὺ
2536 1409 2668 1464 πολὺ
2702 1409 3027 1479 πικρότερον
3067 1408 3273 1461 ἐκείνου
3303 1408 3399 1460 καὶ
3424 1406 3816 1475 ἀναιδέστερον

2233 1507 2358 1570 τοὺς
2392 1506 2642 1577 Πατέρας
2682 1504 2776 1569 οὒς
2806 1504 2919 1576 (22)
2948 1504 3129 1569 λέγεις
3160 1503 3242 1565 εἰς
3278 1500 3667 1571 ἀσχημοσύνην
3699 1498 3813 1572 [72]

2235 1597 2569 1668 στηλιτεύεις
2586 1610 2604 1628 ο
2624 1597 2652 1648 6
2678 1596 2778 1667 μὲν
2808 1594 2919 1666 γάρ
2945 1595 3043 1664 ούχ
3067 1594 3149 1647 ὅτι
3177 1591 3550 1661 ἀπεκάλυψεν,
3588 1592 3706 1646 ἀλλ’
3734 1593 3813 1645 ὅτι

2236 1689 2310 1761 μὴ
2340 1688 2682 1758 ἐπεκάλυψε,
2714 1688 2814 1758 τὴν
2847 1687 2987 1757 ἀράν
3019 1686 3211 1755 ὑπέχει
3230 1701 3245 1715 ·
3275 1685 3340 1739 σὺ
3367 1686 3426 1739 δὲ
3461 1685 3556 1739 κα)⁸
3598 1685 3811 1739 ἀποκα-

2233 1781 2475 1845 λύπτεις,
2511 1783 2605 1835 καὶ
2635 1780 2874 1851 σεμνύνῃ
2911 1780 3024 1851 (25)
3048 1782 3113 1851 τῇ
3140 1779 3345 1851 τόλμῃ·
3380 1777 3477 1832 καὶ
3504 1780 3534 1832 6
3565 1779 3665 1848 μὲν
3701 1781 3811 1842 τοῖς
3894 1778 3898 1783 ’

551 1876 746 1917 canum
803 1864 994 1931 effert;
1034 1874 1092 1921 tu
1146 1884 1274 1924 vero
1296 1885 1403 1924 non
1432 1871 1709 1939 fratribus,
1740 1889 1841 1929 nec
1893 1874 1985 1928 uni
2037 1884 2119 1927 aut

2233 1875 2481 1945 ἀδελφοῖς
2510 1873 2573 1927 τὸ
2609 1875 2923 1945 ἀπόρρητον
2952 1871 3195 1944 ἐκφέρει,
3230 1873 3295 1925 σὺ
3324 1871 3382 1925 δὲ
3404 1871 3506 1923 οὐκ
3535 1870 3808 1939 ἀδελφοῖς,

548 1953 705 2007 alteri
730 1958 854 2018 ;sed
884 1968 1143 2027 quantum
1169 1970 1251 2015 est
1275 1977 1338 2015 ex
1362 1972 1455 2018 tuo
1474 1975 1669 2021 conatu
1690 1975 1745 2020 et.
1772 1966 2125 2036 impudentia,

551 2046 867 2101 universum
926 2051 1082 2119 quasi
1114 2061 1380 2109 terrarum
1448 2057 1636 2113 orbem
1679 2059 1951 2113 theatrum
1995 2074 2128 2114 con-

550 2137 782 2192 stituens
811 2140 1013 2211 ingenti
1032 2146 1339 2217 promulgas
1363 2149 1619 2216 clamore,
1656 2160 1779 2207 tuos
1795 2151 1983 2207 Patres
2006 2169 2128 2207 sor-

547 2229 708 2285 dibus
738 2233 911 2289 fmdos
939 2251 1080 2301 esse,
1111 2247 1165 2292 et
1198 2240 1252 2293 in
1309 2240 1549 2310 ipsorum
1592 2245 1927 2314 turpitudine
1968 2249 2126 2300 luxu-

546 2323 704 2379 riaris
750 2326 1142 2401 (debaccharis)
1174 2342 1229 2387 et
1276 2332 1565 2403 ignominia
1594 2337 1807 2391 illorum
1835 2340 2035 2409 gaudes
2073 2350 2125 2396 et

543 2418 723 2471 socios
747 2421 969 2487 qmeris,
996 2437 1092 2491 per
1120 2439 1258 2493 quos
1286 2426 1503 2479 illorum
1530 2428 1769 2485 dedecus
1795 2447 1857 2485 ac
1871 2431 2125 2486 deformi-

543 2517 707 2563 tatem
733 2510 790 2564 in
840 2514 1111 2583 publicam
1136 2516 1331 2572 efferas
1353 2518 1530 2573 lucem
1571 2530 1628 2576 et
1653 2522 1971 2578 solemniter
2028 2539 2121 2579 ce-

541 2601 739 2659 lchres.

612 2696 700 2751 71.
742 2697 885 2753 Dixit
908 2699 1242 2772 Augustinus
1271 2715 1329 2761 et
1385 2705 1750 2778 Hieronymus
1798 2707 2059 2779 Spiritum
2090 2726 2121 2766 a

540 2787 679 2843 Filio
719 2793 1043 2860 procedere.
1100 2795 1167 2850 Et
1204 2799 1347 2853 unde
1394 2810 1574 2869 potest
1627 2803 1814 2857 haberi
1864 2812 1957 2858 aut
2004 2804 2119 2859 dari

540 2878 696 2941 fides,
753 2892 873 2947 post
930 2893 1010 2939 tot
1060 2902 1232 2942 annos
1295 2890 1530 2961 elapsos,
1566 2908 1678 2947 non
1731 2910 1852 2949 esse
1906 2895 2119 2950 illorum

540 2971 744 3040 scripta
775 2989 872 3042 per
900 2976 1163 3033 malitiam
1192 2979 1529 3050 depravata?
1558 2982 1745 3054 Neque
1785 2986 1929 3040 enim
1970 2987 2118 3041 arbi-

541 3063 674 3116 trari
709 3065 896 3129 debes,
925 3077 977 3122 te
1011 3069 1185 3125 solum
1216 3087 1337 3127 esse
1375 3075 1441 3128 ad
1477 3074 1813 3145 impietatem
1848 3078 2115 3133 fervidum

2229 1968 2350 2021 ούδέ
2376 1968 2513 2041 πρὸς
2546 1967 2644 2021 ἕνα
2671 1966 2703 2037 ἢ
2730 1966 2858 2029 δύο,
2893 1963 3009 2018 ἀλλ’
3042 1965 3143 2017 ὅσα
3177 1979 3241 2032 γε
3271 1963 3339 2033 τῇ
3375 1964 3441 2032 σῇ
3479 1960 3684 2030 σπουδῇ
3718 1960 3810 2012 καὶ

2228 2058 2583 2131 ἀναισχυντίᾳ
2614 2059 2715 2129 τὴν
2746 2056 3074 2128 οἰκουμένην
3121 2054 3349 2124 θέατρον
3397 2051 3637 2116 καθίζων
3669 2051 3809 2122 μέγα

2231 2152 2333 2223 μὲν
2364 2150 2679 2217 σαλπίζεις,
2730 2151 2806 2214 ώς
2835 2152 2883 2203 oi
2929 2152 3011 2203 σοὶ
3048 2148 3295 2218 Πατὲρες
3340 2144 3805 2216 ἐνασχημονοῦσι’

2226 2244 2629 2313 ἐνασελγαίνεις
2659 2243 2703 2297 δ’
2728 2242 2910 2297 αὐτῶν
2932 2244 3054 2304 ταῖς
3081 2238 3514 2311 ἀσχημοσύναις,
3543 2238 3640 2290 καὶ
3673 2254 3806 2307 τρυ-

2227 2339 2335 2409 φᾷς
2373 2337 2471 2407 τὴν
2502 2339 2623 2391 κατ’
2653 2336 2875 2389 ἐκείνων
2905 2336 3152 2405 ἀτιμίαν’
3185 2335 3277 2387 καὶ
3306 2332 3685 2401 συγχορευτάς
3715 2330 3811 2400 ζη-

2222 2432 2335 2492 τεῖς
2361 2429 2429 2482 δι’
2469 2423 2545 2481 ὧν
2574 2428 2673 2499 τὴν
2717 2428 2940 2480 ἐκείνων
2972 2426 3129 2496 ὓϐριν
3172 2424 3267 2478 καὶ
3302 2423 3695 2495 ἀσχημοσύνην
3732 2422 3811 2484 εἰς

2223 2520 2283 2574 τὸ
2310 2519 2695 2591 λαμπρότατον
2719 2520 3119 2591 πανηγυρίσεις
3147 2516 3283 2587 (24).

2290 2726 2390 2774 οαθ.
2424 2718 2550 2791 [ς’.]
2602 2714 2769 2773 Εἶπεν
2813 2719 3177 2787 Λύγουστίνος
3222 2717 3320 2773 καὶ
3370 2715 3699 2788 Ἱερώνυμος
3748 2714 3808 2767 τὸ

2223 2811 2451 2881 Πνεῦμα
2492 2812 2557 2865 ἐκ
2588 2811 2683 2864 τοῦ
2720 2811 2852 2864 Υίοῦ
2887 2809 3306 2880 ἐκπορεύεσθαι.
3354 2811 3464 2863 Καὶ
3492 2809 3657 2862 πόθεν
3692 2807 3805 2860 ἔστι

2219 2903 2407 2956 λαϐεῖν
2444 2903 2477 2975 ἢ
2523 2903 2706 2958 δοῦναι
2746 2903 2951 2967 πίστιν,
2981 2902 3236 2957 τοσούτου
3266 2902 3559 2974 ρεύσαντος
3588 2902 3804 2972 χρόνου,

2218 2994 2301 3047 ὅτι
2346 2992 2420 3064 μὴ
2469 2992 2647 3047 αὐτῶν
2693 2994 3140 3065 κεκακούργηται
3176 2994 3245 3047 τά
3278 2994 3672 3063 συντάγματας
3715 2993 3803 3063 Μὴ

2219 3085 2327 3153 γάρ
2366 3083 2611 3154 νομίσεις
2648 3086 2759 3156 (25)
2814 3087 2976 3155 μόνον
3006 3087 3200 3139 σαυτὸν
3239 3081 3379 3140 εἶναι
3423 3085 3628 3156 θερμὸν
3665 3085 3804 3155 πρὸς

540 3164 597 3208 et
628 3163 680 3210 te
730 3159 907 3213 solum
958 3163 1161 3216 audere
1202 3180 1313 3218 non
1359 3167 1638 3235 audenda;
1690 3170 1783 3224 sed
1835 3171 2014 3241 potius
2045 3188 2111 3225 ex

2224 3175 2476 3231 ἀσέϐειαν
2522 3178 2619 3233 καὶ
2668 3179 2942 3250 τολμηρὸν
2997 3179 3067 3232 τὰ
3119 3178 3418 3249 ἀτόλμητα,
3459 3177 3577 3231 ἀλλ’
3610 3179 3675 3230 ἐκ
3708 3177 3806 3246 τῆς

544 3244 648 3299 hac
704 3246 821 3316 ipsa
875 3250 1043 3305 animi
1094 3252 1385 3309 affectione
1426 3266 1652 3327 reputa,
1706 3268 1836 3315 tunc
1898 3276 2117 3332 quoque

543 3336 704 3391 facile
739 3338 909 3395 fuisse
939 3343 1319 3401 versutissimo
1346 3348 1561 3418 generis
1608 3350 1832 3405 humani
1870 3352 2013 3408 hosti
2041 3362 2120 3408 ta-

541 3427 685 3483 libus
720 3431 864 3486 vasis
897 3434 1200 3515 abundare.

613 3523 696 3578 72.
738 3525 1024 3592 Dixerunt,
1061 3546 1199 3600 quos
1226 3531 1575 3601 tuadducis,
1608 3535 1734 3591 ista.
1778 3536 1932 3603 Quod
1972 3539 2017 3592 si
2048 3539 2118 3594 ob

539 3615 778 3687 aliquam
808 3624 1199 3680 necessitatem
1223 3626 1308 3680 vel
1332 3643 1669 3699 paganorum
1716 3629 1983 3685 insaniam
2017 3646 2118 3699 op-

540 3722 845 3781 pugnantes
873 3716 960 3770 vel
998 3716 1159 3773 aliam
1214 3718 1525 3776 haereticam
1585 3722 2117 3793 opinionem‘refel-

538 3799 733 3868 lentes,
765 3805 849 3858 vel
879 3807 1188 3864 auditorum
1214 3811 1556 3883 indulgentes
1595 3814 1897 3869 infirmitati
1925 3816 2007 3870 vel
2042 3817 2114 3871 ob

537 3894 741 3963 aliquid
771 3897 916 3954 aliud
940 3901 1026 3955 his
1047 3902 1243 3969 simile,
1265 3907 1443 3974 qualia
1463 3907 1643 3961 solent
1667 3908 1719 3962 in
1740 3908 1847 3962 vita
1874 3909 2112 3964 humana

536 3988 781 4053 quotidie
805 3993 1044 4058 evenire,
1067 3994 1133 4060 si,
1166 3996 1409 4066 inquam,
1440 3999 1510 4053 ob
1540 3999 1774 4069 aliquam
1802 4000 1922 4069 ejus
1965 4002 2110 4056 modi

536 4093 754 4134 causam
782 4082 895 4138 sive
929 4086 1091 4142 etiam
1121 4090 1191 4143 ob
1208 4090 1414 4160 plures,
1456 4092 1520 4146 iis
1552 4092 1691 4147 forte
1721 4092 1843 4147 talis
1874 4110 1978 4148 vox
2013 4110 2110 4149 ex-

534 4170 685 4237 cidit,
716 4178 988 4245 quomodo
1034 4190 1091 4236 tu
1127 4184 1272 4253 quod
1323 4184 1398 4238 illi
1450 4201 1557 4239 non
1590 4201 1759 4242 sensu
1799 4186 2111 4258 dogmatico

608 4322 654 4355 ⁷³
679 4322 816 4381 Gen.
854 4342 928 4394 lx,
954 4328 1143 4385 21-27.

2218 3268 2320 3338 σῆς
2349 3267 2672 3337 ἀναλογίζου
2723 3269 2923 3340 μᾶλλον
2957 3269 3215 3340 γνώμης,
3250 3270 3334 3323 ὅτι
3374 3268 3469 3322 καὶ
3498 3267 3803 3337 τηνικαῦτα

2214 3361 2368 3414 οὐδὲν
2405 3362 2466 3414 τὸ
2497 3361 2706 3416 κωλύον
2731 3358 2799 3435 ἦν
2832 3363 3087 3415 τοιούτων
3131 3363 3345 3416 σκευῶν
3375 3361 3685 3432 εὐπορῆσαι
3714 3361 3801 3413 τὸν

2216 3454 2598 3526 πολυμήχανον
2623 3454 2717 3509 τοῦ
2752 3455 2942 3524 γένους
2973 3455 3166 3527 ἐχθρόν
3200 3454 3332 3525 (26).

2287 3545 2402 3619 [73]
2429 3549 2525 3618 οβ’.
2562 3547 2678 3620 [ζα]
2706 3544 2872 3605 Εἶπον
2900 3547 2995 3611 οὓς
3028 3548 3092 3601 σὺ
3121 3548 3301 3617 λέγεις
3320 3547 3516 3602 ταῦτα.
3543 3548 3608 3601 El
3636 3547 3694 3601 δὲ
3713 3545 3805 3601 διά

2221 3656 2344 3693 τινα
2383 3640 2711 3711 περίστασιν
2736 3640 2770 3709 ἢ
2806 3644 2941 3712 πρὸς
2977 3639 3338 3711 Ἑλληνιστῶν
3384 3641 3807 3710 ἀντιφερόμενοι

2221 3729 2425 3785 λύσσαν
2456 3731 2489 3802 ἢ
2513 3732 2649 3803 πρὸς
2674 3733 2841 3804 ἀλλην
2869 3732 3152 3805 αίρετικὴν
3173 3732 3562 3804 διαμαχόμενοι
3586 3731 3743 3797 δόξαν
3762 3731 3801 3803 ἢ

2217 3826 2284 3894 τῇ
2339 3823 2447 3877 τῶν
2504 3825 2788 3895 ἀκροατῶν
2844 3826 3375 3894 συγκαταδαίνοντες
3424 3824 3718 3895 ἀσθενείᾳ,
3762 3824 3801 3893 ἦ

2218 3913 2362 3967 πόσα
2418 3914 2646 3969 τοιαῦτα
2705 3916 3054 3988 καθεκάστην
3116 3919 3145 3971 6
3199 3916 3539 3989 ἀνθρώπινος
3598 3915 3804 3969 ἐπιδεί-

2217 4024 2376 4061 κνυσι
2404 4008 2516 4078 (27)
2547 4008 2681 4078 βίος·
2712 4010 2762 4063 εί
2796 4005 2889 4064 οὖν
2922 4012 3150 4075 ἐκείνοις
3187 4011 3276 4064 διά
3304 4027 3356 4063 τι
3389 4008 3597 4063 τούτων
3624 4008 3741 4079 (28)
3763 4007 3800 4078 ἦ

2216 4096 2313 4150 καὶ
2336 4096 2424 4151 διὰ
2443 4098 2612 4151 πλείω
2636 4100 2894 4170 τοιαύτην
2910 4101 3137 4163 ἐκείνοις
3163 4100 3274 4169 (29)
3296 4102 3516 4169 ἀφεῖναι
3536 4099 3801 4170 συνέπεσε

2217 4187 2422 4260 φωνὴν,
2455 4189 2573 4254 πῶς
2603 4191 2670 4245 σὺ
2702 4192 2765 4245 τὸ
2795 4194 2872 4264 μὴ
2903 4194 3043 4247 κατά
3073 4192 3412 4263 δογματικὴν
3439 4190 3673 4255 ἐκείνοις
3711 4192 3802 4245 ἐν·

1629 4497 1862 4554 νΑῐὶΙᾹΕ
1896 4498 2294 4556 ΙΛΞΟΤΙΟΝΕΞ
2335 4500 2423 4557 ΕΤ
2462 4502 2692 4559 NOTAE.

601 4649 713 4717 (l9)
740 4650 857 4707 Col.
885 4651 971 4705 διὰ
992 4653 1215 4716 παντός.

598 4721 708 4786 (20)
744 4720 916 4776 Vatit'.
951 4723 1063 4776 ἔσθ’
1091 4725 1200 4777 ὅτε.

599 4791 709 4855 (21)
745 4792 883 4846 Gen.
918 4809 992 4855 Ix,
1019 4794 1211 4847 21-27.

597 4862 710 4929 (22)
741 4862 911 4917 Vatic.
939 4863 1034 4925 ὼς.
1065 4863 1182 4918 Col.
1216 4878 1270 4932 p.
1299 4862 1401 4918 300
1433 4882 1444 4917 :
1478 4862 1571 4928 ώς.

596 4933 709 5011 (25.)
747 4932 914 5011 Palat.
948 4933 987 4987 f.
1016 4936 1122 5011 2757
1153 4951 1204 4998 a,
1231 4936 1553 5008 ἐνσεμνύνῃ.
1587 4935 1704 4992 Col.
1737 4937 1992 5011 ὲνσέμνῃ.
2023 4940 2107 4997 Ad

525 5018 612 5056 ma
622 5003 827 5074 rgingm
856 5006 976 5055 ἐνσε
987 5004 1185 5074 μνύσῃ.

599 5071 711 5141 (24)
743 5072 931 5152 Ερ.“ο‹1
960 5071 1514 5152 Aquilei.immediate
1538 5084 1664 5152 post
1694 5078 1859 5152 verba
1886 5081 1953 5136 ad
1983 5098 2102 5152 cap.

524 5143 614 5204 66,
658 5152 785 5197 nota
833 5144 866 5197 5
908 5145 1139 5200 adducta
1185 5166 1196 5202 :
1237 5143 1555 5210 Δεικνύντες
1595 5148 1793 5212 αὐτοὺς
1826 5143 2107 5206 κάνταῦθα

524 5213 784 5294 γνησίους
802 5213 897 5294 τοῦ
922 5216 1051 5285 Χάμ
1072 5218 1343 5294 μαθητάς,
1366 5219 1425 5294 ῥς
1446 5218 1663 5294 τῂν-τού
1695 5221 1903 5294 παι-ρος
1931 5224 2103 5294 ἀσχη-

527 5283 767 5361 μοσύνην
801 5287 859 5336 ού
879 5283 1282 5361 -.συνεκάλυψεν
1307 5329 1322 5352 ,
1354 5283 1562 5361 ἀναιδεῖ
1600 5288 1676 5361 δὲ,
1703 5283 1982 5361 προσώπῳ
2006 5283 2103 5347 ’δί-

524 5352 842 5429 εχλεύασενί
869 5356 981 5429 ἀλλ’
1020 5360 1068 5411 οί
1102 5352 1207 5427 τῆς
1229 5359 1555 5428 Ἐκκλησίας
1586 5352 1843 5429 τρόφιμοι
1871 5352 1965 5415 καῖ
1994 5364 2103 5417 τῶν

526 5422 1080 5501 ίερῶμνιμαθημάτων
1125 5422 1224 5484 ούκ
1275 5422 1637 5499 ἐπιλήσμονες
1670 5422 1822 5501 *καὲά
1854 5433 1944 5485 τὸν
1983 5435 2103 5501 Σήμ

523 5490 620 5546 καὶ
653 5490 830 5572 Ἰἀφεθ
856 5490 947 5549 καὶ
969 5499 1066 5567 τὴν
1085 5503 1356 5572 πατρικὴν
1394 5490 1810 5572 ἀσχημοσύνῃν-
1843 5490 2104 5557 ἐπικαλύ-

523 5580 683 5642 πτειν
716 5564 1059 5642 ἐπίστανται,
1091 5564 1338 5635 κάλ’τοὺς
1378 5564 1621 5642 μιμητὰς
1644 5564 1898 5642 τούΧάμ
1938 5590 2106 5628 κατα-

523 5633 884 5711 γινώσκοντες
916 5633 1369 5711 ἀποστρέφονται.

599 5704 710 5783 (ἓξ)
740 5706 853 5783 ροι-
874 5704 1135 5783 revisas-

599 5777 710 5843 (26)
750 5777 830 5832 En
874 5777 1103 5835 Pli'otiu's
1144 5782 1265 5836 sine
1309 5784 1504 5839 tabulis
1531 5795 1587 5839 et
1618 5787 1847 5842 testibus
1878 5785 2097 5841 Latinos

526 5862 649 5905 reos
674 5848 914 5906 insinuat
933 5862 1312 5925 corruptorum
1341 5868 1560 5910 suorum
1585 5854 1804 5913 Patrum
1826 5866 2069 5914 textuum

2134 4663 2178 4718 D
2210 4661 2274 4717 Et
2299 4678 2429 4717 sane
2459 4664 2646 4732 plures
2677 4664 3010 4733 posteriores
3032 4662 3202 4719 Graeci
3228 4665 3661 4731 contendebant,
3692 4668 3806 4720 Au-

2204 4732 2407 4803 gustini
2439 4732 2749 4788 testimonia
2780 4735 2848 4789 de
2872 4735 3222 4804 processione
3248 4734 3485 4859 Spiritus
3513 4734 3569 4789 S.
3598 4752 3630 4791 a
3661 4735 3806 4790 Filio

2203 4804 2272 4856 ab
2298 4803 2655 4858 additamenti
2678 4803 2983 4860 fautoribus
3005 4806 3176 4859 ellicta
3200 4812 3254 4858 et
3304 4806 3660 4860 raudulcnter
3680 4809 3807 4873 ejus

2202 4873 2358 4929 libris
2382 4875 2587 4929 inserta
2616 4875 2804 4937 fuisse,
2830 4876 2959 4929 dum
2983 4876 3068 4929 alii
3100 4875 3234 4929 alias
3260 4876 3376 4930 vias
3402 4876 3663 4931 inierunt.
3683 4878 3807 4943 Qua

2203 4945 2271 5016 de
2290 4944 2637 5016 Areiconferas
2681 4946 2936 5016 Allatium
2973 4954 3161 5000 contra
3206 4946 3512 5016 Hottinger.
3562 4964 3615 5015 p.
3660 4949 3806 5002 299-

2205 5014 2328 5069 509.
2360 5014 2471 5069 Nos
2505 5016 2593 5070 hic
2628 5016 2791 5070 unius
2820 5015 2984 5069 Marci
3020 5017 3240 5085 Ephesii
3281 5014 3445 5070 verba
3481 5014 3805 5081 referimus,

2204 5085 2295 5153 qui
2322 5086 2374 5138 in
2405 5084 2765 5159 confessione
2795 5086 2971 5159 (apud
2998 5084 3225 5159 Gregor.
3253 5085 3373 5159 Cpl.
3404 5087 3626 5159 Apolog.
3658 5104 3804 5159 con-

2205 5165 2286 5227 tra
2319 5156 2496 5210 eamd.
2527 5156 2658 5227 Cod.
2693 5156 2902 5211 Monac.
2932 5157 3024 5220 27.
3060 5156 3225 5212 12⁷151
3264 5158 3320 5227 1))
3376 5156 3640 5227 scripsit:
3685 5158 3805 5220 Τὰς

2203 5225 2260 5277 δὲ
2291 5227 2399 5278 τῶν
2428 5225 2659 5279 δυτικῶν
2697 5227 2959 5297 Πατέρων
2990 5229 3081 5280 καὶ
3112 5225 3451 5281 διδασκάλων
3479 5225 3669 5296 ᾀωνάς
3691 5269 3707 5289 ,
3742 5231 3805 5284 αἲ

2204 5297 2303 5365 τὴν
2353 5297 2531 5369 αἰτίαν
2574 5297 2669 5369 τοῦ
2715 5298 3031 5369 Πνεύματος
3074 5299 3167 5369 τῷ,
3201 5298 3317 5369 Υἱῷ
3358 5297 3618 5364 διδόασιν,
3669 5299 3805 5353 οὔτε

2205 5367 2456 5455 γνωρίζω
2502 5368 2636 5455 (καὶ
2674 5368 2783 5455 γάρ
2835 5368 2955 5421 οὐδὲ
3006 5367 3438 5455 μετεϐλήθησάν.
3466 5386 3599 5422 ποτε
3653 5371 3805 5452 πρρς

2206 5437 2304 5507 τὴν
2348 5438 2623 5506 ἡμετέραν
2660 5439 2940 5505 γλῶτταν,
2971 5437 3078 5491 οὐδ’
3109 5437 3356 5492 ύπὺίτῶν
3392 5437 3805 5507 οἰκουμενικῶν

2210 5507 2440 5594 συνόδων
2469 5508 2953 5594 ἐδοκιμάσθησαν),
2985 5507 3109 5594 οὔτε
3142 5509 3527 5594 παραδέχομαι
3557 5528 3803 5580 τεκμαι-

2210 5578 2468 5653 ρόμενος,
2504 5580 2593 5653 δτι,
2618 5578 3010 5653 διεφθαρμέναι
3052 5580 3163 5632 sic).
3202 5578 3296 5635 καὶ
3341 5578 3803 5653 παρέγγραπτοι.

2279 5647 2391 5715 (27)
2427 5650 2542 5704 Col.
2579 5647 2970 5703 ἐπιδείκνυται.

2279 5717 2391 5788 (28)
2433 5718 2598 5773 Palat.
2638 5718 2679 5774 f.
2713 5719 2819 5775 237
2853 5720 2907 5773 b.
2937 5719 3027 5772 διά
3053 5737 3136 5773 τοι
3165 5738 3215 5775 τ.

2276 5790 2386 5862 (29)
2430 5788 2688 5855 Ἐκείνοις
2714 5789 2803 5846 hic
2832 5790 3121 5846 redundat.
