4002 6408
148 426 253 489 353
1220 428 1316 489 DE
1355 428 1415 488 S.
1457 422 1817 485 SPIRITUS
1852 419 2346 484 MYSTAGOGIA
3313 427 3418 492 5M

147 554 295 592 νοιαν
332 537 647 610 εἰρημένον,
676 537 851 609 δόγμα
891 533 987 591 καὶ
1012 538 1177 609 νόμον
1213 538 1382 592 ποιῶν
1418 536 1601 607 σαυτῷ
1635 535 1722 606 μὲι

1838 533 2315 603 pronuntiarunt,
2374 550 2472 606 pro
2506 536 2759 609 dogmate
2808 552 2873 594 ac
2905 538 3024 612 lege
3070 554 3294 597 sumens
3322 545 3418 598 tibi

146 627 445 700 ἀνοήθητον
483 628 600 698 (30)
642 627 741 698 τήν
783 627 1063 681 ἀπώλειαν
1098 625 1364 695 ἐπάγεις,
1407 624 1650 687 ἐκείνους
1678 621 1722 675 δὲ

1838 627 2059 697 quidem
2105 628 2206 698 ipsi
2240 629 2653 700 irreparabilem
2704 647 2861 687 creas
2900 632 3243 702 perniciem,
3298 635 3418 692 illos

151 722 552 791 συγκατασπᾷν
579 722 645 792 τῇ
674 723 740 791 σῇ
773 721 1104 790 φιλονεικεῖς
1137 720 1368 792 ἀπονοίᾳ
1396 718 1542 788 (51);

1837 736 1969 776 vero
1993 722 2047 776 in
2076 732 2223 777 tuam
2255 723 2509 793 abripere
2544 724 2824 779 vesaniam
2859 726 3184 781 contendis?

213 813 312 882 ογ’.
370 812 492 886 [ut]
534 808 704 866 Εἶπεν
737 814 765 864 6
818 813 919 880 τῆς
965 812 1291 883 οἰκουμένης
1336 809 1517 884 κήρυξ
1561 812 1589 864 6
1625 806 1722 861 τῶι

1915 816 2004 870 75.
2048 815 2195 871 Dixit
2222 816 2371 871 orbis
2403 825 2669 871 terrarum
2711 833 2910 888 praeco,
2943 833 3268 874 arcanorum
3291 835 3424 874 cou-

147 907 477 977 ἀπορρήτων
517 905 755 976 θεωρὸς,
789 905 818 957 ό
863 906 961 977 τὴν
1008 905 1359 977 ἀνθρωπίνην
1407 904 1570 973 φύσιν
1621 904 1722 965 τοῖς

1839 909 2147 979 templator,
2197 909 2289 980 qui
2322 910 2616 964 humanam
2656 920 2912 965 naturam
2954 911 3259 982 insignibus
3309 913 3423 967 suis

147 998 261 1053 καθ’
290 998 490 1051 ἐαυτὸν
517 996 865 1066 ἐξευγενίσας
901 998 1143 1068 τρόποις·
1178 993 1333 1051 εἶπεν
1362 998 1569 1058 ἐκεῖνος
1597 992 1734 1065 πρὸς

146 1093 264 1152 τοὺς
289 1089 644 1159 Ἑλληνιστάς
661 1087 932 1160 πολλῷτῷ
956 1090 1099 1159 λόγῳ
1119 1088 1341 1159 ῥέοντας
1369 1087 1731 1158 ἀντιφερόμε-

147 1205 230 1252 νος
264 1186 361 1241 καὶ
405 1186 505 1257 τὴν
557 1186 783 1238 ἐκείνων
822 1186 995 1255 ὀφρὺν
1031 1184 1145 1237 ἀνω
1201 1183 1524 1254 τεινομένην
1579 1183 1733 1238 κάτω

148 1278 570 1349 παρασκευάσας
597 1276 796 1342 νεύειν,
831 1276 1032 1348 μᾶλλον
1061 1276 1117 1329 δέ
1148 1276 1287 1348 πρὸς
1318 1275 1420 1348 τὴν
1448 1275 1732 1329 ἀσθένειαν

148 1370 316 1424 αὐτῶν
356 1367 690 1437 συγκατιὼν,
725 1368 778 1423 τί
818 1365 975 1434 εἶπες
1017 1369 1411 1438 Διερχόμενος
1452 1367 1554 1421 καὶ
1586 1368 1733 1422 ἀνα-

150 1461 372 1530 θεωρῶν
398 1464 469 1517 τὰ
498 1460 849 1531 σεϐάσματα
870 1460 1060 1527 ὑμῶν,
1085 1458 1267 1531 εὖρον
1296 1462 1395 1515 καί
1423 1461 1635 1529 ,βωμὸν
1660 1460 1732 1514 ἐν

150 1550 193 1624 ᾧ
242 1555 685 1626 ἐπεγέγραπτο·
766 1556 1071 1625 Ἁγνώστφ
1148 1554 1307 1621 Θεῷ·
1347 1554 1421 1608 δν
1460 1549 1574 1608 οὖν
1623 1553 1730 1623 ἁγ-

152 1649 429 1712 νοοῦντες
486 1647 819 1711 εὐσεϐεῖτε,
872 1648 1091 1703 τοῦτον
1140 1648 1256 1719 ἐγὼ
1343 1647 1730 1715 καταγγέλλω

152 1739 281 1809 ὑμῖν
303 1738 438 1809 (32).
468 1738 532 1790 Τί
562 1736 688 1806 οῦν;
714 1738 795 1791 Δι’
822 1732 898 1792 ὧν
926 1740 1028 1809 τῆς
1072 1739 1185 1811 (55)
1229 1738 1342 1811 [74]
1403 1738 1729 1808 Ἐκκλησίας

151 1834 177 1884 6
205 1832 519 1896 διδάσκαλος
550 1834 678 1896 τοὺς
725 1833 993 1904 Ἑλλήνων
1027 1833 1227 1902 σοφοὺς
1257 1831 1456 1903 ἐθήρα,
1492 1832 1587 1885 καί⁵
1626 1830 1728 1900 τῆς
1752 1864 1802 1924 Β

153 1925 394 1988 ἀσεϐείας
424 1926 561 1996 πρὸς
590 1925 691 1995 τὴν
736 1925 1021 1979 εὐσέϐειαν
1062 1924 1426 1996 ἐχειραγώγει
1465 1925 1559 1977 καὶ
1592 1940 1724 1994 μετ-

154 2014 325 2085 έφερε,
356 2014 530 2069 ταῦτα
558 2015 623 2068 σὺ
653 2015 831 2086 δόγμα
856 2016 1263 2086 (55⁸)ποιήσεις,
1296 2017 1392 2069 καί
1424 2014 1723 2086 κηρύττειν

154 2107 430 2176 τολμήσεις
446 2108 538 2161 τὸν
561 2107 897 2178 καθαιρέτην
916 2108 1024 2163 τῶν
1051 2108 1284 2162 εἰδώλων
1306 2108 1722 2179 καταγγέλλειν,

153 2198 436 2252 δνέσέϐετο
490 2200 585 2253 καὶ
632 2200 916 2269 ὠνόμαζεν
970 2202 999 2252 6
1052 2201 1403 2273 Ἑλληνισμὸς
1449 2203 1725 2267 ἄγνωστον

154 2289 298 2347 Θεόν;
323 2291 395 2342 Οὐ
415 2291 520 2361 γὰρ
546 2290 851 2362 θαυμαστόν
876 2310 969 2345 σου
987 2293 1047 2347 τὸ
1068 2293 1168 2364 τῆς
1193 2294 1385 2362 σοφίας
1399 2294 1725 2365 δραστήριον

156 2383 242 2434 καὶ
270 2383 376 2436 τῶν
408 2384 760 2454 κακοσχόλων
790 2386 824 2456 ή
856 2386 1031 2453 πλοκὴ
1057 2388 1436 2458 σοφισμάτων.
1476 2388 1723 2457 Ἀνειμέ-

152 2488 234 2537 νος
253 2469 319 2545 ἦν
340 2475 365 2526 ό
395 2474 577 2545 βωμὸς
603 2475 681 2547 τῷ
703 2476 841 2530 Πανί
860 2478 998 2547 (34)·
1022 2480 1053 2548 ή
1082 2478 1140 2531 δὲ
1161 2478 1271 2531 τῶν
1295 2478 1536 2551 Ἀθηνῶν
1567 2478 1722 2543 πόλις

149 2567 241 2620 τοῦ
270 2570 574 2639 τιμωμένου
603 2570 745 2635 τέως
776 2572 852 2641 μὴ
885 2573 1160 2635 συνιέντες
1188 2574 1247 2627 τὸ
1274 2573 1446 2645 δνομα
1478 2574 1722 2644 ἐπέγρα-

152 2676 253 2729 φον
280 2660 357 2731 τῷ
402 2660 584 2733 βωμῷ·
647 2662 951 2733 Ἅγνώστῳ
984 2664 1125 2730 Θεῷ.
1172 2666 1325 2719 Ἐπεὶ
1367 2666 1475 2736 γάρ
1509 2667 1572 2718 ἐκ
1613 2664 1722 2719 τῶν

156 2754 509 2824 προφητικῶν
534 2755 798 2826 χρησμῶν
838 2756 933 2809 κα)⁵
959 2756 1067 2811 τῶν
1094 2757 1448 2811 Δεσποτικῶν
1477 2757 1671 2825 λογίων
1694 2758 1723 2810 ὁ

152 2844 449 2913 περιδέξιος
476 2849 677 2910 ἐκεῖνος
707 2848 804 2901 καὶ
833 2848 1085 2918 οὐράνιος
1109 2849 1399 2921 ἄνθρωπος
1432 2850 1508 2923 μὴ
1538 2849 1723 2903 πειθό-

156 2955 311 3007 μενον
337 2939 483 3009 ἐώρα
499 2940 561 2994 τὸ
595 2941 930 3014 Ἑλληνικὸν,
959 2943 1019 3010 ἐξ
1049 2944 1226 2997 αὐτῶν
1250 2944 1446 3007 αὐτοὺς
1467 2944 1575 2999 τῶν
1607 2943 1724 2998 θεο-

154 3027 355 3095 στυγῶν
385 3028 749 3100 σεϐασμάτων
782 3034 863 3096 εἰς
886 3032 948 3085 τὸ
975 3032 1071 3086 τοῦ
1108 3034 1454 3107 Δημιουργοῦ
1485 3052 1724 3105 μετακα-

151 3116 311 3172 λεῖται
356 3119 542 3185 σέϐας·
579 3121 639 3187 ἐξ
669 3123 847 3177 αὐτῶν
881 3125 990 3177 τῶν
1020 3124 1113 3178 τοῦ
1147 3125 1397 3181 διαϐόλου
1428 3144 1721 3199 πρόγραμ-

1834 1002 2082 1057 moribus
2117 1001 2448 1067 nobilitavit,
2474 1003 2612 1056 dixit
2644 1003 2731 1057 ille
2764 1003 3031 1057 adversus
3058 1004 3421 1060 Athenienses

1833 1103 2031 1150 ornato
2060 1107 2124 1147 ac
2153 1092 2320 1147 fluido
2347 1092 2559 1147 dicendi
2589 1109 2788 1164 genere
2814 1094 3081 1163 pollentes
3112 1094 3418 1164 disputans,

1834 1187 2161 1256 illorumque
2194 1185 2410 1239 animos
2444 1184 2677 1239 nimium
2737 1185 2908 1241 elatos
2970 1186 3305 1241 submittens
3356 1203 3420 1241 ac

1833 1279 2148 1349 deprimens
2178 1319 2195 1344 ,
2241 1277 2351 1331 imo
2410 1275 2592 1347 potius
2648 1276 2715 1331 ad
2780 1276 3001 1331 illorum
3047 1277 3416 1332 infirmitatem

1831 1388 1953 1427 sese
1984 1370 2429 1435 accommodans,
2480 1370 2610 1439 quid
2644 1369 2807 1440 igitur
2832 1369 3005 1424 dixit?
3034 1370 3350 1425 Prmteriens
3369 1380 3417 1425 et

1830 1464 2013 1518 videns
2036 1463 2329 1517 simulacra
2352 1472 2548 1525 uestra,
2585 1463 2758 1516 inveni
2791 1472 2839 1515 et
2871 1480 3025 1517 aram
3050 1465 3102 1516 in
3125 1481 3230 1526 qua
3289 1463 3419 1517 scri-

1829 1566 1975 1624 ptum
2002 1564 2151 1610 erat:
2170 1555 2354 1625 Ignoto
2374 1554 2500 1608 Deo.
2520 1555 2687 1619 Quem
2713 1554 2877 1624 igitur
2896 1555 3195 1623 ignorantes
3220 1555 3414 1617 colitis,

1829 1650 1967 1703 hunc
2019 1666 2112 1720 ego
2154 1648 2414 1702 annuntio
2464 1646 2684 1702 vobis".
2726 1646 2867 1712 Quid
2923 1646 3121 1716 igitur?
3166 1645 3263 1711 Ea,
3317 1664 3417 1718 per

1830 1758 1950 1812 quae
2003 1740 2206 1795 Paulus
2256 1740 2512 1795 Ecclesia:
2549 1738 2739 1793 doctor
2786 1737 3060 1808 sapientes
3100 1736 3413 1794 Graecorum

1829 1834 2206 1904 aucupabatur
2234 1843 2398 1903 atque
2423 1848 2487 1887 ex
2513 1831 2794 1902 impietate
2826 1830 2894 1886 ad
2931 1830 3187 1901 pietatem
3217 1847 3413 1885 manu-
3470 1898 3473 1903 ί

1828 1927 2036 1981 ducens
2059 1924 2443 1985 transferebat.
2461 1923 2600 1989 haec,
2630 1922 2878 1992 inquam,
2927 1931 2981 1975 tu
3030 1936 3128 1992 pro
3161 1921 3413 1992 dogmate

1827 2018 2062 2089 accipies
2126 2027 2183 2073 et
2235 2032 2480 2072 asserere
2516 2016 2765 2077 audebis,
2825 2030 2855 2068 a
2914 2014 3084 2068 Paulo
3144 2012 3410 2068 idolorum

1825 2128 2081 2169 eversore
2106 2111 2259 2166 illum
2295 2110 2597 2182 praedicari,
2630 2125 2791 2179 quem
2817 2108 3103 2178 gentilium
3138 2123 3294 2162 error
3320 2122 3413 2162 co-

1825 2206 1971 2261 lebat
2018 2205 2445 2273 nominabatque
2502 2202 2749 2273 ignotum
2806 2200 3015 2255 Deum?
3081 2198 3201 2254 Non
3262 2200 3409 2253 enim

1824 2296 1963 2350 mira
1993 2295 2254 2361 accedere
2284 2293 2445 2347 nobis
2472 2292 2636 2346 debet
2667 2292 2743 2345 tui
2789 2290 2991 2362 ingenii
3034 2290 3088 2345 in
3128 2290 3411 2345 fallacibus

1825 2388 2049 2457 argutiis
2092 2386 2422 2442 consuendis
2467 2384 2707 2439 solertia.
2756 2385 3009 2439 Erectum
3070 2394 3188 2438 erat
3238 2385 3414 2439 altare

1825 2479 1956 2535 illud
1987 2480 2152 2546 Pani;
2185 2479 2317 2533 urbs
2342 2486 2525 2533 autem
2562 2477 2901 2532 Athenarum
2930 2468 3128 2532 nomen
3160 2477 3279 2545 ejus
3314 2476 3409 2546 qui

1825 2577 1880 2631 in
1934 2592 2001 2631 eo
2051 2573 2331 2629 colebatur
2388 2570 2606 2627 interim
2678 2571 2937 2639 ignorans
2989 2570 3343 2640 inscripserat
3389 2587 3405 2623 :

1824 2667 2010 2737 Ignoto
2051 2665 2179 2720 Deo.
2227 2663 2344 2718 Jam
2391 2677 2524 2717 vero
2580 2661 2837 2731 quoniam
2890 2674 2960 2714 ex
3014 2661 3407 2731 prophetarum

1822 2758 2062 2814 oraculis
2105 2756 2421 2826 Christique
2472 2753 2686 2809 Domini
2743 2753 2977 2823 eloquiis
3017 2752 3266 2824 egregius
3316 2754 3409 2807 ille

1825 2851 2171 2921 caalestisque
2240 2849 2325 2904 vir
2377 2847 2629 2912 videbat,
2698 2846 3113 2916 haudquaquam
3181 2846 3414 2917 gentiles

1823 2945 1991 3009 flecti,
2021 2960 2085 2999 ex
2115 2943 2365 3014 ipsismet
2388 2941 2741 2998 exsecrandis
2765 2941 3071 2996 simulacris
3105 2941 3170 2995 ad
3199 2940 3407 2995 cultum

1826 3048 1924 3088 eos
1984 3040 2203 3087 revocat
2256 3031 2593 3095 Conditoris,
2644 3043 2699 3085 et
2757 3047 2822 3085 ex
2853 3030 2986 3101 ipsis
3041 3030 3240 3085 diaboli
3278 3045 3408 3100 pro-

1825 3124 2219 3197 grammatibus
2265 3123 2557 3193 potestatis
2591 3122 2835 3192 ejusdem
2873 3123 3215 3194 tyrannidem
3260 3138 3408 3177 con—

154 3209 327 3279 μάτων
352 3212 453 3281 τῆς
480 3213 646 3267 αὑτοῦ
676 3215 1113 3287 καταψηφίζεται
1142 3219 1479 3289 τυραννίδος·
1513 3221 1579 3273 ἐκ
1609 3220 1716 3273 τῶν

1823 3218 2073 3279 demnat,
2126 3231 2191 3269 ex
2262 3214 2619 3270 munimentis
2665 3215 2785 3284 ejus
2854 3214 3170 3269 fortissimis
3242 3215 3409 3270 robur

150 3302 513 3373 ὀχυρωμάτων
540 3307 913 3378 καταστρέφει
945 3308 1005 3361 τὸ
1032 3310 1235 3380 κράτος
1264 3311 1429 3364 αὐτοῦ
1451 3313 1551 3383 τῆς
1580 3310 1728 3379 ἐξου-

152 3396 261 3459 σίας
284 3412 298 3425 ·
330 3397 439 3450 ἀπὸ
479 3400 579 3467 τῆς
628 3399 838 3471 πλάνης
872 3405 1112 3472 γεωργεῖ
1155 3404 1258 3475 τὴν
1294 3404 1606 3458 εὐσέϐειαν·
1660 3405 1726 3459 ὲκ

149 3488 234 3559 τῆς
257 3489 535 3555 ἀπωλείας
570 3490 835 3559 βλαστοὺς
862 3496 995 3563 ἡμῖν
1026 3495 1394 3565 προϐάλλεται
1424 3498 1718 3568 σωτηρίας·

149 3582 206 3633 ἐκ
232 3584 326 3651 τῆς
352 3582 449 3635 τοῦ
476 3583 725 3637 διαϐόλου
753 3585 982 3652 παγίδος
1012 3588 1092 3649 εἰς
1132 3587 1225 3641 τὸν
1252 3587 1451 3659 δρόμον
1482 3589 1725 3659 ἐνισχύει

147 3671 231 3725 τοῦ
263 3674 598 3743 Εύαγγελίου
618 3692 632 3706 ·
662 3676 889 3746 βαλϐίδα
929 3680 1169 3733 ποιεῖται
1215 3682 1314 3752 τὴν
1340 3682 1586 3754 κορυφὴν
1623 3683 1726 3752 τῆς

147 3766 477 3831 ἀποστάσιας
519 3767 622 3838 τῆς
660 3770 899 3835 εἰσόδου,
946 3768 1015 3822 δι’
1053 3766 1122 3842 ἦς
1153 3766 1224 3841 ἦν
1271 3773 1454 3837 αὐτοῖς
1497 3774 1579 3834 εἰς
1630 3775 1724 3833 τὸν

147 3861 403 3931 νυμφῶνα
428 3861 672 3931 Χριστοῦ
708 3864 803 3918 καὶ
836 3864 935 3936 τὴν
967 3866 1233 3935 ἄχραντον
1274 3866 1440 3920 αὑτοῦ
1473 3866 1723 3920 παστάδα

147 3953 401 4007 εἰσελθεῖν
432 3955 535 4026 τὴν
580 3956 909 4029 Ἐκκλησίαν
939 3958 1077 4031 (55).
1110 3959 1300 4023 Οῦτως
1345 3959 1413 4031 ἦν
1457 3962 1665 4024 ἐκεῖνος
1695 3962 1724 4013 6

148 4048 431 4116 μετάρσιος
481 4047 608 4111 νοῦς
656 4048 745 4103 διά
792 4049 901 4103 τῶν
944 4052 1126 4104 ὃπλων
1173 4051 1268 4105 τοῦ
1317 4052 1514 4125 ἐχθροῦ
1558 4053 1722 4108 αὐτὸν

147 4137 607 4208 κατατιτρώσκειν
640 4140 732 4195 τὸν
769 4142 964 4213 ἐχθρὸν
1002 4144 1099 4197 καὶ
1137 4142 1252 4216 [75]
1290 4145 1718 4216 αἰχμαλωτίζειν

145 4229 464 4302 δραστήριός
492 4250 552 4286 τε
592 4235 687 4288 καὶ
718 4236 819 4307 τὴν
849 4236 1057 4291 ἀνωθεν
1091 4237 1270 4308 ἐαυτῷ
1311 4239 1499 4309 φέρειν
1541 4238 1661 4309 ἰσχύ
1675 4260 1716 4297 ι.

144 4320 202 4372 Τί
241 4321 366 4388 οῦν;
399 4323 551 4376 Διότι
581 4324 805 4391 -Παῦλος
832 4329 945 4392 τοῖς
982 4328 1170 4391 ὅπλοις
1214 4327 1309 4382 τοῦ
1349 4328 1545 4401 ἐχθροῦ
1585 4331 1720 4385 καθ-

202 4518 249 4550 ’δ
278 4521 403 4575 Act.
432 4537 571 4588 xvn,
592 4522 685 4579 25.

1818 3310 2104 3381 potestatis
2132 3310 2303 3381 ipsius
2339 3308 2558 3374 evertit,
2592 3308 2661 3363 ab
2702 3323 2887 3362 errore
2928 3309 3083 3362 metit
3110 3308 3365 3377 pietatem
3386 3347 3402 3371 ,

1816 3420 1881 3459 ex
1912 3402 2221 3473 perditione
2251 3402 2495 3474 germina
2528 3401 2689 3456 nobis
2739 3401 2929 3456 salutis
2961 3400 3190 3472 profert,
3222 3416 3253 3454 e
3284 3399 3403 3454 dia-

1814 3498 1922 3553 boli
1952 3498 2145 3568 laqueo
2171 3497 2239 3552 ad
2270 3512 2491 3552 cursum
2526 3495 2803 3567 Evangelii
2837 3496 3075 3560 excitat;
3128 3509 3405 3549 summum

1814 3589 2142 3644 defectionis
2202 3587 2461 3643 verticem
2510 3587 2612 3642 vite
2668 3586 2801 3642 facit
2834 3586 3090 3650 initium,
3133 3600 3238 3655 qua
3298 3584 3403 3655 ipsi

1813 3688 2046 3750 possent
2075 3678 2131 3731 in
2164 3676 2491 3741 Ecclesiam,
2523 3676 2880 3746 purissimum
2901 3685 3063 3745 atque
3102 3675 3405 3729 intemera-

1812 3779 1928 3825 tum
1963 3770 2167 3826 Christi
2202 3771 2524 3833 thalamum,
2563 3767 2796 3839 ingredi.
2824 3768 2976 3821 Adeo
3005 3767 3242 3837 pollebat
3276 3766 3405 3821 sub-

1812 3862 1959 3918 limis
2010 3862 2105 3917 illa
2142 3878 2299 3917 mens
2332 3878 2431 3933 per
2454 3864 2569 3933 ipsa
2592 3861 2800 3915 inimici
2829 3876 2978 3914 arma
3007 3860 3183 3929 ipsum
3217 3860 3404 3914 inimi-

1810 3973 1934 4011 cum
1995 3955 2291 4011 confodere
2345 3970 2410 4010 ac
2468 3954 2743 4025 subigere.
2801 3952 2945 4019 Quid
2997 3951 3201 4024 igitur?
3265 3951 3405 4018 Quia

1810 4050 2013 4105 Paulus
2040 4049 2210 4104 armis
2236 4048 2448 4104 inimici
2492 4048 2698 4103 delevit
2728 4047 3009 4101 inimicum
3035 4088 3049 4111 ,
3094 4045 3290 4100 ideone
3341 4054 3400 4098 tu

1818 4142 2027 4197 honore
2054 4156 2202 4195 arma
2224 4139 2431 4195 inimici
2461 4140 2813 4210 prosequeris
2858 4147 2915 4193 et
2957 4138 3141 4192 divina
3181 4151 3402 4191 nuncu-

1817 4235 1973 4305 pabis
1991 4249 2163 4298 arma,
2196 4243 2358 4303 atque
2384 4233 2438 4287 in
2463 4241 2610 4288 tuam
2634 4232 2805 4301 ipsius
2831 4230 3120 4301 protrudes
3159 4229 3404 4285 caedem?

1820 4330 1890 4386 Et
1920 4338 2055 4400 quot
2083 4329 2185 4383 alia
2220 4328 2419 4384 similia
2450 4324 2704 4398 exempla
2720 4324 2872 4397 apud
2910 4324 3078 4389 hunc,
3102 4323 3192 4394 qui
3215 4321 3401 4376 omnia

1200 4682 1439 4741 VARUS
1479 4682 1863 4743 LECTIONES
1901 4686 1990 4741 ET
2018 4683 2250 4741 ΝΟΤᾸΕ.

203 4843 314 4916 (50)
346 4842 498 4916 E911.
530 4840 869 4916 ἀϐοήθητον,
896 4842 1114 4914 Ἀϐοήθ.
1143 4844 1461 4916 νΙιαῦεῐγΟοΙ.

200 4912 312 4983 (51)
347 4912 447 4968 His
464 4912 711 4985 consona
737 4914 900 4985 tradit
924 4930 1015 4985 ep.
1036 4912 1101 4969 ad
1126 4915 1359 4985 Aquilei.
1387 4934 1398 4968 :
1425 4914 1627 4968 Πόσα.δ’
1646 4915 1711 4970 ἀν

139 5001 213 5049 τις
234 4985 382 5055 ὑπὲρ
407 4984 515 5055 τῶν
541 4984 829 5053 μακαρίων
850 4984 1059 5055 ἀνδρῶν
1090 4984 1314 5039 ἐκείνων
1336 4986 1480 5039 εἴποι
1501 5004 1515 5051 ;
1546 4985 1710 5039 πόσαι

137 5056 236 5122 γὰρ
266 5054 627 5127 περιστάσεις
648 5054 988 5127 πραγμάτων
1010 5055 1238 5127 πολλοὺς
1262 5055 1621 5127 ἐξεϐιάζοντο,
1643 5058 1711 5111 τά

139 5126 229 5194 μὲν
258 5123 784 5196 παραφθμέγξασθαι,
805 5123 876 5179 τὰ
904 5125 963 5178 δὲ
992 5125 1129 5196 πρὸς
1155 5126 1469 5196 οἰκονομίαν
1497 5129 1672 5179 εἰπεῖν
1692 5167 1706 5190 ,

134 5196 196 5249 τά
219 5196 277 5250 δὲ
308 5194 409 5249 καὶ
429 5194 540 5247 τῶν
561 5194 933 5248 ἀπειθούντων
957 5194 1397 5257 ἐπαναστάντων,
1430 5197 1501 5249 τά
1526 5196 1584 5250 δὲ
1613 5198 1706 5252 καὶ

135 5266 320 5339 ἀγνοίᾳ
352 5260 443 5339 οἷα
554 5264 975 5339 περιολισθείσιν
1000 5265 1353 5339 ἀνθρώπινα;
1380 5267 1572 5329 Ἀλλος
1602 5268 1704 5339 γάρ

136 5282 320 5338 αγνοια
352 5282 443 5319 οια
462 5282 527 5337 οη
554 5283 622 5317 πε
665 5282 975 5318 ιοΑισυεισιν
1000 5282 1353 5337 ανυρωπινα;
1380 5282 1572 5329 Ἀλλος
1602 5282 1704 5339 γαρ

136 5338 264 5409 πρρς
278 5338 412 5398 τοὺς
431 5282 808 5409 αἰρετίέοντας
827 5336 1253 5409 διαμαχόμενος,
1263 5336 1428 5409 ἀλλος
1449 5341 1522 5409 τῇ
1545 5339 1708 5391 ἀσθε-

133 5407 245 5477 νείᾳ
274 5406 590 5477 συγκατιὼν
612 5406 721 5459 τῶν
733 5406 1041 5477 ἀκροατῶν,
1054 5406 1213 5471 ἀλλος
1227 5407 1353 5462 ἀλλο
1370 5425 1421 5460 τι
1442 5406 1704 5477 διαπρατο

132 5476 365 5556 ’ρόμενος
390 5477 487 5529 καὶ
528 5476 621 5529 τὸν
669 5476 865 5556 καιρὸν
907 5477 1048 5556 ἔχων
1092 5478 1263 5556 πολλά
1294 5477 1396 5556 τῇς
1428 5476 1716 5556 ἀκριϐείας

132 5548 457 5615 καθυφεῖναι
478 5545 1034 5617 παρακαλοῦντα,ἐπὶ
1056 5547 1200 5600 τέλει
1232 5545 1441 5617 μείζονι
1472 5545 1567 5603 καὶ
1593 5546 1716 5602 εἷπε

132 5620 219 5669 καὶ
251 5616 484 5688 ἔπραξε,
515 5614 570 5669 δι’
582 5618 722 5687 μήτε
755 5616 937 5671 λαλεῖν
965 5618 1097 5688 ήμῖν
1135 5614 1275 5691 μήτε
1310 5618 1571 5691 πράττειν
1627 5620 1719 5685 ἕξ·-

130 5703 294 5740 εστιν.

194 5758 313 5832 (σε)
342 5758 466 5814 Act.
492 5773 628 5818 xvu.
653 5758 746 5813 2'5.
766 5756 958 5832 Yarias
976 5758 1199 5832 Patrum
1223 5759 1709 5832 theolOgorumque

130 5828 192 5881 de
222 5829 331 5883 hoc
368 5837 521 5883 textu
553 5829 856 5883 sententias
885 5839 1135 5884 recenset
1164 5828 1435 5886 Bai-opius
1454 5832 1521 5884 ad
1556 5828 1711 5886 aI52

131 5913 186 5952 ιι.
218 5900 256 5954 8
278 5914 397 5970 seq.
424 5898 523 5955 llis
548 5899 820 5956 addantur
840 5900 1033 5957 Isidor.
1060 5898 1240 5957 Pelus.
1266 5902 1359 5958 lib.
1392 5918 1466 5969 tv,
1491 5917 1578 5973 ep.
1615 5903 1708 5969 60,

1736 4847 1790 4907 D
1815 4854 1871 4900 et
1894 4844 1986 4899 alii
2015 4861 2108 4914 ap.
2129 4842 2349 4899 Cornel.
2375 4859 2407 4898 a
2436 4843 2570 4914 Lap.
2603 4841 2748 4914 in_lt.
2780 4840 2815 4894 l.
2848 4838 2935 4914 pe
2966 4838 3051 4893 his
3076 4835 3261 4914 verbis
3280 4836 3394 4914 dis-

3120 4907 3270 4961 ,114
3301 4908 3391 4962 ed.

1815 4926 1971 4986 putat
2018 4910 2246 4970 Pliotius
2295 4931 2390 4986 ep.
2423 4910 2530 4986 62⁷
2550 4914 2615 4968 ad
2660 4912 2754 4986 lo.
2811 4910 3043 4986 philos,

3125 4976 3218 5031 ibi.
3250 4978 3395 5034 Cois-

1815 4981 1982 5040 Mont.
2015 4986 2256 5056 Amphil.
2287 4981 2345 5056 q.
2367 4984 2473 5040 25⁸2
2498 4985 2516 5055 (
2539 4984 2680 5056 apud
2694 4981 3049 5056 Montfaucon

1816 5057 1910 5111 lin.
1945 5072 2000 5126 p.
2026 5048 2171 5125 δάι’)
2197 5074 2210 5109 :
2244 5048 2342 5109 Διᾶ
2362 5056 2415 5108 τί
2445 5048 2658 5115 Παῦλος
2693 5050 2993 5126 Ἀθηναίοις
3013 5048 3397 5126 διαλεγόμενος

1811 5128 1920 5182 ἀπὸ
1947 5119 2059 5180 τῶν
2093 5119 2235 5180 ἰδίων
2266 5127 2704 5196 ἐπιγραμμάτων
2731 5123 2913 5196 αὐτοῖς
2942 5119 3280 5190 διαλέγεται;

1884 5199 1994 5265 (55)
2026 5197 2145 5269 Col.
2177 5196 2351 5269 p.752!
2374 5194 2410 5249 ξ
2426 5198 2454 5249 6
2478 5194 2583 5269 ’τῆς
2600 5194 2856 5269 ξΕκκλησ.

1908 5270 2024 5337 55⁵)
2059 5266 2189 5322 Col.
2214 5268 2403 5321 Ταῦτά
2432 5283 2525 5319 σου
2557 5266 2824 5337 δόγματα.

1907 5334 2113 5408 54)(211
2136 5337 2416 5408 Chrysost.
2451 5338 2597 5408 hom.
2627 5335 2681 5408 in
2707 5336 2829 5408 A_ct.
2855 5348 2971 5403 πρυ,
2993 5334 3170 5408 c._l7.

1886 5403 1995 5479 (55)
2022 5403 2303 5479 Chrysost.
2334 5407 2428 5463 0r.
2455 5407 2511 5479 i_n
2537 5404 2846 5479 S._Paulum
2876 5404 3021 5479 apud
3052 5403 3309 5479 Photinm
3332 5403 3395 5457 in

1814 5478 1952 5534 Bibl.
1978 5475 2107 5533 'cod.
2137 5475 2253 5534 ’270
2286 5499 2298 5533 :
2334 5479 2438 5531 Τὸν
2465 5477 2650 5546 βωμὸν
2681 5475 2774 5529 τοῦ
2804 5475 3053 5529 διαϐόλου
3094 5476 3398 5545 συνήγορον

1814 5550 2083 5633 πεποίηκε
2113 5550 2207 5633 τοῦ
2231 5548 2535 5633 ΛΧριστοῦΛ,
2574 5550 2635 5600 τὸ
2673 5547 3023 5633 τῆςοπλάνης
3070 5548 3397 5633 ἐπίγραμμα

1814 5620 1967 5704 parte
2121 5616 2379 5704 ἀληθείας
2407 5619 2707 5704 ἐφθέγγετο
2723 5616 2809 5704 ·ῃή
2838 5618 3014 5703 στήλη
3037 5616 3134 5685 τῆς
3168 5617 3384 5704 ἀπάτης

1816 5688 2159 5761 ἑστήλίτὲυσε
2189 5691 2286 5760 τήν
2316 5689 2565 5761 ἀπάτην·
2610 5688 2805 5759 ἐπειδή
2843 5689 2911 5741 τά
2950 5688 3056 5740 τῶν
3097 5688 3399 5756 προφητῶν

1829 5761 2135 5829 Ἀθηναίοις
2166 5755 2233 5830 ἦν
2262 5760 2700 5830 δυσπαράδεκτα,
2728 5763 2756 5812 6
2788 5758 2968 5830 βωμὸς
2999 5758 3093 5830 κα).
3118 5758 3185 5809 τά
3214 5756 3399 5830 γράμ-

1992 5832 2101 5884 τῶν
2132 5827 2403 5954 δαιμόῖων
2430 5827 2497 5905 τῇ
2539 5832 2701 5904 σοφία
2729 5827 2946 5884 Παύλου
2986 5828 3261 5900 ἐκήρυσσε
3292 5827 3393 5896 τὴν

1819 5919 1936 5956 tuo.
1980 5920 2115 5956 ειαν.
2138 5919 2193 5956 κ.
2222 5919 2273 5956 τ.
2343 5941 2360 5956 .

1814 5919 2115 5969 ευσεοειαν,
2138 5919 2193 5956 κ.
2222 5919 2273 5957 τ.
2308 5919 2360 5957 Λ.
