4008 6424
117 510 236 578 335
1197 512 1296 572 DE
1335 512 1396 571 S.
1440 511 1793 571 SPIRITUS
1830 509 2329 571 MYSTAGOGIA.
3301 503 3405 564 366

117 624 337 691 ἕτερον
371 617 684 689 σύμϐολον·
705 616 828 682 τοῖς
865 611 1186 671 ἐθέλουσιν
1218 617 1604 686 ἐπιστρέφειν
1635 620 1716 677 εις

1845 633 1997 686 copos
2037 618 2104 670 ab
2147 618 2453 684 episcopatu
2479 624 2527 668 et
2565 615 2778 668 clericos
2809 634 2838 668 ο
2872 615 3030 679 clero,
3067 617 3113 668 si
3154 633 3269 669 rero
3299 635 3407 670 meo

116 717 463 784 ἐπίγνωσιν
513 710 625 778 τῆς
665 710 952 776 ἀληθείας
993 710 1061 774 ἐξ
1105 709 1508 778 Ἑλληνισμοῦ
1565 710 1602 776 ἢ
1650 711 1720 773 ἐξ

1845 710 1980 761 iac/ii
2007 720 2099 762 aut
2135 709 2259 762 laici
2286 708 2480 778 fuerint
2511 707 2978 762 auathematizari.

132 808 526 879 ’ίουδαϊσμοῦ
567 807 680 876 (92)
725 807 764 874 ἦ
794 806 943 874 γοῦν
969 805 1038 870 ἐξ
1076 805 1360 873 ιιΙρέσεως
1390 804 1855 872 οιασὸηποτοῦ-ν,
1918 805 2190 870 τούτους,
2227 806 2279 856 εὶ
2334 803 2452 872 μὲν
2479 800 2604 858 εἶεν
2633 804 2955 856 ἐπίσκοποι
3009 804 3046 870 ἢ
3107 805 3409 872 κληρικοὶ,

119 904 495 969 ἀλλοτρίους
547 897 701 955 εἶναι
739 899 883 965 τοὺς
916 899 1292 964 ἐπισκόπους
1328 898 1438 965 τῆς
1471 897 1836 964 ἐπισκοπῆς,
1905 899 2004 951 καὶ
2046 899 2188 966 τοὺς
2233 899 2558 966 κληρικοὺς
2589 899 2695 952 τοῦ
2762 899 3028 967 κλήρου·
3095 901 3149 952 εὶ
3209 900 3276 951 δὲ
3305 918 3406 967 μο-

121 993 414 1059 νάζοντες
471 993 508 1060 ἢ
569 993 769 1046 λαϊδιοὶ
815 989 970 1056 εἶεν,
1026 991 1556 1060 ἀναθεματίζεσοαι
1609 991 1833 1054 αὐτούς
1868 991 2002 1059 (95).

204 1088 322 1144 πα⁸.
366 1086 1000 1158 Ἑμϐλέψατε,οἱτυφλοὶ
1022 1085 1156 1156 (94),
1185 1087 1277 1139 καὶ
1293 1086 1560 1137 ἀκούσατε
1583 1085 1717 1153 (95),

127 1183 183 1236 οἱ
222 1182 421 1248 κωφοὶ,
440 1172 534 1241 οὓς
558 1178 617 1230 τὸ
650 1177 841 1240 σκότος
868 1173 1200 1248 κατέχειτῆς
1234 1177 1522 1246 αἱρετικῆς
1549 1180 1717 1243 ἐγκα-

128 1262 413 1344 Θημένους
452 1269 659 1332 δύσεως
717 1268 851 1339 (96)·
915 1267 1028 1340 [85]
1073 1269 1415 1321 ὲνατενὶσατε
1473 1267 1610 1337 πρὸς
1660 1267 1721 1319 τὸ

129 1366 411 1432 ἀεέφωτον
466 1359 566 1428 τῆς
631 1359 957 1429 Ἑκκλησίας
1005 1362 1206 1427 φέγγος
1260 1361 1354 1412 καὶ
1410 1358 1718 1428 ἐμϐλέψατε

129 1455 280 1526 πρὸς
313 1455 403 1507 τὸν
431 1454 676 1521 γενναῖον
699 1451 906 1504 Λέοντα
927 1466 942 1481 ·
985 1452 1185 1520 μᾶλλον
1214 1452 1269 1503 δὲ
1297 1451 1396 1519 τῆς
1424 1451 1517 1503 τοῦ
1550 1448 1719 1503 Πνεύ-

132 1564 338 1616 ματος,
365 1541 453 1598 οἷα
487 1545 555 1597 δι’
602 1541 770 1597 αὑτοῦ
821 1543 1070 1608 σαλπίζει
1133 1543 1256 1596 καθ’
1297 1543 1479 1613 ὑμῶν,
1537 1543 1725 1595 ἐνωτὶ-

133 1643 311 1693 cases
336 1638 447 1708 (97)
482 1638 783 1706 σάλπιγγος
803 1652 817 1665 ⁸
851 1637 947 1689 καὶ
979 1636 1210 1706 φρίξατε
1237 1638 1284 1688 εἰ
1312 1638 1384 1706 μή
1416 1653 1538 1688 τινα
1567 1636 1724 1688 ἄλλον

129 1731 576 1800 δυσωπούμενοι,
605 1727 746 1782 ἀλλά
768 1745 832 1796 γε
863 1728 955 1781 τὸν
986 1727 1252 1798 ὑμέτερον
1285 1729 1540 1797 Πατέραο
1585 1726 1724 1796 μᾶλ-

129 1825 233 1875 ).ον
261 1824 316 1875 δὲ
351 1823 417 1874 δι’
463 1819 628 1874 αὑτοῦ
670 1822 762 1874 καὶ
791 1822 916 1884 τοὺς
968 1821 1180 1884 ἄλλους,
1216 1821 1265 1873 οἳ
1299 1819 1409 1890 (98)
1441 1821 1559 1883 ταῖς
1586 1835 1727 1888 προ-

135 1911 443 1974 λαϐούσαις
474 1913 711 1976 συνόδοις
747 1912 1167 1982 εὐαρεστοῦντες
1207 1911 1316 1981 (99)
1345 1911 1422 1973 εὶς
1449 1910 1540 1964 τὸν
1564 1911 1726 1982 χορὸν
1754 1892 1801 1950 Β

135 2005 254 2056 τῶν
286 2004 526 2071 λογάδων
578 2005 842 2074 Πατὲρων
897 2005 1289 2073 ἐγγράφονται.
1351 2004 1424 2056 Σὺ
1473 2003 1726 2073 Πατέρας

135 2095 443 2165 ὀνομάζεις
472 2097 837 2164 Λύγουστῖνον
861 2097 956 2147 καὶ
987 2094 1314 2165 Ἱερώνυμον
1336 2095 1429 2147 καὶ
1452 2094 1728 2154 τοιούτους

133 2188 371 2250 ἄλλους·
408 2187 590 2250 καλῶς
622 2204 684 2255 γε
717 2190 914 2251 ποιεῖς,
964 2187 1064 2240 οὐκ
1099 2188 1183 2254 ἐφ’
1229 2181 1310 2250 οἷς
1343 2187 1553 2249 καλεῖς,
1609 2183 1723 2238 ἀλλ’

129 2277 228 2330 ὅτι
260 2277 336 2346 μὴ
372 2276 466 2328 καὶ
500 2276 598 2346 τὴν
641 2275 903 2344 ἀθέτησιν
955 2277 1052 2344 τῆς
1085 2276 1361 2346 πατρικῆς
1395 2274 1575 2327 αὐτῶν
1607 2275 1727 2327 ὀνο-

143 2369 356 2437 μασίας
388 2367 570 2438 σαυτῷ
621 2370 795 2428 ποιεῖς
857 2367 1267 2437 σεμνολόγημα.
1305 2366 1415 2419 Καὶ
1469 2368 1516 2418 εἰ
1567 2366 1729 2435 μέχρι

137 2462 340 2513 τούτου
370 2460 432 2512 τὸ
462 2462 591 2529 περὶ
616 2461 726 2513 τῶν
759 2460 1016 2532 Πατέρων
1042 2477 1124 2512 σοι
1171 2460 1468 2529 μηχάνημα
1509 2458 1728 2528 προῄει,

134 2555 272 2607 ὅσον
299 2551 370 2624 ἦν
397 2554 595 2624 ἀτελὴς
615 2556 647 2622 ἡ
684 2553 1016 2622 κακουργία,
1045 2552 1300 2604 τοσοῦτον
1333 2551 1398 2604 ἂν
1430 2550 1730 2622 μετριώτε-

143 2664 243 2716 ρον
276 2645 475 2715 ἀπῄτει
513 2648 611 2715 τὴν
640 2643 818 2713 δίκην.
851 2645 1075 2714 Ἀρχειν
1114 2643 1223 2712 γὰρ
1256 2641 1561 2714 άσεὸούσης
1592 2645 1731 2711 γνώ-

140 2756 282 2808 μης,
315 2739 394 2800 εἰς
426 2737 581 2798 τέλος
629 2737 687 2789 δὲ
731 2735 805 2806 μὴ
855 2737 1070 2803 ἐξάγειν
1117 2734 1343 2804 ταύτην,
1378 2737 1731 2806 περικόπτειν

137 2830 268 2880 ἐστὶ
322 2828 420 2896 τὴν
465 2826 804 2898 σφοδρότητα
835 2825 928 2879 τοῦ
958 2826 1150 2894 ἄγους’
1178 2827 1239 2878 τὸ
1268 2827 1325 2880 δὲ
1362 2828 1595 2898 πραΰνει
1638 2829 1733 2882 καὶ

137 2918 560 2988 ἐξευμενίζεται
605 2916 666 2971 τὸ
718 2920 1099 2988 ἀπαραίτητον
1133 2919 1231 2988 τῆς
1261 2918 1440 2991 δίκης.
1479 2920 1727 2991 Πατράσι

139 3012 274 3066 καθ’
301 3005 378 3064 ὧν
413 3011 818 3078 ὲνασελγαὶνεις
876 3010 1270 3080 μορμολύττειν
1317 3012 1465 3081 ἡμᾶς
1537 3011 1730 3076 ἔγνως.

159 3108 308 3161 Ἀλλ’
335 3108 363 3161 ὃ
410 3124 473 3176 γε
509 3105 618 3159 τῶν
654 3107 916 3178 Πατὲρων
961 3105 1144 3177 χορὸς,
1189 3104 1280 3169 οὓς
1327 3106 1471 3160 κατὰ
1505 3109 1604 3173 τῆς
1636 3109 1735 3172 σῆς

147 3201 409 3272 μηχανῆς
444 3198 813 3268 προϐάλλεται
860 3201 894 3270 ή
948 3198 1227 3260 εὐσέϐεια,
1282 3196 1526 3268 Πατέρες
1563 3199 1735 3250 Πατέ-

305 3257 559 3360 (1)ἐὶσί·
594 3292 692 3342 καὶ
742 3290 851 3360 γὰρ
881 3257 965 3342 iit:
1006 3290 1100 3343 καὶ
1133 3257 1312 3344 αὐτῶν
1361 3257 1606 3351 ἐκεῖνον),
1645 3289 1739 3352 οὒς
1767 3257 1808 3312 C

148 3381 412 3450 νομίζετε
451 3376 728 3450 Πατέρας,
780 3380 882 3432 οὐκ
938 3381 1004 3433 ἂν
1058 3380 1420 3451 ἀρνηθείητε·
1478 3383 1526 3432 εἰ
1571 3380 1628 3434 δέ
1676 3397 1740 3447 γε

152 3473 342 3540 ὑμεῖς,
375 3471 488 3524 ἀλλ’
523 3471 626 3524 οὐκ
654 3472 876 3525 ἐκεῖνοι.

226 3561 344 3631 πβ’.
393 3562 712 3633 Ἔννοήσατε
757 3563 850 3615 τὸν
904 3561 1203 3633 ὁμόθρονον
1240 3563 1453 3626 τούτοις
1497 3563 1592 3616 καὶ
1641 3563 1739 3632 τὴν

143 3653 319 3719 δόξαν
340 3653 669 3718 ἰσοστάσιον,
692 3654 783 3706 τὸν
800 3654 1012 3707 κλεινὸν
1039 3642 1278 3722 Βιγῐ).ιον
1295 3655 1369 3722 (2)
1391 3672 1404 3684 ·
1423 3657 1489 3723 τῇ
1510 3656 1738 3728 πέμπτῃ

151 3747 260 3816 μὲν
288 3745 386 3798 καὶ
418 3743 532 3816 [86]
565 3747 727 3808 αὐτὸς
770 3747 1084 3818 ἐφειστήκει
1142 3746 1371 3817 συνόδῳ·
1431 3749 1742 3816 οἰκουμενι-

151 3838 273 3898 κοῖς
326 3835 487 3902 (5)δὲ
543 3837 637 3888 καὶ
685 3835 825 3904 αὐτὴ
877 3834 955 3906 (ll)
1019 3833 1114 3890 καὶ
1161 3836 1338 3902 ἁγίοις
1395 3833 1744 3906 ψηφίσμασιν

148 3925 600 3999 ἐλλαμπρύνεται
643 3929 742 3999 (5).
799 3921 968 3992 Οὗτος
993 3925 1086 3982 οὖν
1138 3925 1226 3983 οἷα
1257 3930 1320 4001 δὴ
1350 3930 1531 3983 κανὼν
1561 3932 1742 4002 ἀπαρ-

148 4021 424 4091 suam;
481 4022 558 4091 (6)
587 4023 702 4084 τοῖς
736 4021 918 4093 ὀρθοῖς
952 4022 1124 4090 αὐτῆς
1151 4023 1590 4093 ὲνσρμοζόμενος
1618 4025 1743 4094 δόγ-

153 4131 299 4184 μασι
354 4113 455 4181 (7),
504 4114 573 4166 τά
602 4131 661 4166 τε
681 4113 818 4168 ἄλλα
852 4111 1174 4183 συμφώνους
1201 4115 1393 4183 ἀφίησι
1425 4117 1608 4181 φωνὰς
1637 4118 1735 4186 (8),

150 4206 254 4258 καὶ
285 4203 348 4258 τὸ
382 4205 656 4271 πανάγιον
687 4206 781 4259 καὶ
811 4205 1097 4275 ὁμοούσιον
1126 4206 1352 4278 Πνεῦμα
1386 4209 1501 4271 τοῖς
1540 4225 1599 4260 τε
1631 4211 1740 4280 πρὸ

1903 1085 1993 1137 81.
2025 1083 2307 1152 Inspicite,
2340 1083 2494 1146 caci,
2519 1093 2575 1137 et
2602 1082 2808 1148 audite,
2839 1082 3122 1152 surdi,qui
3164 1083 3216 1136 in
3258 1095 3407 1138 tene-

1828 1179 1941 1234 bris
1964 1175 2206 1230 haeretici
2247 1188 2474 1229 occasus
2505 1175 2727 1242 sedetis,
2750 1176 2976 1231 intentis
2991 1161 3218 1244 aspicite
3240 1179 3412 1230 oculis

1832 1272 2008 1324 lucem
2047 1267 2301 1321 lieclesia
2344 1276 2608 1336 perpetuo
2637 1266 2956 1337 fulgentem,
3012 1279 3067 1322 et
3119 1269 3406 1321 intuemini

1829 1373 2115 1416 strenuum
2152 1356 2414 1425 Leonem,
2450 1360 2561 1412 imo
2593 1360 2774 1428 potius
2805 1359 3042 1430 Spiritus
3075 1362 3256 1414 tubam
3280 1362 3408 1431 quin

1827 1469 1924 1523 per
1948 1454 2096 1506 illum
2124 1452 2433 1514 eburcinet,
2465 1452 2670 1514 audite,
2716 1464 2877 1520 atque
2931 1454 3324 1516 exhorrescite,
3365 1455 3406 1506 si

1824 1561 1935 1598 non
1967 1545 2134 1598 alium
2179 1560 2528 1614 quemquam,
2559 1552 2614 1597 at
2659 1544 2849 1597 saltem
2894 1545 3110 1598 Patrem
3166 1555 3408 1599 vestrum

1826 1637 2066 1699 reveriti,
2097 1637 2208 1690 imo
2241 1637 2422 1706 potius
2447 1652 2547 1706 per
2586 1637 2765 1704 ipsum
2797 1645 2852 1689 et
2880 1645 3129 1699 cateros,
3155 1637 3246 1705 qui
3268 1637 3412 1705 prio-

1827 1729 1978 1783 ribus
2016 1729 2238 1799 synodis
2293 1729 2713 1797 tit-quiescentes
2773 1727 2913 1781 inter
2955 1727 3188 1781 eximi-os
3224 1727 3413 1782 Patres

1825 1831 2201 1876 recensentur.
2246 1821 2326 1874 'l‘u
2365 1822 2550 1875 Patres
2573 1821 2824 1874 nominas
2854 1821 3241 1891 Augustinum,
3286 1819 3412 1874 Hie-

1833 1929 2116 1983 ronymum
2137 1925 2192 1967 et
2216 1913 2353 1966 alios
2385 1914 2625 1976 similes;
2661 1929 2725 1967 ac
2772 1923 2921 1966 recte
2972 1913 3124 1974 lacis,
3181 1928 3288 1965 non
3343 1914 3413 1966 ob

1833 2023 2059 2063 causam
2083 2017 2305 2076 preptcr
2335 2022 2496 2075 quam
2517 2006 2635 2058 illos
2663 2006 2883 2074 allegas,
2906 2005 2997 2058 sed
3019 2005 3145 2074 quia
3173 2005 3266 2058 tibi
3302 2020 3412 2058 non

1826 2101 2014 2171 gloria
2063 2099 2233 2153 vertis
2277 2108 2570 2168 paternum
2615 2098 2858 2167 ipsorum
2916 2113 3116 2151 nomen
3165 2104 3412 2151 contem-

1827 2208 1980 2248 nere.
2003 2191 2069 2246 Et
2116 2206 2249 2244 sane
2293 2190 2337 2244 si
2372 2205 2614 2260 eousque
2650 2199 2801 2242 tuum
2841 2189 2908 2242 de
2959 2189 3210 2241 Patribus
3247 2188 3416 2242 artiﬁ-

1827 2285 1975 2337 cium
2013 2283 2353 2351 procederet.
2373 2290 2578 2350 quanto
2615 2289 2759 2334 esset
2793 2279 3168 2348 imperiectius
3205 2279 3414 2333 maleﬁ-

1830 2375 1999 2439 cium,
2051 2382 2200 2427 tanto
2247 2373 2518 2426 mitiorem
2577 2388 2795 2441 poenam
2855 2373 3116 2442 exigeret.
3149 2372 3414 2428 lnchoare

1832 2467 1976 2520 enim
1997 2466 2221 2533 impium
2251 2463 2559 2530 consilium,
2592 2464 2722 2518 illud
2748 2479 2881 2519 vero
2911 2464 2976 2517 ad
3004 2463 3167 2517 ﬁnem
3203 2479 3414 2532 nequa-

1831 2573 1996 2627 quam
2033 2559 2350 2627 perducere,
2385 2557 2526 2609 idem
2554 2565 2640 2609 est
2661 2561 2822 2630 atque
2849 2570 3097 2610 resecare
3118 2556 3412 2610 vehemen-

1834 2647 1967 2701 tiam
2021 2647 2262 2708 sceleris,
2327 2645 2469 2712 quod
2512 2631 2700 2712 ulique
2729 2644 2937 2714 mitigat
2968 2644 3207 2713 lenitque
3241 2658 3414 2712 pana

1836 2739 2091 2806 rigorem.
2140 2735 2312 2789 Larva
2373 2733 2620 2796 Patrum,
2678 2744 2867 2788 contra
2921 2751 3061 2804 quos
3107 2734 3410 2796 insolescis,

1837 2830 2088 2883 territare
2122 2844 2223 2882 nos
2273 2828 2368 2881 tibi
2431 2827 2784 2897 preposuisti.
2835 2828 2905 2880 At
2959 2827 3177 2880 Patrum
3237 2835 3413 2880 coetus

1836 2939 1975 2992 quos
2016 2935 2123 2976 tua
2155 2922 2421 2975 machina
2469 2921 2661 2988 objicit
2724 2919 2921 2988 pietas,
2978 2917 3166 2973 Patres
3193 2919 3413 2972 Patrum

1837 3025 2000 3077 sunt;
2065 3029 2240 3081 neque
2295 3013 2440 3066 enim
2482 3011 2693 3065 inﬁcias
2745 3007 2918 3076 ibitis,
2979 3013 3142 3065 etiam
3202 3009 3414 3065 illorum

1840 3106 1940 3159 hos
1975 3121 2094 3159 esse
2123 3105 2332 3165 Patres.
2365 3119 2506 3172 quos
2550 3120 2648 3158 vos
2710 3119 2810 3174 pro
2866 3104 3121 3158 Patribus
3167 3102 3414 3168 habetis;

1838 3199 2027 3267 quodsi
2058 3198 2112 3252 id
2140 3213 2236 3252 vos
2269 3196 2496 3266 negetis,
2516 3204 2572 3250 at
2601 3195 2674 3249 illi
2699 3207 2849 3251 certe
2873 3209 2983 3251 non
3008 3196 3307 3268 negabunt.

1909 3561 2001 3620 82.
2027 3565 2388 3622 Considerate
2434 3563 2696 3639 inclytum
2734 3564 2990 3640 Vigilium
3026 3580 3081 3624 et
3125 3572 3323 3626 throno
3363 3583 3414 3628 et

1838 3660 2004 3729 gloria
2025 3659 2109 3714 his
2139 3660 2440 3729 aqualem;
2476 3661 2682 3729 quinta
2725 3663 2814 3716 hic
2855 3677 3072 3732 quoque
3101 3665 3307 3732 synodo
3331 3681 3418 3719 as-

1841 3751 2088 3813 sistebat,
2121 3764 2241 3820 qua
2271 3753 2627 3808 acumenicis
2657 3767 2810 3823 aque
2849 3755 3158 3823 sanctisque
3187 3755 3420 3810 decretis

1841 3843 2056 3896 claruit.
2083 3836 2180 3896 Hic
2230 3859 2357 3913 ergo
2395 3847 2547 3913 quasi
2586 3862 2778 3900 norma
2827 3847 3130 3902 rectissima
3174 3849 3420 3918 nihilque

1843 3934 2144 3988 deﬂectens
2170 3935 2335 3989 rectis
2357 3936 2502 3990 illius
2537 3937 2883 4008 dogmatibus
2925 3953 3046 3992 sese
3073 3938 3422 3994 conformans

1845 4035 1959 4081 tum
1989 4027 2043 4080 in
2075 4028 2289 4081 cateris
2325 4043 2594 4083 consonas
2639 4030 2842 4084 emittit
2883 4045 3062 4095 voces,
3121 4039 3233 4086 tum
3264 4047 3420 4088 sanc-

1847 4120 2118 4174 tissimum
2144 4121 2774 4191 consubstantialemque
2802 4121 3067 4194 Spiritum
3091 4126 3282 4194 aquali
3302 4142 3423 4180 cum

1851 4212 2243 4267 vetustioribus
2299 4223 2402 4268 nec
2451 4229 2559 4268 non
2629 4229 2752 4268 cum
2809 4230 2921 4270 sua
2951 4216 3128 4271 atatis
3178 4215 3423 4272 Palribus

1246 4364 1481 4422 νλιιιᾹς
1524 4367 1906 4424 LECTIONES
1942 4370 2034 4462 er
2101 4350 2337 4426 Noras.

226 4500 346 4568 (92)
372 4500 484 4554 Sic.
516 4503 638 4556 cod.
673 4501 836 4556 Palat.
864 4519 986 4555 cum
1011 4502 1096 4554 ed.
1127 4517 1285 4556 conc.
1313 4500 1534 4565 Chalc.;
1570 4501 1743 4555 Vatic.

150 4573 194 4626 I'.
225 4573 337 4625 ‘206
370 4585 385 4622 :
433 4572 522 4641 Ἐξ
576 4573 912 4639 Ἰουδαϊσμού
945 4573 975 4641 ἢ
1011 4573 1067 4641 ἐξ
1119 4571 1500 4640 Ἑλληνισμοῦ.

232 4643 350 4707 (95)
373 4640 458 4694 Cl‘.
486 4658 677 4710 opusc.
702 4651 891 4696 contra
915 4640 1021 4695 vet.
1051 4640 1486 4695 Romaasseclas
1506 4657 1624 4710 cap.
1651 4642 1738 4696 10.

231 4712 350 4781 (tu)
394 4712 646 4774 Allatius,
678 4713 770 4781 qui
807 4714 1020 4780 (contra
1053 4712 1364 4782 Creygthon
1385 4726 1438 4778 p.
1467 4710 1596 4777 ‘2“)
1626 4713 1742 4766 hac
1768 4710 1835 4729 ”‘

149 4784 329 4835 verba
361 4782 452 4852 dat
489 4798 661 4850 usque.
693 4783 758 4835 ad
791 4783 878 4835 illa
913 4801 924 4834 :
958 4783 1079 4834 Τῶν
1103 4783 1218 4848 λογ.
1255 4783 1514 4852 Ματέρων
1542 4785 1743 4852 ἐγγρά-

152 4867 393 4920 φονται,
427 4851 592 4920 legit:
637 4853 1000 4918 Ἐμ6).ἐψατε,
1047 4852 1256 4919 τυφλοί.

231 4920 348 4986 (95)
379 4923 494 4973 t'ol.
532 4937 584 4990 p.
620 4921 724 4974 506
761 4922 952 4989 τυφλοὶ
983 4922 1276 4974 ἀκούσατε.

229 4990 349 5059 (96)
393 4991 773 5044 Occidentales
828 5007 1042 5044 summo
1089 4992 1229 5044 fastu
1283 5001 1633 5060 aspernatum
1689 4998 1745 5044 et

152 5063 290 5112 ωηο
329 5071 676 5129 prosecutum
704 5076 824 5115 esse
858 5061 1111 5115 Photium
1142 5061 1250 5130 jam
1276 5077 1339 5114 ex
1365 5061 1609 5129 epistolis
1628 5063 1746 5123 ejus

151 5133 343 5184 edocti
383 5131 566 5197 plures
614 5132 832 5186 eruditi.
877 5131 1016 5186 inter
1049 5148 1186 5200 quos
1232 5132 1562 5186 Neanderin
1606 5132 1741 5186 llist.

152 5200 286 5272 τιτι,
307 5202 674 5272 9b~ervarunt
695 5200 797 5256 .Cl'.
832 5200 992 5256 Phot.
1019 5201 1179 5272 epist.
1204 5202 1290 5267 84,
1316 5203 1383 5257 ad
1405 5202 1570 5258 Mare.
1595 5218 1744 5256 mon.

240 5271 357 5336 (97)
393 5271 552 5323 Allat.
593 5272 628 5325 l.
663 5288 712 5326 c.
753 5271 1066 5326 Evm‘tiaata.

240 5341 354 5407 (98)
396 5341 568 5394 Codd.
606 5352 659 5396 et
692 5343 851 5396 Allat.
891 5344 964 5395 oi.

237 5411 372 5481 (99),
400 5411 518 5464 Col.
548 5412 992 5481 ἐναρεστοῦντες.

237 5482 320 5548 (1)
363 5480 550 5534 Patres
592 5479 814 5535 Patrum
866 5490 1024 5534 vocat
1075 5480 1301 5536 Photius
1347 5498 1444 5537 eos
1501 5486 1751 5540 doctores

164 5550 420 5625 latinos,
451 5567 588 5619 quos
620 5553 738 5625 ipse
767 5561 966 5625 contra
998 5553 1369 5625 adversarium
1407 5563 1575 5609 testes
1624 5571 1752 5625 pro-

163 5624 299 5678 fert.
343 5619 619 5674 Romanos
644 5619 904 5675 nimirum
938 5621 1220 5689 pontiﬁces
1259 5631 1372 5675 tum
1416 5625 1550 5678 alias
1591 5619 1751 5678 nobi-

1855 4505 1985 4578 rint,
2017 4524 2048 4578 ι
2074 4506 2284 4578 scilicet
2310 4525 2322 4560 :
2356 4505 2503 4572 Quos
2536 4519 2636 4578 ego
2664 4505 2772 4560 cito
2803 4507 3081 4563 Romanos
3113 4510 3420 4578 pontiﬁces,

1840 4575 2003 4649 etiam
2027 4577 2369 4649 Ambrosius,
2399 4575 2735 4649 Ajlgustinus
2763 4586 2819 4649 et
2849 4579 3052 4644 cateri,
3087 4575 3223 4649 quos
3246 4581 3423 4649 jacta-

1849 4646 1916 4699 lis
1942 4646 2219 4706 doctores,
2252 4647 2400 4700 velut
2425 4645 2618 4701 Patres
2648 4645 2948 4702 habebunt.

1918 4716 1994 4790 (f2)
2037 4717 2126 4769 Sic
2155 4717 2325 4790 Palat.
2354 4725 2407 4770 et
2436 4715 2648 4790 (dolum.
2681 4733 2769 4783 ap.
2801 4717 3035 4790 Maium;
3089 4717 3262 4774 Vatic.
3293 4722 3422 4790 Βιρ-

1845 4786 2067 4856 γι).λιον.
2104 4804 2136 4856 ρ
2161 4795 2215 4840 et
2239 4787 2409 4840 altero
2454 4785 2484 4836 λ
2526 4789 2908 4855 suprapositis.
2940 4789 3100 4842 Allat.
3139 4790 3258 4844 loco
3298 4785 3422 4844 mox

1844 4855 2060 4911 citando
2083 4855 2113 4908 :7
2133 4857 2421 4922 Βιγίλ>.ιον.

1922 4927 1998 4997 (5)
2040 4925 2210 4997 Palat.
2245 4936 2300 4979 et
2336 4927 2550 4997 Colum.
2593 4927 3020 4997 οἱκουμενικαῖς.

1922 4995 1996 5065 (4)
2039 4996 2193 5068 Apud
2226 4998 2389 5068 Allat.
2444 5005 2500 5050 et
2524 4996 2642 5051 Col.
2684 4995 2872 5066 p.307
2914 4995 3075 5068 αὕτη.
3115 4997 3283 5054 Palat.
3319 5001 3422 5055 C0-

1849 5066 1982 5118 lum.
2021 5075 2076 5119 et
2114 5065 2230 5118 Vat.
2264 5067 2423 5135 αὕτη.

2034 5135 2246 5207 Colum.
2280 5134 2748 5207 éxldpnpvﬁvemt.

1849 5276 1872 5329 ἐ
1921 5205 1998 5326 (ξ)
2035 5205 2128 5260 Sic
2167 5207 2337 5260 Palat.
2372 5203 2430 5261 et
2453 5203 2698 5271 .Colum.,
2743 5203 2919 5260 Vatic.
2955 5216 3012 5261 et
3043 5207 3204 5263 Allal.
3239 5211 3424 5282 ἀπαρ-

1879 5293 1950 5329 γκ
1987 5293 2117 5329 ιτοε.

1879 5293 2117 5344 γκΑιτος.

1925 5347 2002 5428 (7)
2042 5345 2333 5427 ﬂuensque
2370 5345 2734 5428 textush'ujus
2765 5347 3175 5428 cap.nallegatnr
3204 5367 3234 5403 a
3266 5350 3421 5428 Maio,

1851 5416 1942 5487 qui
1969 5416 2110 5470 hanc
2139 5417 2447 5471 versionem
2495 5416 2727 5487 subjecit
2762 5432 2774 5469 :
2816 5435 2834 5466 ι
2875 5416 3228 5474 Considerate
3261 5416 3423 5476 etiam

1853 5486 2007 5560 sedis
2045 5501 2443 5560 successorem,
2477 5503 2587 5540 non
2623 5486 2832 5560 minore
2874 5488 3041 5557 gloria
3090 5491 3423 5560 fulgentem,

1854 5556 2130 5630 Vigilinm,
2167 5557 2267 5630 qui
2303 5565 2358 5609 et
2396 5557 2511 5624 ipse
2547 5557 2754 5630 synodo
2801 5556 3006 5630 quinta
3039 5556 3270 5630 praefuit.
3305 5579 3426 5628 qtla

1855 5626 2212 5682 acumenicis
2247 5642 2403 5691 aque
2429 5628 2743 5694 sanctisque
2792 5626 3053 5684 decretis
3076 5631 3290 5684 claruit.
3325 5626 3428 5682 illo

161 5691 402 5764 lissimis
457 5690 628 5744 titulis
659 5707 690 5744 a
716 5705 784 5764 se
818 5701 1111 5764 eaornatos
1151 5701 1264 5764 tum
1319 5693 1427 5764 hic,
1459 5694 1754 5764 magisterii

161 5760 403 5830 summi,
447 5761 798 5830 pnerogativa
856 5761 1162 5830 insignitos.
1219 5763 1467 5817 Notanda
1534 5760 1753 5818 verba:

169 5849 192 5880 ι
247 5829 408 5894 Quod
426 5845 556 5884 vero
580 5829 744 5886 etiam
767 5829 987 5893 eorum,
1007 5846 1144 5899 quos
1174 5848 1271 5886 vos
1297 5833 1508 5888 habetis
1547 5835 1753 5898 Patres,

162 5899 208 5951 ii
260 5900 453 5971 Patres
483 5901 773 5966 exsistant,
811 5917 917 5971 non
972 5900 1128 5954 facile
1182 5904 1544 5971 negaveritis;
1595 5914 1650 5958 et
1709 5906 1754 5957 si

173 5981 284 6022 vos
322 5970 543 6040 quidem
578 5972 810 6042 negatis,
855 5969 1000 6026 haud
1027 5979 1212 6026 tamen
1266 5974 1340 6028 illi
1381 5975 1484 6043 ipsi
1523 5969 1754 6046 negave-

1855 5714 1956 5751 ceu
2001 5699 2184 5765 regula
2214 5697 2562 5767 inculpabilis
2594 5697 2758 5751 rectis
2773 5697 2894 5766 ejus
2923 5701 3114 5770 synodi
3137 5701 3428 5754 sententiis

1855 5783 2183 5822 consonans.
2236 5787 2253 5817 ι

1928 5839 2004 5904 (8)
2047 5837 2296 5900 l’hotius,
2343 5838 2500 5907 epist.
2549 5838 2572 5890 Ι
2613 5837 2680 5891 ad
2723 5835 2885 5892 Mich.
2932 5855 2988 5892 n.
3028 5839 3113 5901 15,
3161 5856 3214 5907 p.
3250 5838 3304 5891 Η
3361 5837 3431 5893 de

1858 5905 2270 5980 Vigiliodieit:
2319 5905 2621 5980 Ἐπεκύρου
2656 5907 2754 5978 τὴν
2802 5909 2987 5980 κοινὴν
3032 5907 3140 5963 τῶν
3165 5905 3430 5980 Ιιατέρων

1857 5977 2043 6030 πίστιν
2072 5976 2324 6049 λιϐἐὶλῳ.
