4002 6434
561 488 667 550 367

1734 490 1989 553 ΡῙΙΟΤΙΙ
2034 491 2533 548 PA'l'lUAliCﬂA‘;
2570 497 2676 551 Cl’.

3714 492 3807 553 368

563 600 834 671 similique
862 601 979 657 zelo
1004 617 1072 656 ex
1117 600 1273 656 Patre
1292 603 1586 670 procedere
1617 603 1949 666 enuntiavit,
1982 602 2109 654 illos

2237 598 2403 652 αὐτοῦ
2440 601 2667 665 καὶτοῖς
2697 604 2793 655 σὺν
2824 601 2970 672 αὐτῷ
2996 602 3277 672 Πατρὰσιν
3308 602 3365 654 ὲν
3388 602 3489 672 ἴσῳ
3527 604 3624 656 καὶ
3648 605 3808 675 ὁμοίῳ

562 707 685 761 que,
720 692 815 761 qui
842 692 1119 762 quidpiam
1145 694 1288 747 aliud
1314 694 1368 745 in
1400 692 1610 747 ratione
1649 691 1915 762 dogmatis
1945 701 2109 760 praete

2240 688 2389 760 ζήλῳ
2426 694 2490 745 ὲκ
2509 694 2604 747 τοῦ
2636 696 2849 765 Πατρὸς
2901 697 3241 767 ἁνεκήρυξεν
3291 696 3693 765 ἐκπορεύεσθαι
3720 702 3808 753 καὶ

564 781 879 836 unanimem
914 790 968 835 et
993 796 1339 837 communem
1372 780 1777 836 Catholicorum
1808 779 1968 834 ﬁdem
2008 795 2109 850 pro

2238 780 2363 842 τοὺς
2394 780 2447 831 εἴ
2470 796 2522 832 τι
2563 781 2691 835 ἄλλο
2729 782 2870 834 κατὰ
2893 782 3048 849 λόγον
3079 782 3348 849 δόγματος
3379 782 3529 852 παρὰ
3553 782 3654 853 τὴν
3682 784 3811 853 ὀμόο

561 878 759 929 ducere
796 873 1081 937 auderent,
1114 872 1292 928 eidem
1344 873 1707 928 anathematis
1741 872 1963 929 vinculo
2002 872 2136 926 sub-

559 962 708 1035 iecit.

630 1144 719 1199 83.
747 1142 945 1197 Videas
962 1156 1092 1196 vero
1114 1144 1320 1195 bonum
1366 1157 1584 1211 quoque
1622 1142 1963 1211 probumque
1993 1141 2134 1212 Aga-

560 1239 781 1292 thonem
804 1239 997 1294 iisdem
1027 1250 1175 1295 recte
1206 1240 1366 1295 factis
1382 1240 1705 1311 gloriantem
1727 1258 1742 1307 ;
1762 1255 1886 1293 nam
1914 1248 1969 1294 et
2014 1240 2131 1308 ipse

554 1336 763 1382 sextam
823 1330 1115 1401 synodum,
1166 1346 1290 1400 quae
1350 1331 1541 1385 itidem
1577 1331 1719 1386 inter
1762 1330 2131 1385 meumenieas

554 1422 773 1487 emicat,
807 1437 1047 1491 praesens
1086 1439 1199 1477 non
1222 1438 1453 1493 corpore
1495 1422 1592 1477 sed
1649 1423 1832 1478 animo
1869 1422 2129 1491 omnique

556 1512 737 1567 studio
783 1529 880 1583 per
919 1529 1046 1568 suos
1075 1512 1281 1583 legatos
1316 1514 1735 1569 concelebrabat
1761 1524 1815 1567 et
1840 1514 2129 1568 collustra-

554 1604 680 1670 bat;
738 1605 860 1659 ideo
906 1615 962 1661 et
1002 1605 1307 1676 symbolum
1360 1607 1587 1661 sincerae
1635 1614 1836 1661 nostra:
1871 1620 2127 1675 puraeque

554 1694 679 1749 ﬁdei
697 1695 817 1750 sine
848 1694 955 1750 ulla
986 1696 1285 1751 variatione
1331 1704 1426 1751 aut
1489 1696 1842 1751 innovatione
1898 1697 1965 1751 ad
1996 1713 2127 1751 nor-

551 1800 693 1839 mam
730 1786 1155 1855 praecedentium
1175 1788 1504 1858 synodorum
1529 1787 1873 1841 conservavit
1896 1786 2125 1855 illosque

550 1875 640 1943 qui
670 1877 874 1945 aliquid
906 1893 1117 1942 eorum,
1152 1894 1272 1947 qua:
1309 1878 1382 1932 ibi
1424 1878 1765 1943 saneiuntur,
1800 1880 1910 1933 imo
1942 1878 2124 1948 potius

2238 869 2420 940 ψηφον
2449 872 2532 943 (9)
2556 872 2652 927 καὶ
2678 874 2863 943 κοινὴν
2893 875 3002 927 τῶν
3031 873 3400 927 εὐσεὸούντων
3460 874 3649 927 πίστιν
3684 890 3812 946 προ-

2237 962 2390 1028 άγειν
2422 962 2754 1035 ἕλοιντομθ)
2787 966 2899 1028 τοῖς
2933 964 3069 1027 Ecce;
3100 963 3319 1035 δεσμοῖς
3349 965 3443 1019 τοῦ
3474 965 3811 1037 ἀναθεματος

2237 1051 2556 1123 ὑπηγάγετο
2579 1052 2714 1124 (11).

2307 1149 2417 1212 πγ’.
2444 1143 2582 1217 [ιθ’.]
2616 1146 2775 1210 ’Ἱδοις
2822 1146 2867 1199 δ’
2898 1146 2967 1199 ἂν
3018 1146 3110 1199 καὶ
3142 1147 3233 1203 τὸν
3264 1147 3431 1201 καλὸν
3476 1147 3572 1201 καὶ
3615 1148 3811 1217 ἀγαθὶν

2247 1234 2532 1301 Ἀγάθωνα
2552 1238 2666 1297 τοῖς
2691 1236 2876 1298 αὐτοῖς
2903 1235 3359 1307 ἀνδραγαθήμασι
3384 1236 3809 1306 σεμνυνόμενον·

2232 1326 2329 1377 καὶ
2360 1325 2470 1394 γὰρ
2508 1326 2671 1389 αὐτὸς
2702 1327 2815 1395 (12)
2855 1325 2969 1398 [87]
2999 1327 3099 1398 τὴν
3144 1330 3313 1391 ἕκτην
3361 1327 3580 1382 σύνοδον
3610 1329 3810 1397 (οίκοοα

2234 1416 2443 1486 μενικῷ
2480 1416 2537 1470 δὲ
2570 1419 2665 1471 καὶ
2698 1419 2838 1488 αὑτὴ
2874 1417 3169 1487 διαλάμπει
3222 1419 3542 1492 ἀξιώματι),
3594 1420 3805 1491 παρὼν,

2230 1511 2279 1561 εί
2312 1512 2405 1563 καὶ
2440 1511 2513 1580 μὴ
2543 1509 2778 1579 σώματι,
2818 1512 3011 1583 γνώμῃ
3044 1512 3100 1564 δὲ
3146 1512 3239 1565 καὶ
3278 1513 3427 1583 πάσῃ
3465 1513 3691 1583 σπουδῇ,
3722 1513 3808 1566 διὰ

2226 1598 2337 1651 τῶν
2368 1598 2537 1651 αὑτοῦ
2574 1602 2967 1671 τοποτηρητῶν
3013 1602 3335 1671 συνεκρότει
3376 1619 3435 1655 τε
3472 1588 3679 1673 ταῖὶτην
3714 1604 3806 1656 καὶ

2227 1689 2559 1758 κατηγλιϊίζε
2593 1691 2705 1762 (15)
2725 1707 2738 1721 ⁸
2763 1692 2843 1744 διὸ
2868 1692 2925 1745 τό
2956 1710 3014 1745 τε
3044 1691 3312 1761 σύμϐολον
3345 1692 3448 1761 τῆς
3478 1692 3812 1763 εἰλικρινοῦς

2226 1780 2386 1850 ἡμῶν
2420 1782 2512 1834 καὶ
2548 1782 2797 1854 καθαρᾶς
2825 1783 3061 1846 πίστεως
3093 1783 3516 1854 ἀπαράλλακτον
3539 1784 3636 1837 καὶ
3666 1784 3809 1838 κατὰ

2225 1872 2321 1934 τὰς
2338 1872 2722 1943 προλαϐούσας
2746 1874 2996 1937 συνόδους
3017 1874 3449 1946 ἀκαινοτόμητον
3468 1876 3803 1945 συνετήρησε

550 1966 617 2019 ab
646 1965 802 2021 initio
821 1967 1027 2020 sancita
1045 1975 1221 2033 erant,
1247 1968 1483 2022 audeant
1518 1982 1823 2033 removere,
1863 1967 1931 2021 ad
1979 1966 2109 2021 diras

2227 1963 2319 2014 καὶ
2352 1964 2479 2026 τοὺς
2524 1967 2850 2034 παρακινεῖν
2879 1982 2931 2019 τι
2965 1965 3073 2018 τῶν
3118 1968 3218 2018 ὅσα
3251 1965 3568 2036 δογματίζει
3600 1965 3801 2037 θρασυ-

550 2057 783 2127 :equales
804 2057 1135 2113 conﬁrmans
1176 2067 1230 2111 et
1254 2058 1547 2129 obsignans
1576 2059 1772 2129 rejicit.
1861 2071 1864 2073 λ

616 2237 705 2318 8έ.
732 2235 1014 2304 Quomodo
1041 2245 1226 2291 autem
1249 2236 1470 2291 silentio
1492 2244 1815 2305 praeteream
1846 2234 2123 2291 Romanos

549 2328 833 2397 pontiﬁces
863 2328 1179 2399 Gregorium
1230 2338 1286 2383 et
1333 2327 1673 2393 Zachariam,
1720 2326 1868 2382 viros
1928 2326 2019 2397 qui
2065 2335 2121 2381 et

548 2420 744 2473 virtute
763 2419 1077 2473 claruerunt
1101 2428 1155 2473 et
1181 2419 1378 2473 divinae
1408 2418 1689 2488 sapientia:
1703 2418 1965 2474 doctrinis
1994 2436 2117 2491 gre-

544 2526 661 2579 gem
684 2526 842 2564 suum
868 2518 1157 2575 auxerunt,
1178 2511 1285 2565 imo
1317 2519 1373 2565 et
1410 2512 1796 2565 miraculorum
1820 2511 1979 2567 don-is
2035 2512 2119 2566 ef-

546 2600 855 2654 fulserunt?
884 2600 1094 2655 Etenim
1135 2600 1264 2654 licet
1319 2611 1515 2656 neuter
1573 2618 1762 2656 eorum
1799 2602 1856 2656 in
1916 2604 2119 2674 synodo

541 2691 881 2745 mcumcnica
913 2690 1243 2754 consideret,
1264 2699 1501 2744 attamen
1526 2692 1703 2760 palam
1741 2701 1798 2746 et
1816 2692 2120 2747 luculenter

540 2781 606 2833 ad
637 2779 995 2833 imitationem
1030 2780 1243 2832 illorum
1284 2778 1691 2833 sanetissimum
1746 2780 2009 2849 Spiritum
2051 2797 2113 2835 ex

544 2870 701 2924 Patre
737 2870 1031 2939 procedere
1078 2869 1407 2924 docuerunt.
1447 2870 1509 2923 Et
1570 2869 1864 2942 Gregorius
1898 2872 2115 2940 quidem

542 2978 649 3014 non
680 2961 849 3016 multo
888 2969 1009 3031 post
1040 2971 1247 3015 sextam
1271 2961 1535 3032 synodum
1572 2960 1779 3026 floruit,
1826 2962 2116 3017 Zacharias

543 3067 673 3106 vero
712 3060 931 3106 centum
964 3051 1243 3122 sexaginta
1292 3052 1531 3121 quinque
1575 3061 1697 3123 post
1730 3054 1915 3119 annis;
1952 3054 2115 3124 hique

550 3144 808 3211 traditum
842 3159 873 3197 a
909 3144 1139 3199 Domino
1181 3143 1541 3214 Patribusque
1589 3145 1781 3215 dogma
1818 3146 1874 3199 in
1931 3147 2113 3201 animo

2225 2054 2525 2125 νομένους,
2576 2056 2776 2124 μᾶλλον
2826 2056 2933 2110 τῶν
2989 2055 3050 2121 ἐξ
3096 2057 3272 2127 ἀρχῆς
3306 2056 3805 2127 δογματισθέντων,

2224 2143 2638 2214 ὲπισφραγίζων
2665 2144 2775 2215 (14)
2806 2147 2886 2209 είς
2911 2147 3008 2208 τὰς
3043 2145 3163 2210 ἴσας
3192 2146 3332 2217 ἀρὰς
3365 2145 3720 2218 ἀπορρίπτει.

2297 2236 2403 2288 πδ¹.
2442 2233 2561 2306 [κ’.]
2598 2234 2719 2297 Πῶς
2751 2235 2796 2288 δ’
2828 2235 2893 2289 ἂν
2923 2235 3257 2306 παρέλθοιμι
3293 2238 3418 2305 σιγῇ
3446 2237 3575 2298 τοὺς
3610 2238 3799 2307 ἀρχιε-

2225 2326 2353 2396 ρέας
2395 2325 2641 2396 Ῥώμης,
2680 2325 2979 2399 Γρηγόριόν
3025 2344 3085 2380 τε
3121 2328 3215 2380 καὶ
3248 2326 3559 2398 Ζαχαρίαν,
3598 2326 3805 2398 ἄνδρας

2220 2418 2389 2488 ἀρετῇ
2425 2417 2838 2489 διαπρέψαντας
2879 2420 2973 2471 καὶ
3021 2419 3392 2482 διδασκαλίαις
3424 2419 3705 2487 θεοσόφοις
3740 2419 3799 2470 τὸ

2221 2507 2474 2578 ποίμνιον
2518 2510 2984 2578 συναυξήσαντας,
3011 2510 3100 2573 ναὶ
3128 2510 3192 2580 δὴ
3236 2511 3331 2563 καὶ
3360 2509 3656 2579 θαυμάτων
3703 2527 3797 2579 χα-

2221 2600 2453 2669 ρίσμασι
2484 2600 2899 2671 διαλάμψαντας
2928 2603 3038 2672 (15)
3065 2618 3078 2668 ;
3113 2604 3222 2655 Kal.
3245 2604 3354 2671 γὰρ
3386 2601 3592 2655 τούτων
3621 2602 3672 2655 εί
3705 2604 3799 2655 καὶ

2222 2691 2517 2763 μηδέτερος
2564 2694 2963 2762 οίκουμενικοίς
2995 2693 3306 2763 προνομίοις
3345 2693 3632 2766 ἀνηγμένη
3674 2711 3795 2747 συνι-

2220 2781 2436 2853 εδρίασε
2467 2784 2689 2853 συνόδῳ,
2720 2783 2834 2836 ἀλλ’
2856 2780 2949 2836 οὖν
2965 2783 3234 2853 λαμπρῶς
3263 2801 3320 2835 τε
3351 2785 3446 2835 καὶ
3480 2784 3793 2854 περιφανῶς

2217 2872 2358 2924 κατὰ
2388 2872 2623 2941 μίμησιν
2665 2874 2889 2925 ἐκείνων
2926 2873 2987 2926 τὸ
3033 2873 3301 2939 πανὰγιον
3332 2872 3558 2942 Πνεῦμα
3602 2874 3668 2925 ἐκ
3701 2872 3791 2923 τοῦ

2217 2959 2431 3029 Πατρός
2462 2958 2772 3028 θεολογοῦσι
2813 2962 3235 3031 ἐκπορεύεσθαι.
3284 2962 3341 3015 '0
3384 2961 3485 3033 μὲν
3529 2961 3669 3031 μετὰ
3700 2960 3794 3031 τὴν

2215 3049 2383 3119 ἕκτην
2417 3050 2528 3120 (16)
2582 3052 2642 3103 οὐ
2696 3051 2892 3105 πολλοῦ
2926 3053 3147 3123 ῥυέντος
3178 3053 3499 3121 ὲνακμάσας
3544 3054 3740 3122 χρόνου
3767 3053 3793 3103 ὁ

2216 3142 2360 3203 θεῖος
2408 3143 2746 3214 Γρηγόριος·
2799 3146 3077 3214 Ζαχαρίας
3113 3146 3169 3198 δὲ
3218 3147 3247 3198 ὁ
3294 3146 3586 3210 θεσπέσιος
3634 3147 3796 3197 πέντε

543 3245 799 3306 tanquam
856 3236 912 3290 in
964 3251 1103 3306 puro
1151 3239 1582 3307 intemeratoque
1638 3238 1879 3292 thalamo
1923 3248 2108 3293 custo-

2217 3233 2309 3285 κα)⁵
2338 3234 2604 3303 ἑξήκοντα
2650 3235 2746 3287 καὶ
2774 3236 2965 3289 ἑκατὸν
3004 3235 3231 3306 ὕστερον
3260 3236 3441 3289 ἐτεσιν
3473 3237 3617 3307 (Π)-
3650 3236 3701 3289 ei
3736 3237 3795 3288 τὸ

539 3329 751 3383 dientes
778 3328 903 3383 inde
920 3328 1049 3383 illud
1076 3328 1344 3399 integrum
1364 3337 1529 3398 atque
1552 3330 1954 3399 incorruptum,
1974 3331 2109 3385 alter

2217 3326 2541 3379 Δεσποτικδν
2590 3322 2685 3380 καὶ
2716 3327 2987 3398 πατρικὸν
3026 3327 3202 3395 δόγμα
3244 3325 3359 3397 [88]
3386 3327 3481 3379 κα)⁸
3527 3328 3797 3397 κήρυγμα.

540 3420 725 3475 Latina
746 3422 950 3491 lingua,
987 3420 1123 3475 alter
1150 3435 1404 3475 sermone
1427 3422 1616 3476 Graeco
1646 3421 1900 3478 ﬁdelibus
1933 3439 2109 3494 popu-

538 3511 600 3564 lis
627 3511 967 3576 exhihentes,
997 3509 1214 3565 Christo
1257 3526 1387 3565 vero
1410 3511 1522 3566 Deo
1555 3520 1609 3566 et
1655 3520 1965 3567 nostrarum
1995 3514 2112 3567 ani-

538 3616 746 3654 marum
778 3617 980 3670 sponso
1009 3617 1104 3670 per
1128 3602 1275 3669 pium
1313 3602 1519 3657 cultum
1574 3618 1793 3675 gregem
1830 3620 1988 3658 suum
2018 3620 2111 3659 co»

534 3692 811 3761 pularunt.
842 3691 1065 3756 Verum,
1096 3700 1158 3747 ut
1183 3693 1295 3764 jam
1330 3693 1463 3760 dixi,
1514 3694 1603 3748 hic
1626 3695 1844 3764 sapiens
1897 3696 2106 3751 Zacha-

535 3783 641 3836 rias
686 3792 799 3837 tum
832 3783 934 3837 alia
979 3797 1131 3838 sacra
1186 3784 1388 3854 scripta
1433 3784 1607 3839 sancti
1648 3785 1919 3856 Gregorii,
1986 3796 2107 3847 tum

534 3872 852 3928 utilissimas
877 3873 996 3928 illas
1033 3873 1093 3928 in
1126 3875 1347 3929 modum
1382 3875 1578 3946 diaIOgi
1608 3875 1964 3931 concinnatas
1982 3893 2103 3930 ora-

2208 3418 2283 3482 ὡς
2314 3422 2372 3471 ἐν
2407 3420 2659 3489 ἀχράντῳ
2697 3423 2763 3491 τῇ
2811 3420 2956 3491 ψυχῇ
2996 3421 3093 3474 καὶ
3136 3420 3353 3491 καθαρᾷ
3389 3419 3795 3490 θαλαμεύοντες

2209 3510 2443 3562 παστάδι
2466 3512 2676 3565 ἐκεῖθεν
2702 3514 3001 3583 ἀκήρατον,
3021 3512 3048 3562 ὁ
3071 3513 3169 3582 μὲν
3185 3515 3250 3582 τῇ
3276 3512 3528 3565 Λατινίδι
3544 3511 3798 3584 γλώσσῃ,

2208 3598 2320 3650 όδὲ
2347 3600 2413 3668 τῇ
2473 3599 2685 3653 Ἐλλάδι
2733 3601 2961 3672 φράσει,
2988 3601 3209 3671 Χριστῷ
3258 3600 3335 3671 τῷ
3383 3602 3626 3673 ἀληθινῷ
3676 3604 3793 3673 Θεῴ

2219 3693 2315 3745 καὶ
2354 3692 2576 3763 νυμφίῳ
2601 3694 2707 3745 τῶν
2739 3695 2926 3765 ψυχῶν
2958 3694 3117 3764 ἡμῶν
3143 3694 3231 3747 διὰ
3263 3696 3361 3758 τῆς
3393 3695 3658 3760 εὐσεϐοῦς
3680 3697 3799 3765 (18)

2219 3783 2477 3856 λατρείας
2526 3785 2586 3838 τὸ
2626 3785 2876 3856 ποίμνιον
2929 3787 3362 3857 συνηρμόσαντο.
3408 3787 3554 3840 ’Ἀλλ’
3600 3788 3801 3857 ὥσπερ

2211 3871 2386 3942 εἶπον,
2417 3872 2568 3939 οὗτος
2587 3877 2624 3928 ὸν
2643 3878 2803 3947 σοφὸς
2823 3878 3096 3948 Ζαχαρίας
3120 3878 3382 3948 (19).ἄλλα
3405 3897 3465 3931 τε
3495 3880 3603 3932 τῶν
3630 3881 3795 3949 ἱερῶν

1736 4029 1969 4085 νΑιιιΕ
1998 4031 2378 4101 LECTIUNES
2411 4032 2496 4086 E'l‘
2528 4032 2760 4087 NOTAE.

609 4170 679 4242 σθ)
734 4170 904 4242 Vatic.
967 4172 1285 4242 6p6¢ucpov3
1352 4180 1497 4223 recte
1556 4169 1717 4222 Allat.
1788 4180 1846 4224 ut
1900 4187 2095 4242 supra;

529 4241 808 4311 ὁμόψυφςιν
841 4240 973 4311 fort.
1003 4240 1109 4311 pro
1136 4240 1427 4311 όμόψυχον.

603 4308 921 4379 (1⁷0)ῬαΙειι.
957 4308 1133 4364 1ξὲιὸ
1164 4308 1224 4364 1).
1256 4308 1526 4379 προάγειν
1559 4308 1848 4364 ὲθέλοιντο.

601 4377 647 4449 (1
669 4382 714 4450 1)
751 4379 929 4450 Gaput
960 4379 1232 4450 integrum
1268 4377 1380 4450 jam
1406 4378 1635 4433 Allatius
1661 4388 1848 4450 contra
1875 4377 2092 4435 Hottin-

528 4447 623 4520 ger
654 4447 707 4519 p.
740 4448 851 4504 269.
894 4447 1121 4520 adduxit
1155 4466 1167 4503 :
1214 4467 1231 4499 ι
1280 4447 1499 4520 versate
1551 4459 1733 4520 mente
1759 4447 1920 4520 hisce
1951 4451 2092 4520 _s_ede

529 4516 844 4590 comparem
863 4528 919 4572 et
947 4519 1114 4590 gloria
1147 4518 1438 4590 aequalem,
1462 4516 1920 4590 laudeinclytum
1951 4518 2093 4590 Vigi-

530 4588 684 4651 lium,
757 4588 847 4656 qui
905 4587 1109 4656 quintae
1170 4588 1377 4657 synodo
1431 4587 1676 4657 interfuit
1735 4587 2092 4642 meumeniéis

527 4659 839 4738 sanctisque
906 4656 1510 4738 calculiseelehratm.’
1546 4656 1643 4711 Hie
1687 4656 1875 4738 itaque
1926 4659 2090 4713 veluti

527 4727 712 4796 regula
745 4728 1068 4780 inconcussa
1112 4735 1276 4796 atque
1329 4727 1548 4781 immota
1588 4726 1752 4780 rectis
1791 4726 1937 4781 illius
1971 4743 2092 4783 sese

526 4800 790 4865 adaptatis
825 4796 1192 4864 dogmatibus,
1213 4796 1332 4849 aliis
1354 4796 1653 4851 concordes
1683 4796 1883 4865 emittit
1902 4812 2087 4859 voces.

526 4875 582 4919 et
616 4864 1017 4919 sanctissinuuu
1050 4874 1103 4919 et
1134 4866 1654 4921 consubstantialem
1680 4864 1945 4933 Spiritum
1983 4883 2089 4921 una
2120 4898 2131 4907 -

524 4935 688 4988 simul
717 4952 840 4988 cum
892 4935 1159 4999 Patribus,
1181 4936 1272 5003 qui
1307 4946 1432 4989 ante
1457 4951 1582 4989 eum
1619 4945 1675 4989 et
1721 4950 1843 4988 eum
1876 4951 1942 4989 eo
1970 4936 2090 4991 fue-

525 5013 676 5074 runt,
709 5004 871 5059 simili
906 5004 1132 5074 parique
1160 5006 1277 5059 zelo
1301 5012 1355 5058 et
1376 5007 1556 5060 studio
1590 5021 1655 5059 ex
1697 5004 1857 5058 Patre
1900 5021 2090 5073 proce-

422 5122 429 5129 .
524 5073 655 5127 dere
689 5074 1019 5144 praedicavit,
1051 5073 1113 5128 et
1160 5090 1255 5129 eos
1282 5075 1372 5143 qui
1406 5076 1643 5129 alienum
1686 5087 1733 5144 la
1765 5073 1870 5127 ﬁde
1896 5074 2088 5144 dogma

525 5151 676 5214 extra
711 5143 1023 5197 unanimem
1065 5142 1533 5214 universalemque
1577 5142 1818 5214 ﬁdelium
1849 5142 2095 5199 men—tem.

544 5213 804 5268 iublicare
837 5224 1250 5282 praesumerent,
1282 5213 1474 5269 iisdem
1504 5213 1870 5268 anathematis
1896 5214 2089 5268 vincu-

547 5282 594 5335 is
623 5283 896 5337 submisit.
938 5303 956 5335 ι

595 5351 706 5419 (ιε)
746 5352 816 5424 ις.
848 5355 954 5424 γὰρ
982 5355 1077 5407 καὶ
1097 5353 1260 5424 αὐτός
1290 5352 1453 5408 habet
1478 5351 1731 5407 Column.

591 5424 711 5493 (15)
746 5421 934 5477 Maius
968 5423 1122 5494 praef.
1165 5423 1257 5494 cit.
1312 5438 1367 5493 p.
1415 5438 1588 5494 sxw,
1621 5440 1761 5477 xxv:
1793 5440 1812 5473 ι
1873 5421 2086 5477 Videsis

522 5491 692 5546 etiam
717 5491 1033 5563 praeclarum
1085 5491 1446 5561 Agathonem,
1480 5492 1699 5560 paribus
1733 5502 1879 5546 recte
1920 5494 2086 5563 gestis

522 5564 820 5626 celebrem;
849 5579 973 5618 nam
1014 5576 1070 5617 et
1102 5564 1190 5616 hic
1220 5571 1424 5615 sextam
1452 5563 1741 5631 synodum,
1781 5578 1901 5630 quia
1931 5579 2082 5617 tecu-

521 5633 735 5687 mcnico
756 5649 909 5703 aeque
943 5634 1153 5687 honore
1187 5631 1374 5703 fulget,
1406 5636 1639 5703 etsilnon
1674 5647 1902 5701 corpore
1940 5649 2080 5702 pne-

521 5716 668 5765 sens,
708 5701 889 5757 mente
913 5712 1097 5756 tamen
1122 5701 1381 5772 omnique
1404 5702 1584 5757 studio
1607 5717 1702 5772 per
1727 5717 1856 5757 suos
1877 5701 2083 5772 legatos

519 5774 870 5841 congregavit
891 5788 954 5827 ac
980 5770 1278 5826 decoravit.
1318 5789 1337 5823 ι

589 5837 701 5907 (1⁷1)
727 5837 901 5897 Palat.
936 5844 977 5896 f.
1007 5842 1112 5895 215
1143 5842 1199 5895 b.
1224 5837 1633 5911 ἐπισφραγίζει.
1668 5842 1781 5899 Col.
1809 5844 2078 5914 ὲπισερρα-

512 5909 707 5977 γίζειν.

2280 4172 2394 4241 (15)
2421 4171 2545 4227 llaec
2573 4172 2767 4226 iisdem
2802 4173 2982 4227 verbis
3005 4189 3035 4227 a
3057 4171 3221 4227 Card.
3256 4170 3396 4226 Maio
3429 4172 3466 4225 1.
3501 4187 3551 4227 c.
3577 4188 3787 4241 p.xxv,

2202 4242 2507 4313 allegarntur
2538 4258 2569 4313 :_
2603 4260 2621 4292 ι
2691 4241 2801 4313 Gur
2829 4253 3013 4296 autem
3056 4243 3275 4296 silentio
3306 4257 3553 4313 premam
3597 4243 3791 4301 Roma

2201 4310 2507 4381 pontiﬁces,
2531 4310 2850 4382 Gregorium
2865 4324 2919 4365 et
2948 4313 3285 4373 Zachariam.
3308 4310 3563 4367 homines
3584 4315 3653 4368 vi:
3668 4324 3789 4370 tute

2201 4382 2496 4455 fulgentes.
2523 4381 2613 4450 qui
2643 4381 2908 4436 doctrinis
2938 4383 3122 4455 divina
3142 4382 3424 4455 sapientia
3459 4382 3640 4451 plenis
3659 4402 3790 4455 gro-

2198 4466 2319 4523 gem
2362 4451 2816 4523 informaverunt,
2841 4462 2897 4505 et
2928 4452 3313 4523 miraculorum
3346 4468 3568 4520 quoque
3606 4451 3787 4523 gratia

2198 4519 2556 4591 claruerunt?
2599 4539 2617 4571 ι
2664 4519 2749 4574 Cf.
2794 4536 2916 4575 cum
2979 4521 3083 4575 hoc
3145 4537 3273 4591 cap.
3333 4519 3541 4591 opusc.
3589 4519 3791 4581 contra

2200 4590 2440 4660 senioris,
2460 4590 2644 4660 Roma;
2662 4591 2919 4660 asseclas,
2950 4606 3070 4660 cap.
3098 4590 3185 4644 11.

2128 4632 2171 4686 ο
2199 4632 3156 4731 illis)""SQBZ'EFéEiwéiééoﬁ'uIn;
3172 4632 3185 4643 ’
3203 4658 3267 4731 u,
3304 4676 3478 4731 quem
3506 4670 3563 4716 et
3598 4662 3787 4731 ipsum

2199 4728 2479 4800 Dialogum
2532 4736 2749 4800 vocant,
2804 4728 2965 4783 cum'
2998 4730 3259 4798 Gregorio
3303 4729 3322 4782 1
3392 4728 3786 4800 confundunt;

2198 4797 2491 4871 Gregorius
2528 4798 2597 4871 lli.
2649 4808 2776 4852 ante
2807 4797 3128 4853 concilium’
3150 4816 3202 4854 vt
3236 4799 3436 4863 ﬁoruit,
3484 4810 3609 4871 post
3639 4797 3784 4857 illud

2197 4866 2490 4935 Gregorius
2526 4867 2590 4921 ll.

2271 4936 2382 5007 (Π)
2420 4937 2636 4991 Verba:
2679 4936 2736 4990 Ὀ
2769 4939 2866 5005 μὲν
2918 4938 3057 5007 μετὰ
3088 4970 3157 4980 -
3202 4938 3399 5001 ἐτεσιν,
3461 4940 3662 5005 pariter
3706 4959 3786 4997 ex

2197 5007 2320 5079 cod.
2352 5006 2565 5060 Colum.
2608 5006 2973 5079 exscripserat
3016 5008 3139 5079 Em,
3188 5008 3542 5079 Amphiloch.
3592 5011 3786 5066 editor

2196 5084 2251 5128 et
2302 5076 2376 5128 ita
2407 5086 2643 5130 verterat
2680 5096 2692 5129 :
2739 5097 2756 5127 ι
2795 5076 2984 5148 ὐὶνυε
3010 5078 3229 5146 quidem
3274 5077 3570 5147 Gregorius
3605 5085 3789 5148 paulo

2196 5154 2319 5213 post
2366 5156 2576 5199 sextam
2644 5149 2909 5215 synodum
2968 5147 3177 5212 ﬂoruit;
3246 5147 3789 5205 admirabilis’vero

2195 5215 2484 5289 Zacharias
2532 5225 2755 5289 centum
2796 5217 3371 5289 sexagintaquinque
3391 5228 3545 5289 ipost
3593 5235 3792 5276 annos

2195 5285 2423 5357 exstitit.
2473 5305 2492 5338 ι
2531 5287 2603 5357 Si
2635 5285 2972 5352 Zachariam,
3008 5288 3099 5357 qui
3136 5285 3224 5340 fab
3253 5285 3302 5341 a.
3343 5285 3438 5340 7U
3494 5304 3662 5357 usque
3702 5294 3785 5345 ad

2193 5370 2245 5427 a.
2291 5354 2394 5407 7.52
2428 5356 2799 5427 pontiﬁcatum
2834 5354 3041 5424 tenuit,
3070 5357 3174 5410 165
3216 5356 3375 5410 annis
3410 5368 3533 5427 post
3578 5354 3790 5413 conci-

2196 5425 2325 5478 lium
2355 5440 2429 5489 vx,
2467 5426 2552 5479 vel
2588 5437 2708 5495 post
2736 5428 3055 5496 Gregorium
3084 5427 3124 5480 11
3160 5427 3358 5490 vixisse
3386 5425 3577 5483 censet
3610 5428 3785 5481 Plio.

2196 5496 2320 5552 tius.
2350 5496 2666 5561 gravissime
2712 5495 2949 5558 fallitur;
2986 5497 3166 5551 minus
3209 5512 3359 5561 vero,
3394 5499 3438 5552 si
3471 5499 3572 5551 165
3601 5502 3792 5555 annis

2193 5574 2314 5633 post
2332 5566 2666 5637 Gregorium
2692 5564 2711 5637 l
2740 5565 3035 5637 (5904501).

2265 5636 2375 5707 (18)
2414 5634 2527 5707 Gul.
2562 5650 2615 5701 p.
2649 5634 2772 5707 3308,
2813 5636 2899 5707 διὰ
2930 5634 3030 5706 τῆς
3070 5638 3425 5707 εὐσεϐούσης.

2265 5701 2374 5775 (19)
2415 5704 2519 5776 Ista
2556 5704 2719 5776 verba
2747 5745 2762 5769 ,
2793 5703 2947 5769 οὗτος
2980 5701 3006 5758 ό
3039 5723 3089 5761 σ.
3118 5701 3178 5761 Ζ.
3203 5738 3271 5750 -
3307 5701 3602 5776 σάλπιγγος
3631 5705 3794 5775 (“re

2190 5773 2411 5848 sapiens
2446 5773 2880 5848 Zachariascum
2921 5777 3026 5830 alia
3053 5778 3233 5848 sancti
3263 5773 3509 5848 Gregorii
3534 5773 3793 5846 scripta,

2192 5853 2305 5916 tum
2334 5846 2498 5916 etiam
2530 5843 2674 5916 utile
2694 5843 2821 5898 illud
2849 5861 2989 5913 opus
3031 5846 3228 5916 dialogi
3262 5843 3434 5900 fornia
3473 5843 3796 5913 praediiqu

2188 5912 2370 5968 Graeca
2426 5914 2550 5965 tuba
2587 5913 2839 5969 universo
2873 5912 2989 5969 orbi
3031 5912 3407 5984 proclamavit)
3449 5912 3540 5972 dat
3588 5916 3803 5975 Maius
