4008 6402
210 350 366 413 373

1342 350 1438 409 DE
1478 350 1539 410 S.
1581 350 2466 416 SPIRLTUS'MYSTAGOGIA.

3425 357 3531 425 375

236 460 322 508 ὲν
360 454 444 525 τῷ
469 453 603 524 Υῑῷ,
637 453 865 518 εἰκότως
887 456 953 508 ἂν
978 455 1190 525 λέγοιτο
1219 458 1280 513 τὸ
1310 460 1534 530 Πνεῦμα
1562 462 1655 515 τοῦ
1684 462 1846 530 Υξοῦ;

1958 465 2175 521 exhibet
2210 465 2342 524 illud
2391 464 2636 537 Apostoli
2674 466 3043 521 testimonium
3067 507 3081 531 ,
3116 465 3378 537 Spiritum
3416 487 3534 531 ma-

267 546 344 597 ’Π
377 548 486 615 γὰρ
516 544 628 617 (40)
661 547 721 600 ὲν
770 545 848 617 τῷ
891 547 1005 619 Υίῷ
1036 547 1130 601 τοῦ
1165 549 1481 620 Πνεύματος
1532 554 1667 623 μονὴ
1704 556 1853 609 αἰτία

244 636 331 689 ἂν
356 639 460 689 οὐκ
487 638 701 709 ἀφανὴς
728 638 812 710 εῐη
838 639 959 692 οὐδὲ
988 641 1073 693 διὰ
1101 640 1222 710 βίας
1252 642 1459 711 ἄγουσα
1492 644 1629 716 πρὸς
1658 646 1850 712 πειθὼ,

248 727 357 782 διὰ
396 729 449 782 τί
476 728 693 800 λέγεται
727 732 788 785 τὸ
819 731 1042 802 Πνεῦμα
1079 734 1174 786 τοῦ
1207 735 1337 787 Υἱοῦ
1376 737 1511 806 (ﬂ)-
1550 740 1699 791 ποῖον
1742 740 1852 809 γὰρ

255 818 568 891 ἐγγύτερον
613 824 643 891 ἡ
672 822 1002 894 ἁποστολικὴ
1032 824 1228 896 χρῆσις
1271 828 1555 898 χαρίζεται
1589 832 1751 896 νοεῖν,
1791 831 1854 884 τὸ

258 911 500 981 Πνεῦμα
552 913 732 983 μένειν
787 915 976 984 ὲντῷ
1020 916 1160 986 Υἱῷ,
1217 918 1248 988 ἢ
1298 920 1694 989 ἐκπορεύεσθαι
1756 923 1849 975 τοῦ

255 1003 437 1068 Υίοῦς
477 1006 676 1075 μᾶλλον
705 1005 763 1058 δὲ
792 1006 888 1059 καὶ
921 1007 1057 1077 αὐτή
1106 1024 1170 1076 γε
1214 1009 1246 1079 ὴ
1285 1009 1571 1080 σύγκρισις
1627 1012 1852 1082 ἀπειρό-

254 1097 460 1151 καλον.
505 1096 577 1149 Τὸ
628 1098 724 1167 μὲν
770 1097 881 1167 γὰρ
927 1099 955 1151 ὅ
986 1115 1045 1150 τε
1072 1098 1166 1151 τοῦ
1198 1100 1381 1152 κοινοῦ
1413 1101 1687 1156 Δεσπότου
1723 1102 1853 1157 σαλ-

261 1187 427 1251 πίζει
457 1189 776 1259 Βαπτιστὴς
820 1189 931 1259 (42)
964 1190 1061 1242 καὶ
1091 1190 1119 1242 ό
1160 1190 1450 1260 προφήτης
1487 1190 1672 1261 ,πάλαι
1717 1208 1853 1262 προ-

258 1276 538 1341 Θεσπίζεὶ.
572 1279 663 1334 δια).
695 1279 856 1342 αὐτὸς
883 1281 912 1333 ὁ
943 1280 1133 1350 Σωτὴρ
1173 1279 1566 1349 ἀναγινώσκων
1590 1281 1650 1334 τὸ
1675 1281 1853 1348 λόγιον

256 1370 701 1436 ιπισφρκγίζειο
757 1372 851 1423 καὶ
895 1369 1163 1441 ταύτηνή
1221 1370 1474 1424 εὐσέϐεια
1520 1370 1620 1441 τὴν
1670 1388 1853 1439 μυστ-

260 1472 531 1526 αγωγιαν
576 1461 784 1513 ἐκεῖθεν
812 1460 1053 1514 λαϐοῦσα
1083 1462 1218 1514 πᾶσι
1270 1464 1482 1524 πιστοῖς
1536 1461 1854 1526 διδάσκαλος

258 1550 560 1618 πρόκειται
581 1570 595 1583 ο
620 1554 685 1606 σὺ
707 1552 764 1605 δὲ
787 1553 893 1605 τῶν
920 1551 1164 1622 ζοφερῶν
1189 1553 1288 1622 τῆς
1311 1552 1630 1616 δυσσεϐείας
1652 1553 1853 1617 ἀναδὺς

260 1643 483 1704 πυλῶν,
527 1644 648 1696 om
673 1643 767 1696 τοῦ
803 1644 1101 1712 δοξολογεῖν
1150 1660 1209 1696 σε
1239 1644 1300 1697 τὸ
1331 1644 1555 1715 Πνεῦμα
1591 1645 1770 1715 μένειν
1793 1647 1851 1697 ὲν

257 1733 351 1803 τῷ
392 1735 506 1806 Υἱῷ
533 1735 628 1787 καὶ
672 1735 764 1788 ἐπὶ
794 1735 885 1789 τὸν
919 1736 1069 1801 Υίὸν,
1115 1735 1406 1806 θεομαχεῖς
1451 1737 1851 1806 ἐκπορεύεσθαι

1957 570 2089 621 nere
2128 555 2181 608 in
2233 553 2402 621 Filio,
2448 572 2517 609 an
2562 557 2856 626 procedere
2887 574 2917 612 a
2957 557 3135 612 Filio?
3170 559 3285 617 lmo
3316 570 3371 616 et
3418 562 3537 616 haec

1956 646 2071 715 ipsa
2093 647 2454 716 comportatio
2476 656 2562 702 est
2582 647 2783 718 inepta.
2814 649 2951 704 illud
2979 650 3122 705 enim
3148 659 3203 706 et
3226 654 3536 709 communis

1957 737 2167 791 Domini
2200 739 2437 808 Baptista
2471 740 2745 806 prredicat,
2778 749 2832 795 et
2858 742 3123 811 propheta
3145 742 3255 811 jam
3277 744 3405 797 olim
3442 761 3534 799 va-

1957 828 2213 884 ticinatus
2238 838 2339 894 est,
2373 839 2427 883 et
2458 829 2689 899 ipsemet
2722 829 2970 887 Salvator
2996 833 3274 888 oraculum
3305 834 3435 889 illud
3456 836 3533 888 le-

1957 934 2089 989 gens
2140 920 2391 991 obsignat
2428 930 2483 975 et
2533 924 2880 992 comprobat;
2929 924 3179 995 hancque
3231 926 3534 982 doctrinam

1956 1008 2198 1063 Ecclesia
2231 1010 2534 1065 orthodoxa
2567 1011 2692 1066 inde
2721 1023 2874 1067 nacta
2906 1015 3117 1070 cunctis
3146 1016 3397 1072 ﬁdelibus
3425 1020 3535 1073 dis-

1956 1102 2187 1156 cendam
2234 1101 2475 1171 profert;
2533 1112 2589 1157 tu
2631 1120 2758 1159 vero
2804 1120 2834 1159 e
2886 1106 3195 1176 caliginosis
3242 1110 3537 1179 impietatis

1952 1187 2137 1259 jauuis
2165 1204 2417 1259 egressus
2438 1190 2556 1245 loco
2581 1192 2909 1261 praedicandi
2940 1192 3201 1263 Spiritum
3227 1212 3449 1252 manere
3480 1199 3532 1252 iu

1956 1278 2094 1333 Filio
2124 1289 2178 1335 et
2207 1296 2371 1349 super
2398 1280 2615 1346 Filium,
2646 1283 2754 1337 Deo
2792 1299 3100 1355 repugnans
3126 1289 3324 1341 asscris
3343 1330 3357 1353 ,
3382 1288 3532 1343 illum

1954 1386 1984 1424 a
2026 1369 2161 1424 Filio
2205 1371 2521 1440 procedere.
2560 1373 2854 1428 Permanet
2886 1375 2940 1427 in
2979 1375 3147 1441 Filio;
3202 1378 3406 1431 idcirco
3451 1389 3536 1432 γει

1955 1458 2095 1525 Filii,
2129 1470 2183 1514 et
2210 1461 2335 1529 quia
2364 1462 2632 1531 ejusdem,
2670 1474 2729 1517 ut
2759 1465 3011 1533 superius
3042 1466 3173 1529 dixi,
3210 1477 3292 1521 est
3325 1477 3533 1522 naturae

1954 1559 2009 1603 et
2042 1551 2258 1606 deitatis
2306 1562 2362 1607 et
2408 1553 2594 1622 gloriae
2641 1563 2696 1608 et
2747 1555 3007 1624 potentiae
3051 1564 3106 1611 et
3148 1558 3402 1626 virtutis;
3448 1562 3535 1612 vel

1954 1643 2168 1698 etiamsi
2216 1644 2340 1709 vis,
2372 1645 2499 1713 quia
2552 1646 2706 1717 ungit
2757 1646 3057 1701 Christum.
3109 1646 3339 1718 Spiritus
3392 1652 3533 1713 enim

1953 1734 2199 1799 Domini,
2237 1736 2432 1802 inquit,
2473 1753 2630 1806 super
2660 1754 2761 1801 me,
2779 1748 3055 1807 propterea
3086 1742 3235 1795 unxit
3304 1756 3413 1806 me,
3477 1752 3535 1797 et

256 1826 447 1894 λέγων
474 1827 569 1881 τοῦ
601 1828 752 1882 Υίοῦ.
786 1828 1041 1898 Διαμένει
1072 1831 1127 1881 ἐν
1156 1830 1233 1898 τῷ
1258 1827 1399 1899 Υἱῷ·
1432 1829 1520 1883 διὰ
1547 1828 1707 1881 τοῦτό
1738 1831 1850 1882 ἐστι

1958 1826 2079 1894 quia
2124 1826 2486 1881 obumbrante
2528 1826 2918 1899 ipsoB°Virgini
2963 1828 3536 1899 incomprehensibilis

258 1917 364 1969 τοῦ
410 1917 574 1971 Υἱοῦ*
630 1920 723 1972 καὶ
767 1922 849 1973 ὄτι
901 1920 1002 1989 τῆς
1052 1920 1254 1990 αὐτῆς,
1285 1919 1360 1982 ὡς
1412 1919 1584 1988 ἔφθην
1626 1918 1740 1991 [95]
1773 1921 1849 1972 εί-

259 2007 391 2059 πὼν
418 2008 552 2078 (45),
580 2008 794 2075 φύσεώς
814 2011 870 2063 τέ
900 2012 1014 2063 ἐστι
1042 2009 1152 2079 (Η)
1180 2011 1273 2063 καὶ
1295 2009 1545 2080 θεότητος
1572 2011 1668 2064 καὶ
1688 2009 1848 2080 δόξης

257 2100 366 2151 καὶ
387 2098 665 2169 βασιλείας
685 2101 1098 2170 καὶδυνάμεως·
1120 2101 1167 2152 εί
1188 2100 1367 2170 βούλει
1384 2100 1440 2157 δὲ
1457 2138 1472 2163 ,
1492 2103 1584 2154 καὶ
1606 2101 1689 2153 ὅτι
1703 2102 1848 2170 χρίει

256 2191 360 2243 τὸν
386 2192 621 2261 Χριστύν
640 2208 654 2222 ·
689 2190 929 2260 Πνεῦμα
954 2193 1063 2262 γὰρ
1094 2192 1337 2259 Κυρίου,
1363 2191 1548 2261 φησὶν,
1584 2191 1677 2244 ἐπ’
1710 2190 1843 2260 ἐμέ·

140 2318 153 2325 ο
258 2278 341 2337 οὗ
377 2284 613 2335 εἵνεκεν
640 2283 846 2351 ἔχρισὲ
877 2300 981 2352 με·
1008 2284 1103 2336 καὶ
1130 2283 1264 2336 διότι
1294 2283 1721 2345 ὲπισκιάσαντος
1747 2283 1845 2335 αύ-

257 2372 364 2425 τοῦ
389 2376 455 2443 τῇ
481 2373 743 2444 Παρθένῳ
775 2377 808 2445 ἡ
838 2373 978 2443 ὑπὲρ
1008 2373 1165 2441 λόγον
1196 2372 1405 2442 ὑπέστη
1449 2370 1711 2441 σύλληψις
1756 2372 1847 2425 καὶ

259 2465 293 2515 ὁ
335 2464 712 2533 ἀνέκφραστος
752 2465 844 2516 καὶ
871 2464 1108 2533 ἄσπορος
1137 2463 1379 2534 προῆλθε
1418 2450 1614 2528 τόκος·
1659 2464 1748 2517 ναὶ
1783 2462 1848 2533 δὴ

262 2555 365 2609 καὶ
410 2555 547 2607 διότι
584 2555 900 2608 ἀποστέλλει
931 2555 1094 2607 αὐτόν
1124 2571 1138 2584 ⁸
1170 2556 1695 2625 Εὐαγγελίσασθαι
1714 2554 1846 2625 γὰρ,

261 2646 441 2716 φησι,
480 2646 731 2717 πτωχοῖς
768 2646 1116 2702 ἀπέσταλκέ
1140 2666 1248 2717 με.
1286 2649 1459 2701 Πόσον
1488 2644 1583 2702 οὖν
1626 2647 1847 2717 ἄμεινόν

265 2756 355 2793 σοι
389 2741 484 2792 καὶ
533 2741 954 2812 ἀκολουθὸτερον
985 2739 1051 2814 ἦν
1095 2744 1190 2797 κα)⁵
1226 2747 1365 2797 νοεῖν
1395 2744 1490 2796 καὶ
1538 2741 1739 2811 λέγειν,
1773 2741 1849 2805 ὡς

262 2829 334 2882 δι’
366 2829 424 2881 ἓν
454 2848 506 2882 τι
543 2830 651 2883 τῶν
679 2832 1110 2902 τεθεωρημένων
1145 2833 1355 2905 (45-49)
1388 2833 1420 2905 ἢ
1451 2833 1544 2886 καὶ
1563 2833 1649 2886 διὰ
1681 2832 1850 2884 πλείω

264 2919 489 2989 λέγεται
526 2921 753 2992 Πνεῦμα
785 2923 915 2976 Υίοῦ
940 2924 1034 2977 κα)⁵
1062 2924 1286 2995 Πνεῦμα
1314 2923 1575 2995 Χριστοῦ,
1604 2923 1739 2977 ἀλλὰ
1772 2924 1849 2994 μὴ

263 3013 446 3067 ταῦτα
481 3014 707 3067 τοιαῦτα
753 3015 883 3069 ὅντα
934 3016 1029 3069 καὶ
1087 3015 1423 3086 τηλικαύτην
1473 3016 1626 3085 ίσχὺν
1657 3014 1849 3085 ἔχοντα

264 3107 366 3158 καὶ
416 3106 740 3162 ἀκολουθίαν
806 3108 940 3176 παρ’
998 3109 1151 3162 οὐδὲν
1211 3108 1435 3178 θέμενον
1473 3108 1847 3177 ἀναπλασμοῖς

1952 1925 2165 1984 peracta
2184 1914 2287 1969 fuit
2311 1918 2615 1986 conceptio,
2641 1925 2695 1971 et
2725 1917 3013 1973 ineﬂ‘abilis
3034 1920 3151 1974 sine
3178 1921 3384 1976 semine
3406 1938 3535 1991 par-

1954 2012 2039 2058 tus
2072 2006 2303 2075 prodiit;
2362 2022 2465 2061 nec
2523 2011 2633 2062 non
2672 2008 2798 2078 quia
2837 2018 2892 2062 et
2939 2009 3113 2078 ipsum
3162 2011 3349 2066 mittit.
3389 2011 3533 2065 Nam

1951 2093 2317 2164 evangelizare
2345 2095 2662 2164 pauperibus
2709 2097 2850 2150 misit
2889 2114 2969 2150 me
2995 2098 3063 2150 δι.
3112 2097 3328 2165 Quanto
3371 2100 3535 2171 igitur

1950 2187 2151 2241 rectius
2190 2187 2708 2258 convenientiusque
2757 2199 2974 2259 poteras
3012 2200 3069 2245 et
3125 2193 3329 2247 sentire
3363 2202 3417 2247 et
3449 2194 3532 2248 di-

1950 2293 2093 2343 cere,
2132 2278 2201 2332 ob
2232 2294 2396 2332 unam
2428 2278 2664 2348 aliquam
2699 2292 2789 2334 aut
2828 2281 3012 2349 plures
3047 2282 3318 2338 dictarunt
3357 2300 3530 2354 expo-

1950 2368 2210 2421 sitiouum
2230 2368 2499 2421 nominari
2525 2368 2784 2438 Spiritum
2802 2370 2924 2423 Filii
2945 2380 2998 2424 et
3017 2371 3277 2440 Spiritum
3303 2371 3528 2435 Christi,

1949 2476 2058 2514 non
2091 2471 2273 2515 autem
2302 2461 2387 2515 his
2422 2461 2559 2515 adeo
2588 2462 2781 2515 validis
2808 2471 2863 2516 et
2894 2466 3277 2518 consentaneis
3307 2466 3532 2518 rationi-

1948 2554 2052 2609 bus
2086 2553 2284 2623 spretis
2314 2554 2638 2607 commentis
2679 2554 2909 2622 propriis
2943 2554 3533 2623 imaginationibusque

1949 2646 2152 2699 nullam
2207 2645 2537 2699 habentibus
2582 2644 2991 2699 subsistentiam
3038 2645 3226 2700 conari
3274 2644 3533 2699 Ecclesiae

1949 2740 2200 2809 dogmata
2223 2740 2599 2808 corrumpere!
2627 2736 2895 2792 Caeterum
2927 2740 3192 2807 prodeant
3222 2753 3412 2792 rursus
3442 2738 3531 2792 in-

1950 2831 2122 2902 clytus
2169 2830 2461 2885 Zacharias
2514 2840 2675 2900 atque
2723 2830 3039 2900 Gregorius,
3089 2846 3301 2884 mecum
3352 2829 3532 2884 adhuc

1950 2922 2265 2992 Opinionem
2320 2931 2464 2975 tuam
2527 2920 2860 2975 confutaturi
2918 2920 3257 2987 (confutatio
3304 2920 3449 2974 enim
3501 2936 3532 2972 e

1951 3013 2263 3068 domesticis
2294 3014 2533 3082 profecta
2556 3012 2719 3067 etiam
2748 3011 3241 3082 impudentissimis
3265 3010 3559 3082 pudorem.

1950 3112 2099 3159 creat
2121 3105 2163 3175 ).

180 3210 189 3215 '
267 3197 425 3258 ἰδίοις
460 3198 555 3251 καὶ
599 3199 927 3265 φαντασίαις
968 3200 1362 3264 ἀνυποστάτοις
1406 3200 1705 3269 ἐπιχειρεῖν
1738 3196 2184 3267 τῆςἙκκλησίας
2216 3194 2285 3248 τὰ
2349 3196 2596 3266 δόγματα
2639 3196 3007 3267 διαφθείρειν;
3061 3195 3215 3266 Πλὴν⁸
3277 3189 3437 3258 αὖθις
3503 3193 3534 3243 ὀ

264 3293 483 3355 κλεινὸς
524 3293 801 3364 Ζαχαρίας
848 3294 942 3347 καὶ
979 3295 1280 3364 Γρηγόριος
1313 3293 1527 3364 παρίτω
1550 3311 1564 3326 ο
1611 3297 1707 3364 τῆς
1745 3293 1846 3361 σῆς
1879 3293 2034 3361 δόξης
2079 3292 2205 3355 τοὺς
2238 3291 2493 3362 ἐλέγχους
2562 3291 2676 3345 ὲστί
2719 3309 2811 3362 μοι
2884 3289 3352 3363 συνεργαζόμενος
3380 3289 3493 3360 (50)
3516 3306 3530 3322 ο

261 3386 294 3437 ὁ
329 3387 436 3451 γὰρ
468 3388 532 3437 ἐκ
561 3386 668 3438 τών
714 3384 930 3438 οἰκείων
971 3382 1192 3454 ἔλεγχος
1237 3385 1334 3436 καὶ
1366 3386 1477 3446 τοίς
1527 3383 1933 3446 ἁναιδεστάτοις
1961 3381 2407 3451 αίδασιμώτερος.

347 3483 462 3539 πς’.
508 3476 569 3527 Ei
611 3477 791 3529 τοίνυν
821 3476 1096 3546 Ζαχαρίας
1131 3478 1225 3530 κα)⁵
1253 3477 1550 3548 Γρηγόριος
1573 3476 1847 3540 τοσούτοις

2024 3476 2114 3531 86.
2150 3476 2206 3529 Si
2252 3491 2382 3546 ergo
2412 3474 2702 3530 Zacharias
2736 3485 2790 3531 et
2823 3477 3117 3548 Gregorius
3152 3484 3231 3531 tot
3263 3491 3533 3532 annorum

264 3569 451 3621 ἔτεσιν
500 3568 745 3638 ἀλλήλων
782 3567 1127 3638 διεστηκότες
1170 3568 1270 3621 οὐκ
1303 3568 1462 3639 ἔσχον
1494 3569 1590 3632 τὰς
1624 3567 1850 3639 γνώμας

267 3660 406 3731 περὶ
458 3660 555 3729 τῆς
602 3660 695 3712 τοῦ
751 3660 1022 3727 παναγίου
1085 3660 1405 3729 Πνεύματος
1469 3662 1852 3731 ἐκπορεύσεως

262 3750 658 3821 διισταμένας,
705 3749 947 3821 δηλονότι
986 3750 1083 3803 καὶ
1134 3751 1163 3802 ὁ
1215 3750 1379 3821 μέσον
1414 3752 1645 3820 ’ἀμφοῖν
1692 3752 1851 3822 χορὸς

269 3843 421 3915 ἱερὸς
481 3846 625 3897 κατὰ
680 3843 932 3913 διαδοχὴν
988 3844 1098 3896 τῶν
1148 3843 1439 3915 ίερατικῶν
1487 3848 1587 3914 τῆς
1631 3844 1852 3915 Ῥώμης

269 3937 611 4009 προστάντες
642 3935 858 4005 θεσμῶν
892 3936 989 4007 τὴν
1014 3937 1183 4005 αὐτὴν
1213 3938 1653 4008 ἀκαινοτομήτως
1683 3937 1853 4007 ἐπρέ-

270 4028 467 4085 σϐευόν
500 4045 558 4080 τε
601 4015 695 4081 καὶ
740 4026 1125 4081 συνδιέθαλπον
1160 4028 1378 4081 πίστιν·
1426 4028 1531 4081 ὑπὸ
1578 4029 1683 4100 γὰρ
1742 4028 1851 4082 τῶν

269 4121 461 4189 ἄκρων
484 4120 555 4173 τὰ
579 4120 723 4190 μέσα
756 4118 867 4188 (51)
902 4118 1090 4190 ὥσπερ
1123 4122 1252 4191 ῥᾷον
1288 4121 1573 4191 συνέχεται
1609 4122 1700 4174 καὶ
1731 4139 1854 4175 συν-

271 4212 670 4281 απαρτίςεται,
715 4209 859 4263 οὕτω
897 4214 1279 4282 συγκροτεῖται
1337 4214 1431 4265 καὶ
1479 4212 1852 4280 συγκατευθύο

269 4321 446 4358 νεται.
484 4303 676 4357 Καίτοι
708 4301 822 4375 [94]
857 4319 921 4371 γε
952 4304 1005 4355 εἴ
1029 4321 1112 4368 τις
1146 4304 1257 4357 τῶν
1289 4321 1351 4357 τε
1378 4304 1491 4376 (52)
1528 4304 1851 4374 φθασάντων

273 4399 370 4450 καὶ
422 4395 530 4447 τῶν
581 4395 862 4464 ἑπομένων
912 4396 1083 4464 ἁγίων
1130 4396 1338 4468 ἀνδρῶν
1386 4398 1522 4467 πρὸς
1576 4397 1853 4468 ἀλλότριον

275 4488 583 4541 ἀποκλίνων
632 4487 908 4558 φωραθείη
958 4488 1232 4558 φρόνημα,
1285 4488 1386 4542 οὐκ
1429 4488 1626 4559 ἄδηλός
1678 4492 1849 4555 ἐστιν,

1956 3565 2131 3635 spatio
2156 3565 2225 3619 ab
2255 3565 2495 3620 invicem
2530 3565 2933 3619 distantesnon
2969 3564 3283 3621 habuerunt
3310 3579 3535 3620 senten—

1959 3656 2060 3712 tias
2102 3656 2170 3711 de
2214 3655 2543 3710 sanctissimi
2596 3656 2830 3725 Spiritus
2879 3657 3232 3725 processione
3278 3657 3532 3723 dissitas,

1958 3754 2105 3803 certe
2130 3755 2187 3801 et
2209 3747 2420 3801 medius
2446 3747 2588 3811 inter
2610 3746 2709 3800 hos
2736 3746 2936 3800 chorus
2964 3746 3303 3815 pontiﬁcum,
3326 3747 3420 3815 qui
3446 3762 3536 3802 sa-

1959 3839 2064 3894 cris
2085 3838 2340 3914 Romanae
2366 3839 2620 3893 Ecclesia:
2638 3838 2820 3893 infulis
2842 3854 2939 3908 per
2959 3836 3360 3893 successionem
3390 3853 3535 3907 prae-

1958 3931 2203 3998 fuerunt,
2246 3931 2492 3985 eamdem
2525 3932 2645 3985 siue
2684 3932 2788 3984 ulla
2824 3929 3177 3985 innovatione
3206 3929 3537 3999 praedicabat

1960 4033 2014 4078 et
2058 4023 2277 4079 fovebat
2303 4023 2499 4088 ﬁdem;
2532 4024 2599 4079 ab
2627 4022 2888 4078 extremis
2926 4023 3073 4078 enim
3101 4023 3310 4088 media,
3338 4037 3534 4091 quem-

1958 4116 2249 4171 admodum
2299 4116 2652 4171 continentur
2682 4124 2737 4170 et
2776 4115 3243 4180 communiuntur,
3275 4115 3349 4168 ita
3372 4114 3535 4175 etiam

1956 4209 2368 4263 constituuntur
2393 4217 2447 4263 et
2475 4209 2799 4279 diriguntur.
2857 4207 3178 4277 Quanquam
3215 4207 3261 4262 si
3293 4208 3415 4277 quis
3440 4223 3538 4263 vc-

1959 4304 2248 4357 tustiorum
2300 4312 2354 4357 et
2433 4303 2796 4372 posteriorum
2856 4313 3169 4357 sanctorum
3217 4301 3274 4355 in
3313 4316 3537 4365 sensum

1954 4394 2194 4449 alienum
2224 4395 2511 4449 deﬂexisse
2542 4392 3003 4464 deprehendatur,
3038 4394 3083 4448 is
3110 4394 3246 4449 citra
3275 4393 3535 4456 dubium,

1956 4484 2084 4539 dum
2117 4500 2176 4540 se
2206 4487 2274 4540 ab
2305 4485 2523 4541 illorum
2566 4486 2788 4542 divulsit
2820 4485 2955 4550 ﬁde,
2989 4485 3058 4539 ab
3087 4485 3279 4539 ordine
3320 4499 3537 4553 quoque

275 4578 355 4641 ὼς
400 4580 458 4631 ὲν
486 4572 530 4647 ᾧ
585 4577 686 4647 τῆς
736 4579 961 4631 ἐκείνων
991 4579 1180 4632 ἑαυτὸν
1220 4578 1472 4651 διέρρηξε
1504 4580 1760 4645 πίστεως,
1794 4582 1850 4634 ὲν

1958 4584 2118 4645 atque
2155 4577 2351 4632 throno
2407 4587 2461 4633 et
2502 4578 2822 4649 pontiﬁcatu
2883 4577 3235 4645 semetipsum
3285 4574 3533 4629 exscidit.

275 4671 453 4742 τούτῳ
483 4672 578 4724 καὶ
619 4672 713 4725 τοῦ
741 4672 901 4743 χοροῦ
933 4674 1028 4726 καὶ
1062 4672 1156 4726 τοῦ
1192 4672 1383 4742 θρόνου
1416 4674 1510 4725 καὶ
1539 4673 1636 4742 τῆς
1662 4674 1849 4744 ἀρχιε-

280 4764 526 4836 ρωσύνης
565 4765 756 4820 ἑαυτὸν
814 4766 1189 4836 συνεξέτεμεν.
1241 4764 1398 4819 Οὕτω
1450 4765 1548 4835 μὲν
1598 4761 1691 4819 οὖν
1745 4766 1855 4819 τῶν

277 4857 584 4928 εἰρημένων
629 4857 800 4926 ἁγίων
854 4857 1064 4928 ἀνδρῶν
1107 4858 1134 4910 ό
1165 4858 1324 4929 χορὸς
1362 4858 1420 4911 ὲν
1465 4856 1718 4930 εὐσεϐείᾳ
1760 4858 1851 4913 τὸν

278 4946 393 5018 βίον
419 4949 538 5002 ὅλον
565 4948 913 5017 διεφύλαττεν
944 4950 1075 5019 (55).

346 5062 395 5093 ⁸⁸
424 5061 556 5118 Luc.
586 5079 636 5129 ι,
663 5064 752 5119 55.
829 5065 873 5097 ⁸¹
907 5063 1040 5119 Luc.
1100 5079 1173 5129 Iv,
1231 5065 1317 5120 l8.

1966 4667 2041 4722 lta
2080 4669 2243 4739 igitur
2271 4679 2709 4735 memoratarum
2740 4679 3055 4736 sanctorum
3080 4676 3255 4721 cmtus
3286 4674 3393 4719 tota
3425 4666 3541 4731 vita

1963 4761 2217 4831 pietatem
2248 4765 2519 4820 tuebatur.

1398 5180 1637 5236 VARUE
1677 5181 2064 5240 LECTIONES
2103 5184 2193 5241 ET
2227 5183 2464 5242 NOTAE.

500 5291 674 5374 Balat.
704 5292 748 5373 i'1
774 5292 1045 5374 gis-bna
1068 5296 1198 5374 γάρ.

352 5363 464 5427 (41)
503 5364 621 5418 Col.
658 5363 750 5415 τοῦ
780 5364 908 5418 Υἱοῦ
936 5363 1118 5417 αὐτοῦ.

376 5434 465 5499 42)
508 5434 625 5489 Col.
661 5433 970 5503 Βαπτιστὴς
998 5433 1272 5498 σαλπίζει.

375 5503 464 5573 45)
509 5504 1127 5579 Υἱάεῌευρτδ--οεμη-δι.
1180 5504 1405 5579 Photius
1449 5508 1592 5579 apud
1628 5508 1857 5565 Beccum

280 5573 328 5650 l._
350 5589 419 5650 C._
437 5571 549 5650 ὸκὸ
582 5571 694 5650 (G._
725 5571 790 5626 Ο.
811 5574 869 5650 *11
891 5613 906 5637 ,
941 5571 1086 5650 in)
1123 5577 1402 5650 gAﬂveﬁua
1433 5571 1671 5650 Χριστοῦ
1707 5580 1857 5649 λέγει

280 5644 352 5767 τὶ
379 5644 622 5712 Πνεῦμα,
669 5644 752 5695 ὄτι
800 5643 1086 5714 ὁμοούσιον
1124 5646 1235 5717 Tit}:
1279 5643 1373 5701 καὶ
1421 5643 1505 5703 ὄτὶ
1552 5650 1640 5702 ἐπ’
1693 5643 1858 5713 αὑτὸν

289 5732 323 5767 ιρι
355 5730 457 5765 νει.

299 5730 457 5766 ιενει.

288 5732 457 5784 μενει.

357 5783 468 5852 (44)
508 5782 621 5836 Col.
658 5780 873 5852 φύσεώς
906 5783 1043 5847 ἐστι.¹

2283 5300 2456 5381 Palat.
2484 5298 2655 5381 [.346
2680 5298 2871 5381 agt:th
2906 5299 3290 5381 θεωρημενων.

2039 5369 2153 5442 (50)
2193 5372 2368 5427 Yatic.
2411 5372 2460 5442 f.
2492 5369 2597 5442 207
2630 5385 2683 5423 a.
2712 5369 2876 5423 etiam
2920 5369 3108 5442 habuit
3139 5370 3542 5441 συνεργαξόμε-

1954 5440 2075 5504 vos;
2127 5442 2225 5512 sed
2263 5440 2551 5510 posteriori
2586 5455 2752 5493 manu
2781 5441 3090 5496 terminatio
3126 5442 3353 5512 pluralis
3389 5471 3459 5480 -—
3489 5459 3539 5494 οι

1958 5511 2324 5581 superscripta
2347 5519 2452 5581 est.

2029 5579 2141 5653 (51)
2180 5579 2347 5653 Halat.
2374 5579 2552 5653 {.246
2581 5596 2630 5635 a.
2658 5580 2767 5635 τῶν
2794 5580 2977 5653 ἄκρων
3004 5580 3071 5636 τὰ
3107 5580 3244 5651 μετὰ
3269 5580 3479 5649 ὥσπερ.

2032 5651 2146 5719 (52)
2186 5651 2304 5705 Col.
2332 5651 2510 5706 omitt.
2542 5669 2615 5704 τε.

2034 5721 2237 5792 (55)]11
2261 5721 2423 5790 epist.
2464 5722 2531 5775 ad
2554 5721 2784 5792 Aquilei.
2816 5720 3279 5792 archiepiscopum
3310 5721 3541 5792 addita}.

1960 5802 2016 5848 et
2054 5790 2347 5847 Adriauum
2380 5792 2417 5857 1,
2451 5792 2541 5861 qui
2569 5790 2767 5863 et'ipsc
2792 5793 2841 5845 in
2879 5809 2947 5862 ep
3000 5792 3067 5846 ad
3103 5791 3382 5846 Tarasiuru
3413 5791 3539 5863 Spi-
