4002 6580
465 508 570 568 3-93
1505 495 1509 500 ’
1636 503 1902 565 ΡΗΟΤῙΙ
1940 502 2061 562 PA']

2163 501 2442 562 ΪΑΒΟΗᾸΞ
2479 505 2585 564 CP.
3621 500 3741 568 384

467 605 808 671 adversarius
840 614 1125 686 propalent
1155 614 1253 682 iis,
1284 613 1378 684 qui
1408 613 1655 683 regiones
1680 612 2047 668 occidentales

2163 611 2314 681 ὲπική
2324 629 2433 682 ρων
2457 614 2593 682 πρὸς
2615 613 2712 684 τὴν
2727 613 3002 685 ἀκήρατον
3029 613 3173 686 ζωὴν
3194 615 3253 668 ἐν
3282 617 3348 686 τῇ
3373 615 3510 687 αὐτῇ
3531 617 3730 685 ὁμολο-

469 716 617 761 rccta
647 707 751 761 ﬁde
774 705 1150 759 illustrarunt?

2153 702 2249 773 γίᾳ
2274 703 2678 771 μεταστάντων,
2701 705 2853 768 τινας
2866 705 2932 759 ἂν
2953 706 3130 777 σχοῖεν
3143 706 3318 759 εἰπεῖν
3344 707 3509 769 olet-1
3527 707 3743 778 αἱρετι-

471 799 577 868 κὴν
603 799 756 851 νόσον
771 798 1119 868 νοσήσαντες,
1144 795 1296 868 [105]
1312 796 1368 862 ἐξ
1384 789 1458 850 ὧν
1477 795 1537 848 τὸ
1554 795 1881 866 δηλητήριον
1903 793 2195 864 φάρμακον
2212 794 2308 863 τῆς
2345 795 2681 866 τηλικαύτης
2725 797 2981 860 ἀσεϐείας
3031 797 3268 865 ἐξέπιον,
3321 799 3417 852 καὶ
3492 801 3596 853 οὐκ
3628 800 3742 855 αύ-

471 891 602 944 τίκα
647 889 870 952 τούτους
899 887 1221 952 ἀντιπάλους
1246 891 1358 952 τοῖς
1400 886 1680 958 όρθοδοξίᾳ
1704 887 1774 939 τὰ
1813 886 2046 957 ἑσπέρια
2087 887 2500 955 καταφωτίσασι
2525 889 2948 961 θριαμϐεύουσιν
2978 891 3118 959 (93);

541 981 633 1036 90.
652 983 719 1033 At
732 994 862 1034 vero
881 979 1120 1033 nondum
1137 978 1298 1032 vultis
1309 994 1552 1032 errorem
1575 979 1734 1032 istmn
1752 977 2052 1046 deponere?

476 1069 587 1142 Ego
610 1071 774 1141 igitur
801 1071 933 1125 alias
953 1085 1168 1140 quoque
1189 1070 1536 1124 cantationes
1563 1083 1594 1123 e
1619 1068 1858 1138 Spiritus
1876 1067 2051 1122 sancti

475 1163 706 1230 eloquiis
730 1161 879 1215 vobis
901 1159 1168 1223 acciuam,
1193 1159 1405 1213 tametsi
1431 1175 1528 1214 vos
1548 1160 1667 1213 loco
1696 1157 2053 1229 resipiscendi

475 1253 674 1306 malitis
703 1252 948 1321 aspidem
981 1250 1180 1304 imitari
1211 1266 1373 1306 aures
1406 1267 1535 1306 suas
1564 1251 1630 1305 ad
1668 1265 1826 1306 voces
1860 1250 2054 1305 incan-

479 1343 708 1396 tantium
754 1343 1123 1396 obturantem.
1145 1341 1380 1412 Spiritus
1413 1341 1509 1396 Dei
1548 1342 1748 1396 dicitur
1776 1341 2056 1397 sanctissi-

478 1449 598 1487 mus
633 1431 1065 1503 Spiritus;-dicit
1097 1433 1244 1487 enim
1283 1432 1532 1487 Salvator
1569 1451 1584 1488 :
1619 1431 1680 1487 Si
1723 1450 1816 1504 ego
1844 1435 1899 1486 in
1932 1433 2056 1501 Spi-

475 1527 576 1577 ritu
607 1524 703 1578 Dei
733 1526 883 1595 ejicio
912 1526 1174 1578 dwmonia
1194 1526 1261 1584 δ’.
1289 1524 1516 1594 Spiritus
1546 1533 1804 1593 prtelerea
1840 1525 2054 1578 Patris:

472 1617 594 1672 Non
617 1619 756 1672 enim
786 1635 872 1672 vos
893 1619 1036 1680 estis,
1058 1619 1150 1688 qui
1179 1618 1454 1688 loquimini
1476 1619 1540 1682 ⁸³,
1571 1633 1785 1672 rursum
1802 1617 1877 1671 ait
1909 1617 2051 1672 idem

475 1709 722 1764 veritatis
757 1709 901 1775 fons,
920 1711 1012 1763 sed
1025 1708 1253 1778 Spiritus
1288 1709 1464 1763 Patris
1493 1709 1648 1762 uestri
1666 1749 1681 1773 ,
1709 1711 1798 1780 qui
1818 1707 2053 1778 loquitur

475 1801 531 1852 iu
563 1801 740 1866 vobis;
766 1800 968 1856 dicitur
987 1799 1218 1870 Spiritus
1240 1801 1358 1864 Dei,
1383 1802 1650 1855 clamante
1674 1800 1810 1855 Isaia
1836 1819 1850 1855 :
1873 1804 1942 1855 Et
1965 1817 2050 1854 re—

476 1892 698 1960 quiescet
722 1907 879 1961 super
910 1907 1031 1946 eum
1067 1890 1300 1960 Spiritus
1313 1891 1410 1945 Dei
1426 1889 1494 1946 “.
1512 1890 1850 1961 —Spiritus,
1870 1891 1962 1962 qui
1989 1907 2054 1945 ex

475 1981 585 2035 Deo
613 1991 710 2036 est.
743 1982 838 2037 Vos
865 1993 1067 2058 autem,
1092 1984 1169 2038 ait
1190 2000 1418 2052 magnus
1443 1991 1716 2038 rectorum
1740 1983 2053 2053 dogmatum

476 2087 656 2141 prteco
699 2071 898 2128 Paulus
921 2113 936 2140 ,
968 2090 1072 2128 non
1105 2076 1380 2144 accepistis
1431 2073 1690 2144 Spiritum
1719 2073 1934 2136 mundi,
1965 2072 2056 2126 sed

477 2160 733 2230 Spiritum
768 2163 860 2232 qui
897 2180 962 2219 ea:
1001 2163 1110 2218 Deo
1136 2173 1210 2219 est
1231 2166 1314 2230 ³⁸,
1342 2174 1398 2220 et
1417 2166 1546 2220 alibi
1588 2183 1606 2218 :
1640 2164 1698 2220 Si
1732 2165 1934 2234 Spiritu
1962 2165 2059 2218 Dei

477 2254 751 2316 ducimini,
770 2270 872 2306 non
889 2255 1010 2308 estis
1033 2255 1086 2308 in
1099 2273 1256 2308 carne
1277 2256 1343 2308 ⁸⁸.
1374 2287 1423 2297 -—
1440 2256 1697 2324 Spiritum
1719 2255 1928 2309 Domini
1949 2257 2058 2310 cla-

476 2354 595 2400 mat
621 2344 818 2399 Isaias:
845 2346 1080 2415 Spiritus
1105 2349 1317 2401 Domitii
1339 2365 1496 2416 super
1521 2364 1620 2413 me,
1645 2365 1710 2402 eo
1727 2349 1865 2418 quod
1894 2364 2059 2401 unxe—

477 2438 552 2490 rit
595 2439 769 2492 me".
816 2438 1052 2493 Rursum
1101 2440 1297 2494 dicitur
1375 2438 1607 2508 Spiritus
1639 2439 1796 2505 Filii,
1831 2437 2060 2509 Spiritus

480 2530 694 2595 Christi,
753 2531 983 2601 Spiritus
1028 2532 1328 2585 suscitantis
1363 2531 1542 2586 Iesum
1592 2531 1859 2586 Christum
1893 2533 1960 2597 ⁸⁸,
2003 2542 2062 2586 ut

481 2621 683 2675 Paulus
716 2637 902 2676 rursus
931 2622 1094 2676 tradit
1125 2640 1138 2676 :
1174 2623 1311 2677 Misit
1375 2622 1516 2677 Deus
1544 2620 1810 2693 Spiritum
1830 2625 1955 2678 Filii
1980 2625 2063 2678 sui

482 2711 536 2763 in
561 2717 719 2765 corda
748 2721 939 2776 uestra,
967 2714 1304 2780 clamantem,
1327 2715 1496 2782 Abba,
1523 2715 1690 2769 Pater
1713 2715 1794 2782 ⁸⁹;
1817 2724 1873 2770 et
1904 2734 1917 2770 :
1946 2714 2064 2784 Spi‘

483 2805 618 2856 ritus
641 2805 942 2859 suscitautis
968 2804 1150 2860 Iesum
1171 2806 1432 2862 Christum
1457 2808 1659 2862 habitat
1686 2809 1738 2861 in
1769 2809 1934 2872 vobis,
1967 2818 2021 2863 ct
2047 2826 2060 2862 :

488 2893 582 2947 Vos
616 2895 671 2947 iit
700 2911 860 2950 carne
890 2913 993 2950 non
1023 2899 1166 2962 estis,
1193 2899 1449 2968 siquidem
1479 2899 1710 2968 Spiritus
1740 2899 1834 2953 Dei
1859 2901 2063 2954 habitat

483 2987 540 3038 iu
565 2987 707 3041 vobis
735 2987 842 3054 ⁸⁹”;
870 2997 927 3043 et
959 3005 974 3042 :
1006 2987 1064 3043 Si
1089 2991 1204 3059 quis
1240 2990 1497 3058 Spiritum
1529 2990 1722 3046 Christi
1750 3009 1853 3046 non
1887 2994 2064 3058 habet,

2224 977 2294 1046 ιζ.
2342 979 2502 1041 Ἀλλὰ
2523 980 2632 1050 γὰρ
2661 981 2815 1033 οῦπω
2830 982 2929 1050 τὴν
2955 983 3162 1051 πλάνην
3191 982 3397 1052 ταύτην
3427 984 3740 1039 ἀποθέσθαι

2152 1068 2408 1139 βούλεσθε
2435 1070 2545 1142 (94)
2574 1087 2590 1137 ;
2618 1071 2762 1140 Ἐγὼ
2790 1073 2920 1142 γοῦν
2941 1074 3034 1127 καὶ
3062 1074 3254 1146 ἑτέρας
3277 1074 3406 1145 ὑμῖν
3421 1074 3636 1144 ἐπῳδὰς
3668 1076 3739 1128 ἐκ

2149 1159 2259 1213 τῶν
2310 1161 2407 1214 τοῦ
2452 1161 2771 1231 Πνεύματος
2829 1164 3028 1235 λογίων
3067 1165 3367 1237 ἐπᾴσομαι,
3398 1167 3449 1219 εί
3493 1167 3589 1219 καὶ
3629 1165 3738 1236 τῆς

2154 1250 2390 1321 βυούσης
2424 1253 2648 1318 ἀσπίδος
2690 1255 2758 1308 τὰ
2789 1250 2905 1310 ὦτα
2957 1256 3094 1327 πρὸς
3123 1257 3224 1321 τὰς
3275 1257 3386 1310 τῶν
3416 1257 3737 1327 ἐπᾳδόντων

2153 1341 2338 1409 φωνὰς
2369 1342 2479 1412 (95)
2516 1345 2621 1414 πρὸ
2649 1345 2746 1414 τῆς
2792 1347 3083 1416 μετανοίας
3135 1347 3236 1417 τὴν
3287 1347 3521 1418 μίμησιν
3571 1349 3736 1416 μελε-

2150 1433 2344 1502 τήσετε
2400 1433 2532 1504 (96).
2587 1435 2828 1504 Πνεῦμα
2875 1437 3024 1492 Θεοῦ
3070 1437 3292 1505 λέγεται
3350 1437 3410 1490 τὸ
3463 1439 3736 1507 πανάγιον

2151 1523 2377 1594 Πνεῦμα
2399 1543 2414 1559 ·
2447 1526 2580 1596 φησὶ
2616 1527 2772 1598 γὰρό
2795 1530 2986 1600 Σωτήρ
3034 1545 3050 1560 ο
3081 1531 3148 1583 El
3181 1529 3250 1584 δὲ
3275 1531 3395 1600 ἐγὼ
3435 1531 3508 1584 ἐν
3539 1532 3733 1586 Πνεῦ-

2151 1629 2286 1679 ματι
2317 1613 2464 1668 Θεοῦ
2507 1614 2782 1669 ἐκϐάλλω
2823 1617 2894 1669 τὰ
2926 1617 3223 1686 δαιμόνια.
3253 1649 3324 1657 -
3347 1618 3593 1687 Πνεῦμα
3625 1618 3734 1673 τοῦ

2153 1705 2381 1772 Πατρός
2409 1721 2422 1736 ·
2444 1708 2526 1760 Οὐ
2575 1708 2684 1774 γὰρ
2713 1708 2883 1777 ὑμεῖς
2921 1709 3062 1762 ἐστε
3111 1712 3166 1762 al
3207 1710 3548 1776 λαλοῦντες
3571 1749 3590 1775 ,
3627 1711 3736 1767 πά·

2154 1795 2236 1849 λιν
2263 1798 2297 1864 ἡ
2333 1798 2472 1864 αὑτὴ
2507 1798 2607 1868 τῆς
2633 1799 2894 1866 ἀληθείας
2930 1801 3103 1870 πηγὴ,
3151 1801 3318 1856 ἀλλὰ
3370 1802 3436 1855 τὸ
3489 1801 3737 1874 Πνεῦμα

2155 1887 2262 1941 τοῦ
2283 1888 2512 1956 Πατρός
2535 1889 2702 1958 ὑμῶν
2723 1890 2787 1944 τὸ
2807 1891 3040 1945 ,καλοῦν
3063 1891 3134 1945 ἐν
3153 1891 3315 1962 ὑμῖν.
3337 1893 3470 1958 Καὶ,
3491 1893 3734 1964 Πνεῦμα

2155 1979 2265 2034 τοῦ
2292 1981 2460 2044 Θεοῦ,
2506 1981 2732 2045 Ἡσαΐας
2779 1983 2913 2054 βοᾷ’
2947 1985 3057 2038 Καὶ
3107 1983 3602 2040 ἑπαναπαύσεται
3641 1985 3737 2040 ἐπ’

2157 2070 2346 2123 αὐτὸν
2367 2070 2611 2139 Πνεῦμα
2639 2071 2747 2127 τοῦ
2787 2072 2960 2128 Θεοῦ.
3004 2103 3077 2113 -
3103 2071 3348 2143 Πνεῦμα
3385 2074 3454 2128 τὸ
3509 2075 3577 2128 ἐκ
3627 2075 3734 2129 τοῦ

2162 2161 2330 2216 Θεοῦ·
2359 2161 2574 2228 Παῦλος
2602 2165 2631 2216 ὁ
2676 2165 3058 2235 μεγαλόφωνος
3083 2165 3193 2218 τῶν
3220 2165 3396 2237 ὀρθῶν
3443 2168 3734 2237 δογμάτων

2159 2255 2374 2324 κήρυξ’
2442 2255 2639 2324 Ὑμεῖς
2672 2256 2740 2308 δὲ
2792 2258 2902 2312 οὐκ
2949 2257 3191 2310 ἐλάϐετε
3235 2258 3300 2310 τὸ
3344 2258 3580 2327 πνεῦμα
3631 2259 3737 2312 τοῦ

2162 2347 2414 2415 κόσμου,
2438 2347 2602 2400 ἀλλὰ
2637 2348 2706 2400 τὸ
2735 2349 2978 2416 Πνεῦμα
3007 2349 3073 2401 τὸ
3108 2349 3177 2403 ἐκ
3219 2351 3327 2404 τοῦ
3372 2351 3523 2404 Θεοῦ
3557 2368 3572 2382 ο
3620 2352 3735 2412 καὶ,

2156 2439 2224 2491 Et
2255 2437 2324 2490 δὲ
2349 2439 2645 2508 Πνεῦματι
2677 2437 2830 2492 Θεοῦ
2847 2438 3086 2506 ἄγεσθε,
3123 2441 3236 2492 οὑπὶ
3259 2441 3402 2493 ἐστὲ
3427 2441 3498 2493 ἐν
3535 2441 3735 2507 σαρκί.

2121 2567 2128 2572 -
2163 2529 2494 2597 -Πνεῦμα
2514 2530 2759 2598 Κυρίου,
2790 2532 3027 2594 Ἡσαΐας
3062 2531 3159 2604 βοᾷ
3191 2548 3204 2562 ·
3245 2533 3488 2601 Πνεῦμα
3520 2533 3738 2598 Kvplov

2163 2621 2256 2673 ἐπ’
2321 2620 2458 2689 ἐμὲ,
2512 2616 2588 2676 οὗ
2637 2622 2870 2676 εἵνεκεν
2916 2621 3126 2690 ἔχρισε
3158 2639 3254 2691 με.
3308 2623 3476 2676 Πάλιν
3523 2621 3739 2688 λέγεται

2166 2710 2409 2780 Πνεῦμα
2427 2711 2533 2765 τοῦ
2553 2711 2710 2773 Υιοῦ,
2764 2710 3007 2780 Πνεῦμα
3027 2711 3309 2780 Χριστοῦ,
3343 2709 3588 2778 Πνεῦμα
3635 2711 3739 2764 τοῦ

2165 2801 2505 2872 ἐγείραντος
2583 2803 2817 2870 Ἰησοῦν
2869 2804 3146 2872 Χριστὸν,
3198 2803 3271 2866 ὡς
3337 2802 3549 2864 Παῦλος
3609 2797 3741 2870 (96"

2168 2891 2330 2945 πάλιν
2346 2893 2696 2960 μυσταγωγεῖ
2710 2908 2726 2924 ·
2753 2889 3215 2957 Ἐξαπέστειλεν
3227 2895 3259 2946 ὁ
3272 2891 3415 2958 Θεὸς
3428 2890 3493 2944 τὸ
3503 2890 3744 2958 Πνεῦμα
3803 2943 3805 2945 ,

2167 2984 2276 3036 τοῦ
2320 2982 2454 3036 Υἱοῦ
2495 2983 2686 3038 αὐτοῦ
2706 2983 2777 3036 ἐν
2801 2983 2930 3049 ταῖς
2975 2983 3247 3051 καρδίαις
3279 2981 3448 3051 ὑμῶν
3481 2979 3694 3050 κρᾶζον
3725 2998 3738 3011 ·

484 3079 568 3131 hic
611 3095 713 3133 non
757 3089 831 3134 est
854 3080 971 3150 ejus
991 3081 1058 3134 '°.
1082 3083 1302 3137 Attente
1331 3085 1558 3138 omnino
1589 3085 1711 3139 vide
1736 3127 1749 3150 ,
1797 3084 2061 3155 Spiritum

2180 3072 2377 3138 ’A66’ti,
2395 3077 2427 3127 ό
2448 3073 2647 3143 Πατήρ
2667 3091 2680 3105 ⁸
2698 3075 2808 3137 καὶ,
2836 3075 2906 3127 Τὸ
2927 3074 3167 3142 Πνεῦμα
3187 3073 3334 3146 [104]
3361 3073 3466 3126 τοῦ
3482 3073 3744 3142 ἐγείραν-

484 3169 593 3224 tlici
624 3170 738 3235 Dei,
763 3186 831 3224 ex
852 3171 960 3226 Deo
988 3181 1044 3226 et
1068 3172 1158 3226 Dei
1185 3172 1379 3238 Patris,
1407 3184 1461 3229 et
1485 3173 1698 3228 Domini
1721 3184 1775 3229 et
1796 3176 2061 3231 suscitan-

488 3260 560 3314 tis
590 3260 869 3315 Christum
907 3277 975 3316 ex
1008 3264 1268 3327 mortuis,
1302 3271 1358 3319 et
1387 3264 1650 3334 Spiritum
1684 3265 1877 3320 Patris.
1908 3267 2066 3321 Anne

487 3351 686 3420 igitur,
729 3353 947 3420 quando
992 3353 1226 3408 dicimus
1271 3373 1284 3409 :
1326 3343 1558 3424 Spiritus
1606 3355 1701 3409 Dei
1755 3357 1839 3410 vel
1890 3356 2067 3411 Putris

487 3443 575 3498 vel
611 3441 824 3496 Domini
861 3445 944 3499 vel
983 3447 1290 3500 suscitautis
1311 3447 1490 3501 Iesum
1520 3446 1805 3512 Christum,
1839 3447 2068 3517 vel-Spi-

491 3535 624 3588 ritus
651 3536 740 3605 qui
779 3553 844 3589 επ
873 3536 978 3591 Deo
1016 3547 1113 3601 est,
1147 3554 1305 3593 voces
1347 3539 1430 3594 bat
1459 3538 1513 3593 id
1545 3538 1722 3608 ipsum
1767 3539 2068 3603 denotant,

489 3629 635 3696 quod
663 3629 1059 3700 signiﬁcamus,
1092 3647 1217 3686 cum
1260 3632 1492 3686 dicimus
1514 3675 1528 3696 ,
1557 3631 1813 3701 Spiritum
1851 3649 1882 3686 a
1909 3631 2072 3686 Patre

490 3718 788 3784 procedere,
817 3734 886 3772 an
919 3735 1050 3774 vero
1076 3721 1258 3790 potius
1288 3736 1449 3777 nemo
1479 3730 1562 3775 est
1584 3721 1657 3776 ita
1680 3722 1946 3791 insipiens
1969 3736 2073 3775 nec

490 3808 629 3866 adeo
685 3809 924 3877 ipsorum
974 3813 1264 3866 verborqu
1321 3812 1648 3883 simplicium
1699 3813 1961 3885 ignarus,
2015 3824 2075 3867 ut

495 3910 732 3970 nequeat
757 3901 1015 3958 facillime
1039 3905 1367 3973 conspicari,
1403 3906 1547 3974 quod
1578 3906 1833 3975 quaelibet
1863 3905 2075 3958 illarum

495 3989 855 4054 locutionum,
882 3993 1094 4047 tametsi
1119 3994 1260 4048 circa
1287 3995 1504 4049 easdem
1537 4010 1797 4066 personas
1823 3995 2077 4049 enuntia-

499 4088 606 4143 tur,
653 4081 928 4136 diversum
981 4091 1163 4137 tamen
1195 4085 1414 4139 exbibet
1461 4086 1824 4155 signiﬁcatum
1871 4101 1972 4139 vox
2015 4100 2078 4140 ea

495 4185 620 4236 qua:
648 4170 780 4224 dicit
820 4186 852 4226 e
878 4171 1037 4227 Patre
1067 4175 1361 4243 procedere
1385 4176 1672 4244 Spiritum,
1713 4185 1770 4230 et
1803 4176 2078 4231 diversum

2168 3183 2269 3230 τος
2297 3165 2814 3234 ἰησοῦνΧριστὸν
2840 3165 3071 3219 οἱπεῖἐν
3087 3163 3248 3234 ὑμῖνο
3274 3168 3387 3226 καὶ,
3425 3163 3608 3233 Ὑμεῖς
3636 3166 3744 3217 οὐκ

2168 3255 2310 3308 ἐστὲ
2360 3255 2430 3308 ἐν
2459 3256 2662 3324 σαρκί,
2689 3256 2858 3322 εἴπερ
2905 3255 3148 3326 Πνεῦμα
3191 3254 3453 3322 Χριστοῦ
3494 3253 3651 3307 οἰκεῖ
3681 3254 3748 3306 ἐν

2167 3346 2311 3416 ὑμῖν
2332 3363 2346 3377 ·
2380 3348 2492 3410 καὶ,
2525 3347 2598 3399 ει
2633 3363 2724 3411 τις
2753 3346 2996 3414 Πνεῦμα
3038 3346 3298 3414 Χριστοῦ
3334 3348 3446 3399 οὐκ
3473 3345 3623 3412 ἔχει,
3653 3341 3748 3400 οὗ·

2169 3456 2270 3504 τος
2292 3440 2404 3506 (97)
2454 3441 2566 3492 οὐκ
2605 3437 2777 3491 ἔστιν
2801 3438 3010 3494 αὑτοῦ.
3047 3439 3351 3510 Προσὲσχε;
3374 3439 3616 3502 πάντως,
3667 3437 3746 3491 ὅτι

2170 3531 2233 3583 τὸ
2274 3530 2497 3600 Πνεῦμα
2519 3530 2738 3599 λέγεται
2771 3530 2865 3584 τοῦ
2907 3530 3066 3594 Θεοῦ,
3099 3532 3162 3584 ἐκ
3216 3529 3312 3583 τοῦ
3345 3529 3482 3582 Θεοῦ
3545 3546 3608 3581 τε
3657 3529 3746 3581 καὶ

2176 3625 2391 3694 Πατρδς
2431 3623 2567 3694 (98),
2606 3626 2700 3677 καὶ
2730 3622 2938 3693 Κυρίου
2972 3624 3068 3676 καὶ
3112 3621 3208 3675 τοῦ
3265 3621 3581 3691 ἐγείραντος
3619 3621 3750 3691 Χρε-

2176 3715 2268 3769 τὺν
2294 3718 2358 3768 ὲκ
2402 3715 2613 3787 νεκρῶν
2651 3717 2744 3768 καὶ
2779 3715 3002 3784 Πνεῦμα
3063 3711 3159 3766 τοῦ
3194 3713 3426 3782 Πατρός.
3463 3706 3613 3781 ’Δρα
3662 3707 3751 3764 οῦν

2178 3809 2308 3862 ὅταν
2356 3807 2490 3878 λέγῃ
2524 3824 2537 3838 ·
2570 3806 2812 3874 Πνεῦμα
2855 3805 3004 3859 Θεοῦ
3041 3805 3078 3876 ἦ
3139 3805 3369 3871 Πατρός
3402 3803 3435 3873 ἢ
3470 3801 3750 3871 Κυρίουῆ

2179 3899 2286 3953 τοῦ
2317 3899 2658 3970 ἐγείραντος
2701 3895 2948 3962 Ἰησοῦν
2969 3897 3249 3963 Χριστὸν,
3279 3893 3312 3962 ἢ
3338 3891 3578 3959 Πνεῦμα
3599 3891 3667 3942 τὸ
3687 3890 3750 3941 ἐκ

2181 3990 2288 4044 τοῦ
2329 3987 2477 4043 Θεοῦ
2504 4028 2519 4050 ,
2559 3988 2692 4041 αὐτὸ
2751 3985 2910 4040 τοῦτο
2963 3983 3216 4054 δηλοῦσιν
3271 3985 3326 4036 αἱ
3394 3981 3593 4050 φωναὶ,
3621 3980 3750 4046 ὅπερ

2181 4083 2476 4153 ἐσήμαινεν
2513 4083 2548 4152 η
2583 4082 2819 4148 λέγουσα
2857 4079 2970 4150 (99)
3016 4077 3443 4146 ἐκπορεύεσθαι
3480 4071 3589 4126 τοῦ
3637 4075 3750 4125 Πα-

2181 4178 2358 4243 τρός;
2421 4173 2455 4244 ἢ
2515 4172 2694 4234 οὐδεὶς
2740 4170 2888 4225 οὕτω
2939 4171 3169 4239 ἀνόητος
3234 4167 3356 4221 οὐδὲ
3402 4165 3583 4218 αὐτῶν
3648 4162 3751 4216 τῶν

501 4276 603 4314 vox
629 4276 715 4326 ea,
736 4277 858 4332 qua:
883 4263 1016 4318 dicit
1043 4263 1307 4336 Spiritum
1340 4265 1433 4321 Dei
1462 4267 1548 4321 vel
1578 4267 1790 4322 Domini
1820 4267 1906 4322 vel
1930 4283 2061 4337 quae-

2184 4266 2372 4320 ἁπλῶν
2413 4266 2674 4336 ῥημάτων
2745 4265 2826 4327 εἰς
2874 4263 3114 4332 ἐσχάτην
3169 4259 3395 4326 ἄγνοιαν
3455 4256 3628 4326 ἥκων,
3680 4254 3752 4312 ὡς

501 4352 635 4413 libet
675 4353 780 4408 alia
817 4361 1274 4413 memoratarum?
1318 4357 1450 4413 Illud
1493 4359 1640 4413 enim
1674 4359 2061 4429 processiouen

2188 4357 2266 4428 μὴ
2318 4359 2448 4429 ῥᾷον
2496 4358 2641 4428 ἐχειν
2705 4356 2779 4426 (l)
2826 4354 3054 4424 συνορᾷν
3084 4391 3100 4416 ,
3167 4351 3248 4404 ὅτι
3299 4348 3407 4401 τῶν
3452 4347 3750 4418 εἰρημένων

503 4460 760 4509 expresse
785 4447 1054 4510 enuntiat,
1083 4449 1199 4504 haec
1226 4466 1354 4504 vero
1379 4466 1489 4504 non
1522 4451 1686 4516 item;
1715 4450 1810 4507 sed
1831 4452 2061 4520 quamvis

2187 4427 2418 4502 {ututsro
2472 4451 2573 4514 (Ξ),
2627 4448 2678 4500 εἰ
2725 4446 2820 4500 καὶ
2863 4446 2992 4516 περὶ
3037 4445 3107 4496 τὰ
3151 4441 3290 4496 αὐτὰ
3319 4440 3539 4508 λέγεται
3589 4438 3752 4507 πρόσ-
3835 4441 3849 4462 ‘

506 4536 624 4599 hac
648 4537 929 4602 dicantur,
958 4539 1085 4608 quia
1119 4540 1358 4612 Spiritus
1387 4541 1456 4596 ab
1484 4542 1604 4610 ipso
1632 4543 1916 4613 procedit,
1949 4551 2058 4598 atta

2184 4557 2309 4593 ωπα
2345 4578 2360 4603 ,
2447 4538 2562 4592 ἀλλ’
2631 4533 2725 4591 οὖν
2779 4537 2964 4606 ἕτερον
3009 4535 3043 4604 ἡ
3090 4533 3236 4597 λέξις
3296 4531 3596 4601 παρίστησι
3663 4543 3754 4596 ση-

508 4639 633 4678 men
661 4626 809 4682 nulla
847 4627 1058 4683 illarum
1098 4646 1292 4684 vocum
1327 4631 1612 4700 conceptis
1643 4630 1874 4687 aliirmat
1905 4633 2053 4687 verbi

2191 4631 2518 4702 μαινόμενον
2577 4630 2611 4700 ἡ
2675 4631 2741 4681 ἐκ
2812 4626 2906 4679 τοῦ
2965 4625 3180 4693 Πατρὸς
3237 4619 3638 4691 ἐκπορεύεσθαι
3698 4619 3756 4669 τὸ

509 4719 932 4789 processionem.
966 4720 1180 4776 Etenim
1237 4722 1524 4776 manifeste
1578 4723 1722 4778 aliud
1762 4734 1845 4778 est
1883 4725 2061 4780 dicere

2187 4725 2435 4793 Πνεῦμα,
2467 4725 2562 4778 καὶ
2585 4724 2772 4791 ἓτερον
2799 4722 2832 4790 ὴ
2866 4719 3086 4787 Πνεῦμα
3119 4718 3252 4771 Θεοῦ
3284 4717 3318 4786 ἢ
3346 4715 3548 4785 Κυρίου
3593 4714 3627 4783 ἢ
3656 4712 3758 4764 τῶν

511 4805 776 4875 Spiritum
799 4826 829 4864 a
859 4810 1020 4866 Patre
1042 4812 1361 4880 procedere,
1379 4822 1435 4868 et
1462 4813 1608 4869 aliud
1637 4815 1769 4884 ipsis
1801 4816 1983 4870 verbis
2009 4816 2061 4870 si

2186 4818 2496 4887 ειρημένων
2539 4814 2772 4867 ἕκαστον
2800 4813 3051 4880 λέγουσα.
3089 4810 3162 4861 Τὸ
3191 4809 3290 4877 μὲν
3333 4807 3444 4877 γὰρ
3473 4807 3574 4875 τὴν
3607 4805 3760 4856 ἐκπο-

589 4983 632 5011 “‘
682 4982 874 5036 lllattb.
922 4999 1017 5047 xu,
1065 4984 1156 5038 28.
1232 4984 1277 5015 ⁸³
1337 4985 1691 5044 λῖειῑιιι.κ,20.
1769 4986 1816 5019 ἰ
1869 4988 2136 5044 |sa.xr.?..
2251 4988 2344 5045 ’⁵1
2379 4987 2503 5042 Cor.
2539 5006 2594 5053 ιι,
2635 4988 2713 5041 l2.
2792 4988 2837 5018 ἠ
2877 4987 3036 5041 llum.
3056 4982 3248 5053 vul,9.
3323 4980 3369 5012 ⁸⁷
3401 4978 3503 5034 lsa.
3571 4974 3758 5042 1.“,1.

515 5051 561 5082 ⁸⁸
599 5053 756 5106 Ilum.
830 5069 943 5115 \lll,
985 5054 1064 5106 ll.
1139 5055 1188 5085 '9
1229 5057 1357 5110 ibid.
1423 5059 1502 5111 t5.
1579 5059 1667 5088 ⁸³⁸
1721 5058 1853 5112 ibid.
1881 5059 1934 5112 9.
2015 5060 2059 5089 ⁹⁰
2095 5057 2225 5111 ibid.

1626 5255 1856 5309 νΑιιιίΕ
1899 5255 2280 5313 LECTIONES
2321 5254 2405 5308 ET
2425 5253 2657 5310 NOTAE.

596 5425 708 5500 (95)
767 5423 934 5500 Hisce
983 5427 1145 5500 linem
1182 5427 1414 5498 imponit
1469 5428 1694 5483 l'botius
1747 5430 1967 5500 prolixa:
2030 5431 2100 5485 de
2205 5445 2396 5500 supra.

525 5494 781 5570 l'atribus
818 5497 1028 5570 Latinis
1057 5494 1440 5567 disputationi.
1465 5500 1620 5553 Plura
1655 5494 2103 5570 ltis'posteriores
2275 5494 2407 5570 (96')
2433 5496 2627 5570 cote
2676 5494 2848 5570 Παῦλ.

527 5561 1573 5640 l‘hotiani_adjunxerunt.(lf.Allatiutn
1625 5561 1812 5624 contria
1860 5569 2102 5639 IIotting.
2279 5561 2535 5640 (97)'Col.
2567 5568 2720 5640 deest
2759 5561 2935 5640 οὗτος.
2997 5635 3025 5640 ι
3074 5637 3083 5640 Α
3239 5639 3249 5640 7
3304 5635 3394 5640 Au
3453 5635 3466 5640 _
3745 5627 3766 5640 ,

527 5652 576 5690 c.
604 5632 1088 5711 i93pl4i7seqsel
1106 5632 2106 5711 cap.lippusculiadcalcentadjecﬁ.
2279 5632 2391 5711 (98)
2429 5639 2520 5691 Sic
2562 5636 2680 5711 Col.
2734 5653 2788 5711 p.
2819 5639 2942 5691 314.
2995 5635 3168 5692 Palat.
3229 5639 3266 5692 f.
3297 5635 3402 5690 249
3453 5635 3508 5689 b.
3560 5632 3653 5684 Ἐκ
3682 5632 3771 5683 τε]

604 5707 719 5774 (ιιι)
749 5706 917 5762 Palat.
946 5706 992 5763 i.
1013 5710 1118 5763 248
1150 5706 1203 5762 b.
1238 5706 1544 5777 βούλεσθαι.
1953 5706 1968 5711 ⁷

2209 5709 2344 5765 Θεοῦ
2383 5724 2442 5758 τε
2494 5708 2588 5777 κα).
2625 5707 2782 5758 Θεοῦ.

608 5777 846 5851 (-9_5)_C_f.
898 5777 1041 5832 Psal.
1099 5775 1250 5851 uin,
1286 5782 1339 5843 4,
1393 5780 1428 5833 5
1463 5779 1670 5850 (LXX).
1724 5779 1828 5834 Pro
1872 5781 2061 5851 βυούσι

2282 5775 2796 5851 (ερυλϐοιελέτουσα
2829 5778 2888 5828 τὸ
2931 5778 3152 5848 Πνεῦμα
3183 5781 3376 5847 ὲκπορ.

534 5845 711 5920 Codd.
725 5847 925 5920 habent
961 5849 1237 5920 μυούσης.
1471 5845 1477 5848 ⁷
1630 5845 1639 5850 ’
1872 5845 1884 5851 ’

2281 5845 2358 5916 (Η
2386 5846 2664 5920 (_1_0l._éx§t.

612 5916 720 5988 tau)
751 5915 918 5973 Palat.
949 5915 989 5977 [ζ
1012 5920 1116 5975 "259
1147 5915 1197 5975 α’.
1237 5919 1610 5994 μελετήσεται.
1664 5922 1781 5976 Cui.
1807 5932 1860 5977 et
1894 5921 2012 5974 Vat.
2057 5938 2061 5970 ι

2285 5921 2360 5988 t2)
2399 5915 2572 5972 Vatic.
2599 5917 2847 5980 ἕκαστος.
