4008 6466
549 472 656 536 387

1691 450 1953 513 ΡΗΟΤΙΙ
1993 444 2497 507 ΡΛΤΒΙΑΗΕΗΑΞ
2536 447 2646 506 CP.

3791 440 3912 502 333

550 601 639 640 me
673 577 947 636 temerarii
989 585 1044 631 et
1097 573 1163 628 ad
1190 570 1458 642 quidlibet
1515 563 1827 620 audendum
1861 557 2018 630 proni
2044 555 2131 609 di—
2160 595 2169 612 .

2273 554 2385 624 αμῆ
2439 553 2710 625 μηδαμῶς
2753 555 3142 625 ὲκπεφὼνηται
3177 555 3329 625 (1⁸5);
3379 551 3456 604 Οὐ
3485 550 3621 620 γὰρ
3660 550 3748 618 δὴ
3802 553 3900 603 καί

550 683 678 742 cere
707 667 1007 728 audebunt,
1034 676 1194 732 posse
1225 657 1498 728 expressis
1529 655 1712 709 verbis
1743 670 1774 706 e
1799 651 1970 706 sacris
2017 647 2130 700 elo-

553 762 701 832 quiis
727 758 938 814 desumi
972 754 1206 825 Spiritus
1231 767 1262 806 a
1290 748 1427 804 Filio
1462 745 1892 818 processionem.

628 935 719 991 95.
761 933 844 987 Tu
872 946 1002 984 vero
1026 928 1157 983 hinc
1192 939 1411 995 quoque
1450 937 1563 976 rem
1598 918 1869 989 expende.
1901 916 2140 986 Spiritus

558 1027 759 1082 dicitur
783 1022 1017 1092 Spiritus
1047 1017 1271 1078 Christi,
1296 1024 1351 1070 et
1382 1028 1489 1083 qua
1525 1012 1736 1065 ratione
1760 1009 1998 1073 dicatur,
2028 1023 2140 1060 non

558 1128 643 1171 est
671 1115 886 1170 dimcile
927 1128 990 1165 ex
1029 1110 1162 1163 Isaia
1198 1109 1432 1166 discere,
1484 1106 1594 1158 imo
1636 1118 1765 1156 vero
1813 1117 1878 1155 ex
1911 1101 2143 1170 ipsamet

561 1205 771 1259 Domini
805 1201 1128 1257 recitatione
1159 1214 1223 1252 ac
1255 1213 1389 1252 voce
1428 1214 1440 1249 :
1474 1190 1706 1262 Spiritus
1731 1193 1871 1245 enim
1905 1191 2139 1254 Domini,

562 1301 756 1370 inquit,
777 1314 934 1365 super
960 1311 1073 1360 me;
1101 1304 1380 1363 propterea
1401 1291 1550 1344 unxit
1575 1307 1655 1343 me
1676 1289 1744 1342 “.
1777 1288 2142 1353 Quamobrem

563 1393 799 1462 Spiritus
829 1390 936 1444 alio
971 1388 1134 1442 modo
1161 1387 1361 1440 dicitur
1394 1383 1628 1444 Domini,
1666 1382 1772 1435 alio
1801 1380 1964 1434 modo
1988 1377 2143 1442 Filii;

562 1483 800 1551 Spiritus
851 1479 1076 1548 quidem
1136 1473 1348 1530 Domini
1395 1481 1583 1540 utpote
1618 1467 2142 1532 consubstantialis;

562 1573 808 1643 Spiritus
856 1587 986 1624 vero
1015 1567 1156 1629 Filii,
1212 1567 1339 1619 licet
1391 1565 1459 1617 sit
1514 1559 2017 1620 consubstantialis,
2062 1567 2147 1610 ta-

563 1679 690 1718 men
718 1671 942 1732 propter
973 1659 1289 1712 unctionem
1316 1655 1516 1708 dicitur
1549 1671 1562 1706 :
1605 1652 1810 1705 Christi
1841 1651 1988 1704 enim
2027 1649 2149 1718 Spi-

2237 643 2403 698 τοῦτο
2433 646 2801 716 τολμήσουσιν
2830 647 2879 699 οἱ
2925 647 3102 700 πάντα
3131 648 3353 716 θρασεῖς
3382 645 3597 702 εἰπεῖν.
3637 644 3746 703 ὡς
3776 642 3904 694 ἔστι

2239 737 2482 806 ῥήμασιν
2535 738 2721 800 αὐτοῖς
2773 739 2837 790 ὲκ
2889 738 3000 790 τῶν
3050 738 3209 809 ίερῶν
3263 736 3478 804 Λογίων
3537 733 3784 786 λαεεῐν
3840 733 3898 786 τὸ

2240 827 2464 898 Πνεῦμα
2493 828 2588 882 τοῦ
2634 829 2757 881 Υίοῦ
2793 829 3212 900 ἐκπορεύεσθαι.

2312 919 2420 989 ιγ’.
2457 923 2529 974 Σὺ
2558 921 2614 974 δέ
2645 938 2736 989 μοι
2769 922 2961 974 σκόπει
2992 921 3307 974 κάντεῦθεν·
3340 921 3401 974 τὸ
3431 918 3698 987 Πνεῦμα
3732 915 3898 982 λέγε-

2240 1031 2330 1066 ται
2365 1013 2457 1065 τοῦ
2501 1013 2763 1084 Χριστοῦ,
2796 1013 2890 1066 καὶ
2932 1015 3078 1076 ὅπως
3113 1013 3330 1082 λέγεται
3352 1051 3368 1072 .
3400 1015 3463 1065 ού
3494 1009 3794 1082 χαλεπὸν
3831 1010 3895 1060 ἐκ

2241 1105 2336 1158 τοῦ
2362 1107 2583 1158 Ἡσαΐου
2620 1105 2832 1176 μαθεῖν,
2867 1106 3069 1176 μᾶλλον
3097 1105 3153 1158 δὲ
3185 1108 3278 1158 καὶ
3310 1105 3368 1170 ἐξ
3402 1107 3591 1173 αὐτῆς
3630 1102 3759 1170 τῆς
3791 1107 3894 1152 Δε-

2247 1198 2509 1266 σποτικῆς
2541 1198 2897 1265 ἀναγνώσεως
2950 1198 3044 1249 καὶ
3067 1200 3276 1266 φωνῆς’
3311 1197 3569 1263 Πνεῦμα
3603 1194 3740 1262 γὰρ
3771 1192 3886 1258 (Hi

2243 1289 2336 1341 ἐπ’
2386 1289 2512 1359 ἐμὲ,
2568 1290 2754 1357 φησιν,
2801 1285 2872 1344 οὗ
2918 1289 3152 1342 εἵνεκεν
3193 1287 3402 1357 ἔχρισέ
3442 1303 3548 1356 με’
3619 1284 3795 1336 ὥστε
3830 1285 3888 1334 τὲ

2246 1381 2474 1450 Πνεῦμα
2505 1380 2665 1433 ἄλλον
2697 1381 2795 1450 μὲν
2839 1380 3038 1450 τρόπον
3066 1380 3283 1448 λέγεται
3332 1379 3427 1432 τοῦ
3463 1377 3704 1446 Κυρίου
3739 1375 3880 1444 (15},

2247 1472 2435 1542 ἓτερον
2463 1473 2519 1526 δὲ
2549 1472 2645 1526 τοῦ
2678 1472 2834 1525 Υίοῦο
2875 1473 2936 1524 τὸ
2969 1473 3066 1542 μὲν
3096 1471 3205 1541 γὰρ
3235 1473 3311 1534 ὡς
3344 1471 3686 1538 ὁμοούσιονο
3727 1468 3796 1519 τὸ
3829 1468 3884 1517 ἃ

2250 1568 2296 1616 εἰ
2325 1566 2420 1616 καὶ
2450 1564 2758 1635 ὁμοούσιον,
2793 1564 2928 1618 ἀλλὰ
2952 1563 3046 1616 νῦν
3075 1582 3138 1632 γε
3169 1564 3256 1616 διὰ
3291 1563 3353 1615 τὸ
3381 1562 3608 1632 χρίσμα.
3640 1560 3880 1626 λέγεται

2247 1657 2342 1709 τοῦ
2378 1656 2506 1708 Υίοῦ
2531 1673 2545 1686 ·
2597 1657 2834 1727 Χριστοῦ
2862 1657 2973 1723 (16)
3017 1657 3125 1726 γὰρ
3162 1655 3406 1724 Πνεῦμα,
3451 1655 3538 1706 ὅτι
3575 1653 3742 1721 χρίει
3779 1655 3876 1703 αῦ-

568 1757 726 1819 ritus,
765 1754 891 1824 quia
917 1752 1070 1822 ungit
1099 1750 1299 1819 ipsum,
1330 1746 1562 1816 Spiritus
1589 1745 1759 1807 enim,
1806 1740 1979 1810 inquit
2032 1741 2148 1810 ipsa

2273 1749 2342 1800 :6v
2369 1747 2509 1819 (l7)°
2544 1747 2694 1820 [107]
2728 1747 2969 1816 Πνεῦμα
2998 1748 3108 1816 γὰρ
3134 1746 3227 1798 ἐπ’
3266 1743 3371 1815 ἐμὲ
3393 1787 3407 1807 ,
3439 1744 3592 1810 αὐτή
3633 1759 3812 1809 φησιν
3844 1742 3873 1808 ἠ

569 1843 808 1902 Veritas,
837 1856 994 1907 super
1034 1855 1115 1891 me
1134 1853 1151 1901 ,'
1180 1847 1455 1907 propterea
1487 1835 1634 1888 unxit
1665 1850 1765 1886 me.
1814 1832 1979 1902 Ungit
2023 1830 2150 1900 Spi—

2265 1841 2512 1910 ’Λλήθεια
2536 1882 2551 1906 ,
2594 1837 2667 1896 οὗ
2699 1842 2930 1893 εἵνεκεν
2975 1838 3181 1907 ἐχρισέ
3204 1856 3299 1908 με.
3329 1839 3490 1907 Χρίει
3525 1836 3602 1888 τὸ
3644 1835 3878 1900 Πνεῦμα

575 1932 715 1984 ritus
743 1905 1044 1990 Christum,
1071 1905 1347 1996 quomodo
1381 1924 1456 1986 id,
1496 1937 1702 1992 quzeso,
1735 1920 2031 1989 intelligis?
2063 1920 2146 1973 An

2273 1934 2341 1985 τὸν
2367 1905 2621 2003 Χριστόνο
2650 1933 2929 2002 ἄνθρωπε,
3106 1905 3284 1998 νοείς;
3315 1905 3438 1982 καθ’
3466 1929 3525 1981 ὃν
3547 1929 3728 1995 λόγον
3744 1944 3875 1997 μετ·

573 2031 845 2092 quatenus
873 2018 1216 2088 participavit
1247 2017 1312 2070 de
1332 2032 1496 2070 carne
1521 2025 1576 2069 et
1601 2014 1866 2082 sanguine
1893 2021 1947 2066 et
1974 2011 2152 2065 factus

2273 2023 2381 2092 ἔσχε
2444 2023 2645 2092 σαρκὸς
2679 2024 2774 2075 καὶ
2801 2023 3033 2090 αἵματος
3063 2021 3156 2073 καὶ
3189 2021 3412 2086 γέγονεν
3441 2017 3542 2070 ἄνθ
3555 2033 3757 2087 ρωπος
3785 2056 3802 2076 .
3838 2016 3866 2081 ἦ

573 2123 658 2167 est
675 2115 858 2172 homo,
875 2126 944 2163 an
966 2119 1233 2178 quatenus
1250 2107 1316 2161 al)
1340 2117 1544 2160 teterno
1567 2103 1865 2158 exsistebat
1887 2099 2063 2155 Deus?
2085 2101 2156 2152 At

2273 2115 2375 2166 καθ’
2404 2114 2462 2166 ὃν
2499 2114 2556 2178 ἐξ
2585 2113 2758 2167 ἀϊδίου
2791 2114 3004 2184 ὑπῆρχε
3034 2114 3196 2176 Θεός;
3251 2111 3413 2163 Ἀλλὰ
3447 2110 3510 2161 τὸ
3535 2110 3649 2178 μὲν
3681 2107 3868 2159 δεύτεο

577 2207 681 2259 hoc
695 2201 963 2273 posterius
978 2214 1280 2268 nunquam,
1296 2197 1512 2266 opinor,
1525 2194 1738 2250 tametsi
1759 2191 2156 2246 audacissimus

576 2299 675 2361 sis,
704 2291 1232 2348 allirma'reaudebis.
1257 2288 1373 2342 Non
1396 2289 1544 2342 enim
1563 2286 1784 2357 ungitur
1807 2283 1976 2337 Filius
1992 2290 2158 2351 prout

575 2399 663 2444 εει
690 2386 854 2449 Deus,
879 2400 1068 2454 apage.
1102 2384 1240 2454 Ergo
1270 2391 1430 2451 prout
1456 2388 1538 2434 est
1568 2380 1731 2432 homo
1757 2376 1967 2446 Spiritu
2002 2375 2159 2445 ungi-

577 2493 668 2536 tur
697 2479 969 2536 Christus.
1005 2475 1087 2529 Tu
1111 2492 1241 2529 vero
1271 2475 1439 2529 dicis:
1498 2471 1767 2538 Quoniam
1801 2471 2001 2524 dicitur
2032 2467 2158 2537 Spi-

579 2574 716 2628 ritus
753 2571 980 2635 Christi,
1025 2570 1253 2622 omnino
1306 2577 1359 2621 ct
1386 2565 1633 2636 procedit
1670 2581 1700 2618 a
1738 2563 1976 2617 Christo.
2022 2560 2160 2630 Ergo

581 2665 819 2736 Spiritus
865 2662 1073 2718 Christi
1128 2678 1234 2714 non
1273 2669 1544 2729 quatenus
1597 2666 1683 2710 est
1748 2655 1892 2710 Deus
1931 2669 1997 2708 ex
2039 2653 2161 2722 ipso

583 2756 858 2827 provenit,
917 2754 1011 2807 sed
1050 2761 1321 2822 quatenus
1373 2751 1558 2813 homo,
1611 2763 1718 2800 non
1754 2746 1823 2800 ab
1870 2755 2080 2799 αξιοι-ιιι)
2109 2753 2165 2798 et

584 2856 710 2900 ante
739 2844 936 2900 saecula
987 2843 1149 2895 simul
1189 2857 1315 2896 cum
1366 2841 1524 2893 Patre
1573 2837 1932 2892 substantiam
1985 2835 2163 2906 possi-

585 2939 742 3001 dens,
770 2936 866 2990 sed
884 2932 1272 3002 tunc,quando
1293 2932 1588 2985 humanam
1620 2945 1840 2984 carnem
1869 2927 2167 2996 assumpsit

586 3032 783 3088 Filius.

661 3209 752 3264 91.
804 3205 1042 3260 Adverte
1104 3201 1343 3256 animum
1394 3207 1452 3255 et
1495 3198 1857 3270 resipisce_ab
1889 3213 2095 3262 errore,
2133 3213 2166 3251 ο

2259 2223 2351 2275 ρον
2393 2205 2493 2257 οὐκ
2536 2204 2602 2258 ἂν
2634 2201 2790 2274 οἶμαί
2833 2220 2892 2256 σε
2918 2244 2933 2267 ,
2970 2204 3019 2254 εί
3072 2203 3166 2255 καὶ
3198 2202 3379 2254 πάντα
3417 2201 3642 2268 θρασὺς
3686 2195 3864 2266 ἦσθα,

2259 2297 2625 2367 θρασυνθῆναι
2656 2295 2863 2365 (18ο19)
2889 2296 3084 2348 εἰπεῖν.
3111 2293 3183 2346 us
3214 2293 3322 2361 γὰρ
3349 2291 3571 2360 χρίεται
3599 2288 3682 2349 ὡς
3713 2288 3862 2352 Θεὸς,

2259 2392 2438 2456 ἄπαγε
2463 2430 2479 2454 ,
2523 2390 2552 2441 6
2583 2387 2732 2450 Υἱός.
2779 2387 2990 2441 Οὐκοῦν
3017 2385 3153 2439 καθὸ
3187 2385 3480 2453 ἄνθρωπος
3523 2381 3752 2452 χρίεται
3793 2379 3864 2448 τῷ

2261 2479 2540 2548 Πνεύματι
2583 2480 2610 2532 6
2653 2478 2906 2548 Χριστός’
2939 2477 3034 2528 καὶ
3063 2475 3200 2528 καθὸ
3229 2474 3374 2544 χρίει
3405 2472 3468 2524 τὸ
3501 2470 3740 2541 Πνεῦμα
3773 2472 3860 2522 τὸν

2262 2572 2519 2640 Χριστὸν,
2570 2571 2796 2639 λέγεται
2849 2569 3076 2639 Πνεῦμα
3113 2567 3378 2638 Χριστοῦ.
3429 2568 3506 2619 Σὺ
3545 2567 3607 2620 δὲ
3648 2567 3858 2634 λέγεις·

2275 2661 2494 2732 Ἐπειδὴ
2523 2661 2741 2730 λέγεται
2768 2659 2994 2730 Πνεῦμα
3025 2658 3285 2729 Χριστοῦ,
3316 2657 3545 2719 πάντως
3567 2659 3670 2709 καὶ
3699 2658 3859 2709 ἐκπο-

2268 2751 2487 2823 ρεύεται
2521 2752 2580 2816 ἐξ
2617 2750 2808 2805 αὑτοῦ.
2842 2747 3053 2801 Οὐκοῦν
3099 2747 3161 2801 τὸ
3203 2747 3434 2817 Πνεῦμα
3485 2746 3585 2799 τοῦ
3624 2743 3854 2816 Χριστοῦ

2265 2847 2324 2898 οὐ
2360 2843 2493 2897 καθὸ
2524 2842 2655 2905 Θεὸς
2687 2841 2747 2906 ἐξ
2772 2840 2937 2894 αὑτοῦ
2973 2838 3391 2912 προελεύσεται,
3419 2839 3559 2891 ἀλλὰ
3597 2839 3736 2891 καθὸ
3764 2838 3851 2889 ἄν·

2267 2937 2505 3004 θριυπος,
2538 2935 2634 2987 καὶ
2663 2934 2764 2986 οὐκ
2785 2933 2880 2988 ἀπ’
2915 2933 3090 3003 ἀρχῆς
3117 2931 3212 2984 καὶ
3243 2931 3350 3000 πρὸ
3381 2931 3602 2984 αἰώνων
3629 2931 3723 2982 καὶ
3747 2930 3851 2998 ἅμα

2266 3025 2344 3094 τῷ
2385 3025 2558 3094 Πατρὶ
2589 3021 2828 3092 ούσιώθη
2855 3060 2869 3083 ,
2905 3021 3043 3075 ἀλλὰ
3075 3019 3379 3090 τηνικαῦτα
3406 3059 3422 3083 ,
3461 3020 3632 3089 ἡνίκα
3674 3020 3767 3071 καὶ
3797 3021 3850 3071 τὸ

2269 3117 2607 3187 ἀνθρώπινον
2637 3113 3003 3184 προσελάϐετο
3032 3112 3259 3182 φύραμα
3298 3110 3411 3180 (90)
3441 3113 3470 3164 6
3509 3110 3664 3172 Υἱός.

2342 3209 2441 3276 ιβ’.
2495 3207 2818 3276 Ἐπίστησον
2857 3205 2949 3258 τὸν
2988 3204 3112 3258 νοῦν
3141 3205 3236 3257 κα)⁵
3279 3202 3561 3271 ἁνάνηψον
3601 3203 3703 3271 τῆς
3729 3202 3848 3254 ται.

594 3297 786 3360 1ιοιιιο,
813 3310 919 3349 ncc
950 3302 1097 3346 tuam
1124 3292 1334 3362 plagam
1366 3291 1677 3358 vulnusque
1712 3290 1874 3342 tuum’
1899 3288 2020 3341 talis
2043 3302 2165 3342 esse

2273 3317 2406 3370 νης,
2444 3298 2732 3368 ἄνθρωπε,
2791 3295 2926 3365 μηδὲ
2977 3294 3077 3365 τὴν
3133 3292 3335 3346 σαυτοῦ
3388 3293 3611 3362 πληγὴν
3662 3297 3751 3345 καὶ
3796 3292 3847 3345 τὸ

596 3395 808 3440 natura:
860 3384 1110 3445 ostende,
1156 3391 1215 3435 ut
1269 3396 1488 3434 omnem
1530 3389 1756 3450 respuat
1803 3379 2168 3436 curationem.

598 3477 834 3547 Spiritus
862 3474 1187 3545 praedicatur
1213 3472 1440 3535 Christi,
1473 3471 1600 3540 quia
1630 3471 1784 3541 ungit
1826 3470 2030 3540 ipsum,
2079 3479 2170 3523 tua

595 3574 776 3619 autem
809 3563 1112 3634 perniciosa
1141 3562 1224 3616 lex
1264 3577 1510 3615 asserere
1535 3561 1712 3630 jubet,
1761 3560 1889 3630 quia
1922 3560 2170 3630 procedit

595 3658 663 3710 ab
681 3656 834 3725 ipso;
863 3655 1107 3724 procedit
1128 3662 1308 3707 autem
1336 3670 1365 3707 a
1387 3653 1631 3715 Christo,
1661 3662 1720 3707 ut
1741 3653 1882 3707 ratio
1905 3668 2002 3722 per
2025 3661 2172 3705 tuam

597 3745 913 3814 Opinionem
936 3745 1196 3799 incedens
1221 3747 1482 3808 ostendit,
1504 3760 1612 3798 non
1639 3753 1910 3814 quatenus
1931 3743 2072 3797 Dens
2094 3751 2178 3795 est

594 3839 866 3898 Christus,
886 3837 978 3890 sed
1001 3846 1269 3904 quatenus
1285 3843 1525 3890 nostram
1543 3852 1758 3890 carnem
1783 3837 2098 3906 assumpsit.
2119 3834 2175 3888 Si

599 3932 762 4000 igitur
779 3927 1316 3999 quatenusChristus
1336 3929 1404 3981 de
1422 3938 1604 3982 nostra
1621 3944 1785 3983 carne
1807 3929 2069 3998 participa
2079 3929 2174 3992 vit,

599 4018 901 4071 secundum
936 4018 1041 4070 hoc
1055 4015 1292 4086 Spiritus
1321 4033 1350 4070 a
1385 4017 1598 4072 Christo
1619 4019 1886 4088 procedit,
1932 4009 2181 4089 procedit

599 4116 783 4162 autem
801 4123 1033 4161 rursusa
1051 4107 1210 4173 Filio,
1229 4116 1497 4176 quatenus
1511 4119 1593 4163 est
1611 4110 1754 4165 Deus
1777 4111 1850 4180 (id
1872 4111 2018 4167 enim
2033 4112 2182 4182 leges

601 4208 634 4247 a
663 4201 716 4246 te
751 4192 973 4247 sancitze
1003 4193 1272 4264 exigunt),
1314 4197 1676 4252 cont-ludetur
1723 4199 1992 4269 proiecto,
2017 4211 2180 4256 natu-

605 4299 720 4336 ram
766 4284 1057 4337 humanam
1116 4285 1309 4340 Deitati
1363 4303 1484 4342 esse
1511 4293 2074 4357 consubstantialem;
2135 4291 2182 4346 si

602 4376 826 4446 quidem
881 4375 1148 4446 Spiritum
1192 4379 1716 4435 consubstantialem
1750 4379 1871 4436 Filii
1907 4393 1962 4438 et
1992 4399 2184 4439 rursus

603 4467 806 4566 Christi
839 4483 1058 4533 censes;
1105 4469 1402 4538 procedere
1447 4473 1596 4526 enim
1629 4488 1754 4528 eum
1787 4473 1920 4530 facis
1953 4484 2009 4530 et
2057 4486 2184 4531 ante

674 4608 719 4641 ⁹¹
763 4607 868 4663 lsa.
899 4621 1013 4672 LXI,
1043 4606 1096 4660 1.

2274 3391 2493 3463 τραῦμα
2540 3390 2721 3442 πᾶσαν
2750 3387 3028 3457 ὲπιδείξῃς
3073 3385 3376 3456 θεραπείαν
3423 3385 3737 3454 ἐλέγχοντα.
3785 3384 3844 3434 Τὸ

2277 3482 2506 3552 Πνεῦμα
2533 3481 2891 3548 δοξολογείται
2943 3476 3040 3530 τοῦ
3071 3475 3311 3547 Χριστοῦ
3334 3517 3351 3540 ,
3399 3476 3538 3530 διότι
3569 3474 3685 3546 (21)
3718 3477 3844 3544 χρίει

2277 3575 2458 3628 αὐτόν·
2487 3575 2515 3626 6
2543 3573 2599 3625 δὲ
2637 3571 2728 3634 σὸς
2761 3571 2859 3639 τῆς
2892 3569 3172 3630 ἀπωλείας
3215 3570 3384 3638 νόμος
3420 3570 3742 3638 προστάττει
3766 3567 3843 3618 λέ-

2278 3678 2419 3730 γειν,
2458 3660 2593 3712 διότι
2640 3657 3003 3729 ἐκπορεύεται
3035 3657 3224 3710 αὐτοῦ’
3267 3657 3631 3727 ἐκπορεύεται
3667 3658 3719 3709 δὲ
3760 3654 3840 3707 τοῦ

2279 3752 2516 3823 Χριστοῦ
2538 3791 2553 3815 ,
2589 3751 2665 3813 ὡς
2693 3753 2722 3803 6
2747 3750 2905 3818 λόγος
2938 3750 3108 3816 ἔδειξε
3138 3749 3227 3802 διὰ
3260 3749 3363 3818 τῆς
3397 3750 3498 3818 σῆς
3529 3747 3686 3818 δόξης
3712 3747 3843 3817 βαὸίο

2281 3847 2408 3911 ζων,
2443 3845 2504 3896 οὐ
2538 3843 2674 3896 καθὸ
2702 3841 2834 3905 Θεὸς
2863 3845 2892 3894 6
2929 3841 3188 3912 Χριστὸς.
3237 3841 3374 3895 ἀλλὰ
3411 3842 3546 3894 καθὸ
3575 3843 3635 3894 τὸ
3663 3842 3840 3910 ἡμέτε-

2285 3956 2374 4010 ρον
2403 3935 2771 4006 προσελάϐετο
2794 3933 3041 4004 φύραμα.
3079 3932 3141 3986 Εἰ
3174 3932 3268 3986 οῦν
3306 3932 3447 3985 καθὸ
3472 3933 3569 3986 τοῦ
3597 3933 3838 4004 ἡμετέρου

2285 4029 2515 4100 μετέσχε
2571 4026 2929 4097 φυράματος.
2988 4022 3131 4076 κατὰ
3177 4024 3337 4076 τοῦτο
3396 4023 3740 4092 ἐκπορεύεται
3786 4021 3836 4074 τὸ

2282 4121 2507 4190 Πνεῦμα
2537 4117 2631 4171 τοῦ
2657 4114 2894 4186 Χριστοῦ
2915 4155 2930 4181 ,
2963 4114 3325 4184 ἐκπορεύεται
3349 4114 3410 4168 δὲ
3445 4115 3604 4170 πάλιν
3636 4118 3720 4167 καὶ
3753 4112 3831 4166 τοῦ

2289 4211 2418 4266 Υίοῦ
2451 4208 2588 4263 καθὸ
2612 4209 2745 4270 Θεὸς
2797 4206 2922 4274 (τῆς
2948 4204 3050 4274 σῆς
3070 4205 3180 4274 γὰρ
3210 4203 3385 4259 ταῦτα
3419 4206 3522 4274 τῆς
3549 4204 3828 4275 νομοθεσίας

2283 4305 2351 4358 τὰ
2375 4302 2796 4374 προστάγματα)
2827 4297 2965 4368 (22),
2994 4295 3154 4368 [108)
3179 4296 3472 4367 ὸμοούσιος
3499 4299 3618 4367 ἇνὴ
3651 4297 3827 4368 ἀνθρω-

2285 4397 2413 4465 πίνη
2461 4393 2622 4464 φύσις
2665 4393 2729 4462 τῇ
2758 4389 2985 4459 Θεότητι
3013 4387 3401 4461 συλλογισθείη
3429 4389 3545 4460 (33)
3563 4430 3578 4451 .
3609 4392 3760 4460 είπερ⁸
3777 4387 3824 4440 τὸ

2287 4487 2511 4557 Πνεῦμα
2538 4481 2822 4553 ὁμοούσιον
2864 4477 2958 4533 τοῦ
2994 4479 3124 4532 Υίοῦ
3158 4480 3254 4534 καί
3284 4497 3350 4550 γε
3379 4481 3445 4552 δὴ
3494 4481 3588 4535 τοῦ
3610 4478 3823 4551 Χριστοῦ·

1714 4720 1952 4777 VARUE
2004 4724 2387 4785 LECTIONES
2427 4727 2514 4780 ET
2536 4723 2767 4781 NOTAE.

679 4837 788 4911 (15)
818 4838 989 4893 Palat.
1033 4837 1073 4892 f.
1104 4838 1212 4892 230
1241 4837 1298 4893 ι).
1331 4840 1670 4910 παραφρονεῖ
1696 4840 1755 4890 σὲ
1789 4839 2057 4910 μηδαμῶς
2093 4843 2169 4895 ὲκ·

2369 4841 2478 4911 (17)
2510 4841 2716 4911 Beccus
2833 4853 2883 4892 c.
2918 4838 3142 4911 Πνεῦμα
3164 4838 3429 4911 Χριστοῦ
3457 4839 3521 4892 τὸ
3549 4840 3686 4908 ἅγιον
3705 4839 3819 4909 λέγει

602 4910 942 4979 πεφώνηται.

673 4981 720 5047 (1
735 4982 785 5048 r1)
818 4977 935 5033 Col.
971 4978 1098 5033 add.
1133 4977 1358 5048 Κυρίου.

675 5045 789 5117 (15⁷)
817 5048 959 5119 _Col.
1001 5045 1235 5119 Kuptou.
1275 5047 1551 5119 Suspicor
1590 5045 1883 5119 legendum
1928 5062 2048 5102 esse
2096 5048 2190 5102 τοῦ

604 5115 844 5188 Χριστοῦ
863 5120 970 5188 (κύ
999 5128 1053 5170 et
1081 5115 1342 5188 ﬁuJ‘acile
1366 5115 1620 5188 cunliundi
1648 5115 1836 5188 notum
1868 5126 1950 5171 est
1968 5122 2005 5180 ).
2033 5119 2192 5173 Certe

606 5185 835 5247 lteecus,
863 5186 900 5238 ι.
933 5203 1014 5250 ιιι,
1045 5189 1113 5240 ad
1147 5186 1360 5239 Thcod.
1393 5202 1442 5239 c.
1473 5186 1506 5238 5
1534 5190 1548 5250 (
1576 5185 1638 5238 (ὲ.
1668 5185 1731 5238 0.
1761 5185 1825 5245 ll,
1856 5201 1910 5255 p.
1942 5188 2062 5254 Ml)
2093 5192 2196 5243 hoc

588 5264 770 5323 caput
802 5270 911 5322 prae
948 5256 1122 5309 oculis
1175 5256 1399 5319 habuit;
1439 5270 1601 5322 porro
1651 5255 1766 5321 ipse
1803 5255 2010 5311 inducit
2049 5257 2196 5312 Pho-

608 5326 746 5395 tium
793 5325 1064 5395 dicentem
1097 5342 1111 5378 :
1162 5326 1344 5395 ἄλλον(
1371 5325 1582 5395 τρόπον
1634 5323 1891 5395 λέγεσθαι
1925 5326 2018 5378 τοῦ
2054 5329 2191 5395 Χρι-

610 5394 737 5448 στοῦ
767 5393 828 5446 τὸ
847 5393 1090 5462 Πνεῦμα,
1117 5395 1204 5445 ἒτε
1215 5410 1305 5463 ρον
1331 5394 1387 5446 δὲ
1413 5392 1512 5464 τοῦ
1543 5392 1694 5464 Υίοῦἑ
1722 5392 1852 5457 Quae
1885 5397 2025 5464 apud
2056 5392 2196 5450 Pho-

609 5469 746 5519 tium
774 5461 1079 5530 sequuntur
1106 5481 1120 5518 :
1155 5461 1392 5534 Χριστοῦ
1424 5463 1532 5534 γὰρ
1557 5461 1782 5532 Πνεῦμα
1813 5461 2006 5528 ὅτιίκ.
2040 5482 2092 5519 τ.
2117 5465 2193 5530 λ..

609 5537 662 5590 id
699 5534 1050 5588 conﬁrmant.

682 5605 797 5676 (16)
840 5602 1012 5676 Verba
1045 5605 1158 5656 hare
1183 5601 1420 5676 Χριστοῦ
1448 5602 1557 5671 γὰρ
1587 5601 1894 5676 Πνεῦμαοι
1920 5604 2198 5676 sequentia

609 5672 787 5746 usque
811 5675 880 5729 ad
912 5674 1074 5741 hujus
1112 5672 1310 5746 capitis
1337 5673 1497 5746 linem
1517 5674 1623 5746 sub
1655 5672 1829 5746 i’hOtii
1866 5673 2199 5746 nominele-

607 5741 813 5816 gnntur
837 5745 1268 5816 interpexcerpta
1282 5742 1336 5795 in
1359 5743 1481 5816 cod.
1506 5742 1602 5816 Cr.
1633 5745 1869 5816 theolog.
1901 5741 2026 5816 sat,
2065 5743 2195 5816 bibl.

607 5811 1174 5938 ggsagisvmdobon.
1217 5811 1576 5884 (Lan'ibeccio
1616 5823 1701 5870 est
1733 5811 1851 5870 cod'.
1906 5813 2004 5867 157
2027 5819 2067 5884 ),
2105 5811 2197 5868 fol.

2297 4907 2419 4964 σθαι
2452 4907 2873 4978 φησιν-Πνεῦμα
2907 4907 3201 4978 (Photins),
3226 4907 3312 4960 ὅτι
3337 4910 3487 4978 χρίει
3518 4907 3684 4966 αὐτόν.

2361 4979 2568 5044 (18-19)
2597 4976 2718 5030 Vat.
2748 4976 3129 5046 θρασύνθῦναι.
3340 4976 3347 4978 '
3377 4976 3385 4978 ‘
3421 4991 3436 5006 .

2364 5049 2475 5121 (20)
2515 5048 2648 5121 Cod.
2683 5047 2993 5121 Vindobon.
3029 5047 3310 5121 cit._tltu0p.
3347 5049 3580 5120 φύραμα
3607 5050 3818 5121 σιιτροσεὶιά⁴

2294 5117 2420 5190 ϐετο
2447 5119 2475 5169 ὁ
2508 5119 2574 5190 6.
2595 5117 2823 5190 Photius
2855 5119 2908 5190 in
2945 5132 3013 5170 eo
3043 5117 3266 5180 insistit,
3301 5117 3452 5188 quod
3491 5117 3708 5190 Spiritus
3732 5121 3820 5174 ideo

2293 5188 2496 5244 dicitur
2518 5187 2756 5256 Christi.
2787 5187 2914 5255 quia
2945 5202 3072 5240 eum
3109 5191 3264 5256 ungit
3285 5227 3300 5249 ,
3325 5187 3590 5246 Christus
3621 5208 3725 5245 vero
3745 5205 3819 5243 un-

2295 5260 2442 5332 gitur
2488 5272 2608 5332 non
2635 5267 2695 5309 ut
2725 5255 2867 5332 Deus
2892 5257 3044 5332 ,_sed
3076 5267 3136 5309 ut
3180 5255 3370 5332 homo.
3398 5260 3456 5314 Si
3487 5277 3616 5332 ergo
3641 5278 3696 5332 ex
3717 5262 3822 5314 dicto

2297 5325 2522 5400 Πνεῦμα
2566 5325 2803 5400 Χριστοῦ
2853 5325 3086 5400 infertur
3127 5331 3414 5400 processio
3439 5370 3452 5392 ,
3491 5325 3602 5399 jam
3640 5331 3819 5400 Spiritus

2297 5397 2544 5467 procedit
2573 5412 2638 5449 ex
2653 5396 2892 5467 _Christo
2938 5405 2996 5448 ut
3031 5397 3273 5459 homine,
3310 5413 3418 5451 nec
3447 5396 3518 5452 ah
3551 5396 3819 5456 asterimest.

2297 5465 2493 5538 sed‘ex
2512 5481 2622 5538 _quo
2652 5465 2823 5538 Filius
2863 5466 3154 5538 humanam
3183 5477 3439 5522 naturam
3469 5471 3744 5538 assumpsit.

2372 5534 2484 5608 (21)
2511 5535 2674 5608 ιξιιιιιι.
2707 5535 2758 5588 δι
2789 5535 2891 5587 ὅτι.
2921 5536 3125 5608 ϐοιηρ.
3163 5537 3591 5608 516εΧριστοῦ,
3613 5534 3680 5593 ὅτι
3705 5558 3772 5608 χρ.

2377 5605 2490 5679 (_2?)
2528 5602 2662 5679 Yide
2702 5619 2865 5679 supra
2899 5620 3020 5679 cap.
3052 5602 3142 5679 59.
3171 5606 3288 5679 Col.
3321 5602 3392 5660 τᾶ
3423 5602 3720 5679 διδάγματαί

2373 5674 2486 5746 (25)
2513 5675 2685 5746 _Nova
2730 5675 2962 5727 absurda
2996 5691 3060 5728 ex
3082 5744 3089 5746 Α
3110 5675 3303 5746 iisdem
3344 5674 3638 5746 praemissis
3669 5688 3713 5733 ut
3733 5691 3817 5745 cap.

2299 5744 2372 5798 95
2422 5743 2684 5806 deducta,
2715 5744 3240 5800 consubstantialem
3291 5743 3417 5800 esse
3456 5751 3717 5804 humanam
3750 5743 3818 5799 na-

2303 5825 2480 5867 turam
2527 5813 2722 5889 divina:
2745 5855 2760 5876 ,
2793 5815 3064 5868 inﬁnitum
3093 5824 3148 5868 et
3175 5816 3390 5889 ﬁnitum
3426 5819 3667 5889 misceri,
3693 5817 3820 5889 Spiri-

2301 5897 2417 5937 tum
2445 5885 2741 5951 procedere
2769 5893 2824 5938 et
2849 5895 2975 5938 ante
3007 5895 3058 5939 te
3088 5893 3210 5952 post
3241 5881 3680 5944 incarnationem.
