4002 6466
178 464 305 532 389

1271 466 1371 526 DE
1410 466 1471 525 S.
1527 464 1879 526 SPIRITUS
1918 466 2422 529 MYSTAGOGIA.

3373 470 3478 532 390

180 578 604 652 ἐκπορεύεσθαι
633 578 733 648 μὲν
774 576 885 648 γὰρ
913 577 1089 640 ποιεῖς
1115 575 1249 630 αὐτὸ
1277 576 1373 629 καὶ
1398 576 1505 648 πρὸ
1528 576 1627 645 τῆς
1659 592 1790 645 σαρ-

1898 577 2331 632 incarnationem
2370 585 2573 647 etpost
2605 576 3069 645 incarnationem;
3111 582 3478 637 consubstan-

181 671 429 735 κώσεως
455 673 547 725 καὶ
581 669 721 740 μετὰ
743 669 842 740 τὴν
867 668 1168 739 σάρκωσιν,
1199 667 1261 721 τὸ
1282 667 1338 720 δὲ
1362 666 1652 737 ὁμοούσιον
1677 664 1790 737 (24)

180 762 356 817 οὔπω
386 762 682 832 περιεῑλες.
710 761 771 814 Et
793 755 888 814 οὖν
913 759 1201 830 ὁμοούσιον
1229 758 1328 828 μὲν
1354 759 1417 811 τὸ
1443 756 1672 827 Πνεῦμα
1695 755 1791 810 τοῦ

184 857 370 922 Tini),
400 854 687 926 ὁμοούσιον
733 853 789 905 δὲ
831 852 928 905 καὶ
952 854 1020 922 τῇ
1052 849 1470 921 προσληφθείσῃ
1512 847 1674 918 φύσει
1715 846 1795 918 (ἐξ

184 948 376 1016 αὐτῆς
418 948 529 1018 γὰρ
574 946 708 999 αὐτὸ
756 943 1004 1006 κελεύεις
1054 941 1531 1012 ἐκπορεύεσθαι),
1580 940 1666 1009 εἴη
1728 939 1794 992 ἂν

184 1039 420 1102 ἀλύτοις
452 1039 633 1107 λόγοις
652 1036 981 1103 ἀποδείξεων
998 1034 1281 1106 ὁμοούσιος
1302 1035 1394 1087 καὶ
1419 1034 1526 1104 ὴὲν
1546 1032 1625 1104 τῷ
1660 1033 1794 1102 Χρι-

187 1133 313 1201 στῷ
326 1131 440 1203 (25)
459 1132 649 1200 θεότης
662 1132 725 1199 τῇ
746 1131 800 1181 ὲν
817 1128 962 1198 αυτῷ
974 1128 1157 1199 ἀνθρω
1168 1126 1606 1198 πότητι(26).Ἐῶ
1625 1125 1683 1179 δὲ
1698 1124 1793 1178 νῦν

186 1221 669 1292 παριστάνειν,ὡς
704 1220 799 1272 καὶ
825 1222 969 1273 κατὰ
997 1220 1089 1272 τοῦ
1124 1220 1337 1289 [ἰατρὸς
1358 1220 1420 1272 τὸ
1451 1218 1544 1272 σὸν
1567 1218 1792 1286 συνάγει

189 1314 377 1384 δόγμα
402 1313 489 1367 διὰ
518 1313 616 1382 τῆς
643 1312 817 1381 αὐτῆς
853 1314 960 1365 τῶν
984 1312 1159 1380 λόγων
1184 1312 1416 1383 θεωρίας
1438 1312 1498 1365 τὸ
1518 1312 1617 1382 τῆς
1657 1328 1791 1381 σαρ-

191 1404 299 1467 κὸς
342 1403 634 1475 ὁμοούσιον
674 1403 786 1472 (‘27)
812 1419 825 1433 ‘
860 1404 955 1456 καὶ
979 1403 1031 1455 τί
1061 1404 1125 1455 ἂν
1156 1403 1240 1470 εἴη
1268 1404 1368 1473 τῆς
1398 1403 1658 1467 ἀσεϐείας
1677 1400 1790 1473 (28)

189 1492 507 1562 ἀθεώτερον
531 1492 645 1561 ('29)
669 1492 701 1562 ἦ
730 1493 828 1561 τῆς
859 1491 1069 1560 πλάνης
1094 1489 1458 1560 ἁθλιὼτερον;

268 1588 373 1651 κε’.
417 1584 491 1635 Σὺ
516 1582 574 1634 δὲ
600 1581 750 1635 ούπω
787 1582 966 1650 βούλει
1001 1582 1256 1644 συνιδεῖν,
1284 1583 1366 1644 είς
1397 1581 1545 1645 οἴους
1576 1598 1635 1633 σε
1660 1599 1793 1651 κρη-

196 1677 370 1745 μνοὺς
402 1676 499 1728 καὶ
525 1675 773 1747 βάραθρα
802 1674 1041 1743 ψυχικῆς
1066 1673 1363 1743 διαφθορᾶς
1392 1674 1789 1745 ὲναπορρίπτει

193 1768 296 1821 καὶ
318 1766 647 1837 κατορύττει
667 1766 729 1817 τὸ
755 1764 830 1834 μὴ
858 1763 1145 1833 βούλεσθαί
1169 1780 1229 1816 σε
1254 1762 1478 1833 Χριστῷ
1512 1763 1648 1834 μηδὲ
1676 1762 1788 1834 (50)

191 1863 309 1922 τοῖς
347 1857 515 1913 αὑτοῦ
560 1858 831 1928 μαθηταῖς
880 1855 1196 1918 πείθεσθαι,
1246 1854 1387 1926 μηδὲ
1436 1857 1557 1919 ταῖς
1604 1856 1787 1907 οἰκου-

1900 669 2183 723 tialitatem
2220 684 2349 723 vero
2380 670 2622 723 nondum
2652 669 2946 724 sustulisti.
2982 668 3038 723 Si
3069 670 3235 741 igitur
3300 675 3478 744 Spiri-

1902 768 1989 814 tus
2022 760 2158 813 Filio
2201 760 2705 821 consubstantialis.
2737 770 2791 814 et
2832 761 3319 819 consubstantialis
3339 781 3479 835 quo-

1898 867 2005 921 que
2029 862 2323 922 assumpta:
2355 860 2565 905 natura;
2601 850 2687 919 (ex
2715 850 2828 921 ipsa
2862 867 3093 921 namque
3119 868 3245 907 eum
3280 871 3477 923 proce-

1898 944 2029 999 dere
2065 945 2274 1013 jubes),
2350 942 2689 998 incluctabili
2726 945 2999 997 rationum
3053 944 3105 1000 vi
3169 948 3474 1014 evincetur,

1897 1035 2105 1092 Christi
2140 1038 2398 1091 deitatem
2451 1037 2972 1090 consubstantialem
3015 1052 3136 1092 esse
3170 1039 3341 1108 ipsius
3373 1041 3478 1095 hu-

1897 1130 2169 1183 manitati.
2232 1128 2343 1183 Nec
2390 1129 2514 1183 volo
2558 1129 2776 1183 interim
2824 1131 3226 1194 demonstrare,
3280 1135 3469 1188 eadem

1897 1220 2171 1275 rationum
2214 1220 2264 1273 vi
2296 1236 2326 1274 e
2356 1231 2449 1274 tuo
2480 1221 2730 1291 dogmate
2765 1222 2965 1291 colligi,
3003 1238 3126 1276 cum
3163 1224 3282 1293 ipso
3312 1226 3476 1281 etiam

1895 1311 2058 1365 Patre
2079 1325 2298 1365 carnem
2328 1308 2530 1364 Christi
2561 1309 2797 1375 futuram
2830 1310 3353 1368 consubstantialem
3378 1332 3392 1380 ;
3420 1325 3477 1370 ct

1895 1401 2021 1469 quid
2061 1400 2208 1453 aliud
2235 1400 2399 1454 fuerit
2427 1409 2521 1454 aut
2553 1400 2653 1454 hac
2685 1400 2962 1470 impietate
2983 1402 3357 1460 detestabilius
3379 1414 3475 1460 aut

1896 1488 2001 1541 hoc
2027 1503 2213 1542 errore
2244 1488 2658 1543 calamitosius?

1966 1576 2055 1632 95.
2082 1576 2161 1631 Tu
2192 1587 2372 1632 tamen
2400 1579 2640 1633 nondum
2666 1580 2747 1635 vis
2769 1583 3095 1652 conspicari,
3128 1585 3180 1638 in
3208 1588 3385 1655 qualia
3422 1598 3475 1642 te

1894 1668 2195 1738 praecipitia
2242 1678 2297 1723 et
2337 1668 2583 1737 inquam
2641 1673 3009 1739 perniciosum
3068 1674 3265 1729 animas
3313 1677 3476 1730 bara-

1896 1755 2081 1810 thrum
2112 1757 2361 1826 projiciat
2391 1774 2454 1812 ac
2485 1759 2709 1828 sepeliat
2764 1761 3011 1831 improba
3048 1762 3167 1818 haec
3202 1764 3474 1831 voluntas,

1893 1862 1998 1915 qua
2038 1850 2223 1903 renuis
2240 1848 2458 1903 Christo
2483 1850 2709 1919 ejusque
2744 1852 3025 1921 discipulis
3063 1855 3465 1924 obtemperare,

198 1954 453 2022 μενικαίς
497 1927 729 2003 ἕπεσθαι
768 1948 1036 2013 συνόδοις,
1089 1948 1225 2019 μηδὲ
1255 1947 1393 2016 πρὸς
1418 1946 1518 2010 τὰς
1558 1946 1785 2014 λογικὰς

1898 1940 2130 2010 synodos
2169 1943 2538 1998 mcumeuicas
2578 1945 2730 2013 sequi
2767 1948 3212 2017 argumentisque
3269 1965 3333 2003 ac
3386 1966 3475 2005 ra-

195 2043 423 2110 ἐφόδους
473 2043 566 2095 καὶ
619 2041 788 2103 αὐτὰς
841 2040 931 2093 διὰ
964 2040 1073 2092 τῶν
1123 2040 1284 2110 ἱερῶν
1333 2038 1630 2112 προῖούσας
1683 2039 1789 2091 Λο-

194 2133 333 2200 γίων
360 2134 473 2202 (51)
509 2131 773 2203 μηδαμῶς
804 2130 896 2183 τὸν
930 2129 1055 2184 νοῦν
1084 2129 1453 2201 ἐπιστρέφειν
1482 2129 1619 2184 ἀλλὰ
1655 2146 1791 2181 κατ-

195 2228 417 2294 ηγορεῖς
489 2225 593 2294 μὲν
633 2222 729 2277 τοῦ
770 2222 950 2276 κοινοῦ
995 2222 1269 2275 Δεσπότου
1303 2223 1447 2293 (52),
1476 2222 1787 2293 καταψεύδῃ

194 2316 255 2369 δὲ
298 2316 393 2368 τοῦ
449 2314 700 2383 γενναίου
745 2314 1003 2380 Παύλου,
1052 2315 1516 2381 κατεξανίστασαι
1573 2315 1631 2368 δὲ
1677 2314 1787 2368 τῶν

197 2406 595 2477 οἱκουμενικῷν
639 2406 735 2461 καὶ
770 2407 942 2473 ἁγίων
978 2406 1233 2471 συνόδων,
1268 2405 1549 2476 διασύρεις
1592 2406 1647 2458 δὲ
1673 2407 1787 2458 Πα-

194 2498 366 2570 τέρας
394 2500 490 2552 καὶ
517 2498 643 2561 τοὺς
676 2498 801 2555 σοὺς
821 2496 973 2571 [109]
1004 2497 1281 2569 ἀρχιερεῖς
1314 2499 1410 2550 καὶ
1435 2495 1686 2565 Πατέρας
1712 2495 1790 2557 ὡς

197 2589 418 2660 ἀληθῶς
448 2590 707 2659 Πατέρων
739 2590 850 2658 (55)
887 2590 986 2659 τῆς
1030 2586 1271 2650 διανοίας
1300 2585 1700 2655 ὲξοστρακίζων
1729 2586 1787 2648 ἐς

199 2683 446 2751 κόρακας
478 2680 586 2753 (54)
620 2680 974 2749 ἀποπέμπεις
1003 2678 1097 2732 καὶ
1127 2679 1263 2748 πρὸς
1290 2678 1389 2740 τὰς
1417 2677 1641 2746 λογικὰς
1680 2694 1788 2731 κω-

200 2774 392 2841 φεύεις
417 2772 645 2843 θεωρίας
668 2790 681 2803 ·
716 2774 809 2825 καὶ
842 2770 1018 2823 πάντα
1045 2787 1125 2822 σοι
1148 2768 1425 2840 κατεπόθη
1449 2769 1519 2821 τὰ
1540 2769 1786 2841 σωτήρια

197 2869 281 2928 είς
312 2864 370 2918 τὸ
401 2866 499 2934 τῆς
524 2864 853 2933 ἐπισφαλοῦς
898 2862 1224 2933 προλήψεως
1266 2861 1459 2925 πάθος.
1503 2860 1643 2913 Ἀλλ’
1667 2860 1784 2914 ςὶινθ⁹

198 2956 357 3024 ἡμῶν
386 2971 471 3008 σοι
506 2954 670 3008 Δαϐὶδ
689 2956 717 3006 ὁ
742 2954 977 3024 μελῳδὸς
1002 2956 1096 3007 καὶ
1120 2953 1406 3024 θεοπάτωρ
1429 2952 1783 3023 ὲμϐοήσεται·

195 3050 423 3101 Σύνετε
452 3047 553 3114 δὴ,
581 3048 839 3115 ἄφρονες
866 3047 936 3099 ἐν
968 3045 1047 3111 τῷ
1077 3044 1223 3111 λαῷ,
1255 3046 1351 3099 καὶ
1388 3046 1570 3114 μιιφοί
1617 3044 1783 3111 ποτὲ,

196 3140 589 3207 μρενήσατε·
636 3140 845 3209 μήποτε
889 3140 1113 3210 ἁρπάσῃ
1154 3140 1182 3191 ὁ
1229 3138 1409 3202 κοινὸς
1460 3137 1555 3190 τοῦ
1598 3139 1787 3206 γένους

195 3230 393 3302 ἐχθρὸς
437 3229 728 3292 τοσαύταις
755 3230 906 3299 ἡμᾶς
943 3229 1290 3299 περιϐάλλων
1313 3229 1425 3300 (55)
1470 3228 1676 3296 πάγαις
1703 3228 1784 3293 ὡς

195 3322 353 3376 λέων
381 3322 590 3389 ἄγριος
615 3321 713 3375 καί
744 3320 1083 3390 ἀρυόμενος
1112 3321 1220 3386 τὰς
1256 3321 1463 3388 ψυχὰς
1499 3318 1667 3389 ὑμῶν
1686 3318 1783 3372 καὶ

197 3415 270 3467 οὐ
291 3413 380 3481 μὴ
411 3408 457 3483 ᾖ
481 3416 515 3466 d
530 3412 827 3480 ῥυόμενος
850 3411 985 3480 (56).

267 3509 385 3571 ιιςε.
431 3505 545 3567 Τὰς
576 3504 673 3573 μὲν
695 3500 788 3557 οὖν
814 3502 1192 3565 ὑποτυπώσεις
1214 3502 1325 3573 (57)
1347 3501 1570 3565 ταύτας,
1595 3500 1784 3571 ὥσπερ

197 3592 407 3663 ᾔτησας
444 3592 581 3659 (58),
621 3592 786 3662 ἔχεις,
822 3591 1033 3662 ἀνδρῶν
1062 3591 1187 3661 ἐμοὶ
1233 3588 1648 3659 σεϐασμιὼτατε
1689 3591 1785 3644 καὶ

198 3682 638 3752 φιλομαθέστατε
671 3684 804 3751 (59).
857 3682 919 3735 Εί
966 3682 1023 3735 δέ
1067 3698 1198 3734 ποτε
1246 3680 1453 3751 Κύριος
1500 3682 1632 3751 ἡμῖν
1683 3682 1784 3752 τὴν

197 3776 581 3844 αἰχμαλωσίαν
622 3774 943 3845 ἐπιστρέψει
970 3773 1080 3845 (40)
1116 3772 1225 3825 τῶν
1276 3772 1498 3843 βιϐλίων
1534 3772 1629 3826 κα)⁸
1675 3773 1784 3826 τῶν

198 3865 570 3936 ύπογραφέων
601 3868 635 3935 ἡ
645 3865 761 3935 μῶν
786 3866 919 3936 (41),
956 3867 1095 3935 τάχα
1128 3865 1193 3918 ἂν
1217 3865 1358 3931 ἕξεις
1382 3864 1493 3935 (42)
1519 3865 1613 3918 τοῦ
1650 3881 1786 3918 παν-

198 3959 357 4025 αγίου
396 3957 717 4027 Πνεύματος
754 3959 887 4028 ἡμῖν
924 3957 1257 4027 ὲμπνέοντός
1294 3974 1353 4009 τε
1383 3959 1476 4009 καὶ
1506 3956 1787 4010 ὲπινεύον-

197 4052 286 4112 τός
323 4052 425 4104 καὶ
450 4051 550 4111 τὰς
575 4052 825 4121 χρήσεις,
867 4050 935 4113 ἃς
979 4051 1028 4102 οι
1062 4050 1173 4103 νέοι
1204 4049 1599 4121 προκομίζουσι
1626 4067 1789 4103 πνευο

202 4144 537 4213 ματομάχοι,
565 4143 766 4214 μᾶλλον
816 4144 873 4197 δὲ
922 4145 971 4197 οἱ
1003 4144 1126 4197 καθ’
1152 4143 1305 4215 ὃλης⁴
1329 4144 1662 4214 ἐκμανέντες
1685 4144 1783 4214 τῆς

202 4236 563 4305 ὕπεραγάθου
588 4238 685 4289 καὶ
713 4236 1149 4311 τρισυποστάτου
1189 4236 1456 4306 Θεότητος
1478 4237 1652 4306 (οὐδὲν
1670 4236 1780 4307 γὰρ

197 4328 382 4390 αὐτοῖς
405 4327 516 4381 τῶν
535 4330 592 4381 ὲν
618 4328 754 4399 αὐτῇ
778 4326 1229 4399 παραλέλειπται,
1247 4326 1277 4379 ὃ
1315 4326 1390 4398 μὴ
1412 4330 1533 4391 ταῖς
1555 4326 1783 4393 οίκείαις

1894 2032 2139 2086 tionibus
2168 2050 2198 2087 e
2227 2034 2398 2087 sacris
2436 2035 2669 2105 eloquiis
2693 2037 2942 2093 deductis
2976 2039 3221 2092 animum
3258 2040 3474 2109 impen-

1890 2122 2053 2191 dere;
2088 2124 2184 2178 sed
2228 2140 2452 2181 accusas
2503 2142 2849 2183 communem
2891 2128 3207 2192 Dominum,
3266 2134 3471 2187 menti-

1890 2213 1968 2267 ris
2002 2214 2056 2267 in
2090 2216 2353 2270 eximium
2383 2216 2631 2283 Paulum,
2663 2219 2896 2290 insurgis
2928 2220 2982 2275 in
3009 2224 3382 2277 (ecumcnicas
3414 2234 3469 2278 et

1890 2314 2112 2362 sanctas
2137 2313 2393 2379 synodos,
2445 2311 2799 2367 calumniaris
2833 2312 3024 2368 Patres
3057 2322 3290 2385 tuosque
3329 2330 3472 2387 pon-

1890 2396 2085 2460 tifices,
2116 2415 2180 2454 ac
2208 2398 2396 2455 Patres
2426 2416 2616 2455 revera
2647 2418 2678 2456 e
2720 2402 2940 2458 Patrum
2979 2421 3147 2460 censu
3177 2407 3472 2462 eliminans

1889 2488 1943 2543 in
1966 2491 2157 2545 malam
2190 2494 2455 2548 amandas
2486 2510 2727 2559 crucem,
2752 2506 2804 2551 et
2833 2497 2897 2551 ad
2928 2498 3154 2552 rationis
3175 2514 3470 2570 argumen-

1889 2581 2125 2635 tationes
2150 2582 2533 2649 obsurdescis;
2571 2594 2626 2638 et
2650 2585 2834 2639 omnia
2862 2585 2975 2654 jam
2998 2586 3271 2643 devorasti
3309 2590 3473 2659 phar.

1889 2688 2063 2741 maca,
2088 2690 2208 2745 qua:
2244 2684 2495 2746 poterant
2525 2674 2734 2731 fallacis
2765 2679 3258 2749 praeoccupationis
3280 2682 3471 2735 morbo

1889 2766 2117 2821 mederi.
2150 2766 2255 2821 Sed
2282 2784 2379 2837 pro
2419 2767 2581 2822 nobis
2616 2768 2785 2822 David
2825 2768 2924 2823 tibi
2946 2769 3234 2824 Psalmista
3262 2771 3469 2842 Deique

1888 2873 2125 2928 proavus
2156 2860 2474 2914 inclamabit
2506 2878 2519 2914 :
2556 2860 2861 2931 lntelligite,
2887 2862 3191 2931 insipientes
3212 2865 3265 2916 in
3279 2863 3469 2932 populo

1888 2958 1937 3002 et
2000 2948 2149 3002 stulti
2200 2950 2516 3021 aliquando,
2546 2953 2719 3021 sapite
2752 2954 2821 3018 θ’,
2850 2968 2919 3007 ne
2973 2952 3113 3008 forte
3160 2957 3468 3009 communis

1890 3042 2108 3112 generis
2165 3044 2389 3098 humani
2432 3045 2607 3098 hostis
2657 3054 2737 3099 tot
2790 3061 2888 3101 vos
2941 3046 3151 3115 laqueis
3200 3046 3469 3117 impetens

1888 3132 2088 3201 rapiat,
2122 3142 2379 3203 tanquam
2411 3130 2489 3188 leo
2528 3136 2669 3207 ferus
2712 3146 2760 3190 et
2807 3138 3020 3207 rugiens
3044 3139 3109 3205 ³³,
3141 3140 3354 3193 animas
3377 3155 3466 3194 ve-

1810 3262 1852 3319 Ο
1889 3235 2052 3292 stras,
2088 3236 2136 3280 et
2172 3243 2274 3280 non
2300 3228 2368 3281 sit
2400 3229 2490 3297 qui
2520 3229 2797 3297 eripiat".

1952 3504 2043 3561 96.
2072 3504 2258 3559 Rudes
2317 3505 2480 3575 igitur
2527 3504 2947 3561 informationes
2996 3506 3129 3561 istas
3164 3508 3358 3574 habes,
3403 3520 3466 3564 ut

1880 3595 2143 3667 petivisti,
2162 3596 2405 3649 virorum
2431 3596 2840 3667 religiosissime
2862 3606 3024 3666 atque
3039 3594 3462 3657 studiosissime.

1884 3685 2090 3752 Qu‘odsi
2151 3685 2372 3755 quando
2442 3684 2708 3740 Dominus
2769 3688 2933 3749 nobis
2997 3688 3240 3758 direptos
3299 3690 3466 3745 libros

1882 3787 2044 3847 atque
2082 3791 2449 3831 amanuenses
2486 3777 2761 3843 restituat,
2795 3778 3027 3833 fortasse
3078 3779 3304 3834 habebis
3336 3796 3465 3835 san-

1882 3870 2129 3924 ctissimo
2156 3868 2362 3939 Spiritu
2378 3870 2536 3924 nobis
2552 3870 2771 3925 atllante
2800 3880 2963 3941 atque
2988 3882 3267 3927 annuente
3300 3874 3463 3928 etiam

1887 3961 2215 4028 testimonia,
2246 3978 2369 4033 qua:
2407 3962 2695 4033 proferunt
2718 3962 2843 4016 novi
2878 3962 2966 4017 isti
3015 3962 3251 4031 Spiritus
3279 3965 3463 4019 inimi-

1887 4052 1961 4117 ci,
1988 4052 2098 4107 imo
2120 4053 2287 4107 totius
2321 4067 2534 4108 summe
2562 4053 2717 4107 bona:
2751 4061 2807 4107 et
2842 4051 2997 4107 trina:
3021 4052 3250 4108 Deitatis
3280 4056 3465 4110 hostes

1891 4144 2081 4200 luriosi
2139 4143 2299 4213 (nihil
2338 4143 2485 4199 enim
2540 4143 2595 4197 in
2659 4158 2722 4197 ca
2786 4144 3110 4209 omiserunt,
3162 4146 3307 4214 quod
3351 4148 3466 4203 suis

1889 4235 2129 4292 vesaniis
2158 4252 2269 4291 non
2298 4234 2599 4305 lacerent);
2634 4250 2737 4287 nec
2783 4250 2896 4288 non
2936 4221 3165 4290 habebis
3220 4238 3466 4293 confuta-

1893 4329 2101 4384 tionem
2153 4329 2396 4399 ipsorum
2448 4342 2514 4381 ex
2548 4325 2895 4393 testimoniis,
2934 4342 3054 4396 qua:
3097 4327 3315 4398 ipsimet
3339 4345 3467 4400 pro.

312 4446 361 4477 "
426 4444 569 4499 Psal.
610 4459 759 4510 xcm,
795 4445 849 4498 8.
923 4444 969 4476 "
1000 4442 1021 4496 l
1048 4443 1194 4502 Petr.
1227 4460 1281 4508 ν,
1310 4443 1363 4497 8.
1443 4443 1490 4476 9‘
1517 4442 1662 4499 l‘sal.
1698 4461 1847 4507 xm,
1880 4444 1971 4499 22.

1308 4592 1539 4649 ἻΑΒΙᾸΞ
1576 4594 1959 4651 LEC'I‘IONES
1996 4597 2082 4651 ET
2121 4596 2355 4651 ΝΟΤΑΞ.

267 4719 385 4787 (24)
418 4716 534 4772 Col.
563 4716 624 4769 τὸ
650 4715 823 4787 δ’ίὸμ.

265 4781 381 4859 (25)
427 4787 600 4841 Vatic.
626 4787 666 4839 f.
690 4781 794 4841 203
822 4800 873 4839 a.
906 4782 1239 4848 ἀποδείξεων
1260 4782 1357 4836 καὶ
1379 4784 1436 4834 ἐν
1462 4786 1538 4851 τῷ
1565 4781 1785 4853 Χριστῷ

193 4859 387 4921 θεότης
411 4862 503 4921 ὀμ.

263 4878 387 4994 ξὲὲῗ
411 4876 596 4987 iis...
628 4931 667 4986 r.
693 4930 793 4984 εει
830 4929 885 4983 ι›.
919 4929 977 4980 ἐν
1001 4924 1150 4995 αὐτῷ
1184 4925 1250 4996 τῇ
1284 4922 1439 4994 ἀνορ.

261 5002 380 5069 (‘27)
428 4999 695 5056 Videlicet
743 5000 786 5054 si
846 4997 965 5051 Filii
1015 4993 1251 5049 humana
1300 4993 1512 5069 natura
1546 4993 1787 5069 consul)-

191 5063 468 5123 sta'ntialis
496 5083 579 5126 est
612 5072 809 5126 divinae
842 5068 960 5135 eius
989 5076 1233 5126 natura},
1289 5080 1413 5118 cum
1463 5063 1644 5119 divina
1685 5080 1778 5117 na-

192 5148 309 5192 tura
335 5140 519 5196 Patris
544 5144 614 5197 sit
640 5142 849 5204 eadem,
870 5134 1030 5193 Pater
1053 5150 1269 5206 quoque
1292 5134 1546 5189 humanae
1576 5143 1784 5189 naturae

189 5211 678 5266 consubstantialis
708 5210 835 5265 erit.

260 5280 379 5349 (ΞΒ)
423 5279 542 5349 Col.
580 5281 840 5341 ἀσεϐείας
868 5276 1097 5346 ταύτης.

258 5348 377 5419 (:29)
422 5348 544 5404 Vat.
573 5352 758 5404 ἁθεότε
770 5367 882 5420 ρον.

259 5415 377 5489 (50)
415 5420 469 5473 In
499 5421 669 5477 Vatic.
704 5415 793 5474 hic
816 5430 869 5473 et
896 5419 950 5471 in
982 5434 1095 5487 seq.
1126 5416 1200 5489 μὴ
1233 5415 1313 5471 δέ.

260 5485 379 5559 (51)
422 5489 542 5545 Vat.
576 5490 905 5561 προσιούσας
921 5488 983 5561 ,λἶ
1018 5485 1268 5561 ltite’lligit
1298 5486 1536 5561 rationes
1563 5485 1778 5561 theolo-

189 5556 368 5629 gicas,
402 5556 849 5615 ratiocinationes
880 5559 1193 5629 dialecticas
1216 5572 1283 5629 ex
1313 5556 1609 5627 praemissis
1633 5571 1777 5610 reve-

187 5628 416 5683 lationis
432 5631 713 5693 deductas,
741 5630 930 5699 quales
952 5628 1405 5699 suaisopltismata
1426 5642 1548 5682 esse
1566 5635 1774 5681 censct.

260 5701 380 5767 (32)
412 5698 532 5756 Col.
561 5701 651 5752 τὸν
684 5699 862 5752 κοινὸν
887 5698 1183 5767 Δεσπότην.

262 5771 378 5841 (55)
423 5771 721 5841 ΥἰιΙθΑοιψ,
745 5771 805 5823 81
852 5768 1151 5841 praesertim
1181 5776 1297 5841 not.
1332 5767 1386 5822 5.

261 5834 379 5904 (5t)
426 5842 516 5893 Sic
546 5834 673 5893 Col:
696 5834 867 5893 Palat:
903 5838 944 5892 ί.
970 5837 1078 5895 252
1107 5852 1159 5894 a.
1192 5839 1270 5903 είς
1300 5855 1421 5908 κορ.
1453 5834 1664 5893 Tritum
1693 5843 1779 5893 est

193 5912 545 5977 proverbium
584 5910 918 5966 Graecorum.
1333 5951 1335 5954 ‹

1818 4717 1859 4770 Ι.)
1961 4714 2072 4787 (55)
2105 4714 2223 4787 got.
2253 4712 2582 4787 περιϐαλιῦν.

1962 4781 2073 4851 (56)
2108 4784 2305 4839 Psalm.
2327 4781 2446 4848 'vtt,
2476 4785 2541 4850 ὃς
2570 4798 2681 4850 ιιι,
2714 4782 2818 4847 14;
2866 4782 2988 4837 coll.
3023 4781 3041 4834 1
3076 4782 3217 4838 Petr.
3252 4803 3306 4851 v,
3338 4787 3466 4842 8,...

1888 4856 2133 4911 Brevcm-
2166 4854 2667 4924 recapitulationem
2706 4852 2813 4925 hoc
2852 4861 3020 4925 caput
3064 4853 3461 4925 complectitur,

1924 4941 2046 4979 uam
2083 4923 2331 4980 conferas
2362 4940 2487 4978 cum
2515 4940 2635 4995 cap.
2672 4923 2739 4977 15
2777 4923 3054 4992 sequentis
3090 4926 3363 4992 opusculi.
3394 4923 3466 4971 -ὲ

1933 5006 2006 5050 at.
2043 5014 2097 5051 κ.
2125 4995 2475 5066 ὠρυώμενος.

1977 5066 2066 5136 57)
2106 5063 2273 5120 Palat.
2297 5063 2714 5127 ἀποτυπώσεις.

1979 5135 2068 5203 58⁷)
2103 5135 2189 5190 Cf.
2216 5151 2340 5206 Cap.
2372 5136 2424 5188 1.

1939 5201 2065 5329 (59)
2096 5201 2310 5261 Colunt.
2364 5207 2400 5260 ί.
2445 5204 2551 5259 517
2586 5201 2822 5275 ειίερέων
2859 5203 2984 5273 ἐμοὶ
3024 5205 3322 5277 τιμιώτατε
3367 5210 3463 5264 καὶ

1922 5297 1991 5330 ιΛ.

1950 5346 2060 5417 (40)
2093 5345 2316 5402 Phrasis
2355 5346 2552 5401 biblica
2585 5345 2723 5417 psal.
2753 5362 2928 5401 cxxvt.
2966 5342 3147 5416 (Vulg.
3179 5348 3352 5415 cxxv)
3394 5350 3416 5403 ί
3443 5367 3461 5417 ;

1881 5416 2076 5490 Είῑεοὶι.
2112 5433 2270 5483 xxix,
2304 5417 2404 5481 M;
2444 5416 2612 5490 Aluos
2646 5434 2722 5484 Ix,
2762 5418 2829 5472 14
2868 5426 2924 5473 et
2966 5432 3114 5486 saepe
3145 5420 3290 5488 apud
3335 5416 3483 5490 pro?»

1878 5489 2071 5557 phetas
2101 5502 2399 5557 occurrens
2434 5485 2604 5557 (cxx).

1949 5559 2059 5629 (41)
2091 5556 2305 5629 Colum.
2345 5556 2405 5609 Et
2440 5556 2496 5629 δέ
2531 5556 2910 5629 ποτεγΚύριος
2954 5559 3087 5626 ἡμῖν
3132 5556 3233 5629 τὴν
3273 5558 3463 5626 ὑγείαν

1877 5626 2163 5699 χαρίσεται
2188 5627 2263 5697 (in
2288 5626 2533 5699 margine
2559 5645 2573 5681 :
2599 5628 2695 5681 καὶ
2711 5626 3222 5699 τὴνᾼαίχμαλωσίαν
3240 5629 3458 5699 ἐπιστρ.

1875 5696 1982 5779 τῶν
2013 5697 2233 5779 βιϐλίων
2261 5696 2447 5779 κετῶν
2480 5698 2678 5779 ύπογρ.
2716 5696 3040 5779 (pausat
3076 5698 3139 5779 ἐκ
3170 5697 3271 5778 τῇς
3300 5696 3459 5779 νόσου

1875 5766 2279 5891 ἔπιστρέψοέιεν
2306 5768 2363 5819 ὲν
2383 5766 2539 5838 τάχει
2572 5766 2666 5822 καὶ
2694 5766 2803 5823 τῶν
2829 5766 3087 5837 γραφέων
3112 5766 3289 5838 ἡμῶν,
3321 5770 3461 5842 τάχα

1914 5855 1962 5891 ν.
1997 5856 2051 5891 κ.
2081 5855 2132 5891 τ.
2202 5878 2214 5890 .

1914 5855 1962 5899 ν,
1997 5856 2051 5891 κ.
2081 5855 2132 5891 τ.
2167 5855 2214 5890 λ.

1952 5909 2065 5978 (42)
2097 5906 2266 5963 Vatic.
2297 5906 2335 5961 ί.
2360 5907 2466 5963 208
2496 5908 2551 5964 1).
2578 5909 2742 5974 ἕξεις.
2767 5908 2959 5965 Colunt
3019 5906 3170 5976 ἓξης.
