4008 6430
166 356 299 422 397

1229 361 1326 421 DE
1365 362 1426 424 S.
1454 361 1812 425 SPIRITUS
1848 361 2355 424 MYSTAGOGIA.

3344 360 3452 428 398

163 468 240 524 οὐ
287 470 393 542 τὴν
409 466 602 533 ἁπλῶς
637 468 913 536 ὲξέλευσιν
942 468 1230 540 σημαίνει,
1254 470 1378 541 ἦτις
1414 470 1533 523 ἐστὶ
1574 470 1776 541 συμϐε-

1884 472 2242 542 cgressionem
2285 470 2608 541 simpliciter
2634 469 2923 542 signiﬁcat,
2977 485 3100 541 qua:
3141 470 3452 527 accidenta-

165 562 365 632 ϐηχὸς
385 560 645 632 γινομένη
679 562 772 614 καὶ
808 559 1199 630 ἀπογινομένη,
1226 559 1364 613 ἀλλὰ
1398 559 1499 630 τὴν
1537 558 1772 629 οὐσιὼδη

169 653 287 707 καὶ
337 654 575 722 φυσικὴν
622 656 717 705 καὶ
766 650 861 704 τοῦ
910 652 1031 715 πῶς
1093 644 1233 704 εἶναι
1286 651 1631 723 σημαντικὴν
1680 653 1776 705 καὶ

167 746 289 818 τὴν
314 746 428 817 (88)
452 744 741 816 ὑπάρξεως
762 743 856 797 τοῦ
877 744 1033 811 ἁγίου
1060 743 1378 812 Πνεύματος
1407 745 1771 813 ὲμφαντικήνο

168 840 268 892 ὅτι
297 841 363 891 οὐ
401 836 675 907 γεννητῶς
731 838 881 890 ἐστιν
930 837 1076 899 ὠς·ὀ
1102 836 1249 900 Υἱὸς,
1280 834 1396 889 ἀλλ’
1422 836 1774 906 ὲκπορευτῶς

174 908 298 983 καί
318 931 466 993 ἰδίως
485 947 501 962 ·
532 929 626 982 τοῦ
653 929 752 999 μὲν
781 929 892 999 γὰρ
926 927 1054 981 Υἱοῦ
1080 928 1212 981 ἴδιον
1235 929 1297 980 τὸ
1330 928 1396 980 ἐκ
1425 926 1522 980 τοῦ
1561 927 1775 997 Πατρὸς

170 1021 487 1091 γεννᾶσθαι
520 1020 789 1089 φυσικῶς,
826 1020 919 1073 τοῦ
951 1020 1009 1072 δὲ
1053 1020 1208 1089 ἁγίου
1254 1018 1573 1089 Πνεύματος
1620 1020 1680 1071 τὸ
1712 1021 1777 1071 ἐκ

172 1116 282 1168 τοῦ
319 1113 536 1184 Πατρὸς
566 1110 1245 1183 ὲκπορεύεσθαιφυσικῶς
1267 1127 1281 1141 ’
1317 1112 1411 1163 καὶ
1439 1111 1584 1163 κατὰ
1616 1109 1778 1165 τοῦτο

180 1208 358 1275 μόνον
390 1206 737 1276 διαφέρουσιν
771 1205 1044 1274 ἀλλήλων,
1073 1205 1193 1275 ἦτοι
1232 1204 1376 1258 κατὰ
1406 1204 1503 1275 τὴν
1538 1203 1777 1273 ἰδιότητα

176 1300 289 1369 τῆς
320 1298 628 1370 ὑπάρξεως,
667 1297 725 1349 ἓν
744 1298 895 1360 ὅντες
929 1297 1107 1360 ἄλλως
1131 1296 1231 1367 τὴν
1270 1297 1461 1350 οὐσίαν
1482 1295 1578 1349 καὶ
1615 1294 1779 1363 φύσιν

177 1395 286 1447 καὶ
341 1392 502 1458 ἀξίαν
542 1391 633 1445 καὶ
679 1390 936 1460 δύναμιν,
971 1390 1090 1454 καὶ,
1125 1390 1312 1453 ἁπλῶς
1353 1391 1554 1453 εἰπεῖν,
1610 1387 1777 1442 τᾶλλα

180 1488 371 1540 πάντα
402 1484 535 1554 πρός
568 1502 627 1536 τε
657 1485 747 1537 τὸν
781 1484 998 1553 Πατέρα
1034 1482 1129 1535 καὶ
1163 1483 1300 1553 πρὸς
1338 1480 1622 1551 ἀλλήλους.
1654 1478 1781 1543 Πῶς

178 1575 284 1631 οὖν
312 1594 451 1646 φατε
482 1576 543 1628 τὸ
575 1576 729 1643 ἅγιον
763 1574 989 1645 Πνεῦμα
1020 1574 1133 1645 (89)
1169 1571 1348 1644 [119]
1378 1569 1779 1641 ἐκπορεύεσθαι

182 1672 285 1723 καὶ
311 1671 375 1721 ἐκ
398 1668 492 1722 τοῦ
526 1668 653 1721 1⁸ίοῦ
682 1685 696 1733 ;
730 1669 791 1720 Ei
819 1667 918 1737 μὲν
939 1666 1015 1729 ὡς
1049 1666 1108 1732 ἐξ
1146 1665 1347 1726 αἰτίου,
1378 1664 1487 1717 ἰδοὺ
1513 1662 1606 1716 δύο
1632 1662 1780 1715 αἴτια

183 1763 290 1817 καὶ
319 1761 414 1816 δύο
448 1760 638 1833 ἁρχαὶ,
667 1760 863 1831 Πατὴρ
888 1759 983 1811 καὶ
1012 1757 1161 1821 Υἱὸς,
1188 1756 1284 1808 καὶ
1323 1754 1542 1825 διαρχία
1576 1753 1779 1823 μᾶλλον

1877 566 1943 619 lis
1973 575 2057 619 est
2094 576 2149 619 et
2187 566 2348 619 modo
2387 566 2571 619 locum
2601 565 2790 630 habet,
2828 564 2994 619 modo
3041 579 3154 619 non
3196 564 3453 634 amplius.

1877 670 2066 708 verum
2117 653 2531 709 substantialem
2552 664 2610 709 et
2643 655 2946 709 naturalem
2979 667 3213 724 quaeque
3235 663 3319 708 est
3358 654 3455 707 de-

1876 744 2132 799 clarativa
2156 744 2288 799 certi
2313 745 2643 799 exslstentia:
2672 743 2819 799 modi
2840 752 2897 798 et
2922 742 3294 799 subsistentia:
3325 758 3455 797 san-

1876 838 1948 892 cti
2000 837 2236 908 Spiritus
2283 836 2609 900 indicativa,
2660 837 2803 907 quod
2859 853 2971 891 non
3016 852 3115 908 per
3146 837 3459 908 generatio-

1877 944 2001 984 nem
2052 936 2136 983 est
2172 936 2232 982 ut
2258 928 2451 990 Filius.
2510 929 2606 984 sed
2657 943 2755 998 per
2795 928 3204 998 processionem
3246 944 3458 998 suoque

1878 1021 2100 1089 proprio
2132 1020 2314 1074 modo.
2359 1020 2477 1074 Filii
2524 1020 2670 1075 enim
2702 1016 3005 1091 preprietas
3057 1032 3142 1076 est
3179 1035 3245 1076 ex
3296 1020 3459 1076 Patre

1878 1112 2127 1183 generari
2162 1113 2506 1180 naturaliter,
2557 1114 2734 1170 sancti
2774 1130 2905 1169 vero
2939 1113 3178 1184 Spiritus
3211 1114 3456 1183 proprios

1879 1216 1963 1261 tas
2005 1206 2325 1260 naturaliter
2365 1221 2432 1260 ex
2468 1204 2629 1260 Patre
2682 1206 3006 1277 procedere;
3060 1215 3117 1261 et
3156 1205 3456 1260 secundum

1878 1300 1985 1354 hoc
2016 1298 2359 1353 solummodo
2410 1298 2478 1352 ab
2526 1297 2760 1352 invicem
2790 1298 3077 1364 dill‘erunt,
3109 1298 3225 1353 sive
3253 1313 3456 1352 secun-

1880 1391 2009 1446 dum
2043 1389 2411 1444 subsistentia:
2465 1388 2891 1459 proprietatem,
2952 1405 3077 1445 cum
3125 1388 3457 1459 cwteroquin

1880 1499 2049 1538 unum
2085 1483 2196 1538 sint
2220 1481 2400 1551 quoad
2427 1472 2794 1537 substantiam
2821 1491 2875 1537 et
2910 1492 3184 1549 naturam,
3224 1482 3458 1553 dignita-

1883 1584 1991 1630 tem
2022 1583 2078 1629 et
2107 1575 2387 1639 virtutem,
2410 1584 2595 1644 atque,
2630 1583 2816 1629 utuno
2845 1575 3013 1628 verbo
3043 1574 3245 1639 dicam,
3277 1586 3456 1644 quoad

1881 1668 1985 1723 alia
2022 1667 2204 1723 omnia
2231 1677 2344 1721 tum
2379 1682 2503 1721 cum
2538 1666 2697 1722 Patre
2732 1673 2845 1720 tum
2875 1681 3001 1721 cum
3032 1681 3092 1721 se
3120 1666 3271 1736 ipsis.
3301 1663 3457 1732 Quo—

1882 1775 2008 1814 nam
2039 1760 2201 1831 igitur
2231 1766 2390 1829 pacto
2416 1757 2619 1825 dicitis,
2669 1766 2917 1813 sanctum
2966 1757 3228 1828 Spiritum
3270 1772 3463 1827 prece-«-

184 1855 223 1925 ἦ
265 1825 632 1925 μοναρχίαπὸ
663 1825 972 1923 παρ’-*ὑμῖν
1014 1848 1127 1920 (90)
1178 1846 1617 1916 πρεσϐευόμενον
1642 1861 1656 1875 ⁸
1686 1844 1782 1898 καὶ

1884 1852 2013 1906 dere
2032 1854 2197 1906 etiam
2222 1866 2288 1907 ex
2321 1850 2495 1905 Filio?
2534 1850 2591 1903 Si
2630 1848 2776 1904 enim
2810 1849 2964 1903 velut
3006 1862 3074 1903 ex
3120 1864 3305 1912 causa,
3332 1862 3463 1904 ecce

187 1948 296 2017 οὐχ
326 1946 594 2016 ἡμέτερον
618 1944 799 2012 λέγειν
824 1943 922 1995 ὅσα
946 1941 1017 1994 τὰ
1048 1940 1227 1995 ἄτοπα
1256 1938 1469 2009 ἕψεται.
1501 1938 1565 1990 Εἰ
1588 1937 1634 1990 δ’
1664 1936 1781 1990 ἐτέ-

192 2058 309 2111 ρως
334 2080 347 2103 ,
369 2038 444 2102 ὼς
466 2038 531 2090 ἐκ
577 2036 918 2107 φεραλλήλου
943 2034 1031 2086 διὰ
1082 2035 1181 2102 τὴν
1227 2033 1305 2096 εἰς
1338 2030 1545 2101 ἄλληλα
1575 2028 1780 2083 τούτων

188 2126 713 2199 ἀντιπεριχώρησιν,
730 2126 848 2191 καὶ,
870 2125 946 2187 ὡς
968 2122 1153 2186 ἁπλῶς
1175 2123 1374 2187 εἰπεῖν,
1395 2119 1783 2187 ὲξαποστελλό·

194 2226 389 2295 μενὸεν
416 2219 806 2288 ἐξαποστέλλει
841 2220 951 2290 γάρ
999 2216 1188 2288 ὥσπερ
1226 2216 1255 2268 6
1287 2214 1473 2285 Πατὴρ
1494 2214 1589 2266 τὸν
1630 2210 1778 2273 Υἰὸν.

191 2318 342 2370 οὕτω
368 2317 460 2368 καὶ
486 2317 516 2368 6
540 2314 668 2376 Υἱὸς
689 2315 750 2366 τὸ
780 2310 1007 2381 Πνεῦμα
1030 2310 1093 2363 τὸ
1115 2309 1270 2378 ἆγιον
1289 2325 1301 2341 ·
1340 2308 1521 2360 Ὅταν
1556 2304 1644 2368 δὲ,
1677 2321 1782 2375 φη-

195 2414 307 2475 σὶν,
347 2411 497 2476 ἔλθῃ
532 2411 565 2462 ὀ
619 2406 1033 2474 Παράκλητος,
1088 2403 1160 2456 ὃν
1216 2400 1330 2471 ἐγὼ
1368 2399 1585 2469 πέμψω
1639 2397 1783 2467 ὑμῖν

192 2505 359 2572 παρὰ
388 2502 493 2555 τοῦ
525 2499 779 2567 Πατρὸς,
813 2499 879 2551 τὸ
910 2495 1157 2565 Πνεῦμα
1209 2493 1321 2563 τῆς
1379 2492 1690 2561 ἀληθείας,
1749 2489 1781 2542 ὃ
1826 2534 1831 2537 .

193 2595 362 2664 παρὰ
382 2593 487 2647 τοῦ
523 2590 754 2659 Πατρός
786 2588 1177 2655 ἐκπορεύεται
1197 2624 1214 2649 ,
1244 2584 1441 2638 ἐκεῖνο
1481 2579 1782 2652 μιιρτιιρή-

193 2703 300 2742 σει
325 2684 455 2755 περὶ
480 2682 626 2754 ἐμοῦ
651 2698 666 2713 ο
709 2682 778 2747 εἰ,
801 2679 945 2732 κατὰ
977 2672 1179 2747 ταύτην
1208 2676 1309 2745 τὴν
1330 2673 1589 2737 διάνοιαν,
1627 2673 1785 2725 ἐκπο-

196 2779 461 2853 ρεύεσθαι
494 2779 589 2831 καὶ
611 2778 675 2828 ὲκ
706 2774 818 2847 (91)
853 2773 948 2826 τοῦ
978 2769 1134 2835 Υῐοῢ,
1171 2768 1388 2838 λέγετε,
1413 2765 1657 2839 ἔρρωσθε
1683 2763 1784 2834 μὲν

195 2872 293 2927 τὸν
339 2871 485 2933 νοῦν,
511 2869 857 2940 ἁμαρτάνετε
902 2865 958 2917 δὲ
987 2862 1109 2917 καθ’
1150 2862 1337 2932 ἕτερον
1387 2859 1547 2927 λόγον
1572 2874 1587 2890 ο
1634 2855 1786 2927 πρῶ-

197 2986 293 3022 τον
320 2966 433 3038 (92)
471 2964 569 3034 μὲν
602 2963 699 3035 τὴν
735 2961 839 3014 ὑπὸ
886 2960 994 3011 τῶν
1019 2956 1160 3010 ἑπτά
1196 2955 1430 3009 συνόδων
1470 2949 1786 3022 βεῦαιωθεῖι

200 3079 305 3116 σαν
327 3058 543 3113 ἔκθεσιν
571 3057 667 3126 τῆς
700 3055 939 3115 πίστεως
970 3053 1035 3121 τῇ
1073 3048 1361 3119 προσθήκῃ
1400 3046 1571 3116 ταύτῃ
1604 3060 1783 3115 παρα-

1883 1936 2005 1999 dua:
2034 1958 2213 1997 causae
2256 1951 2311 1997 et
2351 1943 2460 1997 duo
2492 1940 2782 2012 principia,
2839 1938 3003 1993 Pater
3064 1946 3120 1993 et
3169 1938 3360 2001 Filius.
3406 1948 3464 1995 et

1884 2047 2014 2092 tunc
2046 2037 2097 2090 id
2146 2035 2292 2103 quod
2329 2048 2658 2090 veneramur
2711 2046 2775 2087 ac
2820 2030 3051 2086 colimus
3102 2030 3462 2100 supplicando

1883 2124 2138 2195 dyarcliia
2187 2124 2439 2194 (duorum
2482 2121 2851 2192 principatus)
2893 2120 3073 2190 potius
3134 2119 3240 2175 erit
3298 2135 3458 2191 quam

1884 2214 2198 2270 monarchia
2227 2213 2412 2286 (unius
2444 2212 2781 2284 principatus
2810 2226 2908 2266 seu
2933 2209 3191 2281 principii
3228 2209 3456 2278 unitas).

1882 2307 2074 2378 Neque
2103 2314 2351 2363 nostrum
2384 2316 2467 2360 est
2496 2305 2733 2371 edicere,
2778 2311 2982 2374 quanta
3026 2301 3155 2356 inde
3201 2309 3459 2356 secutura

1884 2400 1993 2455 sint
2028 2399 2285 2454 absurda.
2340 2397 2397 2453 Si
2427 2414 2556 2453 vero
2597 2397 2704 2451 alio
2751 2394 2937 2459 modo,
2991 2393 3140 2449 velut
3168 2408 3234 2448 ex
3274 2402 3463 2448 mutua

1883 2491 2227 2547 connexione
2254 2498 2477 2561 propter
2508 2504 2697 2544 eorum
2744 2486 3252 2542 circumsessionem
3284 2494 3359 2552 et,
3400 2494 3461 2539 ut

1885 2582 2210 2654 simpliciter
2251 2582 2451 2646 dicam,
2486 2588 2546 2634 ut
2593 2580 2663 2634 ab
2713 2592 2780 2633 eo
2826 2579 3028 2633 missus
3077 2577 3269 2647 (mittit
3293 2578 3462 2646 enim,

1883 2675 2343 2747 quemadmodum
2376 2672 2537 2727 Pater
2561 2671 2787 2735 Filium,
2813 2670 2887 2725 ita
2908 2670 3148 2726 etFilius
3174 2669 3463 2741 Spiritum,

1884 2768 2128 2834 Quando,
2160 2766 2359 2837 inquit,
2384 2766 2581 2820 venerit
2617 2762 2944 2829 Paraclitus,
2969 2781 3122 2836 quem
3140 2782 3233 2837 ego
3255 2766 3465 2821 mittant

1883 2862 2025 2917 vobis
2048 2878 2079 2914 a
2112 2859 2297 2922 Patre,
2330 2857 2589 2928 Spiritum
2613 2858 2871 2924 veritatis,
2903 2858 2992 2929 qui
3020 2875 3053 2911 a
3083 2857 3245 2913 Patre
3277 2874 3465 2929 proce-

1884 2954 1980 3019 dit,
2010 2952 2100 3007 ille
2136 2951 2488 3006 testimonium
2509 2949 2797 3017 perhibebit
2828 2952 2891 3004 de
2922 2966 3003 3004 me
3029 2949 3098 3021 ⁸⁸)
3128 2966 3143 3016 ;
3187 2949 3234 3006 si
3265 2966 3464 3006 secun~

1885 3048 2013 3101 dum
2042 3046 2206 3108 hunc,
2245 3044 2488 3113 inquam,
2540 3056 2760 3097 sensum
2793 3041 3089 3112 procedere
3136 3050 3194 3097 et
3223 3057 3290 3097 ex
3327 3042 3467 3097 Filio

198 3155 490 3215 ποιοῦντες
542 3152 637 3204 καὶ
691 3148 813 3201 τότε
845 3146 995 3217 μόνοι
1022 3143 1132 3197 τῶν
1181 3144 1436 3197 ἁπάντων
1456 3157 1469 3170 ο
1491 3138 1684 3192 ἔπειτα
1718 3138 1780 3191 τὸ

1885 3138 2105 3202 dicitur,
2134 3145 2262 3191 tunc
2277 3136 2517 3205 quidem,
2545 3135 2691 3205 quod
2708 3135 2776 3190 ad
2804 3143 3045 3190 mentem
3076 3142 3309 3205 spectat,
3336 3137 3453 3190 sani

197 3248 302 3302 καὶ
331 3240 792 3317 προσκείμενον,ὃ
816 3238 1113 3307 σύνδεσμον
1134 3235 1323 3290 καλεῖν
1347 3231 1638 3301 εἰώθαμεν,
1659 3230 1783 3303 ἴσην

197 3342 299 3415 τὴν
327 3341 654 3411 ἐκπόρευσιν
679 3338 861 3390 δίδωσι
885 3335 1029 3387 νοεῖν
1061 3331 1125 3385 ἐκ
1146 3348 1207 3384 τε
1232 3328 1326 3382 τοῦ
1355 3327 1568 3397 Πατρὸς
1598 3326 1692 3380 καὶ
1720 3327 1787 3378 ἐκ

196 3435 294 3489 τοῦ
325 3433 479 3500 Υἱοῦ,
515 3430 619 3483 κᾶν
672 3429 828 3499 ὑμεῖς
880 3426 1082 3497 ἑτέρως
1116 3425 1276 3494 νοῆτε
1312 3422 1425 3493 (95)
1450 3420 1550 3491 τὴν
1594 3419 1659 3472 ὲκ
1688 3417 1782 3472 τοῦ

199 3525 359 3590 Υἱοῦ,
386 3524 529 3578 καθὰ
557 3521 1001 3593 προειρήκαμεν·
1028 3516 1137 3588 χρὴ
1161 3515 1218 3569 δὲ
1244 3513 1321 3585 μὴ
1365 3512 1524 3583 μόνον
1565 3513 1785 3582 φρονεῖν

197 3620 396 3691 ὀρθῶς,
438 3618 573 3671 ἀλλὰ
626 3615 761 3687 μηδὲ
811 3609 1191 3674 σκανδαλίζειν
1248 3607 1477 3670 ἄλλους’
1529 3607 1578 3659 εί
1616 3606 1725 3677 γὰρ
1758 3606 1787 3659 6

202 3707 576 3773 σκανδαλίζων
628 3706 723 3759 ἕνα
778 3702 1011 3774 φρικτῆς
1038 3700 1188 3766 ἄξιος
1221 3698 1415 3770 ἐκρίθη
1475 3695 1628 3767 παρὰ
1672 3698 1785 3761 τοῖς

198 3798 554 3867 Εὐαγγελίοις
587 3796 695 3867 (94)
737 3794 1032 3858 κολάσεως,
1066 3793 1115 3844 oi.
1147 3788 1247 3860 τὴν
1289 3786 1613 3857 οἰκουμένην
1660 3785 1787 3858 ὃλην

201 3887 393 3959 σχεδὸν
443 3883 887 3948 σκανδαλίζοντες
930 3880 1090 3934 ποίαν
1136 3876 1294 3944 ἀξίαν
1357 3874 1574 3947 εὕροιεν
1627 3875 1789 3929 κόλα-

198 3995 290 4031 σιν
311 3993 328 4043 ;

1882 3230 2036 3295 estis,
2070 3227 2309 3298 peccatis
2362 3236 2545 3281 tamen
2604 3225 2906 3281 secundum
2954 3226 3115 3280 aliam
3154 3226 3462 3291 rationem;

1882 3322 2060 3394 primo
2086 3321 2305 3391 quidem
2346 3318 2470 3374 ﬁdei
2502 3319 2905 3388 expositionem
2937 3334 2966 3372 a
2993 3328 3207 3389 septem
3247 3319 3466 3390 synodis

1881 3414 2256 3469 continuatam
2304 3412 2410 3466 hoc
2460 3396 2831 3465 additamento
2868 3410 3218 3466 immutantes
3254 3418 3309 3465 et
3361 3411 3466 3466 fal-

1884 3515 2087 3568 santes,
2113 3512 2167 3556 et
2186 3501 2404 3571 quidem
2433 3499 2579 3554 inter
2617 3512 2811 3552 omnes
2837 3497 2969 3561 soli;
3002 3497 3198 3552 deinde
3229 3498 3364 3553 illud
3391 3508 3463 3559 et,

1879 3593 2025 3664 quod
2087 3590 2528 3662 conjunctionem
2586 3590 2782 3643 vocare
2838 3587 3078 3642 solemus
3112 3625 3128 3651 ,
3197 3588 3461 3658 aequalem

1882 3680 2291 3755 processionem
2331 3680 2425 3735 dat
2475 3678 2780 3747 intelligere
2813 3687 2926 3732 tum
2966 3694 3033 3733 ex
3065 3678 3226 3732 Patre
3253 3688 3368 3732 tum
3397 3694 3465 3734 ex

1885 3776 2044 3839 Filio,
2080 3773 2214 3828 licet
2243 3788 2339 3828 vos
2388 3772 2545 3827 aliter
2596 3771 2907 3842 intelligatis
2937 3787 3056 3826 eam
3077 3786 3199 3841 quae
3227 3785 3294 3825 ex
3324 3769 3464 3826 Filio

1885 3868 2185 3926 secundum
2217 3881 2281 3921 ea
2305 3881 2426 3936 quae
2460 3864 2835 3935 praediximus.
2875 3862 3104 3934 Oportet
3132 3872 3315 3919 autem
3353 3878 3466 3917 non

1887 3963 2063 4019 solum
2090 3967 2238 4014 recte
2267 3958 2495 4022 sentire,
2522 3956 2619 4013 sed
2654 3970 2833 4026 neque
2882 3954 3021 4010 alios
3070 3955 3465 4011 scandalizare.

201 4069 264 4124 Si
311 4066 455 4123 enim
526 4063 620 4134 qui
668 4077 833 4116 unum
905 4059 1239 4115 scandalizat
1296 4057 1579 4113 tremenda
1642 4072 1813 4128 penes
1849 4052 2142 4124 Evangelia
2163 4051 2445 4123 judicatus
2464 4058 2548 4106 est
2577 4047 2861 4120 punitione
2885 4047 3103 4119 dignus,
3172 4062 3467 4118 quamuam

198 4160 337 4235 ipsis
374 4154 788 4216 convenientem
813 4166 1030 4222 poenam
1064 4150 1374 4206 invenerint
1415 4149 1504 4220 qui
1548 4149 1866 4205 universum
1897 4144 2290 4219 propemodum
2338 4140 2711 4197 scandalizant
2741 4149 3011 4195 terrarum
3033 4139 3221 4195 orbem
3249 4140 3263 4194 ι

280 4256 371 4313 ια’.
402 4256 588 4313 Εἰπὼν
612 4261 641 4312 6
663 4258 791 4321 Υἱὸς
814 4256 910 4309 καὶ
933 4254 1065 4318 Θεὸς
1113 4253 1244 4326 περὶ
1275 4251 1371 4305 τοῦ
1407 4249 1563 4319 ἁγίου
1609 4249 1782 4303 Πνεύ-

1960 4247 2081 4302 lla.
2114 4243 2251 4297 Cum
2311 4239 2484 4294 Filius
2535 4236 2627 4291 Dei
2660 4243 2717 4291 et
2764 4234 2909 4290 Deus
2940 4233 3009 4289 de
3035 4241 3228 4289 sancto
3262 4231 3467 4303 Spiritu

201 4375 399 4430 ματος,
420 4358 504 4412 ὅτι
533 4357 694 4423 παρὰ
727 4353 836 4408 τοῦ
878 4351 1112 4419 Πατρὸς
1143 4346 1536 4418 ἐκπορεύεται,
1561 4346 1655 4399 καὶ
1686 4346 1786 4416 οὐχ

197 4451 373 4518 ἅπαξ,
404 4448 542 4504 ἀλλὰ
596 4450 691 4503 καλ⁵
728 4448 810 4509 δὶς
840 4444 983 4499 κατὰ
1009 4443 1107 4515 τὴν
1129 4441 1300 4511 αὐτὴν
1338 4438 1662 4494 ἀκολουθίαν
1689 4436 1784 4490 τοῦ

196 4546 388 4614 λόγου,
419 4543 536 4607 πῶς
553 4544 653 4596 ούκ
682 4539 855 4606 εἶπεν,
887 4540 970 4593 ὅτι
1000 4537 1109 4593 Καὶ
1131 4534 1266 4603 παρ’
1286 4532 1472 4603 ἐμοῦ;
1502 4533 1613 4585 Καὶ
1631 4524 1785 4584 οὗτοι

200 4637 306 4710 μὲν
336 4635 747 4706 ἀποκρίνονται,
775 4633 858 4686 ὅτι
878 4631 950 4693 ὡς
983 4628 1134 4701 [120]
1147 4626 1430 4698 ἄνθρωπος
1448 4621 1789 4677 ἐταπεινολό-

195 4746 374 4799 γησεν
398 4727 510 4797 (95)
533 4740 546 4755 ⁶
578 4727 744 4795 ἡμεῖς
773 4724 828 4777 δὲ
857 4723 1072 4792 τὰχέως
1105 4716 1456 4779 ἁπαντῶντες
1488 4714 1787 4784 ἐλέγχομεν

196 4822 401 4883 αὐτοὺς
433 4815 918 4887 ψευδολογοῦντας·
946 4814 1007 4865 τὸ
1035 4812 1145 4883 (96)
1180 4811 1291 4882 γὰρ
1322 4810 1516 4873 εἰπεῖν,
1545 4809 1655 4859 "Or
1674 4803 1788 4875 ἐγὼ

196 4915 420 4983 πέμψω
448 4908 612 4978 ὑμῖν,
642 4909 741 4979 οὐχ
773 4907 848 4970 ὡς
888 4906 1174 4975 ἅνθρωπος
1210 4902 1455 4975 εἴρηκεν,
1484 4898 1623 4953 ἀλλὰ
1657 4897 1789 4969 μᾶλ-

273 5074 320 5105 ⁹⁸
342 5071 502 5126 Joau.
542 5087 632 5137 xv,
663 5068 753 5125 26.

1883 4336 2083 4395 dixerit
2134 4332 2282 4406 quod
2321 4350 2354 4387 a
2400 4332 2567 4387 Patre
2611 4328 2881 4399 procedit,
2916 4341 3097 4398 neque
3133 4325 3305 4382 semel
3342 4334 3467 4380 tan-

1886 4441 2021 4495 tum,
2054 4429 2148 4484 sed
2170 4435 2226 4482 et
2249 4425 2334 4480 bis
2353 4422 2655 4479 secundum
2677 4419 2930 4476 eamdem
2955 4416 3226 4474 sermonis
3247 4415 3464 4477 seriem,

1883 4522 2160 4597 quomodo
2197 4534 2309 4574 non
2362 4516 2505 4572 dixit
2535 4534 2546 4567 :
2592 4513 2840 4570 Procedit
2888 4513 3052 4566 etiam
3081 4527 3114 4564 a
3161 4510 3284 4564 me?
3318 4507 3383 4563 Et
3410 4509 3465 4563 bi

1885 4616 2106 4689 quidem
2136 4609 2465 4682 respondent
2515 4606 2692 4678 ipsum
2729 4620 2827 4676 pro
2851 4603 3194 4661 humanitate
3228 4616 3327 4656 sua
3366 4601 3470 4655 hn-

1888 4709 2091 4766 militer
2116 4719 2236 4761 esse
2264 4704 2546 4768 locutum;
2593 4715 2693 4755 nos
2730 4713 2862 4754 vero
2896 4696 3078 4753 statim
3113 4700 3469 4751 occurrentes

1888 4798 2153 4857 mendacii
2178 4811 2273 4851 eos
2289 4793 2686 4850 convincimus.
2715 4788 2890 4846 Verba
2918 4787 3063 4843 enim
3087 4786 3178 4840 illa
3203 4800 3355 4856 quem
3376 4800 3469 4855 ego

1888 4896 2097 4949 mittam
2124 4891 2266 4947 vobis
2290 4904 2401 4943 non
2432 4895 2492 4942 ut
2523 4887 2688 4941 homo
2713 4883 2870 4951 dixit,
2890 4882 2984 4937 sed
3008 4879 3190 4951 potius
3221 4886 3281 4932 ut
3302 4877 3464 4931 Deus.

1308 5200 1543 5257 VARle
1575 5191 1959 5253 LECTIONES
1996 5189 2085 5244 ΕΤ
2126 5183 2355 5242 ΝΟΤᾹΞ,

280 5355 398 5427 (88)
436 5350 599 5427 Yind.
630 5349 769 5427 phil.
808 5345 914 5427 2&8
944 5362 955 5398 :
981 5343 1114 5427 (τῇς,
1152 5340 1281 5395 fort.
1321 5338 1418 5409 τὴν
1443 5336 1540 5407 τῆς
1570 5336 1665 5389 ὑπ.

234 5452 237 5453 ν
276 5412 394 5495 (89)
434 5422 567 5495 Cod.
598 5412 690 5495 cit.
721 5419 783 5495 εδ
816 5417 913 5495 I_lv.
946 5415 1006 5467 τὸ
1036 5412 1214 5495 ᾅγιον.

275 5473 393 5565 (ὗῦ)
436 5473 692 5562 έὶἷοβυιὶ
721 5488 978 5558 Euthym.
1003 5493 1060 5539 et
1087 5473 1149 5538 in
1181 5479 1436 5543 cod.cit.;
1460 5476 1585 5533 cod.
1618 5473 1786 5533 theol.

202 5571 277 5626 40
309 5586 324 5620 :
356 5569 511 5636 ἡμῖν.
546 5634 557 5637 Α
705 5631 716 5637 _
869 5629 883 5637 _
940 5627 1001 5637 ω

277 5622 493 5708 (alia;
528 5629 907 5708 dces-tincto}.
940 5627 1117 5708 Vind;
1137 5628 1231 5708 gr.
1266 5624 1346 5679 th.
1373 5622 1473 5704 to.

284 5688 400 5791 (se)
442 5688 581 5760 Cod.
631 5702 791 5756 Vind.
824 5700 916 5755 Gr.
943 5700 1037 5768 ph.
1086 5699 1232 5753 eis:
1286 5694 1498 5767 πρῶτα,
1531 5688 1790 5759 Euthym.

209 5796 447 5852 πρωτοι.

284 5851 399 5923 (95)
439 5848 573 5906 Cod.
599 5846 692 5904 Gr.
735 5840 991 5915 phil.’cit.
1035 5840 1224 5893 νοεῖτε.

1958 5321 2262 5410 ,παρὰ
2287 5338 2340 5374 τ.
2386 5311 2681 5381 Εεὺαγγελ.
2740 5308 2896 5364 deest
2927 5307 2985 5362 in
3013 5308 3136 5362 cou.
3171 5302 3327 5361 Vind.
3368 5308 3463 5367 Gr.

1885 5395 2211 5538 phislfsi‘géa
2251 5458 2474 5538 minime
2504 5453 2700 5538 dicunt
2734 5450 2914 5538 limini
2968 5447 3251 5538 (ihristum
3287 5446 3468 5538 liumi:

1889 5521 2097 5594 literﬁe't
2124 5548 2222 5604 pro
2250 5546 2347 5585 sua
2380 5524 2719 5604 liutuanitate
2760 5521 2847 5604 hic
2868 5521 3133 5604 locutum,
3158 5532 3344 5598 verum
3371 5530 3471 5586 pro

1891 5592 2287 5665 consuetudine
2330 5599 2409 5653 uti
2457 5604 2651 5650 caztera
2700 5596 2773 5647 ita
2804 5592 3043 5661 Spiritus
3062 5592 3469 5665 processionem

1892 5657 2208 5736 Ξὲῑρᾇίὲέίὴ
2239 5687 2340 5727 ceu
2375 5668 2442 5723 ad
2465 5669 2697 5736 primam
2734 5657 2955 5719 causam
2980 5657 3253 5716 retulisse-
3286 5657 3469 5712 Ῐῐιὶιηίθ

1894 5765 2021 5819 ergo
2045 5759 2280 5811 sequens
2305 5736 2725 5810 argumentatio.
2968 5776 2971 5777 ν
3342 5796 3370 5811 η

1989 5819 2060 5826 “‘
2112 5817 2161 5826 "’
2229 5813 2265 5826 τ’
2314 5814 2345 5826 -“
2439 5825 2448 5826 ί
2521 5808 2617 5826 -ν-
2668 5805 2881 5826 “944A!-
2962 5800 3056 5826 ηιι
3110 5798 3252 5826 num:
3300 5815 3370 5826 -..ι

1962 5798 2199 5893 ῖοθῖὲίο
2228 5798 2480 5884 Ευιιιῑηι.
2512 5805 2907 5865 cdit..Viudob.
2957 5800 3080 5857 cod.
3110 5798 3401 5870 theatro.
3456 5844 3459 5845 ,
