4008 6430
535 354 643 417 399
1659 349 1919 410 ΡΗΟΤΙΙ
1950 346 2118 407 PATI

2225 343 2452 405 ΒΟΗῶ
2492 344 2601 404 CP.
3676 335 3790 399 tuo

449 496 458 518 ι
531 463 708 519 llomo
737 461 885 518 enim
930 475 1042 517 non
1096 460 1265 515 mittit
1292 459 1495 524 Deum,
1532 456 1803 527 siquidem
1833 455 1977 510 Deus
2017 463 2102 508 est

2225 468 2291 504 ,ον
2314 450 2390 514 ὼς
2421 449 2588 513 Θεόςο
2622 447 2910 519 ἄνθρωπος
2938 446 3050 517 γὰρ
3086 447 3149 501 οὗ
3200 445 3409 517 πέμπει
3450 444 3611 511 Θεὸν,
3673 449 3790 515 ein

465 600 483 637 κ
532 553 772 625 Spiritus
823 560 1061 607 sanctus.
1092 548 1180 605 Bis
1210 548 1373 619 igitur
1400 548 1537 603 dixit
1584 563 1617 600 a
1650 545 1810 600 Patre
1846 544 1900 598 in
1937 543 2102 637 hujus

2225 542 2327 606 leo;
2355 541 2417 595 τὸ
2450 539 2677 611 Πνεῦμα
2710 539 2772 593 τὸ
2799 538 2977 608 ἅγιον.
3004 539 3098 603 Δὶς
3119 537 3213 592 οὖν
3236 538 3299 593 τὸ
3326 538 3490 607 παρὰ
3516 538 3630 595 τοῦ
3668 541 3797 592 Πο-

532 646 801 701 sermonis
838 641 1306 699 confirmationem
1334 649 1390 695 et
1428 648 1487 693 ut
1530 638 1598 693 ad
1637 636 1915 693 silentium
1957 635 2105 691 redi-

2225 633 2337 701 Ῥὸς
2364 631 2587 704 εἴρηκεν
2620 632 2701 694 εις
2754 629 3048 701 βεϐαίωσιν
3076 630 3171 684 τοὸ
3197 630 3442 684 τοιούτου
3496 630 3665 699 λόγου
3696 633 3797 683 καὶ

532 745 683 807 geret
721 752 815 791 eos
865 734 957 806 qui
986 733 1181 789 dicturi
1226 740 1401 796 erant,
1433 730 1609 801 ipsum
1639 745 1702 784 ex
1729 728 1867 785 Filio
1888 741 2106 799 quoque

2225 725 2339 795 πρὸς
2374 722 2736 792 ἑπιστόμησιν
2763 721 2871 776 τῶν
2901 720 3204 791 μελλόντων
3221 719 3401 790 λέγειν
3432 720 3519 774 ὅτι
3553 721 3653 774 καὶ
3676 719 3796 791 (ετ)

534 829 850 899 procedere.
884 829 1052 898 idque
1082 842 1149 882 ex
1182 825 1433 880 acumine
1451 822 1840 894 sapientissimi
1872 823 2108 892 impera-

2225 834 2267 871 ικ
2304 815 2400 870 τοῦ
2428 814 2557 868 Υιοῦ
2594 812 2990 886 ἐκπορεύεται·
3018 813 3179 868 τοῦτο
3210 812 3273 867 τὸ
3296 811 3494 884 λῆμμα
3544 812 3646 883 τῆς
3690 814 3797 901 ξτ-

537 918 670 973 toris
704 918 901 992 [Alexii
942 914 1229 987 Comneni]
1263 914 1497 986 prodiit;
1558 914 1659 968 hac
1682 912 1829 967 enim
1861 908 2109 982 proposi-

2225 908 2411 981 μνοίας
2436 908 2555 961 ἐστὶ
2612 906 2705 961 τοῦ
2756 908 3130 961 συνετωτάτου
3171 905 3436 977 βασιλέως
3471 904 3611 975 (98)·
3662 907 3794 958 τού-

536 1008 684 1063 tione
703 1025 831 1064 usus
846 1020 929 1065 est
956 1024 1079 1064 cum
1097 1017 1284 1063 contra
1309 1004 1768 1061 Mediolanensem
1788 1003 2107 1074 episcOpum

2225 1020 2283 1074 ίῳ
2311 1000 2425 1072 (99)
2476 999 2587 1070 γὰρ
2636 999 2908 1070 δχρήσατό
2940 1016 3071 1053 ποτε
3102 998 3244 1053 κατὰ
3291 997 3388 1053 τοῦ
3434 998 3795 1055 Μεδιολάνων

536 1097 855 1169 disputaret.

2225 1090 2512 1145 ἐπισκόπου
2533 1087 2611 1158 (1)
2636 1087 3038 1160 διαλεγόμενος.

1623 1252 1862 1310 VARle
1899 1250 2295 1312 LECTIONES
2324 1248 2413 1307 ET
2456 1247 2690 1310 NOTE.

628 1415 723 1485 97)
764 1416 857 1470 καί
891 1417 1046 1472 deest
1070 1416 1211 1485 apud
1249 1413 1504 1485 Euthym.

627 1480 716 1555 98)
765 1487 1002 1552 Ἀλεξίου
1032 1480 1181 1541 addit
1208 1486 1329 1555 cod.
1364 1480 1532 1539 theol.
1571 1480 1732 1537 Vind.
1766 1483 1854 1538 40.

604 1554 717 1630 (99)
751 1559 1009 1629 Euthym.
1040 1558 1129 1613 ed.
1158 1554 1338 1610 τοῦτο.

2294 1410 2372 1481 (l)
2411 1408 2608 1466 Petrus
2654 1408 3069 1481 mediolanensis
3129 1427 3249 1467 esse
3284 1410 3531 1475 videtur,
3582 1408 3654 1465 de
3686 1424 3799 1481 quo

2222 1479 2423 1535 Baron.
2459 1481 2526 1535 ad
2552 1496 2646 1534 an.
2679 1480 2835 1543 1116,
2864 1482 3026 1538 Allat.
3064 1481 3141 1536 De
3168 1498 3399 1536 comem.
3437 1481 3469 1533 Ι.
3504 1494 3565 1542 ιι,
3596 1494 3648 1534 c.
3705 1479 3795 1544 10,

2220 1567 2279 1606 n.
2306 1551 2344 1605 2
2381 1561 2438 1607 ει
2464 1550 2530 1608 G.
2562 1549 2630 1606 Ο.
2663 1548 2703 1605 1.
2740 1551 2844 1608 579
2870 1561 2926 1608 ει
2962 1552 3017 1607 in
3054 1553 3305 1624 Append.
3337 1551 3406 1607 ad
3435 1552 3728 1606 lectorem.

542 1750 1802 1779 __—_______

1066 1918 1353 1995 121-123]
1397 1920 1477 1981 ΙΝ
1526 1917 1827 1979 LIBRUM
1872 1916 1978 1977 DE
2021 1915 2381 1978 SPlRlTUS
2426 1912 2715 1977 SANCTI
2758 1914 3285 1977 MYSTAGOGIA

650 2115 1803 2217 ANIMADVERSIONES
1876 2114 2572 2207 HISTOBICZE
2652 2116 2802 2207 ET
2879 2116 3698 2211 THEOLOGICIE

1128 2359 1211 2403 ΔΙ)
1240 2360 1460 2405 ορειιιε
1491 2356 2045 2405 ιιιυετιιΑτιοΝιζΜ
2080 2356 2116 2397 Β

2225 2355 2715 2410 JTATIONEMQUE
2747 2357 3207 2404 PEBTINENTES.

537 2638 582 2697 1.
611 2671 680 2683 —
717 2635 892 2692 Photii
921 2635 1056 2691 iiber
1099 2635 1382 2690 universim
1422 2635 1736 2707 expenditur
1770 2644 1820 2690 et
1868 2635 2110 2689 illustra-
2147 2644 2187 2699 Β
2219 2635 2434 2705 pondus
2466 2636 2656 2705 paucis
2691 2635 2987 2698 declarare,
3048 2631 3169 2704 ejus
3214 2643 3622 2705 argumentum,
3658 2637 3795 2692 scri-

1267 2715 1376 2759 ωτι
2220 2728 2423 2797 ptionis
2451 2726 2709 2793 indolem,
2754 2726 3016 2796 temporis
3042 2726 3299 2795 adjuncta
3340 2735 3653 2797 cateraqne
3674 2744 3795 2797 qua

610 2822 660 2875 Ι.
688 2821 838 2877 Inter
866 2818 1200 2891 dogmuieas
1228 2818 1651 2889 disceptationes
1684 2828 1797 2873 tum
1838 2825 2112 2872 vetustate

537 2928 602 2969 ac
655 2912 1029 2975 diuturnitate,
1067 2920 1182 2964 tum
1238 2912 1317 2964 rei
1366 2911 1630 2981 gravitate
1691 2925 1755 2965 ac
1792 2908 2114 2964 difficultate

538 3005 783 3061 omnium
816 3013 1120 3075 temporum
1146 3003 1512 3058 nobilissimas
1542 3005 1630 3057 vix
1656 3002 1746 3057 uili
1780 3002 2003 3057 inferior
2031 3011 2116 3057 est

539 3097 914 3157 controversia
940 3098 1004 3151 de
1034 3095 1261 3165 Spiritus
1284 3098 1454 3150 sancti
1483 3098 1827 3165 processione,
1860 3111 1981 3164 qua
2005 3110 2114 3149 non

540 3192 685 3260 apud
708 3190 992 3260 theologos
1020 3197 1230 3243 tantum
1254 3189 1474 3260 agitata,
1501 3204 1687 3243 verum
1718 3198 1774 3243 et
1795 3187 2114 3258 populorum

542 3281 987 3338 contentionibus
1034 3280 1232 3334 mirum
1273 3281 1327 3334 in
1359 3279 1580 3335 modum
1622 3289 1837 3345 vexata,
1873 3279 2114 3349 profanis

542 3387 758 3443 quoque
783 3371 921 3427 odiis
958 3379 1014 3426 et
1043 3371 1278 3441 politicis
1312 3372 1505 3427 studiis
1549 3371 1780 3427 solerter
1832 3372 1961 3426 olim
2014 3387 2118 3425 nu-

544 3462 670 3517 trita
696 3476 759 3517 ac
777 3470 1067 3532 propagata
1095 3461 1161 3515 ad
1187 3461 1508 3516 hodiernum
1534 3477 1706 3532 usque
1731 3462 1872 3517 diem
1897 3461 2114 3517 Gracos

542 3568 607 3609 ac
634 3553 853 3608 Latinos
881 3552 1091 3618 dividit,
1122 3552 1235 3608 sive
1279 3553 1461 3622 potius
1490 3553 1769 3608 orientalis
1801 3553 2059 3608 Ecclesia
2087 3569 2117 3608 a

543 3647 805 3703 catholica
844 3646 1054 3702 unitate
1108 3644 1466 3716 separationis
1500 3661 1612 3699 non
1661 3660 1830 3701 causa
1870 3645 2116 3715 quidem,

544 3755 675 3795 ansa
711 3748 890 3794 tamen
921 3738 1191 3807 pracipua
1230 3751 1293 3791 ac
1337 3745 1652 3807 pratextus,
1702 3736 1813 3791 imo
1842 3752 1972 3792 vero
2008 3738 2118 3792 ful-

545 3844 698 3885 crum
723 3826 1119 3882 validissimum
1145 3826 1818 3898 prasidiumqueexsistit.
1854 3826 2115 3896 Quamvis

544 3928 728 3974 autem
750 3934 836 3983 ea,
868 3933 989 3988 qua
1021 3918 1164 3973 circa
1212 3916 1447 3988 Spiritus
1495 3919 1668 3975 sancti
1715 3921 2120 3990 processionem

2220 2819 2326 2875 huc
2351 2828 2603 2890 spectant
2638 2818 2877 2873 breviter
2906 2816 3179 2887 prosequi,
3210 2816 3362 2886 plura
3417 2816 3601 2871 denuo
3636 2832 3797 2871 aecn-

2219 2909 2388 2965 ratius
2416 2908 2805 2980 perpendenda
2838 2908 2991 2961 alteri
3042 2906 3279 2962 uberiori
3315 2907 3383 2961 de
3411 2906 3610 2962 Photio
3639 2908 3793 2962 lucu-

2220 3003 2453 3061 brationi
2504 3011 2865 3057 reservantes.
2898 2998 3082 3069 Neque
3127 3015 3256 3054 vero
3296 2999 3455 3054 nobis
3493 3000 3793 3054 universim

2221 3093 2585 3150 celeberrima
2633 3093 2774 3147 illius
2826 3090 3208 3146 controversia
3265 3091 3553 3145 historiam
3603 3091 3789 3146 adum-

2222 3184 2401 3251 brare,
2429 3199 2606 3255 neque
2637 3184 2755 3253 ejus
2793 3181 3062 3254 dogmatis
3096 3181 3402 3236 uberiorem
3453 3183 3795 3252 explanatio-

2221 3292 2345 3331 nem
2374 3277 2584 3333 tradere
2614 3291 2770 3331 mcns
2800 3284 2904 3339 εει,
2930 3289 3118 3329 verum
3148 3289 3211 3329 ea
3241 3275 3507 3330 duntaxat
3551 3275 3793 3331 historia

2222 3386 2287 3426 ac
2316 3370 2599 3441 theologia
2625 3368 2867 3425 delibare
2886 3369 3237 3434 documenta,
3264 3383 3385 3438 qua
3424 3369 3633 3424 arctius
3672 3385 3793 3424 cum

2224 3460 2327 3515 hac
2375 3460 2549 3515 Photii
2590 3459 2856 3531 polemica
2891 3458 3272 3513 dissertatione
3326 3459 3611 3515 coharent
3648 3472 3705 3515 et
3730 3462 3795 3516 ad

2224 3551 2401 3621 aptius
2440 3550 2507 3606 de
2530 3551 2616 3605 illa
2643 3549 2999 3620 judicandum
3027 3548 3277 3604 conferre
3294 3547 3424 3617 quid
3446 3563 3512 3602 ac
3536 3548 3795 3619 prodesse

2224 3643 2622 3712 quodammodo
2674 3642 3022 3699 videbuntur.
3068 3640 3255 3711 Neque
3293 3640 3350 3695 in
3400 3642 3508 3705 his,
3542 3657 3666 3712 qua
3718 3642 3793 3695 liti

2225 3735 2403 3789 adhuc
2428 3742 2657 3805 possunt
2680 3748 2800 3789 esse
2828 3732 3079 3797 obnoxia,
3103 3733 3434 3787 sententiam
3465 3732 3638 3787 veluti
3666 3733 3794 3788 defi-

2226 3825 2449 3882 nitivam
2472 3826 2910 3898 pronuntiamus,
2929 3827 3022 3883 sed
3040 3826 3221 3897 potius
3242 3825 3488 3897 quadam
3510 3843 3794 3899 suggerere

2226 3921 2475 3975 volumus
2513 3928 2629 3974 tum
2663 3920 2915 3981 aliorum,
2938 3920 3137 3989 quibus
3161 3918 3431 3987 ejusmodi
3457 3919 3641 3973 studia
3671 3921 3794 3973 arri-

544 4010 780 4082 litesque
806 4010 875 4077 de
894 4025 959 4065 ea
987 4010 1206 4065 obortas
1232 4011 1343 4081 jam
1373 4011 1591 4082 plurimi
1625 4013 1974 4084 disputarunt
2001 4030 2120 4069 eru-
2149 4005 2191 4063 C
2226 4009 2378 4073 dent,
2404 4018 2517 4064 tum
2547 4009 2781 4080 denique
2803 4010 3012 4081 exiguis
3038 4010 3241 4064 nostris
3268 4008 3416 4064 curis
3436 4016 3495 4064 et
3525 4009 3789 4081 indagini-

547 4101 645 4157 diti
678 4099 1165 4171 (l‘),suflicienter
1221 4102 1445 4157 omnino
1494 4104 1811 4173 quastionis
1861 4106 2118 4169 indolem,

548 4192 835 4263 originem,
903 4207 1361 4263 progressumque
1414 4193 1747 4264 patefaciant
1821 4212 2121 4266 eorumque

549 4284 744 4339 studiis
775 4283 1053 4340 historicis
1073 4298 1137 4339 ac
1167 4284 1486 4355 dogmaticis
1514 4301 1728 4344 summa
1760 4287 1877 4343 laus
1903 4288 1975 4343 sit
2015 4289 2113 4342 tri-

549 4374 765 4430 buenda
821 4393 835 4429 :
884 4374 973 4430 vix
1029 4376 1314 4447 quisquam
1361 4387 1542 4433 tamen
1601 4381 1900 4451 negaverit,
1948 4383 2117 4437 multa

550 4466 728 4521 adhuc
756 4465 810 4519 in
854 4465 954 4520 hac
982 4467 1205 4521 materia
1248 4465 1397 4539 [124]
1440 4469 1890 4540 liistoriographis
1920 4485 2115 4540 super-

549 4571 670 4613 esse
708 4556 1046 4622 illustranda,
1084 4559 1343 4613 nonnulla
1371 4575 1584 4629 quoque
1611 4576 1751 4615 nova
1772 4561 2121 4631 inquisitione

548 4648 814 4720 novisque
868 4648 1064 4705 studiis
1122 4650 1384 4721 indigere,
1444 4652 1743 4721 prasertim
1789 4668 1915 4708 cum
1966 4654 2122 4723 plura

548 4739 748 4810 scripta
770 4737 838 4795 ad
857 4754 976 4795 eam
996 4740 1326 4810 pertinentia
1346 4740 1586 4798 nondum
1610 4744 1879 4814 publicam
1897 4760 2123 4815 aspexe-

550 4834 660 4889 rint
683 4835 861 4890 lucem
892 4846 949 4889 et
987 4833 1232 4903 quadam
1271 4835 1413 4891 illius
1458 4836 1696 4891 historia
1734 4846 1916 4906 partes
1945 4838 2123 4893 adhuc

549 4925 779 4995 caligine
805 4935 862 4979 et
889 4924 1221 4979 obscuritate
1242 4923 1590 4980 detineantur
1622 4926 1911 4997 hiatusque
1937 4943 2002 4981 ac
2039 4928 2123 4982 la-

550 5030 721 5070 cunas
748 5015 871 5085 plus
922 5014 1091 5070 semel
1138 5015 1450 5071 ostendant.
1486 5015 1603 5083 Qua
1638 5018 1689 5071 in
1724 5034 1783 5074 re
1834 5017 2013 5073 Photii
2047 5018 2122 5074 De

550 5104 777 5175 Spiritus
801 5106 971 5159 sancti
1011 5108 1338 5177 mystagogia
1377 5108 1513 5162 liber
1556 5109 1767 5164 fructus
1794 5110 1951 5165 affert
1977 5110 2119 5165 haud

552 5196 1006 5262 contemnendos;
1037 5212 1262 5267 eosque,
1282 5199 1538 5268 quiiliius
1560 5200 1826 5269 dogmatis
1842 5201 2121 5255 historiam

552 5287 760 5343 iteratis
788 5286 936 5342 curis
962 5289 1237 5344 tractaturi
1264 5300 1445 5358 erunt,
1473 5292 1687 5364 egregie
1733 5307 1865 5347 sane
1890 5293 2118 5362 juvabit.

553 5381 766 5436 Interea
794 5392 893 5431 nos
919 5388 1162 5432 nostrum
1195 5397 1314 5437 esse
1344 5399 1653 5448 censemus,
1685 5395 1975 5453 antequam
2026 5401 2124 5455 per

558 5477 743 5543 partes
764 5468 969 5525 editum
1001 5484 1149 5526 nunc
1181 5469 1357 5530 Photii
1400 5475 1596 5530 librum
1648 5475 1966 5546 theologica
1995 5477 2122 5532 crisi

555 5564 923 5636 subjiciamus,
954 5564 1197 5635 ejusdem
1239 5568 1294 5621 in
1327 5585 1385 5624 re
1415 5569 1715 5641 theologica
1770 5569 2007 5639 pretium
2047 5586 2112 5625 ac

630 5715 740 5787 (1⁸)
756 5714 874 5787 Pr_a
903 5713 1119 5787 cateris
1135 5717 1445 5787 nominandi
1471 5724 1598 5772 sunt
1615 5718 1723 5773 Leo
1740 5716 1987 5787 Allatius,
2017 5714 2120 5771 Pe-

556 5784 755 5852 tavius,
819 5784 1024 5842 Natalis
1054 5784 1379 5857 Alexander,
1426 5787 1781 5858 Maimbourg,
1815 5787 1889 5843 Le
1915 5786 2116 5855 Quien,

2219 4103 2323 4159 bus
2341 4103 2522 4159 denuo
2542 4104 2786 4159 rimanda
2808 4113 2863 4158 et
2900 4102 3314 4174 perscrutanda.

2291 4193 2345 4247 Ξ.
2370 4192 2623 4247 Doctrina
2652 4194 2719 4248 de
2755 4194 2992 4264 Spiritus
3024 4192 3197 4247 sancti
3229 4209 3292 4246 ea;
3321 4192 3433 4246 solo
3462 4191 3628 4247 Patre
3668 4208 3791 4263 pro-

2224 4285 2492 4350 cessione,
2519 4301 2640 4356 qua
2680 4286 2878 4340 saculo
2911 4284 3164 4339 Ecclesia
3200 4293 3421 4353 quarto,
3452 4300 3580 4339 cum
3616 4300 3790 4355 pugna

2226 4390 2349 4431 cum
2377 4375 2777 4431 Macedonianis
2804 4377 3059 4443 ferveret,
3080 4377 3324 4431 nondum
3365 4377 3545 4431 fuerat
3587 4377 3788 4439 audita,

2227 4470 2382 4540 cujus
2407 4470 2581 4541 prima
2610 4470 2775 4525 veluti
2810 4471 3015 4525 semina
3046 4487 3109 4525 ac
3129 4471 3354 4543 vestigia
3388 4471 3443 4525 in
3469 4470 3791 4525 Nestoriana

2228 4560 2466 4630 primum
2523 4563 2912 4627 controversia,
2953 4563 3149 4619 deinde
3190 4563 3244 4618 in
3296 4563 3792 4618 concertationibus

2223 4667 2349 4706 cum
2381 4651 2751 4709 Mnnothelitis
2770 4664 2825 4709 et
2873 4655 3250 4710 lconomachis
3278 4654 3782 4724 deprehenduntur.

2223 4740 2475 4799 Photium
2507 4744 2727 4800 demum
2778 4747 3114 4816 pracipuum
3164 4755 3581 4817 pr0pagatorem
3634 4756 3786 4800 nacta

2223 4846 2325 4902 est,
2367 4836 2524 4907 cujus
2558 4836 2824 4891 industria
2858 4853 2966 4891 non
3011 4838 3270 4893 suscitata
3316 4845 3558 4904 tantum,
3604 4854 3786 4891 verum

2223 4928 2385 4981 etiam
2432 4927 2791 4997 undequaque
2860 4927 3095 4998 expolita
3146 4944 3210 4983 ac
3252 4929 3419 4984 veluti
3464 4930 3518 4983 in
3562 4940 3786 5003 system:

2224 5016 2371 5090 [125]
2413 5021 2628 5072 redacta
2658 5018 2781 5073 fuit.
2815 5018 2912 5073 Hic
2939 5020 3084 5073 enim
3113 5028 3218 5083 est,
3250 5020 3325 5073 ait
3355 5019 3504 5091 Hugo
3534 5019 3786 5075 Etheria-

2224 5124 2329 5163 nus
2356 5109 2471 5179 (lib.
2491 5125 2530 5163 ιι
2564 5119 2755 5164 contra
2771 5110 2947 5165 Grac.
2964 5127 3013 5165 c.
3036 5109 3276 5165 l6.Bibl.
3300 5111 3412 5165 PP.
3436 5111 3784 5183 Lugd.XXll.

2222 5215 2277 5269 p.
2305 5199 2461 5268 i250)
2489 5219 2508 5251 ι
2537 5200 2631 5269 qui
2656 5210 2779 5270 post
2792 5200 3183 5256 Theodoritum
3208 5202 3263 5255 in
3290 5216 3542 5271 aquorea
3570 5212 3773 5272 putent!

2223 5289 2437 5345 fodiens
2464 5306 2651 5355 arena,
2678 5307 2785 5346 non
2816 5292 3044 5359 semina,
3077 5292 3173 5347 sed
3203 5292 3435 5348 Circena
3470 5307 3683 5348 venena
3708 5307 3784 5347 se-

2224 5382 2477 5452 peliendo
2520 5383 2623 5437 diri
2659 5383 2816 5439 valde
2870 5384 3144 5454 languoris
3190 5383 3316 5439 fidei
3369 5384 3779 5441 cbristianorum

2226 5488 2387 5529 causa
2422 5474 2598 5529 factus
2626 5484 2729 5529 est.
2763 5472 3017 5529 Profecto
3051 5476 3198 5529 hunc
3229 5491 3355 5530 cum
3407 5477 3524 5533 suis
3565 5476 3779 5546 compli-

2226 5564 2383 5621 cibus
2433 5565 2678 5635 deplorat
2717 5564 2883 5621 lsaias
2944 5565 3221 5621 dicendo:
3268 5566 3357 5622 Va:
3391 5568 3481 5639 qui
3534 5569 3776 5639 sapientes

2226 5714 2442 5797 ﬂiam-li,
2474 5713 2652 5797 .lager,
2698 5713 2900 5797 quibus
2949 5713 3261 5797 addendum
3318 5714 3571 5790 Pitzippit
3600 5727 3764 5786 opus:

2228 5784 2465 5856 L’bglise
2485 5783 2759 5851 orientale,
2782 5783 2951 5841 Rome
2982 5784 3142 5841 1855.
