4008 6406
150 511 269 605 tm

800 546 805 551 ι
865 507 964 570 DE
1005 507 1083 581 εδ
1106 506 1302 569 sum.
1342 499 1846 565 MYSTAGOGIA.
1875 494 1945 535 ‘-
1972 479 2720 558 ANIMADVERSIONES.

3201 484 3208 497 ’
3312 491 3419 555 402

154 634 293 680 sunt
330 622 474 693 apud
525 630 824 690 semetipsos
875 628 925 674 et
985 621 1042 673 in
1084 617 1249 672 oculis
1304 616 1414 670 suis
1463 617 1746 683 prudentes
1775 618 1819 672 Α
1849 632 1977 687 post
2018 629 2198 685 Ριιοιίί
2231 628 2464 699 primam
2509 624 2886 696 expulsionem
2930 623 3098 696 (anno
3134 622 3260 694 867)
3309 640 3420 680 non

156 716 309 785 (lsa.
339 733 394 781 v,
428 713 547 782 2|).
576 712 674 767 ilic
706 711 829 777 fuit,
868 720 925 765 ut
956 710 1082 766 Joh.
1107 709 1297 763 Beccus
1325 708 1394 777 (s.
1424 705 1656 774 Veccus)
1693 705 1749 757 in

156 818 311 863 orat.
339 807 408 861 de
435 822 530 860 un.
562 804 710 859 Eccl.
746 806 818 874 (c.
849 802 938 867 35,
968 802 1135 859 (ἔτινε.
1173 802 1377 856 orthod.
1429 800 1591 853 Allat.
1622 806 1661 851 t.
1707 798 1747 863 Ι,

162 916 228 970 p.
288 897 417 969 154)
472 897 668 967 inquit,
710 895 768 951 ⁸0
807 895 1023 968 πρῶτος
1059 894 1288 964 εὑρετὴς
1327 891 1429 946 καῖ
1470 891 1750 962 γεννήτωρ

161 992 280 1044 τῶν
303 990 445 1048 κατὰ
464 990 563 1061 τῆς
587 989 902 1061 Ῥωμαῖκῆς
935 986 1258 1056 Ἐκκλησίας
1277 985 1488 1052 ψευδῶς
1516 985 1749 1053 ἐφευρη-

167 1084 357 1152 μένων
388 1082 727 1154 προτάσεων.
763 1080 1041 1147 Quantum
1070 1078 1125 1133 in
1154 1079 1257 1134 hac
1284 1076 1529 1133 doctrina
1578 1074 1749 1130 stabi-

162 1174 357 1229 lienda
378 1173 729 1240 laboraverit,
749 1181 947 1245 praeter
969 1170 1454 1242 Amphilochianas
1486 1168 1749 1238 quasdam

166 1270 512 1337 quaestiones
550 1266 619 1323 ad
649 1266 793 1321 hanc
818 1280 932 1319 rem
958 1264 1314 1336 pertinentes,
1367 1271 1565 1333 praeter
1593 1276 1753 1331 argu-

166 1368 364 1414 menta
397 1359 451 1414 in
484 1359 714 1431 epistola
736 1358 1011 1430 encyclica
1053 1366 1333 1425 contenta,
1365 1364 1564 1427 praeter
1585 1354 1753 1409 breve

168 1452 504 1523 opusculum
558 1462 747 1507 contra
800 1450 987 1507 Romae
1040 1450 1242 1505 veteris
1296 1448 1558 1513 asseclas,
1606 1444 1753 1516 quod

170 1542 369 1599 saltem
403 1542 582 1598 dubiis
604 1541 726 1612 ejus
754 1540 1158 1597 accensendum
1183 1548 1270 1595 est
1305 1538 1559 1607 cperibus
1608 1535 1753 1605 (vide

172 1630 399 1689 Prazfat.
447 1633 737 1704 nostram),
769 1632 1075 1689 luculenter
1118 1630 1419 1686 ostendunt
1477 1638 1589 1683 tum
1622 1644 1753 1699 pro-

175 1724 305 1778 lixae
357 1722 553 1777 litteras
592 1721 661 1775 ad
714 1719 1121 1791 Aquileienseut
1172 1718 1634 1788 archiepiscopum
1674 1716 1750 1787 (2)

175 1815 343 1880 datae,
372 1828 508 1885 quas
527 1812 725 1867 librum
750 1811 929 1881 potius
954 1825 1077 1866 esse
1105 1810 1254 1866 haud
1299 1809 1573 1864 immerito
1603 1809 1755 1863 dixe-

174 1908 278 1973 ris,
312 1916 367 1962 et
396 1904 489 1977 qui
520 1904 731 1960 caeteris
755 1903 1012 1959 omnibus
1033 1911 1275 1976 praestat,
1307 1901 1445 1958 liber
1495 1899 1570 1954 De
1589 1898 1754 1970 Spiri-

178 2010 266 2055 tus
295 1999 467 2055 sancti
500 1998 854 2069 mystagogia.

246 2091 302 2146 3.
344 2090 554 2146 Invicta
601 2088 809 2144 Nicolai
860 2086 881 2142 Ι
942 2085 1250 2143 constantia
1295 2084 1373 2157 (5)
1425 2098 1457 2140 a
1507 2082 1754 2139 Romana

176 2183 307 2240 sede
330 2183 579 2254 repulsus
622 2192 677 2238 et
715 2182 1063 2237 anathemate
1089 2178 1374 2252 perculsus
1405 2174 1492 2248 (C.
1523 2191 1578 2231 a.
1613 2175 1752 2247 866)

178 2274 329 2329 misit
358 2273 586 2328 Photius
617 2273 947 2344 encyclicam
978 2288 1132 2327 suam
1163 2269 1406 2326 Orientis
1437 2266 1713 2341 episcopis
1737 2307 1754 2332 ,

175 2380 298 2435 quae
326 2372 525 2435 praeter
556 2363 659 2418 alia
693 2362 922 2417 minoris
960 2362 1222 2417 momenti
1256 2360 1466 2416 Latinis
1499 2358 1753 2433 gravissi-

179 2460 284 2516 mis
326 2460 508 2515 verbis
543 2459 712 2515 veluti
755 2458 1125 2528 turpissimam
1155 2456 1393 2512 haeresin
1443 2456 1750 2512 doctrinam

176 2552 325 2605 illam
358 2551 754 2621 exprobrabat,
781 2567 886 2620 qua
925 2549 1188 2620 Spiritum
1219 2558 1467 2603 sanctum
1497 2565 1563 2604 ex
1595 2548 1754 2604 Patre

176 2639 333 2716 [126]
354 2643 589 2712 Filioque
611 2644 909 2715 procedere
936 2641 1347 2714 proﬁtebantur,
1366 2656 1594 2711 eamque
1619 2657 1755 2711 qua-

173 2734 480 2790 tuordecim
493 2734 710 2793 circiter
721 2733 1054 2806 argumentis
1070 2734 1269 2788 acriter
1285 2733 1754 2805 impugnavit.Sed

177 2827 296 2882 haec
322 2826 498 2881 Photii
531 2836 851 2898 argumenta
882 2836 999 2882 tum
1040 2824 1482 2880 Occidentalibus
1529 2825 1754 2882 minime

175 2917 484 2973 innotuisse
515 2919 769 2974 videntur
812 2920 922 2991 (4);
959 2917 1179 2973 nonnisi
1217 2920 1274 2972 in
1306 2933 1491 2989 genere
1527 2933 1753 2973 accusa-

176 3010 390 3069 tionum
417 3010 595 3081 capita
623 3012 895 3067 habebant
919 3022 1236 3082 perspecta,
1283 3010 1461 3081 qualia
1492 3026 1522 3065 a
1554 3010 1754 3082 Bulga-

176 3117 362 3157 rorum
392 3103 641 3175 principe
674 3105 927 3161 Nicolaus
955 3104 1200 3174 pontifex
1226 3104 1405 3159 fuerat
1442 3119 1506 3159 ea
1538 3105 1751 3160 doctus.

176 3191 319 3247 Sane
360 3193 686 3250 llatramnus
728 3194 1073 3251 Corbeiensis
1121 3196 1424 3249 monachus
1456 3204 1512 3249 et
1548 3193 1754 3251 .lEneas

1850 722 2086 793 amplius
2130 719 2497 775 necessarium
2524 758 2540 783 ,
2595 717 2703 771 imo
2752 715 3071 786 imprudens
3113 716 3418 783 videbatur,

1850 813 2066 870 Grtecos
2086 810 2387 866 universim
2413 809 2481 864 de
2500 808 2618 878 eius
2647 807 2923 863 erroribus
2952 807 3262 879 objurgare.
3287 823 3425 878 quos

1851 904 2119 976 Ignatium
2162 902 2349 958 fovere
2397 900 2547 955 nulla
2580 907 2699 953 erat
2729 897 2997 968 suspicio;
3040 912 3219 968 neque
3265 898 3424 970 legati

1849 996 1916 1052 ad
1939 995 2232 1052 concilium
2262 1002 2511 1048 octavum
2540 991 2691 1047 missi
2721 990 2854 1061 quid
2883 990 3152 1060 ejusmodi
3182 990 3236 1045 in
3270 1006 3427 1046 man-

1851 1088 1992 1145 datis
2023 1087 2284 1142 habuere.
2316 1083 2665 1139 Postmodum
2693 1098 2828 1138 vero
2858 1097 2983 1136 cum
3011 1081 3226 1153 Ignatio
3273 1098 3425 1138 mor-

1852 1191 1948 1237 tuo
2004 1179 2234 1235 Photius
2286 1177 2479 1231 iterum
2539 1174 3195 1245 Constantinopolitanam
3242 1175 3427 1230 sedem

1852 1281 2145 1343 occuparet
2165 1311 2180 1335 ,
2214 1286 2341 1341 pax,
2369 1269 2495 1323 licet
2519 1282 2628 1322 non
2661 1267 2942 1333 duratura,
2970 1264 3122 1339 [127]
3160 1266 3262 1321 fuit
3295 1266 3429 1322 inita

1849 1375 1906 1421 et
1937 1366 1992 1419 in
2024 1363 2229 1436 synodo
2281 1360 2382 1417 sub
2420 1359 2632 1415 Joanne
2678 1358 2793 1414 VIII
2824 1374 2877 1414 a.
2907 1358 3012 1414 879
3047 1357 3318 1413 celebrata
3360 1359 3430 1413 de

1853 1456 1940 1513 his
1989 1463 2279 1511 tractatum
2311 1453 2481 1509 fuisse
2525 1452 2678 1507 nullo
2724 1450 2952 1521 vestigio
2979 1450 3427 1520 deprehenditur.

1849 1546 1969 1602 Non
2005 1547 2228 1617 ignoro,
2268 1545 2411 1599 haud
2446 1544 2720 1610 defuisse,
2773 1541 2865 1614 qui
2913 1541 3230 1597 Latinorum
3274 1542 3427 1596 addi-

1850 1640 2054 1695 tionem
2076 1638 2151 1693 ibi
2181 1636 2498 1693 solemniter
2524 1635 2853 1706 prohibitam
2880 1632 3051 1689 fuisse
3073 1632 3428 1700 atlirmarint;

1850 1747 2063 1795 verum,
2078 1746 2138 1786 re
2165 1730 2473 1787 accuratius
2492 1735 2798 1799 perspecta,
2826 1726 2883 1782 id
2904 1725 3120 1782 defendi
3135 1741 3245 1780 non
3269 1741 3431 1795 posse

1851 1821 2058 1894 liquido
2093 1828 2343 1883 constat,
2391 1827 2452 1873 ut
2506 1817 2663 1872 multi
2701 1815 2804 1871 viri
2844 1815 2987 1871 docti
3042 1814 3155 1885 jam
3203 1815 3433 1871 demon-

1854 1921 2119 1968 strarunt.
2158 1909 2388 1965 Photius
2434 1909 2550 1979 ipse
2582 1908 2637 1963 in
2671 1907 2814 1962 libro
2839 1915 3034 1961 nostro
3065 1905 3207 1977 (cap.
3243 1904 3337 1975 89)
3366 1920 3433 1959 ex

1857 2004 1960 2060 hac
1984 2004 2207 2076 synodo,
2242 2002 2401 2071 cujus
2449 2002 2569 2072 ipse
2608 2000 2779 2057 veluti
2816 1999 2999 2055 anima
3032 2008 3089 2054 et
3125 1999 3434 2054 moderator

1856 2096 2157 2159 exstiterat.
2184 2095 2395 2149 nullum
2438 2093 2585 2149 aliud
2620 2108 2720 2164 pro
2745 2107 2908 2148 causa
2945 2106 3042 2146 sua
3070 2090 3247 2161 potuit
3272 2106 3433 2161 argu-

1856 2196 2101 2243 mentum
2140 2186 2428 2258 colligere,
2470 2185 2573 2239 nisi
2624 2184 2769 2255 quod
2824 2182 3054 2239 Joannis
3082 2197 3237 2254 papa
3273 2182 3434 2254 legati

1857 2280 2161 2353 symbolum
2194 2279 2374 2349 prisco
2402 2293 2553 2332 more
2601 2276 2946 2347 receperint,
2978 2274 3328 2329 recitaverint
3352 2275 3434 2329 ei-

1856 2388 1963 2447 quc
1993 2370 2449 2441 subscripserint;
2500 2370 2759 2440 nulloque
2799 2378 3063 2439 praeterea
3096 2378 3246 2421 certo
3273 2382 3435 2437 argu-

1857 2477 2042 2523 mento
2085 2473 2337 2524 constat.
2390 2462 2560 2533 ipsam
2614 2470 2744 2516 tunc
2792 2460 3089 2515 Romanam
3138 2456 3433 2513 Ecclesiam

1855 2557 2162 2630 symbolum
2193 2557 2512 2612 solemniter
2538 2568 2671 2612 cum.
2698 2552 2789 2608 illo
2812 2550 3183 2608 additamento
3202 2548 3433 2604 recitare

1854 2650 2227 2715 consuevisse,
2266 2650 2423 2719 cujus
2454 2657 2635 2703 tamen
2670 2644 3027 2702 additamenti
3059 2658 3278 2699 sensum
3320 2650 3432 2696 tota

1857 2753 2039 2799 mente
2072 2742 2521 2813 amplectebatur.
2558 2740 2691 2807 Quae
2719 2738 2949 2794 Photius
2977 2737 3035 2808 (ι.
3064 2735 3141 2806 c.)
3174 2735 3241 2790 de
3266 2734 3434 2790 Joan-

1855 2852 1926 2892 ne
1970 2835 2089 2891 Vlll
2138 2835 2362 2899 scribit,
2393 2850 2458 2889 ea
2500 2834 2557 2888 in
2608 2831 2836 2887 historia
2882 2844 3072 2885 eorum
3128 2836 3431 2897 temporum

1855 2929 2001 2985 haud
2033 2928 2213 2999 exigui
2245 2926 2508 2982 momenti
2539 2934 2703 2990 sunt;
2736 2939 2839 2979 nos
2871 2921 3090 2977 interim
3121 2918 3249 2975 Joh.
3278 2918 3433 2973 Becti

1855 3020 2023 3075 verba
2052 3019 2405 3083 adducemus,
2432 3032 2552 3087 quae
2583 3016 2869 3070 recitatum
2896 3010 3047 3066 hunc
3072 3017 3279 3064 textum
3304 3006 3437 3061 sub—

1856 3121 2180 3182 sequuntur.
2215 3128 2234 3162 t
2274 3110 2401 3165 Haec
2432 3125 2558 3165 cum
2597 3106 2879 3163 inveniant
2905 3103 3162 3158 Photium
3188 3100 3439 3156 scriben-

1858 3214 1967 3260 tem
2014 3205 2072 3258 hi
2117 3204 2442 3274 quibuscum
2496 3201 2657 3257 nobis
2708 3213 2888 3255 sermo
2941 3206 3061 3260 est,
3116 3194 3435 3265 opinantur,

175 3283 407 3340 antistes
431 3285 752 3342 Parisiensis
777 3327 792 3352 ,
835 3288 929 3356 qui
967 3294 1096 3343 tunc
1136 3296 1326 3343 contra
1358 3287 1577 3343 Graecos
1614 3289 1752 3343 scri-
1780 3303 1826 3366 ο
1856 3296 2035 3365 ipsum
2065 3294 2379 3349 inimicitias
2397 3308 2521 3348 cum
2548 3306 2683 3362 pace
2706 3296 3094 3348 commutasse.
3118 3285 3260 3354 quod
3282 3298 3438 3354 papa:

178 3392 359 3446 psere,
386 3377 518 3433 illud
542 3394 710 3432 unum
741 3387 1029 3443 noverant,
1056 3394 1180 3450 qua:
1204 3378 1261 3432 in
1285 3376 1507 3434 Latinos
1526 3379 1755 3434 crimina

177 3468 351 3522 Graeci
377 3468 795 3540 congessissent,
825 3470 1175 3539 probationes
1198 3470 1757 3540 ratiocinationesque

181 3556 364 3612 Photii
392 3557 614 3628 penitus
644 3557 1003 3627 ignorabant,
1054 3574 1190 3630 quas
1216 3574 1398 3630 neque
1429 3558 1568 3614 alius
1608 3559 1758 3630 quis-

178 3665 347 3720 quam
380 3648 729 3715 Latinorum,
778 3665 956 3721 neque
988 3650 1104 3721 ipse
1133 3650 1383 3705 Nicolaus
1411 3650 1627 3706 videtur
1657 3665 1757 3706 no-

180 3744 330 3799 visse
362 3743 461 3815 (5),
488 3758 557 3798 ex
578 3742 735 3812 cujus
760 3743 1003 3815 epistolis
1033 3743 1109 3798 illi
1140 3758 1269 3799 suas
1303 3743 1525 3798 notitias
1556 3744 1757 3799 hause-

181 3846 325 3892 rant.
376 3835 708 3891 Batranmus
740 3835 882 3890 inter
918 3834 1022 3891 alia
1068 3836 1260 3891 scribit
1304 3834 1420 3902 (lib.
1468 3851 1528 3890 ιιι
1562 3833 1759 3890 Contra

179 3928 497 3987 Graecorum
535 3930 804 4001 opposita,
834 3944 886 3984 c.
915 3928 980 3996 6;
1006 3928 1199 3995 MIGNE,
1228 3938 1270 3983 t.
1303 3925 1491 3990 CXXI,
1510 3944 1563 3998 p.
1588 3928 1715 3995 505)
1741 3944 1755 3983 :

186 4043 205 4076 ι
241 4023 381 4078 Cum
410 4023 559 4078 enim
594 4037 792 4091 negare
823 4021 1013 4076 volunt
1049 4019 1278 4090 (Graeci)
1314 4018 1578 4089 Spiritum
1632 4033 1759 4073 san-

180 4125 335 4173 ctum
360 4114 427 4170 de
458 4113 596 4169 Filio
630 4112 927 4185 procedere
951 4155 966 4178 ,
999 4114 1135 4166 unde
1157 4110 1294 4183 quod
1315 4111 1495 4164 dicunt
1518 4126 1759 4179 compro-

170 4190 333 4277 bent,
384 4209 588 4262 nullam
629 4207 709 4262 uel
749 4207 1211 4261 ratiocinationem
1255 4205 1339 4260 vel
1386 4206 1760 4260 auctoritatem

178 4302 500 4367 ostendunt;
528 4300 672 4356 unde
696 4298 876 4371 potius
908 4298 1144 4354 levitatis
1175 4313 1299 4353 esse
1322 4307 1503 4355 tumor
1522 4297 1759 4364 videtur,

177 4410 346 4466 quam
379 4393 684 4464 prudentiae
712 4390 968 4464 gravitas.
1007 4408 1026 4441 ι
1058 4388 1177 4445 Νοιι
1206 4389 1386 4459 potuit
1410 4405 1541 4444 sane
1575 4389 1647 4443 ita
1679 4389 1762 4444 lo-

176 4488 305 4560 qui,
356 4488 449 4558 qui
500 4485 682 4541 Photii
729 4482 1059 4555 encyclicam
1117 4482 1290 4553 ipsam
1337 4481 1563 4552 legerat.
1621 4481 1763 4537 Hinc

175 4585 430 4649 apertum
463 4586 577 4640 est,
610 4591 709 4631 cur
734 4581 988 4631 accurata
1006 4571 1401 4627 PhOtianorum
1430 4572 1765 4643 syllogismo-

175 4684 303 4724 rum
347 4666 649 4723 confntatin
675 4667 745 4723 ab
772 4667 859 4722 his
899 4663 1217 4720 auctoribus
1260 4663 1451 4743 confici
1480 4663 1626 4718 haud
1661 4678 1761 4733 po;
1794 4662 1836 4717 D

176 4759 381 4823 tuerit;
430 4758 550 4814 illos
575 4759 629 4813 in
661 4758 911 4814 Latinum
939 4770 1249 4812 sermonem
1286 4756 1577 4810 translatos
1596 4753 1764 4809 fuisse

174 4848 395 4905 nullum
424 4857 511 4903 est
529 4847 840 4918 vestigium.
862 4846 1102 4900 Rursum
1130 4843 1184 4898 in
1212 4844 1436 4898 Oriente
1456 4841 1760 4909 Ratramni,

174 4937 374 4994 Enen:
404 4936 743 5006 aliorumque
779 4936 903 4992 libri
932 4936 1019 4991 vix
1049 4935 1251 5008 cogniti
1280 4934 1453 4990 fuisse
1487 4934 1761 4989 videntur.

251 5117 331 5189 (2)
363 5116 417 5189 is
448 5116 765 5189 Ealpertus
793 5115 976 5189 fuisse
995 5116 1242 5189 videtur,
1272 5115 1534 5189 adquam
1561 5129 1655 5189 ep.
1694 5114 1764 5172 48

172 5184 423 5259 Joannis
455 5184 593 5242 νιιΓ
624 5187 814 5256 (Mansi
858 5186 1125 5259 Xlll,}5.
1162 5187 1253 5259 44)
1306 5184 1528 5259 directa
1580 5184 1765 5259 fugitet

175 5260 269 5314 cui
310 5258 517 5328 pariter
541 5254 864 5328 inscriptum
888 5268 970 5312 est
1006 5254 1361 5383 Fragmfepi.
1382 5256 1647 5327 Stephani
1696 5254 1761 5321 V,

175 5346 231 5383 a.
266 5330 365 5383 891
425 5329 648 5383 (Μιοιηιι.
672 5336 713 5383 t.
743 5326 980 5383 CXXIX.
1012 5343 1046 5383 ι)
1099 5328 1247 5383 805).
1349 5329 1436 5382 Ide
1474 5344 1540 5382 ne
1564 5325 1761 5383 [tusus

174 5346 231 5385 a.
266 5325 365 5385 891
425 5329 648 5398 (Μιθιηε,
672 5325 980 5399 ιξΟΧΧΙΧ,
1012 5343 1046 5399 p
1099 5325 1247 5398 805).
1293 5325 1449 5399 Vide,
1474 5325 1540 5382 ne
1564 5325 1764 5399 Russus

173 5394 597 5455 Honumeccl.
625 5397 807 5467 Aquit.
842 5394 1035 5453 Venet}
1075 5394 1238 5463 1740,
1266 5414 1322 5468 p.
1354 5398 1482 5452 448.
1584 5467 1619 5468 η
1748 5394 1757 5409 ’

134 5482 135 5485 ‘
253 5470 335 5539 (5)
368 5468 580 5524 Samqu
612 5469 799 5539 elapso
828 5468 1107 5524 Nicolaum
1128 5512 1145 5536 ,
1185 5479 1248 5524 ut
1275 5467 1414 5523 alios
1442 5467 1760 5539 pontiﬁces,

175 5538 293 5594 non
323 5540 502 5594 solum
532 5538 818 5595 acathOlici
850 5539 1144 5609 scriptores
1163 5579 1178 5603 ,
1210 5555 1397 5609 verum
1431 5548 1489 5593 et
1508 5538 1763 5609 nonnulli

175 5611 329 5665 male
362 5610 608 5680 dispositi
637 5610 921 5680 catholici,
949 5607 1095 5680 inter
1116 5623 1255 5680 quos
1289 5608 1595 5680 Fontanius
1619 5607 1769 5680 (Dis-

176 5691 312 5735 sert.
367 5676 635 5733 de—Phot.
681 5680 733 5733 in
781 5678 916 5735 Νυυ.
966 5676 1327 5733 εναά.’άειὲσ.
1374 5679 1484 5733 vol.
1548 5676 1642 5747 l),
1704 5677 1761 5732 in

177 5749 396 5829 agendi
431 5750 640 5829 ratione
686 5758 875 5804 contra
903 5748 1178 5829 _Pho_tium_
1224 5748 1764 5829 injllste_vituperare

179 5818 535 5875 adamahant.
579 5818 759 5890 Longe
785 5822 992 5890 rectius
1033 5820 1134 5875 hac
1166 5819 1237 5890 in,
1260 5834 1319 5875 re
1353 5818 1620 5890 judicavit

180 5890 310 5944 culo
339 5899 528 5945 nostro
562 5887 809 5961 Nean'der
839 5890 895 5944 in
946 5889 1086 5947 Hist.
1133 5888 1258 5945 eccl.
1306 5887 1387 5960 (t.
1429 5887 1518 5956 IV,
1548 5905 1604 5961 p.
1634 5888 1761 5954 607,

183 5969 432 6023 praesen.
466 5975 524 6015 ιι.
554 5961 588 6016 3
614 5969 671 6015 et
701 5960 877 6032 alias).

1854 3387 2084 3443 Joannis
2111 3387 2187 3458 pii
2224 3387 2403 3440 locum
2443 3392 2695 3439 tenentes
2735 3382 2941 3450 absque
2980 3378 3274 3442 additionc,
3294 3374 3439 3445 quod

1856 3478 2001 3549 apud
2033 3494 2135 3534 nos
2168 3477 2365 3549 legitur
2405 3474 2710 3547 symbolum
2752 3469 3178 3540 subscripserint
3211 3478 3266 3521 et
3290 3467 3439 3521 obsi-

1856 3570 2144 3641 gnaverint
2178 3567 2275 3639 (6).
2324 3564 2440 3622 Hoc
2484 3580 2618 3621 vero
2659 3578 2823 3619 nemo
2850 3578 2917 3617 ex
2955 3561 3043 3625 iis,
3074 3560 3167 3630 qui
3194 3558 3263 3613 ad
3300 3559 3441 3612 bene

1858 3661 2273 3732 conjectandum
2318 3658 2499 3714 idonei
2549 3665 2681 3713 sunt
2705 3697 2722 3723 ,
2757 3655 2916 3710 facile
2948 3653 3050 3708 sibi
3100 3650 3440 3708 credendum

1859 3752 2239 3826 pr0posuerit,
2273 3766 2397 3807 cum
2435 3764 2599 3822 neque
2628 3746 2930 3819 dogmatica
2980 3744 3094 3799 ulla
3132 3744 3352 3815 quaestio
3384 3744 3441 3795 in

1859 3863 1921 3901 ea
1956 3846 2187 3915 synodo,
2232 3858 2353 3914 quae
2386 3858 2485 3914 pro
2511 3856 2645 3912 pace
2670 3839 2964 3896 sancienda
2994 3846 3181 3892 coacta
3224 3835 3438 3898 fuerat,

1860 3939 2156 4009 reperiatur
2184 3946 2363 4002 mota;
2392 3935 2487 3990 sed
2513 3950 2656 3989 vera:
2680 3948 2858 3988 causae
2885 3931 3016 3986 illud
3042 3938 3161 3985 erat
3195 3928 3442 3984 occulta-

1861 4032 1957 4095 tio,
1988 4028 2292 4086 secundum
2318 4042 2478 4099 quam
2494 4041 2619 4081 cum
2643 4026 2900 4081 universa
2927 4023 3173 4078 Romana
3194 4019 3443 4076 Ecclesia

1859 4126 2162 4181 simultates
2213 4138 2278 4178 ac
2327 4119 2628 4175 inimicitias
2683 4116 2880 4172 Photio
2934 4123 3140 4170 exorta:
3202 4111 3441 4167 fuerant.

1859 4213 1997 4272 Cum
2032 4213 2177 4268 enim
2212 4218 2514 4275 vereretur,
2559 4222 2631 4263 ne
2658 4205 2904 4261 omnium
2958 4201 3444 4273 reprehensionem

1861 4306 2186 4369 incurreret,
2222 4302 2390 4373 quod,
2433 4317 2558 4357 cum
2593 4315 2733 4371 papa
2763 4297 3020 4353 Nicolaus
3045 4309 3170 4351 eum
3200 4309 3314 4349 non
3348 4294 3446 4348 ad-

1862 4400 2125 4464 mitteret,
2164 4394 2323 4469 [128]
2366 4395 2665 4449 Romanam
2714 4389 3021 4446 Ecclesium
3047 4387 3363 4445 universam
3386 4388 3444 4442 in

1861 4490 2211 4546 Divinitatem
2264 4486 2558 4556 iniuriam,
2606 4482 2832 4553 impiam
2880 4490 2936 4538 et
2984 4482 3167 4553 legum
3210 4481 3445 4535 maxime

1865 4580 2357 4654 praevaricatricem
2387 4585 2763 4648 nuncuparet;
2796 4582 2852 4631 et
2879 4590 3003 4630 cum
3038 4589 3178 4645 papa
3204 4572 3446 4629 Joannes

1865 4678 1985 4746 ejus
2011 4676 2065 4731 in
2099 4674 2515 4747 patriarchalem
2559 4674 2813 4729 thronum
2844 4668 3179 4727 restitutioni
3208 4658 3445 4722 consenl

1865 4782 1987 4822 sum
2012 4767 2354 4839 praebuisset,
2377 4766 2626 4820 eamdem
2650 4773 2897 4820 sanctam
2925 4771 2982 4819 et
3027 4758 3247 4831 pietatis
3272 4757 3443 4828 magi-

1864 4868 2034 4914 stram
2061 4858 2409 4930 praedicaret;
2448 4872 2547 4928 pro
2575 4871 2709 4928 pace
2737 4870 2863 4911 cum
2883 4852 3096 4908 Joanne
3126 4850 3262 4905 inita
3286 4846 3444 4917 quasi

1864 4949 2166 5022 apologiam
2224 4957 2521 5005 contexens
2552 4987 2569 5015 ,
2630 4963 2729 5020 per
2776 4960 2907 5002 suos
2963 4944 3145 4997 locum
3189 4947 3443 4995 tenentes

1935 5124 2014 5196 (4)
2044 5123 2217 5196 Aliter
2240 5123 2547 5180 Walchium
2572 5120 3069 5196 (Hist._contrgt_v_._de
3085 5131 3230 5196 prop.
3252 5112 3441 5185 Spirit.

1863 5188 2035 5252 sanet.
2076 5195 2237 5263 lenas,
2281 5196 2442 5261 1751,
2487 5211 2539 5251 c.
2579 5188 2694 5265 ’Ἀθ
2725 5192 2781 5259 6,
2812 5208 2869 5263 p.
2898 5191 3005 5260 35)
3034 5188 3294 5246 statuisse
3339 5200 3439 5256 ap-

1904 5274 2040 5321 aret.

1865 5282 2129 5406 Ρθῖἓῖὀι.
2162 5336 2440 5392 Hincmar.
2484 5333 2648 5406 Rem.
2669 5405 2674 5406 ί
2698 5331 2987 5406 episust,
3020 5340 3063 5387 t.
3097 5328 3137 5383 ιι
3161 5350 3261 5406 ηρ,
3281 5334 3439 5406 809,

1864 5402 1955 5461 edi
2002 5407 2185 5460 Baluz.
2214 5406 2388 5461 Nicol.
2423 5406 2469 5472 Ι,
2497 5421 2588 5475 ep.
2618 5405 2689 5461 70
2726 5402 2797 5460 ad
2827 5402 3102 5459 llincmar.
3131 5402 3223 5459 ed.’
3245 5404 3437 5471 Μιωιιι,

1865 5477 2024 5547 epist.
2057 5477 2180 5547 152,
2211 5486 2251 5531 t.
2283 5475 2471 5547 CXIX,
2508 5475 2649 5547 “5‘2
2668 5490 2786 5547 seq.

1935 5546 2013 5616 (6)
2057 5546 2179 5601 Lib.
2210 5562 2290 5608 ιιι,
2318 5547 2386 5601 ad
2409 5546 2619 5601 Theod.
2642 5560 2694 5602 c.
2724 5542 2764 5602 αἱ
2789 5543 2906 5616 (Cr.
2931 5545 3067 5599 orth.
3093 5542 3156 5608 II,
3182 5560 3247 5616 p._
3268 5542 3394 5616 159)
3422 5563 3437 5598 :

1865 5613 2088 5688 armat
2112 5616 2214 5688 τῆς
2247 5616 2447 5686 ἐχθρας
2494 5613 2872 5688 τὴνγειρήγὴνῄ
2912 5616 3076 5688 auro}:
3118 5613 3436 5688 ἀπᾳλλάξα-

1868 5686 2011 5749 σθαι,
2043 5686 2106 5740 τὸ
2138 5683 2228 5740 διὰ
2268 5683 2398 5750 est};
2428 5687 2522 5741 τοῦ
2551 5683 2717 5741 ἧπάπά
2749 5683 3008 5741 Ἶώάννου
3044 5683 3316 5746 θεοσεϐεῖς
3346 5700 3439 5735 το-

1865 5756 2182 5829 ποτηρητὰς
2217 5756 2279 5829 ἐδ
2307 5756 2432 5829 δίχα
2458 5758 2558 5829 τῆς
2586 5753 3443 5829 προσθήκηςἀναγιγῳσκόμενον

1865 5775 2182 5827 ποτηρητας
2217 5775 2279 5809 το
2307 5775 2356 5811 οι
2396 5775 2432 5811 σ.
2458 5775 2558 5829 της
2586 5775 2760 5828 προσυ
2802 5775 2907 5826 κης
2930 5775 3443 5822 αναγινωσκομενον

1863 5829 1994 5897 παρ’
2026 5828 2159 5898 ἡμῖν
2190 5826 2290 5899 τῆς
2332 5775 2569 5894 «ﬁctam;
2600 5775 2866 5900 adpGogtov
2897 5822 3209 5896 ὑπογράψαι
3250 5839 3311 5878 τε
3346 5824 3445 5879 καὶ

1866 5896 2399 5969 ἐπισφραγίσασθαι.
3381 5913 3395 5927 ‘
