4002 6404
547 450 674 518 403

1688 459 1948 520 ΡΗΟΤΙΙ
1989 461 2487 523 PATRIARCH/E
2519 466 2624 524 ΟΡ.
2706 535 2710 539 _

3694 458 3798 524 404

545 563 809 617 Joannem
853 564 1128 634 accepisse
1173 565 1506 636 symbolum,
1539 575 1593 619 et
1627 573 1808 620 mente
1835 577 1890 621 et
1928 568 2111 637 lingua
2138 571 2191 630 Α
2213 571 2617 639 Aquileiensem
2683 572 2991 642 prmsulem,
3037 581 3096 626 ut
3141 572 3208 627 de
3252 571 3516 641 opusculo
3554 573 3790 627 breviori

546 666 600 710 et
638 655 810 711 sacris
839 655 1324 712 illustrissimorum
1363 667 1416 712 ct
1447 657 1889 713 admirandorum
1932 659 2109 713 homi-

546 763 678 802 num
709 748 963 804 manibns
992 748 1378 820 subscripsisse
1407 749 1832 819 obsignasseque
1860 750 2110 806 inculcat.

545 838 661 894 Hoc
685 848 867 894 autem
902 839 990 894 isti
1019 840 1090 894 ita
1120 839 1419 909 perfecere,
1445 841 1571 910 quia
1599 850 1654 895 et
1677 840 1769 910 qui
1800 851 1928 899 ante
1952 841 2115 896 Joan-

543 945 670 986 nem
716 947 911 1001 papam
956 931 1255 985 Romanam
1287 933 1470 986 sedem
1503 941 1798 999 ornarunt,
1854 932 1959 988 hoc
1988 947 2113 986 san—-

542 1031 690 1077 ctum
706 1029 761 1076 et
772 1025 974 1092 pietate
988 1021 1205 1091 plenum
1225 1021 1617 1092 proﬁtebantur
1629 1023 1952 1094 symbolum,
1969 1024 2111 1092 quod

542 1113 706 1168 etiam
738 1114 832 1183 qui
865 1122 986 1183 post
1011 1128 1136 1168 eum
1165 1113 1232 1168 ad
1264 1113 1381 1169 haec
1418 1128 1593 1182 usque
1623 1125 1866 1184 tempora
1893 1129 2113 1169 succes—

542 1221 660 1261 sere
679 1247 693 1272 ,
717 1215 773 1261 et
796 1215 980 1262 mente
1004 1207 1407 1277 amplectuntur
1431 1216 1486 1262 et
1510 1207 1692 1276 lingua
1721 1205 2110 1275 depraedicant.

538 1296 607 1352 Et
633 1297 837 1352 dictum
868 1313 1049 1353 meum
1089 1297 1486 1352 demonstrabit
1514 1297 1929 1367 Evangeliorum
1964 1297 2111 1350 nulla

538 1391 676 1444 facta
706 1389 1063 1445 commutatio
1084 1429 1100 1452 ,
1145 1398 1200 1444 et
1233 1389 1416 1444 omnia
1457 1389 1677 1443 Patrum
1714 1389 1913 1459 scripta
1937 1430 1953 1455 ,
1992 1404 2112 1459 quae

539 1479 802 1550 Spiritum
829 1481 1052 1535 tradunt
1072 1496 1139 1537 ex
1163 1479 1322 1534 Patre
1346 1479 1633 1549 procedere
1657 1488 1710 1535 et
1730 1479 1934 1548 absque
1963 1479 2112 1534 addi-

537 1571 686 1628 tione
711 1572 859 1642 apud
881 1588 976 1627 eos
1005 1572 1261 1644 leguntur
1299 1579 1462 1641 atque
1489 1571 1786 1640 probantur
1821 1570 1922 1640 (7).
1957 1589 1975 1621 ι
2011 1569 2112 1624 De-

535 1679 687 1719 mum
719 1664 987 1734 ejusmodi
1021 1664 1200 1737 fucata
1232 1678 1365 1734 pace
1391 1675 1549 1733 rupta
1595 1679 1705 1720 non
1752 1664 1931 1733 potuit
1956 1661 2109 1735 [1°29]

535 1757 764 1820 Photius
793 1757 895 1812 sibi
929 1766 1251 1827 temperare,
1277 1755 1570 1826 quominus
1599 1755 1780 1812 denuo
1809 1755 1950 1810 hanc
1975 1770 2110 1809 con-

539 1848 858 1904 troversiam
880 1849 1248 1914 resuscitaret;
1272 1848 1382 1902 imo
1397 1862 1550 1902 suam
1570 1846 1880 1914 opinionem
1903 1845 2108 1900 tenaci-

2214 663 2356 731 apud
2416 663 2762 734 Euthymium
2818 672 3116 727 taceamus,
3177 665 3348 719 multo
3377 681 3509 719 vero
3534 666 3708 734 magis
3747 666 3795 718 in

2216 762 2449 807 tractatu
2507 754 2574 808 de
2609 753 2844 824 Spiritus
2889 756 3060 810 sancti
3116 756 3447 826 mystagogia
3483 756 3551 810 ad
3583 771 3649 810 ea
3680 771 3797 824 qua:

2215 844 2425 914 potiora
2492 845 2596 900 sibi
2657 845 2982 901 videbantur
3013 847 3237 916 respicit
3269 847 3593 901 Latinorum
3628 861 3792 916 argu-

2214 939 2397 988 menta
2424 945 2480 988 et
2510 934 2623 989 suis
2673 934 3233 991 demonstrationibus
3258 952 3448 991 eorum
3507 938 3796 990 refutatio-

2213 1041 2338 1079 nem
2393 1025 2751 1082 intermiscet.
2796 1027 3064 1084 Praeclare
3093 1037 3320 1085 noverat
3371 1030 3595 1085 Latinos
3639 1029 3798 1084 inniti

2213 1115 2510 1171 Bibliorum
2565 1119 2913 1184 testimoniis,
2969 1135 3032 1175 ac
3099 1120 3443 1190 potissimum
3487 1119 3652 1174 Joan.
3688 1135 3796 1182 ενι,

2216 1207 2605 1270 13-15;Galat.
2633 1225 2706 1272 IV,
2732 1208 2795 1274 6;
2829 1207 2984 1264 Rom.
3009 1225 3128 1273 Vlll,
3159 1210 3213 1274 9,
3247 1221 3302 1264 et
3321 1226 3547 1266 suorum
3573 1209 3794 1264 Patrum

2212 1300 2544 1364 auctoritati,
2578 1300 2812 1355 maxime
2842 1301 3135 1367 Ambrosii,
3154 1302 3631 1374 Augustiniatque
3661 1303 3790 1358 Hie-

2215 1390 2445 1461 ronymi.
2481 1392 2636 1457 Quod
2665 1390 2712 1445 si
2773 1391 3053 1447 Ratramni
3102 1393 3361 1449 IEneaeve
3389 1395 3595 1465 scripta
3626 1395 3716 1449 vel
3737 1412 3796 1450 ex

2212 1489 2326 1535 toto
2363 1481 2450 1536 vel
2500 1497 2568 1536 ex
2616 1491 2769 1552 parte
2805 1482 3034 1554 legerat,
3084 1484 3176 1538 ubi
3222 1485 3541 1540 Graecorum
3577 1501 3796 1556 quoque

2214 1570 2503 1626 Doctorum
2529 1580 2708 1625 textus
2738 1570 3058 1643 allegantur,
3079 1574 3178 1628 hos
3204 1573 3397 1628 callide
3420 1573 3796 1629 dissimulasse

2211 1660 2474 1714 dicendus
2507 1668 2610 1713 est.
2634 1659 2740 1714 Sed
2771 1660 2825 1713 in
2852 1660 2957 1714 line
2980 1662 3150 1716 nostri
3173 1661 3355 1732 operis
3380 1662 3522 1732 (cap.
3552 1662 3648 1732 96)
3680 1663 3795 1732 pol-

2210 1748 2428 1813 licetur,
2477 1767 2498 1801 ‹
2536 1748 2582 1802 si
2614 1758 2897 1803 convertat
2937 1748 3198 1805 Dominus
3246 1751 3511 1806 librorum
3562 1760 3622 1806 et
3652 1767 3795 1805 ama-

2211 1841 2499 1897 nuensium
2540 1857 2764 1897 suorum
2801 1841 3198 1912 captivitatem,
3243 1862 3263 1896 ›
3297 1843 3375 1898 illi
3399 1844 3488 1899 cui
3520 1845 3632 1900 hoc
3661 1861 3805 1922 opus.

541 1940 780 1996 terfovet
801 1948 856 1996 et
880 1941 1003 1996 licet
1035 1939 1304 1995 Romanos
1322 1939 1606 2009 pontiﬁces
1626 1938 1847 1994 Nicolao
1878 1946 2108 2007 excepto
2142 1919 2184 1974 Β
2214 1938 2569 2009 nuncupavit,
2633 1937 2796 1993 etiam
2848 1937 2993 1992 dicta
3051 1946 3218 2009 atque
3277 1939 3604 2004 sententias,
3665 1955 3795 2009 quas

538 2047 886 2103 carperenon
912 2033 1160 2096 auderet,
1181 2045 1370 2086 verum
1395 2031 1576 2100 potius
1592 2029 1661 2086 ab
1680 2030 1764 2085 eis
1795 2044 1905 2084 suae
1929 2043 2106 2084 causae

536 2122 900 2193 patrocinium
927 2129 1162 2192 peteret,
1205 2119 1608 2184 Occidentales,
1635 2136 1772 2190 quos
1798 2129 1984 2190 posset
2004 2160 2018 2183 ,
2051 2120 2106 2174 in

536 2230 654 2270 eam
705 2214 920 2269 trahere
959 2212 1184 2268 studuit.
1231 2212 1496 2268 Consulto
1537 2220 1737 2276 tamen,
1772 2211 1852 2267 uti
1880 2209 2108 2265 Hadria-

536 2322 668 2362 num
695 2304 773 2369 ll,
816 2307 889 2361 ita
919 2314 974 2360 et
1014 2305 1287 2360 Marinum
1325 2304 1640 2374 pontiﬁcem
1677 2320 1789 2360 non
1823 2305 2102 2368 nominat,

534 2412 818 2453 censuram
839 2397 906 2452 ah
925 2407 1153 2466 utroque
1175 2395 1277 2451 sibi
1310 2394 1568 2451 inllictam
1601 2403 1762 2458 tacet,
1797 2411 1955 2452 suum
1981 2411 2104 2452 cum

534 2487 776 2542 llomana
820 2489 1060 2542 Ecclesia
1095 2489 1264 2557 jactat
1306 2503 1656 2543 consensum.
1711 2487 1911 2543 Verum
1947 2505 2106 2544 resu-

533 2581 723 2637 scitata
757 2597 788 2635 a
822 2581 1013 2636 Photio
1048 2581 1276 2647 quaestio
1302 2589 1415 2634 tum
1440 2581 1580 2648 apud
1610 2579 1830 2634 Latinos
1864 2580 1953 2634 vix
1979 2573 2123 2636 eum

532 2673 587 2728 in
617 2673 837 2727 modum
870 2672 1138 2735 innotuit,
1169 2672 1256 2742 qui
1282 2671 1346 2725 ad
1373 2671 1695 2726 artiﬁciosas
1720 2672 1838 2741 ejus
1869 2672 2106 2728 rationes

535 2764 846 2818 refutandas
873 2779 967 2818 eos
996 2771 1350 2833 provocaret;
1381 2778 1444 2817 ac
1478 2763 1605 2821 licet
1636 2763 1750 2832 jam
1780 2772 1896 2817 tum
1927 2763 2104 2820 Vene-

532 2853 665 2911 tiani
688 2871 810 2911 cum
843 2855 1152 2926 Byzantinis
1183 2855 1450 2925 frequenti
1483 2855 1817 2910 commercio
1844 2856 2105 2911 conveni-

533 2955 658 3000 rent
683 2947 780 3017 (8),
808 2956 988 3002 tamen
1018 2958 1141 3019 post
1164 2949 1427 3004 Joannem
1455 2946 1569 3002 Vlll
1618 2964 1791 3017 usque
1814 2949 1879 3002 ad
1909 2949 2106 3006 Leonis

534 3038 806 3107 Sapientis
843 3040 1130 3109 imperium
1159 3057 1226 3096 ex
1272 3041 1414 3095 tristi
1449 3051 1757 3112 temporum
1790 3041 2104 3098 conditione

533 3130 888 3185 Orientalium
919 3130 1458 3204 Occidentaliumque
1488 3134 1908 3189 communicatio
1932 3135 2105 3207 magis

533 3223 815 3294 magisque
843 3224 1152 3296 languebat,
1177 3228 1312 3282 adeo
1342 3239 1400 3282 ut
1428 3237 1626 3298 praeter
1650 3244 1766 3295 eos,
1796 3246 1936 3299 quos
1968 3231 2104 3286 Pho-

534 3316 642 3372 tius
685 3318 741 3372 in
778 3333 930 3374 suam
961 3333 1168 3390 partem
1206 3322 1511 3386 alliciebat,
1545 3323 1830 3394 episcopos
1855 3323 1931 3394 (9)
1959 3324 2105 3381 haud

535 3411 688 3466 multi
718 3411 836 3482 ejus
861 3414 1143 3468 conamina
1168 3416 1385 3470 novisse
1418 3415 1724 3471 videantur.
1763 3416 2104 3487 Deploranda

533 3519 667 3559 sane
714 3504 1164 3562 documentorum
1211 3507 1479 3578 penuria,
1513 3522 1634 3578 quae
1688 3508 1878 3563 ultima
1930 3507 2111 3563 Photii

535 3607 778 3668 tempora
806 3597 992 3653 densis
1027 3599 1192 3654 veluti
1226 3600 1467 3656 tenebris
1493 3600 1745 3656 oll‘undit.

603 3689 658 3744 4.
699 3688 808 3745 Sed
845 3690 977 3759 quid
1008 3689 1185 3746 Latini
1219 3692 1563 3762 potissimum
1593 3692 1661 3746 ad
1707 3691 2112 3747 defendendum

534 3777 728 3847 dogma
760 3777 829 3834 de
851 3778 1203 3849 processione
1235 3779 1471 3850 Spiritus
1497 3780 1669 3836 sancti
1707 3795 1772 3834 ex
1807 3781 1945 3836 Filio
1981 3795 2112 3851 pro-

534 3876 834 3937 ponerent,
876 3869 930 3924 id
969 3869 1277 3925 nullatenus
1309 3871 1399 3926 diu
1444 3872 1619 3941 potuit
1653 3871 1906 3930 Photium
1944 3873 2113 3931 latere

535 3967 592 4014 et
633 3959 1010 4029 quadantenus
1077 3976 1201 4031 quae
1250 3961 1532 4018 Ratramni
1582 3962 1920 4034 aliorumque
1984 3963 2110 4020 libri

536 4052 912 4115 continebant,
944 4051 991 4108 si
1017 4069 1129 4108 non
1151 4053 1392 4116 aliunde.
1425 4068 1556 4109 sane
1589 4069 1656 4110 ex
1685 4055 1949 4126 epistolis,
1975 4072 2110 4126 quas

536 4143 702 4198 etiam
746 4157 815 4199 ex
861 4143 1302 4199 Occidentalibus
1333 4144 1485 4216 [130]
1510 4146 1756 4216 partibus
1797 4146 2115 4219 frequentes

537 4235 860 4306 accipiebat,
895 4237 1063 4305 probe
1091 4236 1264 4292 novit.
1293 4234 1546 4292 Fortasse
1571 4245 1628 4292 et
1648 4249 1836 4308 postea
1858 4256 1963 4295 una
1985 4255 2111 4296 cum

537 4326 628 4384 his
671 4327 920 4398 epistolis
965 4327 1088 4382 libri
1148 4327 1226 4383 illi
1275 4324 1473 4383 Photio
1520 4330 1674 4384 missi
1709 4339 1857 4386 sunt.
1883 4331 2023 4389 Hinc
2053 4331 2110 4388 in

538 4417 936 4488 posterioribus
973 4418 1043 4474 de
1077 4419 1181 4474 hac
1213 4419 1513 4490 quaestione
1555 4419 1796 4491 scriptis,
1833 4421 1889 4477 in
1920 4439 2008 4494 ep.
2044 4424 2114 4480 ad

613 4589 689 4660 (7)
720 4588 842 4662 Lib.
863 4607 944 4655 ιη,
970 4589 1035 4662 ad
1058 4590 1271 4662 inheod.
1297 4591 1418 4662 cJ,
1446 4607 1500 4662 p.
1531 4591 1650 4647 1⁸59.
1678 4592 1778 4646 MO
1811 4611 1824 4648 :
1857 4593 1929 4646 Τὸ
1949 4593 1994 4646 δ’
2014 4595 2116 4648 οὐκ

539 4659 609 4734 ἄν
627 4659 727 4720 τις
753 4661 862 4734 τῶν
907 4661 1211 4734 εὑθυϐόλῳς
1240 4659 1550 4734 ὲτςιόὰλλειν
1575 4663 1808 4734 εἰδότων
1825 4663 2004 4734 ῥᾴδιον
2039 4667 2120 4728 είς

541 4729 728 4806 πίστιν
744 4731 1030 4806 ᾐγήσαιτο,
1051 4731 1174 4806 ἐπε).
1194 4732 1328 4806 μηδὲ
1348 4732 1682 4806 δογμαῖικός
1697 4749 1779 4806 τίς
1800 4729 1956 4801 λόγος
1977 4737 2034 4787 ὲν
2053 4739 2119 4806 τῇ

541 4799 682 4870 πρὸς
708 4800 933 4922 εςίρήνην
959 4799 1234 4883 γενομένη
1250 4802 1372 4856 τότε
1402 4799 1942 4888 σύνόδῳξὺρίσκεὲαι
1963 4799 2121 4874 xi.qu

543 4869 678 4942 Qa‘tg,
696 4870 763 4924 ἀλ
797 4870 1124 4942 ἐπίκρυψις
1142 4889 1300 4942 τουτο
1322 4871 1419 4940 τῆς
1435 4872 1665 4940 ἀληθους
1683 4891 1748 4942 ην
1773 4874 1972 4940 αἰτίας,
1998 4875 2120 4928 καθ’

543 4891 678 4932 οεις,
696 4891 794 4924 aM
830 4891 1124 4942 επικρυψις
1142 4891 1300 4925 τουτο
1322 4891 1419 4940 της
1435 4891 1665 4940 atquae;
1683 4891 1748 4944 ην
1773 4891 1972 4940 αιτιας,
1998 4891 2119 4928 κου’

541 4939 659 5010 ἢνή
681 4939 824 4993 κατὰ
841 4942 1019 5010 πάσης
1036 4945 1131 5012 τῆς
1145 4941 1457 5013 Ῥωμαῖκῆς
1474 4942 1798 5013 Ἐκκλησίας
1814 4945 2026 5014 ἀνήφθη
2043 4945 2120 5016 τῷ

542 5010 732 5076 Φωτίῳ
758 5009 1066 5076 δυσμένεια.
1096 5014 1200 5065 Τὸν
1223 5015 1332 5076 γὰρ
1352 5012 1410 5076 ἐξ
1440 5013 1692 5068 ἁπάντων
1712 5015 1878 5076 ψόγον
1903 5015 2119 5076 ὑφορώ-

547 5016 732 5081 Φωτίῳ
758 5016 1066 5078 δυσμένεια.
1096 5016 1200 5065 Τὸν
1223 5016 1332 5084 γὰρ
1352 5016 1410 5076 ἐξ
1440 5016 1692 5068 ἁπάντων
1712 5016 1878 5083 ψόγον
1903 5016 2119 5084 ὑφορώ-

547 5096 707 5156 μενος
734 5079 929 5156 Φ,.,Δὲφ’
948 5077 1028 5156 οἷς
1054 5082 1276 5156 τοῦμὲν
1303 5083 1761 5156 ’κάπεί-Νικολάου
1791 5086 2122 5156 μὴγπροσιε-

545 5149 710 5226 μένοι)
727 5149 909 5226 apto},
933 5155 1114 5207 πᾶσαν
1128 5149 1226 5226 τῆν
1255 5154 1424 5226 Ῥῳμρ
1456 5153 1780 5226 Ἐκκλησίαν
1792 5149 1930 5224 ’πρὸς
1945 5149 2005 5226 ῖτᾷ
2020 5157 2120 5208 Θε-

544 5217 1058 5293 ῖονῄεξυϐρίζουσαν.
1091 5217 1194 5278 καῖ
1217 5217 1539 5287 ἀσεϐοῦσαν,
1577 5217 1669 5276 καλ.
1697 5217 2118 5293 παρανομοῦσαν

544 5289 616 5343 τὰ
635 5289 837 5360 ἔσχατα
859 5295 1144 5360 ἀπεκάλει,
1167 5295 1262 5348 τοῦ
1282 5294 1336 5346 δὲ
1358 5294 1515 5347 πάπα
1545 5289 1792 5348 Ἰωάννού
1816 5289 2012 5362 τὴνέίς
2027 5297 2118 5349 τὸν

547 5363 946 5435 πατριαρχιχὸν
983 5364 1170 5433 Θρόνον
1217 5365 1536 5435 καθίδρυσιν
1585 5365 1774 5418 τούτου
1824 5367 2119 5434 ὲπευδοκή-

548 5447 759 5505 σαντος,
798 5433 958 5505 ἁγίαν
987 5436 1192 5505 ταύτην
1212 5436 1305 5488 καὶ
1335 5433 1616 5497 εὐσεϐείας
1647 5435 1966 5490 διδάσκαλον
2021 5433 2117 5489 ἀν-

544 5502 862 5576 εκήρυττεν,
883 5503 1071 5576 ὥσπερ
1093 5502 1214 5558 τινὰ
1240 5507 1533 5572 ἀπολογίαν
1558 5505 1704 5576 ὑπὲρ
1733 5505 1830 5572 τῆς
1866 5506 2002 5576 πρὸς
2026 5507 2115 5559 τὸν

546 5571 738 5646 ξπόιτίαν
778 5571 1053 5645 Ἰωάννην’
1079 5575 1300 5646 εἰρήνης
1341 5571 1703 5646 προϐάλλεται
1763 5571 1826 5627 τὸ
1868 5571 1956 5628 δίὰ
2007 5577 2115 5629 τῶν

547 5642 758 5715 ἐκείνου
785 5642 1172 5715 τοποτηρητῶν
1189 5642 1265 5697 ’τὸ
1288 5642 1398 5714 τῆς
1425 5646 1890 5715 πίστεωςίὲκεῖνον
1918 5647 2114 5700 amas-

551 5710 744 5787 ξασθαι
779 5710 1061 5787 σύμϐολον
1086 5715 1182 5769 καὶ
1223 5710 1418 5787 γνώμῃ
1455 5717 1547 5787 καὶ
1583 5714 1812 5787 γλώσσῃ
1834 5733 1888 5769 κ.
1926 5717 2113 5787 χερσὶν

549 5783 722 5873 ianuis
752 5782 862 5864 τῷν
894 5783 1155 5873 fret??ch
1173 5782 1682 5873 ’περιφένεπάτων
1705 5803 1761 5838 κ.
1779 5782 2113 5873 ’ραυμξσίων

549 5853 759 5920 ἀνδρῶν
787 5853 1100 5925 ὑπογράψαι
1127 5853 1275 5909 αὐτο
1296 5853 1350 5910 κ.
1382 5853 1915 5927 ἐπισφραγίσασθαιξ
1943 5857 2112 5911 Τοῦτο

550 5921 604 5977 δὲ
644 5922 785 5975 οὕτω
819 5925 1184 5992 πεποιήκασιν
1220 5919 1364 5982 οὗτοι
1391 5926 1477 5981 διὰ
1515 5929 1575 5981 τὸ
1600 5927 1692 5980 καὶ
1728 5929 1848 5990 τοὺς
1885 5927 1989 5994 πρὸ
2016 5927 2111 5981 τοῦ

2218 2049 2237 2082 ι
2276 2030 2424 2096 novi,
2458 2048 2478 2082 ›
2506 2045 2645 2100 quos
2680 2039 2859 2094 vocat,
2900 2047 2920 2081 ι
2951 2029 3434 2085 Pneumatomachi
3463 2030 3517 2084 in
3551 2031 3794 2086 medium

2213 2123 2518 2194 proferunt,
2551 2142 2571 2174 ι
2613 2137 2793 2178 causae
2836 2137 2949 2177 suae
2977 2123 3484 2192 patrociniuminde
3515 2131 3793 2192 petentes,

2213 2229 2322 2269 una
2352 2229 2476 2269 cum
2508 2213 2831 2284 opportunis
2853 2213 3280 2268 refutationibus
3303 2215 3535 2284 adjectis
3567 2215 3790 2269 Patrum

2213 2304 2540 2361 testimoniis
2563 2318 2683 2359 sese
2709 2303 3177 2358 transmissurum.
3203 2303 3258 2357 Id
3286 2319 3411 2358 eum
3445 2305 3793 2374 postmodum

2212 2397 2530 2469 praestitisse
2583 2396 2733 2450 nullo
2780 2396 3022 2450 historiae
3071 2397 3402 2450 documento
3454 2396 3787 2461 edocemur;

2212 2504 2406 2544 verum
2437 2486 2570 2543 illud
2608 2502 2740 2543 sane
2771 2495 2922 2541 recte
2947 2486 3272 2557 colligimus,
3322 2485 3584 2540 Photium
3634 2486 3795 2540 multo

2212 2580 2390 2650 plura,
2453 2594 2619 2650 quam
2675 2579 2734 2633 in
2786 2578 2889 2633 hoc
2926 2587 3158 2633 tractatu
3185 2577 3438 2647 protulit,
3475 2577 3790 2632 Latinorum

2211 2679 2532 2742 argumenta
2577 2668 2900 2742 cognovisse
2928 2677 2982 2724 et
3008 2683 3073 2722 ex
3098 2667 3423 2722 auctoritate
3455 2670 3630 2738 petita
3659 2685 3792 2739 pra:-

2211 2763 2368 2818 sidia.

2282 2852 2334 2906 5.
2402 2851 2509 2907 Sed
2566 2868 2814 2924 quaenam
2876 2861 2960 2908 est
3002 2851 3092 2907 illa
3150 2850 3372 2922 βιὸλίων
3421 2852 3518 2906 καὶ
3549 2851 3792 2921 ὑπογρα-

2211 2945 2356 3018 φέων
2410 2945 2776 3017 αίχμαλωσία,
2807 2961 2968 3016 quam
3037 2945 3126 3000 hic
3168 2944 3396 3000 Photius
3458 2959 3794 2999 commemo-

2212 3042 2336 3096 rat?
2375 3041 2453 3096 Ne
2481 3042 2548 3097 ad
2572 3041 2722 3112 prius
2755 3041 2934 3096 Photii
2965 3041 3214 3096 exsilium
3246 3041 3349 3096 hoc
3377 3041 3702 3105 referamus,
3743 3040 3794 3093 in

2211 3149 2321 3204 quo
2375 3134 2691 3204 frequenter
2742 3135 2810 3189 de
2883 3134 3146 3189 librorum
3231 3133 3442 3204 jactura
3502 3131 3794 3200 conqueri-

2212 3234 2319 3291 tur,
2384 3235 2568 3281 vetare
2619 3224 2835 3280 videtur
2890 3240 3011 3294 cap.
3061 3224 3150 3291 89,
3198 3223 3341 3278 unde
3402 3232 3556 3294 patet
3601 3224 3794 3276 librum

2210 3318 2578 3387 conscriptum
2631 3317 2800 3372 fuisse
2840 3315 3088 3386 pluribus
3123 3325 3246 3386 post
3273 3315 3455 3370 Pbotii
3486 3315 3793 3369 restitutio-

2211 3425 2336 3465 nem
2364 3410 2520 3464 annis
2544 3409 2766 3480 elapsis,
2794 3425 2898 3465 nec
2925 3418 3049 3462 ante
3070 3424 3160 3462 an.
3181 3408 3304 3473 881,
3330 3425 3454 3462 cum
3482 3408 3710 3463 Adriani
3732 3407 3796 3463 111

2214 3499 2420 3553 mentio
2471 3498 2584 3553 ﬂat.
2644 3499 2701 3553 Si
2747 3515 2887 3568 opus
2933 3499 3096 3568 paulo
3155 3507 3283 3569 post
3339 3500 3581 3569 priorem
3614 3499 3794 3554 Photii

2213 3589 2587 3659 expulsionem
2619 3599 2896 3644 exaratum
2922 3590 3132 3656 fuisset,
3159 3592 3318 3661 plana
3353 3591 3467 3646 fere
3495 3602 3796 3662 apertaque

2219 3681 2561 3736 exstitissent
2591 3695 2656 3736 ea
2683 3695 2805 3750 quae
2831 3681 2899 3735 de
2923 3680 3188 3735 librorum
3217 3682 3660 3751 scriptorumque
3697 3698 3796 3750 pe-

2221 3774 2378 3828 nuria
2409 3774 2632 3840 scribit;
2665 3771 2816 3842 [151]
2844 3772 3072 3829 Joannis
3097 3789 3225 3829 vero
3252 3772 3358 3827 Vlll
3389 3785 3444 3829 et
3472 3776 3700 3830 Adriani
3728 3775 3795 3830 111

2213 3865 2421 3920 mentio
2453 3881 2569 3920 rem
2625 3865 2977 3922 interturbat.
3029 3863 3312 3931 Quomodo
3366 3865 3514 3920 enim
3569 3865 3798 3922 Photius

2213 3960 2316 4013 sub
2337 3955 2546 4012 Joanne
2585 3956 2702 4011 Vill
2733 3957 3050 4013 solemniter
3077 3958 3192 4012 sedi
3238 3957 3558 4022 restitutus,
3606 3957 3794 4013 Basilii

2218 4047 2560 4118 imperatoris
2602 4049 2818 4119 gavisus
2869 4050 3074 4120 gratia,
3117 4050 3528 4120 potentissimus
3577 4049 3693 4105 fere
3742 4051 3800 4104 in

2212 4141 2505 4206 omnibus,
2538 4140 2798 4196 librorum
2833 4143 3354 4212 amanuensiumque
3403 4143 3648 4211 inopiam
3692 4158 3800 4212 pa-

2214 4233 2489 4288 tiebatur?
2518 4235 2710 4290 Posset
2728 4243 2783 4290 et
2809 4235 2877 4290 de
2905 4235 3076 4292 altero
3109 4236 3301 4291 exsilio
3339 4237 3442 4291 sub
3473 4235 3657 4289 Leone
3685 4233 3796 4290 Sa-

2209 4325 2398 4398 piente
2427 4325 2614 4386 haberi
2663 4327 2939 4398 suspicio;
2972 4327 3026 4382 id
3055 4323 3368 4399 temporum
3417 4329 3614 4385 rationi
3659 4343 3803 4384 con-

2213 4423 2453 4485 grueret,
2473 4431 2594 4470 cum
2615 4417 2866 4471 exsilium
2889 4416 3036 4472 istud
3051 4416 3255 4474 incidat
3271 4418 3322 4473 in
3349 4434 3442 4472 an.
3457 4418 3801 4474 886.Verum

2223 4591 2380 4646 πάπα
2421 4593 2668 4666 Ἰωᾲννου
2693 4593 2785 4666 τον
2809 4593 3257 4666 ἐκκλησιαστικὸν
3284 4595 3382 4662 τῆς
3419 4594 3646 4664 Ῥωμης
3671 4595 3805 4666 Θρό-

2223 4681 2311 4715 νον
2337 4663 2677 4732 κοσμοῦντας
2709 4664 2770 4717 τὸ
2797 4663 3006 4716 τοιοῦτο
3039 4665 3306 4734 σύμϐολον
3337 4666 3489 4732 ἅγιον
3519 4663 3615 4719 καὶ
3643 4663 3806 4718 εὐσε-

2223 4735 2376 4796 6είας
2405 4731 2629 4806 πλῆρες
2652 4734 2954 4806 ὁμολογεῖν,
2985 4731 3123 4806 ὅπερ
3158 4731 3252 4806 οὖν
3283 4731 3454 4789 καὶοὶ
3488 4734 3550 4801 ἐξ
3580 4737 3805 4806 ἐκείνου

2202 4806 2386 4887 ,μέχρι
2429 4806 2522 4886 ῖοῦ
2572 4803 2808 4887 νῦνήὲεοι)ἶ
2848 4803 3522 4887 γνιέξὶιῃῃστέργουσι-ᾏαὶ
3568 4805 3806 4887 γλώσσῃ

2223 4873 2678 4944 ἀνακηρύττωσι.
2710 4876 2820 4928 Καὶ
2855 4873 3129 4940 ἀπόδείξίς
3156 4873 3246 4944 plot
3274 4877 3367 4930 τοῦ
3399 4877 3560 4944 λόγου
3581 4873 3656 4929 ήτὸ
3687 4873 3810 4929 τῶν

2199 4943 2569 5030 ’ξίὐαγγελίξυν
2595 4945 3024 5030 όίμιεταποίτγιεονι
3041 4963 3096 4998 κ.
3134 4943 3283 5030 fricat
3308 4943 3496 5030 γραφὴ
3524 4945 3804 5030 ξατρρεὴ,

2221 5015 2254 5086 ἡ
2283 5015 2343 5067 τὸ
2374 5016 2597 5084 Πνεῦμα
2622 5015 2856 5083 λέγουσα
2885 5018 2950 5068 ὲκ
2979 5015 3195 5083 Πατρὸς
3225 5015 3814 5086 ὲκπόρεύέσθαιζδίχὰ

2221 5085 2549 5158 προσθήκης
2597 5085 2727 5156 παρ’
2777 5086 2959 5150 αὐτοῖς
3010 5087 3104 5140 καί¹
3155 5085 3641 5158 ἀναγινωσκομένη
3704 5085 3812 5141 id!

2219 5155 2479 5223 ὁμολογου
2488 5156 2620 5225 μένη
2629 5195 2643 5210 .

2290 5226 2365 5294 (8)
2399 5226 2467 5298 lt_l_
2483 5235 2630 5295 patet
2651 5241 2725 5298 ex
2754 5225 2910 5298 Joan.
2937 5225 3054 5280 Vlll
3095 5227 3360 5296 epistolis,
3388 5236 3450 5281 ut
3502 5227 3668 5298 epist.
3705 5229 3808 5294 17,

2218 5297 2287 5351 ΞΟ
2326 5299 2392 5351 ad
2425 5295 2622 5351 Ursum
2651 5295 2840 5352 Venet.
2873 5297 3064 5352 ducem
3096 5298 3344 5366 aliisque.

2289 5368 2365 5436 (9)
2420 5367 2622 5422 Beccus
2665 5366 2808 5436 apud
2858 5367 3018 5438 Allat.
3066 5369 3129 5424 de
3169 5369 3490 5438 Purgatoria
3539 5368 3813 5437 Append.

2221 5453 2272 5506 p.
2305 5437 2411 5491 625
2435 5439 2522 5491 ed.
2552 5440 2707 5492 Rom.
2748 5438 2887 5492 1655
2915 5437 3101 5501 refert,
3133 5449 3188 5492 et
3214 5437 3292 5491 ad?
3313 5439 3448 5494 alios
3473 5439 3638 5492 Italos
3675 5440 3813 5507 epi-

2217 5523 2415 5574 scopos
2460 5509 2562 5561 bac
2607 5511 2673 5564 de
2708 5524 2872 5562 causa
2897 5508 3177 5576 scripsisse
3205 5507 3483 5572 Photium,
3516 5523 3581 5562 ac
3612 5509 3815 5561 nomi-

2216 5581 2386 5632 natim
2413 5581 2479 5632 ad
2519 5580 2782 5632 Marinum
2809 5578 3196 5641 Castellanum,
3228 5577 3595 5633 Gaudericum
3644 5577 3810 5632 Veli-

2218 5657 2452 5706 ternum.
2486 5659 2540 5703 ct
2559 5649 2878 5704 Zachariam
2906 5650 3273 5719 Anagninum,
3297 5649 3391 5718 qui
3422 5650 3474 5702 in
3506 5649 3627 5718 ejus
3655 5658 3818 5702 tem-

2214 5719 2364 5788 poris
2396 5720 2763 5773 monumentis
2791 5720 3074 5787 aliquoties
3110 5729 3427 5784 occurrunt,
3455 5735 3520 5773 ac
3555 5733 3812 5787 praeser-

2215 5790 2396 5912 ῑίηὲ
2421 5790 2652 5846 concilio
2683 5790 2928 5846 Romano
2972 5806 3022 5844 a.
3061 5792 3165 5845 879
3196 5801 3250 5846 et
3285 5807 3441 5846 conc.
3481 5790 3814 5845 ltaveunat.

2215 5875 2261 5912 a.
2407 5901 2419 5912 .

2213 5875 2261 5914 a.
2296 5862 2419 5915 8'18.
