4008 6442
162 472 310 539 405

905 477 1004 539 DE
1040 478 1106 540 S.
1146 479 1342 540 SPIR.
1376 478 1878 539 MYSTAGOGIA.
1908 501 1978 514 -
2005 475 2749 541 ANIMADVERSIONES.

3330 464 3455 536 ωδ

160 586 341 644 iiber
367 586 555 644 noster
593 596 792 659 praeter
820 587 963 645 hanc
1005 590 1358 646 scribentium
1405 592 1775 662 librorumque
1803 595 1852 650 Α
1878 589 2202 645 innotuisse.
2232 590 2370 646 Cum
2399 603 2530 645 vero
2562 588 2833 643 Adrianus
2858 598 3048 641 mense
3073 582 3213 640 Maio
3249 597 3301 638 a.
3333 582 3440 639 885

166 680 585 752 αἰχμαλωσίαν
605 682 855 753 nuspiam
885 684 1127 738 ostendit
1149 694 1429 741 auctorem
1463 685 1655 740 exsilio
1689 694 1772 739 at-

166 783 309 839 que
343 786 581 826 maerore
610 772 861 828 affectum
888 814 902 837 ,
936 773 1044 828 imo
1070 773 1126 827 in
1148 774 1269 844 ipso
1296 776 1520 831 exordio
1550 773 1693 847 (cap.
1718 776 1773 846 1)

172 877 470 932 proSpera
509 873 752 934 tempora
796 865 901 920 sibi
945 881 977 920 a
1022 866 1373 929 Providentia
1402 883 1661 923 concessa
1694 867 1775 922 vi-

172 952 369 1009 detur
410 955 710 1012 insinuare.
761 958 955 1014 Dicere
998 960 1121 1029 quis
1160 970 1347 1031 posset
1376 961 1626 1016 Photium
1671 960 1774 1015 ista

177 1045 492 1116 scripsisse
537 1047 623 1101 vel
666 1050 950 1120 scriptioni
997 1050 1159 1106 finem
1195 1053 1518 1123 imposuisse
1557 1069 1586 1107 a
1637 1054 1774 1108 Leo-

178 1150 278 1191 ne
320 1135 387 1190 Vl
422 1138 589 1209 gradu
635 1146 876 1207 motum,
922 1143 1165 1198 nondum
1214 1152 1397 1200 tamen
1437 1145 1771 1215 iudicatum,

184 1227 437 1301 ideoque
483 1231 541 1286 in
582 1233 914 1289 monasterio
956 1237 1071 1290 otio
1113 1235 1423 1299 fruentem,
1455 1253 1553 1308 spe
1591 1247 1776 1293 tamen

184 1320 458 1377 vincendi
502 1322 937 1380 adversariorum
982 1337 1212 1383 conatus
1262 1328 1440 1385 adhuc
1486 1330 1774 1400 repletum.

186 1406 395 1479 Neque
429 1411 534 1466 hoc
559 1411 817 1479 officeret,
852 1416 997 1486 quod
1027 1416 1082 1472 in
1112 1418 1233 1472 cod.
1262 1418 1511 1473 Column.
1550 1419 1777 1474 Pbotius

188 1509 381 1555 semet
403 1498 762 1570 patriarcham
779 1504 1015 1574 appellat
1033 1505 1090 1559 in
1119 1506 1515 1576 inscriptione;
1541 1522 1600 1562 se
1629 1509 1778 1562 enim

190 1605 445 1662 semper,
478 1594 645 1649 etiam
680 1595 737 1649 in
774 1596 945 1667 priori
990 1599 1187 1655 exsilio
1208 1639 1224 1666 ,
1254 1600 1555 1672 legitimum
1583 1600 1778 1656 habuit

192 1682 573 1751 patriarcham
616 1694 671 1741 et
721 1687 789 1742 de
824 1686 949 1757 jure
995 1704 1152 1745 novae
1202 1690 1386 1746 Romae
1435 1691 1774 1762 episcopum.

196 1772 351 1839 Quid
378 1775 559 1844 itaque
583 1776 914 1833 dicendum?
950 1777 1023 1834 At
1050 1794 1138 1835 res
1164 1780 1301 1836 tanti
1330 1796 1442 1836 non
1474 1796 1594 1837 esse
1623 1781 1775 1836 vide-

198 1873 313 1922 tur.
345 1865 405 1921 in
437 1866 604 1937 priori
624 1868 1179 1941 exsilio'amplissima
1208 1871 1470 1928 librorum
1501 1871 1771 1935 collectio,

197 1972 371 2028 quam
415 1959 519 2015 sibi
566 1958 795 2015 Pbotius
821 1970 1266 2032 comparaverat,
1314 1962 1527 2034 direpta
1565 1963 1776 2018 discer-
1806 1943 1849 1999 Β

198 2058 410 2120 ptaque
459 2049 598 2117 fuit;
662 2051 788 2108 libri
857 2052 1089 2110 fortasse
1142 2053 1399 2110 restituto
1449 2054 1778 2126 patriarcha:

199 2141 403 2197 redditi
466 2159 749 2215 nunquam
806 2136 991 2211 fuere;
1061 2159 1427 2202 amanuenses
1500 2160 1632 2201 vero
1721 2157 1778 2201 et

202 2230 597 2303 tacbygraphi,
653 2249 792 2304 quos
859 2242 1021 2291 antea
1070 2235 1127 2290 in
1175 2246 1433 2307 promptu
1479 2237 1775 2301 habuerat.

201 2323 487 2379 nescimus
515 2339 626 2395 quo
647 2340 777 2381 casu
800 2335 999 2396 praesto
1040 2341 1153 2382 non
1194 2328 1430 2398 amplius
1476 2337 1653 2393 erant,
1707 2328 1778 2383 ob

200 2414 571 2485 Suspicionem
602 2415 832 2474 fortasse
879 2417 1157 2490 politicam
1185 2419 1420 2476 detenti.
1442 2417 1647 2475 Verum
1674 2419 1780 2475 hoc

199 2507 455 2564 fortassis
484 2524 597 2564 non
640 2510 860 2580 penitus
906 2512 1167 2568 omnibus
1211 2511 1496 2568 satisfecit.
1540 2511 1683 2578 Quid
1733 2510 1781 2567 si

201 2599 423 2655 dicatur
453 2599 706 2657 Phatium
740 2602 1106 2659 Providentia
1146 2619 1274 2676 erga
1306 2620 1365 2663 se
1386 2603 1778 2675 benignitatem

206 2691 268 2746 in
294 2691 400 2746 hoc
426 2694 751 2762 reposuisse,
772 2694 942 2765 quod,
971 2695 1172 2752 amotis
1193 2696 1363 2762 curis,
1393 2695 1562 2751 libere
1584 2695 1780 2751 studiis

205 2785 326 2838 suis
363 2800 552 2841 vacare
592 2796 807 2857 posset,
846 2788 933 2843 vel
964 2805 1104 2860 opus
1142 2789 1303 2860 prius
1341 2804 1373 2844 a
1405 2804 1466 2844 se
1502 2788 1779 2859 inceptum

203 2889 353 2930 anno
369 2876 473 2932 886
488 2878 646 2933 initio
660 2879 836 2935 exsilii
860 2881 1179 2951 posterioris
1193 2880 1513 2945 absolvisse,
1538 2880 1592 2934 in
1616 2896 1780 2951 quem

204 2982 410 3022 annum
440 2969 697 3040 pleraque
728 2971 1100 3041 quadrarent?
1132 2972 1333 3028 Verum
1366 2982 1490 3030 utut
1513 2975 1587 3031 sit
1608 3015 1624 3040 ,
1667 2990 1782 3030 ma-

204 3060 302 3115 lim
336 3075 437 3133 ego
476 3062 749 3132 integrum
785 3064 985 3119 librum
1024 3075 1252 3135 putare,
1293 3082 1455 3137 quam
1502 3069 1570 3123 ad
1611 3068 1781 3139 hypo-

204 3150 394 3207 theses
417 3152 731 3224 confugere,
757 3155 945 3225 quales
975 3156 1031 3210 in
1061 3156 1332 3215 similibus
1354 3159 1522 3214 rebus
1543 3160 1780 3231 confingi

204 3241 529 3312 plerumque
556 3243 731 3298 solent
754 3283 768 3309 ,
805 3244 1190 3315 interpolatum
1233 3261 1361 3302 esse
1393 3263 1534 3319 opus
1570 3258 1627 3305 et
1675 3250 1779 3305 alia

204 3334 480 3403 posterius
511 3335 689 3390 addita
731 3336 798 3391 iis
832 3352 955 3407 qua:
1001 3337 1056 3391 in
1096 3338 1260 3408 priori
1319 3339 1559 3395 editione
1608 3341 1781 3398 habe-

202 3424 427 3480 bantur.
454 3424 709 3482 Attamen
748 3443 859 3482 non
888 3443 1026 3500 nego
1051 3439 1108 3485 et
1158 3430 1287 3485 illud
1319 3432 1599 3501 probabile
1623 3448 1745 3489 esse
1763 3473 1779 3501 ,

209 3513 465 3569 i’liotium
501 3515 679 3586 ipsum
712 3533 850 3589 opus
884 3534 999 3574 non
1043 3534 1154 3574 uno
1185 3520 1487 3590 eodemque
1536 3529 1782 3592 tempore

206 3603 558 3659 continenter
613 3608 936 3678 scripsisse,
986 3609 1082 3665 sed
1127 3610 1182 3664 in
1228 3610 1350 3666 aliis
1393 3626 1577 3666 rerum
1628 3611 1780 3685 [152]

204 3693 483 3763 adiunctis
513 3696 616 3751 alia
647 3698 937 3754 addidisse.
972 3700 1056 3754 En
1088 3715 1284 3755 rursus
1314 3699 1551 3756 fontium
1593 3702 1779 3774 inopia

204 3795 362 3841 certo
396 3801 513 3841 rem
540 3786 753 3843 deliniri
794 3805 902 3844 non
934 3790 1089 3846 sinit.
1127 3791 1311 3847 Donec
1354 3791 1593 3849 firmiora
1622 3810 1783 3866 repe-

204 3878 440 3944 riantur,
469 3878 600 3949 quid
634 3879 737 3935 sibi
765 3881 1103 3951 probabilius
1128 3882 1365 3950 videtur,
1394 3884 1557 3956 eligat
1588 3886 1782 3943 lector.

204 3968 416 4025 Eodem
439 3978 684 4039 tempore
708 3971 794 4025 vel
824 3971 1007 4041 potius
1030 3973 1195 4043 paulo
1219 3984 1347 4029 ante
1378 3975 1581 4046 scripta
1610 3977 1782 4035 fuisse

188 4057 425 4123 _videtur
466 4057 693 4128 epistola
727 4058 797 4113 ad
823 4059 1228 4128 Aquileiensem
1272 4060 1781 4132 archiepiscopum,

204 4148 265 4202 in
295 4164 402 4219 qua
433 4148 662 4204 Joannis
687 4147 830 4214 Vill,
852 4149 963 4219 jam
993 4149 1261 4214 defuncti,
1290 4165 1402 4204 non
1436 4166 1568 4207 vero
1593 4152 1785 4209 Adria-

203 4241 267 4297 ni
286 4239 357 4295 lli
373 4239 434 4295 fit
449 4240 654 4296 mentio
679 4238 837 4311 (Vide
855 4249 972 4296 not.
1003 4240 1072 4295 85
1096 4242 1161 4295 ad
1192 4257 1314 4312 cap.
1344 4242 1455 4313 89).
1479 4242 1784 4315 Utrumque

203 4346 339 4403 ergo
369 4347 506 4402 opus
547 4331 615 4386 ad
642 4330 833 4387 ultima
883 4341 1129 4402 tempora
1167 4333 1570 4403 patriarchatus
1598 4335 1782 4393 Photii

203 4432 443 4494 spectat.
479 4422 537 4479 id
567 4424 906 4495 exploratum
940 4431 1058 4491 est;
1088 4424 1300 4496 reliqua
1339 4442 1471 4483 vero
1502 4428 1783 4499 conjectu-

204 4515 288 4570 ris
320 4529 573 4585 campum
600 4515 870 4585 aperiunt.

1877 684 2164 739 defunctus
2189 685 2258 739 sit
2283 684 2443 753 idque
2472 682 2700 738 Pbotius
2727 678 3078 751 probabiliter
3098 675 3317 731 nonnisi
3344 674 3439 729 ali-

1875 785 2007 846 quot
2045 775 2244 845 elapsis
2288 774 2568 830 mcusibus
2600 770 2886 835 didicerit,
2914 768 3072 824 facile
3116 766 3186 821 ad
3236 779 3441 821 annum

1874 866 1977 923 886
2026 867 2364 932 deducimur,
2407 882 2515 937 quo
2556 864 2756 921 Basilio
2802 862 3095 918 Macedone
3140 857 3444 914 decedente

1873 974 1937 1015 ac
1968 957 2149 1014 Leone
2165 960 2283 1029 ejus
2306 959 2413 1012 filio
2442 957 2656 1028 imperii
2676 956 2918 1011 habenas
2942 962 3276 1015 assumente,
3304 948 3443 1004 Pho-

1873 1050 1936 1105 tii
1975 1065 2065 1105 res
2110 1065 2299 1104 rursus
2336 1050 2565 1104 turbata:
2597 1057 2744 1103 sunt.
2779 1045 3051 1100 Przeterea
3096 1030 3320 1098 Adriani
3371 1039 3442 1094 lll

1875 1140 2185 1211 synodicam
2216 1156 2329 1194 non
2355 1148 2416 1194 ut
2449 1154 2624 1209 nuper
2650 1153 2715 1192 ac
2754 1137 2917 1206 paulo
2941 1144 3067 1189 ante
3093 1132 3194 1188 sibi
3221 1131 3442 1187 missam

1874 1232 2068 1302 allegat
2097 1232 2363 1296 Pbotius;
2392 1231 2461 1285 ab
2497 1245 2561 1283 ea
2599 1229 2760 1283 missa
2790 1228 2857 1282 ad
2900 1237 3132 1296 tempus,
3164 1238 3271 1293 quo
3296 1222 3445 1277 Pho-

1877 1324 1986 1379 tius
2014 1324 2117 1379 ista
2160 1322 2407 1392 scripsit,
2453 1319 2791 1375 intervallum
2842 1316 3098 1386 temporis
3135 1313 3281 1369 haud
3308 1312 3444 1367 adeo

1875 1416 2043 1471 breve
2089 1414 2433 1486 cogitandum
2480 1412 2716 1467 videtur.
2778 1410 2943 1481 igitur
2978 1408 3065 1463 vel
3097 1406 3327 1465 Pbotius
3377 1419 3446 1459 eo

1876 1517 2185 1574 momento,
2220 1522 2328 1578 quo
2363 1506 2453 1560 illa
2493 1504 2690 1559 litteris
2719 1500 3057 1573 consignavit
3079 1540 3093 1564 ,
3121 1500 3232 1569 jam
3277 1513 3309 1552 e
3349 1511 3444 1552 ca—

1877 1601 2072 1657 thedra
2101 1601 2349 1656 turbatus
2382 1608 2504 1655 erat
2529 1597 2617 1654 vel
2647 1597 2837 1652 saltem
2887 1592 3152 1664 ejusmodi
3179 1598 3443 1647 catastro-

1876 1695 1986 1765 phe
2013 1709 2124 1747 non
2147 1692 2241 1747 diu
2268 1700 2388 1763 post
2406 1690 2698 1746 subsecuta
2721 1696 2823 1743 est.
2856 1685 2911 1741 Si
2942 1686 3094 1756 prius
3118 1682 3457 1743 admittitur;

1877 1785 2136 1842 facillime
2176 1783 2478 1855 explicatur
2519 1778 2872 1851 αἱχμαλωσὶα
2921 1775 3142 1847 βιϐλίων
3180 1773 3274 1827 καὶ
3309 1773 3445 1825 ὑπο-

1877 1876 2153 1948 γράφεων,
2186 1874 2255 1930 de
2282 1890 2386 1944 qua
2407 1872 2648 1943 loquitur
2677 1879 2733 1925 et
2759 1869 2934 1925 solum
2968 1863 3254 1922 difficultas
3282 1870 3366 1917 est
3390 1861 3447 1915 in

1882 1970 1953 2025 iis
1997 1984 2120 2039 qua:
2143 1983 2210 2023 ex
2238 1982 2360 2037 cap.
2397 1966 2425 2021 1
2460 1964 2805 2034 colliguntur.
2841 1959 2967 2015 Haec
3004 1971 3135 2014 vero
3176 1953 3312 2011 solvi
3346 1966 3450 2023 po-

1882 2070 1990 2116 test
2032 2059 2119 2115 vel
2162 2074 2227 2114 ex
2282 2058 2350 2113 iis
2390 2072 2513 2128 qua:
2581 2054 2778 2111 ibidem
2826 2048 3006 2125 [155]
3062 2057 3119 2105 et
3169 2046 3228 2102 in
3286 2042 3450 2102 Prtef.

1878 2160 2161 2216 notantur,
2191 2150 2279 2205 vel
2305 2165 2373 2205 ex
2400 2148 2560 2204 allata
2600 2161 2765 2217 supra
2811 2144 3102 2201 verborum
3131 2141 3239 2196 huc
3278 2137 3452 2209 perti-

1880 2242 2127 2300 nentium
2159 2241 2539 2313 explicatione.
2561 2240 2675 2296 imo
2702 2249 2813 2295 tota
2842 2236 3120 2295 evanescit
3140 2232 3457 2298 difficultas,

1882 2334 1927 2390 si
1956 2334 2189 2391 incisum
2218 2334 2350 2389 illud
2370 2334 2471 2403 τῆς
2498 2331 2648 2396 θείας
2673 2331 2928 2404 προνοίας
2955 2329 3085 2399 εὐμ.
3112 2326 3167 2398 ή.
3197 2328 3282 2398 ὀρ.
3313 2339 3461 2390 ἢθη,-

1883 2426 1961 2481 uti
1988 2425 2160 2497 prima
2192 2425 2370 2482 fronte
2398 2424 2703 2488 videbatur,
2728 2422 2796 2477 ad
2825 2420 3188 2477 conditionem
3216 2425 3449 2473 statum-

1882 2530 1988 2586 que
2014 2515 2254 2572 auctoris
2281 2514 2535 2579 refertur,
2569 2512 2720 2583 quasi
2750 2512 2927 2575 dicat,
2962 2525 3022 2565 se
3052 2510 3172 2565 ideo
3202 2507 3452 2579 petitioni

1883 2608 2222 2675 satisfacere,
2286 2608 2417 2678 quia
2474 2605 2708 2677 benigne
2760 2602 3101 2674 providentia
3147 2600 3250 2655 sibi
3303 2613 3454 2654 nunc

1882 2699 2211 2771 prospiciat,
2256 2698 2351 2753 sed
2396 2712 2461 2752 eo
2495 2695 2734 2766 legitimo
2765 2709 2928 2748 sensu
2965 2691 3293 2761 exponitur:
3340 2688 3455 2741 Dea

1882 2791 2105 2862 propitio
2145 2804 2257 2844 non
2304 2786 2524 2859 indigna
2574 2795 2669 2841 tuo
2707 2785 2764 2838 in
2813 2783 2980 2837 Deum
3025 2793 3212 2835 amore
3250 2788 3452 2847 tuoque

1882 2880 2155 2937 desiderio
2187 2878 2352 2949 hujus
2380 2877 2460 2932 rei
2488 2878 2582 2932 ﬁet
2608 2874 2921 2938 exsecutio;
2949 2872 3102 2926 sive:
3136 2869 3229 2924 Dei
3270 2868 3449 2938 provi-

1882 2971 2065 3026 dentia
2093 2978 2371 3025 annuente
2404 2983 2519 3023 rem
2561 2978 2921 3036 exsequemur
2948 2970 3003 3017 et
3044 2961 3115 3017 ad
3160 2959 3460 3019 terminum,

1881 3063 2275 3134 perducemus,
2328 3060 2458 3117 vel:
2509 3060 2555 3113 si
2594 3058 2828 3128 benigne
2879 3069 2982 3110 nos
3027 3052 3247 3124 respicit
3286 3051 3456 3108 Deus.

1881 3154 2001 3210 Non
2030 3154 2336 3221 causaliter,
2370 3152 2465 3209 sed
2493 3148 2914 3206 conditionaliter
2945 3146 3214 3219 genitivus
3238 3142 3455 3198 absolu-

1886 3259 1973 3305 tus
1996 3249 2363 3320 accipiendus,
2386 3254 2441 3303 et
2466 3245 2601 3300 nihil
2622 3253 2706 3300 est
2724 3244 2867 3315 quod
2889 3258 2995 3301 nos
3012 3250 3169 3313 cogat
3189 3237 3452 3295 reddere:

1881 3342 2005 3410 quia
2022 3340 2106 3396 vel
2123 3357 2259 3395 cum.
2283 3338 2437 3419 Quod
2458 3339 2502 3393 si
2526 3354 2656 3393 vero
2677 3347 2806 3392 ante
2827 3335 3185 3407 posteriorem
3206 3348 3238 3388 e
3254 3331 3460 3391 throno

1880 3432 2257 3501 depulsionem
2306 3430 2470 3486 finem
2520 3430 2659 3485 libro
2692 3429 2990 3499 imposuit,
3034 3428 3293 3497 adjuncta
3329 3423 3458 3478 talia

1881 3522 2039 3577 facile
2066 3520 2291 3593 cogitari
2323 3530 2591 3592 possunt,
2626 3520 2681 3575 in
2709 3519 2904 3589 quibus
2927 3517 3213 3588 deplorare
3241 3524 3457 3586 poterat

1880 3613 2236 3669 scribentium
2268 3612 2639 3682 librorumque
2667 3610 2937 3665 defectum
2964 3647 2981 3673 ,
3014 3616 3075 3663 ut
3100 3607 3157 3662 in
3206 3606 3458 3677 superius

1882 3701 2043 3758 dictis
2097 3701 2258 3757 allata
2298 3707 2445 3757 sunt.
2506 3699 2625 3754 iam
2680 3697 2877 3753 Basilio
2924 3704 3224 3768 aegrotante
3279 3693 3458 3766 potuit

1886 3792 2114 3847 Pbotius
2159 3791 2440 3850 adversam
2486 3788 2759 3844 fortunam
2808 3786 3089 3857 experiri;
3142 3799 3457 3856 quanquam

1881 3898 1993 3939 non
2021 3899 2160 3955 opus
2192 3891 2276 3939 est
2303 3882 2371 3937 ad
2403 3881 2521 3939 inec
2548 3892 2851 3944 recurrere,
2879 3878 3071 3933 saltem
3104 3877 3172 3933 iis
3195 3877 3293 3947 qui
3322 3876 3456 3932 sim-

1883 3976 2091 4048 pliciori
2112 3974 2459 4046 explicationi
2484 3988 2649 4044 supra
2675 3972 2816 4031 datas
2849 3971 3137 4027 adhaerent
3163 3969 3297 4041 (10).

1880 4128 1883 4129 ν
1956 4068 2010 4122 7.
2045 4065 2152 4124 Sed
2179 4064 2406 4135 quinam
2430 4075 2587 4119 erant
2620 4061 2695 4116 illi
2724 4062 2910 4133 plures
2940 4058 3271 4129 majorisque
3300 4056 3458 4113 molis

1883 4159 2041 4225 libri,
2081 4158 2283 4228 quibus
2319 4155 2756 4211 adversariorum
2797 4152 2995 4211 fastum
3026 4162 3081 4207 et
3108 4151 3217 4206 alta
3261 4166 3455 4221 super-

1884 4252 2007 4309 cilia
2054 4249 2197 4310 ﬂecti
2251 4265 2316 4303 ac
2362 4248 2610 4303 funditus
2654 4245 2928 4317 proﬂigari
2965 4244 3227 4316 gloriatur
3268 4250 3459 4296 auctor

1887 4345 2033 4416 (cap.
2065 4341 2158 4409 l)?
2202 4340 2444 4395 Erantne
2485 4346 2614 4393 ante
2643 4338 2898 4392 Photium
2937 4336 3219 4391 uberiores
3249 4334 3351 4388 hac
3391 4333 3459 4388 de

1884 4452 1946 4493 re
1972 4441 2259 4499 tractatus,
2286 4431 2381 4503 qui
2410 4430 2588 4487 fusius
2614 4429 2931 4485 Latinorum
2955 4427 3283 4483 sententiam
3312 4425 3459 4481 refu-

1884 4537 2003 4584 tare
2048 4521 2427 4583 conabantur?
2460 4520 2602 4577 Num
2633 4528 2762 4577 ante
2787 4520 2941 4575 illum
2976 4520 3053 4574 ita
3078 4517 3461 4590 disputationis

191 4646 199 4653 -
280 4605 346 4704 6-_
372 4604 446 4662 υῐ
475 4614 657 4662 tamen
686 4608 864 4679 (1³0θά
895 4607 1229 4679 Ρτοβοθῖωω
1252 4609 1611 4679 quaestionem
1652 4625 1781 4668 sen-
1806 4644 1862 4704 D
1887 4620 2026 4693 ignis
2060 4624 2375 4683 exarserat,
2416 4624 2477 4671 ut
2504 4614 2740 4686 Spiritus
2777 4612 2952 4670 sancti
2982 4627 3048 4668 ex
3076 4611 3212 4668 Filio
3240 4625 3458 4683 proces-

205 4696 439 4751 tentiam
470 4713 647 4752 meam
688 4715 990 4771 proponam
1016 4744 1031 4769 ,
1062 4705 1430 4761 verosimilius
1461 4707 1593 4761 mihi
1644 4722 1783 4780 opus

205 4797 459 4843 nostrum
483 4790 625 4844 circa
656 4806 857 4846 annum
889 4791 992 4848 886
1014 4795 1375 4866 compositum
1406 4812 1527 4852 esse
1552 4796 1781 4854 videtur.

207 4879 271 4934 Si
300 4896 411 4935 non
438 4879 697 4944 fallimur,
718 4883 845 4938 dum
871 4883 1050 4941 Photii
1079 4887 1244 4942 verba
1277 4886 1419 4959 (cap.
1444 4887 1570 4960 89):
1601 4906 1631 4942 ι
1648 4888 1783 4945 Cum

205 4972 379 5044 igitur
401 4975 575 5029 sancti
598 4990 662 5030 ac
685 4975 831 5031 beati
862 4978 918 5033 lii
948 4978 1237 5050 pontifices
1259 4980 1354 5047 ita,
1379 4980 1508 5035 dum
1542 4980 1597 5035 in
1625 4982 1786 5037 terris

190 5065 515 5141 degebant,
543 5068 817 5124 senserint
848 5080 903 5125 et
937 5071 1004 5125 ah
1032 5071 1121 5127 his
1148 5070 1308 5127 ﬂuxis
1341 5082 1396 5128 et
1419 5074 1786 5144 corruptibili-

204 5159 312 5225 bus
360 5158 523 5213 rebus
566 5160 633 5214 ad
665 5159 1136 5232 incorruptibilem
1162 5163 1326 5218 vitam
1353 5164 1411 5218 in
1438 5164 1539 5219 hac
1566 5164 1787 5220 confes-

203 5251 367 5308 sione
394 5253 733 5318 transierint,
760 5272 778 5305 ι
816 5270 924 5309 non
968 5255 1145 5310 solum
1179 5256 1248 5309 ad
1298 5255 1546 5326 priores,
1594 5271 1786 5311 verum

203 5349 376 5404 etiam
409 5348 477 5404 ad
505 5349 749 5419 proxime
787 5349 1130 5404 nominatum
1152 5348 1463 5420 pontificem
1488 5364 1786 5418 eorumque

204 5451 548 5511 postremum
624 5440 942 5503 referimus,
1005 5450 1137 5517 tunc
1195 5450 1313 5496 tuto
1382 5439 1557 5511 colligi
1609 5449 1788 5515 potest

204 5531 510 5586 Adrianum
561 5530 671 5599 ili,
704 5534 833 5588 dum
888 5532 1004 5587 haec
1044 5533 1318 5588 scribebat
1359 5531 1584 5587 Pbotius
1608 5574 1623 5596 ,
1674 5532 1786 5603 jam

206 5625 357 5680 diem
392 5640 709 5695 supremum
738 5626 940 5681 obiisse
979 5624 1206 5696 ejusque
1242 5634 1472 5680 mortem
1516 5624 1643 5678 huic
1673 5626 1785 5694 jam

1888 4712 2058 4769 sionis
2102 4718 2400 4773 assertores
2453 4707 2564 4779 jam
2619 4706 2836 4762 abunde
2888 4704 3196 4761 confutatos
3237 4702 3461 4759 credere

1887 4804 2163 4878 potuerit?
2191 4805 2274 4858 An
2303 4816 2435 4859 vero
2462 4800 2692 4855 fortasse
2720 4799 2938 4854 Patrum
2979 4797 3289 4852 Graecorum
3308 4837 3324 4862 ,
3356 4788 3460 4848 Da-

1888 4898 2127 4953 masceni
2168 4913 2220 4952 v.
2267 4911 2384 4967 gr.,
2409 4909 2576 4965 opera
2611 4892 2912 4954 intellexit,
2951 4904 3072 4960 quin
3116 4897 3297 4942 tamen
3328 4902 3459 4941 nusw

1892 4987 2034 5058 piam
2085 4986 2153 5041 de
2204 4986 2313 5040 hac
2344 4984 2715 5040 controversia
2760 4979 2955 5051 agendi
2999 4992 3223 5048 scopum
3275 4976 3458 5033 consi-

1893 5079 2133 5148 liumque
2187 5074 2575 5133 manifestant?
2628 5071 2769 5128 Num
2822 5071 2939 5140 ipse
2996 5069 3132 5126 alios
3181 5069 3461 5125 uberiores

1885 5172 2054 5227 libros
2091 5171 2159 5226 de
2207 5170 2314 5224 hac
2346 5185 2405 5224 re
2443 5166 2712 5233 ediderat,
2751 5178 2984 5234 quorum
3023 5172 3208 5219 tamen
3248 5162 3460 5225 nullum

1886 5258 2169 5329 hucusque
2196 5258 2462 5314 habemus
2486 5258 2591 5311 hoc
2614 5264 2806 5311 nostro
2827 5268 2994 5325 opere
3016 5252 3460 5323 locupletiorem?

1884 5348 2163 5405 Posterius
2212 5364 2324 5403 non
2378 5345 2529 5420 [154]
2595 5345 2753 5402 facile
2808 5346 3225 5402 admittendum.
3278 5344 3459 5416 Longe

1886 5439 2019 5495 mihi
2039 5438 2351 5495 credibilius
2384 5438 2661 5503 Photium,
2696 5438 2787 5508 qui
2823 5438 3187 5494 ostentatione
3226 5436 3460 5506 quadam

1896 5534 2009 5589 fere
2047 5532 2247 5602 ubique
2288 5530 2597 5587 Grtecorum
2639 5531 2858 5585 Patrum
2904 5530 3228 5601 theologiam
3256 5528 3458 5598 iactat,

1892 5624 1987 5695 qui
2025 5639 2148 5694 cap.
2170 5623 2247 5679 ‘96
2294 5625 2363 5677 ad
2407 5624 2725 5678 earumdem
2768 5623 2908 5680 dicta
2938 5640 2967 5677 a
3005 5638 3064 5678 se
3105 5621 3189 5676 vel
3235 5620 3460 5675 collecta

284 5858 401 5934 (l0)_
434 5857 548 5913 lluc
578 5875 749 5932 usque
798 5861 1064 5933 ejusmodi
1093 5862 1418 5933 quaestiones
1458 5864 1763 5921 accuratius
1801 5870 2132 5932 pertractare
2160 5879 2265 5918 non
2302 5863 2614 5934 potuimus;
2648 5875 2925 5934 speramus
2981 5856 3104 5915 alibi
3175 5870 3277 5912 nos
3322 5864 3461 5911 mea

211 5930 348 5984 liora
372 5931 610 5986 daturos.
