  <div class='ocr_page' id='page_1' title='image "/cluster/home/n/w/nwhite01/storage/ocr_20150623/102/hvd.32044012543948/211.png"; bbox 0 0 4002 6440; ppageno 0'>
   <div class='ocr_carea' id='block_1_1' title="bbox 474 5676 481 5712">
    <p class='ocr_par' dir='ltr' id='par_1_1' title="bbox 474 5676 481 5712">
     <span class='ocr_line' id='line_1_1' title="bbox 474 5676 481 5712; baseline 0 0"><span class='ocrx_word' id='word_1_1' title='bbox 474 5676 481 5712; x_wconf 71' lang='grc'><strong>1</strong></span> 
     </span>
    </p>
   </div>
   <div class='ocr_carea' id='block_1_2' title="bbox 520 454 630 525">
    <p class='ocr_par' dir='ltr' id='par_1_2' title="bbox 520 454 630 525">
     <span class='ocr_line' id='line_1_2' title="bbox 520 454 630 525; baseline 0 -2"><span class='ocrx_word' id='word_1_2' title='bbox 520 454 630 525; x_wconf 72' lang='grc'><strong>40⁸7</strong></span> 
     </span>
    </p>
   </div>
   <div class='ocr_carea' id='block_1_3' title="bbox 1665 458 2616 522">
    <p class='ocr_par' dir='ltr' id='par_1_3' title="bbox 1665 458 2616 522">
     <span class='ocr_line' id='line_1_3' title="bbox 1665 458 2616 522; baseline 0.001 -1"><span class='ocrx_word' id='word_1_3' title='bbox 1665 458 1927 521; x_wconf 87' lang='grc' dir='ltr'><strong>ΡΗΟΤῙῙ</strong></span> <span class='ocrx_word' id='word_1_4' title='bbox 1964 458 2467 520; x_wconf 71' lang='grc' dir='ltr'><strong>ΡΑΤΒΙΑΒΟΗᾸΞ</strong></span> <span class='ocrx_word' id='word_1_5' title='bbox 2507 458 2616 522; x_wconf 86' lang='lat' dir='ltr'><strong>CP.</strong></span> 
     </span>
    </p>
   </div>
   <div class='ocr_carea' id='block_1_4' title="bbox 3681 452 3786 519">
    <p class='ocr_par' dir='ltr' id='par_1_4' title="bbox 3681 452 3786 519">
     <span class='ocr_line' id='line_1_4' title="bbox 3681 452 3786 519; baseline 0 -2"><span class='ocrx_word' id='word_1_6' title='bbox 3681 452 3786 519; x_wconf 74' lang='grc'><strong>108</strong></span> 
     </span>
    </p>
   </div>
   <div class='ocr_carea' id='block_1_5' title="bbox 519 564 3788 644">
    <p class='ocr_par' dir='ltr' id='par_1_5' title="bbox 519 564 3788 644">
     <span class='ocr_line' id='line_1_5' title="bbox 519 564 3788 644; baseline -0.002 -16"><span class='ocrx_word' id='word_1_7' title='bbox 519 573 607 629; x_wconf 86' lang='lat' dir='ltr'><strong>vel</strong></span> <span class='ocrx_word' id='word_1_8' title='bbox 637 571 939 643; x_wconf 82' lang='lat' dir='ltr'><strong>colligenda</strong></span> <span class='ocrx_word' id='word_1_9' title='bbox 974 581 1255 644; x_wconf 82' lang='lat' dir='ltr'><strong>provocat,</strong></span> <span class='ocrx_word' id='word_1_10' title='bbox 1291 573 1486 628; x_wconf 91' lang='lat' dir='ltr'><strong>horum</strong></span> <span class='ocrx_word' id='word_1_11' title='bbox 1532 580 1823 634; x_wconf 90' lang='lat' dir='ltr'><strong>tractatus,</strong></span> <span class='ocrx_word' id='word_1_12' title='bbox 1850 569 1952 625; x_wconf 89' lang='lat' dir='ltr'><strong>etsi</strong></span> <span class='ocrx_word' id='word_1_13' title='bbox 1988 586 2098 625; x_wconf 89' lang='lat' dir='ltr'><strong>non</strong></span> <span class='ocrx_word' id='word_1_14' title='bbox 2134 579 2177 632; x_wconf 78' lang='grc' dir='ltr'>Α</span> <span class='ocrx_word' id='word_1_15' title='bbox 2206 569 2471 625; x_wconf 88' lang='lat' dir='ltr'><strong>rationem</strong></span> <span class='ocrx_word' id='word_1_16' title='bbox 2523 569 2700 633; x_wconf 79' lang='lat' dir='ltr'><strong>affert,</strong></span> <span class='ocrx_word' id='word_1_17' title='bbox 2737 568 2883 639; x_wconf 92' lang='lat' dir='ltr'><strong>quod</strong></span> <span class='ocrx_word' id='word_1_18' title='bbox 2924 564 3061 625; x_wconf 88' lang='lat' dir='ltr'><strong>liber</strong></span> <span class='ocrx_word' id='word_1_19' title='bbox 3091 566 3231 624; x_wconf 86' lang='lat' dir='ltr'><strong>nihil</strong></span> <span class='ocrx_word' id='word_1_20' title='bbox 3258 566 3376 624; x_wconf 85' lang='lat' dir='ltr'><strong>fere</strong></span> <span class='ocrx_word' id='word_1_21' title='bbox 3403 566 3692 624; x_wconf 72' lang='lat' dir='ltr'><strong>contineat</strong></span> <span class='ocrx_word' id='word_1_22' title='bbox 3721 569 3788 623; x_wconf 88' lang='lat' dir='ltr'><strong>de</strong></span> 
     </span>
    </p>
   </div>
   <div class='ocr_carea' id='block_1_6' title="bbox 518 664 2100 734">
    <p class='ocr_par' dir='ltr' id='par_1_6' title="bbox 518 664 2100 734">
     <span class='ocr_line' id='line_1_6' title="bbox 518 664 2100 734; baseline -0.002 -14"><span class='ocrx_word' id='word_1_23' title='bbox 518 680 585 720; x_wconf 79' lang='lat' dir='ltr'><strong>ex</strong></span> <span class='ocrx_word' id='word_1_24' title='bbox 635 664 901 734; x_wconf 84' lang='lat' dir='ltr'><strong>professo,</strong></span> <span class='ocrx_word' id='word_1_25' title='bbox 932 676 994 720; x_wconf 90' lang='lat' dir='ltr'><strong>ut</strong></span> <span class='ocrx_word' id='word_1_26' title='bbox 1026 665 1130 720; x_wconf 91' lang='lat' dir='ltr'><strong>dici</strong></span> <span class='ocrx_word' id='word_1_27' title='bbox 1157 665 1314 731; x_wconf 90' lang='lat' dir='ltr'><strong>solet,</strong></span> <span class='ocrx_word' id='word_1_28' title='bbox 1357 665 1461 719; x_wconf 90' lang='lat' dir='ltr'><strong>hac</strong></span> <span class='ocrx_word' id='word_1_29' title='bbox 1487 668 1555 719; x_wconf 88' lang='lat' dir='ltr'><strong>de</strong></span> <span class='ocrx_word' id='word_1_30' title='bbox 1590 664 1815 718; x_wconf 90' lang='lat' dir='ltr'><strong>materia</strong></span> <span class='ocrx_word' id='word_1_31' title='bbox 1858 672 2100 734; x_wconf 79' lang='lat' dir='ltr'><strong>agentes,</strong></span> 
     </span>
    </p>
   </div>
   <div class='ocr_carea' id='block_1_7' title="bbox 519 754 2106 826">
    <p class='ocr_par' dir='ltr' id='par_1_7' title="bbox 519 754 2106 826">
     <span class='ocr_line' id='line_1_7' title="bbox 519 754 2106 826; baseline -0.001 -16"><span class='ocrx_word' id='word_1_32' title='bbox 519 756 707 826; x_wconf 88' lang='lat' dir='ltr'><strong>specie</strong></span> <span class='ocrx_word' id='word_1_33' title='bbox 733 754 999 810; x_wconf 81' lang='lat' dir='ltr'><strong>duntaxat</strong></span> <span class='ocrx_word' id='word_1_34' title='bbox 1026 763 1081 809; x_wconf 88' lang='lat' dir='ltr'><strong>et</strong></span> <span class='ocrx_word' id='word_1_35' title='bbox 1113 754 1332 809; x_wconf 88' lang='lat' dir='ltr'><strong>silentio</strong></span> <span class='ocrx_word' id='word_1_36' title='bbox 1357 754 1538 824; x_wconf 90' lang='lat' dir='ltr'><strong>potius</strong></span> <span class='ocrx_word' id='word_1_37' title='bbox 1556 768 1721 824; x_wconf 90' lang='lat' dir='ltr'><strong>quam</strong></span> <span class='ocrx_word' id='word_1_38' title='bbox 1746 755 1953 824; x_wconf 90' lang='lat' dir='ltr'><strong>apertis</strong></span> <span class='ocrx_word' id='word_1_39' title='bbox 1982 770 2106 809; x_wconf 90' lang='lat' dir='ltr'><strong>ver-</strong></span> 
     </span>
    </p>
   </div>
   <div class='ocr_carea' id='block_1_8' title="bbox 522 849 2104 919">
    <p class='ocr_par' dir='ltr' id='par_1_8' title="bbox 522 849 2104 919">
     <span class='ocr_line' id='line_1_8' title="bbox 522 849 2104 919; baseline 0.001 -16"><span class='ocrx_word' id='word_1_40' title='bbox 522 849 605 903; x_wconf 89' lang='lat' dir='ltr'><strong>bis</strong></span> <span class='ocrx_word' id='word_1_41' title='bbox 634 849 739 905; x_wconf 84' lang='lat' dir='ltr'><strong>sibi</strong></span> <span class='ocrx_word' id='word_1_42' title='bbox 771 850 1169 919; x_wconf 87' lang='lat' dir='ltr'><strong>quodammodo</strong></span> <span class='ocrx_word' id='word_1_43' title='bbox 1202 849 1447 905; x_wconf 88' lang='lat' dir='ltr'><strong>faventes</strong></span> <span class='ocrx_word' id='word_1_44' title='bbox 1490 850 1820 919; x_wconf 79' lang='lat' dir='ltr'><strong>reSpexisse.</strong></span> <span class='ocrx_word' id='word_1_45' title='bbox 1848 849 1990 906; x_wconf 87' lang='lat' dir='ltr'><strong>Sane</strong></span> <span class='ocrx_word' id='word_1_46' title='bbox 2034 850 2104 905; x_wconf 91' lang='lat' dir='ltr'><strong>de</strong></span> 
     </span>
    </p>
   </div>
   <div class='ocr_carea' id='block_1_9' title="bbox 520 938 2105 1013">
    <p class='ocr_par' dir='ltr' id='par_1_9' title="bbox 520 938 2105 1013">
     <span class='ocr_line' id='line_1_9' title="bbox 520 938 2105 1013; baseline 0.003 -19"><span class='ocrx_word' id='word_1_47' title='bbox 520 940 676 997; x_wconf 84' lang='lat' dir='ltr'><strong>libris</strong></span> <span class='ocrx_word' id='word_1_48' title='bbox 702 943 998 996; x_wconf 88' lang='lat' dir='ltr'><strong>multorum</strong></span> <span class='ocrx_word' id='word_1_49' title='bbox 1023 954 1281 995; x_wconf 80' lang='lat' dir='ltr'><strong>versuum</strong></span> <span class='ocrx_word' id='word_1_50' title='bbox 1324 938 1567 1013; x_wconf 79' lang='grc' dir='ltr'><strong>(στίχων)</strong></span> <span class='ocrx_word' id='word_1_51' title='bbox 1607 940 1868 1013; x_wconf 84' lang='lat' dir='ltr'><strong>loquitur,</strong></span> <span class='ocrx_word' id='word_1_52' title='bbox 1903 943 2105 1013; x_wconf 83' lang='lat' dir='ltr'><strong>quibus</strong></span> 
     </span>
    </p>
   </div>
   <div class='ocr_carea' id='block_1_10' title="bbox 520 1031 2101 1104">
    <p class='ocr_par' dir='ltr' id='par_1_10' title="bbox 520 1031 2101 1104">
     <span class='ocr_line' id='line_1_10' title="bbox 520 1031 2101 1104; baseline 0.001 -18"><span class='ocrx_word' id='word_1_53' title='bbox 520 1032 723 1086; x_wconf 76' lang='lat' dir='ltr'><strong>inserta</strong></span> <span class='ocrx_word' id='word_1_54' title='bbox 767 1041 922 1088; x_wconf 88' lang='lat' dir='ltr'><strong>erant</strong></span> <span class='ocrx_word' id='word_1_55' title='bbox 968 1042 1308 1103; x_wconf 88' lang='lat' dir='ltr'><strong>argumenta,</strong></span> <span class='ocrx_word' id='word_1_56' title='bbox 1347 1049 1469 1104; x_wconf 65' lang='lat' dir='ltr'><strong>quae</strong></span> <span class='ocrx_word' id='word_1_57' title='bbox 1496 1035 1562 1089; x_wconf 90' lang='lat' dir='ltr'><strong>ad</strong></span> <span class='ocrx_word' id='word_1_58' title='bbox 1606 1031 1831 1089; x_wconf 86' lang='lat' dir='ltr'><strong>Latinos</strong></span> <span class='ocrx_word' id='word_1_59' title='bbox 1872 1035 2101 1089; x_wconf 61' lang='lat' dir='ltr'><strong>convino</strong></span> 
     </span>
    </p>
   </div>
   <div class='ocr_carea' id='block_1_11' title="bbox 521 1120 2105 1193">
    <p class='ocr_par' dir='ltr' id='par_1_11' title="bbox 521 1120 2105 1193">
     <span class='ocr_line' id='line_1_11' title="bbox 521 1120 2105 1193; baseline 0.001 -17"><span class='ocrx_word' id='word_1_60' title='bbox 521 1121 726 1176; x_wconf 72' lang='lat' dir='ltr'><strong>candos</strong></span> <span class='ocrx_word' id='word_1_61' title='bbox 764 1120 958 1176; x_wconf 87' lang='lat' dir='ltr'><strong>idonea</strong></span> <span class='ocrx_word' id='word_1_62' title='bbox 1009 1122 1323 1192; x_wconf 85' lang='lat' dir='ltr'><strong>reputabat;</strong></span> <span class='ocrx_word' id='word_1_63' title='bbox 1365 1138 1428 1178; x_wconf 90' lang='lat' dir='ltr'><strong>ea</strong></span> <span class='ocrx_word' id='word_1_64' title='bbox 1480 1139 1601 1193; x_wconf 77' lang='lat' dir='ltr'><strong>qnte</strong></span> <span class='ocrx_word' id='word_1_65' title='bbox 1644 1124 1698 1177; x_wconf 92' lang='lat' dir='ltr'><strong>in</strong></span> <span class='ocrx_word' id='word_1_66' title='bbox 1743 1123 1829 1178; x_wconf 89' lang='lat' dir='ltr'><strong>his</strong></span> <span class='ocrx_word' id='word_1_67' title='bbox 1857 1124 2105 1193; x_wconf 88' lang='lat' dir='ltr'><strong>dispersa</strong></span> 
     </span>
    </p>
   </div>
   <div class='ocr_carea' id='block_1_12' title="bbox 521 1210 2102 1283">
    <p class='ocr_par' dir='ltr' id='par_1_12' title="bbox 521 1210 2102 1283">
     <span class='ocr_line' id='line_1_12' title="bbox 521 1210 2102 1283; baseline 0.003 -18"><span class='ocrx_word' id='word_1_68' title='bbox 521 1219 707 1273; x_wconf 86' lang='lat' dir='ltr'><strong>erant.</strong></span> <span class='ocrx_word' id='word_1_69' title='bbox 759 1210 1013 1282; x_wconf 82' lang='lat' dir='ltr'><strong>colligere</strong></span> <span class='ocrx_word' id='word_1_70' title='bbox 1065 1222 1120 1266; x_wconf 90' lang='lat' dir='ltr'><strong>et</strong></span> <span class='ocrx_word' id='word_1_71' title='bbox 1166 1214 1450 1283; x_wconf 88' lang='lat' dir='ltr'><strong>synoptice</strong></span> <span class='ocrx_word' id='word_1_72' title='bbox 1498 1214 1758 1269; x_wconf 85' lang='lat' dir='ltr'><strong>exhibere</strong></span> <span class='ocrx_word' id='word_1_73' title='bbox 1816 1214 2102 1269; x_wconf 87' lang='lat' dir='ltr'><strong>consilium</strong></span> 
     </span>
    </p>
   </div>
   <div class='ocr_carea' id='block_1_13' title="bbox 521 1302 2103 1375">
    <p class='ocr_par' dir='ltr' id='par_1_13' title="bbox 521 1302 2103 1375">
     <span class='ocr_line' id='line_1_13' title="bbox 521 1302 2103 1375; baseline 0.003 -20"><span class='ocrx_word' id='word_1_74' title='bbox 521 1309 775 1372; x_wconf 84' lang='lat' dir='ltr'><strong>ceperat;</strong></span> <span class='ocrx_word' id='word_1_75' title='bbox 808 1302 1039 1372; x_wconf 86' lang='lat' dir='ltr'><strong>proinde</strong></span> <span class='ocrx_word' id='word_1_76' title='bbox 1069 1302 1122 1357; x_wconf 91' lang='lat' dir='ltr'><strong>hi</strong></span> <span class='ocrx_word' id='word_1_77' title='bbox 1164 1302 1285 1359; x_wconf 87' lang='lat' dir='ltr'><strong>libri</strong></span> <span class='ocrx_word' id='word_1_78' title='bbox 1316 1319 1428 1359; x_wconf 87' lang='lat' dir='ltr'><strong>non</strong></span> <span class='ocrx_word' id='word_1_79' title='bbox 1461 1304 1515 1358; x_wconf 90' lang='lat' dir='ltr'><strong>in</strong></span> <span class='ocrx_word' id='word_1_80' title='bbox 1547 1320 1653 1359; x_wconf 89' lang='lat' dir='ltr'><strong>una</strong></span> <span class='ocrx_word' id='word_1_81' title='bbox 1684 1305 1772 1359; x_wconf 90' lang='lat' dir='ltr'><strong>illa</strong></span> <span class='ocrx_word' id='word_1_82' title='bbox 1801 1305 2103 1375; x_wconf 66' lang='lat' dir='ltr'><strong>quaestione</strong></span> 
     </span>
    </p>
   </div>
   <div class='ocr_carea' id='block_1_14' title="bbox 521 1393 2103 1464">
    <p class='ocr_par' dir='ltr' id='par_1_14' title="bbox 521 1393 2103 1464">
     <span class='ocr_line' id='line_1_14' title="bbox 521 1393 2103 1464; baseline 0.001 -16"><span class='ocrx_word' id='word_1_83' title='bbox 521 1393 897 1449; x_wconf 67' lang='lat' dir='ltr'><strong>Versabantnr.</strong></span> <span class='ocrx_word' id='word_1_84' title='bbox 927 1394 1006 1451; x_wconf 84' lang='lat' dir='ltr'><strong>Ad</strong></span> <span class='ocrx_word' id='word_1_85' title='bbox 1040 1395 1142 1449; x_wconf 87' lang='lat' dir='ltr'><strong>hos</strong></span> <span class='ocrx_word' id='word_1_86' title='bbox 1166 1410 1296 1449; x_wconf 85' lang='lat' dir='ltr'><strong>vero</strong></span> <span class='ocrx_word' id='word_1_87' title='bbox 1326 1405 1586 1464; x_wconf 81' lang='lat' dir='ltr'><strong>provocat</strong></span> <span class='ocrx_word' id='word_1_88' title='bbox 1608 1394 1836 1451; x_wconf 87' lang='lat' dir='ltr'><strong>Photius</strong></span> <span class='ocrx_word' id='word_1_89' title='bbox 1864 1395 1931 1449; x_wconf 89' lang='lat' dir='ltr'><strong>ad</strong></span> <span class='ocrx_word' id='word_1_90' title='bbox 1960 1395 2103 1449; x_wconf 79' lang='lat' dir='ltr'><strong>anti-</strong></span> 
     </span>
    </p>
   </div>
   <div class='ocr_carea' id='block_1_15' title="bbox 521 1485 2101 1556">
    <p class='ocr_par' dir='ltr' id='par_1_15' title="bbox 521 1485 2101 1556">
     <span class='ocr_line' id='line_1_15' title="bbox 521 1485 2101 1556; baseline 0.003 -18"><span class='ocrx_word' id='word_1_91' title='bbox 521 1485 785 1556; x_wconf 86' lang='lat' dir='ltr'><strong>quitatem</strong></span> <span class='ocrx_word' id='word_1_92' title='bbox 827 1487 1319 1555; x_wconf 83' lang='lat' dir='ltr'><strong>auctoritatemque</strong></span> <span class='ocrx_word' id='word_1_93' title='bbox 1344 1487 1460 1541; x_wconf 88' lang='lat' dir='ltr'><strong>suis</strong></span> <span class='ocrx_word' id='word_1_94' title='bbox 1485 1488 1646 1542; x_wconf 86' lang='lat' dir='ltr'><strong>dictis</strong></span> <span class='ocrx_word' id='word_1_95' title='bbox 1667 1487 2064 1542; x_wconf 84' lang='lat' dir='ltr'><strong>conciliandam</strong></span> <span class='ocrx_word' id='word_1_96' title='bbox 2083 1526 2101 1550; x_wconf 87' lang='lat'><strong>,</strong></span> 
     </span>
    </p>
   </div>
   <div class='ocr_carea' id='block_1_16' title="bbox 521 1577 2104 1651">
    <p class='ocr_par' dir='ltr' id='par_1_16' title="bbox 521 1577 2104 1651">
     <span class='ocr_line' id='line_1_16' title="bbox 521 1577 2104 1651; baseline 0.004 -20"><span class='ocrx_word' id='word_1_97' title='bbox 521 1578 771 1646; x_wconf 82' lang='lat' dir='ltr'><strong>quamvis</strong></span> <span class='ocrx_word' id='word_1_98' title='bbox 792 1577 909 1633; x_wconf 87' lang='lat' dir='ltr'><strong>fere</strong></span> <span class='ocrx_word' id='word_1_99' title='bbox 930 1578 1113 1633; x_wconf 84' lang='lat' dir='ltr'><strong>omnia</strong></span> <span class='ocrx_word' id='word_1_100' title='bbox 1156 1594 1279 1649; x_wconf 81' lang='lat' dir='ltr'><strong>quae</strong></span> <span class='ocrx_word' id='word_1_101' title='bbox 1302 1578 1530 1649; x_wconf 81' lang='lat' dir='ltr'><strong>profert,</strong></span> <span class='ocrx_word' id='word_1_102' title='bbox 1554 1578 1757 1649; x_wconf 85' lang='lat' dir='ltr'><strong>proprii</strong></span> <span class='ocrx_word' id='word_1_103' title='bbox 1785 1579 1872 1635; x_wconf 90' lang='lat' dir='ltr'><strong>sui</strong></span> <span class='ocrx_word' id='word_1_104' title='bbox 1900 1579 2104 1651; x_wconf 80' lang='lat' dir='ltr'><strong>ingenii</strong></span> 
     </span>
    </p>
   </div>
   <div class='ocr_carea' id='block_1_17' title="bbox 521 1668 988 1724">
    <p class='ocr_par' dir='ltr' id='par_1_17' title="bbox 521 1668 988 1724">
     <span class='ocr_line' id='line_1_17' title="bbox 521 1668 988 1724; baseline 0.002 -1"><span class='ocrx_word' id='word_1_105' title='bbox 521 1668 668 1724; x_wconf 88' lang='lat' dir='ltr'><strong>fetus</strong></span> <span class='ocrx_word' id='word_1_106' title='bbox 700 1670 988 1724; x_wconf 76' lang='lat' dir='ltr'><strong>exsistant.</strong></span> 
     </span>
    </p>
   </div>
   <div class='ocr_carea' id='block_1_18' title="bbox 592 1758 2105 1831">
    <p class='ocr_par' dir='ltr' id='par_1_18' title="bbox 592 1758 2105 1831">
     <span class='ocr_line' id='line_1_18' title="bbox 592 1758 2105 1831; baseline 0.005 -17"><span class='ocrx_word' id='word_1_107' title='bbox 592 1760 647 1814; x_wconf 89' lang='lat'><strong>8.</strong></span> <span class='ocrx_word' id='word_1_108' title='bbox 682 1758 820 1815; x_wconf 87' lang='lat' dir='ltr'><strong>Tum</strong></span> <span class='ocrx_word' id='word_1_109' title='bbox 875 1759 1047 1831; x_wconf 85' lang='lat' dir='ltr'><strong>ipsius</strong></span> <span class='ocrx_word' id='word_1_110' title='bbox 1075 1760 1194 1816; x_wconf 87' lang='lat' dir='ltr'><strong>libri</strong></span> <span class='ocrx_word' id='word_1_111' title='bbox 1222 1763 1387 1818; x_wconf 85' lang='lat' dir='ltr'><strong>verba</strong></span> <span class='ocrx_word' id='word_1_112' title='bbox 1417 1771 1535 1818; x_wconf 88' lang='lat' dir='ltr'><strong>tum</strong></span> <span class='ocrx_word' id='word_1_113' title='bbox 1570 1764 1694 1819; x_wconf 91' lang='lat' dir='ltr'><strong>cod.</strong></span> <span class='ocrx_word' id='word_1_114' title='bbox 1727 1763 1982 1820; x_wconf 88' lang='lat' dir='ltr'><strong>Column.</strong></span> <span class='ocrx_word' id='word_1_115' title='bbox 2017 1766 2105 1821; x_wconf 88' lang='lat' dir='ltr'><strong>in-</strong></span> 
     </span>
    </p>
   </div>
   <div class='ocr_carea' id='block_1_19' title="bbox 523 1852 2100 1924">
    <p class='ocr_par' dir='ltr' id='par_1_19' title="bbox 523 1852 2100 1924">
     <span class='ocr_line' id='line_1_19' title="bbox 523 1852 2100 1924; baseline 0.002 -15"><span class='ocrx_word' id='word_1_116' title='bbox 523 1852 749 1924; x_wconf 84' lang='lat' dir='ltr'><strong>scriptio</strong></span> <span class='ocrx_word' id='word_1_117' title='bbox 771 1854 1001 1908; x_wconf 89' lang='lat' dir='ltr'><strong>suadent</strong></span> <span class='ocrx_word' id='word_1_118' title='bbox 1052 1854 1247 1909; x_wconf 90' lang='lat' dir='ltr'><strong>librum</strong></span> <span class='ocrx_word' id='word_1_119' title='bbox 1273 1864 1522 1909; x_wconf 87' lang='lat' dir='ltr'><strong>nostrum</strong></span> <span class='ocrx_word' id='word_1_120' title='bbox 1545 1871 1653 1910; x_wconf 90' lang='lat' dir='ltr'><strong>non</strong></span> <span class='ocrx_word' id='word_1_121' title='bbox 1672 1872 1829 1913; x_wconf 86' lang='lat' dir='ltr'><strong>secus</strong></span> <span class='ocrx_word' id='word_1_122' title='bbox 1842 1873 1907 1913; x_wconf 87' lang='lat' dir='ltr'><strong>ac</strong></span> <span class='ocrx_word' id='word_1_123' title='bbox 1927 1857 2100 1924; x_wconf 85' lang='lat' dir='ltr'><strong>illum,</strong></span> 
     </span>
    </p>
   </div>
   <div class='ocr_carea' id='block_1_20' title="bbox 2207 658 3791 731">
    <p class='ocr_par' dir='ltr' id='par_1_20' title="bbox 2207 658 3791 731">
     <span class='ocr_line' id='line_1_20' title="bbox 2207 658 3791 731; baseline -0.001 -15"><span class='ocrx_word' id='word_1_124' title='bbox 2207 676 2294 727; x_wconf 88' lang='lat' dir='ltr'><strong>eo,</strong></span> <span class='ocrx_word' id='word_1_125' title='bbox 2322 662 2467 731; x_wconf 90' lang='lat' dir='ltr'><strong>quod</strong></span> <span class='ocrx_word' id='word_1_126' title='bbox 2492 662 2677 717; x_wconf 85' lang='lat' dir='ltr'><strong>missio</strong></span> <span class='ocrx_word' id='word_1_127' title='bbox 2702 660 2939 731; x_wconf 90' lang='lat' dir='ltr'><strong>Spiritus</strong></span> <span class='ocrx_word' id='word_1_128' title='bbox 2962 659 3137 717; x_wconf 88' lang='lat' dir='ltr'><strong>sancti</strong></span> <span class='ocrx_word' id='word_1_129' title='bbox 3162 675 3264 731; x_wconf 89' lang='lat' dir='ltr'><strong>per</strong></span> <span class='ocrx_word' id='word_1_130' title='bbox 3300 658 3498 716; x_wconf 79' lang='lat' dir='ltr'><strong>Filium</strong></span> <span class='ocrx_word' id='word_1_131' title='bbox 3528 659 3603 715; x_wconf 88' lang='lat' dir='ltr'><strong>sit</strong></span> <span class='ocrx_word' id='word_1_132' title='bbox 3651 659 3791 715; x_wconf 88' lang='lat' dir='ltr'><strong>ratio</strong></span> 
     </span>
    </p>
   </div>
   <div class='ocr_carea' id='block_1_21' title="bbox 2206 751 3793 823">
    <p class='ocr_par' dir='ltr' id='par_1_21' title="bbox 2206 751 3793 823">
     <span class='ocr_line' id='line_1_21' title="bbox 2206 751 3793 823; baseline -0.001 -16"><span class='ocrx_word' id='word_1_133' title='bbox 2206 766 2306 808; x_wconf 90' lang='lat' dir='ltr'><strong>cur</strong></span> <span class='ocrx_word' id='word_1_134' title='bbox 2350 752 2471 807; x_wconf 86' lang='lat' dir='ltr'><strong>Filii</strong></span> <span class='ocrx_word' id='word_1_135' title='bbox 2521 752 2737 808; x_wconf 89' lang='lat' dir='ltr'><strong>dicatur</strong></span> <span class='ocrx_word' id='word_1_136' title='bbox 2786 753 3043 823; x_wconf 82' lang='lat' dir='ltr'><strong>Spiritus,</strong></span> <span class='ocrx_word' id='word_1_137' title='bbox 3100 751 3246 823; x_wconf 88' lang='lat' dir='ltr'><strong>quod</strong></span> <span class='ocrx_word' id='word_1_138' title='bbox 3292 758 3477 807; x_wconf 88' lang='lat' dir='ltr'><strong>tamen</strong></span> <span class='ocrx_word' id='word_1_139' title='bbox 3526 751 3585 805; x_wconf 90' lang='lat' dir='ltr'><strong>in</strong></span> <span class='ocrx_word' id='word_1_140' title='bbox 3632 751 3793 807; x_wconf 87' lang='lat' dir='ltr'><strong>titulo</strong></span> 
     </span>
    </p>
   </div>
   <div class='ocr_carea' id='block_1_22' title="bbox 2208 843 3793 915">
    <p class='ocr_par' dir='ltr' id='par_1_22' title="bbox 2208 843 3793 915">
     <span class='ocr_line' id='line_1_22' title="bbox 2208 843 3793 915; baseline 0 -15"><span class='ocrx_word' id='word_1_141' title='bbox 2208 845 2374 900; x_wconf 85' lang='lat' dir='ltr'><strong>trium</strong></span> <span class='ocrx_word' id='word_1_142' title='bbox 2405 845 2655 900; x_wconf 89' lang='lat' dir='ltr'><strong>codicum</strong></span> <span class='ocrx_word' id='word_1_143' title='bbox 2680 861 2995 915; x_wconf 80' lang='lat' dir='ltr'><strong>expressum</strong></span> <span class='ocrx_word' id='word_1_144' title='bbox 3027 853 3130 900; x_wconf 89' lang='lat' dir='ltr'><strong>est.</strong></span> <span class='ocrx_word' id='word_1_145' title='bbox 3155 844 3265 899; x_wconf 88' lang='lat' dir='ltr'><strong>Sed</strong></span> <span class='ocrx_word' id='word_1_146' title='bbox 3299 853 3481 914; x_wconf 88' lang='lat' dir='ltr'><strong>potest</strong></span> <span class='ocrx_word' id='word_1_147' title='bbox 3514 843 3569 898; x_wconf 85' lang='lat' dir='ltr'><strong>in</strong></span> <span class='ocrx_word' id='word_1_148' title='bbox 3598 843 3793 914; x_wconf 85' lang='lat' dir='ltr'><strong>primis</strong></span> 
     </span>
    </p>
   </div>
   <div class='ocr_carea' id='block_1_23' title="bbox 2206 934 3795 1007">
    <p class='ocr_par' dir='ltr' id='par_1_23' title="bbox 2206 934 3795 1007">
     <span class='ocr_line' id='line_1_23' title="bbox 2206 934 3795 1007; baseline -0.002 -14"><span class='ocrx_word' id='word_1_149' title='bbox 2206 937 2311 993; x_wconf 90' lang='lat' dir='ltr'><strong>dici</strong></span> <span class='ocrx_word' id='word_1_150' title='bbox 2346 935 2563 991; x_wconf 89' lang='lat' dir='ltr'><strong>titulum</strong></span> <span class='ocrx_word' id='word_1_151' title='bbox 2619 952 2729 991; x_wconf 88' lang='lat' dir='ltr'><strong>non</strong></span> <span class='ocrx_word' id='word_1_152' title='bbox 2768 946 2964 998; x_wconf 89' lang='lat' dir='ltr'><strong>totum.</strong></span> <span class='ocrx_word' id='word_1_153' title='bbox 2998 937 3077 991; x_wconf 87' lang='lat' dir='ltr'><strong>uti</strong></span> <span class='ocrx_word' id='word_1_154' title='bbox 3107 942 3309 1000; x_wconf 87' lang='lat' dir='ltr'><strong>exstat,</strong></span> <span class='ocrx_word' id='word_1_155' title='bbox 3334 936 3403 993; x_wconf 87' lang='lat' dir='ltr'><strong>ab</strong></span> <span class='ocrx_word' id='word_1_156' title='bbox 3440 935 3562 1007; x_wconf 85' lang='lat' dir='ltr'><strong>ipso</strong></span> <span class='ocrx_word' id='word_1_157' title='bbox 3594 934 3795 990; x_wconf 86' lang='lat' dir='ltr'><strong>Photio</strong></span> 
     </span>
    </p>
   </div>
   <div class='ocr_carea' id='block_1_24' title="bbox 2206 1027 3793 1099">
    <p class='ocr_par' dir='ltr' id='par_1_24' title="bbox 2206 1027 3793 1099">
     <span class='ocr_line' id='line_1_24' title="bbox 2206 1027 3793 1099; baseline -0.001 -16"><span class='ocrx_word' id='word_1_158' title='bbox 2206 1028 2376 1083; x_wconf 88' lang='lat' dir='ltr'><strong>fuisse</strong></span> <span class='ocrx_word' id='word_1_159' title='bbox 2413 1030 2803 1099; x_wconf 63' lang='lat' dir='ltr'><strong>praepositum;</strong></span> <span class='ocrx_word' id='word_1_160' title='bbox 2832 1028 3030 1085; x_wconf 90' lang='lat' dir='ltr'><strong>deinde</strong></span> <span class='ocrx_word' id='word_1_161' title='bbox 3057 1038 3239 1099; x_wconf 90' lang='lat' dir='ltr'><strong>potest</strong></span> <span class='ocrx_word' id='word_1_162' title='bbox 3271 1036 3327 1083; x_wconf 93' lang='lat' dir='ltr'><strong>et</strong></span> <span class='ocrx_word' id='word_1_163' title='bbox 3358 1028 3488 1082; x_wconf 85' lang='lat' dir='ltr'><strong>illud</strong></span> <span class='ocrx_word' id='word_1_164' title='bbox 3511 1027 3793 1093; x_wconf 78' lang='lat' dir='ltr'><strong>aiﬁmari,</strong></span> 
     </span>
    </p>
   </div>
   <div class='ocr_carea' id='block_1_25' title="bbox 2206 1120 3791 1193">
    <p class='ocr_par' dir='ltr' id='par_1_25' title="bbox 2206 1120 3791 1193">
     <span class='ocr_line' id='line_1_25' title="bbox 2206 1120 3791 1193; baseline -0.004 -12"><span class='ocrx_word' id='word_1_165' title='bbox 2206 1122 2308 1181; x_wconf 89' lang='lat' dir='ltr'><strong>etsi</strong></span> <span class='ocrx_word' id='word_1_166' title='bbox 2339 1122 2554 1177; x_wconf 90' lang='lat' dir='ltr'><strong>titulum</strong></span> <span class='ocrx_word' id='word_1_167' title='bbox 2585 1122 2702 1192; x_wconf 88' lang='lat' dir='ltr'><strong>ipse</strong></span> <span class='ocrx_word' id='word_1_168' title='bbox 2747 1121 3025 1193; x_wconf 90' lang='lat' dir='ltr'><strong>posuerit,</strong></span> <span class='ocrx_word' id='word_1_169' title='bbox 3078 1132 3259 1177; x_wconf 91' lang='lat' dir='ltr'><strong>tamen</strong></span> <span class='ocrx_word' id='word_1_170' title='bbox 3304 1121 3580 1176; x_wconf 90' lang='lat' dir='ltr'><strong>dictorum</strong></span> <span class='ocrx_word' id='word_1_171' title='bbox 3637 1120 3791 1190; x_wconf 85' lang='lat' dir='ltr'><strong>copia</strong></span> 
     </span>
    </p>
   </div>
   <div class='ocr_carea' id='block_1_26' title="bbox 2205 1212 3792 1288">
    <p class='ocr_par' dir='ltr' id='par_1_26' title="bbox 2205 1212 3792 1288">
     <span class='ocr_line' id='line_1_26' title="bbox 2205 1212 3792 1288; baseline -0.004 -16"><span class='ocrx_word' id='word_1_172' title='bbox 2205 1216 2491 1288; x_wconf 88' lang='lat' dir='ltr'><strong>abreptum</strong></span> <span class='ocrx_word' id='word_1_173' title='bbox 2515 1218 2675 1286; x_wconf 86' lang='lat' dir='ltr'><strong>hujus</strong></span> <span class='ocrx_word' id='word_1_174' title='bbox 2700 1215 2802 1281; x_wconf 87' lang='lat' dir='ltr'><strong>rei,</strong></span> <span class='ocrx_word' id='word_1_175' title='bbox 2828 1230 2990 1285; x_wconf 87' lang='lat' dir='ltr'><strong>quam</strong></span> <span class='ocrx_word' id='word_1_176' title='bbox 3017 1214 3365 1273; x_wconf 85' lang='lat' dir='ltr'><strong>moliebatur.</strong></span> <span class='ocrx_word' id='word_1_177' title='bbox 3392 1212 3792 1283; x_wconf 80' lang='lat' dir='ltr'><strong>expositionem</strong></span> 
     </span>
    </p>
   </div>
   <div class='ocr_carea' id='block_1_27' title="bbox 2205 1305 3793 1380">
    <p class='ocr_par' dir='ltr' id='par_1_27' title="bbox 2205 1305 3793 1380">
     <span class='ocr_line' id='line_1_27' title="bbox 2205 1305 3793 1380; baseline -0.004 -15"><span class='ocrx_word' id='word_1_178' title='bbox 2205 1309 2454 1365; x_wconf 90' lang='lat' dir='ltr'><strong>omisisse</strong></span> <span class='ocrx_word' id='word_1_179' title='bbox 2479 1310 2738 1380; x_wconf 88' lang='lat' dir='ltr'><strong>pluraque</strong></span> <span class='ocrx_word' id='word_1_180' title='bbox 2767 1309 2998 1364; x_wconf 89' lang='lat' dir='ltr'><strong>fortasse</strong></span> <span class='ocrx_word' id='word_1_181' title='bbox 3018 1308 3076 1360; x_wconf 89' lang='lat' dir='ltr'><strong>in</strong></span> <span class='ocrx_word' id='word_1_182' title='bbox 3106 1313 3290 1361; x_wconf 82' lang='lat' dir='ltr'><strong>mente</strong></span> <span class='ocrx_word' id='word_1_183' title='bbox 3318 1305 3605 1368; x_wconf 81' lang='lat' dir='ltr'><strong>habuisse,</strong></span> <span class='ocrx_word' id='word_1_184' title='bbox 3632 1318 3793 1373; x_wconf 82' lang='lat' dir='ltr'><strong>quam</strong></span> 
     </span>
    </p>
   </div>
   <div class='ocr_carea' id='block_1_28' title="bbox 2208 1397 3792 1484">
    <p class='ocr_par' dir='ltr' id='par_1_28' title="bbox 2208 1397 3792 1484">
     <span class='ocr_line' id='line_1_28' title="bbox 2208 1397 3792 1484; baseline -0.004 -29"><span class='ocrx_word' id='word_1_185' title='bbox 2208 1417 2266 1455; x_wconf 91' lang='lat' dir='ltr'><strong>re</strong></span> <span class='ocrx_word' id='word_1_186' title='bbox 2297 1402 2410 1472; x_wconf 90' lang='lat' dir='ltr'><strong>ipsa</strong></span> <span class='ocrx_word' id='word_1_187' title='bbox 2440 1401 2775 1467; x_wconf 84' lang='lat' dir='ltr'><strong>tractaverit,</strong></span> <span class='ocrx_word' id='word_1_188' title='bbox 2822 1398 3126 1484; x_wconf 64' lang='lat' dir='ltr'><strong>praesertim</strong></span> <span class='ocrx_word' id='word_1_189' title='bbox 3154 1398 3198 1453; x_wconf 88' lang='lat' dir='ltr'><strong>si</strong></span> <span class='ocrx_word' id='word_1_190' title='bbox 3238 1397 3543 1452; x_wconf 82' lang='lat' dir='ltr'><strong>intervallis</strong></span> <span class='ocrx_word' id='word_1_191' title='bbox 3575 1406 3792 1465; x_wconf 88' lang='lat' dir='ltr'><strong>tempo-</strong></span> 
     </span>
    </p>
   </div>
   <div class='ocr_carea' id='block_1_29' title="bbox 2206 1487 3794 1566">
    <p class='ocr_par' dir='ltr' id='par_1_29' title="bbox 2206 1487 3794 1566">
     <span class='ocr_line' id='line_1_29' title="bbox 2206 1487 3794 1566; baseline -0.004 -18"><span class='ocrx_word' id='word_1_192' title='bbox 2206 1510 2326 1550; x_wconf 89' lang='lat' dir='ltr'><strong>rum</strong></span> <span class='ocrx_word' id='word_1_193' title='bbox 2360 1503 2535 1549; x_wconf 90' lang='lat' dir='ltr'><strong>totum</strong></span> <span class='ocrx_word' id='word_1_194' title='bbox 2572 1509 2712 1566; x_wconf 92' lang='lat' dir='ltr'><strong>opus</strong></span> <span class='ocrx_word' id='word_1_195' title='bbox 2742 1491 2993 1565; x_wconf 80' lang='lat' dir='ltr'><strong>perfecit.</strong></span> <span class='ocrx_word' id='word_1_196' title='bbox 3024 1490 3084 1546; x_wconf 88' lang='lat' dir='ltr'><strong>Si</strong></span> <span class='ocrx_word' id='word_1_197' title='bbox 3113 1490 3258 1560; x_wconf 83' lang='lat' dir='ltr'><strong>apud</strong></span> <span class='ocrx_word' id='word_1_198' title='bbox 3298 1489 3584 1561; x_wconf 85' lang='lat' dir='ltr'><strong>liugonem</strong></span> <span class='ocrx_word' id='word_1_199' title='bbox 3629 1487 3794 1542; x_wconf 85' lang='lat' dir='ltr'><strong>Ethe-</strong></span> 
     </span>
    </p>
   </div>
   <div class='ocr_carea' id='block_1_30' title="bbox 2206 1583 3792 1659">
    <p class='ocr_par' dir='ltr' id='par_1_30' title="bbox 2206 1583 3792 1659">
     <span class='ocr_line' id='line_1_30' title="bbox 2206 1583 3792 1659; baseline -0.003 -18"><span class='ocrx_word' id='word_1_200' title='bbox 2206 1588 2419 1643; x_wconf 86' lang='lat' dir='ltr'><strong>rianum</strong></span> <span class='ocrx_word' id='word_1_201' title='bbox 2449 1589 2508 1659; x_wconf 91' lang='lat' dir='ltr'><strong>(l.</strong></span> <span class='ocrx_word' id='word_1_202' title='bbox 2542 1604 2603 1653; x_wconf 88' lang='grc' dir='ltr'><strong>ιι,</strong></span> <span class='ocrx_word' id='word_1_203' title='bbox 2644 1604 2692 1645; x_wconf 93' lang='lat' dir='ltr'><strong>c.</strong></span> <span class='ocrx_word' id='word_1_204' title='bbox 2730 1588 2821 1652; x_wconf 88' lang='lat'><strong>20,</strong></span> <span class='ocrx_word' id='word_1_205' title='bbox 2852 1604 2910 1659; x_wconf 90' lang='lat' dir='ltr'><strong>p.</strong></span> <span class='ocrx_word' id='word_1_206' title='bbox 2946 1586 3107 1656; x_wconf 74' lang='lat'><strong>1255)</strong></span> <span class='ocrx_word' id='word_1_207' title='bbox 3131 1586 3363 1658; x_wconf 87' lang='lat' dir='ltr'><strong>legitur:</strong></span> <span class='ocrx_word' id='word_1_208' title='bbox 3392 1605 3411 1637; x_wconf 82' lang='grc' dir='ltr'><strong>ι</strong></span> <span class='ocrx_word' id='word_1_209' title='bbox 3441 1583 3563 1639; x_wconf 81' lang='lat' dir='ltr'><strong>Non</strong></span> <span class='ocrx_word' id='word_1_210' title='bbox 3593 1584 3792 1638; x_wconf 90' lang='lat' dir='ltr'><strong>dicitur</strong></span> 
     </span>
    </p>
   </div>
   <div class='ocr_carea' id='block_1_31' title="bbox 2208 1676 3794 1749">
    <p class='ocr_par' dir='ltr' id='par_1_31' title="bbox 2208 1676 3794 1749">
     <span class='ocr_line' id='line_1_31' title="bbox 2208 1676 3794 1749; baseline -0.003 -17"><span class='ocrx_word' id='word_1_211' title='bbox 2208 1677 2446 1749; x_wconf 88' lang='lat' dir='ltr'><strong>Spiritus</strong></span> <span class='ocrx_word' id='word_1_212' title='bbox 2494 1679 2614 1735; x_wconf 82' lang='lat' dir='ltr'><strong>Filii</strong></span> <span class='ocrx_word' id='word_1_213' title='bbox 2645 1688 2706 1735; x_wconf 86' lang='lat' dir='ltr'><strong>ut</strong></span> <span class='ocrx_word' id='word_1_214' title='bbox 2734 1677 3201 1735; x_wconf 89' lang='lat' dir='ltr'><strong>consubstantiaie</strong></span> <span class='ocrx_word' id='word_1_215' title='bbox 3229 1686 3285 1733; x_wconf 89' lang='lat' dir='ltr'><strong>et</strong></span> <span class='ocrx_word' id='word_1_216' title='bbox 3317 1679 3405 1745; x_wconf 69' lang='lat' dir='ltr'><strong>qui</strong></span> <span class='ocrx_word' id='word_1_217' title='bbox 3444 1676 3685 1731; x_wconf 72' lang='lat' dir='ltr'><strong>mittitur</strong></span> <span class='ocrx_word' id='word_1_218' title='bbox 3711 1692 3794 1745; x_wconf 81' lang='lat' dir='ltr'><strong>per</strong></span> 
     </span>
    </p>
   </div>
   <div class='ocr_carea' id='block_1_32' title="bbox 2206 1765 3792 1839">
    <p class='ocr_par' dir='ltr' id='par_1_32' title="bbox 2206 1765 3792 1839">
     <span class='ocr_line' id='line_1_32' title="bbox 2206 1765 3792 1839; baseline -0.001 -16"><span class='ocrx_word' id='word_1_219' title='bbox 2206 1772 2401 1839; x_wconf 78' lang='lat' dir='ltr'><strong>ipsum,</strong></span> <span class='ocrx_word' id='word_1_220' title='bbox 2438 1781 2496 1824; x_wconf 80' lang='lat' dir='ltr'><strong>ut</strong></span> <span class='ocrx_word' id='word_1_221' title='bbox 2526 1771 2702 1825; x_wconf 77' lang='lat' dir='ltr'><strong>Photii</strong></span> <span class='ocrx_word' id='word_1_222' title='bbox 2740 1770 2981 1825; x_wconf 77' lang='lat' dir='ltr'><strong>declarat</strong></span> <span class='ocrx_word' id='word_1_223' title='bbox 3018 1769 3323 1838; x_wconf 78' lang='lat' dir='ltr'><strong>descriptio,</strong></span> <span class='ocrx_word' id='word_1_224' title='bbox 3376 1786 3398 1821; x_wconf 72' lang='grc' dir='ltr'><strong>ι</strong></span> <span class='ocrx_word' id='word_1_225' title='bbox 3442 1766 3669 1822; x_wconf 89' lang='lat' dir='ltr'><strong>videtur</strong></span> <span class='ocrx_word' id='word_1_226' title='bbox 3712 1765 3792 1821; x_wconf 89' lang='lat' dir='ltr'><strong>hic</strong></span> 
     </span>
    </p>
   </div>
   <div class='ocr_carea' id='block_1_33' title="bbox 2207 1855 3792 1932">
    <p class='ocr_par' dir='ltr' id='par_1_33' title="bbox 2207 1855 3792 1932">
     <span class='ocr_line' id='line_1_33' title="bbox 2207 1855 3792 1932; baseline -0.003 -18"><span class='ocrx_word' id='word_1_227' title='bbox 2207 1862 2480 1930; x_wconf 74' lang='lat' dir='ltr'><strong>inscriptio</strong></span> <span class='ocrx_word' id='word_1_228' title='bbox 2527 1860 2914 1932; x_wconf 88' lang='lat' dir='ltr'><strong>intelligenda,</strong></span> <span class='ocrx_word' id='word_1_229' title='bbox 2959 1876 3123 1931; x_wconf 90' lang='lat' dir='ltr'><strong>quam</strong></span> <span class='ocrx_word' id='word_1_230' title='bbox 3173 1872 3229 1914; x_wconf 91' lang='lat' dir='ltr'><strong>et</strong></span> <span class='ocrx_word' id='word_1_231' title='bbox 3273 1856 3429 1928; x_wconf 86' lang='lat' dir='ltr'><strong>llugo</strong></span> <span class='ocrx_word' id='word_1_232' title='bbox 3471 1872 3587 1927; x_wconf 76' lang='lat' dir='ltr'><strong>pra:</strong></span> <span class='ocrx_word' id='word_1_233' title='bbox 3623 1855 3792 1910; x_wconf 85' lang='lat' dir='ltr'><strong>oculis</strong></span> 
     </span>
    </p>
   </div>
   <div class='ocr_carea' id='block_1_34' title="bbox 522 1919 3790 2022">
    <p class='ocr_par' dir='ltr' id='par_1_34' title="bbox 522 1919 3790 2022">
     <span class='ocr_line' id='line_1_34' title="bbox 522 1919 3790 2022; baseline 0 -22"><span class='ocrx_word' id='word_1_234' title='bbox 522 1946 617 2017; x_wconf 89' lang='lat' dir='ltr'><strong>qui</strong></span> <span class='ocrx_word' id='word_1_235' title='bbox 637 1919 723 2001; x_wconf 39' lang='lat' dir='ltr'><strong>&#39;ad</strong></span> <span class='ocrx_word' id='word_1_236' title='bbox 778 1946 1184 2016; x_wconf 79' lang='lat' dir='ltr'><strong>Aquileiensem</strong></span> <span class='ocrx_word' id='word_1_237' title='bbox 1229 1948 1519 2018; x_wconf 66' lang='lat' dir='ltr'><strong>praesulem</strong></span> <span class='ocrx_word' id='word_1_238' title='bbox 1557 1949 1760 2005; x_wconf 87' lang='lat' dir='ltr'><strong>missus</strong></span> <span class='ocrx_word' id='word_1_239' title='bbox 1805 1949 1943 2013; x_wconf 89' lang='lat' dir='ltr'><strong>fuit,</strong></span> <span class='ocrx_word' id='word_1_240' title='bbox 1985 1919 2102 2022; x_wconf 48' lang='lat' dir='ltr'><strong>cpi;</strong></span> <span class='ocrx_word' id='word_1_241' title='bbox 2132 1919 2180 1978; x_wconf 80' lang='grc' dir='ltr'><strong><em>Β</em></strong></span> <span class='ocrx_word' id='word_1_242' title='bbox 2212 1919 2485 2018; x_wconf 73' lang='lat' dir='ltr'><strong>habuerit,</strong></span> <span class='ocrx_word' id='word_1_243' title='bbox 2524 1951 2617 2022; x_wconf 85' lang='lat' dir='ltr'><strong>qui</strong></span> <span class='ocrx_word' id='word_1_244' title='bbox 2648 1919 2913 2022; x_wconf 44' lang='lat' dir='ltr'><strong>pr‘astcrea</strong></span> <span class='ocrx_word' id='word_1_245' title='bbox 2945 1919 3085 2005; x_wconf 74' lang='lat' dir='ltr'><strong>nihil</strong></span> <span class='ocrx_word' id='word_1_246' title='bbox 3122 1965 3190 2006; x_wconf 74' lang='lat' dir='ltr'><strong>ex</strong></span> <span class='ocrx_word' id='word_1_247' title='bbox 3219 1950 3325 2004; x_wconf 88' lang='lat' dir='ltr'><strong>hoc</strong></span> <span class='ocrx_word' id='word_1_248' title='bbox 3356 1919 3527 2018; x_wconf 62' lang='lat' dir='ltr'><strong>opere</strong></span> <span class='ocrx_word' id='word_1_249' title='bbox 3575 1947 3790 2017; x_wconf 75' lang='lat' dir='ltr'><strong>allegat,</strong></span> 
     </span>
    </p>
   </div>
   <div class='ocr_carea' id='block_1_35' title="bbox 524 2037 2104 2111">
    <p class='ocr_par' dir='ltr' id='par_1_35' title="bbox 524 2037 2104 2111">
     <span class='ocr_line' id='line_1_35' title="bbox 524 2037 2104 2111; baseline 0.004 -16"><span class='ocrx_word' id='word_1_250' title='bbox 524 2037 677 2095; x_wconf 70' lang='lat' dir='ltr'><strong>stolas</strong></span> <span class='ocrx_word' id='word_1_251' title='bbox 709 2039 937 2094; x_wconf 87' lang='lat' dir='ltr'><strong>formam</strong></span> <span class='ocrx_word' id='word_1_252' title='bbox 968 2053 1081 2109; x_wconf 79' lang='lat' dir='ltr'><strong>prae</strong></span> <span class='ocrx_word' id='word_1_253' title='bbox 1117 2055 1176 2096; x_wconf 90' lang='lat' dir='ltr'><strong>se</strong></span> <span class='ocrx_word' id='word_1_254' title='bbox 1210 2041 1419 2105; x_wconf 87' lang='lat' dir='ltr'><strong>tulisse,</strong></span> <span class='ocrx_word' id='word_1_255' title='bbox 1447 2056 1568 2111; x_wconf 74' lang='lat' dir='ltr'><strong>qua:</strong></span> <span class='ocrx_word' id='word_1_256' title='bbox 1589 2042 1657 2098; x_wconf 94' lang='lat' dir='ltr'><strong>ad</strong></span> <span class='ocrx_word' id='word_1_257' title='bbox 1677 2042 1860 2100; x_wconf 87' lang='lat' dir='ltr'><strong>varios</strong></span> <span class='ocrx_word' id='word_1_258' title='bbox 1895 2045 2104 2100; x_wconf 86' lang='lat' dir='ltr'><strong>directa</strong></span> 
     </span>
    </p>
   </div>
   <div class='ocr_carea' id='block_1_36' title="bbox 521 2130 2106 2205">
    <p class='ocr_par' dir='ltr' id='par_1_36' title="bbox 521 2130 2106 2205">
     <span class='ocr_line' id='line_1_36' title="bbox 521 2130 2106 2205; baseline 0.003 -18"><span class='ocrx_word' id='word_1_259' title='bbox 521 2131 763 2187; x_wconf 74' lang='lat' dir='ltr'><strong>videtur.</strong></span> <span class='ocrx_word' id='word_1_260' title='bbox 800 2130 937 2198; x_wconf 85' lang='lat' dir='ltr'><strong>Quis</strong></span> <span class='ocrx_word' id='word_1_261' title='bbox 965 2130 1108 2187; x_wconf 84' lang='lat' dir='ltr'><strong>Beda</strong></span> <span class='ocrx_word' id='word_1_262' title='bbox 1138 2130 1432 2205; x_wconf 82' lang='lat' dir='ltr'><strong>episcopus</strong></span> <span class='ocrx_word' id='word_1_263' title='bbox 1462 2133 1661 2199; x_wconf 86' lang='lat' dir='ltr'><strong>fuerit,</strong></span> <span class='ocrx_word' id='word_1_264' title='bbox 1701 2135 1788 2190; x_wconf 93' lang='lat' dir='ltr'><strong>cui</strong></span> <span class='ocrx_word' id='word_1_265' title='bbox 1829 2134 1954 2191; x_wconf 91' lang='lat' dir='ltr'><strong>cod.</strong></span> <span class='ocrx_word' id='word_1_266' title='bbox 1997 2135 2106 2192; x_wconf 86' lang='lat' dir='ltr'><strong>Co-</strong></span> 
     </span>
    </p>
   </div>
   <div class='ocr_carea' id='block_1_37' title="bbox 523 2219 2105 2298">
    <p class='ocr_par' dir='ltr' id='par_1_37' title="bbox 523 2219 2105 2298">
     <span class='ocr_line' id='line_1_37' title="bbox 523 2219 2105 2298; baseline 0.003 -21"><span class='ocrx_word' id='word_1_267' title='bbox 523 2219 723 2288; x_wconf 89' lang='lat' dir='ltr'><strong>lumn.,</strong></span> <span class='ocrx_word' id='word_1_268' title='bbox 751 2224 875 2293; x_wconf 91' lang='lat' dir='ltr'><strong>quis</strong></span> <span class='ocrx_word' id='word_1_269' title='bbox 904 2222 1202 2288; x_wconf 85' lang='lat' dir='ltr'><strong>Eusebius,</strong></span> <span class='ocrx_word' id='word_1_270' title='bbox 1238 2225 1327 2279; x_wconf 91' lang='lat' dir='ltr'><strong>cui</strong></span> <span class='ocrx_word' id='word_1_271' title='bbox 1354 2224 1561 2280; x_wconf 86' lang='lat' dir='ltr'><strong>Beecus</strong></span> <span class='ocrx_word' id='word_1_272' title='bbox 1588 2225 1787 2281; x_wconf 91' lang='lat' dir='ltr'><strong>librum</strong></span> <span class='ocrx_word' id='word_1_273' title='bbox 1816 2242 2105 2298; x_wconf 81' lang='lat' dir='ltr'><strong>nuncupa-</strong></span> 
     </span>
    </p>
   </div>
   <div class='ocr_carea' id='block_1_38' title="bbox 522 2306 2105 2390">
    <p class='ocr_par' dir='ltr' id='par_1_38' title="bbox 522 2306 2105 2390">
     <span class='ocr_line' id='line_1_38' title="bbox 522 2306 2105 2390; baseline 0.003 -21"><span class='ocrx_word' id='word_1_274' title='bbox 522 2322 638 2369; x_wconf 86' lang='lat' dir='ltr'><strong>tum</strong></span> <span class='ocrx_word' id='word_1_275' title='bbox 674 2306 1206 2386; x_wconf 69' lang='lat' dir='ltr'><strong>dicit,&#39;ignoramus.</strong></span> <span class='ocrx_word' id='word_1_276' title='bbox 1234 2316 1391 2383; x_wconf 83' lang='lat' dir='ltr'><strong>Quod</strong></span> <span class='ocrx_word' id='word_1_277' title='bbox 1419 2317 1488 2377; x_wconf 84' lang='lat' dir='ltr'><strong>ad</strong></span> <span class='ocrx_word' id='word_1_278' title='bbox 1531 2317 1826 2373; x_wconf 86' lang='lat' dir='ltr'><strong>dictionem</strong></span> <span class='ocrx_word' id='word_1_279' title='bbox 1871 2328 2105 2390; x_wconf 87' lang='lat' dir='ltr'><strong>spectat,</strong></span> 
     </span>
    </p>
   </div>
   <div class='ocr_carea' id='block_1_39' title="bbox 521 2408 2107 2477">
    <p class='ocr_par' dir='ltr' id='par_1_39' title="bbox 521 2408 2107 2477">
     <span class='ocr_line' id='line_1_39' title="bbox 521 2408 2107 2477; baseline 0.003 -14"><span class='ocrx_word' id='word_1_280' title='bbox 521 2408 685 2463; x_wconf 89' lang='lat' dir='ltr'><strong>modo</strong></span> <span class='ocrx_word' id='word_1_281' title='bbox 731 2423 795 2464; x_wconf 89' lang='lat' dir='ltr'><strong>ea</strong></span> <span class='ocrx_word' id='word_1_282' title='bbox 843 2408 1255 2464; x_wconf 87' lang='lat' dir='ltr'><strong>dialecticorum</strong></span> <span class='ocrx_word' id='word_1_283' title='bbox 1302 2410 1478 2464; x_wconf 89' lang='lat' dir='ltr'><strong>instar</strong></span> <span class='ocrx_word' id='word_1_284' title='bbox 1510 2411 1730 2465; x_wconf 89' lang='lat' dir='ltr'><strong>concisa</strong></span> <span class='ocrx_word' id='word_1_285' title='bbox 1768 2419 1881 2477; x_wconf 80' lang='lat' dir='ltr'><strong>est,</strong></span> <span class='ocrx_word' id='word_1_286' title='bbox 1944 2411 2107 2467; x_wconf 93' lang='lat' dir='ltr'><strong>modo</strong></span> 
     </span>
    </p>
   </div>
   <div class='ocr_carea' id='block_1_40' title="bbox 520 2499 2106 2575">
    <p class='ocr_par' dir='ltr' id='par_1_40' title="bbox 520 2499 2106 2575">
     <span class='ocr_line' id='line_1_40' title="bbox 520 2499 2106 2575; baseline 0.002 -20"><span class='ocrx_word' id='word_1_287' title='bbox 520 2499 811 2557; x_wconf 86' lang='lat' dir='ltr'><strong>rhetoricis</strong></span> <span class='ocrx_word' id='word_1_288' title='bbox 842 2511 1034 2564; x_wconf 62' lang='lat' dir='ltr'><strong>wnata</strong></span> <span class='ocrx_word' id='word_1_289' title='bbox 1064 2501 1313 2566; x_wconf 87' lang='lat' dir='ltr'><strong>fioribus,</strong></span> <span class='ocrx_word' id='word_1_290' title='bbox 1344 2502 1620 2559; x_wconf 85' lang='lat' dir='ltr'><strong>interdum</strong></span> <span class='ocrx_word' id='word_1_291' title='bbox 1643 2503 1886 2575; x_wconf 79' lang='lat' dir='ltr'><strong>elegans,</strong></span> <span class='ocrx_word' id='word_1_292' title='bbox 1920 2504 2106 2560; x_wconf 89' lang='lat' dir='ltr'><strong>rudior</strong></span> 
     </span>
    </p>
   </div>
   <div class='ocr_carea' id='block_1_41' title="bbox 520 2595 2103 2671">
    <p class='ocr_par' dir='ltr' id='par_1_41' title="bbox 520 2595 2103 2671">
     <span class='ocr_line' id='line_1_41' title="bbox 520 2595 2103 2671; baseline 0.002 -20"><span class='ocrx_word' id='word_1_293' title='bbox 520 2595 677 2659; x_wconf 83' lang='lat' dir='ltr'><strong>alias,</strong></span> <span class='ocrx_word' id='word_1_294' title='bbox 708 2595 958 2651; x_wconf 70' lang='lat' dir='ltr'><strong>aﬂectata</strong></span> <span class='ocrx_word' id='word_1_295' title='bbox 988 2611 1153 2667; x_wconf 72' lang='lat' dir='ltr'><strong>saepe,</strong></span> <span class='ocrx_word' id='word_1_296' title='bbox 1183 2598 1277 2652; x_wconf 91' lang='lat' dir='ltr'><strong>sed</strong></span> <span class='ocrx_word' id='word_1_297' title='bbox 1306 2599 1628 2668; x_wconf 90' lang='lat' dir='ltr'><strong>plerumque</strong></span> <span class='ocrx_word' id='word_1_298' title='bbox 1649 2600 1940 2670; x_wconf 88' lang='lat' dir='ltr'><strong>perspicua</strong></span> <span class='ocrx_word' id='word_1_299' title='bbox 1967 2601 2103 2671; x_wconf 86' lang='lat'><strong>(11),</strong></span> 
     </span>
    </p>
   </div>
   <div class='ocr_carea' id='block_1_42' title="bbox 519 2689 2107 2763">
    <p class='ocr_par' dir='ltr' id='par_1_42' title="bbox 519 2689 2107 2763">
     <span class='ocr_line' id='line_1_42' title="bbox 519 2689 2107 2763; baseline 0.004 -19"><span class='ocrx_word' id='word_1_300' title='bbox 519 2704 802 2760; x_wconf 85' lang='lat' dir='ltr'><strong>nunquam</strong></span> <span class='ocrx_word' id='word_1_301' title='bbox 830 2691 945 2745; x_wconf 88' lang='lat' dir='ltr'><strong>fere</strong></span> <span class='ocrx_word' id='word_1_302' title='bbox 975 2689 1127 2763; x_wconf 76' lang='lat'><strong>[155]</strong></span> <span class='ocrx_word' id='word_1_303' title='bbox 1161 2693 1379 2762; x_wconf 85' lang='lat' dir='ltr'><strong>penitus</strong></span> <span class='ocrx_word' id='word_1_304' title='bbox 1406 2695 1516 2748; x_wconf 89' lang='lat' dir='ltr'><strong>sale</strong></span> <span class='ocrx_word' id='word_1_305' title='bbox 1541 2694 1819 2749; x_wconf 87' lang='lat' dir='ltr'><strong>destituta.</strong></span> <span class='ocrx_word' id='word_1_306' title='bbox 1856 2692 2107 2751; x_wconf 87' lang='lat' dir='ltr'><strong>Ostendit</strong></span> 
     </span>
    </p>
   </div>
   <div class='ocr_carea' id='block_1_43' title="bbox 521 2781 2105 2855">
    <p class='ocr_par' dir='ltr' id='par_1_43' title="bbox 521 2781 2105 2855">
     <span class='ocr_line' id='line_1_43' title="bbox 521 2781 2105 2855; baseline 0.003 -18"><span class='ocrx_word' id='word_1_307' title='bbox 521 2789 823 2849; x_wconf 88' lang='lat' dir='ltr'><strong>auctorem,</strong></span> <span class='ocrx_word' id='word_1_308' title='bbox 857 2781 951 2852; x_wconf 86' lang='lat' dir='ltr'><strong>qui</strong></span> <span class='ocrx_word' id='word_1_309' title='bbox 1001 2784 1172 2837; x_wconf 90' lang='lat' dir='ltr'><strong>multa</strong></span> <span class='ocrx_word' id='word_1_310' title='bbox 1208 2784 1442 2855; x_wconf 84' lang='lat' dir='ltr'><strong>legerat.</strong></span> <span class='ocrx_word' id='word_1_311' title='bbox 1488 2800 1557 2838; x_wconf 78' lang='lat' dir='ltr'><strong>ex</strong></span> <span class='ocrx_word' id='word_1_312' title='bbox 1592 2785 1776 2839; x_wconf 91' lang='lat' dir='ltr'><strong>multis</strong></span> <span class='ocrx_word' id='word_1_313' title='bbox 1830 2785 2105 2841; x_wconf 80' lang='lat' dir='ltr'><strong>variorum</strong></span> 
     </span>
    </p>
   </div>
   <div class='ocr_carea' id='block_1_44' title="bbox 522 2876 2107 2947">
    <p class='ocr_par' dir='ltr' id='par_1_44' title="bbox 522 2876 2107 2947">
     <span class='ocr_line' id='line_1_44' title="bbox 522 2876 2107 2947; baseline 0.001 -17"><span class='ocrx_word' id='word_1_314' title='bbox 522 2884 828 2945; x_wconf 89' lang='lat' dir='ltr'><strong>temporum</strong></span> <span class='ocrx_word' id='word_1_315' title='bbox 861 2876 1177 2931; x_wconf 85' lang='lat' dir='ltr'><strong>auctoribus</strong></span> <span class='ocrx_word' id='word_1_316' title='bbox 1205 2878 1401 2947; x_wconf 84' lang='lat' dir='ltr'><strong>stylum</strong></span> <span class='ocrx_word' id='word_1_317' title='bbox 1433 2877 1536 2931; x_wconf 70' lang='lat' dir='ltr'><strong>subi</strong></span> <span class='ocrx_word' id='word_1_318' title='bbox 1572 2876 1851 2931; x_wconf 86' lang='lat' dir='ltr'><strong>formarat.</strong></span> <span class='ocrx_word' id='word_1_319' title='bbox 1892 2878 2107 2933; x_wconf 84' lang='lat' dir='ltr'><strong>Acriter</strong></span> 
     </span>
    </p>
   </div>
   <div class='ocr_carea' id='block_1_45' title="bbox 522 2969 2107 3044">
    <p class='ocr_par' dir='ltr' id='par_1_45' title="bbox 522 2969 2107 3044">
     <span class='ocr_line' id='line_1_45' title="bbox 522 2969 2107 3044; baseline 0.003 -23"><span class='ocrx_word' id='word_1_320' title='bbox 522 2969 749 3024; x_wconf 90' lang='lat' dir='ltr'><strong>omnino</strong></span> <span class='ocrx_word' id='word_1_321' title='bbox 785 2969 1012 3024; x_wconf 88' lang='lat' dir='ltr'><strong>Latinos</strong></span> <span class='ocrx_word' id='word_1_322' title='bbox 1053 2970 1369 3025; x_wconf 83' lang='lat' dir='ltr'><strong>insectatur.</strong></span> <span class='ocrx_word' id='word_1_323' title='bbox 1405 2973 1638 3025; x_wconf 79' lang='lat' dir='ltr'><strong>Accusat</strong></span> <span class='ocrx_word' id='word_1_324' title='bbox 1670 2986 1764 3025; x_wconf 87' lang='lat' dir='ltr'><strong>eos</strong></span> <span class='ocrx_word' id='word_1_325' title='bbox 1804 2980 1919 3025; x_wconf 90' lang='lat' dir='ltr'><strong>tum</strong></span> <span class='ocrx_word' id='word_1_326' title='bbox 1951 2972 2107 3044; x_wconf 84' lang='lat' dir='ltr'><strong>igno-</strong></span> 
     </span>
    </p>
   </div>
   <div class='ocr_carea' id='block_1_46' title="bbox 527 3060 2104 3129">
    <p class='ocr_par' dir='ltr' id='par_1_46' title="bbox 527 3060 2104 3129">
     <span class='ocr_line' id='line_1_46' title="bbox 527 3060 2104 3129; baseline 0.003 -15"><span class='ocrx_word' id='word_1_327' title='bbox 527 3060 740 3125; x_wconf 65' lang='lat' dir='ltr'><strong>rantiaz,</strong></span> <span class='ocrx_word' id='word_1_328' title='bbox 767 3061 990 3122; x_wconf 88' lang='lat' dir='ltr'><strong>erroris.</strong></span> <span class='ocrx_word' id='word_1_329' title='bbox 1017 3062 1282 3124; x_wconf 63' lang='lat' dir='ltr'><strong>stultitim,</strong></span> <span class='ocrx_word' id='word_1_330' title='bbox 1308 3063 1552 3126; x_wconf 74' lang='lat' dir='ltr'><strong>insaniae,</strong></span> <span class='ocrx_word' id='word_1_331' title='bbox 1599 3063 1856 3125; x_wconf 63' lang='lat' dir='ltr'><strong>vesania},</strong></span> <span class='ocrx_word' id='word_1_332' title='bbox 1880 3063 2104 3129; x_wconf 86' lang='lat' dir='ltr'><strong>furoris,</strong></span> 
     </span>
    </p>
   </div>
   <div class='ocr_carea' id='block_1_47' title="bbox 500 3155 2105 3225">
    <p class='ocr_par' dir='ltr' id='par_1_47' title="bbox 500 3155 2105 3225">
     <span class='ocr_line' id='line_1_47' title="bbox 500 3155 2105 3225; baseline 0.002 -18"><span class='ocrx_word' id='word_1_333' title='bbox 500 3160 639 3209; x_wconf 83' lang='lat' dir='ltr'><strong>tum</strong></span> <span class='ocrx_word' id='word_1_334' title='bbox 674 3155 1018 3219; x_wconf 90' lang='lat' dir='ltr'><strong>temeritatis,</strong></span> <span class='ocrx_word' id='word_1_335' title='bbox 1060 3156 1322 3221; x_wconf 73' lang='lat' dir='ltr'><strong>nudat-ite,</strong></span> <span class='ocrx_word' id='word_1_336' title='bbox 1368 3155 1740 3225; x_wconf 53' lang='lat' dir='ltr'><strong>impudentia,</strong></span> <span class='ocrx_word' id='word_1_337' title='bbox 1784 3164 1898 3210; x_wconf 89' lang='lat' dir='ltr'><strong>tum</strong></span> <span class='ocrx_word' id='word_1_338' title='bbox 1932 3157 2105 3211; x_wconf 70' lang='lat' dir='ltr'><strong>inere-</strong></span> 
     </span>
    </p>
   </div>
   <div class='ocr_carea' id='block_1_48' title="bbox 2203 2039 3792 2115">
    <p class='ocr_par' dir='ltr' id='par_1_48' title="bbox 2203 2039 3792 2115">
     <span class='ocr_line' id='line_1_48' title="bbox 2203 2039 3792 2115; baseline -0.003 -17"><span class='ocrx_word' id='word_1_339' title='bbox 2203 2044 2348 2115; x_wconf 90' lang='lat' dir='ltr'><strong>quod</strong></span> <span class='ocrx_word' id='word_1_340' title='bbox 2374 2044 2441 2099; x_wconf 87' lang='lat' dir='ltr'><strong>ad</strong></span> <span class='ocrx_word' id='word_1_341' title='bbox 2467 2044 2610 2099; x_wconf 83' lang='lat' dir='ltr'><strong>hanc</strong></span> <span class='ocrx_word' id='word_1_342' title='bbox 2635 2044 2995 2112; x_wconf 66' lang='lat' dir='ltr'><strong>quaestionem</strong></span> <span class='ocrx_word' id='word_1_343' title='bbox 3023 2042 3315 2099; x_wconf 87' lang='lat' dir='ltr'><strong>referatur.</strong></span> <span class='ocrx_word' id='word_1_344' title='bbox 3349 2039 3792 2111; x_wconf 83' lang='lat' dir='ltr'><strong>Theophylactus</strong></span> 
     </span>
    </p>
   </div>
   <div class='ocr_carea' id='block_1_49' title="bbox 2206 2131 3791 2208">
    <p class='ocr_par' dir='ltr' id='par_1_49' title="bbox 2206 2131 3791 2208">
     <span class='ocr_line' id='line_1_49' title="bbox 2206 2131 3791 2208; baseline -0.004 -17"><span class='ocrx_word' id='word_1_345' title='bbox 2206 2137 2345 2208; x_wconf 91' lang='lat' dir='ltr'><strong>(not.</strong></span> <span class='ocrx_word' id='word_1_346' title='bbox 2381 2135 2453 2192; x_wconf 75' lang='grc'><strong>52</strong></span> <span class='ocrx_word' id='word_1_347' title='bbox 2470 2137 2537 2192; x_wconf 91' lang='lat' dir='ltr'><strong>ad</strong></span> <span class='ocrx_word' id='word_1_348' title='bbox 2557 2151 2676 2207; x_wconf 89' lang='lat' dir='ltr'><strong>cap.</strong></span> <span class='ocrx_word' id='word_1_349' title='bbox 2694 2136 2783 2208; x_wconf 86' lang='lat'><strong>60)</strong></span> <span class='ocrx_word' id='word_1_350' title='bbox 2800 2135 3003 2205; x_wconf 86' lang='lat' dir='ltr'><strong>aliique</strong></span> <span class='ocrx_word' id='word_1_351' title='bbox 3020 2134 3349 2204; x_wconf 81' lang='lat' dir='ltr'><strong>posteriores</strong></span> <span class='ocrx_word' id='word_1_352' title='bbox 3370 2131 3549 2187; x_wconf 63' lang='grc' dir='ltr'><strong>(ἕτεσί</strong></span> <span class='ocrx_word' id='word_1_353' title='bbox 3584 2140 3791 2185; x_wconf 64' lang='lat' dir='ltr'><strong>utram</strong></span> 
     </span>
    </p>
   </div>
   <div class='ocr_carea' id='block_1_50' title="bbox 2205 2224 3791 2302">
    <p class='ocr_par' dir='ltr' id='par_1_50' title="bbox 2205 2224 3791 2302">
     <span class='ocr_line' id='line_1_50' title="bbox 2205 2224 3791 2302; baseline -0.004 -19"><span class='ocrx_word' id='word_1_354' title='bbox 2205 2245 2312 2302; x_wconf 85' lang='lat' dir='ltr'><strong>que</strong></span> <span class='ocrx_word' id='word_1_355' title='bbox 2337 2229 2605 2284; x_wconf 86' lang='lat' dir='ltr'><strong>rationem</strong></span> <span class='ocrx_word' id='word_1_356' title='bbox 2624 2269 2640 2293; x_wconf 93' lang='lat'><strong>,</strong></span> <span class='ocrx_word' id='word_1_357' title='bbox 2687 2227 3315 2285; x_wconf 71' lang='lat' dir='ltr'><strong>consubsmntialitatem</strong></span> <span class='ocrx_word' id='word_1_358' title='bbox 3349 2241 3415 2281; x_wconf 87' lang='lat' dir='ltr'><strong>ac</strong></span> <span class='ocrx_word' id='word_1_359' title='bbox 3444 2224 3791 2287; x_wconf 83' lang='lat' dir='ltr'><strong>missionem,</strong></span> 
     </span>
    </p>
   </div>
   <div class='ocr_carea' id='block_1_51' title="bbox 2204 2315 3791 2395">
    <p class='ocr_par' dir='ltr' id='par_1_51' title="bbox 2204 2315 3791 2395">
     <span class='ocr_line' id='line_1_51' title="bbox 2204 2315 3791 2395; baseline -0.004 -16"><span class='ocrx_word' id='word_1_360' title='bbox 2204 2324 2383 2379; x_wconf 82' lang='lat' dir='ltr'><strong>solent</strong></span> <span class='ocrx_word' id='word_1_361' title='bbox 2407 2322 2771 2395; x_wconf 84' lang='lat' dir='ltr'><strong>conjungere,</strong></span> <span class='ocrx_word' id='word_1_362' title='bbox 2808 2330 2864 2376; x_wconf 93' lang='lat' dir='ltr'><strong>et</strong></span> <span class='ocrx_word' id='word_1_363' title='bbox 2896 2320 3221 2392; x_wconf 86' lang='lat' dir='ltr'><strong>propositio,</strong></span> <span class='ocrx_word' id='word_1_364' title='bbox 3263 2334 3369 2390; x_wconf 88' lang='lat' dir='ltr'><strong>qua</strong></span> <span class='ocrx_word' id='word_1_365' title='bbox 3394 2319 3643 2389; x_wconf 86' lang='lat' dir='ltr'><strong>Spiritus</strong></span> <span class='ocrx_word' id='word_1_366' title='bbox 3676 2315 3791 2372; x_wconf 84' lang='lat' dir='ltr'><strong>Filii</strong></span> 
     </span>
    </p>
   </div>
   <div class='ocr_carea' id='block_1_52' title="bbox 2209 2410 3794 2488">
    <p class='ocr_par' dir='ltr' id='par_1_52' title="bbox 2209 2410 3794 2488">
     <span class='ocr_line' id='line_1_52' title="bbox 2209 2410 3794 2488; baseline -0.005 -16"><span class='ocrx_word' id='word_1_367' title='bbox 2209 2415 2445 2487; x_wconf 89' lang='lat' dir='ltr'><strong>Spiritus</strong></span> <span class='ocrx_word' id='word_1_368' title='bbox 2471 2414 2625 2488; x_wconf 78' lang='lat'><strong>[156]</strong></span> <span class='ocrx_word' id='word_1_369' title='bbox 2653 2415 2761 2471; x_wconf 92' lang='lat' dir='ltr'><strong>dici</strong></span> <span class='ocrx_word' id='word_1_370' title='bbox 2786 2416 2858 2470; x_wconf 86' lang='lat' dir='ltr'><strong>ob</strong></span> <span class='ocrx_word' id='word_1_371' title='bbox 2881 2414 3198 2470; x_wconf 87' lang='lat' dir='ltr'><strong>missionem</strong></span> <span class='ocrx_word' id='word_1_372' title='bbox 3222 2413 3545 2477; x_wconf 76' lang='lat' dir='ltr'><strong>afﬁrmatur,</strong></span> <span class='ocrx_word' id='word_1_373' title='bbox 3570 2410 3794 2466; x_wconf 86' lang='lat' dir='ltr'><strong>minime</strong></span> 
     </span>
    </p>
   </div>
   <div class='ocr_carea' id='block_1_53' title="bbox 2204 2502 3792 2578">
    <p class='ocr_par' dir='ltr' id='par_1_53' title="bbox 2204 2502 3792 2578">
     <span class='ocr_line' id='line_1_53' title="bbox 2204 2502 3792 2578; baseline -0.003 -17"><span class='ocrx_word' id='word_1_374' title='bbox 2204 2524 2237 2561; x_wconf 72' lang='grc' dir='ltr'>ι</span> <span class='ocrx_word' id='word_1_375' title='bbox 2283 2518 2465 2564; x_wconf 82' lang='lat' dir='ltr'><strong>mente</strong></span> <span class='ocrx_word' id='word_1_376' title='bbox 2490 2507 2672 2564; x_wconf 88' lang='lat' dir='ltr'><strong>Photii</strong></span> <span class='ocrx_word' id='word_1_377' title='bbox 2713 2507 2993 2572; x_wconf 87' lang='lat' dir='ltr'><strong>abhorret,</strong></span> <span class='ocrx_word' id='word_1_378' title='bbox 3027 2506 3117 2576; x_wconf 90' lang='lat' dir='ltr'><strong>qui</strong></span> <span class='ocrx_word' id='word_1_379' title='bbox 3160 2506 3302 2578; x_wconf 89' lang='lat' dir='ltr'><strong>(cap.</strong></span> <span class='ocrx_word' id='word_1_380' title='bbox 3334 2504 3427 2575; x_wconf 86' lang='lat'><strong>91)</strong></span> <span class='ocrx_word' id='word_1_381' title='bbox 3462 2502 3792 2574; x_wconf 82' lang='lat' dir='ltr'><strong>multiplices</strong></span> 
     </span>
    </p>
   </div>
   <div class='ocr_carea' id='block_1_54' title="bbox 2208 2596 3795 2672">
    <p class='ocr_par' dir='ltr' id='par_1_54' title="bbox 2208 2596 3795 2672">
     <span class='ocr_line' id='line_1_54' title="bbox 2208 2596 3795 2672; baseline -0.004 -16"><span class='ocrx_word' id='word_1_382' title='bbox 2208 2602 2373 2672; x_wconf 88' lang='lat' dir='ltr'><strong>hujus</strong></span> <span class='ocrx_word' id='word_1_383' title='bbox 2424 2601 2557 2656; x_wconf 88' lang='lat' dir='ltr'><strong>dicti</strong></span> <span class='ocrx_word' id='word_1_384' title='bbox 2623 2599 2863 2655; x_wconf 83' lang='lat' dir='ltr'><strong>rationes</strong></span> <span class='ocrx_word' id='word_1_385' title='bbox 2928 2598 3195 2670; x_wconf 87' lang='lat' dir='ltr'><strong>assignari</strong></span> <span class='ocrx_word' id='word_1_386' title='bbox 3250 2612 3411 2669; x_wconf 86' lang='lat' dir='ltr'><strong>posse</strong></span> <span class='ocrx_word' id='word_1_387' title='bbox 3472 2596 3683 2659; x_wconf 88' lang='lat' dir='ltr'><strong>tradit,</strong></span> <span class='ocrx_word' id='word_1_388' title='bbox 3736 2610 3795 2650; x_wconf 87' lang='lat' dir='ltr'><strong>ac</strong></span> 
     </span>
    </p>
   </div>
   <div class='ocr_carea' id='block_1_55' title="bbox 2211 2690 3796 2767">
    <p class='ocr_par' dir='ltr' id='par_1_55' title="bbox 2211 2690 3796 2767">
     <span class='ocr_line' id='line_1_55' title="bbox 2211 2690 3796 2767; baseline -0.006 -17"><span class='ocrx_word' id='word_1_389' title='bbox 2211 2700 2281 2767; x_wconf 89' lang='lat' dir='ltr'><strong>(c.</strong></span> <span class='ocrx_word' id='word_1_390' title='bbox 2311 2695 2402 2766; x_wconf 91' lang='lat'><strong>85)</strong></span> <span class='ocrx_word' id='word_1_391' title='bbox 2442 2694 2683 2750; x_wconf 85' lang='lat' dir='ltr'><strong>breviter</strong></span> <span class='ocrx_word' id='word_1_392' title='bbox 2707 2701 2765 2749; x_wconf 91' lang='lat' dir='ltr'><strong>et</strong></span> <span class='ocrx_word' id='word_1_393' title='bbox 2793 2692 2927 2748; x_wconf 89' lang='lat' dir='ltr'><strong>illud</strong></span> <span class='ocrx_word' id='word_1_394' title='bbox 2960 2692 3154 2762; x_wconf 84' lang='lat' dir='ltr'><strong>tangit,</strong></span> <span class='ocrx_word' id='word_1_395' title='bbox 3176 2691 3322 2762; x_wconf 92' lang='lat' dir='ltr'><strong>quod</strong></span> <span class='ocrx_word' id='word_1_396' title='bbox 3353 2690 3528 2746; x_wconf 84' lang='lat' dir='ltr'><strong>Filius</strong></span> <span class='ocrx_word' id='word_1_397' title='bbox 3549 2692 3796 2743; x_wconf 66' lang='lat' dir='ltr'><strong>mittatur</strong></span> 
     </span>
    </p>
   </div>
   <div class='ocr_carea' id='block_1_56' title="bbox 2205 2787 2713 2857">
    <p class='ocr_par' dir='ltr' id='par_1_56' title="bbox 2205 2787 2713 2857">
     <span class='ocr_line' id='line_1_56' title="bbox 2205 2787 2713 2857; baseline -0.004 -14"><span class='ocrx_word' id='word_1_398' title='bbox 2205 2802 2236 2843; x_wconf 87' lang='lat' dir='ltr'><strong>a</strong></span> <span class='ocrx_word' id='word_1_399' title='bbox 2264 2787 2471 2857; x_wconf 88' lang='lat' dir='ltr'><strong>Spiritu</strong></span> <span class='ocrx_word' id='word_1_400' title='bbox 2502 2796 2713 2841; x_wconf 88' lang='lat' dir='ltr'><strong>sancto.</strong></span> 
     </span>
    </p>
   </div>
   <div class='ocr_carea' id='block_1_57' title="bbox 2280 2874 3795 2949">
    <p class='ocr_par' dir='ltr' id='par_1_57' title="bbox 2280 2874 3795 2949">
     <span class='ocr_line' id='line_1_57' title="bbox 2280 2874 3795 2949; baseline -0.003 -16"><span class='ocrx_word' id='word_1_401' title='bbox 2280 2880 2369 2935; x_wconf 89' lang='lat'><strong>10.</strong></span> <span class='ocrx_word' id='word_1_402' title='bbox 2416 2879 2494 2933; x_wconf 79' lang='lat' dir='ltr'><strong>De</strong></span> <span class='ocrx_word' id='word_1_403' title='bbox 2527 2877 2761 2949; x_wconf 83' lang='lat' dir='ltr'><strong>Spiritus</strong></span> <span class='ocrx_word' id='word_1_404' title='bbox 2791 2878 2968 2931; x_wconf 76' lang='lat' dir='ltr'><strong>sancti</strong></span> <span class='ocrx_word' id='word_1_405' title='bbox 3002 2877 3330 2947; x_wconf 80' lang='lat' dir='ltr'><strong>mystagogia</strong></span> <span class='ocrx_word' id='word_1_406' title='bbox 3369 2874 3575 2930; x_wconf 87' lang='lat' dir='ltr'><strong>librum</strong></span> <span class='ocrx_word' id='word_1_407' title='bbox 3606 2874 3795 2930; x_wconf 83' lang='lat' dir='ltr'><strong>inscri-</strong></span> 
     </span>
    </p>
   </div>
   <div class='ocr_carea' id='block_1_58' title="bbox 2206 2968 3793 3042">
    <p class='ocr_par' dir='ltr' id='par_1_58' title="bbox 2206 2968 3793 3042">
     <span class='ocr_line' id='line_1_58' title="bbox 2206 2968 3793 3042; baseline -0.003 -16"><span class='ocrx_word' id='word_1_408' title='bbox 2206 2980 2362 3042; x_wconf 91' lang='lat' dir='ltr'><strong>ptum</strong></span> <span class='ocrx_word' id='word_1_409' title='bbox 2412 2971 2584 3025; x_wconf 89' lang='lat' dir='ltr'><strong>voluit</strong></span> <span class='ocrx_word' id='word_1_410' title='bbox 2624 2968 2875 3025; x_wconf 86' lang='lat' dir='ltr'><strong>Photius.</strong></span> <span class='ocrx_word' id='word_1_411' title='bbox 2904 2968 3239 3024; x_wconf 78' lang='lat' dir='ltr'><strong>Vocabulum</strong></span> <span class='ocrx_word' id='word_1_412' title='bbox 3281 2970 3387 3024; x_wconf 90' lang='lat' dir='ltr'><strong>hoc</strong></span> <span class='ocrx_word' id='word_1_413' title='bbox 3424 2968 3671 3023; x_wconf 81' lang='lat' dir='ltr'><strong>maxime</strong></span> <span class='ocrx_word' id='word_1_414' title='bbox 3701 2969 3793 3039; x_wconf 88' lang='lat' dir='ltr'><strong>ipsi</strong></span> 
     </span>
    </p>
   </div>
   <div class='ocr_carea' id='block_1_59' title="bbox 2208 3062 3795 3136">
    <p class='ocr_par' dir='ltr' id='par_1_59' title="bbox 2208 3062 3795 3136">
     <span class='ocr_line' id='line_1_59' title="bbox 2208 3062 3795 3136; baseline -0.002 -17"><span class='ocrx_word' id='word_1_415' title='bbox 2208 3064 2475 3119; x_wconf 84' lang='lat' dir='ltr'><strong>familiare</strong></span> <span class='ocrx_word' id='word_1_416' title='bbox 2514 3064 2653 3136; x_wconf 86' lang='lat' dir='ltr'><strong>(l2),</strong></span> <span class='ocrx_word' id='word_1_417' title='bbox 2700 3079 2809 3118; x_wconf 88' lang='lat' dir='ltr'><strong>non</strong></span> <span class='ocrx_word' id='word_1_418' title='bbox 2849 3079 3009 3119; x_wconf 88' lang='lat' dir='ltr'><strong>secus</strong></span> <span class='ocrx_word' id='word_1_419' title='bbox 3052 3079 3117 3118; x_wconf 91' lang='lat' dir='ltr'><strong>ac</strong></span> <span class='ocrx_word' id='word_1_420' title='bbox 3168 3064 3557 3134; x_wconf 80' lang='grc' dir='ltr'><strong>μυσταγωγετν</strong></span> <span class='ocrx_word' id='word_1_421' title='bbox 3600 3062 3717 3133; x_wconf 77' lang='grc'><strong>(15)</strong></span> <span class='ocrx_word' id='word_1_422' title='bbox 3744 3068 3795 3116; x_wconf 87' lang='lat' dir='ltr'><strong>et</strong></span> 
     </span>
    </p>
   </div>
   <div class='ocr_carea' id='block_1_60' title="bbox 2214 3153 3796 3227">
    <p class='ocr_par' dir='ltr' id='par_1_60' title="bbox 2214 3153 3796 3227">
     <span class='ocr_line' id='line_1_60' title="bbox 2214 3153 3796 3227; baseline -0.003 -18"><span class='ocrx_word' id='word_1_423' title='bbox 2214 3155 2573 3226; x_wconf 79' lang='grc' dir='ltr'><strong>μυσταγωγός</strong></span> <span class='ocrx_word' id='word_1_424' title='bbox 2601 3197 2617 3221; x_wconf 92' lang='grc'>,</span> <span class='ocrx_word' id='word_1_425' title='bbox 2661 3156 2860 3211; x_wconf 84' lang='lat' dir='ltr'><strong>Paulus</strong></span> <span class='ocrx_word' id='word_1_426' title='bbox 2888 3173 2942 3210; x_wconf 76' lang='grc' dir='ltr'><strong>ν.</strong></span> <span class='ocrx_word' id='word_1_427' title='bbox 2984 3172 3065 3227; x_wconf 83' lang='lat' dir='ltr'><strong>gr.</strong></span> <span class='ocrx_word' id='word_1_428' title='bbox 3114 3156 3393 3225; x_wconf 90' lang='lat' dir='ltr'><strong>apostolus</strong></span> <span class='ocrx_word' id='word_1_429' title='bbox 3441 3153 3663 3225; x_wconf 82' lang='grc' dir='ltr'><strong>μύστης</strong></span> <span class='ocrx_word' id='word_1_430' title='bbox 3708 3153 3796 3205; x_wconf 73' lang='grc' dir='ltr'><strong>καὶ</strong></span> 
     </span>
    </p>
   </div>
   <div class='ocr_carea' id='block_1_61' title="bbox 524 3244 2107 3327">
    <p class='ocr_par' dir='ltr' id='par_1_61' title="bbox 524 3246 2101 3318">
     <span class='ocr_line' id='line_1_61' title="bbox 524 3246 2101 3318; baseline 0.001 -18"><span class='ocrx_word' id='word_1_431' title='bbox 524 3261 668 3311; x_wconf 89' lang='lat' dir='ltr'><strong>seos,</strong></span> <span class='ocrx_word' id='word_1_432' title='bbox 711 3246 1077 3318; x_wconf 79' lang='lat' dir='ltr'><strong>polytheismi,</strong></span> <span class='ocrx_word' id='word_1_433' title='bbox 1113 3248 1445 3318; x_wconf 84' lang='lat' dir='ltr'><strong>impietatis;</strong></span> <span class='ocrx_word' id='word_1_434' title='bbox 1486 3248 1759 3303; x_wconf 91' lang='lat' dir='ltr'><strong>horrenda</strong></span> <span class='ocrx_word' id='word_1_435' title='bbox 1787 3249 1868 3304; x_wconf 89' lang='lat' dir='ltr'><strong>eis</strong></span> <span class='ocrx_word' id='word_1_436' title='bbox 1913 3259 2101 3304; x_wconf 87' lang='lat' dir='ltr'><strong>contra</strong></span> 
     </span>
    </p>
   </div>
   <div class='ocr_carea' id='block_1_62' title="bbox 2215 3244 3795 3327">
    <p class='ocr_par' dir='ltr' id='par_1_62' title="bbox 2215 3244 3795 3327">
     <span class='ocr_line' id='line_1_62' title="bbox 2215 3244 3795 3327; baseline -0.003 -28"><span class='ocrx_word' id='word_1_437' title='bbox 2215 3246 2572 3315; x_wconf 77' lang='grc' dir='ltr'><strong>μυσταγωγός</strong></span> <span class='ocrx_word' id='word_1_438' title='bbox 2627 3246 2729 3327; x_wconf 89' lang='lat' dir='ltr'><strong>ipsi</strong></span> <span class='ocrx_word' id='word_1_439' title='bbox 2783 3246 2982 3301; x_wconf 89' lang='lat' dir='ltr'><strong>dicitur</strong></span> <span class='ocrx_word' id='word_1_440' title='bbox 3015 3244 3147 3315; x_wconf 70' lang='grc'><strong>(11).</strong></span> <span class='ocrx_word' id='word_1_441' title='bbox 3216 3246 3315 3299; x_wconf 89' lang='lat' dir='ltr'><strong>Est</strong></span> <span class='ocrx_word' id='word_1_442' title='bbox 3356 3244 3582 3315; x_wconf 90' lang='lat' dir='ltr'><strong>proprie</strong></span> <span class='ocrx_word' id='word_1_443' title='bbox 3627 3258 3795 3314; x_wconf 80' lang='grc' dir='ltr'><strong>μυστ-</strong></span> 
     </span>
    </p>
   </div>
   <div class='ocr_carea' id='block_1_63' title="bbox 524 3339 2103 3412">
    <p class='ocr_par' dir='ltr' id='par_1_63' title="bbox 524 3339 2103 3412">
     <span class='ocr_line' id='line_1_63' title="bbox 524 3339 2103 3412; baseline 0 -17"><span class='ocrx_word' id='word_1_444' title='bbox 524 3339 687 3395; x_wconf 84' lang='lat' dir='ltr'><strong>ﬁdem</strong></span> <span class='ocrx_word' id='word_1_445' title='bbox 729 3340 976 3412; x_wconf 85' lang='lat' dir='ltr'><strong>impingit</strong></span> <span class='ocrx_word' id='word_1_446' title='bbox 1006 3340 1274 3406; x_wconf 89' lang='lat' dir='ltr'><strong>crimina;</strong></span> <span class='ocrx_word' id='word_1_447' title='bbox 1303 3340 1512 3394; x_wconf 88' lang='lat' dir='ltr'><strong>artibus</strong></span> <span class='ocrx_word' id='word_1_448' title='bbox 1541 3340 1797 3397; x_wconf 88' lang='lat' dir='ltr'><strong>omnibus</strong></span> <span class='ocrx_word' id='word_1_449' title='bbox 1822 3340 1993 3395; x_wconf 93' lang='lat' dir='ltr'><strong>utitur</strong></span> <span class='ocrx_word' id='word_1_450' title='bbox 2037 3341 2103 3395; x_wconf 86' lang='lat' dir='ltr'><strong>ad</strong></span> 
     </span>
    </p>
   </div>
   <div class='ocr_carea' id='block_1_64' title="bbox 524 3431 2106 3504">
    <p class='ocr_par' dir='ltr' id='par_1_64' title="bbox 524 3431 2106 3504">
     <span class='ocr_line' id='line_1_64' title="bbox 524 3431 2106 3504; baseline 0 -16"><span class='ocrx_word' id='word_1_451' title='bbox 524 3448 621 3489; x_wconf 91' lang='lat' dir='ltr'><strong>eos</strong></span> <span class='ocrx_word' id='word_1_452' title='bbox 669 3433 1086 3489; x_wconf 89' lang='lat' dir='ltr'><strong>confundendos</strong></span> <span class='ocrx_word' id='word_1_453' title='bbox 1125 3442 1180 3488; x_wconf 90' lang='lat' dir='ltr'><strong>et</strong></span> <span class='ocrx_word' id='word_1_454' title='bbox 1227 3432 1575 3488; x_wconf 87' lang='lat' dir='ltr'><strong>refellendos.</strong></span> <span class='ocrx_word' id='word_1_455' title='bbox 1613 3431 1745 3487; x_wconf 80' lang='lat' dir='ltr'><strong>Mira</strong></span> <span class='ocrx_word' id='word_1_456' title='bbox 1776 3442 1860 3489; x_wconf 89' lang='lat' dir='ltr'><strong>est</strong></span> <span class='ocrx_word' id='word_1_457' title='bbox 1904 3434 2106 3504; x_wconf 86' lang='lat' dir='ltr'><strong>ingenii</strong></span> 
     </span>
    </p>
   </div>
   <div class='ocr_carea' id='block_1_65' title="bbox 524 3525 2111 3598">
    <p class='ocr_par' dir='ltr' id='par_1_65' title="bbox 524 3525 2111 3598">
     <span class='ocr_line' id='line_1_65' title="bbox 524 3525 2111 3598; baseline 0.001 -18"><span class='ocrx_word' id='word_1_458' title='bbox 524 3525 848 3591; x_wconf 86' lang='lat' dir='ltr'><strong>fecunditas,</strong></span> <span class='ocrx_word' id='word_1_459' title='bbox 878 3543 999 3598; x_wconf 64' lang='lat' dir='ltr'><strong>quae</strong></span> <span class='ocrx_word' id='word_1_460' title='bbox 1029 3525 1190 3581; x_wconf 86' lang='lat' dir='ltr'><strong>toties</strong></span> <span class='ocrx_word' id='word_1_461' title='bbox 1211 3526 1357 3580; x_wconf 90' lang='lat' dir='ltr'><strong>dicta</strong></span> <span class='ocrx_word' id='word_1_462' title='bbox 1383 3526 1503 3581; x_wconf 88' lang='lat' dir='ltr'><strong>aliis</strong></span> <span class='ocrx_word' id='word_1_463' title='bbox 1528 3534 1581 3581; x_wconf 90' lang='lat' dir='ltr'><strong>et</strong></span> <span class='ocrx_word' id='word_1_464' title='bbox 1605 3526 1724 3581; x_wconf 89' lang='lat' dir='ltr'><strong>aliis</strong></span> <span class='ocrx_word' id='word_1_465' title='bbox 1750 3527 1929 3582; x_wconf 91' lang='lat' dir='ltr'><strong>modis</strong></span> <span class='ocrx_word' id='word_1_466' title='bbox 1958 3527 2111 3582; x_wconf 75' lang='lat' dir='ltr'><strong>no\&#39;it</strong></span> 
     </span>
    </p>
   </div>
   <div class='ocr_carea' id='block_1_66' title="bbox 524 3617 2109 3690">
    <p class='ocr_par' dir='ltr' id='par_1_66' title="bbox 524 3617 2109 3690">
     <span class='ocr_line' id='line_1_66' title="bbox 524 3617 2109 3690; baseline -0.001 -16"><span class='ocrx_word' id='word_1_467' title='bbox 524 3619 736 3686; x_wconf 89' lang='lat' dir='ltr'><strong>denuo,</strong></span> <span class='ocrx_word' id='word_1_468' title='bbox 791 3618 944 3690; x_wconf 90' lang='lat' dir='ltr'><strong>quasi</strong></span> <span class='ocrx_word' id='word_1_469' title='bbox 979 3634 1168 3674; x_wconf 83' lang='lat' dir='ltr'><strong>revera</strong></span> <span class='ocrx_word' id='word_1_470' title='bbox 1197 3634 1337 3672; x_wconf 84' lang='lat' dir='ltr'><strong>nova</strong></span> <span class='ocrx_word' id='word_1_471' title='bbox 1367 3618 1495 3683; x_wconf 89' lang='lat' dir='ltr'><strong>sint,</strong></span> <span class='ocrx_word' id='word_1_472' title='bbox 1544 3618 1882 3688; x_wconf 84' lang='lat' dir='ltr'><strong>producere;</strong></span> <span class='ocrx_word' id='word_1_473' title='bbox 1923 3617 2109 3688; x_wconf 79' lang='lat' dir='ltr'><strong>iniqua</strong></span> 
     </span>
    </p>
   </div>
   <div class='ocr_carea' id='block_1_67' title="bbox 526 3710 2110 3783">
    <p class='ocr_par' dir='ltr' id='par_1_67' title="bbox 526 3710 2110 3783">
     <span class='ocr_line' id='line_1_67' title="bbox 526 3710 2110 3783; baseline -0.003 -14"><span class='ocrx_word' id='word_1_474' title='bbox 526 3712 639 3769; x_wconf 86' lang='lat' dir='ltr'><strong>fere</strong></span> <span class='ocrx_word' id='word_1_475' title='bbox 677 3729 893 3783; x_wconf 87' lang='lat' dir='ltr'><strong>semper</strong></span> <span class='ocrx_word' id='word_1_476' title='bbox 919 3723 1003 3768; x_wconf 90' lang='lat' dir='ltr'><strong>est</strong></span> <span class='ocrx_word' id='word_1_477' title='bbox 1028 3727 1151 3767; x_wconf 88' lang='lat' dir='ltr'><strong>cum</strong></span> <span class='ocrx_word' id='word_1_478' title='bbox 1192 3710 1519 3766; x_wconf 89' lang='lat' dir='ltr'><strong>adversariis</strong></span> <span class='ocrx_word' id='word_1_479' title='bbox 1544 3711 1739 3781; x_wconf 85' lang='lat' dir='ltr'><strong>agendi</strong></span> <span class='ocrx_word' id='word_1_480' title='bbox 1774 3710 1935 3773; x_wconf 88' lang='lat' dir='ltr'><strong>ratio,</strong></span> <span class='ocrx_word' id='word_1_481' title='bbox 1970 3726 2110 3780; x_wconf 86' lang='lat' dir='ltr'><strong>quo-</strong></span> 
     </span>
    </p>
   </div>
   <div class='ocr_carea' id='block_1_68' title="bbox 526 3802 2110 3873">
    <p class='ocr_par' dir='ltr' id='par_1_68' title="bbox 526 3802 2110 3873">
     <span class='ocr_line' id='line_1_68' title="bbox 526 3802 2110 3873; baseline -0.001 -14"><span class='ocrx_word' id='word_1_482' title='bbox 526 3820 647 3861; x_wconf 87' lang='lat' dir='ltr'><strong>rum</strong></span> <span class='ocrx_word' id='word_1_483' title='bbox 695 3805 1000 3859; x_wconf 90' lang='lat' dir='ltr'><strong>doctrinam</strong></span> <span class='ocrx_word' id='word_1_484' title='bbox 1050 3802 1326 3873; x_wconf 86' lang='lat' dir='ltr'><strong>perversis</strong></span> <span class='ocrx_word' id='word_1_485' title='bbox 1364 3818 1474 3856; x_wconf 91' lang='lat' dir='ltr'><strong>non</strong></span> <span class='ocrx_word' id='word_1_486' title='bbox 1505 3802 1681 3856; x_wconf 91' lang='lat' dir='ltr'><strong>solum</strong></span> <span class='ocrx_word' id='word_1_487' title='bbox 1718 3803 2072 3858; x_wconf 88' lang='lat' dir='ltr'><strong>consectariis</strong></span> <span class='ocrx_word' id='word_1_488' title='bbox 2094 3844 2110 3868; x_wconf 93' lang='lat'><strong>,</strong></span> 
     </span>
    </p>
   </div>
   <div class='ocr_carea' id='block_1_69' title="bbox 527 3894 2111 3965">
    <p class='ocr_par' dir='ltr' id='par_1_69' title="bbox 527 3894 2111 3965">
     <span class='ocr_line' id='line_1_69' title="bbox 527 3894 2111 3965; baseline -0.001 -14"><span class='ocrx_word' id='word_1_489' title='bbox 527 3898 619 3951; x_wconf 88' lang='lat' dir='ltr'><strong>sed</strong></span> <span class='ocrx_word' id='word_1_490' title='bbox 650 3899 814 3951; x_wconf 88' lang='lat' dir='ltr'><strong>etiam</strong></span> <span class='ocrx_word' id='word_1_491' title='bbox 849 3895 1393 3965; x_wconf 83' lang='lat' dir='ltr'><strong>interpretationibus</strong></span> <span class='ocrx_word' id='word_1_492' title='bbox 1430 3894 1732 3949; x_wconf 65' lang='lat' dir='ltr'><strong>foedissimo</strong></span> <span class='ocrx_word' id='word_1_493' title='bbox 1758 3895 1859 3949; x_wconf 89' lang='lat' dir='ltr'><strong>sub</strong></span> <span class='ocrx_word' id='word_1_494' title='bbox 1887 3902 2111 3965; x_wconf 88' lang='lat' dir='ltr'><strong>aspectu</strong></span> 
     </span>
    </p>
   </div>
   <div class='ocr_carea' id='block_1_70' title="bbox 526 3984 1475 4043">
    <p class='ocr_par' dir='ltr' id='par_1_70' title="bbox 526 3984 1475 4043">
     <span class='ocr_line' id='line_1_70' title="bbox 526 3984 1475 4043; baseline -0.006 0"><span class='ocrx_word' id='word_1_495' title='bbox 526 3986 813 4043; x_wconf 84' lang='lat' dir='ltr'><strong>ostendere</strong></span> <span class='ocrx_word' id='word_1_496' title='bbox 842 3985 969 4040; x_wconf 90' lang='lat' dir='ltr'><strong>totis</strong></span> <span class='ocrx_word' id='word_1_497' title='bbox 1000 3985 1205 4039; x_wconf 84' lang='lat' dir='ltr'><strong>viribus</strong></span> <span class='ocrx_word' id='word_1_498' title='bbox 1234 3984 1475 4039; x_wconf 89' lang='lat' dir='ltr'><strong>anhelat.</strong></span> 
     </span>
    </p>
   </div>
   <div class='ocr_carea' id='block_1_71' title="bbox 594 4074 2113 4149">
    <p class='ocr_par' dir='ltr' id='par_1_71' title="bbox 594 4074 2113 4149">
     <span class='ocr_line' id='line_1_71' title="bbox 594 4074 2113 4149; baseline -0.002 -15"><span class='ocrx_word' id='word_1_499' title='bbox 594 4079 648 4134; x_wconf 90' lang='lat'><strong>9.</strong></span> <span class='ocrx_word' id='word_1_500' title='bbox 688 4077 882 4149; x_wconf 89' lang='lat' dir='ltr'><strong>Operis</strong></span> <span class='ocrx_word' id='word_1_501' title='bbox 909 4076 1193 4132; x_wconf 89' lang='lat' dir='ltr'><strong>authentia</strong></span> <span class='ocrx_word' id='word_1_502' title='bbox 1224 4077 1297 4130; x_wconf 89' lang='lat' dir='ltr'><strong>ita</strong></span> <span class='ocrx_word' id='word_1_503' title='bbox 1323 4074 1611 4131; x_wconf 83' lang='lat' dir='ltr'><strong>manifesta</strong></span> <span class='ocrx_word' id='word_1_504' title='bbox 1641 4083 1744 4140; x_wconf 88' lang='lat' dir='ltr'><strong>est,</strong></span> <span class='ocrx_word' id='word_1_505' title='bbox 1779 4085 1839 4130; x_wconf 94' lang='lat' dir='ltr'><strong>ut</strong></span> <span class='ocrx_word' id='word_1_506' title='bbox 1865 4075 1935 4131; x_wconf 86' lang='lat' dir='ltr'><strong>sit</strong></span> <span class='ocrx_word' id='word_1_507' title='bbox 1974 4084 2113 4131; x_wconf 86' lang='lat' dir='ltr'><strong>tem-</strong></span> 
     </span>
    </p>
   </div>
   <div class='ocr_carea' id='block_1_72' title="bbox 528 4168 2110 4241">
    <p class='ocr_par' dir='ltr' id='par_1_72' title="bbox 528 4168 2110 4241">
     <span class='ocr_line' id='line_1_72' title="bbox 528 4168 2110 4241; baseline -0.003 -16"><span class='ocrx_word' id='word_1_508' title='bbox 528 4186 629 4241; x_wconf 89' lang='lat' dir='ltr'><strong>pus</strong></span> <span class='ocrx_word' id='word_1_509' title='bbox 682 4184 1027 4234; x_wconf 90' lang='lat' dir='ltr'><strong>consumere,</strong></span> <span class='ocrx_word' id='word_1_510' title='bbox 1077 4168 1218 4223; x_wconf 83' lang='lat' dir='ltr'><strong>velle</strong></span> <span class='ocrx_word' id='word_1_511' title='bbox 1266 4168 1386 4235; x_wconf 88' lang='lat' dir='ltr'><strong>ejus</strong></span> <span class='ocrx_word' id='word_1_512' title='bbox 1430 4175 1750 4238; x_wconf 89' lang='lat' dir='ltr'><strong>argumenta</strong></span> <span class='ocrx_word' id='word_1_513' title='bbox 1792 4182 2110 4240; x_wconf 90' lang='lat' dir='ltr'><strong>congerere.</strong></span> 
     </span>
    </p>
   </div>
   <div class='ocr_carea' id='block_1_73' title="bbox 526 4260 2112 4332">
    <p class='ocr_par' dir='ltr' id='par_1_73' title="bbox 526 4260 2112 4332">
     <span class='ocr_line' id='line_1_73' title="bbox 526 4260 2112 4332; baseline -0.003 -12"><span class='ocrx_word' id='word_1_514' title='bbox 526 4264 683 4331; x_wconf 81' lang='lat' dir='ltr'><strong>Quod</strong></span> <span class='ocrx_word' id='word_1_515' title='bbox 727 4264 793 4319; x_wconf 81' lang='lat' dir='ltr'><strong>ad</strong></span> <span class='ocrx_word' id='word_1_516' title='bbox 842 4263 963 4332; x_wconf 87' lang='lat' dir='ltr'><strong>ejus</strong></span> <span class='ocrx_word' id='word_1_517' title='bbox 1020 4260 1385 4331; x_wconf 87' lang='lat' dir='ltr'><strong>integritatem</strong></span> <span class='ocrx_word' id='word_1_518' title='bbox 1445 4269 1675 4330; x_wconf 89' lang='lat' dir='ltr'><strong>spectat,</strong></span> <span class='ocrx_word' id='word_1_519' title='bbox 1729 4275 1909 4330; x_wconf 90' lang='lat' dir='ltr'><strong>neque</strong></span> <span class='ocrx_word' id='word_1_520' title='bbox 1949 4277 2013 4316; x_wconf 91' lang='lat' dir='ltr'><strong>ea</strong></span> <span class='ocrx_word' id='word_1_521' title='bbox 2056 4261 2112 4315; x_wconf 90' lang='lat' dir='ltr'><strong>in</strong></span> 
     </span>
    </p>
   </div>
   <div class='ocr_carea' id='block_1_74' title="bbox 528 4350 2111 4423">
    <p class='ocr_par' dir='ltr' id='par_1_74' title="bbox 528 4350 2111 4423">
     <span class='ocr_line' id='line_1_74' title="bbox 528 4350 2111 4423; baseline -0.002 -12"><span class='ocrx_word' id='word_1_522' title='bbox 528 4356 754 4411; x_wconf 91' lang='lat' dir='ltr'><strong>dubium</strong></span> <span class='ocrx_word' id='word_1_523' title='bbox 794 4352 976 4410; x_wconf 89' lang='lat' dir='ltr'><strong>vocari</strong></span> <span class='ocrx_word' id='word_1_524' title='bbox 1006 4361 1207 4423; x_wconf 91' lang='lat' dir='ltr'><strong>potest.</strong></span> <span class='ocrx_word' id='word_1_525' title='bbox 1251 4351 1308 4407; x_wconf 88' lang='lat' dir='ltr'><strong>id</strong></span> <span class='ocrx_word' id='word_1_526' title='bbox 1340 4361 1520 4407; x_wconf 89' lang='lat' dir='ltr'><strong>tamen</strong></span> <span class='ocrx_word' id='word_1_527' title='bbox 1556 4350 1789 4409; x_wconf 87' lang='lat' dir='ltr'><strong>fortasse</strong></span> <span class='ocrx_word' id='word_1_528' title='bbox 1827 4352 2111 4409; x_wconf 87' lang='lat' dir='ltr'><strong>dubitandi</strong></span> 
     </span>
    </p>
   </div>
   <div class='ocr_carea' id='block_1_75' title="bbox 598 4529 2110 4602">
    <p class='ocr_par' dir='ltr' id='par_1_75' title="bbox 598 4529 2110 4602">
     <span class='ocr_line' id='line_1_75' title="bbox 598 4529 2110 4602; baseline 0 -15"><span class='ocrx_word' id='word_1_529' title='bbox 598 4534 711 4600; x_wconf 90' lang='grc'><strong>(11)</strong></span> <span class='ocrx_word' id='word_1_530' title='bbox 736 4530 853 4586; x_wconf 85' lang='lat' dir='ltr'><strong>Non</strong></span> <span class='ocrx_word' id='word_1_531' title='bbox 881 4542 1062 4586; x_wconf 82' lang='lat' dir='ltr'><strong>tamen</strong></span> <span class='ocrx_word' id='word_1_532' title='bbox 1097 4531 1235 4587; x_wconf 91' lang='lat' dir='ltr'><strong>male</strong></span> <span class='ocrx_word' id='word_1_533' title='bbox 1269 4531 1323 4586; x_wconf 92' lang='lat' dir='ltr'><strong>in</strong></span> <span class='ocrx_word' id='word_1_534' title='bbox 1360 4545 1559 4602; x_wconf 83' lang='lat' dir='ltr'><strong>genere</strong></span> <span class='ocrx_word' id='word_1_535' title='bbox 1588 4530 1655 4586; x_wconf 78' lang='grc' dir='ltr'><strong>Α.</strong></span> <span class='ocrx_word' id='word_1_536' title='bbox 1683 4529 1904 4588; x_wconf 83' lang='lat' dir='ltr'><strong>Scottus</strong></span> <span class='ocrx_word' id='word_1_537' title='bbox 1936 4532 2110 4599; x_wconf 76' lang='lat' dir='ltr'><strong>(Prte-</strong></span> 
     </span>
    </p>
   </div>
   <div class='ocr_carea' id='block_1_76' title="bbox 527 4601 2184 4673">
    <p class='ocr_par' dir='ltr' id='par_1_76' title="bbox 527 4601 2184 4673">
     <span class='ocr_line' id='line_1_76' title="bbox 527 4601 2184 4673; baseline -0.001 -13"><span class='ocrx_word' id='word_1_538' title='bbox 527 4607 624 4661; x_wconf 81' lang='lat' dir='ltr'><strong>fat.</strong></span> <span class='ocrx_word' id='word_1_539' title='bbox 683 4606 739 4660; x_wconf 93' lang='lat' dir='ltr'><strong>in</strong></span> <span class='ocrx_word' id='word_1_540' title='bbox 791 4603 1117 4672; x_wconf 67' lang='lat' dir='ltr'><strong>Astphiioch.</strong></span> <span class='ocrx_word' id='word_1_541' title='bbox 1148 4618 1243 4673; x_wconf 84' lang='lat' dir='ltr'><strong>qu.</strong></span> <span class='ocrx_word' id='word_1_542' title='bbox 1291 4601 1380 4665; x_wconf 81' lang='lat'><strong>18,</strong></span> <span class='ocrx_word' id='word_1_543' title='bbox 1424 4601 1666 4671; x_wconf 87' lang='lat' dir='ltr'><strong>Neapoli,</strong></span> <span class='ocrx_word' id='word_1_544' title='bbox 1725 4602 1897 4666; x_wconf 77' lang='grc'><strong>1814,</strong></span> <span class='ocrx_word' id='word_1_545' title='bbox 1930 4620 1986 4672; x_wconf 92' lang='lat' dir='ltr'><strong>p.</strong></span> <span class='ocrx_word' id='word_1_546' title='bbox 2034 4607 2103 4672; x_wconf 76' lang='grc' dir='ltr'><strong>ν)</strong></span> <span class='ocrx_word' id='word_1_547' title='bbox 2136 4609 2184 4668; x_wconf 86' lang='lat' dir='ltr'><strong>D</strong></span> 
     </span>
    </p>
   </div>
   <div class='ocr_carea' id='block_1_77' title="bbox 528 4673 2103 4741">
    <p class='ocr_par' dir='ltr' id='par_1_77' title="bbox 528 4673 2103 4741">
     <span class='ocr_line' id='line_1_77' title="bbox 528 4673 2103 4741; baseline -0.001 -9"><span class='ocrx_word' id='word_1_548' title='bbox 528 4677 785 4734; x_wconf 85' lang='lat' dir='ltr'><strong>monebat</strong></span> <span class='ocrx_word' id='word_1_549' title='bbox 820 4694 831 4728; x_wconf 91' lang='lat'>:</span> <span class='ocrx_word' id='word_1_550' title='bbox 884 4693 902 4725; x_wconf 79' lang='grc' dir='ltr'><strong>ι</strong></span> <span class='ocrx_word' id='word_1_551' title='bbox 943 4673 1293 4739; x_wconf 79' lang='lat' dir='ltr'><strong>Compertum</strong></span> <span class='ocrx_word' id='word_1_552' title='bbox 1322 4680 1471 4736; x_wconf 81' lang='lat' dir='ltr'><strong>est...</strong></span> <span class='ocrx_word' id='word_1_553' title='bbox 1498 4682 1762 4741; x_wconf 89' lang='lat' dir='ltr'><strong>quantum</strong></span> <span class='ocrx_word' id='word_1_554' title='bbox 1795 4675 1957 4730; x_wconf 91' lang='lat' dir='ltr'><strong>medii</strong></span> <span class='ocrx_word' id='word_1_555' title='bbox 2003 4675 2103 4730; x_wconf 67' lang='lat' dir='ltr'><strong>aevi</strong></span> 
     </span>
    </p>
   </div>
   <div class='ocr_carea' id='block_1_78' title="bbox 528 4744 2104 4815">
    <p class='ocr_par' dir='ltr' id='par_1_78' title="bbox 528 4744 2104 4815">
     <span class='ocr_line' id='line_1_78' title="bbox 528 4744 2104 4815; baseline -0.003 -12"><span class='ocrx_word' id='word_1_556' title='bbox 528 4748 842 4815; x_wconf 85' lang='lat' dir='ltr'><strong>scriptores,</strong></span> <span class='ocrx_word' id='word_1_557' title='bbox 867 4759 929 4798; x_wconf 87' lang='lat' dir='ltr'><strong>ac</strong></span> <span class='ocrx_word' id='word_1_558' title='bbox 957 4744 1182 4798; x_wconf 90' lang='lat' dir='ltr'><strong>Photins</strong></span> <span class='ocrx_word' id='word_1_559' title='bbox 1205 4745 1555 4815; x_wconf 82' lang='lat' dir='ltr'><strong>ipse,auctor</strong></span> <span class='ocrx_word' id='word_1_560' title='bbox 1574 4744 1773 4814; x_wconf 89' lang='lat' dir='ltr'><strong>alioqui</strong></span> <span class='ocrx_word' id='word_1_561' title='bbox 1801 4744 2104 4800; x_wconf 89' lang='lat' dir='ltr'><strong>disertissi-</strong></span> 
     </span>
    </p>
   </div>
   <div class='ocr_carea' id='block_1_79' title="bbox 529 4814 2106 4885">
    <p class='ocr_par' dir='ltr' id='par_1_79' title="bbox 529 4814 2106 4885">
     <span class='ocr_line' id='line_1_79' title="bbox 529 4814 2106 4885; baseline 0 -15"><span class='ocrx_word' id='word_1_562' title='bbox 529 4814 671 4879; x_wconf 79' lang='lat' dir='ltr'><strong>mus,</strong></span> <span class='ocrx_word' id='word_1_563' title='bbox 712 4832 744 4869; x_wconf 93' lang='lat' dir='ltr'><strong>a</strong></span> <span class='ocrx_word' id='word_1_564' title='bbox 792 4816 967 4885; x_wconf 90' lang='lat' dir='ltr'><strong>prisca</strong></span> <span class='ocrx_word' id='word_1_565' title='bbox 1012 4814 1281 4885; x_wconf 82' lang='lat' dir='ltr'><strong>Atticismi</strong></span> <span class='ocrx_word' id='word_1_566' title='bbox 1316 4814 1582 4884; x_wconf 85' lang='lat' dir='ltr'><strong>elegantia</strong></span> <span class='ocrx_word' id='word_1_567' title='bbox 1634 4815 1995 4879; x_wconf 83' lang='lat' dir='ltr'><strong>desciverint,</strong></span> <span class='ocrx_word' id='word_1_568' title='bbox 2049 4823 2106 4870; x_wconf 89' lang='lat' dir='ltr'><strong>et</strong></span> 
     </span>
    </p>
   </div>
   <div class='ocr_carea' id='block_1_80' title="bbox 526 4884 2107 4957">
    <p class='ocr_par' dir='ltr' id='par_1_80' title="bbox 526 4884 2107 4957">
     <span class='ocr_line' id='line_1_80' title="bbox 526 4884 2107 4957; baseline 0 -17"><span class='ocrx_word' id='word_1_569' title='bbox 526 4894 730 4957; x_wconf 90' lang='lat' dir='ltr'><strong>quanta</strong></span> <span class='ocrx_word' id='word_1_570' title='bbox 785 4884 1024 4955; x_wconf 85' lang='lat' dir='ltr'><strong>denique</strong></span> <span class='ocrx_word' id='word_1_571' title='bbox 1073 4884 1505 4957; x_wconf 77' lang='lat' dir='ltr'><strong>obscuritateex</strong></span> <span class='ocrx_word' id='word_1_572' title='bbox 1553 4886 2107 4957; x_wconf 80' lang='lat' dir='ltr'><strong>eodemscriptionis</strong></span> 
     </span>
    </p>
   </div>
   <div class='ocr_carea' id='block_1_81' title="bbox 529 4955 2103 5024">
    <p class='ocr_par' dir='ltr' id='par_1_81' title="bbox 529 4955 2103 5024">
     <span class='ocr_line' id='line_1_81' title="bbox 529 4955 2103 5024; baseline 0.001 -14"><span class='ocrx_word' id='word_1_573' title='bbox 529 4955 665 5012; x_wconf 62' lang='lat' dir='ltr'><strong>vitio</strong></span> <span class='ocrx_word' id='word_1_574' title='bbox 699 4971 983 5011; x_wconf 86' lang='lat' dir='ltr'><strong>sermones</strong></span> <span class='ocrx_word' id='word_1_575' title='bbox 1028 4956 1329 5024; x_wconf 56' lang='lat' dir='ltr'><strong>prasertim</strong></span> <span class='ocrx_word' id='word_1_576' title='bbox 1372 4955 1679 5010; x_wconf 87' lang='lat' dir='ltr'><strong>didascalici</strong></span> <span class='ocrx_word' id='word_1_577' title='bbox 1720 4956 2103 5011; x_wconf 85' lang='lat' dir='ltr'><strong>obvolvantur.</strong></span> 
     </span>
    </p>
   </div>
   <div class='ocr_carea' id='block_1_82' title="bbox 530 5026 2106 5095">
    <p class='ocr_par' dir='ltr' id='par_1_82' title="bbox 530 5026 2106 5095">
     <span class='ocr_line' id='line_1_82' title="bbox 530 5026 2106 5095; baseline 0.001 -15"><span class='ocrx_word' id='word_1_578' title='bbox 530 5026 709 5084; x_wconf 82' lang='lat' dir='ltr'><strong>Verba</strong></span> <span class='ocrx_word' id='word_1_579' title='bbox 746 5028 890 5081; x_wconf 88' lang='lat' dir='ltr'><strong>enim</strong></span> <span class='ocrx_word' id='word_1_580' title='bbox 947 5026 1218 5091; x_wconf 83' lang='lat' dir='ltr'><strong>technica,</strong></span> <span class='ocrx_word' id='word_1_581' title='bbox 1257 5034 1313 5080; x_wconf 89' lang='lat' dir='ltr'><strong>et</strong></span> <span class='ocrx_word' id='word_1_582' title='bbox 1346 5026 1564 5094; x_wconf 91' lang='lat' dir='ltr'><strong>quidem</strong></span> <span class='ocrx_word' id='word_1_583' title='bbox 1607 5026 1952 5084; x_wconf 85' lang='lat' dir='ltr'><strong>scholastica.</strong></span> <span class='ocrx_word' id='word_1_584' title='bbox 1984 5042 2106 5095; x_wconf 65' lang='lat' dir='ltr'><strong>quae</strong></span> 
     </span>
    </p>
   </div>
   <div class='ocr_carea' id='block_1_83' title="bbox 532 5096 2107 5169">
    <p class='ocr_par' dir='ltr' id='par_1_83' title="bbox 532 5096 2107 5169">
     <span class='ocr_line' id='line_1_83' title="bbox 532 5096 2107 5169; baseline -0.002 -17"><span class='ocrx_word' id='word_1_585' title='bbox 532 5107 665 5154; x_wconf 90' lang='lat' dir='ltr'><strong>tunc</strong></span> <span class='ocrx_word' id='word_1_586' title='bbox 717 5097 1163 5169; x_wconf 79' lang='lat' dir='ltr'><strong>percrebuerant,</strong></span> <span class='ocrx_word' id='word_1_587' title='bbox 1217 5096 1745 5169; x_wconf 78' lang='lat' dir='ltr'><strong>argumentationum</strong></span> <span class='ocrx_word' id='word_1_588' title='bbox 1806 5096 2107 5151; x_wconf 84' lang='lat' dir='ltr'><strong>cavillatio-</strong></span> 
     </span>
    </p>
   </div>
   <div class='ocr_carea' id='block_1_84' title="bbox 529 5165 2108 5238">
    <p class='ocr_par' dir='ltr' id='par_1_84' title="bbox 529 5165 2108 5238">
     <span class='ocr_line' id='line_1_84' title="bbox 529 5165 2108 5238; baseline 0 -15"><span class='ocrx_word' id='word_1_589' title='bbox 529 5165 773 5238; x_wconf 85' lang='lat' dir='ltr'><strong>numque</strong></span> <span class='ocrx_word' id='word_1_590' title='bbox 829 5168 1189 5230; x_wconf 87' lang='lat' dir='ltr'><strong>snbtilitates,</strong></span> <span class='ocrx_word' id='word_1_591' title='bbox 1232 5166 1431 5234; x_wconf 90' lang='lat' dir='ltr'><strong>quibus</strong></span> <span class='ocrx_word' id='word_1_592' title='bbox 1471 5165 1672 5238; x_wconf 86' lang='lat' dir='ltr'><strong>ingenii</strong></span> <span class='ocrx_word' id='word_1_593' title='bbox 1722 5182 1952 5238; x_wconf 86' lang='lat' dir='ltr'><strong>acumen</strong></span> <span class='ocrx_word' id='word_1_594' title='bbox 1987 5182 2108 5223; x_wconf 85' lang='lat' dir='ltr'><strong>sese</strong></span> 
     </span>
    </p>
   </div>
   <div class='ocr_carea' id='block_1_85' title="bbox 524 5237 2104 5310">
    <p class='ocr_par' dir='ltr' id='par_1_85' title="bbox 524 5237 2104 5310">
     <span class='ocr_line' id='line_1_85' title="bbox 524 5237 2104 5310; baseline -0.001 -17"><span class='ocrx_word' id='word_1_595' title='bbox 524 5237 802 5310; x_wconf 66' lang='lat' dir='ltr'><strong>iactabat.</strong></span> <span class='ocrx_word' id='word_1_596' title='bbox 850 5253 914 5310; x_wconf 85' lang='lat' dir='ltr'><strong>ac</strong></span> <span class='ocrx_word' id='word_1_597' title='bbox 960 5238 1308 5310; x_wconf 83' lang='lat' dir='ltr'><strong>periodorum</strong></span> <span class='ocrx_word' id='word_1_598' title='bbox 1378 5237 1776 5310; x_wconf 71' lang='grc' dir='ltr'>μεγαλσκώλων</span> <span class='ocrx_word' id='word_1_599' title='bbox 1831 5237 2104 5310; x_wconf 80' lang='lat' dir='ltr'><strong>implicata</strong></span> 
     </span>
    </p>
   </div>
   <div class='ocr_carea' id='block_1_86' title="bbox 528 5307 2107 5381">
    <p class='ocr_par' dir='ltr' id='par_1_86' title="bbox 528 5307 2107 5381">
     <span class='ocr_line' id='line_1_86' title="bbox 528 5307 2107 5381; baseline -0.001 -18"><span class='ocrx_word' id='word_1_600' title='bbox 528 5307 832 5381; x_wconf 78' lang='lat' dir='ltr'><strong>prolixitas,</strong></span> <span class='ocrx_word' id='word_1_601' title='bbox 875 5308 931 5363; x_wconf 90' lang='lat' dir='ltr'><strong>in</strong></span> <span class='ocrx_word' id='word_1_602' title='bbox 970 5324 1076 5381; x_wconf 90' lang='lat' dir='ltr'><strong>qua</strong></span> <span class='ocrx_word' id='word_1_603' title='bbox 1109 5307 1430 5381; x_wconf 65' lang='lat' dir='ltr'><strong>praecipuus</strong></span> <span class='ocrx_word' id='word_1_604' title='bbox 1452 5308 1939 5381; x_wconf 78' lang='lat' dir='ltr'><strong>orationis__cultus</strong></span> <span class='ocrx_word' id='word_1_605' title='bbox 1970 5324 2107 5362; x_wconf 89' lang='lat' dir='ltr'><strong>con-</strong></span> 
     </span>
    </p>
   </div>
   <div class='ocr_carea' id='block_1_87' title="bbox 528 5376 2107 5448">
    <p class='ocr_par' dir='ltr' id='par_1_87' title="bbox 528 5376 2107 5448">
     <span class='ocr_line' id='line_1_87' title="bbox 528 5376 2107 5448; baseline -0.002 -14"><span class='ocrx_word' id='word_1_606' title='bbox 528 5376 882 5443; x_wconf 72' lang='lat' dir='ltr'><strong>stituebatur,</strong></span> <span class='ocrx_word' id='word_1_607' title='bbox 915 5376 1044 5434; x_wconf 79' lang='lat' dir='ltr'><strong>sunt</strong></span> <span class='ocrx_word' id='word_1_608' title='bbox 1069 5376 1317 5448; x_wconf 65' lang='lat' dir='ltr'><strong>qumdam</strong></span> <span class='ocrx_word' id='word_1_609' title='bbox 1350 5376 1513 5430; x_wconf 89' lang='lat' dir='ltr'><strong>veluti</strong></span> <span class='ocrx_word' id='word_1_610' title='bbox 1553 5376 1963 5448; x_wconf 87' lang='lat' dir='ltr'><strong>impedimenta,</strong></span> <span class='ocrx_word' id='word_1_611' title='bbox 1988 5394 2107 5447; x_wconf 72' lang='lat' dir='ltr'><strong>qure</strong></span> 
     </span>
    </p>
   </div>
   <div class='ocr_carea' id='block_1_88' title="bbox 528 5448 2105 5520">
    <p class='ocr_par' dir='ltr' id='par_1_88' title="bbox 528 5448 2105 5520">
     <span class='ocr_line' id='line_1_88' title="bbox 528 5448 2105 5520; baseline 0.001 -17"><span class='ocrx_word' id='word_1_612' title='bbox 528 5449 718 5506; x_wconf 88' lang='lat' dir='ltr'><strong>lectori</strong></span> <span class='ocrx_word' id='word_1_613' title='bbox 758 5450 825 5504; x_wconf 89' lang='lat' dir='ltr'><strong>ad</strong></span> <span class='ocrx_word' id='word_1_614' title='bbox 856 5464 1075 5504; x_wconf 88' lang='lat' dir='ltr'><strong>sensum</strong></span> <span class='ocrx_word' id='word_1_615' title='bbox 1118 5456 1265 5503; x_wconf 83' lang='lat' dir='ltr'><strong>recte</strong></span> <span class='ocrx_word' id='word_1_616' title='bbox 1297 5449 1591 5502; x_wconf 85' lang='lat' dir='ltr'><strong>tenendum</strong></span> <span class='ocrx_word' id='word_1_617' title='bbox 1637 5448 1931 5503; x_wconf 88' lang='lat' dir='ltr'><strong>identidem</strong></span> <span class='ocrx_word' id='word_1_618' title='bbox 1962 5450 2105 5520; x_wconf 85' lang='lat' dir='ltr'><strong>obji-</strong></span> 
     </span>
    </p>
   </div>
   <div class='ocr_carea' id='block_1_89' title="bbox 527 5522 831 5578">
    <p class='ocr_par' dir='ltr' id='par_1_89' title="bbox 527 5522 831 5578">
     <span class='ocr_line' id='line_1_89' title="bbox 527 5522 831 5578; baseline -0.02 0"><span class='ocrx_word' id='word_1_619' title='bbox 527 5522 768 5578; x_wconf 91' lang='lat' dir='ltr'><strong>ciuntur.</strong></span> <span class='ocrx_word' id='word_1_620' title='bbox 811 5539 831 5572; x_wconf 73' lang='grc' dir='ltr'><strong>ι</strong></span> 
     </span>
    </p>
   </div>
   <div class='ocr_carea' id='block_1_90' title="bbox 598 5589 1824 5664">
    <p class='ocr_par' dir='ltr' id='par_1_90' title="bbox 598 5589 1824 5664">
     <span class='ocr_line' id='line_1_90' title="bbox 598 5589 1824 5664; baseline 0 -19"><span class='ocrx_word' id='word_1_621' title='bbox 598 5592 713 5664; x_wconf 81' lang='grc'><strong>(12)</strong></span> <span class='ocrx_word' id='word_1_622' title='bbox 734 5591 819 5664; x_wconf 63' lang='lat' dir='ltr'><strong>Cf.</strong></span> <span class='ocrx_word' id='word_1_623' title='bbox 848 5591 902 5646; x_wconf 91' lang='lat' dir='ltr'><strong>in</strong></span> <span class='ocrx_word' id='word_1_624' title='bbox 932 5608 1023 5664; x_wconf 91' lang='lat' dir='ltr'><strong>op.</strong></span> <span class='ocrx_word' id='word_1_625' title='bbox 1050 5601 1385 5664; x_wconf 73' lang='lat' dir='ltr'><strong>nostrocap.</strong></span> <span class='ocrx_word' id='word_1_626' title='bbox 1414 5590 1467 5653; x_wconf 95' lang='lat'><strong>5,</strong></span> <span class='ocrx_word' id='word_1_627' title='bbox 1497 5590 1589 5655; x_wconf 78' lang='lat'><strong>20,</strong></span> <span class='ocrx_word' id='word_1_628' title='bbox 1617 5589 1712 5655; x_wconf 79' lang='grc'><strong>25,</strong></span> <span class='ocrx_word' id='word_1_629' title='bbox 1732 5590 1824 5645; x_wconf 71' lang='grc'><strong>24.</strong></span> 
     </span>
    </p>
   </div>
   <div class='ocr_carea' id='block_1_91' title="bbox 598 5660 1602 5733">
    <p class='ocr_par' dir='ltr' id='par_1_91' title="bbox 598 5660 1602 5733">
     <span class='ocr_line' id='line_1_91' title="bbox 598 5660 1602 5733; baseline -0.005 -16"><span class='ocrx_word' id='word_1_630' title='bbox 598 5660 710 5733; x_wconf 78' lang='grc'><strong>(15)</strong></span> <span class='ocrx_word' id='word_1_631' title='bbox 746 5662 878 5733; x_wconf 76' lang='lat' dir='ltr'><strong>Cap.</strong></span> <span class='ocrx_word' id='word_1_632' title='bbox 910 5660 984 5729; x_wconf 56' lang='lat'><strong>2,&#39;</strong></span> <span class='ocrx_word' id='word_1_633' title='bbox 998 5664 1089 5727; x_wconf 87' lang='lat'><strong>25,</strong></span> <span class='ocrx_word' id='word_1_634' title='bbox 1115 5660 1207 5723; x_wconf 81' lang='lat'><strong>28,</strong></span> <span class='ocrx_word' id='word_1_635' title='bbox 1239 5660 1327 5725; x_wconf 80' lang='lat'><strong>90,</strong></span> <span class='ocrx_word' id='word_1_636' title='bbox 1355 5670 1407 5715; x_wconf 90' lang='lat' dir='ltr'><strong>et</strong></span> <span class='ocrx_word' id='word_1_637' title='bbox 1422 5676 1602 5733; x_wconf 63' lang='lat' dir='ltr'><strong>saepe.</strong></span> 
     </span>
    </p>
   </div>
   <div class='ocr_carea' id='block_1_92' title="bbox 598 5728 2101 5805">
    <p class='ocr_par' dir='ltr' id='par_1_92' title="bbox 598 5728 2101 5805">
     <span class='ocr_line' id='line_1_92' title="bbox 598 5728 2101 5805; baseline -0.001 -18"><span class='ocrx_word' id='word_1_638' title='bbox 598 5728 714 5805; x_wconf 72' lang='grc'><strong>(14)</strong></span> <span class='ocrx_word' id='word_1_639' title='bbox 759 5728 1261 5805; x_wconf 30' lang='grc' dir='ltr'><strong>ςόηιταΑΜαηὶεΙι.</strong></span> <span class='ocrx_word' id='word_1_640' title='bbox 1281 5746 1345 5805; x_wconf 69' lang='grc' dir='ltr'><strong>ιι,</strong></span> <span class='ocrx_word' id='word_1_641' title='bbox 1377 5728 1769 5805; x_wconf 17' lang='lat' dir='ltr'><strong>11,7_(7_Gallaud.</strong></span> <span class='ocrx_word' id='word_1_642' title='bbox 1803 5729 1943 5784; x_wconf 83' lang='lat' dir='ltr'><strong>Bibl.</strong></span> <span class='ocrx_word' id='word_1_643' title='bbox 1992 5728 2101 5786; x_wconf 84' lang='lat' dir='ltr'><strong>PP.</strong></span> 
     </span>
    </p>
   </div>
   <div class='ocr_carea' id='block_1_93' title="bbox 523 5800 2101 5874">
    <p class='ocr_par' dir='ltr' id='par_1_93' title="bbox 523 5800 2101 5874">
     <span class='ocr_line' id='line_1_93' title="bbox 523 5800 2101 5874; baseline -0.003 -14"><span class='ocrx_word' id='word_1_644' title='bbox 523 5800 668 5868; x_wconf 72' lang='lat' dir='ltr'><strong>Xlll,</strong></span> <span class='ocrx_word' id='word_1_645' title='bbox 697 5800 750 5874; x_wconf 87' lang='lat' dir='ltr'><strong>p.</strong></span> <span class='ocrx_word' id='word_1_646' title='bbox 779 5804 928 5869; x_wconf 76' lang='lat'><strong>6‘52.)</strong></span> <span class='ocrx_word' id='word_1_647' title='bbox 960 5803 1047 5859; x_wconf 87' lang='lat' dir='ltr'><strong>Ct&#39;.</strong></span> <span class='ocrx_word' id='word_1_648' title='bbox 1078 5818 1166 5871; x_wconf 90' lang='lat' dir='ltr'><strong>ep.</strong></span> <span class='ocrx_word' id='word_1_649' title='bbox 1203 5802 1333 5867; x_wconf 87' lang='lat'><strong>205,</strong></span> <span class='ocrx_word' id='word_1_650' title='bbox 1362 5819 1418 5873; x_wconf 95' lang='lat' dir='ltr'><strong>p.</strong></span> <span class='ocrx_word' id='word_1_651' title='bbox 1448 5800 1575 5867; x_wconf 79' lang='lat'><strong>502;</strong></span> <span class='ocrx_word' id='word_1_652' title='bbox 1605 5816 1693 5871; x_wconf 90' lang='lat' dir='ltr'><strong>op.</strong></span> <span class='ocrx_word' id='word_1_653' title='bbox 1731 5811 1901 5856; x_wconf 87' lang='lat' dir='ltr'><strong>nostr.</strong></span> <span class='ocrx_word' id='word_1_654' title='bbox 1927 5819 1976 5856; x_wconf 91' lang='lat' dir='ltr'><strong>c.</strong></span> <span class='ocrx_word' id='word_1_655' title='bbox 2013 5807 2101 5857; x_wconf 80' lang='grc'><strong>48.</strong></span> 
     </span>
    </p>
   </div>
   <div class='ocr_carea' id='block_1_94' title="bbox 601 5874 2107 5946">
    <p class='ocr_par' dir='ltr' id='par_1_94' title="bbox 601 5874 2107 5946">
     <span class='ocr_line' id='line_1_94' title="bbox 601 5874 2107 5946; baseline -0.001 -18"><span class='ocrx_word' id='word_1_656' title='bbox 601 5875 715 5946; x_wconf 80' lang='grc'><strong>(15)</strong></span> <span class='ocrx_word' id='word_1_657' title='bbox 770 5875 971 5946; x_wconf 75' lang='lat' dir='ltr'><strong>Suidas</strong></span> <span class='ocrx_word' id='word_1_658' title='bbox 1018 5874 1122 5946; x_wconf 83' lang='lat' dir='ltr'><strong>sub</strong></span> <span class='ocrx_word' id='word_1_659' title='bbox 1173 5874 1229 5927; x_wconf 84' lang='lat' dir='ltr'><strong>h.</strong></span> <span class='ocrx_word' id='word_1_660' title='bbox 1286 5889 1337 5928; x_wconf 79' lang='grc' dir='ltr'><strong>ν.</strong></span> <span class='ocrx_word' id='word_1_661' title='bbox 1391 5874 1789 5946; x_wconf 16' lang='grc' dir='ltr'><strong>Μνσταᾲγῳγεῖο</strong></span> <span class='ocrx_word' id='word_1_662' title='bbox 1831 5874 2107 5946; x_wconf 47' lang='grc' dir='ltr'><strong>μσστήρια</strong></span> 
     </span>
    </p>
   </div>
   <div class='ocr_carea' id='block_1_95' title="bbox 526 5942 2099 6017">
    <p class='ocr_par' dir='ltr' id='par_1_95' title="bbox 526 5942 2099 6017">
     <span class='ocr_line' id='line_1_95' title="bbox 526 5942 2099 6017; baseline 0 -18"><span class='ocrx_word' id='word_1_663' title='bbox 526 5942 799 5999; x_wconf 61' lang='lat' dir='ltr'><strong>intuiti&quot;</strong></span> <span class='ocrx_word' id='word_1_664' title='bbox 838 5943 915 6008; x_wconf 76' lang='grc' dir='ltr'><strong>ὡς</strong></span> <span class='ocrx_word' id='word_1_665' title='bbox 956 5944 1232 6016; x_wconf 64' lang='grc' dir='ltr'><strong>μυστήρια</strong></span> <span class='ocrx_word' id='word_1_666' title='bbox 1264 5946 1389 6015; x_wconf 69' lang='grc' dir='ltr'><strong>ἄγει</strong></span> <span class='ocrx_word' id='word_1_667' title='bbox 1439 5943 1472 6017; x_wconf 77' lang='grc' dir='ltr'>ἦ</span> <span class='ocrx_word' id='word_1_668' title='bbox 1506 5944 1833 5998; x_wconf 61' lang='grc' dir='ltr'><strong>ἐκδιδάσκει.</strong></span> <span class='ocrx_word' id='word_1_669' title='bbox 1865 5942 2099 6016; x_wconf 75' lang='lat' dir='ltr'><strong>ilcsyCII.</strong></span> 
     </span>
    </p>
   </div>
   <div class='ocr_carea' id='block_1_96' title="bbox 2208 3336 3797 3409">
    <p class='ocr_par' dir='ltr' id='par_1_96' title="bbox 2208 3336 3797 3409">
     <span class='ocr_line' id='line_1_96' title="bbox 2208 3336 3797 3409; baseline -0.002 -16"><span class='ocrx_word' id='word_1_670' title='bbox 2208 3339 2445 3407; x_wconf 82' lang='grc' dir='ltr'><strong>αγωγῶν</strong></span> <span class='ocrx_word' id='word_1_671' title='bbox 2491 3338 2583 3409; x_wconf 90' lang='lat' dir='ltr'><strong>qui</strong></span> <span class='ocrx_word' id='word_1_672' title='bbox 2614 3338 2669 3392; x_wconf 91' lang='lat' dir='ltr'><strong>in</strong></span> <span class='ocrx_word' id='word_1_673' title='bbox 2711 3340 2967 3409; x_wconf 86' lang='lat' dir='ltr'><strong>mysteria</strong></span> <span class='ocrx_word' id='word_1_674' title='bbox 2992 3340 3163 3403; x_wconf 91' lang='lat' dir='ltr'><strong>ducit,</strong></span> <span class='ocrx_word' id='word_1_675' title='bbox 3195 3338 3289 3408; x_wconf 91' lang='lat' dir='ltr'><strong>qui</strong></span> <span class='ocrx_word' id='word_1_676' title='bbox 3323 3337 3433 3391; x_wconf 90' lang='lat' dir='ltr'><strong>ritu</strong></span> <span class='ocrx_word' id='word_1_677' title='bbox 3470 3336 3797 3408; x_wconf 83' lang='lat' dir='ltr'><strong>mysterioso</strong></span> 
     </span>
    </p>
   </div>
   <div class='ocr_carea' id='block_1_97' title="bbox 2209 3428 3795 3500">
    <p class='ocr_par' dir='ltr' id='par_1_97' title="bbox 2209 3428 3795 3500">
     <span class='ocr_line' id='line_1_97' title="bbox 2209 3428 3795 3500; baseline -0.002 -16"><span class='ocrx_word' id='word_1_678' title='bbox 2209 3430 2408 3493; x_wconf 83' lang='lat' dir='ltr'><strong>initiat,</strong></span> <span class='ocrx_word' id='word_1_679' title='bbox 2447 3439 2754 3493; x_wconf 89' lang='lat' dir='ltr'><strong>consecrat,</strong></span> <span class='ocrx_word' id='word_1_680' title='bbox 2784 3430 2875 3499; x_wconf 92' lang='lat' dir='ltr'><strong>qui</strong></span> <span class='ocrx_word' id='word_1_681' title='bbox 2907 3430 3159 3500; x_wconf 86' lang='lat' dir='ltr'><strong>mysteria</strong></span> <span class='ocrx_word' id='word_1_682' title='bbox 3192 3429 3425 3499; x_wconf 89' lang='lat' dir='ltr'><strong>perficit,</strong></span> <span class='ocrx_word' id='word_1_683' title='bbox 3468 3428 3562 3498; x_wconf 88' lang='lat' dir='ltr'><strong>qui</strong></span> <span class='ocrx_word' id='word_1_684' title='bbox 3594 3435 3795 3499; x_wconf 80' lang='lat' dir='ltr'><strong>mystc-</strong></span> 
     </span>
    </p>
   </div>
   <div class='ocr_carea' id='block_1_98' title="bbox 2209 3518 3799 3590">
    <p class='ocr_par' dir='ltr' id='par_1_98' title="bbox 2209 3518 3799 3590">
     <span class='ocr_line' id='line_1_98' title="bbox 2209 3518 3799 3590; baseline -0.003 -17"><span class='ocrx_word' id='word_1_685' title='bbox 2209 3520 2288 3573; x_wconf 85' lang='lat' dir='ltr'><strong>ria</strong></span> <span class='ocrx_word' id='word_1_686' title='bbox 2313 3519 2477 3575; x_wconf 90' lang='lat' dir='ltr'><strong>tradit</strong></span> <span class='ocrx_word' id='word_1_687' title='bbox 2494 3534 2558 3575; x_wconf 91' lang='lat' dir='ltr'><strong>ac</strong></span> <span class='ocrx_word' id='word_1_688' title='bbox 2581 3520 2741 3575; x_wconf 82' lang='lat' dir='ltr'><strong>docet</strong></span> <span class='ocrx_word' id='word_1_689' title='bbox 2760 3518 2906 3590; x_wconf 89' lang='lat'><strong>(15);</strong></span> <span class='ocrx_word' id='word_1_690' title='bbox 2932 3519 3062 3573; x_wconf 91' lang='lat' dir='ltr'><strong>hinc</strong></span> <span class='ocrx_word' id='word_1_691' title='bbox 3099 3518 3357 3574; x_wconf 88' lang='lat' dir='ltr'><strong>sacerdos</strong></span> <span class='ocrx_word' id='word_1_692' title='bbox 3378 3532 3601 3588; x_wconf 89' lang='lat' dir='ltr'><strong>quoque</strong></span> <span class='ocrx_word' id='word_1_693' title='bbox 3642 3534 3799 3586; x_wconf 78' lang='grc' dir='ltr'>μυστ-</span> 
     </span>
    </p>
   </div>
   <div class='ocr_carea' id='block_1_99' title="bbox 2209 3610 3794 3682">
    <p class='ocr_par' dir='ltr' id='par_1_99' title="bbox 2209 3610 3794 3682">
     <span class='ocr_line' id='line_1_99' title="bbox 2209 3610 3794 3682; baseline -0.001 -16"><span class='ocrx_word' id='word_1_694' title='bbox 2209 3611 2425 3680; x_wconf 80' lang='grc' dir='ltr'><strong>αγωγὸς</strong></span> <span class='ocrx_word' id='word_1_695' title='bbox 2452 3620 2803 3681; x_wconf 88' lang='lat' dir='ltr'><strong>nuncupatur</strong></span> <span class='ocrx_word' id='word_1_696' title='bbox 2833 3610 2978 3681; x_wconf 84' lang='lat'><strong>(16);</strong></span> <span class='ocrx_word' id='word_1_697' title='bbox 3011 3610 3370 3682; x_wconf 83' lang='grc' dir='ltr'><strong>μυσταγωγία</strong></span> <span class='ocrx_word' id='word_1_698' title='bbox 3402 3618 3489 3666; x_wconf 89' lang='lat' dir='ltr'><strong>est</strong></span> <span class='ocrx_word' id='word_1_699' title='bbox 3527 3611 3794 3672; x_wconf 88' lang='lat' dir='ltr'><strong>initiatio.</strong></span> 
     </span>
    </p>
   </div>
   <div class='ocr_carea' id='block_1_100' title="bbox 2212 3702 3794 3774">
    <p class='ocr_par' dir='ltr' id='par_1_100' title="bbox 2212 3702 3794 3774">
     <span class='ocr_line' id='line_1_100' title="bbox 2212 3702 3794 3774; baseline 0.001 -18"><span class='ocrx_word' id='word_1_700' title='bbox 2212 3702 2503 3767; x_wconf 88' lang='lat' dir='ltr'><strong>immissio,</strong></span> <span class='ocrx_word' id='word_1_701' title='bbox 2550 3702 2794 3757; x_wconf 88' lang='lat' dir='ltr'><strong>inductio</strong></span> <span class='ocrx_word' id='word_1_702' title='bbox 2824 3702 2878 3756; x_wconf 92' lang='lat' dir='ltr'><strong>in</strong></span> <span class='ocrx_word' id='word_1_703' title='bbox 2924 3703 3180 3774; x_wconf 88' lang='lat' dir='ltr'><strong>mysteria</strong></span> <span class='ocrx_word' id='word_1_704' title='bbox 3207 3744 3221 3769; x_wconf 92' lang='lat'><strong>,</strong></span> <span class='ocrx_word' id='word_1_705' title='bbox 3275 3717 3428 3758; x_wconf 89' lang='lat' dir='ltr'><strong>sacra</strong></span> <span class='ocrx_word' id='word_1_706' title='bbox 3484 3702 3794 3766; x_wconf 85' lang='lat' dir='ltr'><strong>institutio,</strong></span> 
     </span>
    </p>
   </div>
   <div class='ocr_carea' id='block_1_101' title="bbox 2216 3793 3796 3867">
    <p class='ocr_par' dir='ltr' id='par_1_101' title="bbox 2216 3793 3796 3867">
     <span class='ocr_line' id='line_1_101' title="bbox 2216 3793 3796 3867; baseline -0.003 -17"><span class='ocrx_word' id='word_1_707' title='bbox 2216 3795 2358 3850; x_wconf 86' lang='lat' dir='ltr'><strong>sacri</strong></span> <span class='ocrx_word' id='word_1_708' title='bbox 2394 3794 2693 3865; x_wconf 85' lang='lat' dir='ltr'><strong>cujuslibet</strong></span> <span class='ocrx_word' id='word_1_709' title='bbox 2723 3796 2861 3850; x_wconf 91' lang='lat' dir='ltr'><strong>ritus</strong></span> <span class='ocrx_word' id='word_1_710' title='bbox 2890 3796 3155 3866; x_wconf 88' lang='lat' dir='ltr'><strong>perfectio</strong></span> <span class='ocrx_word' id='word_1_711' title='bbox 3187 3795 3319 3867; x_wconf 87' lang='grc'><strong>(17).</strong></span> <span class='ocrx_word' id='word_1_712' title='bbox 3353 3794 3526 3850; x_wconf 86' lang='lat' dir='ltr'><strong>Porro</strong></span> <span class='ocrx_word' id='word_1_713' title='bbox 3558 3809 3685 3849; x_wconf 91' lang='lat' dir='ltr'><strong>cum</strong></span> <span class='ocrx_word' id='word_1_714' title='bbox 3743 3793 3796 3847; x_wconf 90' lang='lat' dir='ltr'><strong>in</strong></span> 
     </span>
    </p>
   </div>
   <div class='ocr_carea' id='block_1_102' title="bbox 2210 3885 3799 3957">
    <p class='ocr_par' dir='ltr' id='par_1_102' title="bbox 2210 3885 3799 3957">
     <span class='ocr_line' id='line_1_102' title="bbox 2210 3885 3799 3957; baseline 0 -16"><span class='ocrx_word' id='word_1_715' title='bbox 2210 3885 2585 3942; x_wconf 82' lang='lat' dir='ltr'><strong>ecclesiastico</strong></span> <span class='ocrx_word' id='word_1_716' title='bbox 2614 3888 2868 3957; x_wconf 88' lang='lat' dir='ltr'><strong>loquendi</strong></span> <span class='ocrx_word' id='word_1_717' title='bbox 2900 3903 3003 3943; x_wconf 92' lang='lat' dir='ltr'><strong>usu</strong></span> <span class='ocrx_word' id='word_1_718' title='bbox 3035 3896 3143 3942; x_wconf 89' lang='lat' dir='ltr'><strong>tam</strong></span> <span class='ocrx_word' id='word_1_719' title='bbox 3179 3894 3523 3942; x_wconf 88' lang='lat' dir='ltr'><strong>sacramenta</strong></span> <span class='ocrx_word' id='word_1_720' title='bbox 3547 3885 3799 3955; x_wconf 85' lang='lat' dir='ltr'><strong>sacrique</strong></span> 
     </span>
    </p>
   </div>
   <div class='ocr_carea' id='block_1_103' title="bbox 2211 3979 3800 4051">
    <p class='ocr_par' dir='ltr' id='par_1_103' title="bbox 2211 3979 3800 4051">
     <span class='ocr_line' id='line_1_103' title="bbox 2211 3979 3800 4051; baseline -0.001 -18"><span class='ocrx_word' id='word_1_721' title='bbox 2211 3979 2349 4034; x_wconf 91' lang='lat' dir='ltr'><strong>ritus</strong></span> <span class='ocrx_word' id='word_1_722' title='bbox 2390 3995 2552 4049; x_wconf 91' lang='lat' dir='ltr'><strong>quam</strong></span> <span class='ocrx_word' id='word_1_723' title='bbox 2602 3980 2853 4051; x_wconf 80' lang='lat' dir='ltr'><strong>dogmata</strong></span> <span class='ocrx_word' id='word_1_724' title='bbox 2906 3980 3228 4036; x_wconf 89' lang='lat' dir='ltr'><strong>sublimiora</strong></span> <span class='ocrx_word' id='word_1_725' title='bbox 3276 3979 3617 4049; x_wconf 88' lang='lat' dir='ltr'><strong>rationisque</strong></span> <span class='ocrx_word' id='word_1_726' title='bbox 3654 3979 3800 4035; x_wconf 83' lang='lat' dir='ltr'><strong>vires</strong></span> 
     </span>
    </p>
   </div>
   <div class='ocr_carea' id='block_1_104' title="bbox 2214 4072 3803 4145">
    <p class='ocr_par' dir='ltr' id='par_1_104' title="bbox 2214 4072 3803 4145">
     <span class='ocr_line' id='line_1_104' title="bbox 2214 4072 3803 4145; baseline -0.001 -17"><span class='ocrx_word' id='word_1_727' title='bbox 2214 4072 2531 4128; x_wconf 81' lang='lat' dir='ltr'><strong>excedentia</strong></span> <span class='ocrx_word' id='word_1_728' title='bbox 2558 4072 2911 4128; x_wconf 89' lang='lat' dir='ltr'><strong>nominentur</strong></span> <span class='ocrx_word' id='word_1_729' title='bbox 2941 4074 3240 4145; x_wconf 81' lang='grc' dir='ltr'><strong>μυστήρια,</strong></span> <span class='ocrx_word' id='word_1_730' title='bbox 3267 4073 3636 4144; x_wconf 73' lang='grc' dir='ltr'><strong>μυσταγωγια</strong></span> <span class='ocrx_word' id='word_1_731' title='bbox 3665 4088 3803 4142; x_wconf 52' lang='lat' dir='ltr'><strong>quo.</strong></span> 
     </span>
    </p>
   </div>
   <div class='ocr_carea' id='block_1_105' title="bbox 2214 4163 3801 4238">
    <p class='ocr_par' dir='ltr' id='par_1_105' title="bbox 2214 4163 3801 4238">
     <span class='ocr_line' id='line_1_105' title="bbox 2214 4163 3801 4238; baseline -0.001 -19"><span class='ocrx_word' id='word_1_732' title='bbox 2214 4182 2320 4238; x_wconf 90' lang='lat' dir='ltr'><strong>que</strong></span> <span class='ocrx_word' id='word_1_733' title='bbox 2349 4164 2513 4220; x_wconf 91' lang='lat' dir='ltr'><strong>modo</strong></span> <span class='ocrx_word' id='word_1_734' title='bbox 2547 4165 2613 4221; x_wconf 91' lang='lat' dir='ltr'><strong>ad</strong></span> <span class='ocrx_word' id='word_1_735' title='bbox 2647 4173 2989 4222; x_wconf 90' lang='lat' dir='ltr'><strong>sacramenta</strong></span> <span class='ocrx_word' id='word_1_736' title='bbox 3019 4164 3275 4220; x_wconf 84' lang='lat' dir='ltr'><strong>Ecclesiae</strong></span> <span class='ocrx_word' id='word_1_737' title='bbox 3299 4163 3439 4232; x_wconf 81' lang='grc'><strong>(18),</strong></span> <span class='ocrx_word' id='word_1_738' title='bbox 3472 4179 3538 4219; x_wconf 90' lang='lat' dir='ltr'><strong>ac</strong></span> <span class='ocrx_word' id='word_1_739' title='bbox 3569 4179 3801 4235; x_wconf 71' lang='lat' dir='ltr'><strong>prteser-</strong></span> 
     </span>
    </p>
   </div>
   <div class='ocr_carea' id='block_1_106' title="bbox 2214 4257 3803 4331">
    <p class='ocr_par' dir='ltr' id='par_1_106' title="bbox 2214 4257 3803 4331">
     <span class='ocr_line' id='line_1_106' title="bbox 2214 4257 3803 4331; baseline -0.003 -16"><span class='ocrx_word' id='word_1_740' title='bbox 2214 4261 2311 4315; x_wconf 91' lang='lat' dir='ltr'><strong>tim</strong></span> <span class='ocrx_word' id='word_1_741' title='bbox 2360 4261 2429 4316; x_wconf 93' lang='lat' dir='ltr'><strong>ad</strong></span> <span class='ocrx_word' id='word_1_742' title='bbox 2480 4259 2813 4329; x_wconf 89' lang='lat' dir='ltr'><strong>baptismum</strong></span> <span class='ocrx_word' id='word_1_743' title='bbox 2847 4258 2960 4331; x_wconf 86' lang='lat' dir='ltr'><strong>(i9)</strong></span> <span class='ocrx_word' id='word_1_744' title='bbox 3007 4266 3064 4313; x_wconf 88' lang='lat' dir='ltr'><strong>et</strong></span> <span class='ocrx_word' id='word_1_745' title='bbox 3098 4257 3501 4313; x_wconf 86' lang='lat' dir='ltr'><strong>Eucharistiam</strong></span> <span class='ocrx_word' id='word_1_746' title='bbox 3537 4257 3671 4327; x_wconf 82' lang='lat'><strong>(20),</strong></span> <span class='ocrx_word' id='word_1_747' title='bbox 3719 4270 3803 4311; x_wconf 81' lang='lat' dir='ltr'><strong>re-</strong></span> 
     </span>
    </p>
   </div>
   <div class='ocr_carea' id='block_1_107' title="bbox 2212 4347 3803 4423">
    <p class='ocr_par' dir='ltr' id='par_1_107' title="bbox 2212 4347 3803 4423">
     <span class='ocr_line' id='line_1_107' title="bbox 2212 4347 3803 4423; baseline -0.003 -15"><span class='ocrx_word' id='word_1_748' title='bbox 2212 4352 2408 4410; x_wconf 80' lang='lat' dir='ltr'><strong>fertur.</strong></span> <span class='ocrx_word' id='word_1_749' title='bbox 2444 4366 2508 4407; x_wconf 89' lang='lat' dir='ltr'><strong>ac</strong></span> <span class='ocrx_word' id='word_1_750' title='bbox 2532 4366 2675 4422; x_wconf 73' lang='lat' dir='ltr'><strong>Stepe</strong></span> <span class='ocrx_word' id='word_1_751' title='bbox 2702 4350 2759 4407; x_wconf 90' lang='lat' dir='ltr'><strong>in</strong></span> <span class='ocrx_word' id='word_1_752' title='bbox 2790 4350 3081 4423; x_wconf 83' lang='lat' dir='ltr'><strong>posteriori</strong></span> <span class='ocrx_word' id='word_1_753' title='bbox 3110 4350 3432 4421; x_wconf 90' lang='lat' dir='ltr'><strong>acceptione</strong></span> <span class='ocrx_word' id='word_1_754' title='bbox 3467 4347 3621 4422; x_wconf 78' lang='lat'><strong>[157]</strong></span> <span class='ocrx_word' id='word_1_755' title='bbox 3656 4348 3803 4404; x_wconf 87' lang='lat' dir='ltr'><strong>idem</strong></span> 
     </span>
    </p>
   </div>
   <div class='ocr_carea' id='block_1_108' title="bbox 2214 4536 3680 4615">
    <p class='ocr_par' dir='ltr' id='par_1_108' title="bbox 2214 4536 3680 4615">
     <span class='ocr_line' id='line_1_108' title="bbox 2214 4536 3680 4615; baseline -0.001 -19"><span class='ocrx_word' id='word_1_756' title='bbox 2214 4541 2325 4615; x_wconf 72' lang='lat' dir='ltr'><strong>sub</strong></span> <span class='ocrx_word' id='word_1_757' title='bbox 2444 4557 2499 4615; x_wconf 65' lang='lat' dir='ltr'><strong>v.</strong></span> <span class='ocrx_word' id='word_1_758' title='bbox 2523 4540 2835 4615; x_wconf 64' lang='lat' dir='ltr'><strong>_p_.uatﬁptov</strong></span> <span class='ocrx_word' id='word_1_759' title='bbox 2867 4539 3013 4607; x_wconf 77' lang='grc' dir='ltr'><strong>ἄγει.</strong></span> <span class='ocrx_word' id='word_1_760' title='bbox 3039 4538 3123 4615; x_wconf 74' lang='lat' dir='ltr'><strong>Cf.</strong></span> <span class='ocrx_word' id='word_1_761' title='bbox 3151 4538 3370 4615; x_wconf 53' lang='lat' dir='ltr'><strong>Suieer.</strong></span> <span class='ocrx_word' id='word_1_762' title='bbox 3398 4536 3567 4615; x_wconf 61' lang='lat' dir='ltr'><strong>Thes.</strong></span> <span class='ocrx_word' id='word_1_763' title='bbox 3598 4538 3680 4615; x_wconf 74' lang='lat' dir='ltr'><strong>ib.</strong></span> 
     </span>
    </p>
   </div>
   <div class='ocr_carea' id='block_1_109' title="bbox 2281 4607 3801 4681">
    <p class='ocr_par' dir='ltr' id='par_1_109' title="bbox 2281 4607 3801 4681">
     <span class='ocr_line' id='line_1_109' title="bbox 2281 4607 3801 4681; baseline 0.001 -17"><span class='ocrx_word' id='word_1_764' title='bbox 2281 4611 2393 4681; x_wconf 87' lang='grc'><strong>(16)</strong></span> <span class='ocrx_word' id='word_1_765' title='bbox 2442 4607 2640 4666; x_wconf 74' lang='lat' dir='ltr'><strong>Suidas</strong></span> <span class='ocrx_word' id='word_1_766' title='bbox 2681 4607 3162 4681; x_wconf 72' lang='grc' dir='ltr'><strong>ε”Μυσταγωγὸςο</strong></span> <span class='ocrx_word' id='word_1_767' title='bbox 3229 4607 3445 4681; x_wconf 62' lang='grc' dir='ltr'><strong>ἱερβύςο</strong></span> <span class='ocrx_word' id='word_1_768' title='bbox 3486 4610 3733 4681; x_wconf 68' lang='grc' dir='ltr'><strong>ῌεδγοΙι.</strong></span> <span class='ocrx_word' id='word_1_769' title='bbox 3786 4628 3801 4665; x_wconf 92' lang='lat'>:</span> 
     </span>
    </p>
   </div>
   <div class='ocr_carea' id='block_1_110' title="bbox 2214 4678 3807 4751">
    <p class='ocr_par' dir='ltr' id='par_1_110' title="bbox 2214 4678 3807 4751">
     <span class='ocr_line' id='line_1_110' title="bbox 2214 4678 3807 4751; baseline 0.001 -15"><span class='ocrx_word' id='word_1_770' title='bbox 2214 4678 2589 4751; x_wconf 75' lang='grc' dir='ltr'><strong>Μύσταγωγὸς</strong></span> <span class='ocrx_word' id='word_1_771' title='bbox 2607 4700 2621 4716; x_wconf 77' lang='grc' dir='ltr'><strong><em>ο</em></strong></span> <span class='ocrx_word' id='word_1_772' title='bbox 2654 4680 2835 4751; x_wconf 78' lang='grc' dir='ltr'><strong>ἱερεὺς</strong></span> <span class='ocrx_word' id='word_1_773' title='bbox 2859 4682 2888 4735; x_wconf 83' lang='grc' dir='ltr'>ὀ</span> <span class='ocrx_word' id='word_1_774' title='bbox 2908 4682 3033 4744; x_wconf 84' lang='grc' dir='ltr'><strong>τοὺς</strong></span> <span class='ocrx_word' id='word_1_775' title='bbox 3058 4678 3265 4751; x_wconf 81' lang='grc' dir='ltr'><strong>μύστας</strong></span> <span class='ocrx_word' id='word_1_776' title='bbox 3294 4678 3467 4748; x_wconf 76' lang='grc' dir='ltr'><strong>ἄγων.</strong></span> <span class='ocrx_word' id='word_1_777' title='bbox 3495 4678 3645 4737; x_wconf 82' lang='lat' dir='ltr'><strong>Sunt</strong></span> <span class='ocrx_word' id='word_1_778' title='bbox 3671 4694 3807 4738; x_wconf 81' lang='lat' dir='ltr'><strong>vero</strong></span> 
     </span>
    </p>
   </div>
   <div class='ocr_carea' id='block_1_111' title="bbox 2216 4751 3073 4824">
    <p class='ocr_par' dir='ltr' id='par_1_111' title="bbox 2216 4751 3073 4824">
     <span class='ocr_line' id='line_1_111' title="bbox 2216 4751 3073 4824; baseline 0.006 -20"><span class='ocrx_word' id='word_1_779' title='bbox 2216 4752 2415 4824; x_wconf 82' lang='grc' dir='ltr'>μύσται</span> <span class='ocrx_word' id='word_1_780' title='bbox 2430 4781 2519 4824; x_wconf 33' lang='grc' dir='ltr'><strong>ῌ-τ</strong></span> <span class='ocrx_word' id='word_1_781' title='bbox 2550 4751 2726 4824; x_wconf 49' lang='lat' dir='ltr'><strong>patrii;</strong></span> <span class='ocrx_word' id='word_1_782' title='bbox 2737 4769 2825 4823; x_wconf 80' lang='lat' dir='ltr'><strong>pta</strong></span> <span class='ocrx_word' id='word_1_783' title='bbox 2850 4751 3073 4824; x_wconf 64' lang='grc' dir='ltr'><strong>ξῐδότες.</strong></span> 
     </span>
    </p>
   </div>
   <div class='ocr_carea' id='block_1_112' title="bbox 2309 4821 3006 4893">
    <p class='ocr_par' dir='ltr' id='par_1_112' title="bbox 2309 4821 3006 4893">
     <span class='ocr_line' id='line_1_112' title="bbox 2309 4821 3006 4893; baseline 0.004 -19"><span class='ocrx_word' id='word_1_784' title='bbox 2309 4823 2395 4893; x_wconf 87' lang='lat'><strong>17)</strong></span> <span class='ocrx_word' id='word_1_785' title='bbox 2424 4821 2632 4877; x_wconf 82' lang='lat' dir='ltr'><strong>Suicer.</strong></span> <span class='ocrx_word' id='word_1_786' title='bbox 2663 4821 2827 4876; x_wconf 84' lang='lat' dir='ltr'><strong>Thes.</strong></span> <span class='ocrx_word' id='word_1_787' title='bbox 2858 4821 2916 4875; x_wconf 90' lang='lat' dir='ltr'><strong>h.</strong></span> <span class='ocrx_word' id='word_1_788' title='bbox 2951 4839 3006 4877; x_wconf 91' lang='lat' dir='ltr'><strong>v.</strong></span> 
     </span>
    </p>
   </div>
   <div class='ocr_carea' id='block_1_113' title="bbox 2312 4888 3804 4963">
    <p class='ocr_par' dir='ltr' id='par_1_113' title="bbox 2312 4888 3804 4963">
     <span class='ocr_line' id='line_1_113' title="bbox 2312 4888 3804 4963; baseline 0 -17"><span class='ocrx_word' id='word_1_789' title='bbox 2312 4888 2397 4961; x_wconf 77' lang='grc'><strong>18)</strong></span> <span class='ocrx_word' id='word_1_790' title='bbox 2431 4893 2545 4948; x_wconf 82' lang='lat' dir='ltr'><strong>Huc</strong></span> <span class='ocrx_word' id='word_1_791' title='bbox 2586 4901 2833 4963; x_wconf 85' lang='lat' dir='ltr'><strong>spectant</strong></span> <span class='ocrx_word' id='word_1_792' title='bbox 2852 4894 3023 4963; x_wconf 82' lang='lat' dir='ltr'><strong>verba</strong></span> <span class='ocrx_word' id='word_1_793' title='bbox 3054 4892 3183 4947; x_wconf 86' lang='lat' dir='ltr'><strong>Eus.</strong></span> <span class='ocrx_word' id='word_1_794' title='bbox 3232 4889 3556 4963; x_wconf 54' lang='lat' dir='ltr'><strong>Caeam“.</strong></span> <span class='ocrx_word' id='word_1_795' title='bbox 3593 4892 3725 4963; x_wconf 64' lang='lat' dir='ltr'><strong>ccci.</strong></span> <span class='ocrx_word' id='word_1_796' title='bbox 3759 4888 3804 4957; x_wconf 84' lang='grc'><strong>1,</strong></span> 
     </span>
    </p>
   </div>
   <div class='ocr_carea' id='block_1_114' title="bbox 2211 4962 3808 5033">
    <p class='ocr_par' dir='ltr' id='par_1_114' title="bbox 2211 4962 3808 5033">
     <span class='ocr_line' id='line_1_114' title="bbox 2211 4962 3808 5033; baseline -0.001 -15"><span class='ocrx_word' id='word_1_797' title='bbox 2211 4964 2269 5027; x_wconf 87' lang='grc'><strong>2,</strong></span> <span class='ocrx_word' id='word_1_798' title='bbox 2308 4980 2363 5033; x_wconf 93' lang='lat' dir='ltr'><strong>p.</strong></span> <span class='ocrx_word' id='word_1_799' title='bbox 2397 4964 2468 5017; x_wconf 77' lang='grc'><strong>24</strong></span> <span class='ocrx_word' id='word_1_800' title='bbox 2509 4962 2811 5019; x_wconf 62' lang='grc' dir='ltr'><strong>θὼΗθὶιι.</strong></span> <span class='ocrx_word' id='word_1_801' title='bbox 2841 4962 3001 5033; x_wconf 84' lang='grc'><strong>1829.</strong></span> <span class='ocrx_word' id='word_1_802' title='bbox 3051 4964 3139 5016; x_wconf 77' lang='lat' dir='ltr'><strong>Ait</strong></span> <span class='ocrx_word' id='word_1_803' title='bbox 3185 4964 3331 5017; x_wconf 90' lang='lat' dir='ltr'><strong>enim</strong></span> <span class='ocrx_word' id='word_1_804' title='bbox 3372 4962 3544 5018; x_wconf 82' lang='lat' dir='ltr'><strong>Deum</strong></span> <span class='ocrx_word' id='word_1_805' title='bbox 3580 4962 3808 5033; x_wconf 13' lang='lat' dir='ltr'><strong>iJudxis</strong></span> 
     </span>
    </p>
   </div>
   <div class='ocr_carea' id='block_1_115' title="bbox 2215 5032 3807 5104">
    <p class='ocr_par' dir='ltr' id='par_1_115' title="bbox 2215 5032 3807 5104">
     <span class='ocr_line' id='line_1_115' title="bbox 2215 5032 3807 5104; baseline -0.001 -16"><span class='ocrx_word' id='word_1_806' title='bbox 2215 5032 2321 5104; x_wconf 82' lang='lat' dir='ltr'><strong>per</strong></span> <span class='ocrx_word' id='word_1_807' title='bbox 2351 5034 2569 5104; x_wconf 86' lang='lat' dir='ltr'><strong>Moysen</strong></span> <span class='ocrx_word' id='word_1_808' title='bbox 2610 5033 2827 5104; x_wconf 88' lang='lat' dir='ltr'><strong>dedisse</strong></span> <span class='ocrx_word' id='word_1_809' title='bbox 2862 5032 3059 5103; x_wconf 83' lang='lat' dir='ltr'><strong>figuras</strong></span> <span class='ocrx_word' id='word_1_810' title='bbox 3094 5048 3159 5087; x_wconf 90' lang='lat' dir='ltr'><strong>ac</strong></span> <span class='ocrx_word' id='word_1_811' title='bbox 3197 5035 3471 5104; x_wconf 78' lang='lat' dir='ltr'><strong>symbola,</strong></span> <span class='ocrx_word' id='word_1_812' title='bbox 3501 5032 3714 5103; x_wconf 72' lang='grc' dir='ltr'><strong>ἑτέρων</strong></span> <span class='ocrx_word' id='word_1_813' title='bbox 3745 5050 3807 5086; x_wconf 81' lang='grc' dir='ltr'><strong>τε</strong></span> 
     </span>
    </p>
   </div>
   <div class='ocr_carea' id='block_1_116' title="bbox 2214 5103 3805 5177">
    <p class='ocr_par' dir='ltr' id='par_1_116' title="bbox 2214 5103 3805 5177">
     <span class='ocr_line' id='line_1_116' title="bbox 2214 5103 3805 5177; baseline 0.001 -21"><span class='ocrx_word' id='word_1_814' title='bbox 2214 5103 2843 5177; x_wconf 26' lang='grc' dir='ltr'><strong>νοητῶνίθεωρημάτων</strong></span> <span class='ocrx_word' id='word_1_815' title='bbox 2889 5104 3236 5177; x_wconf 72' lang='grc' dir='ltr'><strong>εἰσαγωγὰς,</strong></span> <span class='ocrx_word' id='word_1_816' title='bbox 3294 5104 3409 5157; x_wconf 85' lang='grc' dir='ltr'><strong>ἀλλ’</strong></span> <span class='ocrx_word' id='word_1_817' title='bbox 3465 5104 3566 5155; x_wconf 85' lang='grc' dir='ltr'><strong>οὐκ</strong></span> <span class='ocrx_word' id='word_1_818' title='bbox 3625 5104 3805 5169; x_wconf 76' lang='grc' dir='ltr'>αὐτὰς</span> 
     </span>
    </p>
   </div>
   <div class='ocr_carea' id='block_1_117' title="bbox 2215 5172 3038 5245">
    <p class='ocr_par' dir='ltr' id='par_1_117' title="bbox 2215 5172 3038 5245">
     <span class='ocr_line' id='line_1_117' title="bbox 2215 5172 3038 5245; baseline -0.002 -18"><span class='ocrx_word' id='word_1_819' title='bbox 2215 5176 2462 5245; x_wconf 77' lang='grc' dir='ltr'><strong>ἐναργεῖς</strong></span> <span class='ocrx_word' id='word_1_820' title='bbox 2492 5172 2594 5238; x_wconf 65' lang='grc' dir='ltr'><strong>τάξ</strong></span> <span class='ocrx_word' id='word_1_821' title='bbox 2625 5172 3038 5245; x_wconf 47' lang='grc' dir='ltr'><strong>μ“υσταγωῇας.</strong></span> 
     </span>
    </p>
   </div>
   <div class='ocr_carea' id='block_1_118' title="bbox 2287 5242 3804 5315">
    <p class='ocr_par' dir='ltr' id='par_1_118' title="bbox 2287 5242 3804 5315">
     <span class='ocr_line' id='line_1_118' title="bbox 2287 5242 3804 5315; baseline 0.003 -19"><span class='ocrx_word' id='word_1_822' title='bbox 2287 5242 2398 5315; x_wconf 78' lang='lat' dir='ltr'><strong>(i9)</strong></span> <span class='ocrx_word' id='word_1_823' title='bbox 2427 5242 2635 5314; x_wconf 74' lang='lat' dir='ltr'><strong>Cyrill.,</strong></span> <span class='ocrx_word' id='word_1_824' title='bbox 2658 5245 2878 5315; x_wconf 53' lang='lat' dir='ltr'><strong>Chrys,</strong></span> <span class='ocrx_word' id='word_1_825' title='bbox 2897 5242 3228 5298; x_wconf 88' lang='lat' dir='ltr'><strong>Theodoret.</strong></span> <span class='ocrx_word' id='word_1_826' title='bbox 3248 5243 3390 5313; x_wconf 88' lang='lat' dir='ltr'><strong>apud</strong></span> <span class='ocrx_word' id='word_1_827' title='bbox 3404 5243 3539 5315; x_wconf 82' lang='lat' dir='ltr'><strong>Klee</strong></span> <span class='ocrx_word' id='word_1_828' title='bbox 3562 5242 3619 5315; x_wconf 89' lang='lat' dir='ltr'><strong>in</strong></span> <span class='ocrx_word' id='word_1_829' title='bbox 3656 5244 3804 5302; x_wconf 74' lang='lat' dir='ltr'><strong>Hist.</strong></span> 
     </span>
    </p>
   </div>
   <div class='ocr_carea' id='block_1_119' title="bbox 2214 5314 3806 5440">
    <p class='ocr_par' dir='ltr' id='par_1_119' title="bbox 2214 5314 3806 5440">
     <span class='ocr_line' id='line_1_119' title="bbox 2214 5314 3806 5385; baseline 0 -16"><span class='ocrx_word' id='word_1_830' title='bbox 2214 5314 2450 5384; x_wconf 81' lang='lat' dir='ltr'><strong>dogmat.</strong></span> <span class='ocrx_word' id='word_1_831' title='bbox 2484 5315 2550 5380; x_wconf 88' lang='grc' dir='ltr'><strong>ΙΙ,</strong></span> <span class='ocrx_word' id='word_1_832' title='bbox 2585 5333 2637 5385; x_wconf 92' lang='lat' dir='ltr'><strong>p.</strong></span> <span class='ocrx_word' id='word_1_833' title='bbox 2667 5315 2768 5368; x_wconf 74' lang='grc'><strong>157</strong></span> <span class='ocrx_word' id='word_1_834' title='bbox 2792 5333 2808 5378; x_wconf 91' lang='lat'><strong>;</strong></span> <span class='ocrx_word' id='word_1_835' title='bbox 2844 5314 3003 5369; x_wconf 82' lang='lat' dir='ltr'><strong>i’hot.</strong></span> <span class='ocrx_word' id='word_1_836' title='bbox 3032 5314 3263 5383; x_wconf 75' lang='lat' dir='ltr'><strong>Amp/tit.</strong></span> <span class='ocrx_word' id='word_1_837' title='bbox 3291 5331 3346 5385; x_wconf 92' lang='lat' dir='ltr'><strong>q.</strong></span> <span class='ocrx_word' id='word_1_838' title='bbox 3374 5315 3475 5381; x_wconf 63' lang='lat'><strong>45;</strong></span> <span class='ocrx_word' id='word_1_839' title='bbox 3499 5314 3629 5369; x_wconf 81' lang='lat' dir='ltr'><strong>Mai.</strong></span> <span class='ocrx_word' id='word_1_840' title='bbox 3651 5318 3806 5369; x_wconf 80' lang='lat' dir='ltr'><strong>Nova</strong></span> 
     </span>
     <span class='ocr_line' id='line_1_120' title="bbox 2215 5384 2817 5440; baseline -0.003 0"><span class='ocrx_word' id='word_1_841' title='bbox 2215 5384 2425 5440; x_wconf 81' lang='lat' dir='ltr'><strong>Collect.</strong></span> <span class='ocrx_word' id='word_1_842' title='bbox 2464 5386 2509 5440; x_wconf 86' lang='grc' dir='ltr'><strong>Ι.</strong></span> <span class='ocrx_word' id='word_1_843' title='bbox 2546 5402 2603 5440; x_wconf 87' lang='grc' dir='ltr'><strong>ιι.</strong></span> <span class='ocrx_word' id='word_1_844' title='bbox 2643 5401 2697 5440; x_wconf 88' lang='grc' dir='ltr'><strong>ι).</strong></span> <span class='ocrx_word' id='word_1_845' title='bbox 2728 5385 2817 5439; x_wconf 82' lang='lat'><strong>99.</strong></span> 
     </span>
    </p>
   </div>
   <div class='ocr_carea' id='block_1_120' title="bbox 2258 5394 2817 5451">
    <p class='ocr_par' dir='ltr' id='par_1_120' title="bbox 2258 5394 2817 5451">
     <span class='ocr_line' id='line_1_121' title="bbox 2258 5394 2817 5451; baseline 0 -13"><span class='ocrx_word' id='word_1_846' title='bbox 2258 5394 2425 5439; x_wconf 86' lang='lat' dir='ltr'><strong>otlect.</strong></span> <span class='ocrx_word' id='word_1_847' title='bbox 2464 5394 2509 5451; x_wconf 85' lang='grc' dir='ltr'><strong>ι,</strong></span> <span class='ocrx_word' id='word_1_848' title='bbox 2546 5402 2603 5451; x_wconf 88' lang='grc' dir='ltr'><strong>ιι,</strong></span> <span class='ocrx_word' id='word_1_849' title='bbox 2642 5401 2697 5451; x_wconf 87' lang='lat' dir='ltr'><strong>p.</strong></span> <span class='ocrx_word' id='word_1_850' title='bbox 2728 5394 2817 5439; x_wconf 72' lang='lat' dir='ltr'><strong>us.</strong></span> 
     </span>
    </p>
   </div>
   <div class='ocr_carea' id='block_1_121' title="bbox 2288 5401 3806 5527">
    <p class='ocr_par' dir='ltr' id='par_1_121' title="bbox 2288 5401 3806 5527">
     <span class='ocr_line' id='line_1_122' title="bbox 2292 5401 2817 5454; baseline 0 -16"><span class='ocrx_word' id='word_1_851' title='bbox 2292 5401 2425 5439; x_wconf 84' lang='lat' dir='ltr'><strong>uect.</strong></span> <span class='ocrx_word' id='word_1_852' title='bbox 2464 5401 2509 5451; x_wconf 84' lang='grc' dir='ltr'><strong>ι,</strong></span> <span class='ocrx_word' id='word_1_853' title='bbox 2546 5402 2603 5451; x_wconf 87' lang='grc' dir='ltr'><strong>ιι,</strong></span> <span class='ocrx_word' id='word_1_854' title='bbox 2642 5401 2697 5454; x_wconf 89' lang='lat' dir='ltr'><strong>p.</strong></span> <span class='ocrx_word' id='word_1_855' title='bbox 2728 5401 2817 5439; x_wconf 67' lang='lat' dir='ltr'><strong>us.</strong></span> 
     </span>
     <span class='ocr_line' id='line_1_123' title="bbox 2288 5451 3806 5527; baseline 0 -19"><span class='ocrx_word' id='word_1_856' title='bbox 2288 5457 2399 5525; x_wconf 79' lang='lat'><strong>(&#39;20)</strong></span> <span class='ocrx_word' id='word_1_857' title='bbox 2430 5455 2623 5526; x_wconf 82' lang='lat' dir='ltr'><strong>Chrys.</strong></span> <span class='ocrx_word' id='word_1_858' title='bbox 2653 5457 2710 5527; x_wconf 73' lang='lat' dir='ltr'><strong>in</strong></span> <span class='ocrx_word' id='word_1_859' title='bbox 2738 5451 2891 5510; x_wconf 82' lang='lat' dir='ltr'><strong>Rom.</strong></span> <span class='ocrx_word' id='word_1_860' title='bbox 2926 5471 3036 5519; x_wconf 76' lang='lat' dir='ltr'><strong>xvt,</strong></span> <span class='ocrx_word' id='word_1_861' title='bbox 3068 5456 3137 5522; x_wconf 78' lang='lat'><strong>5;</strong></span> <span class='ocrx_word' id='word_1_862' title='bbox 3172 5454 3332 5527; x_wconf 87' lang='lat' dir='ltr'><strong>Greg.</strong></span> <span class='ocrx_word' id='word_1_863' title='bbox 3365 5455 3530 5527; x_wconf 62' lang='lat' dir='ltr'><strong>Nyss.</strong></span> <span class='ocrx_word' id='word_1_864' title='bbox 3548 5454 3606 5508; x_wconf 79' lang='lat' dir='ltr'><strong>in</strong></span> <span class='ocrx_word' id='word_1_865' title='bbox 3638 5454 3806 5510; x_wconf 81' lang='lat' dir='ltr'><strong>Cant.</strong></span> 
     </span>
    </p>
   </div>
   <div class='ocr_carea' id='block_1_122' title="bbox 2216 5524 3807 5597">
    <p class='ocr_par' dir='ltr' id='par_1_122' title="bbox 2216 5524 3807 5597">
     <span class='ocr_line' id='line_1_124' title="bbox 2216 5524 3807 5597; baseline -0.001 -18"><span class='ocrx_word' id='word_1_866' title='bbox 2216 5524 2347 5581; x_wconf 81' lang='lat' dir='ltr'><strong>Klee</strong></span> <span class='ocrx_word' id='word_1_867' title='bbox 2374 5527 2411 5580; x_wconf 95' lang='lat' dir='ltr'><strong>l.</strong></span> <span class='ocrx_word' id='word_1_868' title='bbox 2442 5542 2474 5580; x_wconf 92' lang='lat' dir='ltr'><strong>c</strong></span> <span class='ocrx_word' id='word_1_869' title='bbox 2502 5567 2517 5591; x_wconf 95' lang='lat'><strong>,</strong></span> <span class='ocrx_word' id='word_1_870' title='bbox 2539 5524 2591 5596; x_wconf 88' lang='lat' dir='ltr'><strong>p.</strong></span> <span class='ocrx_word' id='word_1_871' title='bbox 2618 5526 2720 5578; x_wconf 84' lang='grc'><strong>170</strong></span> <span class='ocrx_word' id='word_1_872' title='bbox 2743 5542 2757 5586; x_wconf 86' lang='lat'><strong>;</strong></span> <span class='ocrx_word' id='word_1_873' title='bbox 2778 5527 2938 5597; x_wconf 87' lang='lat' dir='ltr'><strong>Greg.</strong></span> <span class='ocrx_word' id='word_1_874' title='bbox 2967 5527 3098 5580; x_wconf 85' lang='lat' dir='ltr'><strong>Naz.</strong></span> <span class='ocrx_word' id='word_1_875' title='bbox 3136 5535 3275 5581; x_wconf 91' lang='lat' dir='ltr'><strong>orat.</strong></span> <span class='ocrx_word' id='word_1_876' title='bbox 3290 5524 3391 5591; x_wconf 64' lang='grc'><strong>⁷17,</strong></span> <span class='ocrx_word' id='word_1_877' title='bbox 3414 5524 3473 5597; x_wconf 83' lang='lat' dir='ltr'><strong>p.</strong></span> <span class='ocrx_word' id='word_1_878' title='bbox 3504 5525 3615 5581; x_wconf 80' lang='lat'><strong>273</strong></span> <span class='ocrx_word' id='word_1_879' title='bbox 3647 5544 3661 5579; x_wconf 91' lang='lat'><strong>:</strong></span> <span class='ocrx_word' id='word_1_880' title='bbox 3690 5527 3807 5595; x_wconf 80' lang='grc' dir='ltr'>Τὴν</span> 
     </span>
    </p>
   </div>
   <div class='ocr_carea' id='block_1_123' title="bbox 2219 5596 3810 5667">
    <p class='ocr_par' dir='ltr' id='par_1_123' title="bbox 2219 5596 3810 5667">
     <span class='ocr_line' id='line_1_125' title="bbox 2219 5596 3810 5667; baseline 0.001 -19"><span class='ocrx_word' id='word_1_881' title='bbox 2219 5597 2369 5667; x_wconf 59' lang='grc' dir='ltr'>ζξρὰν</span> <span class='ocrx_word' id='word_1_882' title='bbox 2397 5599 2491 5667; x_wconf 63' lang='lat' dir='ltr'><strong>xci.</strong></span> <span class='ocrx_word' id='word_1_883' title='bbox 2523 5596 2938 5667; x_wconf 15' lang='grc' dir='ltr'><strong>ἄνῳίφέρουσάν</strong></span> <span class='ocrx_word' id='word_1_884' title='bbox 2974 5596 3383 5667; x_wconf 75' lang='grc' dir='ltr'><strong>μυσταγωγίαν.</strong></span> <span class='ocrx_word' id='word_1_885' title='bbox 3414 5596 3500 5650; x_wconf 79' lang='lat' dir='ltr'><strong>Cf.</strong></span> <span class='ocrx_word' id='word_1_886' title='bbox 3545 5597 3810 5651; x_wconf 77' lang='lat' dir='ltr'><strong>Neander</strong></span> 
     </span>
    </p>
   </div>
   <div class='ocr_carea' id='block_1_124' title="bbox 2215 5665 3810 5737">
    <p class='ocr_par' dir='ltr' id='par_1_124' title="bbox 2215 5665 3810 5737">
     <span class='ocr_line' id='line_1_126' title="bbox 2215 5665 3810 5737; baseline 0.001 -18"><span class='ocrx_word' id='word_1_887' title='bbox 2215 5665 2278 5719; x_wconf 63' lang='grc' dir='ltr'><strong>Κ.</strong></span> <span class='ocrx_word' id='word_1_888' title='bbox 2311 5667 2374 5722; x_wconf 90' lang='lat' dir='ltr'><strong>G.</strong></span> <span class='ocrx_word' id='word_1_889' title='bbox 2401 5665 2465 5730; x_wconf 91' lang='grc'><strong>11,</strong></span> <span class='ocrx_word' id='word_1_890' title='bbox 2498 5683 2552 5736; x_wconf 93' lang='lat' dir='ltr'><strong>p.</strong></span> <span class='ocrx_word' id='word_1_891' title='bbox 2584 5666 2709 5730; x_wconf 76' lang='lat'><strong>9&#39;73,</strong></span> <span class='ocrx_word' id='word_1_892' title='bbox 2739 5665 2826 5721; x_wconf 88' lang='lat' dir='ltr'><strong>ed.</strong></span> <span class='ocrx_word' id='word_1_893' title='bbox 2861 5667 2948 5719; x_wconf 93' lang='lat' dir='ltr'><strong>Ill.</strong></span> <span class='ocrx_word' id='word_1_894' title='bbox 2976 5665 3119 5721; x_wconf 82' lang='lat' dir='ltr'><strong>llinc</strong></span> <span class='ocrx_word' id='word_1_895' title='bbox 3158 5667 3578 5737; x_wconf 78' lang='lat' dir='ltr'><strong>Chrysostomus</strong></span> <span class='ocrx_word' id='word_1_896' title='bbox 3618 5667 3810 5737; x_wconf 85' lang='lat' dir='ltr'><strong>quoad</strong></span> 
     </span>
    </p>
   </div>
   <div class='ocr_carea' id='block_1_125' title="bbox 2216 5738 3810 5808">
    <p class='ocr_par' dir='ltr' id='par_1_125' title="bbox 2216 5738 3810 5808">
     <span class='ocr_line' id='line_1_127' title="bbox 2216 5738 3810 5808; baseline 0 -19"><span class='ocrx_word' id='word_1_897' title='bbox 2216 5745 2506 5805; x_wconf 90' lang='lat' dir='ltr'><strong>utrumque</strong></span> <span class='ocrx_word' id='word_1_898' title='bbox 2551 5746 2953 5808; x_wconf 86' lang='lat' dir='ltr'><strong>sacramentum</strong></span> <span class='ocrx_word' id='word_1_899' title='bbox 2999 5738 3184 5792; x_wconf 85' lang='lat' dir='ltr'><strong>fideles</strong></span> <span class='ocrx_word' id='word_1_900' title='bbox 3217 5753 3363 5808; x_wconf 59' lang='lat' dir='ltr'><strong>saepe</strong></span> <span class='ocrx_word' id='word_1_901' title='bbox 3404 5747 3563 5791; x_wconf 82' lang='lat' dir='ltr'><strong>vocat</strong></span> <span class='ocrx_word' id='word_1_902' title='bbox 3607 5756 3810 5808; x_wconf 83' lang='grc' dir='ltr'><strong>μεμυ-</strong></span> 
     </span>
    </p>
   </div>
   <div class='ocr_carea' id='block_1_126' title="bbox 2213 5807 3811 5931">
    <p class='ocr_par' dir='ltr' id='par_1_126' title="bbox 2213 5807 3811 5931">
     <span class='ocr_line' id='line_1_128' title="bbox 2215 5807 3811 5877; baseline 0.002 -18"><span class='ocrx_word' id='word_1_903' title='bbox 2215 5808 2693 5876; x_wconf 80' lang='grc' dir='ltr'><strong>σταγωγημένους.</strong></span> <span class='ocrx_word' id='word_1_904' title='bbox 2742 5807 2876 5863; x_wconf 76' lang='lat' dir='ltr'><strong>Vide</strong></span> <span class='ocrx_word' id='word_1_905' title='bbox 2904 5816 2959 5864; x_wconf 87' lang='lat' dir='ltr'><strong>et</strong></span> <span class='ocrx_word' id='word_1_906' title='bbox 2998 5807 3309 5865; x_wconf 83' lang='lat' dir='ltr'><strong>Casaubon.</strong></span> <span class='ocrx_word' id='word_1_907' title='bbox 3345 5807 3701 5877; x_wconf 78' lang='lat' dir='ltr'><strong>exercit.16,</strong></span> <span class='ocrx_word' id='word_1_908' title='bbox 3754 5811 3811 5862; x_wconf 89' lang='lat' dir='ltr'><strong>in</strong></span> 
     </span>
     <span class='ocr_line' id='line_1_129' title="bbox 2213 5877 2622 5931; baseline 0 0"><span class='ocrx_word' id='word_1_909' title='bbox 2213 5879 2354 5931; x_wconf 74' lang='lat' dir='ltr'><strong>Ann.</strong></span> <span class='ocrx_word' id='word_1_910' title='bbox 2386 5877 2622 5931; x_wconf 88' lang='lat' dir='ltr'><strong>Baronii.</strong></span> 
     </span>
    </p>
   </div>
   <div class='ocr_carea' id='block_1_127' title="bbox 2261 5893 2622 5933">
    <p class='ocr_par' dir='ltr' id='par_1_127' title="bbox 2261 5893 2622 5933">
     <span class='ocr_line' id='line_1_130' title="bbox 2261 5893 2622 5933; baseline 0 0"><span class='ocrx_word' id='word_1_911' title='bbox 2261 5894 2354 5933; x_wconf 86' lang='lat' dir='ltr'><strong>nn.</strong></span> <span class='ocrx_word' id='word_1_912' title='bbox 2386 5893 2622 5933; x_wconf 78' lang='lat' dir='ltr'><strong>baronn.</strong></span> 
     </span>
    </p>
   </div>
  </div>
