4008 6432
206 456 338 523 409

915 462 1015 524 DE
1053 463 1114 524 S.
1157 462 1349 525 SPIR.
1387 461 1888 524 MYSTAGOGIA.
1924 489 1995 499 --
2030 461 2772 525 ANIMADVERSIONES.

3360 453 3468 519 410

210 588 295 629 ac
325 570 636 643 λειτουργία
676 571 941 644 significat
970 575 1103 645 (21),
1132 574 1295 630 modo
1339 574 1406 629 ad
1440 574 1797 646 theologicam
1829 579 1875 635 Α
1903 574 2251 628 constitutam
2287 573 2542 637 inveniri,
2582 588 2743 643 quam
2776 569 2977 627 sreculo
3018 583 3113 623 xm
3159 566 3248 621 illa
3276 568 3472 637 adepta

210 664 628 720 Institutionem
692 680 1011 735 sacramque
1068 666 1372 721 doctrinam
1436 666 1800 721 denotandam

208 757 554 823 adhibetur;
602 766 763 827 atque
790 758 925 813 adeo
956 768 1069 813 tum
1101 759 1417 830 ἱερουργίαν
1454 769 1567 813 tum
1599 758 1802 828 ἱερολο-

209 849 356 917 γίαν
395 848 796 919 complectitur.
841 848 1177 918 Frequenter
1228 850 1453 904 Photius
1507 865 1798 918 μυσταγω-

213 938 360 1008 γΙαν
407 939 539 994 dicit
593 938 994 994 institutionem
1046 938 1439 1010 dogmaticam,
1496 936 1799 992 doctrinam

211 1030 491 1086 divinitus
524 1030 808 1096 traditam;
838 1028 918 1085 sic
940 1029 1193 1099 Θεόσοφον
1220 1028 1608 1100 μυσταγωγίαν
1640 1038 1801 1083 vocat

224 1121 365 1177 fidei
403 1120 797 1191 expositionem
848 1135 912 1175 ex
943 1120 1403 1176 mcumenicorum
1443 1119 1797 1174 conciliorum

220 1210 647 1267 deﬁnitionibus
668 1210 1010 1280 desumptam
1034 1211 1181 1280 (22);
1211 1210 1292 1264 sic
1318 1208 1484 1264 verba
1511 1224 1800 1278 μυσταγω-

213 1304 369 1370 γεῖν,
405 1300 695 1369 θεολογεῖν,
754 1302 1049 1373 ἱερολογεῖν
1082 1301 1251 1355 veluti
1302 1314 1597 1371 synonyma
1639 1314 1799 1353 usur-

218 1402 323 1463 pat
356 1392 488 1463 (23).
523 1391 587 1446 Et
614 1391 719 1446 hoc
747 1402 908 1461 pacto
934 1392 989 1445 in
1023 1407 1189 1461 opere
1214 1401 1400 1447 nostro
1425 1407 1613 1447 vocem
1643 1391 1802 1446 intel-

220 1484 382 1555 ligit;
414 1483 627 1539 tradere
656 1483 773 1538 vult
802 1483 1104 1539 doctrinam
1137 1498 1347 1537 sacram
1370 1498 1433 1539 ac
1471 1483 1710 1539 divinam
1730 1484 1799 1541 de

221 1572 435 1643 Spiritu
471 1582 677 1636 sancto,
726 1589 852 1628 vera
887 1573 1137 1644 dogmata
1184 1574 1326 1628 circa
1361 1573 1575 1629 tertiam
1614 1572 1799 1627 Trini-

223 1664 361 1718 tatis
412 1678 721 1734 personam.
793 1663 1163 1736 AEquipollere
1227 1662 1615 1734 μυσταγωγίαν
1671 1679 1798 1719 cum

219 1755 478 1826 θεολογιᾳ
525 1771 588 1810 ac
624 1755 917 1827 ἱερολογίᾳ,
949 1764 1004 1810 et
1037 1756 1418 1826 μυσταγωγεῖν
1462 1770 1588 1809 cum
1621 1753 1801 1807 θεολοο

1901 678 2016 731 est;
2048 666 2359 721 meminisse
2409 674 2645 735 oportet,
2675 679 2799 719 eum
2850 663 3083 733 ingenue
3111 659 3267 715 fateri
3301 668 3357 714 et
3388 660 3473 713 vi-

1901 759 2044 813 rium
2073 773 2291 811 suarum
2343 757 2582 827 inopiam
2609 762 2665 810 et
2703 754 2950 810 sublimis
2981 752 3259 817 materiae,
3307 766 3471 820 quam
3541 799 3552 811 ,

1901 850 2185 909 tractabat,
2218 847 2610 901 difﬁcultatem.
2662 844 2718 899 ln
2754 844 2967 913 praefat.
3018 843 3085 896 ad
3140 842 3235 897 lib.
3280 856 3340 896 ιιι
3399 841 3474 894 De

1899 938 2177 991 hwresibus
2218 954 2351 1008 quas
2401 937 2570 993 ϐτανεὶ
2616 938 2671 990 in
2710 936 2923 989 Latinos
2963 933 3245 989 devolvunt
3307 930 3470 1001 (Bibl.

1899 1026 2009 1083 PP.
2036 1044 2179 1082 max.
2205 1028 2376 1099 Lugd.
2412 1027 2578 1093 XXII,
2603 1043 2658 1097 p.
2687 1026 2823 1080 1257
2869 1041 2897 1080 c
2924 1024 2969 1095 ),
3005 1043 3023 1075 ι
3060 1024 3136 1077 Dc
3165 1022 3267 1077 hac
3297 1030 3471 1075 mate-

1899 1121 2000 1184 ria,
2034 1120 2228 1190 inquit.
2267 1121 2429 1175 edere
2458 1120 2662 1187 aliquid
2716 1118 3055 1174 formidabile
3092 1126 3210 1183 est;
3244 1131 3370 1169 nam
3418 1114 3469 1168 in

1899 1210 1985 1266 his
2020 1227 2130 1266 non
2177 1212 2351 1265 solum
2383 1211 2595 1264 infirma
2642 1209 2870 1264 facultas
2915 1208 3145 1263 rationis
3183 1206 3473 1262 orationis-7

1898 1317 2025 1372 que,
2052 1316 2241 1371 verum
2265 1301 2593 1356 validissima
2624 1300 2712 1353 vix
2734 1315 2794 1355 se
2827 1316 2857 1353 a
2888 1298 3174 1354 mendacio
3203 1303 3472 1365 temperat

1899 1400 1954 1446 et
1990 1390 2059 1444 ab
2103 1390 2421 1446 inconsultis
2465 1389 2761 1444 erroribus.
2809 1408 2826 1440 ι
2861 1388 3000 1443 Hinc
3029 1388 3309 1467 nosinter
3334 1401 3427 1440 eos
3450 1424 3469 1453 ,

1897 1496 2035 1552 quos
2070 1482 2418 1551 sequentibus
2446 1482 2639 1535 harum
2668 1479 3200 1535 animadversionum
3229 1477 3470 1532 articulis

1897 1585 2085 1630 contra
2111 1574 2367 1627 Photium
2391 1574 2731 1642 disputantes
2752 1573 3089 1636 inducemus,
3118 1571 3261 1625 haud
3283 1570 3470 1624 infimo

1898 1665 2159 1721 subsellio
2185 1665 2537 1719 Etherianum
2571 1664 2947 1719 collocandum
2974 1678 3095 1718 esse
3125 1663 3224 1716 rati
3257 1677 3466 1716 sumus.

1896 1756 2086 1826 Neque
2115 1756 2363 1818 minoris,
2389 1754 2445 1809 in
2471 1753 2657 1809 multis
2685 1754 2848 1808 etiam
2881 1752 3103 1822 majoris
3132 1751 3470 1807 auctoritatis

218 1848 345 1912 γεῖν
375 1862 438 1901 ac
477 1845 769 1916 ἱερολογείν
806 1847 1149 1918 promiscuus
1194 1846 1388 1901 harum
1431 1862 1627 1902 vocum
1667 1863 1798 1904 usus
1826 1913 1864 1918 _
1900 1860 1985 1905 est
2028 1848 2185 1904 Joan.
2207 1848 2654 1912 Beccus,virtute
2672 1862 2734 1902 ac
2750 1847 2998 1902 doctrina
3020 1860 3173 1914 atque
3197 1843 3469 1898 nobilissi-

218 1937 358 1992 satis
388 1938 702 1994 manifestat
730 1939 865 2009 (24).

294 2030 383 2083 11.
434 2029 632 2097 Quanti
686 2030 946 2085 momenti
997 2029 1175 2085 Photii
1239 2029 1380 2085 liber
1438 2028 1511 2083 De
1564 2028 1795 2101 Spiritus

216 2122 395 2178 sancti
444 2122 770 2192 mystagogia
824 2122 914 2184 sit,
945 2121 998 2176 id
1050 2121 1104 2174 in
1157 2121 1347 2194 primis
1381 2129 1551 2190 patet,
1585 2121 1628 2175 si
1670 2137 1795 2176 eum

216 2228 347 2267 cum
399 2213 761 2283 posteriorum
819 2221 1124 2281 temporum
1191 2212 1437 2281 ejusdem
1492 2211 1794 2282 argumenti

215 2304 481 2373 operibus
508 2302 820 2359 Graecorum
847 2302 1197 2358 conferamus
1216 2340 1230 2365 ,
1262 2302 1407 2373 quod
1441 2301 1520 2357 vel
1559 2316 1626 2355 ex
1652 2302 1795 2357 notis

219 2397 347 2453 ideo
383 2395 536 2466 operi
595 2410 627 2450 a
684 2395 841 2449 nobis
889 2394 1153 2465 appositis
1197 2393 1485 2449 constabit.
1533 2393 1689 2447 Patet
1738 2392 1791 2448 id

216 2503 450 2555 rursus,
506 2487 551 2543 si
599 2503 696 2545 eos
739 2487 1186 2551 consideramus,
1232 2486 1325 2557 qui
1373 2502 1472 2557 pro
1513 2486 1793 2541 catholicae

215 2579 475 2635 Ecclesiae
505 2578 757 2656 dogmate
770 2588 960 2634 contra
982 2578 1199 2633 Graecos
1212 2577 1477 2632 calamum
1503 2578 1790 2645 strinxere,

215 2672 377 2746 [1'58l
427 2674 626 2743 quique
668 2688 779 2727 non
831 2687 1024 2743 parum
1075 2687 1200 2726 cum
1249 2670 1431 2726 Photii
1471 2672 1791 2743 syllogismis

216 2766 592 2820 decertarunt.
623 2764 706 2820 Ad
746 2762 1063 2818 Latinorum
1094 2777 1290 2817 manus
1324 2778 1419 2833 per
1466 2764 1567 2817 tria
1596 2763 1791 2818 saecula

216 2857 305 2911 vix
348 2857 449 2911 hoc
478 2870 620 2926 opus
664 2856 930 2926 pervenit.
988 2855 1200 2910 Saecula
1239 2854 1461 2908 demum
1508 2870 1609 2919 xu,
1639 2852 1792 2925 llugo

214 2948 573 3017 Etherianus,
651 2950 744 3020 qui
796 2949 941 3021 apud
990 2949 1293 3004 Manuelem
1343 2945 1364 3000 ι
1408 2948 1789 3019 imperatorem

214 3042 473 3111 singulari
522 3042 807 3097 fruebatur
862 3042 1055 3113 gratia,
1092 3041 1225 3095 illud
1259 3057 1373 3111 pra:
1411 3040 1664 3096 manibus
1693 3041 1790 3095 ha-

214 3134 335 3188 buit
369 3148 433 3188 ac
467 3134 522 3187 in
544 3133 658 3188 suis
683 3134 839 3189 libris
860 3134 927 3189 ad
958 3134 1319 3188 Alexandrum
1347 3132 1413 3188 Ill
1439 3133 1623 3189 missis
1647 3147 1790 3187 non-

214 3220 363 3274 nulla
403 3220 523 3290 ejus
550 3221 726 3290 capita
759 3220 1055 3275 confutavit
1075 3219 1212 3291 (25).
1263 3218 1361 3274 Est
1406 3229 1587 3275 autem
1614 3219 1788 3291 llugo,

215 3320 276 3365 ut
315 3311 531 3381 opinor,
583 3311 946 3366 nobilissimis
996 3311 1262 3381 theologis
1315 3312 1787 3379 annumerandus,

212 3402 311 3471 qui
350 3403 404 3456 in
434 3417 500 3456 eo
528 3417 660 3458 sane
688 3418 799 3457 non
824 3402 1202 3473 imprudenter
1230 3402 1360 3473 egit,
1392 3403 1538 3473 quod
1574 3402 1793 3459 Graeco.

216 3506 342 3545 rum
394 3492 614 3546 Patrum
673 3490 905 3548 lectione
966 3492 1207 3546 nutritus
1262 3492 1516 3561 loquendi
1583 3507 1790 3546 morem

215 3596 409 3636 eorum
450 3582 691 3638 studiose
739 3592 960 3639 secutus
1000 3583 1352 3653 imitatusque
1390 3596 1475 3636 est
1503 3582 1650 3652 (26),
1682 3598 1790 3652 quo

214 3676 535 3743 faciliorem,
566 3688 833 3746 quantum
874 3688 1094 3748 posset,
1124 3678 1193 3733 ad
1228 3677 1589 3733 desideratam
1631 3676 1789 3731 unio-

211 3782 340 3821 nem
384 3776 655 3823 sterneret
682 3768 854 3834 viam;
888 3785 993 3839 qua
1045 3768 1098 3823 in
1148 3783 1228 3833 re,
1286 3768 1413 3823 licet
1456 3783 1599 3839 szepe
1653 3769 1789 3826 dura

210 3859 530 3913 Latinorum
563 3860 883 3932 theologicis
911 3861 1135 3917 auribus
1172 3860 1291 3932 ejus
1320 3860 1486 3916 dictio
1518 3862 1785 3928 videatur,

210 3950 519 4009 laudandus
543 3952 728 4023 potius
746 3998 762 4020 ,
791 3967 954 4024 quam
981 3953 1285 4025 culpandus
1311 3963 1414 4008 est.
1444 3952 1713 4008 Caeterum
1742 3953 1787 4008 si

209 4058 323 4099 non
346 4054 545 4100 cuncta
573 4055 827 4101 accurate
856 4044 1228 4116 pertractavit,
1260 4044 1583 4099 meminisse
1620 4059 1787 4114 opor-

208 4144 311 4202 tet,
338 4136 540 4192 saeculo
571 4152 647 4191 ιιι
685 4152 796 4191 non
822 4152 939 4192 eam
979 4136 1263 4209 theologia:
1297 4136 1585 4206 ἀκρίδειαν
1613 4134 1784 4210 [159],

282 4313 395 4385 (21)
438 4315 623 4371 Germ.
658 4315 780 4369 Rer.
819 4314 999 4385 eccles.
1039 4313 1320 4385 contempt.
1352 4313 1599 4385 Galland.
1642 4312 1783 4378 Xlll,

250 4426 265 4438 .
296 4383 443 4450 909;
484 4386 651 4450 Bona,
682 4386 806 4440 Rer.
837 4384 946 4440 Lit.
998 4385 1034 4439 l.
1071 4401 1147 4450 tt;
1190 4383 1469 4454 Raynaud,
1510 4383 1784 4454 _Onomast.

259 4456 441 4510 uehar.
476 4454 527 4510 J.
569 4455 747 4510 Dartis
786 4457 852 4512 ad
890 4456 1017 4511 dist.
1049 4454 1105 4521 2,
1129 4455 1204 4509 De
1220 4452 1463 4525 ,cbnsecr.
1502 4452 1787 4525 selvaggio

204 4526 387 4581 quit.
416 4526 585 4594 antiq.
622 4525 749 4581 Chr.
780 4526 817 4580 l.
861 4542 921 4588 ιι,
950 4542 1005 4595 p.
1040 4542 1079 4589 ι,
1113 4542 1165 4579 c.
1206 4524 1258 4595 6.
1290 4523 1317 4593 ᾗ
1346 4524 1398 4587 5,
1434 4540 1488 4578 n.
1523 4524 1609 4595 15.

1824 1913 1873 1973 Β
1901 1955 2021 1996 mus
2078 1940 2492 2012 Byzantinorum
2536 1938 2867 2009 patriarcha,
2920 1937 3011 2007 qui
3041 1913 3139 2007 pro
3206 1951 3333 1990 vero
3366 1935 3469 1990 do-

1895 2041 2095 2105 gmate,
2127 2032 2291 2087 semel
2324 2047 2388 2087 ac
2423 2031 2557 2085 illud
2580 2031 2853 2102 cognovit,
2884 2038 3105 2084 strenue
3148 2027 3467 2091 decertavit,

1894 2125 1985 2196 qui
2016 2134 2070 2180 et
2098 2124 2353 2194 operibus
2384 2134 2439 2180 et
2465 2124 2745 2194 discipulis
2786 2124 2903 2178 suis
2937 2121 3248 2177 Graecorum
3294 2121 3471 2175 natio-

1894 2233 2018 2273 nem
2037 2217 2169 2271 mire
2190 2216 2497 2272 illustravit.
2524 2216 2651 2269 Illud
2679 2225 2859 2270 tamen
2882 2214 3212 2275 notandum,
3235 2211 3468 2266 Bcccum

1894 2307 1948 2363 in
1976 2316 2112 2361 orat.
2154 2307 2222 2361 de
2257 2323 2351 2361 un.
2390 2306 2538 2362 Eccl.
2569 2305 2760 2375 (ϐυ-ωε.
2793 2306 2930 2361 art/1.
2976 2305 3018 2370 1,
3076 2320 3132 2374 p.
3176 2302 3465 2369 154-180),

1893 2396 2021 2450 dum
2054 2395 2232 2450 Photii
2279 2405 2597 2467 argumenta
2629 2395 2873 2465 quaedam
2922 2392 3129 2463 profert
3174 2407 3240 2446 ac
3284 2391 3465 2455 solvit,

1893 2504 1999 2548 non
2030 2498 2280 2543 nostrum
2308 2504 2446 2559 Opus
2479 2488 2731 2559 allegare,
2760 2486 2853 2541 sed
2880 2485 3201 2554 opusculum
3232 2484 3466 2538 alterum

1893 2583 1960 2636 ab
1993 2580 2283 2652 Euthymio
2322 2582 2633 2651 vulgatum;
2662 2580 2799 2633 libro
2837 2592 2969 2631 vero
3001 2593 3084 2640 ιιι,
3112 2576 3178 2630 ad
3210 2575 3467 2629 Theodo-

1893 2687 2014 2725 rum
2068 2670 2314 2740 Sugdteae
2351 2671 2668 2740 episcopum
2704 2669 2859 2738 (ibid.
2891 2667 2958 2731 ll,
2991 2682 3046 2735 p.
3078 2666 3180 2720 155
3210 2666 3353 2734 seq.)
3394 2682 3463 2720 ex

1892 2764 1983 2818 illo
2010 2762 2297 2819 manifeste
2328 2763 2592 2817 hausisse.
2618 2762 2741 2823 Alii,
2769 2760 2861 2831 qui
2887 2759 3032 2814 hunc.
3059 2758 3234 2812 Photii
3266 2758 3463 2812 librum

1892 2855 2246 2910 refellendum
2306 2854 2412 2909 sibi
2466 2853 2834 2923 sumpserint,
2869 2852 2985 2906 noti
3021 2851 3126 2905 huc
3158 2865 3329 2919 usque
3353 2865 3464 2903 non

1892 2957 2053 3011 sunt;
2086 2947 2182 3002 sed
2225 2946 2405 3018 quoad
2453 2961 2567 2999 rem
2598 2946 2719 3014 ejus
2764 2954 3104 3016 argumenta,
3148 2958 3271 3012 qua:
3316 2944 3465 2996 inse-

1892 3039 2176 3108 quentium
2243 3036 2567 3092 saeculorum
2635 3034 2998 3090 schismaticis
3053 3032 3220 3091 veluti
3288 3030 3463 3086 facem

1891 3130 2273 3199 praeferebant,
2300 3128 2522 3199 plurimi
2558 3125 2801 3197 theologi
2833 3124 3065 3179 feliciter
3104 3132 3461 3177 enervarunt.

1890 3221 2002 3276 Nos
2028 3222 2157 3276 dum
2203 3221 2383 3276 varios
2426 3228 2680 3274 auctores
2733 3217 2787 3271 in
2826 3215 3063 3271 medium
3110 3213 3462 3284 proferimus,

1893 3314 2023 3369 licet
2079 3313 2264 3368 selecti
2317 3312 2352 3367 ii
2406 3312 2536 3374 sint,
2585 3326 2930 3381 nequaquam
2959 3307 3288 3377 singulorum
3320 3306 3463 3360 dicta

1890 3418 2074 3464 nostra
2106 3409 2286 3463 facere
2317 3408 2672 3471 intendimus,
2709 3420 2899 3461 verum
2943 3401 3124 3472 potius
3156 3416 3264 3455 uno
3296 3399 3459 3455 veluti

1890 3510 2189 3571 conspectu
2237 3515 2300 3554 ea
2350 3499 2633 3561 exhibere,
2686 3512 2808 3566 quae
2854 3510 2884 3549 a
2940 3494 3200 3557 diversis,
3245 3493 3463 3548 diverso

1889 3602 2154 3663 tempore,
2205 3607 2268 3647 ac
2319 3606 2418 3660 pro
2450 3590 2598 3645 varia
2630 3588 2833 3661 ingenii
2879 3584 3346 3655 institutionisque
3378 3583 3462 3639 in-

1888 3690 2031 3754 dole,
2059 3700 2246 3748 contra
2263 3687 2502 3759 argutias
2522 3686 2639 3739 illas
2658 3684 2817 3739 modo
2840 3682 3066 3739 feliciori
3091 3692 3282 3743 marte,
3300 3678 3462 3732 modo

1888 3798 1997 3836 non
2028 3782 2160 3836 satis
2202 3780 2369 3846 felici,
2410 3792 2521 3831 non
2555 3786 2739 3832 tamen
2785 3774 2904 3830 sine
2931 3773 3042 3828 ullo
3079 3771 3460 3832 fundamento,

1887 3875 2321 3945 proferebantur.

1958 3966 2048 4021 12.
2079 3966 2151 4021 At
2182 3966 2464 4021 enimvero
2504 3960 2673 4031 hujus
2703 3958 2886 4031 operis
2930 3956 3167 4029 pretium
3194 3953 3463 4023 theologi-

1886 4072 2011 4112 cum
2065 4063 2122 4111 et
2164 4054 2385 4110 aliunde
2435 4061 2605 4123 patet.
2654 4050 2809 4118 Quod
2855 4050 2923 4103 ad
2969 4062 3165 4118 pugnae
3208 4045 3352 4099 illius
3392 4044 3462 4098 de

1888 4148 2125 4218 Spiritus
2170 4148 2342 4203 sancti
2365 4144 2517 4220 [MO]
2548 4145 2896 4217 processione
2927 4140 3073 4197 varia
3113 4138 3281 4194 stadia
3330 4152 3462 4207 pro-

1884 4331 2063 4394 αἰτίας
2090 4337 2147 4385 et
2170 4331 2344 4400 ἀρχῆς
2380 4327 2691 4400 promiscue
2724 4331 3000 4400 utuntur,_
3018 4319 3221 4400 passim
3264 4318 3463 4400 princi-

1885 4392 2352 4471 pium—significat,
2377 4392 2519 4471 quod
2550 4396 2823 4471 posterius
2851 4392 3175 4471 vocabulum
3204 4392 3465 4471 gravissi—

1886 4460 1989 4527 inis
2024 4460 2173 4525 ὀιιόιὶ
2204 4460 2503 4523 rationibus
2530 4460 2686 4537 ('vide
2712 4465 2754 4537 Τ
2763 4467 2910 4519 hom.
2940 4462 3090 4537 Sunt.
3110 4476 3186 4537 _p.
3220 4475 3259 4525 ι,
3278 4475 3342 4537 _q.
3367 4460 3458 4521 55,

1887 4557 1939 4594 a.
1971 4543 1995 4596 1
2027 4541 2094 4595 ad
2126 4543 2149 4595 1
2182 4549 2237 4593 et
2266 4538 2467 4610 Opus_c.
2496 4528 2885 4610 contraCriec.
2935 4535 3001 4610 ad
3032 4528 3237 4610 U_rb_an.
3278 4528 3364 4589 IV,
3404 4544 3453 4582 c.

283 4596 399 4680 (22)
422 4593 581 4680 Plio}:
620 4597 798 4680 epist._
829 4598 894 4680 lt.‘
923 4593 991 4650 ad
1022 4595 1181 4680 Mich.
1218 4594 1372 4663 Bulg.
1397 4593 1601 4680 Σιλη2ι.
1646 4594 1783 4663 (An-

1892 4593 1994 4675 7),
2019 4593 2375 4680 ρῖωιιιιετιιῖιι
2411 4608 2606 4680 Latini.
2644 4606 2760 4660 Alia
2792 4603 3039 4673 exempla
3079 4600 3459 4680 inframsnppef

208 4663 345 4737 tiqu.
381 4668 503 4737 lect.
532 4665 700 4737 Canis
735 4667 823 4720 ed.
856 4666 1094 4737 Basnage
1125 4664 1186 4729 ll,
1217 4680 1277 4737 ιι,
1310 4680 1364 4734 p.
1396 4663 1545 4737 .397.)

284 4737 397 4805 (25)
446 4735 714 4807 νίιιθίορ.
766 4745 939 4791 nostr.
970 4733 1171 4801 c.'55;
1213 4733 1450 4804 Amphil.
1502 4733 1598 4800 28,
1643 4736 1789 4807 apud

209 4807 462 4862 Scottum
494 4822 549 4875 p.
582 4806 651 4860 26
681 4816 737 4860 et
763 4822 879 4873 seq.

286 4876 398 4945 (21)
433 4874 605 4947 Quam
648 4892 767 4945 cap.
803 4876 873 4930 20
922 4883 1141 4947 vocarat
1177 4874 1451 4947 προτέραν
1498 4892 1789 4947 μυσταγω-

206 4946 374 5015 γίαν,
430 4945 637 5000 scilicet
674 4947 975 5001 doctrinam
1010 4962 1041 5000 a
1088 4946 1305 5001 Christo
1356 4945 1512 5002 Joan.
1556 4964 1647 5013 xv,
1693 4948 1785 5014 26,

206 5016 575 5088 enuntiatam,
625 5017 872 5088 eamdem
910 5032 1028 5088 cap.
1058 5015 1145 5088 4257
1172 5016 1304 5088 dicit
1337 5017 1622 5088 ,προτέραν
1666 5016 1786 5071 Θεο-

206 5085 424 5159 λργίαν.
455 5085 587 5153 Cap.
634 5086 699 5139 67
747 5086 872 5159 ait}
909 5085 1303 5159 _Admirabiletn
1334 5086 1479 5141 illam
1519 5085 1788 5159 inystago—

206 5156 394 5225 giam,
445 5170 549 5226 per
608 5170 769 5224 quam
829 5154 1092 5225 Spiritum
1159 5172 1226 5210 ex
1278 5157 1435 5211 Patre
1490 5154 1788 5226 procedere

208 5225 519 5295 theologica
536 5228 747 5280 ratione
769 5226 1123 5295 praedicamus
1146 5225 1568 5295 (θεολογοῦμεν),
1593 5228 1787 5282 adver-

205 5294 388 5418 salrios
408 5304 718 5364 pervertere
742 5296 973 5366 propriis
998 5297 1110 5352 suis
1138 5296 1408 5366 ﬁgmentis
1429 5294 1491 5351 et
1516 5298 1788 5353 inventio-

206 5382 265 5418 lll
289 5381 395 5418 )IIS.

206 5381 395 5419 1110113.

286 5435 402 5504 (25)
429 5434 582 5500 Quod
613 5434 681 5488 ad
710 5434 1015 5489 versionem
1039 5436 1331 5491 verborum
1363 5435 1537 5491 Photii
1570 5438 1784 5504 attinet,

210 5505 410 5577 «_lurius
457 5507 663 5575 jttdicat
700 5505 952 5577 Petavius
993 5504 1091 5573 (De
1136 5504 1278 5559 Trin.
1309 5523 1406 5572 vn,
1431 5523 1490 5577 ρ.
1521 5507 1576 5565 2.
1611 5525 1665 5562 ιι.
1706 5510 1785 5577 4),

210 5573 499 5644 Hugonem
542 5592 605 5631 ea
644 5591 754 5630 non
796 5576 995 5643 integre
1029 5577 1387 5631 transtulisse.
1431 5576 1629 5633 Verum
1681 5573 1787 5634 Pe-

210 5649 457 5719 _tavin_s_e
496 5645 670 5701 Photii
703 5646 958 5719 operibus
986 5646 1310 5719 encyclicam
1344 5655 1549 5702 tantum
1580 5649 1786 5719 episto-

209 5717 323 5769 lam
369 5715 456 5770 hic
503 5732 614 5785 prae
644 5717 818 5771 oculis
853 5714 1105 5785 habuisse
1136 5716 1369 5781 videtur,
1394 5733 1496 5772 nec
1536 5714 1784 5775 nostrum

210 5800 358 5860 opus
388 5784 640 5860 inspexit,
676 5801 707 5840 e
738 5801 847 5860 quo
878 5784 991 5839 fere
1020 5786 1202 5839 omnia
1230 5787 1407 5842 Photii
1442 5790 1613 5849 verba
1662 5806 1785 5860 quae

210 5854 407 5920 affert,
446 5854 535 5909 ille
570 5854 891 5925 desumpsit.

286 5925 402 5998 (26)
435 5926 526 5983 Sic
570 5942 744 5981 causa:
771 5925 1025 5993 nomine,
1063 5941 1217 5996 atque
1246 5941 1310 5981 ac
1350 5928 1519 5985 Grazci
1562 5930 1784 5988 vocibus

1890 4668 2226 4736 di'tabuntur.
2273 4678 2581 4734 Universim
2614 4692 2744 4750 vero
2788 4690 2925 4750 opus
2955 4668 3147 4726 'nostri
3178 4668 3456 4750 ‘tl'heologi

1888 4751 2064 4820 quoad
2095 4750 2371 4820 majorem;
2403 4758 2608 4820 partem
2647 4748 2781 4820 adeo
2813 4745 3123 4820 Graecorum
3162 4740 3455 4793 dictionem

1890 4812 2116 4877 redolet.
2149 4812 2210 4873 ιιί
2247 4818 2376 4873 illud
2403 4812 2594 4886 potius
2624 4832 2655 4870 e
2675 4815 2863 4888 Graeco
2892 4814 2956 4888 in_
2977 4812 3227 4865 Latinum
3249 4822 3459 4888 sermo-

1888 4906 2012 4945 nem
2043 4890 2360 4945 translatum
2387 4882 2810 4959 d’iceres,__quam
2846 4882 3039 4959 Latine.
3064 4882 3454 4958 conscriptum,

1886 4961 1992 5015 nisi
2037 4960 2254 5015 aliunde
2282 4952 2898 5030 constaret,‘_Hugonem
2928 4952 3116 5004 Latine
3138 4952 3454 5030 scripsisse.

1888 5030 2109 5085 Exstitit
2157 5036 2296 5083 teste
2340 5028 2535 5082 Allatio
2566 5018 2668 5092 ’(De
2700 5018 2878 5077 ἔσαιρε.
2911 5018 3268 5092 consensione,
3305 5018 3342 5071 ι.
3393 5033 3457 5092 ιι,

1887 5115 1936 5154 c.
1966 5102 2021 5161 2.
2066 5117 2122 5170 p.
2172 5099 2313 5170 654)
2357 5088 2728 5170 ϐιῳςξῌῑίιιίιιξ
2758 5092 2941 5170 operis
2986 5090 3192 5170 versio,
3240 5103 3362 5157 quae
3410 5088 3454 5142 si

1928 5158 2161 5225 ublic'ata
2220 5158 2380 5233 foret,
2433 5158 2655 5221 facilius
2691 5164 2761 5218 de
2796 5158 2916 5233 hac
2955 5174 3013 5214 re
3064 5158 3454 5233 judicaremus.

1943 5242 2017 5295 ihi
2066 5256 2173 5294 non
2211 5228 2525 5293 incredibile
2577 5235 2791 5289 videtur
2822 5229 3104 5300 Hugonem
3140 5228 3460 5300 Constanti.

1887 5311 2067 5378 nopoli
2117 5309 2301 5365 Graece
2341 5308 2730 5378 quaedampro
2777 5299 3104 5372 imperatore
3147 5299 3453 5378 scripsisse,

1888 5375 2005 5436 hac
2038 5396 2168 5434 vero
2208 5375 2398 5432 Latino
2444 5375 2659 5445 eloquio
2698 5389 2898 5445 rursus
2948 5377 3356 5445 pertractataet
3400 5375 3453 5422 in

1888 5459 1998 5506 tres
2021 5450 2184 5505 libros
2206 5456 2458 5506 congesta
2478 5440 2665 5500 amicis
2684 5440 3123 5498 Occidentalibus
3147 5440 3452 5494 tradidisse.

1888 5520 2235 5575 Pnefationes
2280 5510 2539 5571 librorum
2584 5514 2829 5583 ejusdem
2876 5512 3073 5583 legenti
3106 5511 3297 5583 idnon
3336 5510 3456 5583 sine

1884 5591 2235 5645 fundamento
2263 5589 2468 5643 dictum
2492 5580 2809 5658 apparebit.
2834 5580 3059 5658 lieninm
3092 5581 3229 5635 mihi
3274 5590 3328 5633 et
3354 5580 3456 5658 hoc

1884 5676 2201 5732 persuasum
2223 5669 2328 5718 est,
2365 5658 2468 5732 qui
2491 5649 2732 5732 Hugonis
2761 5654 3222 5732 philosopliemata
3252 5659 3307 5732 et
3336 5649 3456 5702 dia-

1885 5719 2106 5786 lecticas
2126 5719 2399 5783 excursus
2418 5719 2640 5781 uberius
2668 5719 2941 5798 scrutatus
2972 5719 3155 5798 fuerit,
3189 5719 3317 5798 inde
3342 5732 3455 5798 non

1882 5803 2105 5872 exiguos
2133 5799 2343 5854 fructus
2374 5814 2474 5868 pro
2504 5796 2731 5872 historia
2759 5793 3119 5865 philosophiae
3157 5789 3323 5845 medii
3350 5789 3455 5844 avi

1882 5868 2009 5927 ante
2039 5871 2303 5925 Thomam
2340 5884 2464 5925 eum
2497 5868 2871 5926 collecturum.
