4002 6428
490 466 590 533 411

1621 456 1887 532 PHOTII
1923 468 2425 530 PATRIARCH/E
2465 468 2572 529 cp.

3640 438 3744 524 ne

494 593 819 653 gressusque
837 577 1092 649 pertinet,
1122 577 1175 631 id
1200 574 1448 647 inprimis
1476 578 1798 641 notandum,
1832 578 2067 648 duplicis
2100 583 2139 637 Α
2169 575 2301 629 Υἱοῦ
2323 574 2742 646 impugnandam
2763 583 3083 646 argumenta
3102 588 3168 628 ex
3191 554 3475 629 doctorum
3506 571 3743 630 formula

497 672 713 743 generis
736 687 886 725 arma
902 671 1069 724 fuisse
1098 670 1336 724 adhibita
1370 688 1384 723 :
1420 672 1756 725 auctoritatis
1781 671 1991 725 scilicet
2015 679 2070 724 et

500 766 745 821 rationis.
777 764 935 819 Prius
965 777 1133 833 genus
1162 760 1457 815 Bibliorum
1483 771 1539 816 et
1568 762 1876 817 traditionis
1902 762 2058 816 testi-

502 856 685 910 monia
703 854 1079 925 complectitur
1101 871 1114 918 ;
1139 854 1366 907 alterum
1384 854 1826 908 ratiocinationes
1841 870 1905 908 ex
1925 854 2074 907 theo-

504 948 694 1019 logicis
739 945 1022 1016 principiis
1059 945 1351 1013 profectas.
1386 946 1553 999 Porro
1606 946 1674 1000 ad
1706 946 2075 998 auctoritatem

505 1040 649 1109 quod
680 1040 889 1101 attinet,
916 1038 961 1091 is
983 1037 1095 1090 fere
1134 1037 1337 1105 ubique
1357 1052 1387 1090 a
1413 1036 1607 1091 Photio
1636 1047 1691 1091 et
1719 1037 1767 1090 ei
1791 1038 2076 1091 adhaeren-

508 1132 654 1184 tibus
682 1128 976 1183 assumitur
1006 1142 1179 1180 canon
1214 1145 1227 1181 :
1258 1129 1572 1198 Ubicunque,
1599 1129 1715 1182 sive
1746 1129 1801 1183 in
1824 1128 2077 1197 Scriptu-

508 1224 583 1276 ris
598 1222 710 1276 sive
731 1221 786 1274 in
817 1221 1073 1288 symbolis
1103 1229 1158 1274 et
1208 1221 1536 1289 synodorum
1567 1221 1723 1283 actis,
1767 1221 1882 1275 sive
1928 1219 2074 1289 apud

511 1312 716 1373 Patres,
748 1327 811 1364 ea:
840 1310 995 1363 Patre
1035 1312 1310 1379 procedere
1339 1312 1532 1364 dicitur
1565 1310 1792 1379 Spiritus
1829 1321 2069 1372 sanctus,

510 1403 582 1456 ibi
609 1404 864 1472 processio
897 1418 960 1455 ex
991 1402 1122 1455 Filio
1170 1418 1382 1470 prorsus
1436 1402 1750 1467 excluditur,
1795 1418 1957 1472 quem
1990 1417 2084 1456 ca-

512 1508 708 1547 nonem
739 1493 935 1547 falsum
983 1508 1105 1547 esse
1160 1492 1303 1547 facili
1358 1494 1573 1565 negotio
1624 1493 1803 1547 Latini
1846 1492 2082 1563 theologi

515 1586 796 1640 evincunt.
848 1585 928 1639 Ad
966 1585 1155 1642 Patres
1204 1601 1356 1651 vero,
1401 1600 1465 1639 ac
1515 1586 1798 1654 speciatim
1841 1584 2079 1647 Graecos,

514 1676 691 1731 Latini
717 1677 877 1745 primi
928 1692 985 1729 tn
1024 1677 1126 1732 hac
1172 1678 1264 1731 lite
1314 1687 1703 1745 provocarunt.
1738 1678 1965 1730 Constat
2015 1691 2082 1729 ex

516 1769 713 1825 celebri
743 1770 798 1823 in
827 1770 931 1823 hac
968 1770 1340 1823 controversia
1386 1769 1615 1838 epistola
1646 1768 1821 1822 sancti
1868 1767 2085 1822 Maximi

516 1861 583 1914 ad
616 1860 878 1914 Marinum
899 1860 1010 1931 (27)
1032 1861 1144 1929 jam
1204 1860 1401 1914 saeculo
1426 1876 1501 1914 vn
1540 1859 1918 1914 Occidentales
1941 1873 2085 1927 pra:-

2170 669 2258 722 διὰ
2284 667 2379 721 τοῦ
2409 666 2541 721 Υἱοῦ
2566 668 2911 737 petebantur.
2945 666 3271 721 Incredibile
3306 666 3457 720 dictu
3485 676 3593 728 est,
3614 675 3749 735 quot

2172 760 2958 830 diversismodisinterpretati
3011 759 3219 814 fuerint
3247 774 3471 814 suorum
3522 758 3751 813 Patrum

2173 854 2337 920 dicta,
2362 854 2525 908 modo
2554 851 3006 923 signiﬁcationem
3023 850 3117 904 τοῦ
3142 851 3532 921 προέρχεσθαι,
3561 852 3752 922 προϊέ-

2174 966 2281 1011 ναι,
2324 945 2640 1016 προχεῖσθαι
2673 945 2833 1015 longe
2879 944 3037 998 aliam
3089 958 3253 1013 quam
3298 942 3393 996 τοῦ
3450 942 3753 1015 ἐκπορεύε-

2178 1040 2301 1092 σθαι
2356 1037 2793 1109 praetendentes,
2836 1036 3000 1091 modo
3047 1035 3154 1089 alia
3204 1050 3400 1090 vocum
3431 1035 3757 1090 discrimina

2177 1131 2463 1203 ﬁngentes,
2486 1130 2647 1185 modo
2679 1128 3117 1200 praepositionem
3146 1127 3235 1181 διά
3260 1128 3756 1198 praepositionibus

2180 1223 2277 1276 σύν
2305 1232 2361 1278 et
2424 1222 2563 1293 μετά
2638 1221 3059 1291 mquiparantes,
3118 1220 3283 1275 modo
3348 1219 3540 1274 nescio
3592 1234 3758 1286 quam

2178 1316 2458 1383 ἐκφανσιν,
2486 1329 2605 1383 quae
2633 1312 2781 1367 nulla
2807 1312 2968 1366 modo
3008 1312 3081 1365 sit
3110 1310 3355 1380 πρόοδος,
3408 1310 3573 1364 modo
3629 1324 3759 1377 per-

2182 1408 2379 1462 vadere
2407 1407 2676 1477 quoddam
2702 1420 2798 1459 seu
2833 1402 3290 1475 8rﬁxaw.aliaque
3320 1402 3373 1456 id
3411 1416 3588 1472 genus
3619 1416 3762 1455 com-

2183 1498 2533 1553 miniscentes
2557 1496 2689 1567 (51).
2727 1493 2829 1560 Qui
2861 1509 2989 1547 vero
3034 1492 3268 1561 primus,
3302 1500 3425 1561 post
3472 1490 3756 1553 Photium,
3824 1550 3831 1558 _

2185 1592 2275 1662 qui
2317 1591 2370 1645 id
2398 1589 2587 1645 saltem
2628 1589 2739 1658 jam
2794 1586 3139 1646 moliebatur,
3168 1582 3391 1637 Patrum
3440 1583 3610 1643 dicta,
3644 1597 3761 1650 quae

2188 1682 2496 1739 schismatis
2533 1697 2710 1737 causae
2733 1679 2919 1735 favere
2947 1678 3297 1749 putabantur,
3329 1676 3383 1730 in
3429 1691 3603 1729 unum
3647 1675 3761 1729 col-

2187 1775 2334 1847 legit,
2385 1773 2728 1829 Andronicus
2777 1770 3097 1825 Camaterus
3145 1768 3349 1823 szeculo
3390 1783 3465 1821 xu
3520 1767 3631 1839 (vel
3686 1765 3759 1827 xi)

2190 1864 2411 1930 florens,
2454 1863 2673 1918 nonnisi
2727 1860 2955 1927 adjectis
3006 1859 3118 1914 suis
3165 1858 3655 1913 observationibus
3703 1857 3765 1911 iis

519 1961 604 2007 ter
632 1968 760 2007 suos
791 1952 1043 2007 doctores
1075 1952 1261 2023 Cyrilli
1304 1951 1654 2007 Alexandrini
1687 1950 2087 2021 expositionem
2119 1936 2161 1994 Β
2191 1972 2418 2011 nervum
2448 1955 2737 2024 quemdam
2758 1953 2952 2009 fucata:
2970 1951 3310 2022 probationis
3330 1950 3525 2005 indere
3551 1950 3765 2019 potuit;

520 2045 577 2099 in
604 2043 834 2098 Joannis
887 2044 1236 2114 Evangelium
1306 2043 1642 2113 appellasse;
1704 2050 1918 2097 constat
1968 2056 2080 2095 non

521 2136 697 2189 solum
728 2136 1055 2206 posteriores
1076 2134 1319 2197 Latinos,
1366 2142 1427 2187 ut
1464 2134 1813 2189 Etherianum
1875 2142 1930 2188 et
1982 2135 2093 2186 An-

522 2228 753 2280 selmum
784 2226 1272 2297 Havelbergensem
1302 2223 1474 2296 (Dial.
1513 2225 1549 2278 l.
1583 2240 1646 2289 ιι,
1689 2239 1740 2279 c.
1780 2223 1872 2283 24,
1901 2238 1955 2293 p.
1988 2221 2093 2277 188

526 2319 613 2375 ed.
651 2318 821 2373 Paris.
857 2316 1038 2388 1725),
1074 2333 1262 2372 verum
1296 2316 1456 2370 etiam
1501 2330 1597 2370 eos
1628 2315 1799 2384 ipsos,
1854 2313 1949 2384 qui
1982 2313 2094 2383 pri—

524 2409 693 2462 mitus
738 2408 985 2463 Photium
1035 2408 1426 2478 impugnabant
1490 2407 1787 2476 scriptores
1835 2404 2099 2459 Occiden-

529 2500 684 2564 tales,
714 2498 1015 2563 Athanasii,
1039 2500 1242 2569 Didymi
1302 2499 1642 2567 aliorumque
1670 2496 1982 2552 Graecorum
2012 2505 2098 2549 te-

530 2590 783 2644 stimonia
815 2590 1138 2660 protulisse;
1165 2588 1380 2643 Graecos
1400 2603 1531 2642 vero
1569 2586 1787 2641 nonnisi
1819 2586 1997 2640 serius
2030 2600 2100 2639 ex

531 2680 819 2735 sententiis
849 2696 1071 2736 suorum
1111 2680 1393 2734 doctorum
1429 2695 1577 2732 arma
1618 2686 1804 2748 petere
1846 2678 2100 2747 cozpisse,

537 2784 694 2844 atque
722 2775 777 2829 in
801 2775 868 2829 iis
890 2775 1226 2844 explicandis
1264 2774 1641 2828 fluctuantium
1681 2782 1736 2828 et
1763 2773 2096 2828 incertorum

538 2881 689 2921 more
716 2882 1089 2935 saepenumero
1133 2882 1261 2935 suas
1306 2875 1543 2919 mutasse
1593 2866 1902 2935 Opiniones.
1939 2864 2101 2919 Nice-

538 2959 747 3029 phorus
779 2958 1099 3021 Blemmida,
1129 2958 1210 3011 vir
1237 2958 1488 3029 insignis,
1530 2958 1689 3027 cujus
1714 2957 2015 3029 integritati
2048 2965 2105 3011 et

542 3050 837 3105 eruditioni
873 3051 957 3104 vel
1021 3050 1122 3119 ipsi
1173 3049 1505 3104 schismatici
1560 3064 1799 3103 summas
1862 3049 2109 3103 tribuunt

544 3141 732 3198 laudes
749 3140 881 3213 (28).
900 3150 955 3196 et
980 3150 1204 3197 testatur
1241 3149 1296 3196 et
1318 3141 1511 3210 prohat
1535 3141 1863 3195 vetustiores
1887 3157 2108 3195 suorum

545 3233 745 3287 civium
776 3234 1168 3289 Damascenum
1194 3242 1412 3288 secutos
1436 3232 1720 3287 admisisse
1747 3233 1834 3285 διὰ
1856 3233 1950 3286 τοῦ
1978 3233 2108 3287 Υἱοῦ

550 3321 769 3378 εἶναιτὸ
804 3324 1046 3396 Πνεῦμα,
1073 3325 1284 3379 nonnisi
1308 3324 1388 3389 τὸ,
1422 3326 1487 3376 ὲκ
1526 3322 1618 3376 τοῦ
1646 3322 1798 3394 [Mi]
1825 3322 1955 3376 Υἱοῦ
2006 3338 2107 3377 ne-

551 3428 760 3488 gantes;
778 3416 1104 3487 posteriores
1126 3430 1278 3482 vero,
1308 3430 1416 3485 quo
1440 3414 1633 3469 melius
1659 3413 1950 3468 formulam
1982 3413 2117 3467 alte-

553 3524 665 3561 ram
682 3508 950 3571 tollerent,
977 3508 1139 3562 etiam
1161 3508 1418 3577 priorem,
1433 3507 1598 3561 veluti
1615 3506 1918 3562 nonminus
1936 3520 2116 3560 causa:

551 3614 663 3654 suae
695 3598 988 3663 exitialem,
1016 3614 1135 3654 esse
1184 3614 1338 3669 atque
1380 3607 1700 3668 aspernatos
1727 3597 1862 3668 (29).
1911 3597 2116 3653 Provo—

550 3700 639 3746 cat
662 3691 780 3760 ipse
810 3690 878 3745 ad
906 3705 1044 3760 opus
1088 3692 1187 3761 τῆς
1228 3692 1378 3761 ἱερᾶς
1418 3690 1729 3760 ὁπλοθήκης
1752 3690 1865 3760 jam
1907 3688 2115 3743 dudum

552 3784 964 3838 celeberrimum
992 3783 1124 3854 (50),
1214 3784 1307 3838 ubi
1384 3782 1453 3837 ad
1531 3781 1821 3837 formulam
1891 3781 1957 3834 ἐκ
2024 3779 2118 3834 τοῦ

629 3952 1013 4022 (ancauand.
1066 3953 1201 4009 Bibl.
1256 3953 1368 4010 PP.
1410 3953 1553 4018 xm,
1601 3970 1658 4024 p.
1715 3953 1806 4020 58,
1841 3953 1928 4010 39.
1977 3952 2116 4024 Opp.

556 4023 868 4095 Max.rl|,_p.
905 4024 996 4095 58,
1036 4024 1138 4095 59;
1179 4024 1338 4079 Allat.
1370 4023 1825 4095 contraCreyght.
1873 4040 1929 4095 p.
1964 4023 2117 4095 7191.

631 4094 742 4165 (28)
774 4093 857 4165 Cf.
889 4093 1083 4165 Georg.
1101 4094 1590 4165 ᾼετοροιεΑηηαι.
1616 4110 1666 4150 c.
1689 4093 1785 4160 52,
1813 4093 1886 4164 ρ(
1911 4094 1999 4160 54,
2030 4096 2119 4150 ed.

562 4163 1061 4235 Bonn'.;Pachym.
1092 4163 1231 4217 Hist.
1258 4163 1320 4235 ’v,
1362 4164 1465 4229 15,
1494 4165 1728 4234 Ephrem
1772 4163 2027 4220 monach.
2064 4165 2123 4220 in

562 4233 1090 4318 (ῙΙινρηλ(Ἀξξιηιζιεειἶ
1129 4251 1230 4318 scr.
1280 4234 1417 4288 Coll.
1440 4233 2121 4318 ι,111έ-Ιῂρηλ2ῃ)ξ-Βίὶςὶςῑ.

561 4314 700 4359 orat.
731 4303 800 4367 2,
832 4306 908 4359 De
929 4303 1334 4375 injustadepos.
1360 4321 1411 4360 c.
1436 4305 1489 4370 5,
1523 4305 1585 4359 17
1617 4303 1703 4375 (G.
1727 4308 1791 4359 0.
1810 4305 1875 4360 ll.
1894 4305 1983 4371 45,
2008 4306 2120 4375 62);

563 4376 724 4431 Allat.
760 4376 836 4429 De
859 4391 1094 4428 consens.
1132 4374 1167 4427 l.
1209 4391 1269 4439 ιι,
1300 4390 1350 4429 c.
1387 4376 1475 4438 14,
1503 4390 1560 4430 n.
1593 4374 1648 4429 4.

641 4446 749 4514 (29)
781 4444 1006 4514 Niceph.
1056 4443 1223 4514 Blem.
1260 4454 1398 4499 orat.
1457 4447 1525 4509 1,
1581 4460 1632 4500 c.
1678 4443 1813 4511 5-7;
1864 4454 2003 4500 orat.
2049 4445 2124 4512 2,

566 4534 616 4573 c.
644 4513 678 4570 5
706 4514 881 4585 (ϐε-Ο.
908 4513 1024 4585 Lp.
1048 4513 1171 4585 9-8,
1200 4514 1314 4583 42).

642 4582 754 4655 ('59)
783 4583 1013 4654 Niceph.
1044 4583 1214 4655 Blem.
1313 4599 1447 4655 c.7p.
1483 4585 1518 4639 4
1560 4601 1574 4637 :
1619 4582 1683 4655 Ἡ
1713 4583 1891 4654 βίϐλος
1921 4585 2125 4639 αἰδέσι-

570 4634 767 4728 μοξῖιό
783 4634 909 4728 ἱερἱ
920 4634 1077 4707 ’τ’όῖεξ
1090 4634 1217 4728 ’ᾧᾶέ
1252 4634 1469 4728 ’λᾶᾖιῖιὶν
1493 4634 1737 4728 Magi);
1751 4634 1761 4637 ⁷
1777 4634 2123 4728 ᾁὸγᾷἇῖᾜξᾴι
2155 4634 2202 4693 ο

569 4723 1054 4796 ἆτερισλπούδᾳσσεος,
1082 4724 1162 4786 εἰς
1188 4723 1379 4796 ἔπξιτὰ
1404 4741 1465 4775 τε
1498 4726 1591 4776 καὶ
1617 4723 1730 4796 ἕως
1771 4724 1933 4796 ἡμῶν
1973 4724 2129 4796 περί-

571 4792 774 4865 πύσῳς
798 4794 898 4865 ξιαὶᾼ
918 4792 1215 4865 taeitos-cog.
1248 4794 1473 4858 Beccus,
1517 4806 1657 4848 orat.
1687 4795 1745 4858 2,
1787 4792 1856 4849 de
1891 4792 2124 4865 deposit,

571 4867 655 4921 (ϐ.
683 4863 748 4918 0.
773 4863 840 4927 ll,
869 4863 959 4931 59)
986 4863 1328 4923 Camaterum
1355 4874 1633 4918 auctorem
1656 4873 1836 4919 vocat.

643 4934 754 5003 (51)
784 4934 869 5005 Cf.
889 4933 1116 4987 Beccum
1135 4934 1486 5005 orat.¥cit.‘(p.
1509 4935 1577 4989 50
1601 4950 1741 5005 seq.,
1765 4934 1832 4988 54
1850 4950 1989 5005 seq.,
2014 4934 2127 5005 95);

547 5006 610 5063 .l.
637 5021 709 5069 iv,
747 5004 813 5074 ad
843 5003 1127 5074 Constant.
1166 5019 1218 5058 c.
1262 5003 1296 5055 5
1330 5003 1443 5074 (ib.
1491 5019 1543 5072 p.
1591 5004 1695 5074 207
1738 5008 1898 5073 seq.);
1933 5003 2131 5059 contra

573 5085 706 5129 tom.
739 5073 916 5144 Cypr.
955 5071 1058 5144 (ib.
1115 5088 1169 5144 p.
1233 5071 1362 5127 215
1398 5071 1510 5142 seq.
1538 5075 1579 5142 );
1636 5071 1873 5128 Marcum
1923 5074 2126 5144 Ephes.

573 5145 642 5200 de
694 5142 1077 5214 praepositione
1109 5142 1196 5214 διὰ
1243 5145 1623 5214 aequipollente
1667 5146 1732 5214 τῇ
1801 5144 1934 5212 μετὰ
1974 5142 2133 5214 apud

575 5214 737 5282 Greg.
771 5211 889 5284 ρρι.
922 5214 976 5265 in
1006 5211 1347 5284 Αροιη-(Οθιί.
1391 5211 1536 5268 Mou.
1568 5214 1637 5268 27
1670 5211 1730 5268 [ζ’
1760 5211 1860 5268 115
1904 5229 1957 5268 a.
1989 5211 2130 5284 seq.)

574 5284 751 5362 Αιιῇ
774 5282 976 5362 ᾘηάὶε.
1007 5299 1122 5362 syn.
1146 5282 1280 5353 Eph.
1313 5299 1363 5338 c.
1396 5284 1587 5362 69:6}.
1618 5300 1672 5362 pf
1704 5284 1961 5362 404-352.

649 5353 758 5422 (52)
787 5352 1052 5407 Camateri
1082 5368 1218 5421 opus
1249 5370 1373 5408 cum
1434 5352 1779 5408 Refuta’tione
1827 5354 1982 5409 Becci
2034 5368 2133 5409 ex-

577 5432 685 5494 stat
724 5424 786 5494 in
813 5423 905 5479 Gr.
949 5423 1151 5494 orti/rod.
1208 5431 1247 5477 t.
1302 5424 1370 5478 II.
1418 5440 1473 5494 p.
1515 5424 1779 5489 293-521;
1817 5423 2136 5494 Epigraphae

580 5492 830 5575 ᾔθοεί
867 5509 920 5575 p.
972 5493 1077 5575 522
1130 5509 1244 5563 seq.
1300 5492 1538 5575 Palamaa.
1575 5492 2133 5575 antirrheticu's‘cum

578 5563 911 5619 Bessarionis
944 5563 1148 5633 confut.
1186 5580 1273 5633 ap.
1303 5565 1501 5619 Arcud.
1526 5564 1581 5619 in
1614 5565 1803 5633 Opusc.
1849 5564 2002 5618 theol.
2039 5583 2137 5619 au-

582 5635 702 5688 reis.
731 5635 887 5704 Rom.
914 5632 1071 5698 1650,
1103 5632 1240 5704 16Ἰο
1261 5643 1315 5688 et
1344 5635 1545 5704 inicod.
1572 5635 1718 5704 Men.
1733 5636 1826 5688 cit.
1860 5635 1895 5688 f.
1924 5636 1989 5689 57
2020 5650 2135 5704 seq.

648 5704 761 5773 (55)
788 5702 959 5773 Opera
974 5704 1130 5758 Joan.
1153 5702 1321 5774 Chila:
1340 5712 1393 5757 et
1410 5702 1667 5774 Manuelis
1686 5703 2021 5774 Chrysolarze
2040 5702 2137 5774 pro

578 5789 743 5852 causa
772 5774 1040 5852 catholica
1076 5773 1320 5852 nondum
1362 5773 1635 5852 publicata
1669 5773 1828 5837 sunt,
1870 5773 2138 5852 praestans

579 5843 848 5899 Manuelis
867 5842 1073 5898 Calecae
1098 5858 1236 5911 opus
1266 5842 1453 5896 Latine
1478 5852 1706 5905 tantum,
1732 5854 1996 5912 quantum
2031 5847 2138 5899 sci—

578 5930 721 5972 mus.
753 5914 832 5968 Ex
854 5912 1215 5970 schismaticis
1236 5912 1550 5967 auctoribus
1582 5915 1750 5968 multa
1776 5913 1952 5969 adhuc
1974 5914 2024 5968 in
2054 5915 2135 5968 hi-

2193 2048 2329 2103 adeo
2366 2047 2592 2102 deerant
2620 2043 2931 2100 testimonia
2959 2042 3160 2099 diserte
3182 2051 3238 2095 et
3273 2056 3411 2111 pure
3442 2041 3564 2112 ejus
3600 2056 3767 2110 scopo

2194 2141 2553 2197 conducentia
2584 2146 2782 2209 praeter
2809 2137 2920 2201 illa,
2953 2136 3153 2207 quibus
3182 2134 3537 2205 supradictus
3585 2148 3769 2187 canon

2195 2233 2586 2303 applicabatur.
2638 2228 2911 2285 Camateri
2969 2226 3385 2282 observationes
3437 2223 3770 2279 refellendas

2197 2323 2301 2378 sibi
2334 2322 2565 2392 sumpsit
2596 2320 2827 2386 Beccus,
2868 2318 2961 2390 qui
3013 2318 3175 2375 simul
3207 2318 3261 2372 in
3298 2317 3412 2372 suis
3454 2315 3770 2387 epigraphis

2197 2414 2420 2471 Patrum
2451 2422 2632 2468 textus
2666 2427 2766 2482 pro
2810 2410 3158 2481 processione
3205 2424 3272 2463 ex
3321 2408 3459 2463 Filio
3514 2406 3768 2476 collegit;

2199 2505 2397 2576 quibus
2454 2502 2718 2566 Palamas,
2783 2499 3081 2556 acerrimus
3129 2497 3443 2554 schismatis
3485 2497 3767 2561 defensor,

2200 2602 2389 2665 postea
2412 2608 2538 2647 suas
2550 2592 2898 2662 ἀντιρρήσεις
2931 2588 3203 2658 opposuit,
3233 2602 3368 2657 quas
3392 2587 3546 2642 card.
3577 2585 3771 2640 Bessa-

2203 2686 2322 2739 rion
2341 2683 2490 2756 (142)
2510 2680 2811 2737 confutavit
2829 2678 2965 2748 (52).
2986 2678 3093 2733 Sed
3113 2677 3280 2731 multa
3303 2676 3596 2746 utriusque
3612 2677 3776 2746 partis

2205 2777 2407 2846 scripta
2434 2775 2608 2829 lucem
2635 2773 2813 2828 adhuc
2839 2770 3172 2829 desiderant,
3205 2784 3325 2839 qua:
3346 2768 3774 2823 concertationis

2205 2868 2383 2925 varios
2405 2882 2691 2922 successus
2720 2864 3029 2919 accuratius
3061 2861 3401 2917 delinearent
3426 2861 3569 2931 (55).
3612 2860 3779 2914 Nemo

2207 2974 2389 3014 rerum
2438 2973 2636 3029 gnarus
2686 2954 2990 3027 negaverit,
3023 2953 3248 3007 Latinos
3315 2952 3620 3022 scriptores
3674 2952 3779 3020 jam

2208 3067 2334 3110 $330.
2362 3067 2415 3105 ιιι
2447 3048 2758 3104 Graecorum
2812 3046 3086 3103 solvendis
3134 3044 3358 3115 argutiis
3408 3046 3655 3113 impares
3683 3045 3780 3098 mi-

2213 3146 2357 3200 nime
2387 3143 2584 3207 fuisse;
2610 3139 2883 3212 posterius
2911 3153 3043 3195 vero
3074 3154 3137 3193 ac
3176 3137 3480 3208 praesertim
3504 3152 3638 3191 saec.
3688 3151 3777 3191 xm

2212 3250 2264 3293 et
2289 3254 2379 3302 xv,
2412 3252 2507 3292 eos
2536 3235 2593 3290 in
2619 3234 2884 3304 theologia
2918 3241 2973 3287 et
3009 3232 3064 3285 in
3094 3230 3487 3301 philosophicis
3544 3228 3778 3298 discipli-

2214 3331 2299 3386 nis
2339 3330 2697 3399 undequaque
2764 3325 3076 3396 superiores
3128 3321 3402 3378 exstitisse
3432 3319 3782 3375 manifestum

2216 3432 2316 3478 est.
2349 3422 2458 3476 Sed
2507 3419 2705 3475 saeculo
2733 3434 2808 3483 Ix,
2844 3418 2962 3471 haec
3017 3412 3388 3470 controversia
3420 3411 3673 3467 nondum
3723 3426 3787 3465 eo

2216 3513 2536 3569 eruditionis
2570 3510 2857 3582 splendore
2878 3507 3069 3580 agitari
3109 3505 3307 3577 potuit,
3338 3519 3503 3573 quem
3542 3512 3789 3573 tempore

2216 3606 2371 3661 Becci
2398 3613 2453 3660 et
2487 3602 2676 3675 synodi
2708 3600 3035 3656 Florentium
3056 3595 3583 3660 animadvertimus;
3615 3610 3791 3663 neque

2218 3710 2297 3751 θαι
2321 3694 2649 3765 quaestiones
2673 3691 2982 3763 exegeticae,
3028 3687 3366 3758 philologica:
3392 3682 3548 3756 [145]
3593 3700 3658 3737 ac
3686 3683 3791 3737 cri-

2219 3786 2340 3843 tica
2368 3785 2739 3851 movebantur,
2768 3781 2824 3837 in
2845 3781 3042 3853 quibus
3074 3786 3260 3851 postea
3307 3779 3508 3833 summi
3554 3777 3791 3848 theologi

2218 3954 2507 4016 bliothecis
2531 3953 2716 4025 iacent
2734 3949 3154 4025 A'lfheophylacti,
3174 3948 3430 4025 Phurnte,
3454 3947 3665 4025 Nicolai
3683 3947 3794 4025 Me-

2223 4030 2403 4093 thon.,
2443 4018 2698 4080 Eustratii
2733 4018 3211 4093 Niczerii,'Niceta3_
3225 4018 3793 4093 Byza_nt;__Cam_ateri,

2222 4088 2401 4154 Nicol.
2437 4094 2768 4165 Hydruntini
2787 4093 3146 4165 aliorumque.
3190 4088 3396 4165 In_cod.
3430 4088 3669 4165 Vindob.
3692 4089 3793 4165 ρι’,

2224 4169 2397 4225 theol.
2433 4158 2536 4221 162
2556 4163 2911 4237 (Lamb._258)
2934 4161 2971 4215 f.
3004 4158 3091 4237 18,
3117 4159 3410 4237 antithesis
3431 4168 3523 4237 est
3552 4158 3794 4215 Matthxi

2224 4237 2511 4310 quaestoris
2535 4230 3406 4316 contra.Thomamnhquinatetn.
3426 4230 3594 4316 Plura
3626 4246 3791 4316 opera

2226 4300 2352 4365 sae.
2375 4325 2465 4371 xv,
2496 4304 2787 4387 partimin
2821 4317 2974 4358 conc.
3002 4300 3169 4382 .Flor.
3216 4300 3572 4381 editionibus,
3600 4301 3797 4371 partim

2225 4380 2294 4435 ab
2317 4371 3267 4451 Arcudiop_u_bltcata_contlnet_cod.
3318 4369 3569 4451 Monhrn.
3612 4379 3798 4451 nostra

2226 4450 2465 4504 editione
2476 4440 2771 4500 adhibitus.
2788 4443 2865 4497 Ibi
2882 4457 3096 4511 quoque
3113 4441 3309 4510 legitur
3324 4440 3419 4511 fol.
3440 4441 3542 4511 114
3557 4441 3645 4494 h-l
3657 4442 3728 4494 44
3745 4457 3797 4497 a.

2227 4518 2471 4590 Gregorii
2511 4516 2647 4590 Cpl.
2667 4510 2938 4590 Apologia
2963 4510 3213 4590 ιιι-Μειτεὶ
3239 4510 3457 4590 Ephesii
3498 4510 3801 4590 confessio:

2230 4529 2471 4590 Gregorii
2511 4529 2631 4586 Upt.
2667 4529 2923 4634 Aputogta
2963 4529 3017 4565 tn
3050 4529 3213 4565 uiaret
3239 4529 3457 4593 Lpnesu
3498 4529 3800 4590 conteris“)—

2230 4605 2355 4662 nem
2399 4583 2847 4662 (praecediti
2925 4580 3121 4662 bili}
3158 4596 3225 4646 a,
3259 4582 3510 4662 ejusdem
3557 4581 3698 4662 liber
3735 4581 3800 4662 ad

2229 4660 2360 4728 imp.
2404 4650 2644 4728 Trapez.
2665 4650 2733 4728 ah
2759 4653 2928 4728 _A_l_lat.
3069 4650 3145 4728 0._
3168 4667 3213 4728 [ε
3245 4651 3801 4728 419θειιηεᾱίιιιξη

2229 4719 2533 4797 sequuntur
2560 4741 2590 4779 a
2622 4724 2714 4779 fol.
2750 4724 2853 4797 i8_0
2889 4738 2940 4797 a_.
2981 4720 3146 4797 Marci
3174 4719 3399 4797 Eugenii
3420 4719 3601 4797 capita
3635 4722 3802 4797 syllo-

2229 4789 2438 4871 gistlca,
2484 4810 2729 4871 quorum
2764 4792 2838 4871 1‘7
2896 4792 3160 4871 Georgius
3184 4789 3543 4871 _Scholaritis,
3591 4789 3803 4871 reliqua

2213 4862 2403 4937 usque
2434 4866 2501 4921 ad
2517 4862 2642 4934 cap.
2666 4864 2735 4937 58
2764 4862 3056 4937 Bessarion
3072 4862 3404 4937 confutavit,_
3439 4878 3563 4932 qua:
3580 4862 3805 4937 refuta-

2233 4931 2408 4993 tiones
2454 4931 2623 5005 usque
2672 4934 2741 4988 ad
2775 4933 2869 4987 fol.
2902 4932 3009 5005 255
3044 4932 3172 5005 b__se
3209 4932 3534 5005 extendunt.
3580 4931 3809 5005 Legitur

2233 4949 2408 4993 tiones
2454 4949 2623 5005 usque
2672 4949 2741 4988 au
2775 4949 2869 4987 lOl.
2902 4949 3009 4986 που
3044 4949 3077 4985 υ
3112 4949 3172 4986 se
3209 4949 3534 4987 extendunt.
3580 4949 3807 5054 Legitur

2230 5017 2356 5065 nota
2385 5007 2621 5076 capitum
2670 5002 2965 5076 summario
2994 5001 3174 5076 addita
3210 5019 3224 5055 :
3272 5002 3475 5076 ’Ἐςεερᾳ
3526 5004 3671 5076 κε-τθά
3708 5021 3807 5056 aia

2232 5078 2326 5132 τοῦ
2359 5071 2523 5132 aiich
2566 5074 2813 5143 Ἐφέσου,
2843 5072 3004 5143 acim
3052 5072 3296 5143 getiam-eu
3328 5071 3744 5143 ἀπολογηθῆναι
3781 5076 3812 5123 ὁ

2235 5148 2538 5218 σχολάριος,
2567 5140 2661 5218 καὶ
2686 5140 2956 5218 ἀπεκρίθη
2979 5140 3153 5218 cui)er
3169 5143 3196 5194 ὁ
3216 5140 3549 5218 Κύριόςβμου
3571 5140 3812 5218 ΡΞ

2234 5210 2446 5287 uirque:
2504 5210 2603 5271 καὶ
2650 5210 3001 5287 perpetuique:
3059 5210 3151 5264 τοῦ
3231 5210 3538 5287 μαξιαριτᾳυ
3586 5213 3812 5287 ,ξιφίου

2235 5282 2538 5411 Γρᾟορίου
2582 5284 2677 5368 ῖοῦ
2736 5282 3075 5363 ἆεατριάρχοιρ
3129 5283 3423 5362 γενομένῳ
3480 5283 3540 5363 ὲγ
3586 5282 3811 5354 Ῥώμῃ.

2235 5358 2313 5412 Ex
2381 5373 2425 5411 IS
2453 5359 2711 5412 oneribus
2740 5353 2998 5408 nonnulla
3058 5366 3113 5405 In
3145 5366 3262 5412 seq.
3315 5351 3563 5406 articulis
3611 5368 3811 5406 excer-

2287 5351 2435 5411 xliis'
2453 5356 2711 5427 operibus
2740 5351 2998 5427 nonnulla
3058 5353 3113 5405 in
3145 5366 3262 5427 seq.
3315 5351 3563 5427 articulis
3597 5351 3813 5427 excer-

2236 5439 2327 5498 pta
2383 5421 2530 5498 suni.
2583 5426 2856 5498 Caeterum
2913 5422 2969 5477 in
3018 5422 3275 5498 operibus
3326 5421 3818 5498 schismaticorum

2236 5491 2355 5567 quae
2381 5497 2625 5552 nondum
2661 5495 2877 5567 vulgata
2915 5491 3069 5567 sunt,
3118 5491 3350 5567 plurima
3393 5491 3586 5546 eadem
3651 5493 3821 5561 plane

2237 5561 2494 5641 videntur
2528 5581 2669 5641 esse,
2701 5561 2958 5641 quaejam
3003 5562 3064 5641 in_
3100 5561 3261 5641 editis
3306 5571 3587 5641 prostant;
3639 5578 3823 5641 pauca

2238 5638 2577 5694 solummodo
2610 5632 2736 5704 quai
2750 5634 3022 5704 peculiara
3054 5632 3275 5704 habent,
3318 5632 3587 5704 expiscari
3638 5632 3823 5687 inter-

2238 5711 2367 5763 dum
2392 5709 2536 5763 Iicet.
2562 5701 2927 5760 Nihilominus
2962 5718 3070 5756 non
3109 5701 3227 5755 sine
3267 5702 3501 5755 utilitate
3538 5716 3639 5771 pro
3678 5706 3825 5755 nlic-

2238 5781 2367 5833 riori
2391 5778 2554 5846 hujus
2571 5775 2838 5848 dogmatis
2860 5773 3080 5828 historia
3105 5772 3374 5840 ejusmodi
3396 5772 3599 5842 scripta
3633 5772 3821 5843 publi-

2247 5858 2512 5905 narentur.
