4002 6466
235 516 348 586 413

938 531 1034 593 DE
1074 537 1133 596 S.
1191 538 1390 600 SPIR.
1431 541 1931 602 MYSTAGOGIA.
1964 571 2028 579 --
2069 546 2812 613 ANIMADVERSIONES:

3408 555 3514 617 414

236 632 621 688 decertarunt.
658 636 937 733 Attamen,
961 652 1018 695 ut
1046 660 1222 715 pugna
1248 646 1450 702 Graecis
1474 658 1647 703 evoto
1667 651 1826 705 cede-
1855 676 1898 723 Α
1928 652 2082 707 duxit
2122 656 2367 719 Photius,
2420 659 2517 714 sed
2553 671 2608 715 et
2642 662 2900 716 methodo
2949 664 3181 733 quadam
3242 675 3296 719 et
3332 669 3512 721 studio

233 732 341 789 ret,
380 734 529 781 certa
561 730 806 798 quaadam
841 733 1099 804 principia
1126 747 1283 793 erant
1328 742 1733 807 constituenda,
1771 753 1827 797 et

231 817 441 886 quibus
476 820 723 877 doctrina
756 821 965 881 Latinis
992 832 1265 886 contraria
1297 832 1652 899 stabiliretur,
1684 852 1824 905 quo-

231 924 471 980 rumque
506 929 610 983 ope
635 918 1020 974 auctoritatum
1066 923 1207 977 dicta
1239 940 1407 994 scopo
1436 928 1821 982 accommoda-

230 1010 449 1057 rentur.
485 1003 551 1059 Et
583 1005 675 1062 hic
702 1006 805 1062 'uit
830 1010 1008 1065 Photii
1040 1014 1210 1080 labor,
1246 1017 1340 1085 qui
1373 1034 1472 1087 pro
1500 1020 1583 1073 sui
1617 1019 1820 1089 ingenii

230 1090 499 1149 facultate
548 1111 613 1151 ea
671 1098 880 1168 primus
938 1103 1119 1173 posuit
1167 1104 1521 1162 fundamenta
1563 1118 1617 1163 et
1646 1109 1820 1164 facem

232 1186 476 1253 praetulit
506 1191 719 1247 cunctis
748 1193 995 1263 ejusdem
1028 1198 1312 1253 sententia:
1344 1200 1625 1268 patronis;
1658 1202 1820 1256 uber—

229 1278 434 1333 rimum
488 1281 605 1352 ipse
662 1284 868 1341 fontem
914 1290 1149 1358 aperuit,
1200 1306 1267 1345 ex
1316 1307 1425 1362 quo
1465 1309 1565 1363 per
1621 1295 1817 1348 saacula

230 1368 583 1440 insequentia
620 1375 877 1447 pleraque
921 1394 1017 1433 sua
1050 1380 1303 1446 hausere,
1349 1382 1662 1453 quicunque
1695 1382 1819 1454 Spi-

230 1462 375 1518 ritus
407 1468 583 1520 sancti
615 1483 680 1522 ex
708 1468 846 1525 Filio
880 1474 1286 1541 processionem
1333 1475 1742 1547 impugnarunt.

301 1559 395 1614 13.
429 1560 681 1618 Rationes
712 1566 1012 1637 theologica:
1054 1568 1535 1641 schismaticorum.
1577 1587 1641 1626 ex
1673 1587 1816 1626 non-

233 1653 401 1707 nullis
433 1654 723 1725 principiis
751 1658 986 1714 maxima
1020 1676 1089 1715 ex
1115 1672 1269 1731 parte
1289 1663 1529 1732 pendent
1560 1679 1591 1717 a
1616 1663 1814 1719 Photio

225 1745 338 1815 jam
371 1747 647 1803 stabilitis.
690 1749 818 1805 lich
857 1752 1153 1819 axiomata,
1206 1755 1595 1809 struendorum
1624 1757 1814 1826 sophi-

228 1846 472 1892 smatum
505 1838 883 1906 fundamenta,
912 1842 1006 1913 qui
1043 1844 1183 1899 bene
1226 1845 1587 1915 perspexerit,
1639 1846 1813 1901 artifi-

227 1930 436 1985 ciosam
480 1928 697 1988 illorum
748 1934 1175 2005 disputationem
1224 1952 1291 1991 ex
1346 1938 1558 2010 integro
1612 1938 1813 2009 poterit

1927 750 2192 803 acerrimo
2244 766 2368 805 cum
2430 763 2721 824 systemate
2760 757 2981 811 Patrum
3040 760 3345 833 theologico
3382 779 3502 816 eam

1926 849 2273 908 connectere,
2304 842 2488 897 sedem
2521 845 2569 899 ei
2627 857 2945 917 perpetuam
2996 850 3160 920 ﬁgere
3202 853 3256 906 in
3292 853 3511 907 Graeco-

1924 944 2043 982 rum
2080 930 2407 999 dogmaticis
2458 934 2918 1004 institutionibus,
2967 955 3198 1010 eamque
3234 944 3510 1012 undequa-

1922 1036 2029 1090 que
2058 1023 2274 1078 munire
2333 1040 2623 1095 aggressus
2666 1037 2775 1083 est.
2804 1030 2918 1083 Nos
2954 1031 3083 1086 hinc
3124 1034 3296 1088 tribus
3330 1035 3509 1088 conti~

1924 1117 2118 1163 nenter
2172 1112 2418 1167 articulis
2466 1121 2576 1167 tum
2609 1129 2929 1188 argumenta
2964 1136 3031 1177 ex
3077 1123 3399 1177 auctoritale
3438 1124 3507 1177 ab

1920 1208 2150 1269 utraque
2172 1212 2322 1271 parte
2345 1205 2574 1274 prolata,
2601 1225 2724 1277 quae
2756 1210 2812 1263 in
2843 1210 3020 1267 Photii
3050 1214 3191 1269 libro
3225 1217 3508 1283 attingun-

1921 1300 2028 1357 tur,
2059 1294 2257 1350 deinde
2291 1296 2409 1352 htec
2443 1299 2561 1368 ipsa
2590 1300 2857 1358 Photiana
2901 1305 3193 1375 principia,
3227 1317 3506 1376 postremo

1919 1384 2130 1453 potiora
2160 1387 2406 1455 ejusdem
2446 1390 2782 1460 sOphismata
2814 1395 3290 1464 perlustrabimus,
3312 1399 3503 1451 catho—

1919 1473 2147 1530 licorum
2176 1478 2555 1551 theologorum
2591 1483 2820 1538 selectas
2850 1487 3149 1540 sententias
3178 1488 3494 1558 responsio-

1920 1581 2128 1637 nesque
2157 1569 2427 1642 adjungen
2437 1579 2539 1627 tes.

1920 1676 2171 1761 [1451".
2204 1709 2273 1723 ν·-
2301 1683 2623 1761 Argumenta
2658 1703 2722 1740 ea:
2766 1690 3086 1761 auctoritate
3118 1692 3365 1759 utrinque
3415 1708 3499 1761 pe-

2024 1755 2144 1811 tita,
2176 1767 2293 1821 qua:
2329 1755 2536 1821 potiora
2564 1767 2705 1821 sunt,
2740 1760 2974 1812 e'camini
3005 1755 3381 1829 subjiciuntur.

1984 1841 2037 1896 1.
2071 1841 2228 1907 Quod
2280 1844 2348 1899 ad
2400 1857 2719 1917 argumenta
2781 1859 2988 1922 spectat
3044 1866 3111 1905 ex
3173 1853 3501 1909 auctoritate

1914 1932 2109 2001 petita,
2140 1944 2298 2005 urget
2340 1935 2397 1988 in
2426 1936 2616 2005 primis
2668 1937 2899 1994 Photius
2928 1954 2978 1994 (ι.
3010 1940 3064 2005 2,
3093 1942 3260 1996 verba
3296 1942 3499 1997 Christi

225 2021 554 2093 dijudicare.
588 2024 815 2081 Photius
833 2036 1117 2091 autem,ut
1146 2028 1259 2083 fere
1292 2028 1493 2099 ubique
1521 2029 1577 2083 in
1614 2029 1806 2085 talibus

1911 2022 2069 2079 Joan.
2123 2041 2213 2088 xv,
2248 2026 2317 2079 26
2352 2041 2368 2078 :
2407 2026 2472 2081 Ὀ
2526 2027 2681 2098 παρὰ
2729 2029 2823 2082 τοῦ
2864 2030 3077 2099 Ila-apo;
3113 2032 3497 2104 ἐκπορεύεται,

228 2133 332 2171 usu
364 2119 542 2184 venit,
578 2120 773 2175 miscet
802 2122 940 2176 veris
989 2121 1152 2193 falsa,
1184 2122 1418 2192 receptis
1450 2132 1506 2177 et
1532 2122 1811 2178 concessis

221 2209 510 2280 principiis
538 2227 820 2282 nunquam
870 2215 1206 2269 admittenda
1241 2231 1416 2285 eaque
1439 2214 1634 2270 callide
1679 2216 1812 2287 logi-

224 2317 304 2356 ca:
333 2304 744 2359 consecutionis
772 2305 861 2360 ﬁlo
895 2305 1039 2361 inter
1069 2323 1127 2362 se
1159 2307 1461 2364 connectit.
1499 2306 1653 2373 Quod
1683 2308 1810 2361 atti-

220 2400 321 2447 net
350 2393 420 2448 ad
467 2395 733 2466 principia
789 2396 1089 2469 theologica
1141 2399 1209 2453 ab
1243 2398 1500 2453 omnibus
1549 2398 1808 2461 admissa,

220 2484 313 2540 his
334 2487 682 2556 potissimum
706 2489 877 2543 utitur
904 2489 1130 2545 Photius
1165 2491 1241 2545 :l.
1277 2490 1518 2545 Trinitas
1568 2498 1652 2546 est
1688 2506 1809 2544 om-

221 2578 365 2633 nino
450 2581 970 2649 consubstantialis;
1050 2592 1162 2638 tres
1245 2597 1498 2653 persona:
1558 2582 1807 2637 eamdem

224 2669 444 2727 habent
471 2674 686 2728 omnino
716 2683 972 2728 naturam
1004 2683 1167 2744 atque
1196 2676 1520 2745 potentiam.
1556 2675 1622 2731 ll.
1652 2675 1810 2728 Pater

225 2773 318 2818 est
348 2764 522 2834 prima
561 2780 739 2829 causa,
785 2767 1021 2837 primum
1052 2768 1403 2838 principium,
1435 2785 1500 2823 ex
1535 2785 1642 2838 quo
1691 2778 1807 2823 tum

222 2854 404 2912 Filius
431 2867 542 2911 tum
574 2857 811 2928 Spiritus
844 2869 1090 2924 sanctus,
1120 2861 1225 2915 etsi
1256 2876 1365 2914 non
1394 2861 1586 2915 eodem
1622 2861 1805 2926 modo,

221 2967 388 3006 suum
420 2966 543 3007 esse
570 2952 921 3023 divinamque
969 2954 1175 3008 habent
1212 2954 1529 3009 essentiam.
1563 2952 1649 3007 Ill.
1703 2954 1805 3007 Es-

218 3042 399 3096 sentia
429 3044 883 3107 communicatur,
928 3045 1024 3099 sed
1070 3045 1387 3114 personales
1440 3045 1807 3115 proprietates

218 3141 354 3186 sunt
377 3133 608 3188 omnino
640 3134 1205 3202 incommunicabiles,
1259 3136 1366 3196 uel,
1412 3146 1470 3191 ut
1513 3135 1805 3208 Gregorius

215 3223 603 3281 Nazianzenus
656 3226 915 3297 loquitur,
968 3225 1030 3280 τδ
1084 3228 1218 3281 ἴδιον
1276 3228 1512 3281 ἑκάστου
1566 3228 1799 3281 ἀκοινώ-

216 3317 722 3387 νητον.((]1’..ῐοιιη.
762 3319 955 3373 Theol.
1023 3334 1160 3374 sess.
1206 3319 1273 3373 18
1311 3318 1529 3373 concilii
1577 3317 1805 3372 Floren-

218 3375 341 3474 tini,
374 3375 541 3465 nim.
569 3410 728 3465 Conc.
761 3420 890 3465 tom.
926 3409 1015 3475 ix,
1047 3411 1270 3481 p.201.)
1302 3410 1391 3465 ιν.
1431 3409 1713 3464 Servanda
1743 3408 1802 3463 in
1837 3375 1880 3433 θ

217 3503 482 3558 omnibus
514 3513 599 3558 est
619 3503 804 3558 divina
826 3503 1167 3567 monarchia,
1196 3519 1304 3572 qua
1348 3502 1609 3565 Trinitas,
1644 3516 1805 3571 quam

220 3597 525 3652 Christiani
558 3602 809 3660 adorant,
840 3614 867 3652 a
901 3599 1211 3669 polyarchia
1245 3598 1591 3651 ethnicorum
1622 3611 1806 3651 secer-

214 3691 388 3744 nitur.
430 3689 569 3743 Cum
600 3689 685 3744 his
714 3690 816 3743 alia
849 3690 1007 3744 effata
1034 3700 1463 3756 connectuntur,
1510 3705 1630 3759 qua:
1661 3689 1806 3758 apud

213 3780 504 3852 theologos
532 3790 588 3837 et
620 3782 761 3849 apud
790 3781 979 3835 Patres
1020 3797 1130 3835 non
1170 3781 1351 3835 minus
1381 3793 1493 3835 rata
1521 3792 1578 3835 et
1614 3781 1804 3849 explo-

213 3882 333 3927 rata
361 3881 515 3927 sunt.
552 3872 659 3928 Sed
680 3874 898 3943 propria
944 3873 1122 3928 Photii
1164 3873 1433 3929 axiomata
1478 3873 1585 3942 jam
1630 3871 1804 3941 inspi-

206 3965 452 4021 ciamus.
478 3965 605 4022 llaec
632 3967 841 4036 potiora
870 3976 1000 4021 sunt
1028 3986 1041 4021 ε
1066 3967 1111 4020 l.
1147 3965 1286 4021 Filio
1308 3982 1527 4036 quoque
1560 3966 1804 4021 tribuere

212 4057 459 4127 Spiritus
512 4058 685 4114 sancti
756 4058 1110 4129 Spirationem
1159 4067 1245 4114 est
1302 4060 1402 4111 duo
1443 4058 1499 4112 in
1534 4057 1804 4113 Trinitate

216 4149 371 4223 [144]
402 4160 646 4205 statuere
679 4151 964 4220 principia,
1023 4165 1194 4219 eaque
1245 4150 1388 4203 inter
1447 4164 1505 4204 se
1564 4150 1800 4204 diversa.

215 4240 288 4297 ll.
320 4241 630 4295 Producere
686 4242 948 4312 Spiritum
1004 4250 1251 4297 sanctum
1293 4242 1408 4295 sive
1466 4240 1674 4309 Spirare
1720 4249 1804 4294 est

212 4334 552 4405 hypostatica
606 4333 786 4387 Patris
818 4335 1136 4401 proprietas.
1197 4332 1287 4385 111.
1344 4332 1504 4385 Pater
1536 4330 1802 4400 quidquid

213 4439 281 4479 ex
310 4439 371 4478 se
411 4432 473 4478 ut
518 4440 585 4479 ex
645 4438 807 4479 causa
858 4426 1132 4495 producit,
1166 4426 1374 4477 ratione
1403 4440 1664 4493 personw.
1697 4441 1801 4477 non

214 4527 405 4571 autem
466 4518 671 4570 ratione
703 4527 928 4581 naturae,
982 4516 1261 4587 producit.
1296 4514 1385 4570 Ν.
1436 4514 1715 4586 Quidquid
1739 4514 1792 4569 in

212 4617 409 4664 sancta
450 4609 715 4664 Trinitate
745 4608 1070 4680 concipitur,
1103 4619 1196 4664 aut
1230 4609 1391 4662 trium
1445 4624 1803 4678 personarum

1913 2118 2067 2187 quasi
2086 2117 2210 2172 inde
2233 2116 2400 2172 Filius
2418 2134 2447 2172 a
2470 2118 2704 2189 Spiritus
2716 2121 2890 2176 sancti
2904 2123 3203 2193 spiratione
3220 2125 3391 2179 activa
3409 2141 3501 2179 ex-

1916 2208 2229 2264 cluderetur
2260 2225 2431 2280 eaque
2453 2213 2545 2264 uni
2570 2210 2715 2266 Patri
2735 2214 3103 2269 vindicaretur
3148 2216 3340 2271 Merito
3371 2233 3496 2272 cum

1913 2299 2075 2356 Petro
2096 2303 2492 2357 Mediolanensi
2513 2304 2539 2373 (
2546 2303 2620 2358 De
2636 2322 2777 2375 proc.
2801 2305 2987 2378 Spirit.
3005 2318 3173 2362 sanct.
3197 2326 3246 2364 c.
3267 2308 3494 2374 6,6rwc.

1913 2393 2117 2447 orlhod.
2150 2394 2335 2450 Roma:
2370 2395 2527 2462 1652,
2583 2405 2625 2452 ι.
2672 2396 2712 2461 Ι,
2737 2413 2793 2467 p.
2815 2400 2941 2463 584,
2973 2401 3100 2471 585)
3126 2401 3236 2456 Leo
3268 2402 3497 2457 Allatius

1914 2484 1984 2556 (ο.
2025 2485 2266 2556 Hotting.
2310 2504 2365 2558 p.
2403 2488 2530 2543 296.
2563 2489 2646 2544 Cf.
2721 2491 2938 2545 Enchir.
2992 2492 3065 2545 De
3108 2510 3252 2557 proc.
3300 2492 3491 2562 Spirit.

1910 2588 2079 2632 sanet.
2120 2576 2304 2634 Roma:
2365 2579 2526 2645 1658,
2565 2596 2685 2651 cap.
2718 2588 2789 2651 γ’,
2818 2599 2870 2652 p.
2900 2582 2995 2654 ις’)
3053 2603 3071 2635 ‹
3133 2586 3490 2638 criminantur

1915 2668 2246 2723 schismatici
2308 2669 2531 2725 Latinos
2560 2672 2704 2742 quod
2736 2673 2916 2727 verbis
2946 2674 3146 2728 Christi
3180 2674 3379 2727 addant
3430 2692 3492 2728 ex

1911 2760 2068 2824 Filio,
2108 2778 2212 2817 nec
2250 2764 2583 2819 erubescunt
2620 2764 2721 2835 ipsi
2753 2767 2952 2821 addere
2988 2783 3051 2820 ea;
3080 2767 3210 2821 solo.
3252 2767 3491 2836 Utraque

1910 2850 2116 2905 additio
2171 2862 2289 2920 est;
2320 2855 2366 2908 si
2423 2865 2505 2910 est
2545 2857 2837 2926 culpanda,
2870 2874 3038 2927 quare
3082 2875 3192 2913 non
3240 2859 3295 2913 in
3349 2870 3492 2914 utro-

1910 2946 2061 3015 que?
2112 2966 2129 2997 ι
2183 2948 2447 3003 Catholici
2493 2948 2731 3019 theologi
2792 2950 3130 3019 respondent
3172 2951 3493 3020 propositio-

1909 3053 2036 3092 nem
2077 3037 2238 3092 Joan.
2264 3056 2355 3103 xv,
2386 3039 2454 3094 26
2481 3056 2794 3112 expressam
2833 3056 2956 3095 esse
2983 3041 3364 3106 afﬁrmantem,
3388 3059 3492 3096 non

1904 3131 2285 3200 ‘excludentem,
2318 3148 2381 3187 ac
2414 3141 2677 3202 prteterea
2706 3133 2967 3203 implicite
2998 3134 3194 3188 Filium
3230 3134 3319 3190 hic
3341 3152 3493 3190 com-

1908 3225 2221 3292 memorari,
2247 3231 2358 3278 tum
2382 3240 2448 3279 ex
2474 3225 2656 3280 verbis
2684 3240 2807 3280 cum
2852 3226 2936 3281 his
2983 3228 3173 3282 intime
3202 3229 3487 3293 connexis,

1911 3322 2027 3370 tum
2085 3332 2153 3371 ex
2207 3317 2372 3372 certis
2450 3317 2772 3387 theologicis
2826 3320 3157 3390 principiis;
3207 3338 3310 3376 nec
3372 3322 3492 3377 sine

1911 3424 2092 3473 causa,
2159 3409 2269 3464 imo
2318 3425 2418 3479 pro
2471 3426 2621 3465 more
2676 3409 3084 3480 Scripturarum
3134 3413 3487 3483 peculiariter

1910 3496 2056 3553 Patri
2087 3499 2252 3553 tribui
2273 3502 2661 3569 Spirationem;
2702 3516 2879 3569 neque
2917 3502 3137 3557 demum
3166 3503 3483 3558 obfuturum

1909 3592 2079 3647 fuisse
2113 3592 2338 3656 Latinis,
2374 3595 2419 3647 si
2446 3594 2648 3649 dictum
2678 3607 2822 3651 esset
2850 3616 2864 3651 :
2893 3597 2996 3662 Qui
3058 3610 3123 3650 ex
3173 3596 3283 3649 solo
3326 3595 3486 3650 Patre

1908 3688 2173 3759 procedit.
2205 3687 2419 3742 Etenim
2489 3689 2805 3760 regulariter
2835 3730 2851 3755 ,
2915 3698 2974 3744 ut
3014 3690 3087 3743 ait
3137 3689 3195 3743 S.
3244 3688 3486 3742 Thomas

1910 3779 2330 3850 (Summatlteol.
2364 3795 2419 3850 p.
2457 3781 2508 3845 1,
2560 3796 2614 3850 q.
2657 3780 2747 3847 36,
2780 3798 2829 3835 a.
2861 3783 2896 3836 2
2933 3781 3001 3836 ad
3038 3782 3115 3850 1),
3159 3799 3176 3831 ι
3210 3780 3374 3834 etiam
3432 3780 3488 3833 in

1906 3887 2058 3927 sacra
2116 3873 2395 3942 Scriptura
2443 3873 2741 3927 tenendum
2798 3882 2900 3937 est,
2951 3874 3095 3943 quod
3136 3874 3189 3927 id
3239 3874 3385 3942 quod
3419 3873 3489 3928 de

1906 3962 2065 4019 Patre
2092 3965 2315 4033 dicitur,
2353 3974 2568 4036 oportet
2593 3965 2659 4020 de
2691 3966 2826 4020 Filio
2868 3966 3115 4037 intelligi,
3147 3966 3354 4021 etiamsi
3408 3966 3492 4020 di-

1906 4054 2008 4107 ctio
2031 4053 2293 4107 exclusiva
2315 4054 2571 4118 addatur,
2602 4053 2709 4107 nisi
2741 4054 2917 4109 solum
2958 4055 3010 4109 in
3046 4055 3153 4109 illis
3197 4056 3252 4108 in
3280 4053 3483 4124 quibus

1906 4144 2068 4199 Pater
2090 4144 2336 4199 ctFilius
2369 4146 2670 4201 secundum
2727 4148 3006 4217 oppositas
3031 4147 3323 4201 relationes
3373 4147 3486 4200 dis-

1906 4236 2245 4308 tinguuntur.
2272 4237 2406 4291 Cum
2449 4236 2596 4291 enim
2652 4236 2916 4295 Dominus
2974 4238 3165 4294 Matth.
3201 4254 3279 4300 ιιι,
3308 4236 3485 4291 dicit:

1904 4329 2073 4384 Nemo
2103 4331 2243 4386 novit
2276 4331 2471 4385 Filium
2496 4330 2597 4384 nisi
2629 4328 2816 4395 Pater,
2845 4348 2957 4385 non
2995 4330 3320 4396 excluditur,
3353 4329 3486 4399 quin

1905 4422 2075 4475 Filius
2103 4438 2161 4476 se
2193 4422 2371 4492 ipsum
2410 4431 2722 4493 cognoscat.
2758 4423 2852 4477 Sic
2886 4422 3068 4494 igitur,
3100 4437 3225 4476 cum
3259 4422 3484 4487 dicitur,

1905 4514 2047 4584 quod
2100 4512 2338 4584 Spiritus
2382 4524 2604 4569 sanctus
2644 4529 2673 4569 a
2728 4514 2888 4568 Patre
2947 4512 3224 4583 procedit,
3270 4512 3483 4566 etiamsi

1905 4606 2193 4660 adderetur
2243 4606 2386 4675 quod
2417 4623 2448 4660 a
2497 4607 2614 4661 solo
2648 4606 2805 4661 Patre
2848 4606 3117 4677 procedit,
3146 4621 3256 4659 non
3298 4606 3486 4659 exclu-

213 4717 495 4755 commune
526 4710 609 4756 est
635 4710 727 4755 aut
779 4718 1028 4772 persona:
1055 4703 1209 4755 unius
1224 4702 1520 4771 proprium.
1555 4699 1619 4755 γ.
1656 4699 1803 4753 Nihil
1834 4714 1880 4773 ι)
1906 4700 2126 4753 deretur
2173 4698 2298 4752 inde
2351 4697 2540 4765 Filius,
2574 4699 2702 4768 quia
2745 4707 3012 4768 quantum
3052 4698 3121 4753 ad
3169 4697 3276 4753 hoc
3339 4696 3485 4766 quod

212 4791 273 4849 in
298 4790 568 4847 Trinitate
612 4801 788 4862 potest
834 4808 955 4847 esse
995 4794 1197 4846 duabus
1234 4794 1471 4862 personis
1504 4807 1799 4844 commune.

214 4884 311 4940 Vl.
343 4886 616 4956 Quidquid
645 4888 711 4940 de
752 4886 1018 4940 Trinitate
1040 4886 1264 4950 dicitur,
1291 4893 1385 4939 aut
1425 4882 1672 4937 naturale
1721 4892 1796 4937 est

212 4988 314 5033 aut
338 4979 726 5048 hypostaticum
760 4979 846 5046 (eo
893 4978 1102 5033 scilicet
1152 4993 1317 5032 sensu
1377 4975 1801 5047 hypostaticum,

212 5087 327 5141 quo
358 5071 522 5123 unius
562 5086 810 5139 personae
842 5070 1346 5124 characteristicnm
1380 5078 1436 5124 et
1475 5068 1800 5139 praprium).

217 5161 339 5215 ΥΠ.
376 5158 464 5215 Uti
498 5160 682 5225 Filius,
717 5160 795 5215 sic
824 5170 877 5215 et
901 5161 1139 5231 Spiritus
1173 5170 1397 5215 sanctus
1428 5170 1512 5214 est
1541 5176 1608 5214 ex
1641 5160 1802 5214 Patre

208 5252 522 5305 immediate
546 5260 593 5303 et
624 5252 879 5318 proxime,
910 5252 1061 5304 nullo
1098 5251 1279 5305 medio
1311 5251 1636 5305 exsistcute.
1672 5250 1799 5304 Haec

211 5360 349 5399 vero
385 5344 656 5397 axiomata
687 5343 799 5399 fere
834 5346 1013 5397 omnia
1034 5345 1144 5413 jam
1169 5344 1396 5398 adduxit
1426 5344 1803 5398 Joan.Beccus

212 5448 335 5491 tum
373 5438 425 5489 in
460 5437 669 5491 Catnat.
700 5437 987 5491 Animadv.
1022 5438 1132 5505 (Gr.
1155 5438 1290 5491 orth.
1319 5436 1382 5498 ll,
1411 5453 1463 5506 p.
1500 5438 1648 5505 191),
1689 5448 1802 5492 tum

214 5538 362 5582 orat.
394 5530 451 5589 2,
499 5530 566 5584 de
600 5530 941 5597 depositione
986 5530 1209 5600 injusta,
1252 5548 1301 5585 c.
1329 5531 1398 5584 ‘24
1430 5530 1586 5593 (Ibid.
1623 5546 1677 5599 p.
1714 5532 1801 5590 75)

214 5632 480 5691 tanquam
513 5639 541 5677 a
568 5622 765 5677 Photio
793 5624 1001 5678 invecta
1036 5634 1091 5678 et
1116 5634 1473 5695 propugnata.
1530 5623 1639 5679 Sed
1686 5624 1803 5681 hunc

208 5714 271 5767 in
324 5712 457 5767 libro
497 5726 675 5768 nostro
716 5716 925 5768 disertis
980 5716 1145 5769 verbis
1181 5716 1549 5785 reperiuntur,
1588 5716 1643 5769 in
1696 5733 1803 5786 quo

212 5805 560 5877 potissimum
585 5806 946 5877 the010gicum
968 5807 1087 5875 ejus
1104 5810 1338 5878 pretium
1357 5809 1802 5897 constituendum

208 5914 340 5956 esse
392 5915 702 5955 censemus.
749 5898 863 5953 Non
906 5901 1081 5954 solum
1124 5901 1427 5955 doctrinam
1472 5902 1535 5956 de
1569 5902 1803 5973 Spiritus

211 5990 392 6045 sancti
420 6008 479 6046 ex
508 5989 625 6046 solo
649 5990 807 6045 Patre
833 5990 1186 6062 processione
1218 5993 1361 6063 apud
1386 5991 1602 6050 Grgccos
1630 5993 1802 6049 intro-

1905 4800 1988 4845 est
2009 4806 2131 4844 esse
2153 4789 2306 4863 [H6]
2329 4792 2659 4861 principium
2692 4790 2928 4862 Spiritus
2950 4791 3145 4855 sancti,
3173 4805 3285 4843 non
3316 4805 3487 4859 oppo-

1904 4892 2107 4937 nuntur
2136 4882 2297 4938 Pater
2330 4892 2385 4939 et
2410 4883 2600 4947 Filius,
2634 4884 2729 4938 sed
2760 4886 2935 4939 solum
2987 4893 3251 4953 quantum
3283 4883 3348 4935 ad
3385 4883 3490 4936 hoc

1903 4975 2048 5043 quod
2072 4976 2158 5029 hic
2176 4984 2258 5029 est
2296 4975 2455 5030 Pater
2477 4984 2533 5030 et
2563 4976 2653 5029 ille
2675 4974 2863 5029 Filius.
2905 4994 2925 5027 ι
2961 4974 3217 5029 Solemne
3241 4982 3327 5028 est
3354 4974 3483 5027 illud

1906 5066 2189 5135 Augustini
2230 5069 2411 5138 (tract.
2434 5068 2523 5133 99,
2551 5068 2607 5121 in
2634 5067 2814 5135 Joan.)
2842 5083 2855 5119 :
2887 5084 2905 5117 ‹
2935 5064 2989 5117 Si
3014 5080 3141 5134 ergo
3162 5064 3230 5118 de
3248 5064 3406 5118 Patre
3433 5073 3490 5118 et

1903 5157 1969 5211 de
1996 5156 2136 5211 Filio
2161 5160 2405 5227 procedit
2443 5160 2678 5229 Spiritus
2712 5167 2951 5223 sanctus,
2983 5173 3081 5210 cur
3111 5156 3279 5211 Filius
3310 5157 3482 5211 dixit:

1904 5251 1981 5304 De
2015 5248 2174 5304 Patre
2197 5253 2482 5319 procedit?
2515 5253 2644 5313 Cur,
2684 5260 2866 5321 putas,
2890 5249 2991 5303 nisi
3026 5250 3488 5317 quemadmodum

1905 5344 1972 5398 ad
2005 5360 2130 5397 enm
2162 5348 2303 5398 solet
2339 5345 2545 5398 referre
2577 5352 2634 5398 et
2663 5343 2806 5413 quod
2846 5343 3014 5413 ipsius
3043 5351 3147 5405 est,
3184 5342 3251 5395 de
3296 5358 3406 5411 quo
3434 5351 3491 5396 et

1904 5438 2021 5508 ipse
2046 5438 2160 5491 est?
2199 5436 2353 5492 Unde
2402 5437 2529 5491 illud
2582 5446 2666 5492 est
2720 5438 2864 5506 quod
2912 5436 3037 5490 ait:
3075 5435 3190 5489 Mea
3243 5434 3489 5488 doctrina

1907 5546 2011 5583 non
2033 5541 2105 5583 est
2121 5548 2260 5595 mea,
2284 5530 2374 5583 sed
2402 5530 2516 5599 ejus
2546 5530 2635 5599 qui
2686 5531 2827 5582 misit
2857 5546 2956 5583 me.
2998 5527 3054 5584 Si
3087 5528 3248 5599 igitur
3280 5527 3485 5581 intelli-

1904 5624 2047 5693 gitur
2104 5624 2193 5678 hic
2238 5625 2355 5693 ejus
2401 5624 2646 5677 doctrina
2678 5664 2693 5688 ,
2748 5639 2909 5693 quam
2966 5633 3147 5677 tamen
3203 5621 3340 5676 dixit
3385 5635 3488 5673 non

1880 5722 2083 5782 suam,
2113 5715 2207 5770 sed
2245 5714 2460 5769 Patris:
2488 5724 2694 5784 quanto
2742 5716 2911 5785 magis
2946 5714 3057 5768 illic
3102 5712 3487 5781 intelligendus

1904 5817 1990 5863 est
2026 5817 2083 5862 et
2109 5807 2176 5862 de
2225 5806 2341 5875 ipso
2385 5807 2684 5876 procedere
2716 5807 2954 5876 Spiritus
2986 5814 3225 5868 sanctus,
3273 5804 3362 5857 ubi
3403 5802 3483 5856 sic

1904 5901 1981 5953 ait
2009 5916 2022 5951 :
2056 5899 2133 5953 De
2176 5899 2335 5954 Patre
2359 5900 2612 5969 procedit,
2643 5908 2703 5953 ut
2738 5914 2851 5954 non
2879 5898 3117 5952 diceret:
3143 5896 3220 5949 De
3259 5911 3339 5948 me
3378 5910 3483 5947 non

1905 5992 2179 6060 procedit?
2208 6012 2227 6046 ι
2261 5991 2494 6048 Uberius
2527 5992 3065 6065 idemargumcutum
3086 5988 3346 6046 evolvunt
3374 5987 3481 6042 Pe-
