4008 6408
146 366 272 433 617

872 364 972 425 DE
1010 365 1072 425 S.
1108 363 1305 426 SPIR.
1346 361 1844 425 MYSTAGOGIA.
1879 388 1947 401 --
1980 363 2730 426 ANIMADVERSIONES.

3309 361 3416 427 ηε

147 476 481 535 ostenditur
527 474 689 531 verba
714 471 827 538 illa,
856 472 914 524 ὃν
953 471 1065 539 ἐγὼ
1095 472 1295 543 πέμψω
1336 471 1487 542 παρὰ
1514 470 1609 523 τοῦ
1632 471 1745 523 Πα-

1856 474 2254 544 pr0gressiones
2316 473 2655 544 contingunt,
2708 470 3057 528 insaniunt...
3105 472 3420 529 indicantur

147 571 316 640 τρδς,
340 570 402 622 τὸ
428 566 654 638 Πνεῦμα
682 565 780 635 τῆς
822 562 1078 633 ἀληθείας
1127 565 1260 635 (Μ),
1287 561 1620 617 sullicienter
1644 562 1740 616 de-

148 659 400 722 clarare,
426 673 537 712 non
584 656 775 710 abesse
815 652 1011 707 Filium
1055 668 1085 706 a
1135 652 1372 723 Spiritus
1400 650 1576 708 sancti
1623 651 1741 721 spi-

148 750 404 805 ratione.
459 747 565 804 Sed
592 764 705 819 prae
744 748 955 804 caeteris
982 747 1280 803 notandum
1323 755 1428 809 est,
1462 746 1744 818 theologo-

104 884 109 887 ν
152 858 291 896 rum
334 841 468 896 illud
500 849 903 911 argumentum.
936 854 1046 910 quo
1101 854 1171 893 ex
1202 837 1461 893 missione
1507 836 1744 908 Spiritus

149 949 268 1004 per
292 932 516 996 Filium,
547 931 692 986 illius
724 931 792 985 ab
814 929 1006 985 eodem
1030 930 1309 1000 processio
1336 930 1741 999 comprobatur.

238 1026 296 1081 3.
335 1024 456 1080 Jam
487 1023 657 1095 ipsius
687 1021 866 1076 Pbotii
894 1036 1012 1076 aevo
1035 1021 1364 1076 Ratramnus
1394 1019 1745 1077 Corbeiensis

153 1117 225 1187 (1.
257 1133 297 1182 ι,
323 1132 375 1173 c.
409 1115 460 1183 1,
488 1131 545 1186 p.
578 1112 704 1178 229,
743 1114 831 1168 ed.
863 1112 1057 1185 MIGNE)
1087 1114 1162 1168 ita
1192 1114 1455 1184 arguebat
1487 1131 1500 1166 :
1542 1131 1560 1164 ι
1588 1112 1745 1181 Legi—

156 1210 281 1263 tis:
311 1208 406 1279 qui
454 1222 485 1261 a
516 1205 677 1261 Patre
705 1206 971 1276 procedit,
992 1216 1048 1260 et
1074 1206 1263 1260 audire
1288 1221 1399 1261 non
1435 1205 1602 1260 vultis
1659 1206 1745 1261 di-

155 1308 389 1354 centem
432 1295 631 1351 Filium
659 1315 673 1352 :
700 1296 864 1361 Quem
915 1313 1007 1369 ego
1053 1299 1260 1351 mittam
1293 1297 1433 1352 vobis
1487 1314 1519 1351 a
1563 1296 1743 1352 Patre.

158 1391 348 1445 Dicite
391 1390 849 1461 quemadmodum
887 1390 1137 1445 mittatur
1168 1406 1198 1445 a
1227 1390 1400 1458 Filio;
1437 1391 1541 1446 hoc
1583 1406 1743 1445 nam-

162 1496 279 1549 que
305 1479 484 1535 dicere
520 1480 717 1535 Filium
760 1494 872 1534 non
926 1480 1156 1550 negatis,
1180 1479 1225 1535 si
1274 1487 1459 1534 tamen
1506 1478 1749 1551 Evange-

165 1572 306 1626 lium
328 1570 503 1643 legitis
529 1581 624 1627 aut
649 1572 946 1643 Evangelio
968 1573 1014 1629 si
1050 1573 1293 1629 creditis.
1325 1572 1431 1628 Aut
1461 1588 1589 1645 ergo
1617 1572 1749 1628 mis-

1844 562 2009 618 rebus
2045 563 2388 633 temporariis
2415 564 2770 633 sempiterna.
2793 561 3040 633 Namque
3068 563 3292 617 mittens
3358 564 3415 618 in

1844 652 1977 708 illud
2017 654 2160 723 quod
2217 654 2471 721 mittitur,
2501 654 2812 725 dignitatem
2860 654 3152 725 quamdam
3192 670 3419 725 prorsus

1842 744 2085 810 obtinet;
2120 755 2175 800 at
2197 745 2250 799 in
2274 756 2460 802 sancta
2479 746 2747 802 Trinitate
2773 763 2885 801 non
2917 755 3001 801 est
3031 746 3111 801 fas
3142 747 3300 801 nobis
3327 746 3414 799 in—

1845 834 2086 905 telligere
2131 836 2292 890 unius
2332 852 2581 907 persona:
2632 837 2686 891 in
2722 836 2881 891 aliam
2931 837 3272 907 dignitatem,
3312 835 3417 890 nisi

1844 940 1963 980 eam
1994 934 2205 980 tantum
2248 944 2368 997 quae
2408 930 2581 982 oritur
2618 946 2680 982 ex
2733 928 2961 999 origine.
2988 929 3118 983 Ideo
3162 945 3339 999 neque
3387 944 3419 983 a

1845 1015 1984 1072 Filio
2010 1017 2247 1082 Patrem,
2283 1034 2460 1087 neque
2500 1035 2529 1072 a
2568 1019 2772 1089 Spiritu
2814 1018 3008 1073 Filium
3040 1019 3164 1089 (nisi
3221 1035 3418 1074 secun-

1846 1108 1974 1162 dum
1997 1099 2413 1178 humanitatem)
2446 1112 2583 1165 mitti
2599 1111 3011 1169 traduntdivina
3039 1112 3263 1182 Eloquia
3285 1111 3419 1184 (42).

1845 1198 2053 1255 Revera
2098 1199 2245 1273 [151]
2302 1218 2427 1258 cum
2476 1202 2763 1258 missiones
2816 1203 2871 1257 in
2913 1202 3114 1258 divinis
3161 1218 3269 1257 non
3311 1203 3423 1256 sint

1846 1294 2145 1349 secundum
2198 1295 2506 1365 imperium,
2532 1309 2709 1366 neque
2760 1296 3061 1351 secundum
3108 1295 3419 1361 consilium,

1847 1385 1945 1440 sed
2003 1386 2302 1441 secundum
2371 1388 2639 1458 originem
2714 1388 3081 1461 intelligenda:
3116 1429 3131 1454 ,
3185 1387 3420 1459 theologi

1847 1476 2049 1531 exinde
2092 1478 2355 1546 colligunt
2399 1479 2636 1534 divinam
2682 1495 2993 1551 personam,
3024 1497 3144 1551 quae
3188 1480 3424 1536 mittitur

1849 1568 1915 1623 ab
1932 1568 2054 1633 alia,
2092 1570 2159 1624 ab
2180 1585 2240 1625 ea
2262 1580 2408 1626 certe
2436 1571 2636 1626 habere
2664 1572 2950 1643 originem,
2981 1580 3037 1626 et
3063 1588 3186 1626 cum
3221 1588 3250 1626 a
3280 1572 3421 1627 Filio

165 1663 385 1717 sionem
432 1663 578 1719 hanc
622 1663 958 1718 conﬁtemini
1014 1664 1415 1733 processionem,
1455 1672 1571 1727 aut,
1602 1661 1748 1733 quod
1851 1670 2076 1716 sanctus
2103 1662 2338 1733 Spiritus
2377 1663 2534 1719 nobis
2562 1664 2951 1718 communicari
2998 1678 3061 1719 ac
3089 1663 3232 1717 mitti
3272 1664 3421 1719 dica-

166 1766 257 1809 est
298 1754 545 1825 impium,
573 1755 894 1826 obsequium,
927 1764 983 1811 et
1028 1756 1203 1821 eritis,
1235 1755 1379 1825 quod
1430 1754 1595 1822 absit,
1623 1771 1745 1809 cum
1775 1822 1813 1826 _
1853 1759 1943 1806 tur
1996 1751 2172 1823 (Joan.
2208 1771 2300 1818 xv,
2333 1753 2437 1820 26;
2477 1770 2588 1818 xw,
2621 1756 2685 1819 7;
2721 1770 2812 1821 xx,
2841 1754 2959 1826 22).
2995 1755 3119 1811 inde
3146 1756 3425 1810 deducunt

164 1848 325 1913 Ario,
353 1822 444 1918 qui
480 1822 749 1902 minorem
785 1848 1032 1918 dogmate
1051 1822 1307 1918 perverso
1330 1847 1591 1917 Spiritum
1620 1861 1748 1901 san-
1775 1822 1823 1883 B
1854 1822 2017 1912 hujus
2063 1843 2132 1898 ab
2178 1844 2267 1900 illo
2312 1847 2737 1917 processionem.
2769 1822 2925 1901 Hinc-
2954 1847 3287 1916 Augustinus
3324 1847 3427 1918 (De

166 1947 321 1992 ctum
345 1938 620 1994 asserebat
640 1936 849 1993 Filio...
880 1938 1049 2009 Igitur
1070 1953 1193 1993 cum
1223 1936 1367 1993 dicat
1389 1938 1578 2003 Filius,
1615 1937 1747 1993 mis-

168 2043 362 2083 surum
392 2042 452 2082 se
483 2043 606 2083 esse
634 2028 899 2099 Spiritum
936 2027 1179 2085 veritatis
1214 2029 1306 2100 qui
1347 2026 1500 2101 [150]
1532 2045 1563 2084 a
1590 2027 1750 2084 Patre

167 2119 437 2191 procedit,
468 2120 714 2192 profecto
752 2121 952 2177 fatetur
979 2123 1125 2193 quod
1147 2138 1178 2177 a
1207 2138 1267 2178 se
1295 2123 1440 2180 dicat
1462 2139 1587 2179 eum
1623 2138 1750 2195 pro-

167 2214 388 2277 cedere,
434 2215 565 2269 dum
604 2213 892 2270 contirmat
933 2231 1059 2270 eum
1106 2231 1166 2272 se
1206 2217 1445 2273 mittere.
1476 2216 1750 2273 Fortassis

168 2305 530 2374 quastionem
561 2303 707 2372 facit,
733 2304 877 2376 quod
912 2322 1023 2360 non
1045 2306 1367 2377 simpliciter
1393 2307 1592 2362 dixerit
1630 2306 1750 2361 Sal-

167 2404 375 2454 vator:
412 2396 577 2464 Quem
607 2414 699 2469 ego
747 2402 956 2452 mittam
996 2399 1137 2453 vobis
1162 2440 1177 2467 ,
1223 2399 1321 2454 sed
1363 2399 1633 2454 addiderit
1664 2417 1678 2455 :
1708 2398 1752 2453 Α

167 2488 352 2543 Patre.
384 2488 497 2544 Hoc
524 2489 711 2544 Ariani
735 2505 956 2545 mavere
977 2491 1158 2560 primi,
1192 2491 1415 2562 gradum
1444 2491 1626 2547 facere
1654 2506 1754 2546 vo-

171 2582 355 2636 lentes
390 2581 443 2635 in
464 2580 782 2637 Divinitate.
816 2579 925 2639 Sed
964 2583 1240 2655 Evangelii
1271 2584 1470 2640 veritas
1517 2585 1754 2639 consub-

170 2671 486 2726 stantialem
534 2674 704 2727 totius
780 2672 1067 2729 Trinitatis
1146 2675 1387 2733 ostendit
1466 2677 1751 2732 unitatem.

1854 1933 1997 1989 Trin.
2017 1952 2089 1999 tv,
2110 1935 2226 2008 20),
2259 1953 2419 2007 quem
2444 1939 2606 1993 etiam
2629 1940 2853 1995 adducit
2876 1938 3079 1994 jEueas
3104 1939 3426 1996 Parisiensis

1855 2029 1927 2099 (c.
1951 2028 2126 2085 Graec.
2154 2045 2205 2086 c.
2240 2030 2347 2097 40;
2381 2030 2581 2098 MIGNE,
2628 2030 2837 2087 Patrol.
2866 2040 2905 2085 t.
2946 2029 3132 2099 CXXI,
3166 2049 3222 2102 p.
3261 2032 3421 2101 708):

1859 2139 1878 2173 ι
1912 2120 2093 2189 Pater,
2126 2122 2323 2194 inquit,
2344 2139 2468 2179 cum
2499 2140 2563 2179 ex
2595 2134 2840 2196 tempore
2869 2142 2900 2180 a
2930 2141 3201 2195 quoquam
3224 2140 3426 2196 cogno-

1852 2213 2042 2279 scitur,
2067 2230 2171 2268 non
2194 2216 2388 2269 dicitur
2416 2216 2624 2271 missus.
2647 2215 2765 2269 Non
2789 2216 2934 2271 enim
2965 2216 3128 2271 habet
3148 2217 3216 2271 de
3232 2232 3340 2287 quo
3357 2215 3428 2271 sit

1851 2313 1945 2359 aut
1994 2319 2057 2359 ex
2094 2321 2202 2375 quo
2240 2307 2534 2376 procedat;
2570 2325 2590 2358 ›
2646 2317 2702 2363 et
2758 2306 2907 2379 Hugo
2972 2306 3426 2379 Rotbomagensis

1853 2393 2069 2465 (Contra
2114 2396 2295 2450 lueret.
2339 2396 2378 2450 l.
2427 2413 2467 2463 ι,
2496 2413 2547 2452 c.
2612 2397 2649 2451 2
2705 2396 2844 2453 Bibl.
2897 2398 3007 2454 PP.
3054 2416 3199 2453 max.
3249 2397 3421 2470 Lugd.

1854 2494 1898 2542 t.
1934 2484 2103 2554 XXII,
2128 2503 2184 2557 p.
2218 2488 2416 2550 l3“):
2455 2507 2474 2541 ‹
2511 2488 2719 2544 Patera
2750 2490 2900 2545 nullo
2922 2500 3039 2559 est;
3072 2491 3152 2546 sic
3172 2506 3273 2546 nec
3288 2491 3425 2546 mis-

1853 2594 1948 2634 sus
1976 2590 2092 2646 est;
2113 2580 2239 2650 quia
2269 2596 2399 2636 vero
2429 2598 2495 2636 ex
2527 2581 2682 2636 Patre
2705 2592 2788 2637 est
2812 2581 2980 2637 Filius
3006 2592 3061 2639 et
3089 2600 3156 2638 ex
3190 2594 3424 2654 utroque

1856 2670 2112 2742 Spiritus,
2140 2674 2277 2728 bene
2300 2682 2529 2744 uterque
2551 2674 2689 2729 mitti
2717 2676 2912 2745 potuit,
2940 2691 2969 2730 a
3004 2691 3113 2746 quo
3141 2675 3375 2730 exsistit.
3407 2696 3423 2725 ι

171 2762 431 2818 Procedit
475 2762 712 2834 Spiritus
755 2775 978 2821 sanctus
1018 2781 1049 2820 a
1089 2764 1270 2833 Patre,
1311 2768 1437 2837 quia
1496 2769 1564 2824 de
1610 2769 1755 2824 illius
1858 2763 2132 2837 Sagaciter
2157 2783 2374 2838 quoque
2413 2768 2517 2823 hoc
2544 2778 2867 2840 argumento
2888 2770 3057 2825 utitur
3088 2769 3238 2841 llugo
3267 2768 3431 2825 Ethe-

172 2854 483 2909 substantia
542 2865 746 2911 manat.
785 2855 947 2912 ﬁittit
983 2873 1201 2929 quoque
1266 2858 1438 2915 Filius
1487 2860 1754 2931 Spiritum
1856 2857 2042 2913 rianus
2066 2860 2124 2929 (l.
2151 2875 2223 2925 c.,
2248 2860 2286 2913 l.
2313 2876 2350 2925 ι,
2378 2876 2428 2916 c.
2459 2861 2547 2925 l0,
2570 2861 2659 2927 l4,
2688 2861 2929 2932 ι).1204,
2964 2861 3123 2932 1208)

170 2945 421 3000 veritatis
449 2961 478 2999 a
520 2946 704 3011 Patre,
727 2948 857 3017 quia
924 2946 1159 3018 Spiritus
1190 2960 1412 3005 sanctus
1463 2960 1523 3005 ut
1564 2966 1595 3005 a
1619 2951 1756 3007 Filio
1925 2953 1979 3009 4.
2018 2952 2126 3008 Sed
2157 2954 2496 3009 reticendum
2530 2955 2620 3010 hic
2648 2971 2758 3009 non
2778 2965 2881 3023 est,
2914 2956 3043 3026 quid
3065 2956 3131 3010 ad
3158 2970 3432 3011 enervan-

173 3038 452 3108 proeedat,
484 3037 601 3107 ipse
627 3047 790 3094 natus
806 3048 891 3095 est
912 3056 980 3096 ex
995 3036 1179 3107 Patre,
1206 3051 1261 3096 et
1282 3043 1422 3097 sicut
1443 3043 1657 3114 accepit
1686 3044 1754 3099 de
1856 3042 1986 3098 dum
2029 3042 2134 3098 hoc
2155 3052 2534 3115 argumentum
2556 3045 2686 3099 alibi
2713 3046 2941 3101 Photius
3003 3054 3226 3101 statuat.
3282 3046 3432 3100 Con-

171 3128 336 3185 Patre
378 3128 547 3184 Filius
585 3132 863 3187 nascendo
906 3134 1285 3202 substantiam,
1317 3135 1398 3191 sic
1439 3137 1626 3191 itidem
1661 3152 1754 3192 ac»
1779 3179 1824 3242 Ο
1862 3133 2034 3188 tendit
2067 3135 2213 3188 enim
2241 3133 2598 3203 (Amphiloch.
2622 3151 2678 3207 q.
2714 3136 2839 3200 188,
2877 3136 2965 3191 ed.
2992 3135 3091 3190 Mai
3140 3134 3272 3191 Vett.
3311 3136 3431 3192 Ser.

174 3221 325 3291 cepit
356 3237 387 3275 a
433 3219 616 3286 Patre,
651 3229 710 3277 ut
751 3220 1012 3294 Spiritum
1042 3226 1280 3281 veritatis
1338 3227 1582 3284 mitteret
1612 3242 1643 3282 a
1695 3243 1754 3283 se

175 3314 542 3383 procedendo.
600 3313 853 3386 Alioquin
913 3332 1035 3373 cum
1090 3318 1278 3373 dicit:
1338 3317 1440 3385 Qui
1503 3338 1534 3374 a
1594 3318 1756 3376 Patre

174 3406 445 3476 procedit,
475 3421 585 3460 non
603 3416 814 3478 negata
834 3423 892 3463 se
926 3408 1245 3479 procedere,
1287 3410 1543 3480 quoniam
1575 3412 1754 3465 missio

178 3494 314 3548 Filii
335 3496 594 3565 processio
615 3507 689 3552 est
708 3496 937 3568 Spiritus
958 3502 1163 3566 sancti;
1195 3509 1256 3554 ut
1277 3501 1457 3555 mittat
1489 3502 1754 3571 Spiritum

175 3588 429 3643 veritatis
483 3605 591 3644 non
643 3602 900 3662 tanquam
954 3592 1269 3656 minorem,
1335 3592 1573 3663 jubendo
1631 3595 1748 3666 ipse

181 3680 366 3748 major
412 3680 742 3747 exsistendo,
774 3684 870 3738 sed
906 3683 1179 3739 missionis
1206 3684 1372 3740 verbo
1398 3696 1753 3755 monstratur,

175 3770 307 3839 quia
336 3769 478 3824 sicut
522 3772 769 3840 procedit
824 3771 1059 3843 Spiritus
1111 3775 1358 3830 veritatis
1409 3791 1438 3830 a
1469 3775 1651 3846 Patre,
1679 3778 1759 3835 sic

176 3861 347 3916 etiam
381 3863 629 3932 procedit
656 3879 686 3918 a
712 3862 868 3919 Filio.
908 3884 928 3918 ι
963 3894 1033 3905 -
1061 3864 1314 3922 Consona
1358 3865 1521 3924 tradit
1551 3868 1757 3926 Beccus

180 3953 260 4023 (in
290 3950 561 4009 Camateri
614 3954 898 4009 Animadv.
953 3971 1005 4010 c.
1044 3955 1096 4010 4.
1127 3954 1192 4013 G.
1243 3956 1306 4013 0.
1342 3958 1407 4023 Il,
1435 3960 1561 4025 297,
1586 3960 1754 4031 298);

182 4066 202 4096 ι
240 4045 399 4112 Quod
435 4046 581 4100 enim
610 4045 728 4118 (Sp.
776 4048 977 4117 sanet.)
1001 4063 1029 4103 a
1068 4046 1227 4103 Patre
1253 4057 1311 4104 et
1338 4050 1474 4105 Filio
1500 4052 1754 4118 mittitur,

177 4150 305 4189 cuni
326 4151 357 4188 a
381 4143 579 4190 neutro
599 4137 670 4190 ad
704 4138 914 4190 modum
946 4139 1082 4192 servi
1113 4139 1500 4213 (διακονικῶς),
1532 4158 1760 4213 prorsus

178 4226 507 4281 naturaliter
546 4227 803 4283 velutiex
843 4231 1083 4285 essentia
1133 4232 1417 4303 utriusque
1466 4236 1697 4291 exsistit.
1732 4257 1752 4290 ι

178 4318 249 4372 Et
268 4318 535 4390 Georgius
563 4317 962 4390 Trapezuntius
985 4320 1085 4393 (De
1115 4340 1223 4377 una
1264 4325 1405 4379 oath.
1436 4325 1584 4384 Eccl.
1615 4343 1664 4384 c.
1701 4331 1755 4397 5,

176 4408 243 4465 G.
276 4408 341 4465 0.
372 4409 413 4475 Ι,
436 4411 563 4477 540,
586 4412 712 4482 541)
742 4430 757 4467 :
795 4432 813 4465 ι
850 4412 977 4468 lnde
1002 4415 1251 4485 procedit
1277 4415 1515 4486 Spiritus
1538 4431 1760 4478 sanctus

1859 3243 1991 3281 nova
2014 3226 2231 3281 Collect.
2252 3226 2296 3292 Ι,
2327 3244 2390 3291 ιι,
2416 3244 2470 3298 p.
2507 3228 2654 3298 180),
2678 3229 2976 3299 quamlibet
3021 3229 3183 3284 trium
3235 3245 3425 3301 perso-

1857 3335 2053 3374 narum
2082 3319 2150 3374 ab
2178 3319 2282 3373 alia
2309 3319 2470 3385 mitti,
2503 3319 2613 3375 imo
2648 3320 2824 3390 ipsum
2877 3320 3091 3375 Patrem
3120 3336 3150 3375 a
3181 3320 3318 3376 Filio
3369 3330 3430 3375 et

1861 3412 2067 3481 Spiritu
2097 3420 2287 3467 sancto
2313 3411 2546 3467 missum
2568 3412 2675 3468 dici
2723 3410 2873 3468 Isaiae
2913 3429 3101 3478 vam,
3128 3413 3217 3477 l6,
3245 3414 3434 3468 verbis

1859 3503 2002 3557 illis:
2035 3503 2102 3557 Et
2127 3518 2265 3556 nunc
2292 3502 2548 3557 Dominus
2578 3502 2761 3575 (Deus)
2796 3506 2937 3558 misit
2988 3521 3069 3559 me
3103 3514 3151 3558 et
3201 3503 3434 3575 Spiritus

1859 3593 1993 3663 ejus.
2013 3592 2168 3659 Quod
2192 3608 2409 3648 rursum
2434 3593 2485 3647 in
2508 3594 2613 3648 alia
2645 3594 2946 3663 quaestione
2972 3594 3140 3666 tangit
3160 3594 3433 3664 (Galland.

1860 3682 1997 3740 Bibl.
2027 3683 2144 3739 PP.
2168 3682 2310 3751 Xlll,
2337 3684 2461 3748 742,
2488 3684 2614 3754 745)
2664 3684 2731 3739 de
2760 3683 2919 3739 Joan.
2949 3701 3061 3750 xtv,
3103 3685 3186 3749 10,
3242 3701 3431 3758 agens,

1858 3775 1954 3833 ubi
1987 3775 2433 3848 Chrysostomum
2470 3774 2618 3849 [152]
2649 3776 2861 3831 inducit
2882 3792 2948 3831 ex
2994 3776 3172 3831 allatis
3192 3778 3434 3848 prophe-

1860 3877 1929 3925 tae
1984 3869 2165 3925 verbis
2194 3870 2654 3926 concludentem:
2701 3869 2788 3934 Ὠς
2821 3868 2867 3924 ⁶ὁ’
2914 3870 3104 3941 Πατὴρ
3154 3869 3241 3942 εἴη
3294 3871 3434 3925 ἀπο-

1860 3961 2215 4033 στελλόμενος
2245 3961 2396 4033 παρά
2425 3980 2485 4016 τε
2532 3980 2629 4016 του
2661 3961 2980 4034 Πνεύματος
3009 3961 3103 4016 καὶ
3129 3962 3224 4016 τοῦ
3274 3962 3433 4018 Υἱοῦ.

1859 4051 2103 4121 Respicit
2134 4061 2284 4107 certe
2304 4054 2372 4107 ad
2403 4053 2683 4109 bomiliam
2720 4054 2789 4109 de
2807 4052 3014 4125 Spiritu
3035 4063 3245 4120 sancto,
3275 4055 3434 4126 cujus

1861 4156 2069 4215 partem
2101 4144 2157 4200 in
2207 4145 2550 4213 Bibliotheca,
2586 4146 2709 4201 cod.
2742 4146 2872 4212 277,
2908 4162 2965 4217 p.
3007 4145 3132 4212 842,
3183 4147 3274 4202 ed.
3310 4155 3426 4202 vet.

1860 4236 2205 4293 recitaverat.
2249 4236 2357 4292 Sed
2396 4239 2451 4291 in
2480 4238 2672 4308 primis
2698 4238 2851 4292 Isaiae
2897 4238 3232 4309 verba,qute
3282 4253 3428 4309 saepe

1861 4342 1983 4381 cum
2015 4327 2135 4382 aliis
2156 4342 2207 4382 ο.
2232 4344 2346 4391 LXI,
2380 4329 2431 4391 ‘I,
2460 4330 2867 4400 conjunguntur
2902 4331 2993 4397 (de
3022 4332 3222 4402 quibus
3276 4333 3437 4389 aliter

1861 4419 2054 4474 statuit
2078 4418 2325 4482 Photius.
2360 4420 2576 4475 utinl‘ra
2610 4421 2798 4478 videre
2841 4424 2971 4492 est),
3023 4439 3138 4478 rem
3165 4438 3275 4479 non
3310 4442 3437 4494 pro-

179 4502 328 4557 unde
358 4511 415 4558 et
446 4504 718 4572 mittitur;
760 4520 828 4561 ex
854 4505 1010 4562 Patre
1053 4506 1215 4579 igitur
1234 4516 1290 4562 et
1326 4508 1458 4564 Filio
1487 4513 1754 4580 procedit.
1783 4516 1838 4578 1)
1867 4512 2018 4565 bant.
2050 4510 2122 4567 Ut
2152 4511 2219 4566 de
2249 4512 2648 4568 recentioribus
2686 4522 2980 4579 taceamus,
3011 4515 3104 4584 qui
3147 4530 3210 4569 ea
3261 4516 3434 4569 ascri-

176 4594 315 4649 Nam
353 4595 446 4665 qui
484 4598 839 4667 temporarias
876 4598 932 4653 in
974 4599 1086 4654 Deo
1135 4609 1189 4653 et
1237 4599 1438 4656 divinis
1500 4606 1754 4671 personis
1860 4602 2000 4658 bunt
2025 4601 2126 4673 ipsi
2151 4603 2437 4674 prophetat
2468 4605 2603 4676 (45),
2628 4620 2658 4659 a
2684 4603 2936 4661 Patribus
2960 4606 3322 4661 communiter
3346 4604 3437 4660 tri-

252 4706 369 4777 (tl)
393 4705 659 4777 Georgius
698 4705 1030 4777 Trapezunt.
1064 4708 1141 4762 De
1163 4725 1271 4761 una
1293 4710 1432 4765 cath.
1465 4710 1612 4767 Eccl.
1638 4727 1690 4767 c.
1720 4713 1755 4769 5

177 4775 271 4853 (ζῖέ
303 4775 370 4831 0.
406 4775 604 4853 l_,_54_0)
634 4775 1014 4853 _illud_:urget,
1048 4778 1310 4848 Spiritum
1355 4779 1445 4837 ltic
1480 4780 1595 4853 dici
1635 4782 1757 4853 Spi-

176 4847 348 4901 ritum
427 4845 680 4902 Veritatis
716 4888 730 4911 ,
784 4845 1104 4903 Veritatem'
1136 4865 1266 4903 vero
1347 4864 1469 4906 esse
1558 4845 1753 4907 Filium

175 4916 363 4984 (loan.
388 4932 503 4981 xxv,
537 4918 613 4981 6),
644 4918 862 4989 jamque
894 4919 957 4989 id
998 4937 1038 4989 ra
1078 4918 1277 4989 Cyrillo
1328 4920 1481 4976 Alex.
1526 4923 1593 4976 ad
1640 4938 1756 4978 rem

174 4997 535 5064 praesentenr
562 4988 773 5064 egregie
822 4988 1007 5043 referri
1035 5031 1049 5053 ,
1080 4988 1227 5064 dum
1276 4991 1503 5064 scribit:
1532 4992 1758 5064 Πνεῦμα.

180 5058 299 5135 γὰρ
345 5058 603 5135 ἁληβείας
635 5058 978 5135 ὠγόμασταις
1008 5059 1105 5135 κα).
1129 5059 1244 5135 ἐετι
1285 5061 1574 5135 Χριηστὸςὴ
1619 5058 1757 5135 itit?)-

176 5128 324 5202 Osta,
377 5130 472 5202 ita).
519 5132 802 5202 «pop-iiut
850 5129 978 5202 παρ’
1036 5129 1227 5202 αὐτοῦ,
1268 5128 1521 5202 italiam-.9
1561 5128 1757 5202 ἆμέ).ὲι

173 5199 276 5250 καὶ
326 5198 481 5269 παρὰ
525 5198 635 5252 τοῦ
669 5198 803 5251 Θεοῦ
849 5198 945 5253 κοιὶ
998 5201 1233 5271 Πατρός.
1291 5198 1499 5272 (09τίΠῖ
1547 5198 1636 5273 ep.
1688 5204 1756 5259 ad

173 5271 397 5343 {testor
454 5270 598 5338 apud
650 5268 903 5343 [fec-cunt,
926 5273 1115 5343 _epigr.
1153 5272 1179 5326 1
1204 5271 1325 5343 ;_G.
1364 5270 1430 5327 0.
1466 5271 1569 5343 ill,
1604 5273 1754 5343 525).

171 5310 903 5411 cimt'tiir'at'EEIIB‘éiiéi."
926 5310 1179 5411 17'.','"'p.'
1204 5310 1753 5408 ’2Ξό,”ὲιιῖ”Μῖὲἔὲξ

169 5408 760 5484 gonstant.__Meliten.
796 5418 936 5484 orat.
968 5413 1021 5474 1,
1061 5408 1123 5467 οἱ
1145 5412 1216 5484 ξὸ
1256 5413 1342 5482 (G.
1370 5410 1436 5467 0.
1485 5412 1551 5474 ll,
1589 5413 1752 5484 666);

171 5478 395 5550 Manuel
463 5478 734 5550 Chrysob.
793 5480 873 5535 De
932 5497 1077 5550 proc.
1133 5478 1322 5550 Spirit.
1384 5485 1557 5537 sancti
1624 5478 1760 5541 c.'5

396 5550 868 5706 ἂὲἓῗέἑταξξταρά
898 5691 910 5706 ‘
933 5622 1146 5706 Ποξτρὸς
1192 5623 1302 5706 καὶ·
1333 5623 1467 5706 Υἱοῦ
1500 5639 1516 5654 ·
1543 5623 1756 5706 ξκείθεγ

164 5689 641 5765 (Ἐξ-ἐμπορεύεται,
672 5689 809 5765 605v
828 5691 920 5745 καὶ
947 5689 1223 5765 πέμπεται
1246 5711 1259 5726 ·
1286 5697 1351 5748 ὲκ
1398 5695 1613 5765 Harpe;
1663 5698 1757 5748 καὶ

168 5758 309 5835 Υἱοῦ
366 5758 514 5835 ᾔρειΔ
533 5762 900 5835 ἐκπορεύεταιΔ
920 5778 933 5791 ·
974 5758 1032 5815 οῖ
1058 5765 1166 5835 γὰρ
1194 5769 1452 5835 χρονικὰς
1477 5758 1571 5818 tiri
1620 5765 1754 5819 Θεοῦ

176 5781 309 5812 ιιου
374 5781 482 5831 apt:
533 5781 890 5834 εκπορευεται
920 5781 933 5791 ·
974 5781 1025 5815 οι
1058 5781 1129 5830 γα
1194 5781 1452 5835 χρονικας
1477 5781 1571 5818 επι
1620 5781 1751 5819 mou

167 5829 269 5885 καὶ
322 5829 436 5885 τῶν
491 5831 651 5901 Θείων
699 5831 1052 5888 ὑποστάσεων
1088 5781 1416 5899 «furrows;
1473 5836 1751 5907 προόδους,

1857 4717 2187 4803 ληροῦσινη.
2222 4719 2486 4803 Ᾱηλοῢςιαι
2527 4721 2583 4775 δὲ
2613 4723 2893 4803 ὅμως-διὰ
2921 4723 3029 4803 τῶγ
3060 4724 3327 4803 χρονιζῷγ
3361 4724 3434 4777 τὰ

1856 4790 2090 4864 ςίώνιοιῄ·
2119 4790 2179 4843 τὸ
2204 4790 2314 4864 γᾴρ
2342 4790 2560 4864 πέμπον
2590 4790 2726 4864 πρὸς
2744 4794 2804 4847 τὸ
2841 4790 3190 4864 πεμπόμέλᾳον
3216 4792 3433 4861 ἀξίωμα

1857 4859 2211 4934 ἔχες-πέψεως
2251 4859 2531 4934 ὁξποιούοῡν
2551 4879 2567 4893 ·
2599 4859 2656 4916 et
2688 4863 2745 4916 δὲ
2781 4865 2846 4933 τῇ
2878 4859 3009 4934 ἁγίᾳ
3033 4859 3139 4916 ’καὶ
3186 4859 3433 4934 προσκο-

1856 4929 1993 5004 me)
2032 4929 2224 5004 Tptdot
2248 4931 2399 4984 οὐδὲν
2419 4932 2638 5004 ἀξίωμα
2654 4929 3004 5004 ὑποστᾶνσεῲξ
3032 4934 3172 5004 πρὸς
3196 4929 3431 5004 picem.

1860 4986 1945 5054 σὼ
1966 4986 2183 5072 tigni-cs»;
2202 5005 2361 5072 νοεῖν,
2382 5005 2428 5055 εἰ
2456 4986 2530 5071 uti]
2552 4986 2711 5072 ρόνον
2738 5003 2799 5056 τὸ
2823 5003 2882 5069 ἐξ
2899 4996 2961 5055 οὗ
2982 4986 3000 5032 ί
3026 4986 3113 5056 διᾶ
3127 4986 3286 5057 τοῦτο
3307 4986 3431 5058 obes

1860 5070 2012 5141 παρὰ
2041 5070 2137 5145 τοῆ
2168 5071 2314 5145 “ob
2350 5070 2467 5125 τὸνί
2504 5070 2902 5145 Πᾲτὲραλοῠτε
2947 5073 3099 5145 nupti
3129 5073 3224 5127 τοῦ
3252 5076 3430 5128 Ilvati-

1862 5156 2045 5215 ματος.
2092 5142 2183 5194 τὸν
2234 5142 2382 5215 Υἰργ,
2434 5145 2481 5196 el
2519 5142 2593 5213 μὴ
2642 5142 2785 5195 κατὰ
2824 5144 2887 5215 τὸ
2923 5142 3285 5215 ᾁνθρώπινον,
3327 5148 3433 5200 ἀπ-

1859 5210 2114 5265 εστάλθαι
2144 5213 2274 5265 ποτὲ
2300 5210 2543 5281 λέγουσιῦ
2582 5210 2638 5266 at
2668 5214 2899 5283 Γραφαξ.
2930 5210 3194 5271 Przéclare
3224 5216 3291 5270 de
3345 5217 3429 5272 bis

1898 5297 2074 5354 _uoque
2127 5284 2367 5354 disputat
2417 5283 2611 5354 Georg.
2651 5283 2883 5339 Metoclt.
2938 5285 3136 5341 Contra
3195 5286 3427 5342 Manuel.

1903 5361 2093 5426 retens,
2122 5370 2173 5408 c.
2202 5354 2255 5408 9.
2289 5353 2373 5426 (ο.
2398 5352 2463 5426 Ο.
2498 5352 2698 5426 Il,'990
2724 5360 2864 5425 seq.)
2916 5356 3172 5413 Missione
3213 5357 3434 5426 ἀξίωμα

1859 5423 2132 5499 mittentis
2145 5424 2356 5499 ostendi
2375 5424 2533 5499 docet
2549 5423 2691 5479 inter
2712 5423 2847 5482 alios
2866 5426 3025 5499 Greg.
3046 5426 3175 5483 Naz.
3202 5436 3341 5482 orat.
3356 5423 3430 5482 ’57

1858 5508 1914 5563 p.
1946 5492 2070 5553 596.
2103 5494 2226 5555 608,
2259 5494 2346 5548 ed.
2379 5493 2499 5547 Bill.

1931 5564 2305 5635 (41’3)Cornel._
2339 5580 2383 5635 a7
2410 5563 2611 5635 Lapide
2650 5566 2706 5621 in
2763 5566 2819 5621 h.
2877 5566 2916 5621 l.
2954 5587 2967 5623 :
3005 5586 3025 5619 ι
3065 5566 3205 5622 Sunt
3266 5567 3431 5621 verba

1857 5648 1965 5706 non
1986 5632 2132 5705 C'yrr.
2168 5636 2262 5689 sed
2290 5632 2459 5706 Isaia},
2484 5632 2574 5704 qui
2628 5638 2827 5692 missus
2861 5646 2948 5692 est
3005 5647 3259 5706 tanquam
3298 5652 3430 5706 pro-

1858 5702 2112 5777 plteta‘et
2138 5718 2379 5777 pragco‘a
2406 5702 2523 5777 Ded
2544 5718 2600 5760 et
2641 5707 2848 5777 Spiritu
2879 5708 2972 5763 Dei
2996 5710 3061 5762 ad
3086 5702 3201 5763 hate
3238 5702 3428 5765 va'tici.
3477 5702 3487 5735 ’

1860 5773 2121 5832 nandum.
2145 5773 2169 5829 i
2205 5773 2290 5830 Cf.
2321 5774 2529 5832 Knobel
2561 5776 2617 5832 in
2649 5773 2705 5833 h'.
2733 5778 2769 5837 Ι.
2794 5778 2922 5846 lsa.,
2961 5794 3020 5850 p.
3047 5777 3172 5835 336.
