4002 6416
562 311 665 379 419

1682 307 1945 369 ΡΠΟΤΙΙ
1984 305 2480 366 ΡᾹΤῐὶΙΛῙὶΟΙΙΙΕ
2518 305 2624 365 CP.

3701 295 3801 358 420

558 427 800 482 buuntur
820 421 980 487 Filio,
1010 429 1066 476 et
1094 419 1313 492 quidem
1346 426 1590 489 spectato
1608 406 1665 473 ut
1696 428 1782 474 est
1800 420 1962 471 homo
1986 418 2039 487 (4
2052 419 2097 483 ι)
2116 460 2129 481 ,
2162 431 2207 480 Α
2234 417 2543 480 dicendum,
2577 414 2720 485 quod
2749 412 2935 467 missio
2952 425 3061 464 non
3088 409 3266 463 solum
3293 408 3550 479 importat
3576 423 3801 479 proces-

559 533 662 572 nec
682 514 907 569 dissidet
938 512 1174 568 homilize
1220 510 1364 565 illius
1400 520 1610 572 auctor,
1636 518 1695 562 ut
1733 509 1982 563 Petavius
2035 508 2133 577 (De

563 608 706 661 Trin.
751 607 790 660 l.
823 623 944 669 vm,
1000 604 1127 669 c.1,
1164 602 1301 673 §M)
1332 601 1590 662 ostendit,
1643 600 1770 655 licet
1819 600 2133 670 loquentem

561 713 849 770 personam
904 696 1217 752 Creatorem
1269 694 1393 749 εαξΙί
1445 702 1501 747 et
1552 704 1709 748 terra:
1756 693 2131 763 appellaverit.

563 789 703 843 Hinc
739 799 793 843 et
822 787 1152 858 posteriores
1176 784 1486 839 schismatis
1510 785 1725 853 patroni
1760 800 1867 837 non
1899 800 1965 839 cx
2011 801 2135 855 per-

566 896 702 935 sona
726 880 923 945 Patris,
955 879 1048 933 sed
1071 893 1137 932 ex
1161 876 1280 930 Filii
1322 891 1555 945 persona
1583 877 1745 930 verba
1793 876 1878 929 illa
1930 878 2135 946 prolata

566 973 784 1033 volunt;
818 971 909 1023 sed
950 984 1057 1023 non
1082 978 1335 1043 tanquam
1366 966 1624 1030 hominis,
1665 984 1853 1021 verum
1881 976 2135 1037 tanquam

564 1064 656 1117 Dei
694 1062 825 1131 (45).
853 1061 956 1115 Sed
982 1076 1086 1113 non
1113 1076 1250 1129 opus
1292 1069 1377 1115 cst
1424 1060 1511 1113 his
1559 1060 1765 1113 diutius
1820 1060 2133 1126 immorari;

562 1154 817 1206 dabimus
851 1150 911 1204 D.
979 1150 1205 1204 Thonne
1233 1150 1656 1220 disputationem
1693 1152 1766 1204 rei
1804 1151 2136 1207 illustrandae

565 1244 867 1297 universim
899 1252 1280 1312 Opportunum.
1326 1242 1614 1312 Postquam
1657 1243 1926 1312 (Summa,
1994 1244 2043 1304 1,
2080 1259 2135 1312 q.

563 1337 653 1394 45.
675 1352 727 1387 a.
754 1335 806 1397 8)
832 1332 982 1405 [I53]
1005 1334 1106 1387 tria
1132 1334 1357 1403 protulit
1384 1343 1722 1404 argumenta,
1762 1350 1882 1403 qute
1914 1334 2139 1402 probare

564 1428 842 1491 videntur,
874 1426 1112 1479 divinam
1150 1440 1437 1494 personam
1471 1426 1611 1479 mitti
1661 1440 1771 1478 non
1802 1440 1966 1495 posse
2028 1424 2133 1478 nisi

564 1516 633 1569 ab
656 1532 718 1568 ea
748 1531 778 1567 a
811 1530 915 1584 qua
958 1514 1291 1568 :eternaliter
1325 1514 1589 1582 procedit,
1621 1512 1813 1580 hisque
1857 1512 2132 1582 opposuit,

565 1607 711 1676 quod
748 1605 897 1661 lsai-ae
919 1621 1099 1668 XLVIII,
1144 1604 1207 1658 16
1229 1644 1245 1667 ,
1284 1602 1458 1659 Filius
1489 1604 1699 1659 dicatur
1722 1606 1924 1659 missus
1953 1620 1984 1658 a
2011 1602 2140 1674 Spi-

568 1701 673 1753 ritu
714 1708 925 1763 sancto,
954 1698 1072 1751 haec
1104 1697 1305 1751 docet:
1364 1715 1381 1748 ι
1445 1695 1766 1764 Ιὶοδροιιόεο
1814 1694 2133 1759 dicendum,

2233 510 2443 563 sionem
2483 525 2514 563 a
2560 505 2845 577 principio,
2906 504 3001 558 sed
3050 500 3378 556 determinat
3434 501 3804 570 processionis

2234 601 2534 656 terminum
2558 597 2933 668 temporalem.
2958 594 3118 651 Unde
3160 592 3348 647 missio
3364 594 3540 648 solum
3561 600 3647 647 est
3671 601 3804 646 tem-

2233 692 2453 764 poralis,
2479 692 2565 748 vel
2600 690 2790 745 missio
2829 686 3059 743 includit
3091 686 3498 757 processionem
3548 693 3804 739 aeternam

2234 794 2288 840 et
2316 784 2516 854 aliquid
2546 782 2719 847 addit,
2774 780 2896 835 scil.
2934 776 3287 847 temporalem
3325 774 3607 829 effectum.
3648 770 3807 825 Habi-

2236 877 2367 931 tudo
2403 876 2548 930 enim
2576 873 2775 928 divina:
2795 884 3042 940 personat
3066 868 3132 921 ad
3151 883 3309 922 suum
3340 864 3675 936 principium
3700 879 3806 917 non

2236 978 2319 1023 cst
2348 966 2451 1021 nisi
2478 967 2545 1021 ab
2577 975 2802 1019 aeterno.
2834 962 2989 1017 Unde
3036 960 3243 1031 gemina
3286 958 3488 1013 dicitur
3528 957 3806 1026 processio.

2235 1068 2436 1112 mterna
2470 1056 2587 1110 scil.
2614 1053 2764 1127 (154]
2802 1062 2857 1107 et
2896 1050 3230 1121 temporalis,
3264 1065 3375 1103 non
3412 1056 3644 1118 propter
3685 1047 3806 1109 hoc,

2236 1150 2379 1220 quod
2416 1148 2673 1202 habitudo
2704 1147 2771 1201 ad
2821 1145 3145 1215 principium
3196 1141 3535 1211 geminetur;
3586 1137 3688 1193 sed
3718 1153 3807 1208 ge-

2238 1242 2462 1296 minatio
2496 1251 2580 1294 est
2606 1256 2669 1293 ex
2704 1249 2857 1309 parte
2884 1236 3104 1291 termini
3148 1232 3461 1303 temporalis
3500 1240 3559 1287 et
3604 1231 3807 1302 princi-

2236 1333 2310 1402 pii
2339 1331 2547 1386 aeterni.
2588 1350 2606 1382 ι
2670 1328 2948 1399 Duplicem
2994 1326 3234 1382 secernit
3293 1323 3534 1377 Thomas
3582 1322 3641 1376 in
3673 1321 3803 1376 mis-
3894 1338 3899 1345 ·

2238 1421 2393 1475 sione
2420 1418 2832 1473 habitudinem:
2867 1415 2912 1486 Ι)
2963 1414 3335 1469 habitudinem
3373 1412 3525 1467 missi
3559 1412 3633 1464 ad
3683 1411 3802 1463 mit-

2240 1518 2456 1573 tentem;
2486 1507 2551 1573 ll)
2576 1508 2645 1561 ad
2670 1508 2969 1570 terminum,
2994 1506 3062 1558 ad
3104 1520 3256 1574 quem
3283 1503 3527 1555 mittitur.
3568 1501 3730 1570 (Ibid.
3758 1517 3803 1556 a.

2239 1597 2316 1665 1.)
2352 1596 2591 1664 Quilibet
2633 1611 2797 1667 porro
2842 1597 3045 1649 missus
3093 1591 3466 1647 habitudinem
3522 1590 3691 1644 habet
3746 1591 3807 1644 ad

2239 1703 2364 1743 eum
2390 1704 2562 1759 aquo,
2591 1696 2646 1742 et
2677 1684 3051 1740 habitudinem
3076 1683 3142 1737 ad
3180 1697 3307 1737 eum
3342 1682 3413 1735 ad
3447 1698 3599 1751 quem
3640 1681 3808 1735 mitti-

568 1788 715 1859 quod
748 1787 891 1843 circa
912 1755 1037 1839 'hoc
1060 1783 1414 1838 inveniuntur
1438 1755 1605 1852 aliqui
1659 1780 2022 1835 diversimode
2054 1755 2136 1833 lo;
2169 1755 2211 1814 Β
2242 1788 2348 1831 tur.
2378 1755 2531 1833 Prior
2572 1777 2756 1848 σχέσις
2788 1784 2967 1846 potest
2992 1790 3117 1830 esse
3151 1773 3347 1842 triplex
3375 1792 3388 1827 :
3425 1792 3444 1826 ‹
3479 1774 3565 1828 vel
3614 1789 3809 1827 secun-

570 1881 682 1935 cuti
716 1877 1184 1935 esse.Secundum
1217 1874 1481 1945 quosdam
1525 1872 1671 1927 enim
1698 1886 1929 1941 persona
1960 1869 2138 1925 divina

570 1986 683 2024 non
712 1969 966 2031 mittitur.
990 1968 1097 2023 nisi
1130 1967 1301 2034 abeo,
1332 1981 1361 2020 a
1395 1978 1504 2035 quo
1560 1972 1644 2019 est
1671 1962 2036 2028 aeternaliter;
2086 1968 2142 2015 et

572 2062 873 2117 secundum
919 2060 1045 2124 hoc,
1076 2074 1201 2114 cum
1237 2058 1435 2113 dicitur
1499 2054 1671 2111 Filius
1730 2054 1821 2109 Dei
1862 2054 2058 2108 missus
2108 2068 2141 2108 a

577 2153 782 2223 Spiritu
804 2160 1016 2215 sancto,
1047 2150 1391 2204 referendum
1411 2157 1495 2204 est
1513 2149 1621 2203 hoc
1643 2146 1710 2201 ad
1729 2146 2019 2201 humanam
2040 2160 2141 2198 na-

577 2255 775 2307 turam,
799 2242 1100 2297 secundum
1124 2255 1285 2309 quam
1318 2242 1520 2294 missus
1547 2248 1632 2294 est
1650 2238 1713 2291 ad
1735 2236 2139 2307 prtedicandnm

575 2351 605 2389 a
635 2333 841 2405 Spiritu
869 2343 1078 2388 sancto.
1102 2330 1434 2402 Augustinus
1463 2340 1645 2384 autem
1669 2328 1801 2383 dicit
1844 2327 1942 2399 (De
1992 2328 2137 2382 Trin.

578 2442 637 2490 ιι,
672 2425 748 2496 5),
790 2422 933 2494 quod
976 2422 1145 2476 Filius
1182 2422 1416 2476 mittitur
1472 2430 1530 2476 et
1564 2436 1594 2475 a
1634 2435 1693 2475 se
1747 2428 1803 2473 et
1850 2435 1880 2472 a
1934 2417 2163 2488 Spiritu

577 2522 791 2577 sancto,
827 2521 882 2568 et
912 2511 1147 2582 Spiritus
1173 2521 1393 2566 sanctus
1421 2511 1583 2565 etiam
1641 2509 1875 2563 mittitur
1920 2518 1974 2563 et
2025 2524 2054 2562 a
2086 2523 2145 2563 se

573 2615 629 2659 et
660 2620 690 2658 a
714 2604 874 2669 Filio,
914 2613 969 2658 ut
993 2603 1070 2659 sic
1096 2604 1232 2657 mitti
1259 2604 1311 2657 in
1338 2601 1540 2657 divinis
1563 2617 1673 2655 non
1704 2599 1993 2655 conveniat
2021 2600 2144 2654 cui-

574 2694 705 2749 libet
731 2709 999 2764 personae,
1026 2694 1122 2748 sed
1145 2694 1317 2748 solum
1337 2709 1584 2763 personae
1610 2692 1678 2747 ab
1704 2692 1811 2746 alio
1835 2691 2142 2757 exsistenti,

576 2789 783 2840 mittere
803 2797 986 2840 autem
1019 2785 1309 2840 conveniat
1324 2785 1822 2854 cuilibetpersonze.
1846 2785 2146 2853 Utrumque

576 2894 758 2936 autem
795 2880 957 2934 habet
981 2880 1162 2949 aliquo
1183 2879 1348 2934 modo
1375 2879 1683 2945 veritatem,
1732 2880 1857 2949 quia
1904 2896 2026 2932 eum
2060 2879 2146 2934 di-

576 2972 720 3026 citur
738 2971 914 3039 aliqua
948 2984 1181 3039 persona
1212 2969 1377 3035 mitti,
1413 2968 1730 3041 designatur
1762 2979 1816 3025 ct
1860 2970 1974 3040 ipsa
2020 2985 2147 3039 per-

2239 1869 2367 1922 dum
2402 1870 2711 1938 imperium.
2744 1868 2883 1921 sicut
2920 1866 3179 1920 dominus
3210 1865 3375 1920 mittit
3426 1879 3649 1919 servum
3678 1880 3695 1929 ;
3732 1864 3807 1917 vel

2241 1961 2542 2016 secundum
2573 1959 2868 2025 consilium,
2890 1968 2946 2013 ut
2979 1958 3022 2013 si
3054 1958 3395 2014 consiliarius
3416 1956 3638 2011 mittere
3664 1956 3807 2010 dica-

2242 2061 2330 2106 tur
2359 2068 2539 2122 regem
2556 2052 2624 2105 ad
2648 2051 3030 2106 debellandum
3054 2066 3068 2115 ;
3093 2051 3177 2104 vel
3209 2048 3512 2104 secundum
3535 2048 3809 2118 originem,

2242 2154 2302 2199 ut
2330 2144 2376 2198 si
2401 2144 2632 2207 dicatur,
2662 2142 2805 2212 quod
2837 2141 2937 2197 llos
2976 2142 3257 2197 emittatur
3276 2141 3346 2194 ab
3369 2140 3590 2195 arbore.
3628 2159 3649 2192 ι
3699 2142 3808 2193 Jam

2243 2252 2372 2291 vero
2412 2237 2466 2291 in
2501 2236 2699 2290 divinis
2724 2250 2903 2304 neque
2940 2234 3240 2289 secundum
3281 2232 3600 2303 imperium,
3632 2248 3807 2301 neque

2244 2328 2543 2383 secundum
2588 2327 2875 2382 consilium
2916 2326 3105 2381 missio
3144 2326 3326 2381 locum
3357 2325 3561 2381 habere
3604 2334 3811 2393 potest;

2245 2420 2567 2490 relinquitur
2590 2420 2763 2475 solum
2782 2418 2971 2473 missio
3004 2418 3305 2473 secundum
3345 2415 3617 2489 originem
3665 2415 3811 2472 Unde

2244 2511 2370 2567 licet
2390 2521 2631 2580 spectato
2657 2512 2887 2566 termino
2912 2512 2982 2565 ad
3012 2528 3163 2582 quem
3213 2521 3267 2565 et
3312 2510 3514 2565 eﬂectu
3544 2510 3813 2564 missionis

2248 2609 2358 2655 tota
2385 2600 2624 2655 Trinitas
2678 2600 2888 2655 dicatur
2943 2601 3194 2655 mittere:
3228 2608 3411 2654 tamen
3444 2599 3637 2653 relatio
3678 2599 3813 2652 missi

2246 2693 2315 2745 ad
2342 2693 2631 2746 mittentem
2660 2692 2729 2745 ab
2744 2692 2953 2762 origine
2984 2692 3275 2763 dependet,
3316 2700 3372 2746 et
3407 2708 3472 2747 ea
3510 2693 3699 2747 omnia
3727 2708 3805 2744 ar-

2249 2791 2504 2853 gumenta
2553 2783 2777 2838 immota
2823 2785 3145 2854 persistunt,
3198 2784 3395 2853 quibus
3442 2800 3507 2839 ex
3558 2785 3813 2839 missione

2251 2877 2537 2947 processio
2592 2877 2831 2948 Spiritus
2861 2880 3032 2933 sancti
3061 2894 3092 2933 a
3130 2876 3268 2932 Filio
3301 2878 3679 2933 conﬁrmatur.

2322 2971 2377 3025 5.
2407 2970 2483 3026 Eo
2502 2970 2587 3027 vel
2622 2972 2810 3041 magis,
2840 2972 2984 3042 quod
3022 2983 3078 3027 et
3119 2972 3291 3028 Graeci
3338 2973 3530 3029 Patres
3582 2989 3651 3027 ex
3696 2973 3815 3026 mis—

579 3078 712 3117 sona
742 3062 809 3116 ab
828 3061 934 3115 alio
961 3061 1251 3125 exsistens,
1278 3070 1333 3114 et
1372 3059 1601 3115 ell‘ectus
1628 3060 1862 3115 visibilis
1890 3069 1984 3114 aut
2007 3060 2147 3114 invi-
2177 3094 2218 3151 ε
2252 3063 2409 3118 sione
2462 3080 2567 3134 qua
2596 3064 2764 3151 Filius
2798 3065 2963 3119 mittit
2985 3065 3269 3135 Spiritum,
3295 3065 3443 3119 hunc
3474 3080 3543 3120 ex
3572 3064 3668 3120 illo
3695 3080 3813 3119 esse

580 3155 774 3219 sibilis,
808 3154 1109 3209 secundum
1132 3169 1292 3223 quem
1326 3154 1516 3208 missio
1536 3153 1733 3209 divinas
1783 3170 2030 3226 persona:-
2069 3163 2151 3209 at-

583 3245 844 3301 tenditur.
865 3245 923 3299 Si
948 3245 1114 3317 igitur
1146 3246 1356 3300 mittens
1395 3245 1709 3315 designetur
1746 3256 1806 3302 ut
1832 3249 2151 3318 principium

579 3353 816 3410 persona:
863 3353 978 3406 qua:
1015 3338 1263 3402 mittitur,
1323 3337 1400 3391 sic
1473 3352 1587 3391 non
1630 3338 1885 3407 quaelibet
1920 3353 2151 3408 persona

587 3431 772 3493 'nittit,
799 3429 892 3484 sed
915 3428 1088 3484 solum
1121 3428 1209 3482 illa
1264 3428 1351 3483 cui
1388 3428 1645 3484 convenit
1672 3444 1793 3484 esse
1821 3429 2150 3500 principium

581 3523 810 3593 alicujus
832 3536 1096 3593 persona.
1135 3521 1199 3576 Et
1235 3520 1314 3578 sic
1347 3520 1582 3576 mittitur
1638 3520 1807 3575 Filius
1864 3529 2074 3575 tantum
2122 3536 2152 3575 a

581 3613 764 3675 Patre.
789 3614 1024 3682 Spiritus
1052 3624 1274 3667 sanctus
1300 3620 1483 3668 autem
1517 3627 1547 3668 a
1594 3612 1753 3669 Patre
1784 3621 1838 3669 et
1885 3613 2045 3669 Filio.
2093 3615 2152 3669 Si

580 3721 711 3760 vero
738 3720 971 3775 persona
1025 3704 1249 3758 mittens
1295 3703 1627 3776 intelligatur
1672 3720 1793 3760 esse
1834 3706 2153 3774 principium

581 3798 789 3867 eﬂ‘ectus
838 3796 1138 3851 secundum
1162 3810 1324 3865 quem
1342 3794 1866 3861 attenditurmissio,
1912 3794 1992 3851 sic
2044 3804 2153 3849 tota

583 3887 813 3941 Trinitas
841 3886 1010 3942 mittit
1030 3902 1321 3957 personam
1368 3886 1615 3941 missam.
1651 3905 1671 3939 ι
1722 3886 1858 3941 Cum
1896 3888 1981 3942 his
2020 3903 2153 3942 con-

584 3977 848 4033 nectenda
874 3987 1022 4041 sunt,
1060 3993 1181 4048 quae
1215 3977 1455 4031 Thomas
1481 3976 1541 4047 (Ι.
1572 3991 1647 4043 c.,
1680 3992 1731 4031 a.
1770 3976 1827 4046 2)
1865 3977 2156 4047 respondet

583 4070 650 4125 ad
686 4070 813 4124 illud
863 4078 1278 4141 argumentum:
1328 4086 1347 4120 ι
1387 4066 1573 4123 Missio
1601 4070 2008 4139 processionem
2050 4070 2153 4125 im-

584 4170 793 4232 portat;
846 4163 939 4217 sed
987 4164 1264 4233 processio
1311 4161 1619 4218 divinarum
1669 4177 2030 4232 personarum
2072 4169 2157 4218 est

582 4261 814 4319 aeterna;
845 4270 971 4325 ergo
1002 4262 1057 4308 et
1083 4253 1290 4309 missio.
1330 4272 1350 4306 ι
1386 4252 1478 4308 Ait
1510 4252 1658 4308 enim
1696 4271 1709 4308 :
1748 4272 1768 4307 ι
1802 4253 1884 4310 Ad
1930 4255 2155 4311 tertium

655 4423 768 4491 (44)
791 4421 927 4476 Vide
953 4420 1114 4475 Basil.
1141 4420 1179 4491 l.
1213 4420 1295 4491 tu,
1327 4417 1385 4491 Ο.
1408 4418 1655 4491 Eunom.,
1683 4419 1748 4474 ad
1796 4436 1987 4491 quemg
2018 4437 2149 4490 pro-

584 4488 967 4549 vocat'Bcccus
1016 4490 1101 4555 (ϐ.
1132 4489 1195 4545 0.
1237 4488 1300 4551 ll,
1343 4490 1503 4557 658);
1561 4488 1830 4545 AmbrosI
1852 4490 1930 4545 De
1958 4488 2147 4559 Spirit.

584 4574 752 4618 sanet.
792 4563 829 4616 l.
862 4578 939 4621 ut.
972 4577 1021 4613 c.
1066 4562 1129 4625 1;
1168 4560 1605 4631 Atltan.iorat.i1
1654 4575 1705 4615 c.
1734 4560 1961 4631 Arian.,
1988 4562 2150 4631 cujus

586 4634 847 4687 doctrina:
877 4631 1127 4685 innititur
1153 4629 1348 4692 Georg.
1374 4629 1681 4692 Metoehita,
1714 4629 1911 4684 Contra
1941 4629 2151 4685 Manuet

586 4705 725 4757 Cret.
764 4702 836 4773 (e.
865 4701 932 4764 5;
958 4700 1028 4773 AG.
1056 4699 1117 4754 0.
1151 4697 1527 4773 11η966-970)Δ
1554 4700 1847 4773 ostendens
1875 4701 2150 4773 Christum

587 4784 649 4827 ut
692 4768 858 4826 Deum
899 4770 1126 4824 minime
1157 4784 1186 4822 a
1220 4768 1425 4838 Spiritu
1458 4768 1684 4823 missum
1711 4770 1839 4824 dici.
1895 4772 2149 4825 Omnium

586 4843 707 4898 loco
737 4841 989 4896 audiatur
1019 4838 1326 4899 Anselmus,
1363 4838 1436 4891 De
1463 4856 1688 4907 process.
1721 4839 1907 4907 Spirit.
1979 4852 2148 4895 sanet.

593 4931 612 4964 ε
654 4912 707 4966 Si
733 4921 914 4966 autem
939 4910 1146 4972 dicunt,
1168 4910 1292 4978 quia
1311 4909 1549 4977 Spiritus
1566 4917 1783 4964 sanctus
1802 4911 1965 4964 mittit
1986 4911 2149 4964 etiam

584 4982 805 5043 Filium,
845 4979 1147 5033 sicutidem
1196 4981 1311 5049 ipse
1336 4979 1467 5034 dicit
1516 4996 1613 5049 per
1655 4981 1973 5048 pmphetam
2018 4998 2032 5033 :
2083 4982 2151 5034 Et

587 5070 725 5107 nunc
783 5051 1054 5114 Dominus,
1094 5057 1273 5115 etc...,
1332 5054 1433 5103 hoc
1498 5050 1796 5103 secundum
1854 5051 2147 5109 hominem.

586 5138 747 5191 quem
798 5120 1034 5191 gerebat,
1082 5118 1490 5188 intelligendum
1534 5130 1660 5191 est,
1689 5120 1812 5191 quia
1846 5120 2046 5191 (Patris
2098 5130 2153 5175 et

587 5189 821 5261 Spiritus
842 5190 1013 5244 sancti
1065 5204 1169 5243 una
1202 5192 1483 5245 voluntate
1531 5199 1587 5243 ct
1611 5189 1967 5261 dispositione
1994 5207 2151 5245 mun-

552 5308 555 5311 .
588 5259 717 5315 dum
764 5261 1141 5329 redempturus
1166 5260 1370 5315 mundo
1410 5259 1698 5330 apparuit.
1733 5278 1749 5308 ο
1789 5260 1844 5312 In
1902 5260 1985 5313 his
2032 5278 2153 5330 qua:

588 5332 742 5401 llugo
768 5328 1089 5401 Etherianus
1126 5331 1184 5393 (l.
1216 5348 1253 5389 ι,
1287 5347 1335 5385 ο.
1366 5328 1452 5401 18,
1480 5345 1533 5398 p.
1559 5330 1650 5383 1‘2.
1684 5329 1747 5383 1⁸5
1771 5330 1843 5398 e.)
1870 5330 1972 5384 hac
1993 5328 2062 5385 de
2093 5348 2151 5385 re

590 5400 773 5464 habet,
827 5400 986 5454 lectio
1043 5410 1295 5468 corrupta
1348 5400 1593 5463 videtur;
1642 5415 1817 5468 neque
1856 5408 2034 5455 tamen
2083 5417 2152 5456 ex

588 5487 685 5524 sua
718 5470 986 5524 sententia
1019 5470 1133 5537 ipsc
1168 5470 1427 5537 loquitur,
1460 5478 1519 5522 ut
1552 5470 1781 5524 incisum
1826 5470 1958 5524 illud
1998 5481 2153 5540 pate-

587 5540 752 5594 facit:
794 5559 811 5589 t
840 5549 897 5593 ut
927 5541 1145 5607 quidam
1167 5547 1468 5593 autumant.
1496 5558 1518 5607 ρ

661 5612 769 5679 (iii)
802 5610 874 5664 Ita
926 5611 1066 5665 inter
1123 5610 1257 5663 alios
1320 5610 1681 5677 Theophanes
1748 5610 2149 5678 Procopowicz,

589 5681 763 5734 Tract.
808 5682 869 5734 de
898 5698 1040 5748 proc.
1076 5680 1263 5748 Spirit.
1315 5681 1505 5741 sancti,
1562 5680 1938 5740 Gothaelﬂi,
1987 5696 2038 5733 e.
2095 5683 2150 5745 6,

586 5750 638 5822 §§
664 5753 781 5823 155,
812 5750 932 5822 154,
960 5768 1013 5821 p.
1042 5752 1140 5805 167
1172 5766 1285 5822 seq.
1322 5750 1520 5806 Eodem
1570 5758 1715 5805 textu
1763 5752 2151 5822 tihrysostomo

2175 4431 2227 4491 D
2254 4426 2487 4495 ascripto
2542 4424 2884 4480 Andronicus
2939 4425 3370 4495 Camaterusac.
3408 4424 3465 4477 11

2253 3155 2495 3211 inferunt
2528 3157 2662 3227 (46),
2692 3166 2747 3211 et
2778 3156 2964 3211 missio
2995 3156 3111 3211 haec
3165 3164 3227 3211 ut
3283 3156 3503 3227 propria
3541 3164 3600 3211 et
3632 3171 3817 3227 persov

2250 3247 2389 3302 nalis
2423 3262 2544 3303 cum
2560 3248 2845 3303 ell'ectibus
2877 3247 3130 3318 personis
3173 3247 3435 3302 duntaxat
3486 3248 3815 3303 convenien-

2236 3340 2399 3395 tibus
2421 3339 2623 3409 ubique
2654 3339 2768 3395 fere
2809 3339 3160 3404 describitur,
3192 3355 3316 3395 cum
3365 3348 3570 3394 azterna
3604 3354 3817 3409 proces-

2251 3430 2405 3485 sione
2425 3430 2789 3485 communiter
2824 3429 3192 3501 conjungitur,
3224 3429 3360 3484 adeo
3381 3428 3661 3484 utethinc
3678 3430 3731 3483 in
3759 3443 3817 3481 ea

2250 3538 2477 3595 prorsus
2530 3521 2756 3578 fundata
2785 3532 3061 3593 appareat.
3108 3541 3125 3575 ι
3155 3522 3213 3577 Si
3260 3522 3451 3587 Filius,
3489 3540 3508 3575 ι
3547 3521 3627 3576 ait
3670 3521 3820 3593 Hugo

2251 3616 2580 3672 Etherianus
2615 3616 2733 3688 (lib.
2755 3633 2838 3680 ιιι,
2872 3632 2922 3670 c.
2983 3617 3070 3682 13,
3096 3632 3151 3687 p.
3219 3615 3401 3686 1249),
3439 3634 3458 3668 ι
3502 3616 3729 3669 mittens
3768 3624 3819 3667 et

2252 3709 2471 3775 missus,
2509 3724 2670 3764 causa
2709 3719 2765 3764 et
2805 3724 2871 3764 ex
2904 3724 3067 3764 causa
3114 3716 3219 3775 est,
3271 3707 3410 3762 nihil
3476 3707 3819 3777 inopinabile

2253 3809 2532 3869 sequatur,
2567 3800 2711 3869 quod
2764 3800 3025 3870 Spiritum
3073 3799 3263 3853 emittit
3302 3799 3437 3852 sicut
3468 3798 3655 3851 mittit.
3689 3798 3817 3852 Nam

2252 3887 2294 3942 si
2322 3888 2484 3943 homo
2511 3889 2813 3944 secundum
2834 3899 3084 3943 naturam
3109 3900 3164 3943 et
3192 3903 3255 3942 ex
3282 3888 3503 3958 propria
3542 3887 3822 3941 voluntate

2253 3981 2634 4050 corpulentum
2674 3997 2831 4036 suum
2883 3980 3131 4051 spiritum
3182 3980 3415 4050 respirat
3451 3986 3507 4033 et
3556 3979 3822 4048 inspirat:

2253 4072 2425 4126 multo
2468 4073 2637 4143 magis
2670 4072 2763 4127 Dei
2820 4073 2991 4128 Filius
3049 4070 3309 4142 Spiritum
3346 4088 3508 4127 suum
3562 4072 3736 4126 mittit
3772 4079 3826 4124 et

2256 4160 2407 4236 [155]
2440 4164 2638 4219 emittit
2668 4164 2947 4234 aequaliter
2992 4162 3161 4229 Patri,
3216 4162 3457 4233 perfecte
3502 4176 3570 4217 ac
3632 4162 3824 4218 eodem

2254 4254 2419 4311 modo
2450 4254 2628 4325 ipsum
2650 4255 3018 4327 complectens
3048 4255 3255 4324 absque
3273 4254 3640 4309 diminutione
3684 4252 3826 4324 (Π).

2256 4431 2487 4495 ascripto
2542 4431 2884 4480 Andronicus
2939 4431 3275 4506 Camaterus,
3320 4439 3370 4480 c.
3408 4431 3465 4477 11
3522 4431 3612 4492 (G.
3647 4431 3719 4479 0.
3763 4431 3823 4486 ll,

2256 4496 2563 4566 516,517);
2593 4504 2649 4549 et
2697 4495 2906 4566 Marcus
2958 4496 3226 4565 Ephesuus
3266 4494 3489 4566 (Syllog.
3526 4510 3648 4563 cap.
3715 4496 3823 4558 10;

2256 4566 2377 4621 cod.
2404 4565 2549 4620 Mon.
2576 4566 2666 4628 27,
2708 4565 2747 4619 1⁵.
2776 4565 2901 4628 200,
2928 4566 3054 4628 201)
3087 4582 3185 4628 pro
3217 4580 3278 4618 re
3300 4565 3397 4619 sua
3429 4574 3677 4619 utuntur.

2328 4637 2440 4705 (46)
2466 4636 2541 4690 Id.
2574 4652 2637 4689 ex
2660 4636 2848 4705 Chrys.
2870 4636 3017 4689 hom.
3037 4634 3104 4690 59
3132 4636 3185 4689 in
3211 4635 3369 4705 Joan.
3402 4636 3645 4705 ostendit
3692 4634 3825 4687 Bes-

2256 4703 2437 4761 sarion
2468 4722 2557 4775 ep.
2588 4708 2654 4760 ad
2673 4703 2825 4760 Alex.
2859 4705 3078 4760 Lascar.
3105 4721 3153 4760 c.
3180 4705 3231 4758 7.
3269 4704 3436 4775 (Hard
3522 4703 3685 4759 Conc.
3732 4705 3827 4765 IX,

2258 4792 2311 4845 p.
2334 4776 2524 4844 1066);
2553 4776 2964 4845 idemostendit
3002 4777 3200 4830 Athan.
3238 4784 3418 4829 textus
3455 4790 3503 4828 c.
3540 4776 3735 4828 Arian.
3782 4776 3827 4845 7|,

2258 4844 2313 4903 it.
2334 4847 2386 4908 5,
2409 4862 2568 4915 quem
2586 4845 2669 4899 Jo.
2705 4844 2941 4899 Plusiad.
2976 4862 3073 4915 pro
3096 4861 3252 4899 conc.
3280 4845 3425 4898 Flor.
3454 4845 3610 4915 Apol.
3648 4846 3740 4915 (G.
3761 4844 3828 4899 0.

2259 4916 2297 4978 Ι,
2330 4914 2453 4980 628,
2493 4915 2614 4983 629)
2646 4916 2840 4983 aliique
2865 4914 3019 4971 multi
3052 4917 3328 4980 exhibent,
3353 4915 3421 4970 de
3458 4930 3566 4984 quo
3587 4914 3738 4969 infra
3762 4918 3833 4969 :nl

2257 5001 2375 5055 cap.
2411 4985 2679 5055 417Photii
2701 4994 2910 5055 agetur.

2331 5053 2446 5125 (47)
2475 5054 2598 5109 Haec
2623 5053 2954 5125 comparatio
2991 5063 3047 5109 et
3091 5053 3340 5125 Patribus
3382 5056 3663 5109 familiaris
3720 5066 3831 5109 est.

2259 5126 2338 5179 Ex
2364 5125 2566 5180 Graecis
2589 5124 2838 5179 audiatur
2883 5125 3112 5194 Cyrillus
3151 5124 3343 5194 Expos.
3383 5127 3439 5177 in
3483 5126 3641 5178 Joan.
3710 5142 3834 5188 xn',

2259 5195 2347 5257 16,
2381 5210 2541 5266 quem
2574 5196 2746 5266 citant
2770 5194 2971 5266 {leceus
2997 5195 3179 5266 (orat..
3210 5199 3280 5249 de
3312 5211 3404 5250 un.
3431 5210 3480 5250 c.
3513 5196 3605 5266 g8,
3643 5197 3832 5266 epigr.

2260 5266 2282 5319 ι
2317 5276 2372 5321 et
2400 5263 2460 5330 ι,
2489 5264 2643 5335 0,0.
2666 5265 2710 5327 1,
2742 5263 2870 5330 tto;
2898 5264 2962 5327 ιι,
2998 5265 3121 5335 529,
3142 5266 3267 5328 530,
3304 5266 3451 5329 560).
3496 5264 3655 5335 Grcg.
3681 5263 3835 5335 ’βω

2259 5336 2347 5405 (ad
2374 5337 2505 5405 imp.
2529 5334 2828 5405 Trapez.ic.
2858 5336 2955 5399 20;
2979 5335 3054 5389 ib.
3088 5334 3126 5401 Ι,
3157 5336 3281 5401 466,
3318 5336 3442 5401 467)
3466 5345 3521 5389 et
3574 5334 3838 5390 Andreas

2258 5403 2434 5475 Rhod.
2454 5403 2605 5475 sess.
2641 5403 2686 5458 ’6
2743 5404 2887 5458 Flor.
2921 5405 3107 5473 (,llard.
3143 5407 3180 5460 Ι.
3210 5423 3258 5461 c.
3284 5422 3339 5475 p.
3385 5406 3471 5459 7‘2.
3504 5406 3596 5475 7'5)
3633 5423 3647 5458 :
3702 5407 3839 5457 Τῶν

2258 5474 2352 5525 τοῦ
2384 5474 2517 5544 Θεοῦ
2549 5477 2641 5528 καὶ
2666 5475 2883 5544 Πατρδς
2908 5475 3147 5541 φυσικῶν
3176 5474 3394 5544 ἀγαθῶν
3448 5474 3707 5538 κοινωνὸς
3738 5478 3837 5526 οὑ-

2261 5543 2463 5605 σιωδῶς
2486 5545 2744 5614 ὑπάρχων
2764 5543 2798 5595 ὁ
2820 5544 2963 5607 Υἱὸς,
2998 5546 3109 5615 ἔχει
3144 5546 3202 5598 τὸ
3228 5543 3470 5614 Πνεῦμα
3524 5549 3667 5599 κατὰ
3694 5544 3836 5598 τοῦ-

2257 5630 2347 5685 ῖον
2377 5615 2466 5666 τὸν
2496 5616 2713 5685 τρόπον,
2741 5615 2864 5667 καθ’
2915 5615 3079 5685 ὅνπερ
3108 5619 3278 5669 νοοῖτο
3330 5618 3422 5669 καὶ
3474 5617 3501 5665 ὁ
3558 5618 3834 5685 Πατήρ...

2258 5682 2447 5757 ᾤσπερ
2485 5685 2641 5757 ἡμῶν
2670 5684 2895 5757 ἕκαστος
2915 5687 2974 5757 τὸ
3008 5682 3136 5739 ἴδιον
3158 5689 3215 5739 ὲν
3242 5687 3417 5756 ἑαυτῷ
3440 5687 3665 5757 Πνεῦμα
3693 5682 3838 5738 ξυν-

2259 5754 2373 5824 ἐχει
2438 5754 2529 5808 καὶ
2558 5756 2622 5809 ἐκ
2648 5754 2754 5809 τῶν
2792 5755 3088 5813 ὲνδοτάτων
3136 5754 3457 5828 σπλάγχνων
3490 5754 3660 5822 signo
3720 5757 3837 5823 ἔξω
