4002 6398
564 380 668 446 427

1707 375 1973 437 ΡΗΟΤΙΙ
2011 373 2152 439 PAT

2257 373 2520 437 ARCH/E
2558 375 2666 436 ΟΡ.
3731 375 3818 443 428

561 442 682 544 ﬁli,
712 484 997 559 operatio;
1038 482 1133 539 sed
1162 442 1310 537 nulla
1355 480 1474 536 Filii
1512 483 1760 552 operatio
1788 499 1818 537 a
1847 483 2004 538 Patre
2031 484 2148 539 dis—
2177 484 2404 549 Alium,
2438 499 2467 537 a
2498 484 2657 538 Patre
2689 481 2972 554 procedit,
3008 490 3064 536 et
3092 480 3345 549 dilectio,
3380 496 3487 552 qua
3518 482 3690 537 Filius
3716 485 3819 542 dili-

556 581 748 652 juncta
776 587 834 634 et
853 576 1031 632 aliena
1051 564 1165 639 est;
1193 572 1422 644 proinde
1448 581 1504 627 et
1529 571 1673 626 Patri
1703 571 1845 626 hanc
1870 572 2145 643 προϐολὴν

562 669 865 727 convenire
884 666 1107 723 fatearis
1124 673 1359 737 oportet.
1390 665 1456 720 Et
1478 664 1567 720 hic
1591 664 1818 734 praecise
1839 663 1945 718 illis
1967 664 2150 720 verbis

514 792 521 797 -
561 760 767 822 Christi
793 761 987 827 utitur,
1018 775 1084 816 ex
1119 758 1317 829 quibus
1349 765 1403 811 et
1443 756 1696 812 catholici
1730 763 1965 827 arguunt
1991 754 2151 810 theo-

561 854 667 927 logi
704 872 717 909 :
752 852 943 909 Omnia
977 868 1093 907 mea
1134 860 1227 906 tua
1272 858 1431 915 sunt,
1461 858 1570 903 etc.
1604 847 1785 914 Quare
1832 862 1955 902 cum
1994 847 2152 902 lucu-

559 945 866 1003 lentissime
908 944 1101 999 Patres
1133 942 1235 1012 ipsi
1264 940 1441 996 Graeci
1491 939 1699 995 Latinis
1734 939 2105 1011 suﬂ‘ragentur
2134 954 2147 989 :

562 1039 707 1109 quod
746 1036 975 1092 Pbotius
1014 1035 1211 1090 aﬂ‘erre
1264 1034 1571 1105 potuisset,
1606 1033 1693 1085 vix
1748 1032 1913 1086 ullius
1957 1030 2151 1084 fuisset

563 1126 847 1184 momenti.
880 1126 1101 1181 Poterat
1125 1124 1358 1180 fortasse
1388 1124 1456 1179 ad
1501 1122 1854 1178 Theodorum
1901 1120 2152 1191 Mopsue-

564 1228 781 1275 stenum
830 1232 1168 1289 provocare,
1205 1232 1367 1287 quem
1413 1225 1596 1270 tamen
1652 1214 1707 1269 in
1758 1229 1816 1268 re
1847 1212 2150 1284 dogmatica

563 1309 721 1365 nihili
761 1308 875 1362 fere
903 1306 1053 1373 fecit,
1080 1306 1167 1361 vel
1194 1307 1260 1361 ad
1286 1304 1713 1372 Theodoretum,
1739 1320 1903 1375 quem
1939 1322 1957 1355 ι
1988 1303 2150 1372 hujus

564 1400 867 1472 negationis
904 1400 1244 1455 inventorem
1278 1408 1334 1453 et
1376 1412 1683 1467 prteconem
1739 1415 1758 1449 ι
1812 1404 1967 1451 vocat
1999 1393 2151 1465 llugo

564 1493 901 1549 Etherianus
933 1490 1012 1564 [1.
1060 1508 1112 1557 ι,
1158 1506 1211 1547 c.
1242 1490 1299 1555 2,
1342 1506 1397 1563 p.
1434 1490 1574 1545 1200
1620 1488 1792 1561 (6ἳ)],
1837 1489 1922 1543 vel
1968 1488 2152 1557 specie

564 1590 756 1645 saltem
805 1589 871 1643 ad
904 1587 1171 1643 Joannem
1205 1586 1627 1650 Damascenum,
1660 1586 1753 1656 qui
1786 1594 1991 1649 tamen,
2026 1584 2153 1638 licet

566 1688 584 1752 (
612 1682 687 1737 De
722 1682 784 1737 F.
821 1680 883 1738 0.
912 1679 952 1745 1,
984 1680 1038 1746 8,
1072 1696 1130 1751 p.
1162 1679 1285 1750 HI)
1314 1678 1684 1742 aliirmaverit,
1712 1680 1776 1730 ὲκ
1806 1677 1899 1732 τοῦ
1929 1674 2060 1729 Υἱοῦ
2092 1675 2153 1729 τὸ

565 1774 796 1845 Πνεῦμα
833 1774 908 1846 μὴ
948 1771 1441 1843 λέγεσθαιιιιρθτιθ
1468 1770 1733 1842 Spiritum
1764 1770 1854 1824 διὰ
1886 1768 1980 1822 τοῦ
2018 1766 2150 1821 Υἱοῦ

2255 578 2333 648 git
2368 577 2618 639 Patrem,
2655 590 2687 630 a
2728 574 2863 630 Filio
2910 573 3269 629 nihilominus
3300 574 3571 645 procedit.
3610 576 3707 633 Est
3740 593 3820 633 au-

2256 676 2366 721 tem
2419 666 2535 721 haec
2582 665 2806 721 dilectio
2853 664 3088 735 Spiritus
3130 674 3375 721 sanctus.
3428 666 3690 722 Procedit
3716 683 3820 740 ergo

2254 754 2493 827 Spiritus
2519 771 2551 810 a
2578 754 2739 811 Patre
2765 764 2821 811 et
2849 753 3008 811 Filio.
3043 773 3062 807 ι
3087 754 3484 813 Concludimus
3511 773 3639 813 cum
3659 757 3821 831 Hagu-

2252 847 2341 902 nis
2382 846 2658 902 Etheriani
2700 846 2903 910 verbis,
2928 846 3021 916 qui
3052 846 3129 916 (Ι.
3164 861 3227 913 ιι,
3260 862 3314 902 c.
3342 846 3433 913 17,
3465 863 3519 917 p.
3556 847 3733 917 1252)
3764 855 3820 905 ita

2252 935 2452 991 Photio
2477 937 2773 1008 respondet
2801 956 2814 993 :
2846 956 2865 989 ι
2905 936 3047 992 Dixit
3074 937 3373 992 Dominus:
3407 936 3664 1007 Spiritus,
3694 943 3771 1010 qui
3795 962 3820 997 a

2257 1027 2420 1083 Patre
2442 1030 2675 1098 procedit
2696 1047 2713 1094 ;
2732 1028 3194 1084 confirmaverunt
3221 1030 3327 1085 hoc
3351 1040 3406 1085 et
3431 1041 3635 1086 sancta:
3656 1038 3818 1103 synodi

2258 1118 2681 1191 Latinorumque
2715 1135 2878 1176 omne
2910 1120 3201 1191 collegium
3232 1136 3343 1176 non
3367 1123 3546 1177 solum
3576 1138 3693 1179 non
3722 1126 3819 1180 inﬁ-

2257 1212 2457 1266 ciatnm
2481 1221 2585 1276 est,
2617 1212 2712 1267 sed
2739 1228 2864 1267 cum
2888 1212 3037 1267 omni
3069 1211 3348 1283 diligentia
3375 1223 3430 1269 et
3451 1229 3515 1269 ex
3542 1223 3659 1269 toto
3684 1220 3820 1273 corde

2258 1306 2451 1361 credit.
2480 1316 2536 1361 et
2558 1306 2690 1360 dicit
2720 1305 3123 1376 confiteturque
3142 1346 3158 1371 ,
3185 1316 3240 1362 et
3267 1321 3334 1360 ex
3358 1305 3497 1361 Filio
3524 1310 3817 1378 procedere.

2258 1397 2393 1452 Nam
2452 1398 2578 1453 licet
2622 1398 2769 1453 solus
2806 1398 3121 1454 nominetur
3166 1398 3357 1466 Pater,
3418 1398 3821 1467 subintelligitur

2259 1492 2485 1547 omnino
2523 1500 2579 1546 et
2605 1491 2795 1557 Filius,
2830 1507 2895 1547 eo
2936 1491 3079 1562 quod
3111 1491 3317 1561 absque
3350 1492 3531 1545 medio
3577 1490 3647 1546 de
3690 1491 3820 1547 Patre

2259 1600 2368 1638 non
2411 1586 2691 1655 procedat,
2734 1594 2789 1639 et
2839 1600 2963 1640 cum
3004 1600 3276 1654 nusquam
3321 1584 3482 1638 Pater
3514 1584 3718 1638 dixisse
3751 1601 3821 1639 rc-

2260 1677 2502 1747 periatur
2528 1697 2541 1731 :
2572 1675 2682 1747 Ego
2711 1676 2852 1730 solus
2887 1678 3069 1729 emitto
3112 1674 3409 1745 Spiritum;
3436 1673 3587 1747 [166]
3618 1675 3712 1729 sed
3744 1692 3819 1731 ne-

2262 1782 2367 1835 que
2398 1766 2789 1837 prophetarum
2836 1766 3121 1835 quisquam
3173 1780 3271 1819 seu
3304 1764 3536 1818 aliorum
3575 1762 3777 1818 Patrum
3806 1781 3817 1818 :

563 1864 933 1937 προέρχεσθαι
954 1863 1157 1928 docuit,
1182 1872 1237 1917 et
1261 1878 1292 1915 a
1318 1861 1527 1916 Latinis
1551 1862 1733 1916 verbis
1760 1861 1942 1931 potius
1987 1875 2151 1929 quam
2184 1852 2226 1907 Β
2255 1856 2408 1914 Solus
2432 1858 2594 1913 Pater
2619 1858 2809 1913 emittit
2838 1857 3129 1927 Spiritum,
3163 1856 3454 1924 aliquando
3486 1856 3732 1927 protulit.
3766 1858 3819 1910 At

565 1973 627 2012 re
672 1957 788 2027 ipsa
824 1956 1095 2012 dissidere
1138 1955 1261 2026 jure
1299 1955 1508 2025 Optimo
1558 1965 1815 2009 censetur
1848 1953 1983 2024 (6'5).
2020 1952 2154 2020 Quae

565 2050 719 2123 [MSS]
772 2065 897 2105 cum
946 2049 1019 2103 ita
1064 2050 1194 2115 sint,
1231 2063 1342 2102 non
1386 2056 1591 2103 temere
1640 2046 1972 2101 Ratramnus
2000 2047 2072 2116 (l.
2111 2062 2152 2111 ι,

565 2158 615 2197 c.
647 2142 703 2205 8,
732 2156 767 2211 p
822 2140 930 2195 252
958 2155 1073 2209 seq.
1109 2138 1195 2193 ed.
1218 2138 1311 2193 cit.
1341 2137 1381 2208 ).
1412 2135 1630 2192 Grmcos
1674 2137 1757 2191 sui
1791 2135 2054 2205 temporis
2081 2136 2154 2190 ita

566 2230 821 2301 objurgat
853 2247 865 2282 :
908 2248 926 2280 ι
962 2228 1193 2283 Cessent
1222 2226 1384 2298 igitur
1418 2227 1843 2297 reprehensores
1872 2224 1957 2280 vel
1987 2224 2156 2279 male-
2189 2283 2195 2289 ,

564 2323 671 2377 voli
702 2322 786 2377 vel
808 2320 1044 2391 imperiti
1068 2319 1273 2374 Christi
1300 2318 1602 2373 Ecclesiam
1633 2318 1984 2390 redarguere,
2009 2318 2155 2388 quod

569 2415 831 2486 Spiritum
861 2422 1110 2468 sanctum
1145 2410 1439 2466 conﬁtetur
1473 2426 1502 2464 a
1533 2409 1691 2465 Patre
1740 2420 1795 2464 et
1838 2408 1976 2464 Filio
2026 2425 2156 2480 pro-

568 2508 783 2562 cedere.
820 2505 933 2559 lloc
973 2503 1262 2574 Evangelia
1294 2503 1517 2566 docent,
1557 2501 1665 2557 hoc
1704 2502 1951 2572 Apostoli
1986 2502 2155 2573 proli-

568 2607 790 2660 tentur,
826 2598 929 2651 hoc
979 2596 1266 2666 pr0pbetac
1311 2610 1421 2649 non
1472 2601 1721 2649 tacent...
1777 2592 2000 2657 Videte,
2047 2611 2156 2664 quo

568 2690 754 2746 tendat
789 2698 969 2743 vestra
1007 2731 1019 2741 .
1058 2728 1071 2741 .
1101 2726 1115 2741 .
1164 2685 1463 2757 professio,
1505 2701 1613 2755 qua
1650 2685 1834 2740 dicitis
1889 2685 2154 2755 Spiritum

567 2791 818 2836 sanctum
848 2796 881 2834 a
910 2778 1067 2833 Patre
1094 2777 1413 2848 procedere,
1445 2790 1554 2830 non
1583 2785 1765 2831 autem
1795 2792 1826 2830 a
1859 2776 2015 2831 Filio.
2042 2775 2157 2831 Hoc

567 2889 671 2928 nec
696 2872 751 2926 in
782 2870 1009 2925 Litteris
1034 2867 1235 2924 divinis
1269 2882 1370 2921 nec
1394 2866 1447 2921 in
1477 2866 1797 2922 ductoribus
1824 2866 2156 2921 ecclesiasti-

569 2965 650 3019 cis
679 2963 972 3034 aliquando
1000 2960 1228 3032 legistis.
1261 2959 1406 3027 Dixit
1438 2958 1657 3029 quidem
1702 2966 1887 3013 sancta
1919 2959 2156 3030 synodus

568 3058 839 3127 Cplitana.
878 3096 892 3110 .
934 3094 948 3109 .
986 3052 1182 3108 Filium
1218 3051 1741 3107 consubstantialem
1784 3066 1907 3107 esse
1944 3051 2151 3117 Patris,

2258 1964 2393 2005 vero
2415 1964 2597 2019 neque
2623 1958 2816 2003 contra
2846 1948 3065 2005 decreta
3099 1948 3198 2003 SS.
3227 1947 3474 2015 Patrum,
3504 1949 3598 2019 qui
3623 1949 3817 2014 Nicaea,

2256 2039 2762 2110 Constantinopoli,
2808 2038 3155 2095 Chalcedone
3207 2038 3291 2094 vel
3334 2039 3568 2094 ubilibet
3601 2040 3815 2095 locorum

2256 2146 2358 2201 pro
2382 2130 2644 2184 ﬁrmanda
2668 2130 2772 2184 fide
2794 2138 3196 2184 convenerunt.
3228 2128 3376 2183 Idem
3418 2129 3593 2194 enim,
3621 2131 3711 2184 sed
3734 2131 3817 2183 ali-

2259 2232 2339 2277 ter
2379 2222 2511 2278 dicit
2556 2221 2891 2293 explanando
2923 2232 2970 2276 et
3002 2223 3399 2292 interpretando
3419 2262 3435 2283 ,
3466 2223 3613 2292 quod
3643 2223 3726 2293 pie.
3749 2223 3815 2276 in-

2259 2316 2423 2383 telligi
2450 2324 2699 2385 oportout
2736 2313 3000 2384 Spiritum
3043 2330 3107 2368 ex
3149 2314 3305 2368 Patre
3339 2314 3638 2383 procedere
3663 2357 3677 2379 ,
3715 2316 3817 2370 sub-

2260 2408 2537 2463 intelleCto
2567 2407 2684 2461 scil.
2706 2407 2866 2469 Filio,
2895 2414 3008 2459 tum
3027 2405 3152 2475 quia
3175 2404 3521 2459 verissimum
3544 2414 3630 2459 est
3672 2404 3815 2475 Spiri-

2261 2510 2375 2555 tum
2426 2518 2489 2556 ex
2535 2499 2674 2555 Filio
2724 2501 3044 2571 procedere,
3096 2512 3211 2556 tum
3264 2502 3389 2573 quia
3429 2504 3588 2557 multi
3636 2519 3666 2557 a
3706 2502 3813 2558 Filio

2259 2593 2437 2663 ipsum
2468 2594 2801 2648 dividebant.
2835 2593 3129 2649 Enimvero
3168 2595 3311 2649 sicut
3355 2590 3676 2665 intelligitur
3717 2595 3813 2649 Filii
3844 2610 3847 2611 '

2258 2700 2380 2740 esse
2413 2684 2685 2754 Spiritus,
2728 2701 2849 2740 cum
2892 2686 3093 2740 dicitur
3130 2702 3251 2743 esse
3292 2687 3490 2752 Patris,
3537 2688 3613 2743 ita
3658 2690 3813 2744 conci-

2257 2778 2494 2847 piendos
2525 2787 2610 2833 est
2651 2794 2714 2832 ex
2746 2778 2882 2832 Filio
2912 2780 3231 2849 procedere,
3264 2796 3387 2834 cum
3429 2780 3576 2837 Deus
3618 2797 3649 2835 a
3686 2781 3813 2837 Patre

2260 2870 2527 2940 procedit.
2562 2912 2574 2923 .
2613 2910 2627 2925 .
2660 2869 2858 2925 Verum
2889 2872 3067 2927 bonus
3098 2871 3289 2927 Pastor
3312 2874 3425 2928 suis
3452 2874 3604 2930 falsis
3630 2876 3814 2945 Opinio-

2259 2963 2421 3017 nibus
2452 2962 2809 3017 consistentia
2840 2971 2897 3017 et
2922 2963 3064 3017 bene
3100 2962 3358 3017 habentia
3388 2964 3633 3019 dimovet
3656 2974 3705 3019 et
3729 2963 3813 3017 La-

2263 3056 2498 3111 tinorum
2515 3055 2571 3110 S.
2599 3055 2892 3110 Ecclesiam
2920 3056 3125 3126 absque
3147 3056 3355 3128 synodo
3380 3070 3480 3126 pro
3500 3057 3617 3111 suis
3640 3056 3774 3110 viriln
3793 3070 3813 3110 ς

572 3148 836 3218 Spiritum
885 3160 1104 3217 quoque
1143 3154 1392 3199 sanctum
1443 3143 1832 3215 procedentem
1880 3158 1909 3196 a
1957 3141 2151 3209 Patre;
2181 3184 2226 3245 ϐ
2260 3148 2607 3211 condemnat,
2651 3157 2949 3218 contraque
2975 3147 3076 3202 SS.
3104 3148 3341 3219 synodos
3371 3157 3669 3219 contraque
3702 3163 3813 3218 apo-

571 3238 817 3309 nunquid
852 3236 1072 3309 negavit
1102 3251 1225 3291 eum
1265 3251 1295 3290 a
1330 3235 1469 3291 Filio
1517 3236 1855 3307 procedere?
1887 3233 1983 3290 Vel
2020 3250 2155 3290 con-
2186 3233 2226 3245 ””
2259 3242 2462 3296 stolica:
2487 3241 2791 3295 sanctitatis
2820 3241 2967 3295 viros
2994 3241 3278 3303 mentitur,
3314 3241 3444 3296 dum
3473 3255 3569 3295 eos
3601 3241 3813 3296 sanxisse

571 3348 809 3401 sequens
840 3342 943 3399 est,
972 3340 1033 3386 ut
1071 3332 1113 3387 si
1147 3329 1395 3401 procedit
1423 3345 1452 3384 a
1484 3329 1666 3395 Patre,
1706 3344 1811 3383 non
1842 3330 2101 3398 procedat
2128 3344 2157 3383 a
2259 3334 2489 3389 allirtnat
2512 3374 2524 3397 ,
2554 3333 2817 3403 Spiritum
2854 3349 2882 3387 a
2919 3331 3097 3398 Patre,
3135 3333 3228 3387 sed
3265 3348 3376 3386 non
3409 3348 3440 3387 a
3476 3332 3612 3387 Filio
3647 3347 3811 3403 proce-

570 3426 746 3481 Filio?
778 3426 968 3480 Potius
1002 3440 1131 3497 ergo
1157 3423 1456 3493 agnoscite,
1483 3424 1527 3479 si
1559 3422 1677 3478 Filii
1707 3423 1872 3479 vultis
1904 3438 2027 3478 esse
2054 3423 2160 3477 Ec-
2261 3428 2409 3483 dere.
2446 3466 2461 3480 .
2494 3468 2506 3481 .
2560 3426 2661 3480 llic
2712 3426 3050 3480 conviciator
3100 3425 3387 3480 edocuisse
3443 3424 3565 3480 illos
3612 3425 3812 3493 asserit,

570 3517 752 3573 desim
796 3528 851 3573 et
898 3518 1121 3572 Patrum
1166 3515 1320 3585 sequi
1354 3515 1684 3577 doctrinam,
1734 3514 1881 3584 quod
1928 3514 2161 3569 dicendo
2261 3518 2405 3589 quod
2436 3517 2673 3572 indicare
2696 3517 2995 3571 orationem
3027 3518 3347 3581 arbitratur,
3372 3517 3492 3572 scil.
3516 3517 3605 3588 qui
3629 3534 3656 3572 a
3682 3518 3812 3574 Patre

571 3623 821 3667 sanctum
847 3612 1142 3667 concilium
1168 3610 1283 3681 Cpli
1307 3611 1594 3665 collectum
1620 3609 1884 3680 Spiritum
1908 3618 2157 3663 sanctum
2260 3610 2370 3664 solo
2400 3610 2663 3680 procedit.
2700 3650 2712 3664 .
2749 3650 2763 3665 .
2798 3610 2917 3663 Non
2951 3610 3092 3663 idem
3122 3609 3432 3681 signiﬁcant
3460 3611 3545 3664 ine
3572 3612 3686 3665 dua:
3710 3626 3814 3664 ora-

570 3703 962 3774 procedentem
983 3718 1012 3756 a
1040 3701 1221 3767 Patre,
1246 3702 1391 3772 quod
1415 3716 1541 3755 eum
1567 3709 1667 3755 eta
1698 3700 1835 3754 Filio
1864 3700 2160 3769 procedere
2263 3704 2437 3759 tiones
2468 3722 2480 3757 :
2512 3702 2614 3768 Qui
2653 3722 2683 3757 a
2720 3702 2881 3757 Patre
2926 3704 3181 3771 procedit,
3218 3712 3271 3757 et
3301 3721 3314 3757 ε
3343 3702 3445 3768 Qui
3472 3721 3504 3756 a
3540 3703 3696 3758 Patre
3719 3705 3812 3757 talo

571 3812 680 3850 non
704 3794 960 3866 negavit;
992 3794 1086 3850 sed
1113 3802 1223 3848 tota
1251 3792 1513 3856 Trinitas,
1543 3808 1668 3847 cum
1700 3793 1774 3847 sit
1799 3794 2160 3848 consubstan-
2260 3796 2514 3865 procedit,
2544 3810 2721 3864 neque
2748 3794 2890 3865 apud
2921 3794 3169 3859 Graecos,
3208 3810 3385 3864 neque
3415 3795 3559 3864 apud
3603 3794 3809 3860 Latinos,

574 3889 718 3944 tialis
749 3897 803 3941 et
832 3887 1003 3941 Filius
1023 3896 1185 3941 natus
1218 3902 1247 3939 a
1279 3885 1461 3949 Patre,
1494 3884 1734 3955 Spiritus
1790 3899 2006 3953 quoque
2034 3901 2160 3938 san-
2260 3901 2439 3955 neque
2485 3901 2654 3955 penes
2688 3896 2956 3951 oratores,
3004 3900 3183 3955 neque
3231 3901 3401 3955 penes
3455 3886 3809 3956 philosophos;

515 3978 525 3985 ’
571 3991 694 4036 ctus
726 3979 1059 4034 sitcharitas
1094 3978 1381 4047 utriusque
1406 4017 1421 4039 ,
1464 3992 1573 4029 non
1613 3976 1785 4047 possit
1816 3978 1907 4047 qui
1930 3993 2159 4049 snegare
2260 3980 2504 4050 profecto
2526 3979 2708 4033 rimari
2734 3978 2951 4048 quidem
2970 3988 3186 4049 oportet
3210 3994 3318 4033 non
3338 3978 3512 4032 solum
3528 3979 3808 4042 dictionem,

574 4073 840 4144 Spiritum
870 4084 1119 4127 sanetum
1150 4087 1180 4126 a
1207 4070 1341 4125 Filio
1369 4070 1665 4140 procedere
1693 4112 1706 4135 ,
1743 4069 1845 4124 nisi
1878 4072 2158 4139 negaverit
2260 4088 2445 4128 verum
2488 4072 2742 4126 dictionis
2774 4070 3153 4125 intentionem.
3180 4070 3323 4124 Sane
3354 4086 3476 4138 qum
3506 4070 3661 4125 dubia
3686 4081 3808 4135 sunt,

572 4167 769 4221 Filium
822 4166 1177 4229 charitatcm,
1231 4180 1338 4235 qua
1395 4162 1570 4235 diligit
1624 4162 1876 4229 Patrem,
1931 4164 2152 4220 habere.

572 4258 728 4325 Quod
757 4258 884 4326 quia
919 4272 1202 4322 vesanum,
1239 4256 1533 4311 tenendum
1569 4255 1794 4311 omnino
1838 4264 1892 4310 et
1924 4256 2155 4310 ﬁdeliter

571 4349 962 4419 proﬁtendum,
991 4348 1114 4419 quia
1142 4348 1300 4402 Pater
1339 4348 1512 4419 diligit
1542 4347 1739 4403 Filium
1776 4356 1832 4404 et
1866 4348 2034 4402 Filius
2067 4349 2155 4402 di-

570 4442 687 4513 ligil.
725 4443 963 4505 Patrem.
997 4451 1052 4496 et
1085 4442 1201 4497 haec
1242 4440 1482 4508 dilectio,
1514 4457 1620 4512 qua
1657 4443 1816 4496 l’ater
1847 4441 2020 4496 diliait
2062 4440 2154 4495 Fi-

575 4639 650 4693 De
680 4656 785 4693 una
824 4638 967 4692 Eccl.
1011 4655 1059 4693 c.
1107 4639 1171 4717 9‘;
1223 4638 1297 4692 De
1336 4655 1479 4720 prae.
1514 4638 1605 4763 Sq.
1640 4637 1696 4695 S.
1734 4656 1782 4695 c.
1827 4640 1861 4694 4
1890 4638 2146 4721 (δεθηῐ,

575 4712 661 4763 74.
713 4710 865 4763 282i:
916 4709 1076 4763 Gretz.
1118 4710 1237 4763 (λοι.
1277 4712 1342 4763 ad
1390 4726 1521 4763 unt).
1603 4727 1783 4763 ranez.
1833 4726 1882 4763 c.
1939 4712 2001 4763 18
2046 4714 2146 4763 (ib.

569 4712 661 4774 74,
713 4710 865 4780 282);
916 4709 1076 4779 Greg.
1118 4710 1237 4780 Cpl.
1277 4712 1342 4763 ad
1390 4711 1521 4778 itnp.
1555 4709 1783 4779 'l'rapez.
1833 4726 1882 4767 c.
1939 4712 2001 4763 18
2046 4712 2146 4778 (ib.

591 4805 624 4837 ι.
667 4779 818 4849 460);
850 4780 1114 4847 aliosque.
1156 4779 1389 4850 Similia
1416 4780 1562 4850 dicit
1592 4781 1845 4850 Cyrillus,
1888 4783 1926 4838 l.
1962 4796 2034 4843 vr,
2081 4782 2148 4836 ad

594 4853 753 4905 lerm.
776 4848 779 4849 ⁷
799 4850 1047 4917 (Beccus,
1075 4850 1246 4920 epigr.
1278 4852 1328 4915 1,
1362 4849 1425 4921 G.
1456 4850 1499 4904 0
1549 4848 1610 4915 Il,
1637 4848 1784 4921 540).

640 4922 752 4991 (62)
794 4921 1054 4991 Nonnulli
1112 4936 1242 4975 vero
1290 4920 1486 4991 eruditi
1518 4936 1644 4991 non
1712 4920 1830 4976 sine
1894 4920 2151 4989 gravibus

569 4990 879 5047 rationibus
933 4990 1341 5046 Theodoretum
1402 4990 1679 5047 vindicant
1743 4992 1812 5045 ab
1881 4993 2147 5061 ejusmodi

569 5076 775 5117 errore.

639 5132 756 5202 (63)
797 5130 930 5186 Illud
954 5132 1017 5202 ἐκ
1045 5129 1139 5184 τοῦ
1168 5128 1300 5184 Υἱοῦ
1337 5131 1529 5199 rejecit
1555 5148 1663 5186 non
1694 5133 1800 5186 alio
1832 5148 2018 5196 sensu,
2044 5131 2147 5187 nisi

568 5200 739 5265 duint
764 5202 864 5273 τῆς
894 5200 1119 5273 πρείιτης
1145 5202 1347 5265 αἰτίας,
1380 5204 1443 5255 ὲκ
1480 5204 1580 5271 τῆς
1623 5203 1798 5273 ἀρχῆς
1828 5219 2151 5273 προκαταρα

569 5273 787 5343 κτικῆς,
821 5270 896 5326 ἰιι
940 5270 1171 5343 βιαιως
1232 5281 1422 5343 auctor
1474 5270 1620 5343 apud
1664 5270 1897 5340 Nicepli‘.
1955 5270 2149 5337 etum,

568 5340 807 5403 oratfi,
845 5340 1466 5413 p.77advertit.llngo
1511 5340 1706 5396 Ethcr.
1750 5343 1788 5396 l.
1834 5359 1917 5405 ιιι,
1965 5359 2015 5397 c.
2056 5344 2147 5407 21,

568 5428 625 5484 p.
650 5413 788 5468 1259
815 5430 827 5466 :
859 5431 877 5464 ι
915 5412 1076 5468 Solus
1100 5428 1247 5484 vero,
1275 5412 1494 5484 inqun,
1523 5413 1887 5467 Damascenns
1911 5413 2151 5468 Joannes

569 5483 837 5539 dissidere
869 5500 899 5537 a
928 5500 1123 5554 magno
1146 5483 1346 5554 Cyrillo
1373 5484 1602 5553 aliisque
1627 5484 1877 5538 Patribus
1910 5486 2148 5547 videtur,

572 5556 617 5609 si
653 5565 834 5609 tamen
862 5554 932 5608 ita
962 5551 1152 5608 scribit
1181 5551 1202 5606 τ’
1235 5551 1492 5622 Spiritum
1513 5551 1596 5608 ea:
1635 5554 1799 5607 Patre
1847 5556 2069 5607 dicimus
2102 5564 2150 5607 et

570 5626 838 5693 Spiritum
862 5624 1042 5678 Patris
1074 5625 1429 5693 nominamus.
1481 5628 1563 5678 Ea:
1622 5624 1762 5677 It’ilio
1803 5636 1979 5678 autent
2026 5625 2150 5693 Spi-

568 5691 730 5749 ritum
752 5712 855 5749 non
877 5696 1120 5757 dicimus,
1145 5691 1404 5762 Spiritum
1432 5712 1550 5748 vero
1591 5696 1715 5748 Filii
1748 5691 2101 5748 nominamus.
2124 5716 2144 5748 ι

572 5765 959 5819 Verumtamen
1003 5774 1052 5818 et
1106 5764 1381 5832 Scriptura
1417 5765 1493 5817 sic
1532 5782 1585 5817 κε
1619 5766 1841 5820 habente
1876 5782 1982 5819 non
2038 5767 2148 5819 dis-

561 5836 754 5892 cordat
780 5837 868 5890 hic
891 5843 1113 5890 sanctus
1146 5850 1173 5888 a
1220 5833 1411 5889 Latina
1455 5836 1717 5901 veritate;
1760 5838 1863 5892 hoc
1908 5837 1975 5891 ad
2015 5851 2149 5890 con-

2181 4531 2231 4590 D

2260 4159 2532 4214 interdum
2564 4176 2661 4229 per
2692 4160 2794 4213 alia
2824 4159 3245 4213 manifestantur
3270 4168 3325 4214 et
3354 4176 3420 4214 ex
3451 4159 3539 4215 his
3566 4177 3679 4231 qua:
3705 4162 3807 4215 alibi

2260 4254 2461 4322 scripta
2494 4262 2640 4307 sunt.
2668 4252 2905 4306 Nothum
2937 4253 3108 4323 (edit.
3135 4253 3349 4323 notum)
3379 4254 3601 4324 quidem
3632 4255 3811 4309 videtur

2260 4343 2469 4399 Latinis
2499 4346 2589 4415 qui
2615 4363 2647 4398 a
2692 4344 2858 4399 Patre
2882 4346 3011 4409 solo,
3042 4345 3272 4400 nothum
3305 4362 3437 4401 vero
3464 4346 3661 4403 Graecis
3685 4350 3760 4418 qui
3784 4366 3809 4399 a

2258 4434 2421 4489 Patre
2447 4445 2495 4489 et
2534 4434 2699 4503 Filio,
2752 4452 2817 4491 eo
2844 4437 2987 4507 quod
3012 4448 3266 4493 neutrum
3302 4439 3356 4493 in
3384 4438 3682 4512 Evangeliis
3701 4440 3810 4495 scri-

2254 4647 2600 4702 suetudinem
2644 4647 2956 4701 Crmcorum
3009 4647 3338 4707 referendo,
3394 4663 3517 4716 qua?
3570 4663 3672 4701 non
3710 4660 3809 4700 esse

2258 4718 2520 4787 Spiritum
2561 4734 2623 4771 ex
2660 4717 2793 4771 Filio
2823 4720 3130 4778 conﬁtetur.
3152 4729 3290 4772 etc.»
3319 4716 3557 4771 Thomas
3580 4716 3809 4786 Aquinas.

2282 4807 2332 4857 p.
2371 4790 2420 4848 1,
2460 4806 2514 4857 q.
2550 4790 2640 4845 56,
2690 4805 2740 4841 a.
2780 4790 2814 4842 ‘2
2859 4792 2923 4842 all
2953 4791 3007 4855 5)
3054 4792 3449 4842 llatnascenum
3504 4787 3811 4842 Nestorianis

2276 4874 2356 4911 iac
2386 4858 2437 4911 in
2469 4874 2524 4929 re
2557 4860 2862 4924 accensuil;
2897 4861 2990 4913 sed
3015 4859 3197 4912 statim
3225 4860 3423 4929 adjecit
3450 4877 3462 4913 :
3489 4879 3507 4910 ι
3529 4858 3770 4925 Quamvis
3788 4871 3811 4908 a

2253 4928 2577 4997 quibusdam
2610 4929 2842 4993 dicatur,
2886 4932 3027 4998 quod
3064 4930 3333 4989 Ilantasc.,
3382 4931 3523 4984 sicut
3553 4946 3659 4982 non
3695 4943 3811 4983 eou-

2254 5000 2438 5052 ﬁtetur
2480 4999 2741 5068 Spiritum
2770 5010 3017 5053 sanctum
3046 5015 3167 5053 esse
3195 5016 3224 5052 a
3251 4999 3407 5062 Filio,
3429 5000 3501 5054 ita
3529 5001 3689 5053 etiam
3718 5012 3809 5050 non

2254 5080 2505 5137 negatex
2537 5069 2587 5121 vi
2621 5069 2911 5123 verborum
2960 5070 3198 5122 illorum.
3233 5090 3251 5120 ι
3302 5071 3407 5124 Sed
3452 5086 3512 5125 re
3556 5071 3666 5138 ipsa
3706 5081 3813 5120 eum

2254 5155 2378 5192 cum
2406 5140 2526 5193 aliis
2554 5139 2803 5192 Patribus
2836 5140 3038 5192 sentire
3067 5149 3221 5193 nstt-n
3248 5142 3366 5210 lunt
3397 5141 3625 5210 Niceph.
3658 5139 3811 5192 Blem.

2254 5210 2317 5271 (Ι.
2346 5224 2394 5262 c.
2421 5225 2471 5263 c.
2514 5210 2605 5269 25,
2644 5226 2697 5279 p.
2740 5211 2808 5264 29
2834 5210 3007 5278 seq.);
3044 5210 3248 5264 Beccus
3281 5209 3366 5280 (ϐ.
3402 5211 3465 5266 0.
3504 5209 3568 5274 ll,
3608 5210 3674 5263 66
3714 5224 3813 5275 seq.

2255 5279 2403 5347 124);
2456 5280 2804 5333 Conslantin.
2856 5280 3098 5334 Meliten.
3148 5279 3296 5335 orat.
3344 5282 3365 5333 1
3412 5282 3510 5348 (ib.
3559 5282 3662 5335 675
3711 5294 3814 5345 seq.

2254 5349 2552 5422 695,695);
2583 5349 2777 5421 Georg.
2808 5350 3143 5422 Trapezunt.
3176 5351 3263 5422 (ad
3301 5350 3354 5406 Ι.
3394 5353 3622 5406 Cubocl.
3648 5366 3695 5404 e.
3722 5349 3815 5422 35;

2254 5420 2329 5475 ib.
2370 5420 2410 5473 1.
2456 5421 2560 5475 494
2593 5419 2756 5489 δθ‹ι.)Ξ
2805 5421 3020 5475 Manuel
3070 5419 3310 5476 Calecas.
3454 5438 3540 5486 ιιι,
3581 5438 3633 5490 p.
3684 5419 3817 5495 45ης

2254 5490 2449 5546 Georg.
2475 5492 2867 5546 Protosvncell.
2902 5492 3055 5546 Anot‘.
3087 5510 3132 5545 c.
3170 5493 3331 5546 Marc.
3409 5492 3496 5546 ah.
3526 5491 3707 5546 tliard.
3735 5488 3817 5541 I.\.

2254 5490 2449 5560 Georg.
2475 5486 2867 5561 Protosj'ncell.
2902 5492 3055 5561 Apot‘.
3087 5510 3132 5545 c.
3170 5493 3331 5547 Marc.
3361 5486 3496 5561 Eph.
3526 5486 3707 5559 (li—ard.
3735 5486 3817 5561 l.\'_.

2253 5556 2717 5629 650);‘Bessarion
2747 5565 2854 5632 (ep.
2883 5556 2958 5616 ad
2981 5564 3130 5616 Alex.
3158 5563 3313 5632 Lasc.
3342 5556 3488 5623 c.'9;
3524 5556 3599 5616 ib.
3625 5556 3820 5632 p.103

2254 5628 2420 5701 seq.l;
2460 5632 2569 5685 Leo
2601 5628 2831 5687 Allatius
2854 5635 2952 5702 (De
2981 5650 3214 5686 συνιείης.
3253 5630 3320 5697 ll,
3350 5633 3408 5698 2,
3445 5628 3694 5700 6-ll,‘p.
3729 5628 3822 5702 if}

2252 5697 2368 5776 seq.
2387 5701 2622 5776 _En_c[tir.
2659 5697 2917 5776 0.4.26,
2943 5706 3058 5775 9.7);
3086 5703 3299 5759 Walch.
3334 5697 3448 5776 (op.
3473 5706 3571 5761 cit.
3594 5697 3753 5770 vc.'9.,§
3771 5697 3823 5763 ’ἰν

2253 5789 2307 5843 p.
2336 5772 2427 5843 Ἡ)
2454 5774 2652 5843 aliique
2684 5774 2923 5845 plurimi.

2666 5938 2707 5953 ..Δ
