4002 6398
565 398 664 466 433i

1711 394 1975 458 ΡΠΟΤΠ
2013 391 2516 456 PATR‘IARCH/E
2556 393 2663 453 CP.

3717 386 3807 450 43?.

572 516 703 572 illud
750 513 973 569 Joannis
1015 513 1256 584 Theologi
1321 522 1700 584 argumentum
1750 512 1958 582 (Coac.
1995 511 2143 565 Flor.
2184 520 2222 573 Α
2254 511 2356 564 nisi
2388 509 2707 580 accipiendo
2758 505 3074 562 essentiam.
3114 492 3142 557 ἰ
3180 504 3317 560 lline
3372 502 3593 573 quando
3635 503 3813 562 dicitur

569 623 709 666 sess.
739 624 893 671 ,xvm
918 606 1081 662 Hard.
1117 605 1204 671 IX,
1243 607 1342 662 195
1381 623 1499 674 seq.
1531 609 1548 676 )
1585 623 1598 659 :
1641 624 1660 658 ι
1696 604 1738 659 Α
1765 620 1876 675 quo
1913 604 2149 674 Spiritus

569 710 792 756 sanctus
819 699 1021 769 accipit
1057 714 1179 755 esse
1209 699 1264 753 in
1291 697 1514 763 divmis,
1552 697 1620 752 ab
1660 712 1726 752 eo
1757 696 1923 751 etiam
1954 710 2147 766 proce-

570 793 682 858 dit;
708 792 911 847 dicitur
940 800 1122 846 autem
1149 789 1386 860 Spiritus
1411 798 1635 842 sanctus
1675 788 1926 857 accipere
1955 801 2076 842 esse
2119 801 2150 840 a

571 879 741 944 Filio;
775 895 906 951 ergo
947 888 1002 934 et
1031 893 1062 933 a
1098 877 1237 932 Filio
1281 877 1527 946 procedit
1557 875 1696 948 (68).
1741 894 1761 927 ι
1804 894 1823 928 ι
1861 874 2014 940 Quod
2053 890 2152 927 au-

575 985 683 1029 tem
732 971 883 1046 [I70]
932 970 1153 1040 accipit,
1203 989 1222 1021 ι
1271 969 1348 1023 ait
1396 968 1682 1024 Bessarion
1714 967 1844 1037 (ep.
1885 966 1953 1021 ad
1999 965 2152 1020 Alex.

575 1066 728 1119 Lasc.
752 1079 802 1119 e.
835 1064 887 1129 7,
929 1063 1005 1117 ib.
1039 1061 1197 1124 1067,
1228 1061 1415 1130 1068),
1447 1080 1465 1114 ι
1495 1071 1580 1116 est
1603 1061 1722 1131 ejus
1747 1059 1988 1115 essentia
2014 1076 2028 1124 ;
2052 1073 2155 1112 nec

575 1160 720 1213 enim
768 1165 854 1212 est
903 1154 1050 1211 aliud
1099 1154 1238 1224 ipse,
1293 1151 1442 1208 aliud
1495 1153 1616 1222 ejus
1661 1151 1973 1206 essentia...
2029 1165 2154 1204 eum

574 1265 787 1306 summe
816 1248 1048 1318 simplex
1080 1247 1150 1302 sit
1170 1286 1184 1310 ,
1213 1245 1505 1301 essentiam
1541 1260 1693 1299 suam
1728 1253 1784 1298 et
1813 1258 1935 1298 esse
1961 1241 2159 1312 accipit

572 1358 636 1396 ex
679 1340 832 1395 Filio.
864 1357 884 1390 ι
917 1337 1052 1393 llinc
1079 1335 1333 1392 catholici
1365 1335 1601 1405 theologi
1628 1348 1696 1389 ex
1725 1333 1818 1387 illo
1843 1341 1992 1388 textu
2024 1331 2159 1386 mul-

574 1433 778 1503 tiplicia
817 1431 1115 1485 desumunt
1143 1435 1488 1498 argumenta.

643 1524 698 1578 9.
737 1521 857 1577 iam
890 1533 1022 1574 vero
1069 1516 1295 1572 Photius
1341 1531 1451 1582 prae
1477 1514 1692 1570 caeteris
1722 1515 1777 1568 in
1811 1526 1879 1566 eo
1920 1511 2159 1575 insistit,

575 1612 718 1684 quod
759 1610 1012 1665 Christus
1047 1624 1156 1662 non
1197 1606 1398 1662 dixerit
1431 1605 1488 1672 ἐξ
1523 1604 1657 1675 ἐμοῦ
1680 1645 1694 1670 ,
1722 1605 1865 1674 quod
1907 1605 2010 1659 hoc
2039 1618 2162 1674 per-

577 1720 764 1776 peram
793 1702 1106 1756 Latinorum
1152 1699 1376 1754 inducat
1407 1695 1804 1766 interpretatio,
1838 1694 1984 1764 quod
2032 1693 2161 1746 illud

579 1799 644 1850 ἐκ
677 1794 774 1848 τοῦ
805 1793 943 1864 ἐμοῦ
994 1806 1285 1862 personam
1321 1788 1503 1859 potius
1545 1787 1720 1843 Patris
1769 1786 1981 1848 innuat,
2027 1773 2164 1840 adeo

2253 604 2514 669 Spiritum
2573 599 2792 655 nonnisi
2825 614 2889 652 ea
2933 597 3102 667 loqui,
3131 611 3254 666 quae
3293 595 3520 660 audivit,
3556 595 3702 650 sicut
3741 597 3814 652 Fi-

2252 696 2356 749 lius
2387 693 2607 748 nonnisi
2650 709 2682 748 a
2710 691 2869 747 Patre
2913 690 3097 746 audita
3131 689 3390 759 loquitur,
3426 687 3620 743 eadem
3650 703 3816 743 essen-

2254 792 2398 847 tialis
2423 790 2653 845 scientia
2685 788 3026 858 intelligitur.
3065 805 3085 838 ι
3128 785 3304 850 idem,
3333 783 3410 838 ait
3441 781 3697 838 Petavius
3724 784 3819 852 (De

2255 882 2399 938 Trin.
2428 882 2543 944 VII,
2582 883 2636 945 5,
2672 881 2737 951 4)
2785 881 2852 935 ad
2905 888 3111 934 textum
3159 876 3319 932 Joan.
3371 893 3484 938 xvi,
3517 877 3606 938 15,
3644 876 3701 928 in
3727 874 3820 930 Deo

2255 975 2444 1028 audire
2473 974 2617 1044 quod
2650 973 2837 1027 videre
2863 970 2946 1024 vel
2974 969 3150 1035 scire;
3186 967 3330 1022 idem
3360 966 3500 1021 scire
3528 964 3677 1035 quod
3697 979 3815 1025 esse.

2266 1073 2328 1118 ut
2362 1073 2417 1119 et
2453 1063 2793 1134 Augustinus
2823 1069 2980 1115 tract.
3019 1061 3076 1115 in
3131 1059 3291 1114 Joan.
3353 1073 3510 1122 mn,
3574 1056 3664 1120 19,
3717 1058 3817 1125 plo-

2257 1158 2410 1213 ribus
2440 1157 2674 1212 disserit.
2716 1176 2736 1209 ι
2769 1156 2848 1225 ll)
2896 1154 2973 1208 Eu
3019 1152 3248 1208 arbitrio
3284 1150 3518 1205 conficta
3559 1156 3616 1202 et
3669 1149 3819 1202 nulla-

2261 1261 2418 1306 tenus
2442 1249 2776 1305 admitteoda
2803 1259 2887 1303 est
2915 1248 3001 1301 illa
3032 1245 3409 1315 interpretatio
3439 1262 3452 1297 :
3488 1245 3554 1296 ἑκ
3583 1243 3682 1322 τεῦ
3709 1243 3821 1310 ἐμοῦ

2261 1343 2513 1412 Πατρός.
2557 1361 2576 1393 ε
2615 1340 2670 1394 Si
2709 1349 2857 1395 esset
2891 1343 3005 1394 haec
3044 1353 3168 1393 vera
3201 1335 3556 1406 intelligentia
3581 1375 3596 1399 ,
3632 1335 3706 1387 ait
3730 1334 3820 1387 Ma-

2261 1434 2389 1488 nuel
2419 1434 2641 1488 Caleeas
2697 1431 2829 1504 (lib.
2866 1447 2904 1496 ι,
2948 1429 3007 1486 C.
3059 1429 3226 1485 Grato.
3269 1444 3323 1498 p.
3367 1427 3494 1491 597,
3549 1429 3640 1480 ed.
3691 1427 3819 1493 cit.),

2265 1539 2612 1593 nequaquam
2650 1523 2766 1577 sine
2817 1522 3188 1576 additamento
3218 1520 3512 1574 diceretur.
3559 1517 3820 1586 Nunquam

2265 1617 2410 1671 enim
2434 1616 2738 1686 possessiva
2762 1613 3086 1684 pronomina
3133 1612 3420 1668 masculini
3466 1611 3551 1665 vel
3598 1610 3821 1664 feminini

2273 1708 2494 1778 generis
2538 1707 2657 1762 sine
2699 1707 3004 1778 adjectione
3038 1705 3238 1760 Graeca:
3281 1706 3480 1775 linguae
3517 1703 3821 1772 proprietate

2269 1802 2641 1872 proferuntur.
2661 1801 2898 1856 Dicimus
2914 1801 3058 1854 enim
3082 1817 3094 1853 :
3116 1801 3174 1851 Ὀ
3192 1799 3322 1868 ἐμὸς
3341 1797 3525 1868 πατὴρ
3551 1797 3648 1852 καὶ
3679 1798 3709 1866 ἠ
3736 1796 3821 1864 ἐμὴ

581 1895 643 1940 ιιι
673 1901 894 1940 sensum
945 1883 1181 1938 habeat:
1216 1882 1280 1933 ὲκ
1313 1880 1406 1933 τοῦ
1437 1878 1572 1949 ἐμοῦ
1625 1877 1869 1947 Πατρός.
1903 1877 2028 1947 (Cf.
2071 1893 2168 1946 po—

2274 1893 2421 1947 olxlat
2452 1892 2600 1964 [172]
2635 1893 2668 1962 ἢ
2705 1893 2878 1955 πόλις.
2902 1881 2979 1945 lta
3015 1892 3218 1962 quippe
3253 1889 3456 1946 Graecm
3479 1891 3680 1959 lingua:
3712 1907 3819 1944 con-

583 1978 858 2033 tissimum
889 1990 1049 2043 capp.
1080 1972 1172 2035 22).,
1200 1971 1290 2038 29,
1319 1970 1444 2041 50).
1476 1969 1582 2023 Sed
1611 1969 1674 2041 ι)
1707 1967 1844 2022 falso
1879 1968 2158 2038 supponit,

585 2068 806 2124 Latinos
853 2062 1079 2132 astringi
1135 2060 1198 2115 ad
1233 2059 1396 2115 verba
1447 2056 1650 2111 Christi
1696 2055 1953 2110 mutanda
2005 2055 2060 2108 in
2103 2055 2164 2119 ἐξ

583 2156 751 2228 ἐμοῦ,
783 2171 906 2210 cum
947 2168 1138 2208 omnes
1169 2158 1384 2206 vertant
1411 2163 1521 2202 non
1573 2149 1634 2201 de
1667 2164 1766 2210 me,
1792 2147 1888 2202 sed
1930 2148 1993 2201 de
2026 2162 2159 2208 meo,

583 2251 636 2305 id
673 2259 777 2310 cst,
827 2247 892 2301 de
923 2261 1009 2311 eo,
1032 2245 1175 2315 quod
1209 2242 1383 2298 habeo
1405 2256 1436 2294 a
1461 2240 1624 2294 Patre
1660 2248 1971 2310 acceptum,
2002 2238 2070 2294 de
2099 2254 2163 2293 eo

583 2343 728 2413 quod
775 2357 957 2396 meum
1008 2348 1114 2394 est.
1165 2337 1276 2391 lmo
1306 2336 1546 2390 fatentur
1592 2333 1768 2386 Latini
1817 2331 1932 2386 fere
1974 2347 2166 2387 omnes

584 2431 898 2488 immediate
943 2430 1010 2484 de
1057 2428 1285 2484 scientia
1314 2442 1378 2480 ac
1406 2424 1654 2480 doctrina
1679 2438 1989 2477 sermonem
2022 2437 2164 2486 esse,

583 2542 688 2587 nec
730 2531 1036 2595 repugnant
1086 2521 1475 2594 Chrysostamo
1528 2518 1714 2588 (hom.
1752 2515 1818 2570 '78
1876 2515 1929 2569 in
1967 2514 2166 2584 Joan.)

586 2614 966 2688 interpretanti
997 2629 1011 2667 :
1037 2612 1174 2684 Παρ⁹
1224 2609 1385 2681 ἐμοῦ,
1418 2609 1668 2662 τουτέστι
1708 2605 1861 2680 παρὰ
1898 2609 1998 2678 τῆς
2026 2605 2170 2677 ἐμῆς

593 2709 850 2780 γνώσεως
883 2706 1020 2776 (69).
1053 2704 1161 2759 Sed
1200 2703 1328 2757 inde
1365 2702 1487 2774 jure
1523 2715 1623 2754 suo
1651 2688 1912 2768 colligunt
1950 2711 2169 2768 proces-

593 2806 804 2858 sionem
851 2817 914 2855 ex
950 2799 1105 2853 Filio.
1152 2797 1418 2851 Observat
1447 2784 1741 2864 Gregorius
1775 2791 1894 2860 Cpl.
1933 2790 1986 2844 in
2017 2790 2169 2860 Apol.

587 2904 769 2950 contra
817 2892 1059 2947 Marcum
1117 2887 1311 2956 Ephes.
1353 2886 1464 2956 (70)
1516 2883 1762 2940 adductis
1803 2881 2171 2953 Chrysostomi

586 2986 772 3041 verbis
803 3001 816 3038 :
852 3002 870 3035 ‹
904 2980 1022 3037 Non
1072 2990 1157 3034 est
1187 2977 1413 3034 scientia
1446 2977 1568 3032 Filii
1616 2975 1783 3041 aliud,
1825 2973 1972 3028 aliud
2005 2971 2172 3026 Filius

588 3080 727 3148 ipse.
761 3075 818 3130 Si
842 3075 989 3130 enim
1017 3075 1133 3144 ipse
1158 3079 1305 3126 esset
1333 3069 1500 3132 aliud,
1528 3077 1583 3123 et
1604 3067 1750 3121 aliud
1774 3077 1971 3136 praeter
1993 3063 2171 3134 ipsum

588 3168 816 3224 scientia
857 3181 980 3236 qua:
1014 3165 1070 3218 in
1121 3179 1187 3219 eo
1236 3172 1350 3228 est,
1405 3161 1743 3230 compositus
1790 3159 1930 3213 foret
1975 3164 2031 3212 et
2061 3170 2172 3210 non

590 3260 838 3330 simplex.
951 3256 1243 3319 Praeterea,
1283 3262 1342 3309 ut
1376 3253 1450 3308 ait
1485 3229 1747 3322 Georgius
1773 3248 2171 3318 Trapezuntius
2200 3229 2244 3288 (ἶ

591 3353 667 3421 (ι.
709 3368 759 3423 e.
797 3367 851 3419 p.
889 3347 1049 3419 544),
1104 3347 1151 3402 si
1194 3345 1318 3416 quis
1366 3342 1717 3399 afﬁrmaret-it
1761 3341 2010 3411 accipere
2051 3339 2170 3410 qui-

590 3443 714 3497 dem
755 3441 1094 3495 Paracletum
1136 3453 1167 3493 a
1211 3436 1347 3492 Filio
1385 3449 1726 3506 quaecunque
1761 3432 1976 3488 Sanctis
2016 3447 2172 3486 reve~

591 3539 798 3590 laturus
835 3541 984 3597 erat,
1028 3547 1138 3586 non
1170 3545 1301 3588 vero
1351 3530 1528 3599 ipsum
1592 3543 1731 3591 esse,
1785 3525 1949 3596 impia
2013 3525 2172 3593 plane

589 3629 824 3684 cll'utiet.
885 3646 905 3682 ι
943 3624 1178 3680 Habebit
1214 3623 1360 3678 enim
1410 3622 1561 3694 1171]
1594 3620 1798 3690 aliquid
1845 3619 2168 3689 acquisitum

591 3717 921 3790 (ὲπὶκτητόν
973 3717 1069 3786 τι)
1111 3713 1424 3768 Paracletus
1477 3722 1532 3765 et
1580 3712 1659 3764 sic
1699 3726 1809 3764 non
1856 3709 1962 3764 erit
2010 3724 2172 3762 verus

591 3814 752 3869 Deus.
798 3811 1152 3878 Quaecunque
1195 3807 1340 3862 enim
1400 3807 1545 3859 Deus
1594 3803 1870 3873 possidet,
1935 3802 2000 3854 ab
2056 3801 2171 3870 ipsa

545 3907 561 3923 ’
589 3906 897 3962 aeternitate
919 3903 1181 3973 possidet.
1211 3919 1228 3952 ι
1255 3900 1362 3964 Nil,
1383 3899 1538 3954 aiunt
1563 3897 1748 3952 Patres
1769 3896 1912 3968 (Ἠ),
1933 3894 2172 3965 Spiritus

591 4007 815 4053 sanctus
835 3996 1001 4058 habet
1026 3993 1385 4049 adventitium
1404 4033 1419 4057 ,
1443 3992 1518 4046 nil
1553 3991 1901 4060 postmodum
1929 3988 2170 4059 acquisi-

595 4103 737 4156 tum,
779 4091 876 4146 sed
922 4089 1105 4144 omnia
1145 4087 1310 4142 habet
1338 4087 1407 4142 ab
1456 4094 1680 4140 a2teruo.
1730 4084 1887 4140 Unde
1931 4083 2171 4138 Joannes

594 4183 924 4253 Theologus,
953 4196 1091 4236 sess.
1119 4195 1236 4245 ιιι,
1277 4195 1415 4234 conc
1454 4179 1600 4234 Flor.
1648 4178 1844 4248 (llard.
1884 4177 1922 4232 l.
1952 4192 2000 4231 ε.
2033 4176 2161 4240 256,

592 4277 732 4346 9.57)
756 4293 769 4330 :
799 4294 818 4328 ι
855 4274 1035 4330 Omne
1063 4273 1206 4344 quod
1248 4271 1480 4344 Spiritus
1503 4281 1732 4326 sanctus
1755 4270 1967 4340 accepit
1994 4279 2048 4324 et
2075 4284 2168 4323 ac-

579 4368 730 4440 cipit
758 4377 812 4422 et
837 4367 1095 4437 accipiet,
1123 4366 1178 4420 id
1205 4365 1535 4420 {eternaliter
1578 4363 1770 4425 habet;
1819 4373 1872 4416 et
1903 4362 2045 4431 quod
2082 4361 2169 4413 Fi-

595 4462 700 4515 lius
733 4459 885 4514 audit
921 4473 953 4512 a
977 4457 1156 4521 Patre,
1188 4457 1332 4512 idem
1364 4468 1448 4511 est
1470 4455 1612 4525 quod
1645 4454 1903 4519 scicntia;
1940 4452 2168 4507 scientia

595 4567 724 4605 vero
751 4551 806 4604 in
834 4548 1033 4604 divinis
1076 4548 1218 4602 idem
1247 4555 1331 4601 est
1374 4546 1518 4616 quod
1550 4560 1672 4599 esse
1701 4545 1832 4615 (Ἠ).
1874 4562 1891 4594 ι
1925 4542 2170 4596 Breviter
2199 4583 2250 4642 Β

596 4643 823 4697 Allatius
852 4643 1090 4712 (Contra
1122 4639 1361 4711 IIotting.
1394 4654 1445 4694 c.
1481 4637 1566 4699 -l8,
1599 4653 1651 4706 ι».
1673 4636 1852 4707 295):
1888 4653 1906 4685 ‹
1942 4633 2020 4688 Ne
2046 4632 2170 4703 Spi-

594 4735 734 4788 ritus
759 4740 985 4787 sanctus
1014 4730 1374 4784 fiatereatura
1449 4744 1556 4782 non
1594 4727 1824 4796 accipiet
1869 4725 2173 4785 scientiam,

593 4885 654 4937 τὸ
683 4881 822 5005 sigon.
843 4882 1121 4954 λαμϐάνον
1160 4881 1222 4934 ἐκ
1245 4895 1387 4942 τινος
1418 4877 1477 4944 ἐξ
1508 4879 1716 4932 ἐκείνου
1747 4879 1858 4949 ἔχει
1888 4879 1984 4931 καὶ
2014 4879 2174 4932 πάνθ’

593 4973 692 5005 ocra
753 4971 856 5005 νει.

592 4973 692 5007 οσα
724 4971 856 5007 εγει.

666 4973 692 5006 κ
724 4973 747 5005 ε
787 4973 856 5006 ει.

666 4973 785 5102 (iis);
808 5022 1240 5102 Propositionern
1270 5020 1570 5102 majorem:
1603 5019 1720 5102 ’.μ’
1771 5013 1930 5102 adeo
1954 5018 2091 5072 [1νεῦ
2100 5036 2176 5102 μοι

595 5097 655 5149 τὸ
675 5086 838 5162 ’ἆγὶον
861 5086 1129 5161 λαῖμὸἅνει
1155 5092 1216 5144 τὸ
1243 5086 1405 5154 εἶναι,
1430 5091 1538 5162 ἀπὸ
1556 5089 1748 5162 τούτευ
1773 5094 1866 5162 καὶ
1883 5086 2176 5162 ἐκπορεύε-

591 5180 704 5230 ται,
735 5159 838 5216 uec
871 5159 1084 5218 blarcus
1103 5162 1374 5231 Ephesius
1399 5160 1616 5231 penitus
1644 5160 1831 5224 rejeeit
1859 5176 1872 5222 ;
1907 5159 2171 5231 minorem

594 5250 725 5289 vero
746 5233 814 5288 ab
847 5233 965 5303 ipso
985 5229 1236 5304 negatam
1272 5229 1568 5286 luculentis
1597 5229 1816 5283 Patrum
1845 5229 2172 5283 testimoniis

591 5306 832 5360 Joannes
856 5303 1247 5373 comprobavit.

662 5375 774 5447 (69)
811 5374 894 5428 Cf.
935 5368 1194 5447 Perroue,
1230 5371 1485 5447 Prwlert.
1535 5369 1717 5447 the_ol._
1746 5368 1926 5447 'l‘ract.
1969 5370 2038 5447 fle
2065 5369 2166 5424 SS.

593 5441 902 5515 Triufcap.
931 5445 996 5506 5,
1043 5444 1374 5515 prop.l,_ad
1433 5444 1547 5512 ob].
1601 5442 1650 5504 l,
1687 5442 1740 5505 5,
1786 5442 1875 5495 ubi
1910 5441 2072 5494 etiam
2104 5447 2171 5496 de

593 5512 878 5571 hialdonati
912 5512 1183 5570 sententia
1212 5512 1410 5582 agitur.

660 5589 774 5656 (70)
807 5586 943 5642 Cod.
980 5586 1188 5640 Monac.
1214 5580 1282 5656 27
1307 5586 1344 5637 l'.
1506 5599 1556 5637 a.
1584 5581 1698 5656 Οὼς
1729 5581 1874 5656 ἔστιν
1967 5580 2171 5656 γνῶσις

590 5653 684 5711 τοῦ
726 5658 856 5710 Υἱοῦ
891 5657 1028 5726 ἄλλη
1048 5657 1142 5708 καὶ
1170 5653 1326 5726 ἄλλος
1353 5657 1380 5707 ὁ
1405 5655 1619 5726 ΥἱὸςΜί
1649 5653 1835 5726 εὶλγᾲρ
1872 5655 2036 5726 αὐτὸς
2071 5655 2170 5726 μὲν

593 5727 780 5797 ἕτερόν
809 5726 862 5779 τί
894 5723 1065 5797 eam»,
1098 5726 1260 5792 ἑτέρα
1286 5725 1343 5778 δέ
1369 5723 1816 5797 τιςίπα-ρξαρτὸν
1856 5725 1887 5794 ἡ
1934 5724 1992 5774 ἐν
2021 5723 2171 5792 add)

591 5792 812 5866 γνῶσις,
845 5795 1102 5866 σύνθετός
1129 5797 1264 5858 ἐστι,
1301 5799 1395 5848 καὶ
1425 5796 1520 5864 οὑχ
1546 5792 1770 5866 ἁπλοζις,

664 5869 771 5938 (7|)
809 5866 968 5921 Basil.
1007 5865 1080 5920 De
1121 5866 1308 5934 Spirit.
1331 5863 1531 5932 sancto,
1567 5865 1710 5934 apud
1734 5863 1961 5933 Niceph.
1993 5863 2161 5918 Dicm.

2263 1987 2497 2042 suetudo
2530 1985 2774 2055 proferre
2800 1985 3107 2040 consuevit.
3133 1985 3281 2039 Alias
3309 1985 3456 2038 enim
3482 1984 3680 2038 vitiosa
3702 1997 3819 2039 es<rt

2264 2078 2658 2149 pronuntiatio.
2718 2076 2852 2131 Cum
2907 2092 3038 2131 vero
3091 2076 3212 2129 sine
3253 2076 3562 2143 adiectione
3625 2075 3818 2134 dicitur,

2265 2177 2506 2222 neutrum
2539 2182 2660 2222 esse
2683 2176 2738 2221 et
2767 2184 2874 2220 rem
2908 2165 3212 2236 significare
3238 2165 3580 2234 intelligitur,
3608 2165 3818 2232 exempli

2267 2275 2430 2314 causa
2462 2279 2476 2314 :
2510 2260 2578 2312 Εἴ
2617 2277 2669 2312 τι
2718 2260 2815 2312 καὶ
2856 2259 3058 2328 τούμόν
3103 2261 3220 2311 ἐστι
3281 2259 3430 2325 παρὰ
3492 2274 3598 2320 σοι,
3647 2256 3688 2311 si
3716 2257 3818 2326 quid

2266 2367 2448 2406 meum
2481 2359 2566 2406 est
2606 2352 2748 2421 apud
2782 2361 2865 2416 te,
2898 2351 3042 2421 quod
3086 2366 3182 2421 per
3223 2366 3284 2404 so
3332 2367 3444 2404 rem
3482 2349 3703 2420 intelligi
3729 2349 3818 2402 dat.

2267 2445 2470 2500 Eodem
2511 2455 2668 2513 pacto
2705 2445 2991 2500 Bessarion
3033 2444 3112 2513 (I.
3151 2445 3241 2510 c.)
3278 2461 3290 2497 :
3336 2461 3354 2493 ι
3391 2442 3446 2495 Si
3480 2457 3606 2497 cum
3653 2443 3821 2496 dicitur

2267 2554 2332 2591 ea:
2359 2553 2495 2601 meo,
2545 2537 3061 2608 subintelligendum
3089 2545 3234 2590 esset
3262 2552 3328 2589 ex
3376 2535 3569 2600 Patre,
3602 2535 3703 2588 hoc
3733 2551 3823 2586 meo

2268 2635 2415 2680 esset
2445 2641 2742 2695 pronomen
2792 2625 3009 2696 generis
3051 2626 3376 2691 masculini;
3431 2625 3616 2679 nullus
3668 2637 3821 2678 autem

2269 2718 2355 2772 vel
2385 2717 2440 2771 in
2478 2717 2665 2773 Grteca
2704 2719 2788 2772 vel
2818 2717 2872 2771 in
2912 2717 3101 2772 Latina
3131 2719 3314 2786 lingua
3354 2719 3580 2772 edoctus
3612 2726 3705 2771 aut
3731 2733 3819 2769 ma-

2273 2809 2464 2864 sculini
2487 2819 2581 2864 aut
2619 2809 2865 2864 feminini
2887 2808 3103 2881 generis
3140 2825 3443 2880 pronomen
3478 2808 3713 2878 profert,
3740 2807 3824 2859 nisi

2272 2917 2397 2955 cum
2424 2901 2702 2956 additione
2738 2920 2749 2954 :
2785 2919 2931 2956 meus
2959 2902 3149 2970 frater,
3183 2918 3328 2955 meus
3357 2902 3593 2964 amicus,
3623 2909 3710 2953 aut
3730 2916 3824 2952 utro

2275 2991 2455 3046 civitas
2485 2991 2570 3046 vel
2601 2993 2785 3046 domus
2805 3033 2822 3058 ,
2870 2993 3084 3047 dicens.
3118 2993 3266 3047 Meus
3299 2991 3505 3047 etenim
3540 2990 3826 3060 simpliciter

2274 3084 2479 3153 absque
2509 3084 2787 3139 additione
2833 3100 2942 3138 non
2974 3084 3144 3152 magis
3191 3093 3399 3152 patrem
3451 3099 3614 3152 quant
3646 3084 3826 3137 hostiam

2275 3173 2562 3244 signiﬁcat.
2603 3193 2622 3226 ι
2657 3173 2748 3244 ill)
2781 3173 2891 3229 Nec
2919 3174 3053 3228 illud
3077 3189 3264 3229 verum
3295 3173 3526 3244 proinde
3552 3183 3655 3238 est,
3676 3174 3734 3224 ὲκ
3751 3171 3828 3224 τοῦ

2279 3263 2414 3333 ἐμοῦ
2445 3264 2578 3318 duas
2627 3279 2888 3333 personas
2939 3265 3238 3326 insinuare,
3294 3280 3526 3333 quarum
3575 3264 3738 3318 altera
3775 3264 3830 3316 sit

2280 3355 2586 3426 possidens,
2630 3357 2799 3410 altera
2841 3357 2958 3427 ipsa
3005 3356 3274 3425 possessio
3302 3357 3382 3426 (c.
3411 3357 3483 3410 22
3501 3356 3541 3427 ).
3579 3356 3692 3410 Non
3733 3357 3830 3410 sine

2278 3446 2529 3502 acumine
2572 3447 2727 3518 Hugo
2771 3447 3100 3502 Etherianus
3133 3447 3206 3517 (Ι.
3241 3464 3301 3510 ιι,
3341 3462 3391 3501 c.
3444 3447 3531 3509 l9,
3583 3463 3635 3516 p.
3687 3447 3829 3512 liii)

2282 3541 2408 3594 hinc
2438 3539 2692 3595 Photium
2723 3540 2920 3595 refellit
2963 3541 3153 3596 dicens
3186 3560 3200 3595 :
3241 3560 3260 3592 ‹
3298 3541 3447 3595 Idem
3497 3540 3737 3593 Salvator
3761 3539 3830 3592 di-

2279 3633 2353 3688 cit
2379 3649 2394 3686 :
2426 3632 2544 3686 Non
2570 3649 2782 3702 possunt
2811 3649 2903 3703 ego
2929 3651 2962 3686 a
2996 3650 3078 3687 me
3110 3635 3222 3700 ipso
3253 3634 3426 3704 facere
3451 3634 3755 3705 quidquam.
3776 3668 3789 3682 .
3818 3672 3828 3682 .

2284 3727 2410 3795 quia
2439 3741 2541 3778 nou
2572 3742 2751 3793 quaero
2780 3725 3110 3780 voluntatem
3143 3743 3337 3779 meam.
3370 3725 3438 3780 Et
3471 3740 3684 3779 rursum
3714 3722 3832 3776 :De-

2278 3816 2455 3870 scrndi
2508 3817 2571 3870 de
2620 3815 2768 3880 caelo,
2799 3833 2903 3869 nou
2935 3825 2989 3868 ul
3039 3817 3234 3886 facium
3285 3815 3609 3868 voluntatem
3654 3827 3832 3874 meum;

2278 3915 2334 3961 et
2363 3906 2492 3961 item
2521 3921 2533 3957 :
2561 3910 2682 3961 Mea
2728 3908 2966 3962 doctrina
3015 3924 3115 3960 nou
3145 3917 3219 3960 est
3257 3924 3392 3960 utea.
3425 3908 3496 3960 At
3527 3922 3657 3960 vero
3686 3906 3727 3959 si
3762 3919 3833 3958 se»

2278 3999 2519 4054 cundum
2568 3999 2901 4068 positionem
2953 3997 3132 4055 Photii
3163 3998 3493 4054 Patriarehze
3528 4016 3696 4054 meum
3730 4011 3834 4067 pro-

2279 4107 2480 4146 nomen
2521 4092 2720 4162 ubique
2761 4092 2897 4147 duas
2933 4106 3202 4161 personas
3255 4092 3525 4163 signiﬁcat
3550 4132 3567 4158 ,
3605 4093 3836 4146 voluntas

2278 4183 2397 4237 Filii
2447 4183 2547 4236 alia
2581 4184 2650 4238 sit
2686 4199 2715 4237 a
2743 4183 2876 4238 Filio
2907 4199 3163 4253 persona.
3199 4226 3213 4240 .
3248 4234 3264 4249 ,
3293 4183 3474 4250 Quare
3501 4200 3610 4240 non
3642 4194 3722 4240 est
3753 4199 3836 4236 ne-

2279 4276 2598 4338 cessarium,
2627 4292 2798 4329 meum
2829 4291 3132 4346 pronomen
3157 4275 3356 4346 ubique
3393 4275 3530 4332 duas
3557 4277 3837 4347 signiﬁcare

2281 4383 2561 4438 personas,
2586 4383 2709 4421 cum
2731 4377 2787 4422 et
2809 4368 3035 4438 ﬁgurate
3061 4368 3129 4422 de
3155 4368 3343 4423 eadem
3367 4383 3602 4439 persona
3623 4370 3834 4426 dicatur,

2280 4466 2339 4512 ut
2371 4459 2589 4513 Persius
2619 4458 2834 4529 (Satyr.
2867 4459 2932 4522 V,
2968 4458 3072 4528 88)
3101 4450 3231 4513 dicit
3258 4478 3276 4513 :

2429 4588 2669 4643 Vindicta
2696 4600 2971 4660 postquam
2997 4605 3152 4645 meus
3178 4607 3210 4643 a
3241 4600 3467 4660 prwlore
3502 4592 3688 4645 recessi

2279 4742 2335 4786 et
2372 4730 2662 4800 Euripides
2691 4746 2702 4781 :
2735 4749 2750 4780 ι
2791 4729 2902 4800 Ego
2936 4738 3117 4784 autem
3153 4746 3296 4782 ηιειιε
3327 4745 3471 4784 sum.
3508 4749 3528 4781 ι
3565 4729 3840 4784 Attendere

2277 4895 2331 4941 et
2365 4885 2598 4940 Beccum
2652 4884 2824 4954 epigr.
2882 4885 2966 4938 l3.
3022 4883 3107 4954 (G.
3159 4881 3222 4938 0.
3259 4883 3297 4949 Ι,
3330 4884 3429 4945 15ς
3470 4882 3531 4948 ΙΙ,
3563 4882 3683 4948 656)
3708 4898 3738 4954 :7
3781 4881 3844 4954 Τὸ

2279 4957 2504 5026 Πνεῦμα
2533 4953 2694 5008 οὐδὲν
2722 4957 2844 5026 ἔχον
2867 4953 3360 5026 Ῠὲστὶνὲπζκτῃτονῗ
3382 4954 3564 5026 ἑαυτῴ
3582 4993 3598 5015 ,
3627 4953 3741 5026 de?
3767 4953 3843 5004 ἀϊ-

2275 5027 2386 5091 ὂιος
2421 5023 2598 5078 ἀπάντα
2621 5025 2731 5093 ἔχει
2754 5023 2835 5080 ὡς
2863 5025 3082 5092 Πνεῦμα
3109 5023 3244 5076 Θεοῦ
3279 5025 3373 5076 καὶ
3404 5025 3461 5089 ἐξ
3486 5023 3650 5077 αὑτοῦ
3679 5039 3846 5090 negor}-

2277 5098 2387 5160 νός.
2420 5095 2502 5150 Cf.
2527 5095 2745 5165 gAthan.
2776 5095 2868 5164 (ib.
2895 5095 3066 5165 epigr.
3093 5097 3146 5156 8,
3183 5095 3397 5162 p.585).
3475 5163 3484 5165 Α
3691 5132 3707 5145 .

2354 5167 2462 5237 (72)
2505 5163 2726 5237 Ἐπειδὴ
2745 5161 2849 5217 πᾶν
2870 5161 3012 5237 (⁸5τέερ
3024 5165 3198 5237 ἔλαϐε
3230 5167 3321 5217 καὶ
3342 5161 3619 5237 λαμϐάνει
3639 5161 3729 5237 te}!
3759 5161 3846 5237 λήτ-

2273 5231 2456 5307 ψεοὲαε,
2494 5237 2676 5307 ἀῖδλεως
2704 5231 2836 5307 ἔχει,
2863 5231 3049 5307 ἐπειδὴ
3077 5237 3108 5304 ή
3140 5231 3684 5307 ἀκρόᾳσιξτοῦᾼΐὶοῦ
3707 5231 3846 5307 τεαρά

2274 5302 2369 5359 ’ἑοῦ
2419 5305 2633 5374 Πατρὸς
2689 5302 2885 5358 τᾶὐτόν
2934 5302 3050 5358 ἐστὶ
3083 5302 3178 5359 uati.
3213 5306 3435 5374 γνῶσις,
3467 5304 3562 5357 καί
3595 5308 3625 5374 ἠ
3657 5302 3847 5374 rvebat;

2273 5378 2367 5429 ἐπὶ
2393 5377 2501 5429 τῶν
2525 5372 2684 5428 θείων
2712 5376 2906 5428 ταύτόν
2927 5378 3048 5428 ἐστι
3081 5377 3158 5445 τῷ
3189 5373 3348 5430 εἶναι.
3380 5375 3466 5430 Cf.
3499 5372 3688 5429 Bessar
3736 5372 3768 5422 Ι.
3801 5387 3845 5445 c.

2281 5467 2297 5498 ι
2330 5448 2472 5501 idem
2493 5455 2576 5501 est
2605 5447 2875 5514 sapientia
2924 5460 2977 5499 et
3027 5444 3145 5514 ejus
3167 5462 3308 5509 esse,
3343 5457 3397 5500 et
3435 5462 3466 5499 a
3513 5461 3621 5515 quo
3663 5444 3850 5515 accipit

2273 5519 2502 5578 esse,ab
2532 5511 2723 5587 eodem
2751 5517 2913 5569 etiam
2933 5511 3498 5587 accipitsapientiam,
3533 5511 3719 5587 etcum
3750 5511 3847 5581 spi-

2273 5598 2445 5650 ratur,
2471 5596 2527 5641 et
2561 5586 2759 5654 accipit
2778 5602 2898 5640 esse
2929 5597 2983 5640 et
3015 5585 3336 5648 subsistere,
3361 5588 3532 5641 etiam
3549 5585 3740 5652 accipit.
3769 5601 3849 5633 sa-

2273 5660 2535 5728 pientiam
2557 5695 2572 5711 .
2593 5695 2608 5728 τ
2631 5697 2649 5728 .ν
2681 5653 2742 5710 Si
2775 5656 3009 5725 Spiritus
3029 5659 3226 5727 accipit
3259 5673 3287 5710 a
3316 5657 3480 5723 Filio,
3527 5672 3652 5725 ergo
3694 5653 3852 5728 bilius

2271 5723 2364 5800 dat
2393 5729 2442 5783 ci
2467 5745 2480 5794 ;
2513 5727 2608 5800 sed
2642 5723 2970 5796 ipsum'dare
2999 5729 3052 5782 in
3085 5723 3284 5784 divinis
3309 5728 3562 5800 personis
3593 5723 3850 5796 signiﬁcat

2271 5799 2412 5856 idem
2443 5798 2583 5870 quod
2612 5801 2914 5867 producere.
2958 5817 2978 5849 ι
