4002 6406
177 433 271 500 433

845 439 940 512 DE
986 440 1049 500 S.
1094 437 1289 499 SPIR.
1331 433 1840 498 MYSTAGOGIA.
1868 459 1935 469 -
1965 436 2720 500 ANIMADVERSIONES.

3314 433 3446 508 ,134

176 549 444 609 debuisset
475 550 642 607 homo
671 551 791 616 ille.
824 553 972 622 quod
1002 553 1159 608 aliter
1185 555 1328 624 apud
1361 551 1756 606 Grammaticos
1787 553 1830 611 Δ
1861 565 2024 606 causa
2081 551 2220 605 nihil
2278 552 2346 607 de
2396 552 2517 606 Filii
2564 551 2829 622 dignitate
2891 552 3165 615 excludit,
3224 553 3330 607 nisi
3390 557 3445 610 in

177 643 430 714 accipitur
454 660 710 714 persona,
751 655 807 700 et
849 647 1009 701 aliter
1037 647 1181 715 apud
1209 646 1508 717 Theologos.
1534 645 1752 700 Etenim

177 737 227 790 in
265 734 626 792 Grammatica
667 739 910 808 quwtibet
942 757 1024 794 res
1058 755 1283 810 persona
1316 740 1614 809 nuncupari
1659 756 1756 809 p0-

179 837 282 890 test,
339 827 458 882 sive
505 844 605 899 per
646 845 706 884 se
762 831 1061 897 subsistat,
1112 831 1227 886 sive
1278 843 1373 902 per
1407 831 1589 899 aliud,
1641 831 1756 887 sive

178 915 466 974 substantia
499 921 567 975 sit
597 961 612 985 ,
655 921 771 978 sive
802 923 1080 979 accidens.
1112 921 1292 989 Quare
1326 925 1626 979 secundum
1653 923 1758 977 hu-

175 1011 404 1081 iusmodi
429 1011 795 1084 disciplinam,
828 1031 952 1071 cum
1004 1015 1173 1072 Filius
1201 1017 1332 1072 dicit
1363 1034 1376 1070 :
1410 1033 1527 1071 mea
1559 1017 1758 1071 volun-
1785 1041 1799 1056 ι

180 1111 286 1168 tas,
315 1121 492 1158 meum
520 1105 809 1176 judicium,
843 1124 959 1162 mea
1005 1108 1253 1164 doctrina
1288 1150 1300 1162 .
1338 1151 1349 1163 .
1388 1148 1403 1163 .
1430 1109 1535 1163 alia
1566 1116 1620 1162 ct
1651 1107 1756 1162 alia

180 1195 492 1266 intelligitur
523 1198 594 1251 ad
641 1199 1040 1254 simiiitndinem
1091 1202 1470 1271 possessionum
1525 1211 1756 1270 persena

183 1286 289 1353 (sc.
321 1275 680 1355 grammatice
700 1289 737 1352 ).
795 1289 854 1342 In
891 1290 1160 1362 theologia
1204 1306 1334 1345 vero
1397 1290 1577 1346 tacitis
1625 1305 1755 1361 pro-

182 1376 493 1444 prietatibus
533 1377 600 1432 ab
643 1379 899 1435 omnibus
933 1395 1056 1451 quae
1103 1381 1403 1437 secundum
1433 1379 1582 1454 [175]
1626 1381 1756 1436 sub-

183 1471 425 1526 stantiam
482 1470 761 1536 dicuntur,
815 1479 926 1528 tres
966 1482 1178 1528 tantum
1226 1475 1570 1528 insinuantur
1633 1473 1755 1544 (ed.

171 1563 604 1634 'hnminuantur)
662 1579 943 1634 personat,
1004 1581 1235 1636 quarum
1288 1567 1435 1620 nulla
1504 1581 1760 1636 expresse

183 1654 391 1726 intelligi
425 1654 657 1718 videtur,
690 1656 781 1710 ubi
807 1655 1056 1712 Salvator
1085 1658 1218 1712 dicit
1254 1675 1266 1712 :
1300 1658 1378 1712 De
1405 1675 1517 1713 meo
1539 1659 1760 1729 accipiet

184 1755 227 1801 et
252 1747 587 1800 annantiabit
618 1747 780 1802 vobis.
823 1767 841 1799 1
877 1747 1147 1804 Praeterea
1179 1748 1246 1804 ιν
1271 1749 1288 1820 )
1317 1751 1638 1806 adversatur
1671 1750 1758 1804 illa

184 1837 433 1907 expositio
478 1836 684 1893 Christi
724 1839 896 1910 ipsius
939 1841 1331 1910 explanationi,
1372 1857 1478 1912 qua
1510 1857 1563 1896 ν.
1600 1842 1668 1896 15
1695 1855 1758 1896 ex

185 1944 244 1982 co
273 1929 459 1999 probat
491 1929 552 1983 τὸ
587 1930 651 1984 ἐκ
677 1931 772 1984 τοῦ
805 1931 940 2002 ἐμοῦ
961 1932 1190 2003 λήψεται
1222 1943 1350 1988 ante
1381 1951 1410 1988 a
1443 1950 1501 1989 se
1523 1934 1763 1990 afﬁrma-

187 2027 308 2080 tum,
355 2020 481 2090 quia
522 2023 703 2076 omnia
746 2039 868 2094 qua:
904 2025 1069 2080 habet
1113 2024 1274 2080 Pater
1303 2040 1399 2080 sua
1433 2035 1583 2081 sunt.
1639 2023 1764 2084 llaec

189 2112 365 2166 ultima
408 2113 575 2167 verba
625 2114 778 2183 juxta
853 2131 1046 2171 omnes
1099 2117 1354 2172 essentia;
1406 2118 1671 2173 unitatem
1709 2118 1765 2174 in

187 2203 332 2260 Patre
381 2216 439 2261 et
484 2204 619 2260 Filio
651 2209 919 2277 probant;
956 2210 1084 2265 hinc
1135 2210 1266 2270 illud
1313 2211 1457 2282 quod
1509 2213 1765 2281 accipere

188 2299 372 2352 dicitur
405 2298 668 2370 Spiritus,
700 2302 990 2357 manifeste
1037 2313 1188 2372 patet
1214 2320 1335 2358 esse
1361 2304 1535 2374 ipsam
1566 2303 1768 2358 divini-

189 2398 366 2454 tatem,
404 2406 516 2445 non
565 2392 711 2447 aliud
747 2392 1066 2464 quidquam.
1104 2395 1338 2461 Deinde,
1381 2405 1440 2451 ut
1477 2395 1766 2451 Bessarion

190 2481 258 2542 (1.
285 2481 369 2552 c.)
399 2483 498 2548 ait,
529 2500 595 2539 ex
626 2483 785 2540 Joan.
820 2502 932 2548 xw,
965 2486 1052 2553 15,
1089 2487 1192 2542 hoc
1233 2489 1573 2544 construitur
1603 2499 1765 2562 argu-

191 2584 423 2630 mentum
452 2595 466 2632 :
505 2596 523 2629 1
561 2577 798 2646 Spiritus
828 2579 1025 2648 accipit
1054 2595 1120 2634 ex
1149 2579 1216 2633 iis
1239 2596 1360 2651 qua:
1397 2580 1572 2636 Patris
1603 2591 1766 2648 sunt;

195 2667 288 2722 sed
317 2670 490 2723 omnia
535 2669 712 2725 Patris
746 2679 873 2726 sunt
919 2688 1076 2740 mea;
1111 2672 1272 2744 igitur
1305 2673 1542 2743 Spiritus
1573 2673 1772 2744 accipit

193 2777 255 2813 ex
291 2761 420 2814 meis
450 2762 526 2815 vel
568 2779 630 2816 ex
677 2780 818 2817 meo.
863 2763 931 2818 Et
980 2750 1096 2817 cum
1137 2765 1246 2832 ipse
1289 2773 1336 2817 et
1391 2781 1488 2818 sua
1529 2780 1689 2817 unum
1721 2772 1771 2816 et

193 2852 320 2906 idem
348 2853 681 2922 sintpropter
708 2871 975 2908 summam
1005 2855 1434 2924 simplicitatem,
1465 2854 1772 2925 accipiendo

189 2947 248 2999 de
281 2947 402 3011 suis,
433 2948 652 3016 accipiet
694 2963 759 3002 ea:
795 2965 874 3002 ea.
921 2967 940 3001 1
976 2947 1156 3002 Semel
1189 2947 1510 3011 constituto,
1543 2948 1611 3003 de
1656 2947 1772 3018 ipsa

190 3038 358 3094 divina
391 3041 631 3094 essentia
673 3057 795 3097 esse
845 3057 1180 3106 sermonem,
1227 3058 1338 3096 non
1388 3043 1626 3112 amplius
1676 3057 1775 3097 ne-

189 3129 290 3200 gari
326 3140 522 3199 potest,
554 3131 825 3202 Spiritum
858 3133 1002 3187 hanc
1031 3133 1274 3204 accipere
1297 3149 1328 3187 a
1357 3131 1514 3187 Filio.
1549 3132 1607 3188 Si
1644 3149 1775 3190 vero

1858 652 2129 713 quantum
2159 645 2369 699 dictum
2403 653 2488 700 est
2519 663 2533 700 :
2563 643 2754 700 Omnia
2787 661 2904 714 qua:
2939 646 3092 699 habet
3117 645 3303 710 Pater,
3330 664 3446 701 mea

1856 746 1978 790 sunt
2000 753 2018 791 :
2052 737 2198 806 quod
2235 739 2399 791 etiam
2430 739 2542 792 sine
2564 754 2623 792 eo
2651 740 2788 808 quod
2820 739 3055 803 sequitur
3081 738 3250 792 solum
3276 755 3369 807 per
3394 755 3449 792 se

1858 831 2031 899 ipsum
2051 831 2156 884 dici
2183 839 2413 900 poterat.
2445 849 2464 882 1
2501 830 2647 886 Sane
2676 830 2860 887 inanis
2889 831 3031 886 foret
3067 845 3130 886 ea
3170 832 3446 902 repetitio,

1861 921 2042 977 inanis
2081 937 2145 976 ea
2189 924 2472 992 probatio,
2525 923 2567 978 si
2621 932 2832 978 tantum
2881 924 3054 980 voluit
3105 923 3334 980 dicere:
3369 926 3446 980 De

1863 1030 1986 1068 meo
2016 1013 2186 1070 Patre
2203 1023 2382 1070 sumet
2403 1057 2417 1080 ,
2449 1031 2561 1070 non
2595 1017 2662 1072 de
2693 1033 2802 1072 me.
2831 1017 3020 1073 Potius
3044 1018 3338 1074 dicendum
3369 1019 3449 1072 vi-

1863 1111 2043 1176 detur,
2102 1110 2230 1166 dum
2279 1110 2532 1166 Christus
2563 1127 2622 1166 se
2663 1112 2830 1167 veluti
2883 1113 3122 1168 medium
3153 1113 3449 1167 terminum

1861 1203 2016 1273 ponit
2065 1203 2210 1258 inter
2244 1203 2460 1258 Patrem
2518 1212 2574 1258 et
2626 1203 2927 1274 Spiritum.
2981 1203 3111 1258 dum
3157 1221 3257 1274 per
3291 1220 3448 1259 suam

1860 1310 1987 1349 cum
2009 1293 2167 1350 Patre
2191 1296 2635 1350 communionem
2660 1297 2802 1367 quod
2818 1297 3012 1352 asserit
3036 1297 3302 1361 vindicat,
3319 1297 3449 1352 dum

1861 1403 1981 1456 que
2016 1387 2252 1459 accipiet
2279 1389 2521 1460 Spiritus
2551 1405 2650 1444 sua
2678 1391 2832 1460 prius
2861 1399 3018 1445 vocat
3056 1406 3120 1445 ac
3143 1391 3345 1445 deinde
3379 1390 3444 1444 ad

1865 1481 2077 1536 Patrem
2111 1482 2299 1547 refert,
2333 1498 2392 1537 se
2421 1482 2602 1552 ipsum
2632 1482 2941 1552 proximum
2975 1483 3220 1538 datorem
3256 1497 3450 1539 eorum

1863 1571 2204 1644 designasse.
2251 1573 2510 1639 Accedit,
2540 1575 2684 1643 quod
2719 1575 3046 1630 universalis
3075 1575 3276 1630 Christi
3322 1592 3452 1645 pro-

1863 1661 2066 1734 positio
2113 1663 2292 1716 πάντα
2333 1663 2433 1715 ὅσα
2477 1679 2531 1716 κ.
2567 1681 2618 1716 τ.
2677 1662 2727 1717 λ.
2763 1679 2871 1717 non
2909 1665 3178 1734 permittit
3213 1664 3452 1736 Spiritus

1864 1754 2136 1825 προϐολὴν
2177 1769 2207 1808 a
2261 1753 2398 1809 Filio
2429 1769 2710 1809 removere
2737 1755 2872 1826 (75).
2944 1777 2962 1808 ι
2997 1755 3154 1822 Quod
3201 1757 3247 1811 si
3307 1757 3454 1812 acci—

1868 1847 2096 1918 picndo,
2149 1847 2225 1900 ait
2260 1844 2414 1916 llugo
2461 1843 2894 1918 Etherianus(l.
2945 1848 3069 1917 c.),
3105 1847 3174 1902 de
3220 1848 3284 1902 iis
3332 1865 3455 1918 mue

1867 1946 1994 1994 sunt
2020 1937 2197 1993 Patris
2231 1948 2284 1993 et
2316 1938 2480 1992 habet
2510 1938 2688 2004 Pater,
2727 1939 2924 2006 accipit
2957 1939 3023 1993 de
3057 1940 3250 2004 Patre,
3282 1947 3338 1994 et
3367 1955 3456 1994 ac-

1865 2032 2120 2103 cipiendo
2149 2031 2217 2086 de
2242 2030 2309 2084 iis
2336 2046 2457 2100 qua:
2496 2039 2627 2085 Sunt
2648 2029 2767 2084 Filii
2795 2041 2848 2085 et
2875 2030 3041 2085 habet
3071 2030 3272 2096 Filius,
3309 2029 3456 2085 acci-

1865 2124 1948 2195 pit
1967 2124 2034 2178 de
2057 2121 2214 2178 Filio.
2246 2121 2594 2176 Manifestum
2621 2128 2704 2175 est
2733 2121 2898 2191 igitur
2944 2121 3088 2192 quod
3112 2137 3221 2175 non
3252 2120 3318 2176 de
3340 2120 3457 2175 solo

1868 2215 2026 2270 Patre
2049 2215 2250 2286 accipit
2271 2214 2531 2285 Spiritus,
2557 2223 2616 2268 ut
2638 2213 2866 2268 Photius
2882 2215 3099 2269 asserit.
3122 2253 3136 2267 .
3165 2254 3177 2267 .
3199 2213 3256 2269 Si
3285 2213 3455 2268 emis-

1869 2323 1961 2363 sor
1985 2307 2222 2378 Spiritus
2246 2323 2356 2360 non
2381 2306 2434 2360 in
2461 2321 2528 2360 eo
2553 2306 2697 2376 quod
2723 2315 2947 2377 general
2975 2307 3278 2361 secundum
3306 2314 3461 2359 natu-

1869 2416 1983 2457 ram
2008 2409 2091 2454 est
2120 2400 2304 2463 Pater,
2329 2396 2501 2452 Filius
2533 2413 2666 2452 vero
2697 2397 2956 2463 minimc,
2989 2397 3266 2466 quomodo
3296 2413 3462 2452 verax

1870 2493 1974 2548 erit
1998 2492 2248 2548 Salvator
2277 2507 2532 2546 asserens
2564 2507 2581 2545 :
2614 2490 2738 2562 Ideo
2767 2491 2879 2544 dixi
2909 2490 3069 2555 vobis,
3103 2491 3227 2560 quia
3261 2496 3324 2542 de
3346 2505 3460 2542 meo

1872 2585 2115 2654 accipiet,
2142 2584 2268 2655 quia
2296 2583 2473 2637 omnia
2502 2599 2618 2653 qua:
2635 2582 2788 2636 habet
2814 2580 3000 2647 Pater,
3027 2598 3143 2635 mea
3166 2589 3284 2635 sunt
3304 2583 3330 2634 ἶ)
3353 2579 3462 2635 Aut

1872 2675 2020 2730 enim
2065 2673 2291 2728 habebit
2341 2673 2644 2728 secundum
2690 2679 2963 2735 naturam,
3000 2679 3060 2726 ut
3098 2669 3168 2724 sit
3205 2669 3457 2732 emissor,

1873 2767 2019 2838 quod
2065 2765 2241 2821 Patris
2286 2781 2398 2818 non
2437 2773 2496 2818 ut
2527 2763 2792 2836 genitoris
2821 2774 2936 2827 est,
2971 2773 3066 2817 aut
3096 2762 3140 2816 si
3175 2777 3283 2815 non
3320 2761 3458 2826 hoc,

1872 2855 2050 2912 Patris
2095 2855 2317 2925 quidem
2353 2861 2515 2916 sunt,
2545 2867 2669 2922 quae
2697 2853 2972 2907 exsistunt
3006 2853 3148 2918 Filii,
3187 2868 3306 2920 quia
3340 2868 3462 2906 vero

1873 2959 1994 3004 sunt
2023 2947 2221 3010 Patris,
2246 2950 2348 2999 non
2380 2946 2641 3016 pertinent
2665 2946 2736 2998 ad
2753 2945 2964 2998 Filiam.
2997 2943 3176 3011 Quare
3205 2944 3248 2999 si
3278 2945 3461 2997 omnia

1875 3061 1996 3114 quae
2045 3051 2174 3098 sunt
2224 3039 2375 3112 [I15]
2431 3038 2607 3092 Patris
2640 3038 2789 3108 (non
2844 3047 2904 3090 ut
2957 3036 3258 3106 genitoris)
3293 3035 3464 3090 habet

1877 3136 2078 3200 Filius,
2101 3133 2361 3189 emittere
2395 3141 2578 3188 autem
2615 3132 2878 3203 Spiritum
2923 3128 3095 3184 Patris
3125 3145 3232 3184 non
3265 3136 3325 3184 ut
3366 3145 3461 3194 ge-

191 3220 416 3289 Spiritus
460 3236 490 3274 a
525 3220 663 3276 Filio
691 3219 912 3293 accipit,
953 3223 1123 3278 Filius
1159 3223 1207 3277 ei
1249 3223 1341 3278 dat
1375 3222 1490 3278 sive
1529 3238 1778 3278 commu-
1803 3252 1846 3312 ρ
1880 3228 2078 3283 nitoris
2105 3236 2210 3292 est,
2244 3228 2344 3283 hoc
2372 3227 2566 3281 abesse
2592 3241 2700 3279 non
2729 3234 2902 3295 potest
2928 3239 2956 3278 a
2991 3223 3148 3278 Filio.
3184 3242 3202 3275 1
3243 3221 3357 3277 lloc
3379 3230 3464 3277 est

188 3310 326 3363 nicat
366 3311 701 3376 essentiam;
738 3311 868 3366 dare
909 3328 1040 3367 vero
1085 3312 1138 3366 in
1171 3312 1370 3367 divinis
1399 3313 1543 3368 idem
1595 3322 1681 3368 est
1709 3329 1773 3369 ac

187 3402 514 3473 producere,
541 3411 600 3456 nt
627 3403 767 3458 idem
801 3403 1088 3459 Bessarion
1124 3403 1268 3475 (ib.)
1303 3403 1674 3474 Chrysostomi
1716 3404 1770 3460 in

188 3495 338 3550 Joan.
395 3513 467 3563 ν,
522 3497 594 3550 ‘22
640 3497 899 3568 sull'ragio
951 3497 1260 3552 confirmat.
1333 3497 1560 3552 Etiamsi
1611 3497 1776 3570 igitur

189 3589 356 3656 quoad
405 3589 572 3643 verba
621 3605 733 3642 non
779 3599 865 3643 est
903 3589 1089 3643 idem:
1122 3588 1384 3659 Spiritum
1442 3590 1692 3659 accipere
1743 3605 1774 3645 a

191 3679 316 3736 Filio
349 3695 407 3737 et
437 3683 734 3752 procedere
764 3699 794 3737 a
823 3681 960 3738 Filio
1000 3683 1193 3752 (Phot.
1240 3697 1290 3737 e.
1329 3683 1391 3736 2i
1418 3683 1458 3754 ),
1490 3700 1548 3738 re
1595 3693 1774 3738 tamen

192 3781 300 3848 ipsa
329 3780 473 3835 idem
512 3791 632 3845 est,
682 3781 808 3851 quia
851 3782 1089 3851 accipere
1120 3781 1172 3835 in
1219 3780 1428 3851 Spiritu
1463 3791 1519 3836 et
1546 3782 1677 3835 dare
1719 3781 1773 3835 in

194 3871 318 3928 Filio
345 3881 478 3927 sunt
509 3874 834 3928 correlativa
864 3883 920 3928 et
947 3873 1184 3944 Spiritus
1215 3883 1273 3928 ut
1305 3873 1448 3930 Deus
1477 3875 1555 3928 nil
1581 3883 1777 3945 praeter

190 3965 524 4019 divinitatem
591 3965 841 4035 accipere
883 3966 952 4020 ab
1002 3981 1070 4020 eo
1123 3974 1324 4036 potest.
1374 3965 1671 4038 Conjungit
1718 3981 1777 4020 se

190 4054 438 4110 Christus
460 4072 584 4110 cum
604 4055 784 4121 Patre,
809 4057 875 4112 ad
907 4072 1060 4112 suam
1091 4074 1214 4111 cum
1245 4057 1405 4112 Patre
1429 4058 1775 4114 communio-

192 4163 309 4201 nem
353 4149 626 4213 recurrit,
659 4165 722 4205 ex
754 4166 862 4220 quo
916 4159 1112 4206 cuncta
1162 4151 1358 4216 habet;
1411 4167 1513 4205 nec
1561 4159 1782 4220 separat

189 4256 278 4294 sna
308 4241 380 4294 ab
412 4241 479 4294 iis
507 4257 630 4310 quae
662 4251 792 4295 sunt
823 4241 1034 4306 Patris,
1066 4241 1176 4296 imo
1215 4242 1404 4296 eadem
1443 4257 1564 4296 esse
1591 4250 1780 4296 osten-

189 4331 282 4385 dit.
307 4333 564 4387 Absurde
594 4349 810 4387 rursum
840 4334 1068 4389 Photius
1103 4333 1175 4401 (c.
1208 4334 1300 4402 25)
1330 4334 1486 4403 quasi
1513 4333 1624 4387 duo
1651 4347 1784 4388 con-

190 4427 348 4480 traria
390 4428 614 4483 exhibet
650 4444 664 4480 :
708 4427 1006 4498 procedere
1039 4443 1068 4482 a
1101 4426 1264 4481 Patre
1304 4437 1359 4481 et
1401 4427 1702 4496 procedere
1751 4442 1782 4481 a

187 4517 356 4581 Filio;
401 4520 555 4590 prius
602 4521 848 4591 poterius
890 4536 1000 4575 non
1051 4519 1324 4583 excludit,
1375 4519 1469 4574 sed
1519 4517 1782 4588 includit;

1877 3323 2045 3387 illud,
2085 3323 2154 3378 de
2185 3337 2294 3391 quo
2338 3336 2504 3390 supra
2533 3318 2596 3390 (§
2623 3319 2694 3386 9.)
2748 3319 2989 3390 egimus,
3027 3324 3409 3388 argumentum
3447 3335 3458 3370 :

1878 3420 2011 3486 Qua:
2035 3416 2201 3472 habet
2231 3415 2286 3468 in
2317 3413 2520 3468 divinis
2560 3412 2722 3467 Pater
2757 3420 2981 3480 excepta
3016 3411 3344 3480 paternitate
3381 3413 3466 3480 (et

1879 3505 2334 3572 innascibilitate)
2378 3502 2692 3558 communia
2734 3511 2863 3555 sunt
2911 3501 3088 3555 eidem
3119 3515 3243 3555 cum
3291 3499 3462 3564 Filio;

1877 3613 2008 3669 ergo
2050 3596 2133 3651 vis
2161 3593 2449 3664 Spiratrix,
2482 3607 2605 3662 qua;
2634 3600 2719 3647 est
2748 3608 2776 3646 a
2810 3591 3142 3662 paternitate
3171 3590 3188 3659 (ί
3206 3599 3258 3644 et
3288 3606 3316 3644 a
3362 3605 3468 3644 ra-

1881 3691 2029 3745 tione
2073 3687 2337 3759 ingeniti)
2365 3685 2624 3742 distincta
2644 3726 2659 3750 ,
2692 3693 2776 3739 est
2809 3683 2949 3738 Filio
2973 3697 3100 3736 cum
3127 3679 3289 3736 Patre
3315 3697 3466 3736 com-

1880 3782 2084 3838 munis.
2125 3781 2187 3836 lu
2217 3779 2419 3835 divinis
2444 3781 2598 3849 juxta
2639 3776 2958 3833 Ansclmum
2995 3775 3108 3844 (De
3149 3776 3278 3842 inc.,
3310 3790 3360 3830 c.
3398 3776 3464 3840 ὃς

1878 3861 1960 3931 De
1987 3891 2132 3945 prec.
2168 3873 2358 3941 Spir-it.
2408 3880 2578 3925 sanct.
2617 3886 2665 3925 c.
2701 3868 2808 3940 2),
2852 3869 3037 3924 omnia
3087 3878 3217 3922 sunt
3260 3885 3465 3930 unum,

1879 3971 1972 4024 uhi
2023 3984 2134 4023 non
2176 3967 2364 4022 obviat
2403 3962 2684 4021 relationis
2716 3962 3009 4034 oppositio.
3045 3961 3131 4018 Cf.
3167 3962 3355 4016 Pctav.
3397 3960 3470 4013 De

1881 4061 2022 4115 Trin.
2055 4075 2156 4122 vn,
2187 4059 2243 4124 9,
2276 4057 2363 4111 11.

1953 4151 2042 4207 10.
2084 4149 2316 4205 Demum
2344 4147 2420 4219 V)
2451 4149 2774 4204 adversatur
2805 4145 2982 4202 Photii
3027 4145 3298 4214 expositio
3339 4145 3471 4216 ipsis

1881 4246 2086 4301 Graecis
2119 4243 2406 4308 Patribus,
2435 4257 2667 4312 quorum
2714 4241 2981 4296 doetrinte
3016 4255 3075 4294 se
3117 4239 3469 4294 tenacissime

1885 4333 2219 4388 inhaesurum
2238 4348 2454 4403 semper
2476 4339 2832 4402 protestetur.
2869 4329 2924 4384 ld
2951 4329 3086 4384 satis
3113 4339 3310 4400 praeter
3335 4330 3472 4384 alios

1888 4425 2107 4480 Ilanuel
2148 4426 2373 4479 Caleeas
2397 4432 2452 4478 et
2483 4423 2774 4479 Bessarion
2800 4437 2904 4478 nec
2931 4422 3116 4477 minus
3161 4422 3472 4477 luculenter

1887 4521 2096 4574 Beccus
2132 4516 2210 4583 (1.
2243 4531 2326 4578 111,
2376 4515 2444 4571 ad
2491 4513 2772 4571 Theodor.
2807 4531 2864 4570 n.
2903 4514 3006 4579 10;
3039 4514 3103 4570 (ἱ.
3141 4517 3206 4568 0.
3237 4513 3302 4578 ll,
3347 4515 3472 4578 141,

191 4627 290 4666 nec
328 4613 604 4682 posterior
630 4612 1225 4694 mystagogia'priorem
1257 4611 1659 4667 institutionem
1685 4611 1784 4666 tol-
1813 4605 1856 4664 D
1889 4612 1992 4667 M5
2038 4618 2094 4665 et
2154 4610 2212 4664 in
2266 4608 2598 4679 Epigraph.)
2651 4617 2814 4678 atque
2875 4608 3111 4663 Allatius
3162 4605 3472 4675 (Enc/ririd.

188 4706 274 4768 lit,
308 4707 426 4761 imo
471 4721 600 4761 vero
658 4705 948 4760 confirmat
989 4703 1221 4759 :Omnia
1256 4719 1378 4774 qua:
1423 4712 1553 4758 sunt
1598 4703 1777 4758 Patris

188 4813 301 4851 mea
331 4807 484 4852 sum.
514 4797 686 4852 Recte
716 4796 930 4851 Manuel
959 4795 1184 4851 Calecas
1218 4796 1291 4866 (1.
1325 4796 1416 4863 c.)
1500 4814 1517 4846 ι
1551 4793 1607 4850 Si
1634 4795 1781 4850 enim

187 4886 426 4955 Spiritus
453 4901 484 4940 a
513 4884 652 4940 Filio
681 4886 911 4956 accipit,
943 4885 1121 4940 Patris
1146 4894 1331 4939 autem
1355 4884 1539 4939 omnia
1565 4892 1621 4938 et
1641 4882 1780 4938 Filio

187 4977 504 5032 communia
558 4986 723 5042 sunt,
777 4978 1128 5032 manifestum
1178 4985 1232 5030 et
1269 4993 1338 5031 ex
1386 4976 1474 5032 his
1517 4977 1782 5032 insinuari

189 5069 389 5125 Filium
420 5086 591 5126 unum
622 5085 746 5126 cum
775 5069 936 5125 Patre
966 5069 1134 5125 Deum
1162 5068 1315 5142 [174]
1333 5084 1453 5124 esse
1475 5111 1489 5136 ,
1518 5067 1780 5140 Spiritum

188 5172 374 5218 autem
430 5179 618 5219 verum
686 5162 858 5218 Deum
907 5180 976 5218 ex
1024 5162 1203 5218 Patris
1256 5173 1312 5218 et
1365 5160 1485 5216 Filii
1541 5163 1780 5218 essentia

187 5254 522 5310 denuntiari.
562 5251 734 5308 Porro
765 5255 948 5310 dicere
987 5271 1001 5308 :
1030 5253 1221 5310 Omnia
1255 5269 1369 5324 qua;
1407 5253 1566 5307 habet
1591 5252 1777 5320 Pater,

189 5361 302 5400 mea
325 5356 492 5410 sunt;
511 5347 626 5400 ideo
664 5345 780 5416 (διὰ
810 5343 1003 5414 τοῦτο)
1040 5346 1152 5398 dixi
1179 5346 1330 5399 vobis
1353 5361 1372 5398 :
1403 5347 1528 5416 quia
1565 5347 1628 5399 de
1667 5362 1781 5400 meo

186 5439 435 5508 accipiet,
459 5446 596 5504 etc.;
631 5445 728 5492 aut
760 5436 898 5491 nihil
932 5435 1204 5509 signiﬁcat
1231 5445 1325 5490 ant
1358 5453 1468 5491 non
1513 5437 1782 5508 significat

188 5533 540 5603 propositum
594 5533 731 5599 tibi;
776 5531 978 5603 quippe
1023 5541 1279 5602 suscepta
1331 5532 1398 5587 ad
1453 5541 1783 5587 structuram

257 5713 381 5786 (7‘5)
408 5711 660 5786 Profecto
688 5711 853 5766 verba
878 5727 892 5766 :
924 5709 1113 5766 Omnia
1143 5725 1260 5781 qua:
1292 5710 1446 5786 hpbet
1472 5708 1654 5786 Pater.
1668 5719 1778 5786 etc.

196 5781 617 5852 “universalia
650 5791 808 5848 sunt;
836 5797 965 5852 ergo
992 5795 1102 5834 non
1148 5781 1382 5851 possunt
1426 5781 1680 5851 restringi
1726 5790 1782 5836 et

189 5853 419 5908 limitari
448 5853 552 5906 nisi
587 5853 639 5905 in
682 5853 769 5912 iis.
807 5869 929 5921 mue
976 5862 1167 5906 natura
1206 5868 1387 5906 rerum
1432 5868 1528 5921 per
1578 5867 1636 5905 se
1690 5867 1784 5904 ex-

190 5925 370 5981 cludit
400 5940 414 5992 ;
443 5925 500 5995 2)
533 5923 601 5979 ad
643 5923 814 5994 ipsam
847 5923 1168 5978 relationem
1201 5923 1266 5977 ad
1297 5923 1557 5993 Spiritum
1589 5938 1617 5976 τι
1647 5921 1782 5977 Filio

1890 4719 1942 4758 c.
1979 4713 2078 4756 κε’.
2111 4717 2166 4772 p.
2214 4699 2343 4773 ρξς’
2373 4715 2489 4769 seq.
2520 4708 2576 4754 et
2608 4699 2806 4754 Vindic.
2853 4715 2970 4769 syn.
3011 4698 3204 4766 Ephes.
3236 4715 3290 4767 p.
3331 4696 3471 4766 294)

1891 4796 2364 4852 demonstrarunt.
2397 4793 2578 4848 Unum
2624 4793 2929 4846 alterumve
2983 4791 3179 4844 horum
3250 4787 3472 4842 Patrum

1891 4886 2202 4942 audiamus.
2227 4885 2492 4940 Albanas.
2517 4884 2586 4939 ad
2618 4883 2809 4954 Serap.
2841 4884 2956 4937 ait:
3000 4879 3057 4934 '0
3083 4881 3180 4951 μὲν
3209 4879 3338 4944 Υἱός
3369 4897 3477 4951 φη-

1892 4996 1976 5033 σιν
1993 4994 2006 5008 °
2039 4977 2076 5032 ἃ
2100 4978 2309 5048 ἥκουσα.
2345 4975 2499 5046 παρὰ
2523 4972 2618 5027 τοῦ
2640 4973 2876 5042 [ἰατρὸς.
2908 4969 3084 5025 ταῦτα
3110 4963 3256 5023 λαλῶ
3276 4970 3357 5033 εἰς
3384 4969 3476 5022 τὸν

1893 5071 2094 5140 κόσμον
2115 5085 2130 5101 ο
2169 5069 2230 5122 τὸ
2261 5068 2316 5121 δὲ
2340 5065 2567 5137 Πνεῦμα
2589 5067 2653 5119 ὲκ
2681 5065 2777 5118 τοῦ
2803 5063 2935 5116 Υἱοῦ
2965 5062 3256 5134 λαμϐάνει⁹
3285 5064 3351 5116 ἐκ
3380 5061 3475 5115 τοῦ

1893 5163 2026 5234 ἐμοῦ
2050 5163 2159 5233 γὰρ
2195 5161 2429 5234 λήψεται
2473 5175 2532 5213 κ.
2561 5171 2613 5213 τ.
2647 5157 2698 5212 λ.
2736 5154 2868 5210 Item
2900 5164 3042 5210 orat.
3075 5146 3130 5222 5,
3166 5172 3220 5211 c.
3248 5155 3472 5210 Adrian.

1897 5257 2136 5328 (Calcca:
2160 5263 2245 5310 est
2278 5261 2422 5307 orat.
2459 5251 2525 5319 5)
2555 5268 2568 5305 :
2601 5249 2675 5301 Τὸ
2719 5243 2946 5318 Πνεῦμα
2987 5247 3137 5319 παρὰ
3175 5248 3269 5300 τοῦ
3300 5247 3476 5316 Λόγου

1895 5350 2182 5419 λαμϐάνει.
2211 5385 2226 5401 .
2257 5386 2271 5400 .
2307 5343 2472 5407 αὐτὸς
2497 5343 2608 5412 γὰρ
2637 5343 2668 5394 ὁ
2692 5340 2820 5404 Υἱὸς
2845 5340 2907 5393 τὸ
2933 5339 3158 5412 Πνεῦμα
3181 5341 3362 5394 δίδωσι
3385 5341 3478 5392 καὶ

1892 5444 1994 5494 ὃσα
2022 5438 2136 5511 ἔχει
2163 5439 2225 5491 τὸ
2253 5435 2483 5505 Πνεῦμα
2505 5432 2679 5488 ταῦτα.
2703 5431 2856 5504 παρὰ
2880 5430 2974 5486 τοῦ
3001 5433 3178 5501 Λόγου
3201 5432 3333 5503 ἔχει.
3366 5431 3478 5486 Hoc

1897 5531 2214 5590 testimonio
2259 5528 2605 5589 Nicenhorus
2655 5521 2990 5595 Blemmida,
3053 5538 3194 5582 orat.
3239 5525 3295 5591 2,
3333 5540 3385 5580 c.
3421 5527 3474 5579 6.

1893 5709 2260 5766 extenduntur
2289 5708 2407 5779 ipso
2428 5716 2484 5762 et
2508 5707 2574 5762 ad
2614 5707 2666 5764 id
2699 5707 3053 5770 adhihentur,
3103 5713 3182 5779 u_t_
3216 5702 3478 5779 Spiritum

1893 5797 2082 5835 secum
2133 5775 2325 5834 intime
2361 5780 2623 5853 conjungi
2671 5789 2726 5836 et
2771 5781 2839 5835 de
2869 5793 2953 5843 eo,
2997 5775 3143 5847 quod
3170 5775 3344 5845 ipsius
3377 5784 3479 5842 est,

1894 5853 2140 5923 accipere
2180 5851 2454 5906 ostendat.
