4002 6416
187 440 304 507 437

912 448 1007 507 DE
1049 451 1110 507 S.
1152 449 1349 509 SPIR.
1389 445 1894 508 MYSTAGOGIA.
1926 460 1991 481 -ι-
2015 440 2761 507 ANIMADVERSIONES.

3370 437 3479 501 438

193 563 273 614 sit
306 601 323 625 ,
348 559 494 630 quod
541 580 559 611 ι
596 560 762 616 etiam
788 570 1018 617 ventura
1048 563 1397 618 annuntiabit
1424 563 1602 618 vobis.
1630 563 1709 618 Ac
1741 563 1788 617 si
1819 569 1863 625 Α
1895 562 2014 617 Filii
2037 562 2119 617 sui
2144 562 2200 616 in
2224 562 2387 617 corda
2413 567 2624 616 nostra.
2649 558 2792 613 Num
2815 556 2954 611 alius
2971 565 3055 611 est
3076 554 3319 626 Spiritus
3352 553 3476 610 Filii

191 653 444 707 diceret:
479 652 704 723 Signum
732 653 834 708 hoc
883 654 989 707 erit
1032 654 1209 719 vobis,
1244 671 1308 708 ea:
1331 671 1447 708 utea
1486 654 1788 707 substantia

192 758 325 799 esse
370 744 635 814 Spiritum
666 752 723 797 et
761 754 998 799 mentem
1025 759 1147 799 esse
1196 745 1350 814 quasi
1397 760 1574 799 meam
1600 786 1614 807 ,
1646 743 1791 813 quod

193 835 293 891 ille
338 835 519 890 futura
575 834 714 891 sicut
754 851 852 906 ego
899 835 1219 905 praedicabit
1250 835 1386 906 (81).
1441 836 1534 890 Sic
1591 850 1790 890 rursus

195 926 357 1000 [179]
412 926 479 981 ad
533 924 690 981 Joan.
744 943 857 991 xvr,
895 927 961 981 M
1017 927 1289 992 observat,
1327 943 1426 997 per
1465 928 1592 991 hoc,
1647 927 1791 996 quod

197 1018 445 1089 Spiritus
469 1017 704 1087 accipiat
738 1032 769 1072 a
810 1017 965 1079 Filio,
1012 1018 1153 1071 nihil
1210 1018 1437 1071 omnino
1470 1018 1519 1071 ei
1552 1017 1788 1079 detrahi,

198 1120 258 1168 et
298 1111 482 1165 omnia
505 1125 630 1164 eum
654 1110 860 1165 habere
903 1109 1144 1181 perfecte
1182 1110 1320 1181 (82).
1369 1109 1639 1165 Caeterum
1671 1125 1793 1180 quae

198 1201 439 1273 Cyrillus
477 1201 663 1265 habet,
694 1217 757 1255 ea
798 1201 867 1257 ad
916 1201 1297 1257 illustrandum
1364 1211 1685 1257 contextum
1736 1209 1793 1256 et

198 1309 435 1364 scopum
493 1293 786 1348 verborum
838 1292 1060 1349 Christi'
1112 1294 1405 1363 insigniter
1465 1293 1788 1359 conferunt;

197 1402 329 1456 qua:
357 1393 543 1441 autem
583 1385 823 1455 disputat
872 1387 1121 1449 Photius,
1149 1386 1249 1441 etsi
1283 1401 1477 1456 magna
1535 1402 1600 1439 ex
1636 1396 1791 1456 parte

200 1491 338 1530 vera
370 1485 521 1542 sunt,
550 1483 731 1529 tamen
764 1474 935 1545 ipsius
970 1492 1080 1531 non
1113 1484 1345 1545 prosunt
1374 1476 1606 1530 intento.
1631 1474 1791 1531 Chri-

199 1578 323 1623 stus
349 1569 662 1624 consolatur
685 1567 1007 1637 discipulos,
1041 1583 1151 1623 non
1178 1568 1418 1623 alienum
1460 1583 1522 1621 ac
1548 1566 1783 1637 peregri-

201 1676 339 1715 num
384 1676 444 1715 se
481 1660 881 1715 consolatorem
912 1659 1206 1715 missurum
1247 1669 1498 1725 testatur,
1554 1658 1793 1715 ostendit

201 1767 361 1806 suam
390 1761 505 1807 tum
528 1767 652 1806 cum
683 1752 843 1806 Patre
870 1757 986 1805 tum
1036 1766 1161 1806 eum
1196 1751 1479 1806 Paracleto
1504 1750 1790 1820 aequalita-

202 1853 339 1907 tem,
362 1845 449 1898 sui
467 1854 522 1899 et
542 1843 686 1898 illius
704 1858 828 1898 cum
849 1841 1008 1897 Patre
1022 1843 1292 1913 ὁμοφυῖαν
1314 1864 1327 1909 ;
1348 1858 1537 1897 verum
1560 1858 1669 1896 non
1687 1842 1791 1899 hoc

201 1936 472 1989 duntaxat
502 1936 622 2006 ejus
652 1935 817 1990 verba
850 1934 951 1990 sibi
986 1935 1196 1990 volunt.
1230 1934 1399 1989 Multo
1426 1933 1701 1989 elﬁeacius
1727 1949 1791 1989 ea

201 2030 422 2099 probat,
457 2028 505 2082 si
556 2028 719 2082 simul
762 2026 1025 2091 ostendit,
1078 2044 1110 2081 a
1144 2044 1219 2093 se,
1263 2044 1427 2096 quem
1485 2027 1792 2083 noscebant

202 2119 577 2188 amabantque
613 2118 750 2174 adeo
803 2118 1073 2189 discipuli,
1130 2117 1392 2188 Spiritum
1453 2134 1551 2174 sua
1605 2119 1791 2175 omnia

202 2211 431 2277 habere,
468 2220 526 2266 et
578 2211 624 2266 si
674 2220 898 2266 auctore
937 2210 1135 2266 Photio
1168 2212 1240 2283 (c.
1302 2210 1373 2265 26
1400 2253 1413 2273 ,
1454 2211 1545 2275 27)
1598 2227 1791 2268 cavere

200 2303 338 2366 vult,
373 2319 446 2358 ne
475 2303 552 2357 illi
611 2304 873 2373 majorem
927 2319 987 2358 se
1036 2304 1152 2373 ipso
1204 2312 1462 2373 putarent
1500 2304 1789 2374 Spiritum,

202 2398 379 2452 multo
418 2395 652 2451 validius
682 2395 734 2451 id
758 2394 943 2459 eﬁicit,
978 2395 1023 2451 si
1054 2412 1084 2450 a
1122 2412 1181 2451 se
1204 2397 1456 2453 eumdem
1492 2413 1612 2453 esse
1657 2414 1790 2455 cou-

206 2488 412 2551 ﬁrmat,
440 2500 503 2540 se
526 2484 675 2539 velut
706 2483 826 2554 ejus
857 2484 1189 2555 principium
1217 2495 1591 2556 repraesentat,
1627 2504 1791 2558 quem

205 2583 467 2653 superius
501 2597 531 2637 a
562 2582 723 2636 Patre
750 2582 1048 2652 procedere
1082 2582 1311 2637 dixerat.
1341 2581 1475 2647 lmo,
1526 2592 1587 2638 ut
1612 2582 1790 2638 Photii

208 2675 398 2731 verbis
432 2684 668 2741 utamur,
701 2675 941 2745 priorem
971 2675 1361 2746 mystagogiam
1423 2690 1611 2731 revera
1638 2677 1791 2731 evol-

208 2770 286 2825 vit
328 2769 548 2824 uberius
591 2778 802 2824 etcum
837 2769 940 2824 hac
987 2769 1373 2839 explanatione
1416 2770 1698 2841 conjungit
1730 2785 1794 2825 ac

206 2860 428 2930 copulat
456 2875 554 2929 per
578 2860 665 2913 illa
697 2860 895 2913 verba:
930 2858 1120 2915 Omnia
1145 2876 1260 2931 qua:
1278 2861 1429 2915 habet
1454 2860 1635 2927 Pater,
1674 2878 1791 2915 mea

204 2961 347 3006 sunt.
389 2948 664 3017 Quorsum
690 2965 822 3005 vero
843 2949 930 3004 illa
954 2951 1320 3015 ratiocinatio,
1362 2952 1405 3005 si
1434 2953 1570 3005 nihil
1603 2967 1632 3005 a
1657 2952 1794 3006 Filio

206 3043 410 3113 accipit
440 3040 717 3112 Spiritus?
738 3041 844 3097 Sed
873 3041 965 3112 qui
997 3043 1237 3115 singulas
1257 3042 1435 3097 Photii
1459 3044 1795 3099 assertiones

206 3134 467 3206 prosequi
499 3135 684 3201 vellet,
717 3136 1038 3205 ampliorem
1065 3137 1243 3191 adhuc
1266 3136 1647 3207 probationum
1682 3153 1793 3190 ma-

1894 674 2055 729 quam
2076 658 2314 729 Spiritus
2333 657 2507 712 Patris
2526 658 2549 710 ?
2568 654 2723 722 Quod
2746 655 2791 708 si
2810 653 2952 708 idem
2971 662 3056 708 est
3079 652 3318 724 Spiritus
3357 668 3481 706 am-

1893 752 2109 817 borum,
2132 750 2377 821 profecto
2416 746 2661 819 procedit
2683 747 2751 801 ab
2780 754 3054 815 utroque;
3084 761 3195 800 non
3222 745 3367 799 enim
3398 744 3479 799 sic

1893 847 2095 903 dicitur
2130 844 2369 915 Spiritus
2395 842 2540 909 Filii,
2591 852 2847 912 tanquam
2876 840 2947 894 sit
2978 839 3158 893 minor
3177 837 3345 904 Filio;
3377 837 3479 891 hoc

1891 937 1984 1007 qui
2009 936 2174 991 sentit
2198 935 2278 989 vel
2305 933 2439 989 dicit
2466 948 2575 986 non
2595 939 2679 986 est
2703 929 3028 985 catholicus.
3062 928 3179 994 Qua
3198 926 3265 981 de
3285 941 3345 982 re
3369 940 3481 980 non

1892 1036 1997 1089 est,
2032 1042 2203 1099 quare
2232 1027 2444 1082 dicatur
2465 1023 2701 1095 Spiritus
2734 1021 2878 1088 Filii,
2898 1022 3004 1077 nisi
3025 1021 3152 1091 quia
3173 1018 3421 1090 procedit
3450 1034 3479 1071 a

1894 1118 2056 1187 Filio,
2092 1119 2237 1175 sicut
2273 1118 2473 1173 dicitur
2502 1116 2747 1187 Spiritus
2768 1114 2965 1180 Patris,
2996 1114 3127 1184 quia
3164 1110 3413 1182 procedit
3448 1125 3479 1166 a

1894 1213 2077 1269 Patre.
2112 1231 2131 1265 ι
2175 1211 2338 1267 Addit
2368 1210 2566 1266 deinde
2609 1209 2943 1262 ltatramnus
2982 1206 3119 1261 alios
3146 1211 3347 1269 textus,
3388 1202 3479 1258 ubi

1898 1303 2136 1375 Spiritus
2157 1303 2357 1359 dicitur
2402 1300 2643 1371 Spiritus
2674 1298 2828 1363 Jesu,
2869 1297 3109 1369 Spiritus
3146 1295 3380 1360 Christi,
3415 1310 3481 1349 ac

1896 1397 2241 1468 potissimum
2304 1394 2464 1449 Rom.
2506 1408 2627 1469 vni,
2681 1392 2739 1459 9,
2789 1390 3146 1453 concludens,
3214 1385 3479 1459 Spiritum

1892 1488 2100 1544 Christi
2128 1501 2255 1543 esse
2297 1485 2556 1541 eumdem
2597 1483 2687 1554 qui
2740 1491 2795 1538 et
2845 1481 3049 1537 dicitur
3107 1479 3343 1551 Spiritus
3382 1478 3479 1533 Dei

1895 1581 1967 1651 (c.
2000 1578 2052 1644 6,
2080 1595 2134 1650 p.
2177 1577 2306 1648 956)
2350 1588 2513 1647 atque
2539 1590 2865 1645 comparans
2906 1571 3060 1627 Rom.
3098 1587 3216 1633 vtn,
3256 1570 3326 1625 15
3355 1585 3484 1635 cum

1895 1672 2073 1729 Galat.
2117 1688 2189 1737 ιν,
2225 1670 2258 1725 6
2287 1678 2479 1725 notat:
2515 1688 2533 1722 ‹
2594 1667 2814 1734 Videte,
2851 1666 2997 1738 quod
3039 1664 3293 1720 eumdem
3336 1663 3483 1718 dicat

1896 1761 2156 1832 Spiritum
2191 1759 2499 1831 adoptionis
2539 1758 2796 1821 ﬁliorum,
2832 1771 2994 1827 quem
3035 1754 3329 1810 conﬁtetur
3355 1752 3478 1822 Spi-

1894 1854 2061 1909 ritum
2090 1852 2231 1917 Filii,
2250 1868 2358 1923 quo
2388 1866 2489 1906 nos
2509 1851 2703 1906 doceat
2724 1847 3038 1919 Apostolus,
3068 1845 3323 1901 eumdem
3352 1858 3477 1902 esse

1897 1945 2166 2017 Spiritum
2205 1942 2405 2008 Patris,
2456 1960 2618 2014 quem
2659 1942 2796 1998 dicit
2847 1940 3115 2012 Spiritum
3145 1936 3476 2008 adoptionis,

1894 2048 1950 2094 et
1978 2038 2229 2093 eumdem
2256 2052 2379 2092 esse
2404 2036 2669 2107 Spiritum
2691 2034 2834 2099 Filii,
2859 2048 3021 2103 quem
3054 2031 3203 2086 misit
3240 2029 3386 2084 Deus
3424 2028 3479 2083 in

1903 2129 2068 2185 corda
2106 2136 2330 2192 nostra;
2389 2125 2522 2180 etin
2560 2124 2772 2189 eodem,
2816 2124 2910 2193 qui
2959 2131 3067 2177 tam
3119 2119 3295 2175 Patris
3319 2133 3481 2189 quam

1895 2219 2017 2274 Filii
2046 2227 2385 2274 monstratur
2421 2216 2680 2286 Spiritus,
2714 2216 3016 2271 clamamus
3048 2231 3060 2267 :
3088 2212 3256 2278 Abba,
3286 2210 3475 2265 Pater.
3509 2252 3519 2259 .

1893 2312 2049 2380 Quod
2079 2326 2416 2382 nequaquam
2448 2309 2626 2364 facere
2666 2321 2975 2377 possemus,
3017 2305 3060 2359 si
3117 2320 3228 2359 non
3287 2318 3482 2374 quem-

1894 2406 2185 2461 admodum
2226 2402 2473 2474 procedit
2511 2416 2540 2455 a
2581 2401 2743 2454 Patre
2791 2398 3028 2469 Spiritus
3079 2405 3337 2459 sanctus,
3402 2394 3483 2448 sic

1895 2498 2058 2553 etiam
2105 2495 2367 2567 procedat
2394 2503 2448 2549 et
2479 2510 2508 2547 a
2537 2492 2695 2547 Filio.
2732 2510 2749 2544 ι
2789 2490 2929 2546 Hinc
2965 2505 3185 2544 rursum
3214 2487 3483 2543 exclamat

1896 2590 1967 2661 (c.
2020 2592 2072 2654 7,
2107 2605 2163 2659 p.
2196 2586 2324 2658 258)
2358 2606 2369 2642 :
2410 2606 2426 2638 ι
2465 2587 2520 2642 Si
2568 2585 2805 2656 Spiritus
2850 2598 2961 2638 non
2992 2581 3143 2655 [l8l]
3179 2580 3418 2652 procedit
3452 2595 3483 2634 a

1894 2682 2136 2746 Christo,
2197 2680 2470 2751 quomodo
2519 2678 2755 2749 Spiritus
2794 2677 2999 2731 dicitur
3056 2690 3177 2729 esse
3224 2673 3485 2729 Christi?

1897 2773 2150 2828 Procedit
2180 2773 2347 2844 igitur
2375 2788 2405 2826 a
2456 2770 2699 2834 Christo,
2738 2769 2867 2840 quia
2894 2783 3006 2822 non
3031 2782 3096 2821 ex
3134 2764 3480 2834 subjectioue,

1896 2882 1998 2921 nec
2016 2882 2078 2921 ex
2106 2865 2424 2936 particulari
2440 2865 2665 2919 sectione
2679 2863 2881 2918 dicitur
2902 2860 3023 2931 ejus
3042 2874 3185 2922 esse,
3216 2857 3311 2913 sed
3338 2857 3487 2926 quod

1896 2959 2016 3027 ejus
2051 2958 2117 3013 de
2140 2957 2443 3013 substantia
2476 2953 2908 3011 substantialiter
2932 2952 3202 3024 procedit.
3244 2969 3263 3001 ι
3298 2950 3487 3020 Neque

1897 3050 2054 3104 aliter
2100 3047 2364 3120 Georgius
2406 3046 2811 3117 Trapezuntius
2863 3044 2932 3099 ad
2976 3043 3229 3097 Cretens.
3265 3040 3345 3094 De
3378 3057 3487 3094 una

1901 3141 1958 3197 S.
2006 3141 2150 3197 Eccl.
2181 3158 2235 3196 c.
2272 3141 2327 3204 3,
2360 3140 2393 3193 4
2421 3139 2504 3210 (G.
2531 3137 2594 3195 0.
2626 3137 2667 3205 Ι,
2717 3136 2813 3192 541
2860 3135 3002 3207 seq.)
3032 3152 3045 3189 :
3086 3156 3102 3186 ι
3140 3134 3215 3188 Ex
3246 3133 3405 3188 Patre
3434 3142 3490 3189 et

210 3229 407 3283 teriam
438 3229 607 3284 dubio
637 3229 828 3300 procul
872 3229 1137 3285 inveniet.
1184 3228 1296 3285 Nos
1354 3231 1420 3284 ad
1455 3230 1559 3284 alia
1591 3245 1795 3301 prope-
1823 3250 1866 3309 ς
1900 3237 2037 3291 Filio
2069 3236 2235 3291 habet
2269 3234 2532 3305 Spiritus,
2577 3233 2726 3303 quod
2757 3232 2848 3297 sit,
2899 3230 3207 3287 secundum
3239 3228 3487 3284 divinum

208 3335 416 3374 ramus.

277 3412 366 3467 11.
408 3411 531 3467 Non
564 3412 743 3468 minus
776 3414 987 3485 prolixa
1007 3423 1091 3469 est
1116 3412 1413 3485 disputatio
1440 3412 1492 3483 (a
1523 3429 1643 3483 cap.
1674 3412 1791 3484 48),

208 3521 315 3576 qua
351 3503 509 3577 [180]
534 3506 678 3561 aliud
724 3506 1131 3577 Scripturarum
1186 3506 1558 3561 testimonium
1592 3506 1799 3560 Latinis

209 3600 423 3669 eripere
452 3608 682 3654 conatur
719 3598 967 3665 Photins,
995 3599 1248 3655 videlicet
1278 3598 1463 3655 Galat.
1498 3615 1573 3666 tv,
1618 3598 1671 3663 6,
1702 3599 1797 3654 ubi

214 3691 456 3761 Spiritus
512 3699 737 3746 sanctus
786 3699 1012 3747 vocatur
1056 3688 1288 3756 Spiritus
1338 3688 1492 3744 Filii.
1539 3689 1800 3755 Quamvis

210 3783 377 3836 verba
411 3798 508 3850 per
534 3798 589 3835 se
617 3797 726 3836 non
780 3782 1016 3851 probent
1059 3780 1297 3851 Spiritus
1336 3797 1366 3835 a
1402 3780 1540 3835 Filio
1574 3795 1798 3851 proces-

212 3874 448 3936 sionem,
475 3886 658 3929 tamen
716 3874 975 3944 spectatis
1027 3882 1141 3928 tum
1177 3874 1303 3929 aliis
1339 3882 1452 3929 tum
1486 3874 1799 3930 traditionis

212 3966 528 4022 christiana:
591 3967 859 4036 praesidiis
906 3967 1034 4021 huic
1077 3966 1225 4022 dicto
1270 3966 1500 4037 aliisque
1532 3965 1800 4020 similibus

212 4059 322 4114 vim
350 4060 536 4114 inesse
577 4059 644 4114 ad
676 4075 797 4114 eam
841 4059 1237 4115 ostendendam
1271 4075 1489 4116 summo
1528 4075 1801 4115 consensu

214 4151 452 4222 theologi
484 4167 809 4221 persuasum
844 4152 1086 4206 habuere
1115 4167 1332 4223 semper
1356 4168 1420 4207 ac
1442 4152 1605 4206 variis
1628 4151 1802 4206 modis

214 4254 540 4317 argumenta
575 4244 773 4299 exinde
800 4245 1180 4305 ell‘ormarunt.
1211 4244 1409 4299 Photio
1436 4260 1656 4300 coaevus
1693 4243 1802 4297 Ra-

216 4351 466 4393 tiamnus
492 4339 566 4392 ita
597 4339 665 4392 de
684 4339 785 4392 hoc
812 4346 960 4393 textu
980 4338 1201 4392 disserit
1234 4338 1294 4407 (1.
1321 4355 1363 4405 ι,
1390 4354 1441 4393 c.
1478 4338 1534 4391 4.
1558 4337 1757 4408 p.232)
1783 4353 1799 4390 :

220 4450 238 4481 ι
280 4429 397 4484 Non
420 4430 498 4485 ait
524 4430 759 4485 Paulus:
792 4429 938 4484 Misit
964 4430 1114 4485 Deus
1140 4429 1404 4500 Spiritum
1428 4446 1606 4483 suum.
1640 4427 1799 4494 Quod

214 4525 256 4578 si
295 4524 524 4585 diceret,
558 4539 668 4577 non
688 4522 910 4593 penitus
940 4523 1253 4577 excluderet
1287 4521 1508 4586 Filium,
1542 4521 1800 4591 quoniam

1901 3328 2279 3400 Evangelium.
2318 3327 2433 3382 Nec
2462 3341 2574 3380 non
2600 3335 2656 3380 et
2691 3323 2892 3379 Paulus
2941 3323 3079 3379 dicit
3108 3339 3122 3376 :
3168 3320 3307 3377 Misit
3348 3320 3489 3376 Deus

1904 3422 2167 3491 Spiritum
2197 3420 2325 3475 Filii
2347 3420 2451 3473 sui.
2487 3417 2676 3488 Itaque
2718 3417 2762 3471 si
2791 3416 2975 3471 Patris
3015 3425 3063 3470 et
3093 3414 3222 3470 Filii
3255 3412 3489 3485 Spiritus

1901 3526 1996 3581 est,
2015 3515 2159 3585 quod
2195 3530 2339 3585 saepe
2371 3513 2572 3584 saepius
2594 3513 2817 3583 legitur.
2849 3510 3200 3565 manifestum
3220 3518 3303 3565 est
3360 3525 3487 3564 eum

1901 3610 1971 3664 ab
2012 3618 2243 3679 utroque
2275 3587 2471 3678 spirari
2515 3606 2600 3661 vel
2626 3605 2943 3676 procedere.
2981 3623 2999 3656 ›
3027 3603 3121 3657 llis
3150 3603 3491 3658 concordant

1901 3701 2059 3756 tnulti
2092 3701 2182 3755 alii
2222 3698 2481 3771 Theologi
2530 3697 2625 3767 (cf.
2656 3696 2853 3753 Walch
2892 3713 2983 3768 op.
3033 3697 3127 3753 cit.
3178 3715 3228 3753 c.
3269 3695 3488 3767 l0,§'5,

1902 3809 1959 3864 p.
1990 3792 2113 3857 168,
2144 3790 2295 3859 169),
2320 3789 2415 3860 qui
2456 3790 2530 3844 ita
2552 3787 2867 3843 ratiocinari
2906 3788 3085 3843 solent
3131 3805 3145 3842 :
3188 3786 3290 3853 Qui
3321 3787 3377 3841 in
3403 3787 3489 3841 di-

1903 3884 2050 3940 vinis
2095 3884 2296 3939 dicitur
2341 3897 2463 3938 esse
2514 3881 2762 3948 alterius,
2800 3881 2869 3935 ab
2920 3880 3014 3936 illo
3047 3880 3331 3951 procedit;
3363 3879 3491 3950 quia

1903 3993 2029 4033 cum
2081 3992 2191 4032 una
2255 3990 2487 4047 persona
2540 3975 2612 4029 sit
2665 3973 2821 4028 alteri
2849 3973 3098 4044 aequalis,
3130 3988 3236 4026 non
3288 3970 3491 4026 dicitur

1903 4069 2127 4124 alterius
2149 4083 2269 4124 esse
2296 4068 2511 4123 ratione
2537 4066 2896 4137 subjectionis
2935 4075 3029 4119 aut
3059 4064 3364 4131 servitutis,
3395 4064 3491 4119 sed

1904 4161 2114 4217 ratione
2142 4160 2409 4232 originis;
2466 4161 2699 4232 proinde
2734 4160 2779 4214 si
2817 4144 3053 4230 Spirittis
3101 4144 3323 4215 sanctus
3351 4158 3492 4215 dici-

1908 4266 1995 4312 tur
2020 4255 2258 4327 Spiritus
2286 4255 2429 4321 Filii,
2456 4255 2567 4326 jam
2592 4271 2622 4311 a
2648 4254 2785 4310 Filio
2806 4240 3055 4324 procedit
3103 4253 3195 4325 (cf.
3255 4254 3490 4309 [lc-metr.

1905 4347 2115 4419 Cydon.
2175 4346 2252 4401 De
2302 4362 2449 4416 proc.
2511 4344 2702 4415 Spirit.
2752 4353 2923 4421 sanct.
2957 4360 3006 4399 c.
3058 4344 3172 4415 l0).
3229 4343 3495 4400 Praeclare

1906 4436 2123 4493 Manuel
2153 4436 2379 4493 Caleeas
2404 4444 2597 4493 contra
2624 4435 2846 4492 Gnaeos
2874 4436 2945 4490 ita
2969 4435 3211 4506 disputat
3244 4454 3257 4491 :
3305 4455 3321 4487 ε
3356 4435 3494 4490 Cum

1909 4543 2078 4582 unum
2111 4527 2342 4582 alterius
2388 4526 2493 4582 dici
2524 4526 2607 4582 vel
2660 4526 2827 4597 hujus
2865 4526 3142 4597 proprium
3191 4526 3244 4580 in
3272 4525 3493 4591 divinis,

218 4616 361 4668 heus
411 4621 497 4668 est
535 4612 701 4667 etiam
750 4610 938 4677 Filius,
984 4611 1447 4681 quemadmodum
1499 4610 1659 4665 Pater
1716 4618 1797 4664 est

1908 4618 2110 4690 rejecta
2139 4619 2368 4674 materia
2398 4626 2455 4673 et
2490 4619 2557 4674 iis
2588 4634 2709 4688 qua:
2732 4618 3020 4673 materiam
3062 4629 3493 4687 consequuntur,

218 4706 375 4766 Dens,
412 4715 467 4761 et
507 4714 735 4776 uterque
764 4720 874 4760 non
905 4705 1019 4759 duo
1034 4704 1151 4767 Dei,
1185 4705 1279 4759 sed
1312 4720 1455 4759 unus
1486 4713 1572 4759 est
1621 4705 1798 4768 Deus;

215 4799 358 4867 quod
394 4798 540 4852 enim
584 4814 815 4869 persona
856 4808 1099 4870 separat,
1138 4798 1445 4854 substantia
1493 4797 1799 4868 eonjungit.

217 4888 419 4944 Volens
444 4898 629 4944 autem
666 4890 883 4946 auferre
936 4906 1156 4946 omnem
1204 4892 1585 4960 quaestionem,
1615 4904 1805 4961 perso-

190 4976 341 5036 'nam
373 4980 494 5037 Filii
538 4983 854 5053 specialiter
893 4984 1029 5039 dixit
1065 4984 1283 5041 misisse
1336 4983 1506 5039 Deum
1539 4983 1802 5054 Spiritum

288 5139 405 5211 (81)
429 5140 540 5211 Καὶ
568 5140 730 5211 οἱονεὶ
748 5140 877 5211 νοῦς
904 5142 1049 5192 ἐστιν
1072 5138 1237 5211 apag,
1254 5137 1478 5208 λαλήσει
1510 5139 1566 5192 δὲ
1588 5139 1808 5211 πάντως

211 5210 287 5265 τὰ
343 5212 403 5264 ιν
455 5210 581 5281 ἐμοί
608 5224 622 5241 ο
672 5210 770 5263 καὶ
810 5211 969 5281 τοῦτο
1014 5212 1179 5279 φησὶν
1218 5210 1519 5281 ὁλΣῳτὴρ,
1572 5212 1671 5279 οὐχ
1720 5210 1807 5281 ἵνα.

212 5281 427 5351 ναῶμεν
465 5278 801 5351 ὅπουρτικὸν
851 5280 913 5333 τὸ
957 5278 1181 5348 Πνεῦμα
1228 5279 1290 5332 τὸ
1332 5278 1488 5346 ἅγιόν
1527 5278 1681 5333 κατά.
1711 5279 1808 5349 τὴν

213 5350 381 5405 τινῶν
414 5350 679 5423 ἀμαθίαν,
715 5350 1130 5423 πληρᾳφορῆσαι
1179 5350 1251 5423 δὲᾼ
1291 5350 1492 5421 μῶλον
1547 5350 1809 5423 ἐθελήσας

214 5423 361 5507 τρὺξ,
396 5420 674 5507 μαθηταί,
717 5422 792 5484 ὼς
820 5420 929 5507 ὀὐχ
967 5420 1204 5507 'é‘repov'
1231 5420 1301 5473 ὃν
1344 5423 1476 5507 παρ’
1529 5422 1695 5507 anno?
1748 5420 1811 5474 τὸ

220 5491 449 5563 Πνεῦμα
469 5491 655 5563 αὑτοῦ
698 5493 840 5546 κατά
866 5510 935 5563 γε
974 5492 1066 5545 τὸν
1096 5491 1154 5545 ὲν
1182 5491 1569 5562 ὁμοουσιότητι
1612 5492 1809 5563 Λόγον.

214 5561 395 5633 sativa
431 5562 497 5633 δὴ
537 5564 756 5626 πάντως
793 5562 1033 5633 λαλήσει
1069 5563 1165 5617 καὶ
1212 5561 1506 5633 ἐνεργήσει
1552 5563 1647 5615 καὶ
1683 5562 1810 5632 βου-

216 5631 493 5704 λῇσεταις
520 5635 618 5685 Διὰ
662 5635 772 5704 γάρ
816 5631 926 5686 ἰεοι⁷
954 5632 1115 5687 τοῦτο
1160 5631 1562 5704 προσλεὲθήηκεν,
1597 5631 1690 5704 δτι
1716 5633 1812 5686 καὶ

216 5704 291 5756 τὰ
342 5703 617 5775 ἐρχόμενα
672 5702 967 5775 ἀναγγελεῖ
1021 5706 1151 5774 ὑμῖν
1177 5702 1214 5737 ’⁷
1251 5702 1537 5772 μονονὸυχὶ
1564 5774 1573 5775 7
1598 5702 1807 5775 λέγων,

222 5773 449 5842 σημεῖόν
491 5773 651 5827 τοῦτο
687 5774 864 5835 ἔσται.
908 5777 989 5827 ὅτι
1035 5773 1101 5845 δὴ
1148 5775 1369 5837 πάντως
1416 5776 1479 5825 ἐκ
1525 5774 1621 5841 τῆς
1670 5774 1813 5843 ἐμῆς

220 5842 413 5906 casia;
461 5843 525 5896 τὸ
574 5843 799 5911 Πιοεῦμὰ
848 5847 984 5908 ἐστι,
1034 5846 1129 5897 καὶ
1184 5840 1295 5897 οἷον
1332 5844 1467 5909 ἐμός
1507 5845 1622 5896 ἐστι
1664 5843 1809 5907 νοῦς,

296 5874 412 5906 διῦτ
461 5874 525 5896 ’δυ
574 5874 799 5908 ιινερυμὶι
848 5874 984 5908 ιυιι,
1036 5874 1129 5897 λιιι
1184 5874 1295 5897 υιυῚ
1332 5874 1464 5908 δμυῇ
1507 5874 1622 5896 ιυνιῑ.
1669 5874 1809 5907 νυυιη

220 5912 287 5966 τὸ
325 5914 475 5985 ἐρεῖν
517 5915 683 5970 αὐτὸν
726 5915 794 5968 τὰ
822 5916 1055 5986 ἐσόμενα.
1091 5915 1345 5986 καθάπερ
1380 5914 1509 5984 ἐγὼ.
1560 5912 1812 5985 Sequun-

1908 4728 2090 4783 neque
2142 4720 2401 4782 tanquam
2463 4711 2797 4778 membrum,
2840 4724 3020 4780 neque
3076 4717 3136 4764 ut
3193 4708 3493 4779 possessio,

1905 4819 2085 4875 neque
2109 4804 2318 4860 ratione
2334 4804 2564 4875 alicujus
2587 4803 2928 4859 excellentiae
2954 4802 3038 4857 vel
3062 4800 3286 4855 alterius
3308 4800 3496 4870 cujus-

1906 4896 2055 4969 piam
2128 4895 2407 4951 afﬁnitatis
2484 4894 2592 4951 diei
2656 4901 2844 4964 queat,
2893 4892 2991 4948 sed
3053 4892 3265 4961 ratione
3319 4892 3495 4946 solum

1908 4988 2160 5062 principii
2199 4999 2254 5045 et
2279 4989 2400 5062 ejus
2436 4988 2584 5059 quod
2614 4994 2700 5043 est
2752 5001 2783 5040 a
2834 4985 3130 5056 principio,
3159 4985 3215 5039 in
3247 4999 3356 5055 quo
3387 5000 3497 5040 uno

1911 5159 2000 5203 tur
2031 5149 2197 5202 verba
2234 5148 2408 5217 posita
2440 5155 2590 5211 nota,
2623 5145 2711 5202 83.

1943 5219 2097 5306 .18?)
2138 5213 2293 5273 θεάο·
2323 5219 2497 5306 eriere
2531 5217 2748 5306 5:112:
2772 5232 2845 5306 es.
2863 5213 3498 5306 sesesese

1909 5284 2005 5343 οὗῧ
2044 5284 2152 5359 ἄρα
2177 5284 2461 5359 παντελῶς
2488 5284 2883 5359 καὶξλοιδορίας
2924 5286 3143 5359 ensem;
3177 5284 3290 5350 ἔξω
3317 5284 3499 5359 item:

1910 5378 2001 5413 ται
2024 5353 2302 5413 τὸλαὸεῑν
2345 5356 2603 5427 λέγεσθαι
2628 5373 2681 5409 τι
2722 5353 2897 5427 παρὰ
2932 5356 3028 5410 τοῦ
3065 5354 3407 5427 Μονογενεὶῦς
3436 5353 3499 5427 [τὸ

1915 5430 2141 5500 Πνεῦμα
2194 5423 2637 5500 αὑτοῦ-’πρρῖὺν
2678 5423 2901 5500 vapor}
2951 5423 3498 5500 abroi‘tpvatgcécdi;

1914 5502 2044 5554 ῐδιον
2065 5492 2242 5552 ἀὑτοῦ
2276 5499 2415 5570 μετὰ
2439 5492 2796 5570 Ατξᾲντῳίῶν
2834 5496 2950 5566 ἔχει
2997 5492 3245 5570 velatum,
3281 5493 3500 5570 λαμὲᾴ-

1911 5589 2025 5624 νΞιν
2050 5562 2372 5638 λέγεταίτὰ
2392 5567 2580 5624 αὐτοῦ.
2602 5566 2684 5623 (2f.
2717 5562 2997 5637 sequfap.
3020 5565 3253 5638 Beecunt
3286 5580 3340 5633 p.
3370 5562 3494 5638 5'76.

1912 5632 2294 5713 Cyrilliverna
2334 5639 2604 5713 Δἰιιηιοεξιι.
2641 5653 2739 5713 xx,
2762 5632 3001 5713 2‘2tuna
3037 5650 3162 5713 cum
3188 5632 3497 5713 Anastasii

1914 5703 2065 5767 textu
2103 5712 2159 5765 in
2181 5710 2277 5764 lib.
2298 5710 2449 5781 Περὶ
2478 5709 2588 5781 τ-ῷν
2617 5708 2741 5781 καθ’
2766 5704 3353 5781 ήμᾷς-τῆςίὰλῃοείας-
3372 5703 3500 5781 δογτ

1964 5784 2110 5837 άτων
2204 5774 2428 5835 adducit
2494 5774 3280 5849 Gregorius'Cpl34Apoi1‘c.
3334 5774 3498 5829 Marci

1964 5800 2110 5837 ατων
2204 5800 2428 5835 aauucu
2494 5800 2792 5849 uregortus
2848 5800 2970 5847 υνι.
3024 5800 3177 5844 apvt.
3230 5800 3259 5828 c

1918 5800 2120 5924 Ephes.
2157 5850 2411 5908 Confess.
2453 5849 2507 5905 in
2537 5851 2660 5905 cod.
2698 5847 2911 5905 Monac.
2944 5846 3036 5912 Ἦ,
3065 5846 3103 5903 1.
3134 5844 3261 5901 119.
