4008 6402
546 381 652 447 439

1705 388 1966 447 ΡΙΙΟἸΊΙ
2010 389 2522 450 PATRIARCII/E
2560 389 2668 448 (ΣΡ.

3730 382 3848 449 440

549 497 781 550 alterum
808 495 879 550 ab
912 496 1087 551 altero
1128 496 1365 552 discerni
1413 497 1952 566 comprehendimus,
2004 514 2127 568 pcr-
2158 506 2201 561 Α
2236 516 2422 554 vocem
2456 497 2745 553 immittis?
2775 496 2855 567 (C.
2891 495 3007 566 50.)
3044 496 3185 550 Dixit
3219 516 3229 550 :
3263 496 3523 567 Spiritum
3558 497 3693 551 Filii
3727 504 3841 552 sui.

551 586 800 654 spieuum
829 596 933 643 est.
968 603 1090 642 cum
1135 588 1367 643 dicimus
1415 588 1681 657 Spiritum
1723 598 1972 644 sanctum
2000 606 2123 659 pro.

552 679 731 745 prium
756 694 876 735 esse
903 680 1045 745 Filii,
1075 680 1126 735 id
1152 682 1265 735 sola
1288 680 1376 734 illa
1393 680 1646 751 principii
1670 681 1880 735 ratione
1901 682 2128 752 intelligi

552 785 710 838 posse
746 770 880 840 (8'5).
932 791 950 822 ι
987 771 1136 842 ji82]
1167 771 1392 841 Egregie
1435 785 1652 839 quoque
1682 771 1903 828 disserit
1937 772 2129 826 Bessa-

543 866 672 919 rion
697 863 868 935 (Orat.
906 865 1082 933 dogm.
1113 883 1161 918 c.
1213 863 1275 929 6;
1316 861 1483 917 Hard.
1514 862 1606 926 IX,
1637 863 1762 931 540)
1792 882 1805 915 :
1842 882 1859 913 ι
1897 863 2127 933 Spiritus

555 971 773 1024 quoque
800 956 1074 1009 relativum
1104 971 1290 1008 nomen
1327 963 1412 1009 est
1438 962 1492 1008 et
1534 954 1599 1008 ad
1636 956 1931 1024 spirantem
1959 955 2128 1008 reler-

552 1057 668 1112 tur;
693 1056 747 1102 et
774 1047 930 1115 cujus
961 1047 1161 1101 dicitur
1185 1045 1441 1115 Spiritus,
1474 1046 1654 1099 abillo
1680 1046 1842 1100 etiam
1868 1046 2124 1114 spiratur.

547 1139 702 1202 Quod
765 1138 909 1195 enim
965 1138 1266 1207 personalia
1310 1136 1533 1191 nomina
1584 1136 1866 1191 Trinitatis
1904 1137 2127 1191 relativa

548 1232 679 1295 sint,
714 1230 896 1284 nullus
932 1230 1165 1300 ignorat.
1202 1228 1490 1283 Personale
1526 1244 1658 1283 vero
1698 1244 1898 1286 nomen
1950 1228 2128 1299 Spiri-

547 1332 636 1377 tus
662 1336 807 1384 esse,
838 1321 984 1390 quod
1020 1319 1259 1391 Spiritus
1284 1328 1509 1375 sanctus
1537 1319 1771 1381 dicatur,
1806 1333 1969 1373 nemo
2000 1319 2127 1373 inli-

544 1414 721 1469 eiatur
765 1411 1228 1482 quemadmodum
1263 1409 1440 1465 Patris
1480 1409 1646 1464 Pater
1672 1419 1727 1464 et
1774 1409 1895 1464 Filii
1930 1409 2125 1477 Filius,

544 1516 601 1560 et
640 1505 957 1565 necessario
1010 1490 1321 1572 relativum,
1380 1504 1841 1576 quemadmodum
1883 1513 1939 1559 et
1998 1504 2123 1570 illa;

546 1598 812 1667 siquidem
859 1599 1097 1653 essentia
1140 1614 1252 1652 non
1283 1606 1430 1661 sunt,
1478 1612 1583 1652 nec
1608 1597 1756 1651 aliud
1787 1606 1871 1651 est
1895 1596 1949 1650 in
1983 1596 2127 1651 divi-

544 1692 633 1745 nis
668 1699 867 1761 prazter
900 1691 1193 1746 essentiam
1219 1699 1276 1746 et
1296 1691 1612 1747 relationes.
1654 1690 2123 1756 Quemadmodum

542 1782 729 1853 igitur,
761 1782 931 1839 Filius
963 1798 1087 1841 cum
1141 1782 1214 1837 sit
1257 1797 1460 1837 nomen
1491 1781 1800 1846 relativum,
1837 1791 1891 1837 et
1918 1781 2124 1839 relera-

2236 592 2403 647 Recte
2433 590 2656 645 omnino
2699 604 2763 643 ac
2792 605 2891 659 pro
2923 590 3190 659 sapientia
3229 590 3332 661 ipsi
3373 591 3636 645 divinitus
3672 592 3839 646 data.

2235 684 2316 739 Tu
2365 699 2496 738 vero
2544 682 2672 751 quid
2724 697 2911 736 vocem
2949 682 3260 745 adulteras,
3309 691 3365 737 et
3417 699 3539 752 quae
3596 685 3834 753 quidem

2234 777 2390 838 dixit,
2424 791 2533 828 non
2568 774 2726 836 dicis,
2770 790 2892 843 qua:
2940 782 3121 828 autem
3156 789 3223 827 ne
3266 775 3529 844 cogitavit
3571 776 3833 843 quidem,

2234 869 2392 939 quasi
2452 868 2521 921 ab
2587 868 2679 920 illo
2712 866 2855 920 dicta
2908 866 3205 935 priedicare
3256 882 3366 920 non
3413 867 3751 921 erubescis?
3808 885 3828 916 ι

2236 958 2319 1029 (C.
2364 957 2479 1021 51.)
2506 957 2611 1011 Sed
2653 956 2790 1020 lucc,
2819 956 2899 1010 uti
2934 966 3131 1010 cmtera
3172 956 3463 1025 ejusmodi,
3512 973 3653 1010 vana
3694 966 3834 1010 sunt

2230 1049 2588 1115 declamatio;
2651 1048 2784 1102 illud
2825 1064 2994 1101 unum
3038 1049 3330 1118 qureritur,
3386 1064 3628 1118 quonam
3658 1058 3831 1117 pacto

2233 1157 2298 1197 ex
2326 1140 2477 1195 Pauli
2519 1140 2701 1194 verbis
2745 1140 2923 1194 Latini
2955 1154 3109 1193 suam
3136 1139 3445 1193 doctrinam
3499 1140 3829 1206 stabiliant;

2232 1242 2397 1301 atque
2424 1231 2644 1300 planum
2669 1240 2753 1285 est
2798 1246 2905 1284 non
2957 1230 3151 1289 deesse
3215 1231 3282 1284 iis
3342 1242 3667 1301 argumenta
3704 1232 3834 1299 qui—

2230 1324 2337 1379 bus
2373 1338 2527 1377 suam
2580 1322 2993 1375 conclusionem
3054 1320 3404 1375 conﬁrment.
3462 1320 3574 1375 Hoc
3632 1322 3832 1391 potius

2230 1414 2525 1470 videndum
2550 1423 2654 1477 est,
2687 1412 2820 1481 quid
2858 1410 3053 1465 Photio
3082 1421 3310 1466 auctore
3341 1412 3493 1465 Pauli
3512 1412 3743 1481 phrasis
3771 1412 3833 1464 τὸ

2236 1504 2465 1576 Πνεῦμα
2496 1503 2592 1557 τοῦ
2627 1504 2758 1557 Υἱοῦ
2807 1504 2910 1558 sibi
2949 1503 3099 1557 velit.
3148 1502 3195 1558 ls
3248 1504 3429 1572 itaque
3464 1503 3826 1573 potissimum

2230 1596 2297 1651 ad
2326 1596 2527 1649 nudam
2558 1593 3157 1647 consubstantialitatem
3190 1594 3357 1647 verba
3386 1594 3469 1646 illa
3499 1595 3825 1665 detorquet;

2230 1687 2286 1743 id
2335 1687 2444 1743 illis
2493 1686 2795 1740 indicatum
2847 1694 3061 1748 censet,
3111 1685 3257 1754 quod
3302 1684 3543 1751 Spiritus
3596 1702 3715 1740 non
3757 1688 3829 1741 sit

2230 1781 2484 1835 alienusa
2503 1776 2638 1832 Filio
2654 1779 2725 1848 (c.
2749 1777 2836 1847 49)
2853 1776 2997 1847 quod
3013 1776 3259 1846 ejusdem
3274 1786 3484 1830 natura:
3504 1792 3631 1831 cum
3654 1777 3823 1842 Filio,

542 1885 632 1927 tur
663 1875 729 1928 ad
772 1875 1009 1940 Patrem,
1070 1890 1324 1947 veremur
1362 1873 1558 1929 Filium
1610 1872 1851 1944 Spiritus
1905 1874 2118 1937 dicere,
2154 1858 2195 1915 Β
2224 1872 2465 1942 ejusdem
2481 1869 3011 1938 essentiie,ejusdem
3030 1868 3827 1938 gloriie,ejusdemhonorisut

542 1982 614 2023 ne
658 1966 897 2036 Spiritus
939 1976 1091 2037 pater
1127 1967 1246 2036 ejus
1287 1975 1591 2037 putaretur,
1650 1966 1723 2020 ita
1772 1974 1828 2019 et
1860 1965 2119 2035 Spiritus,

541 2072 666 2112 cum
696 2058 766 2113 sit
802 2074 1001 2117 nomen
1026 2058 1313 2112 relativum
1347 2068 1402 2114 et
1443 2058 1755 2113 necessario
1794 2057 1860 2112 ad
1908 2057 2121 2127 spiran-

2224 1961 2610 2019 dominationis
2624 1960 2947 2027 exsistat(e.
2973 1958 3085 2028 5|).
3121 1958 3253 2024 «Qui
3284 1958 3450 2028 igitur
3476 1958 3615 2013 dicit
3634 1960 3826 2028 Spiri-

2224 2066 2336 2110 tum
2374 2054 2520 2119 Filii,
2553 2064 2762 2107 natura:
2781 2052 2998 2122 quidem
3014 2053 3133 2105 sine
3155 2051 3261 2104 ulla
3282 2051 3596 2105 diﬂerentia
3617 2053 3827 2107 edocet

540 2158 652 2204 tum
686 2152 975 2217 referatur,
1018 2152 1085 2208 ab
1128 2167 1194 2209 eo
1222 2152 1384 2207 etiam
1421 2151 1678 2221 spiratur,
1737 2150 1895 2222 cujus
1924 2151 2123 2207 dicitur
2224 2148 2513 2207 unitatem,
2548 2144 2875 2216 principium
2911 2157 3043 2197 vero
3067 2142 3435 2211 processionis
3461 2142 3617 2195 nullo
3647 2143 3823 2196 modo

541 2248 781 2319 spiritus
808 2244 1086 2317 esse(84).
1128 2264 1146 2295 ι
1183 2242 1432 2312 Denique
1464 2243 1647 2297 l’atres
1689 2258 1796 2296 nou
1838 2242 2012 2296 solum
2042 2242 2121 2297 la-
2222 2237 2385 2293 simul
2406 2236 2649 2301 indicat;
2693 2234 2958 2289 imitatem
3003 2233 3306 2286 secundum
3364 2234 3665 2288 essentiam
3714 2250 3823 2287 uo-

539 2341 639 2394 tini
680 2340 787 2409 (cf.
820 2356 869 2393 v.
902 2354 987 2410 gr.
1019 2336 1156 2407 Aug.
1182 2334 1262 2389 De
1296 2334 1442 2388 Trin.
1480 2351 1555 2401 Iv,
1583 2334 1697 2405 2η),
1735 2350 1925 2389 verum
1956 2335 2120 2389 etiam
2221 2330 2320 2395 vit,
2352 2345 2476 2384 eum
2519 2328 2608 2397 qui
2660 2326 2889 2395 arqualis
2937 2334 3149 2379 naturae
3183 2324 3501 2395 hypostasin
3549 2328 3823 2396 producit

538 2430 711 2485 αι·ωοί
740 2430 870 2485 ἴδιον
896 2427 1123 2499 Πνεῦμα
1155 2424 1250 2480 τοῦ
1301 2425 1433 2479 Υἰοῦ
1464 2442 1527 2481 ea
1552 2426 1761 2481 ratione
1813 2427 2022 2491 dicunt,
2062 2438 2118 2482 ut

2223 2423 2369 2476 nulla
2404 2436 2627 2491 prorsus
2664 2421 2876 2473 ratione
2912 2418 3075 2474 simul
3105 2419 3365 2487 przedicat
3389 2434 3570 2488 neque
3602 2422 3823 2489 princi-

539 2524 667 2578 iude
693 2522 930 2593 Spiritus
959 2536 991 2575 a
1012 2518 1152 2574 Filio
1179 2520 1334 2589 origo
1354 2518 1513 2587 plane
1534 2517 1939 2583 manifestetur,
1970 2520 2116 2589 quod
2218 2520 2369 2590 pium
2404 2519 2646 2573 insinuat
2706 2536 2725 2569 ι
2756 2514 2939 2584 (ιιιίἀ.)
2974 2515 3179 2571 Deinde
3209 2518 3370 2571 docet
3408 2520 3477 2589 (c.
3528 2520 3624 2587 53)
3677 2536 3824 2574 con-

536 2631 647 2685 prae
680 2615 895 2673 caeteris
919 2612 1175 2668 Petavius
1211 2612 1311 2679 (De
1352 2609 1495 2663 Trin.
1530 2626 1626 2673 vu,
1676 2626 1726 2664 c.
1759 2611 1813 2673 4,
1850 2608 1932 2677 §8
1975 2611 2116 2681 seq.)
2220 2610 2637 2666 substantialem
2686 2606 2836 2680 [184]
2868 2623 2987 2662 esse
3039 2608 3306 2678 Spiritum
3366 2610 3534 2674 Patri,
3572 2612 3709 2678 quia
3753 2628 3821 2667 ex

534 2706 797 2762 ostendit.
2219 2703 2339 2771 ipso
2368 2703 2612 2770 procedit
2639 2718 2653 2766 ;
2678 2702 3208 2756 consubstantialem
3244 2700 3403 2769 Filio,
3428 2704 3719 2773 «nonquia
3754 2720 3821 2758 ex

613 2800 694 2853 i2.
730 2796 833 2853 Sed
864 2810 1083 2849 omnem
1114 2802 1298 2848 movet
1337 2792 1564 2847 Photius
1610 2791 1873 2862 lapidem,
1904 2802 1965 2847 ut
1997 2792 2118 2845 ina-
2219 2793 2338 2863 ipso
2356 2793 2596 2862 procedit
2627 2796 2837 2865 (apage,
2870 2808 2994 2846 cum
3058 2806 3239 2862 neque
3292 2792 3382 2846 ille
3426 2792 3556 2847 huic
3589 2805 3824 2862 preptcr

534 2906 661 2945 nem
693 2898 855 2958 atque
880 2888 1169 2942 absurdam
1199 2887 1359 2940 talem
1392 2886 1602 2941 Paulini
1632 2885 1779 2939 eﬂ'ati
1813 2885 2119 2956 iutelligen-
2220 2886 2675 2957 generationem),
2710 2885 2804 2940 sed
2823 2886 2949 2955 quia
2984 2902 3049 2940 ex
3084 2900 3191 2939 unc
3232 2894 3285 2940 et
3310 2886 3628 2939 indivisibili
3656 2889 3821 2955 prin-

535 2982 667 3035 tiam
685 2978 957 3034 ostendat.
984 2978 1038 3031 In
1066 2976 1258 3047 primis
1280 2975 1471 3030 eodem
1494 2976 1747 3040 artilicio,
1772 2977 1917 3046 quod
1942 2993 1993 3032 c.
2048 2977 2120 3032 20
2219 2978 2362 3047 cipio
2412 2978 2479 3030 ab
2514 2988 2723 3033 aeterno
2756 2978 2952 3047 :equali
2986 2977 3181 3032 ordine
3228 2980 3445 3047 utrique
3494 2982 3822 3052 progressio

539 3089 655 3142 seq.
686 3072 835 3127 circa
866 3070 1032 3124 verba
1062 3068 1265 3123 Christi
1287 3067 1447 3122 Joan.
1502 3084 1613 3131 va,
1654 3068 1739 3130 15.
1764 3068 2117 3131 adhibuerat,

539 3160 952 3217 conclusionem
986 3176 1016 3215 e
1052 3160 1233 3217 Galat.
1268 3177 1342 3223 IV,
1386 3158 1419 3213 6
1458 3159 1743 3214 deductam
1791 3159 2116 3213 contrariam
2146 3200 2189 3258 ο

537 3253 805 3310 doctrina:
822 3251 1026 3307 Christi
1055 3250 1281 3324 eliingit,
1321 3251 1775 3320 adversariosque
1806 3249 2118 3323 [1851Pau-

538 3347 649 3399 lum
683 3360 805 3399 eum
830 3344 1117 3399 Servatore
1149 3343 1487 3398 committere
1512 3354 1567 3397 et
1597 3341 1794 3412 injuria
1825 3351 2119 3411 utrumque

536 3434 753 3489 allicere
782 3435 1101 3505 pronuntiat
1153 3432 1226 3505 (c.
1267 3434 1381 3503 l8).
1420 3433 1627 3488 Deinde
1674 3452 1691 3484 ι
1746 3432 2002 3499 Ubinam,
2031 3432 2118 3485 in-

535 3526 655 3595 quit
685 3533 754 3591 (c.
791 3526 907 3597 49),
930 3524 1132 3581 Paulus
1150 3525 1323 3580 edixit
1354 3524 1621 3594 Spiritum
1651 3540 1718 3579 ex
1757 3522 1895 3578 Filio
1923 3539 2117 3594 proce-

534 3618 699 3675 dere?
732 3616 857 3671 Esse
898 3618 1117 3687 quidem
1166 3616 1298 3671 Filii
1355 3618 1554 3687 (neque
1601 3619 1747 3671 enim
1792 3618 2004 3673 alienus
2050 3617 2119 3673 ab

532 3710 675 3779 ipso,
705 3710 847 3780 quod
881 3711 1040 3777 absit)
1073 3719 1129 3764 et
1159 3706 1250 3764 ille
1275 3709 1411 3765 dixit
1445 3720 1500 3763 et
1546 3710 1785 3764 Ecclesia
1813 3710 1929 3775 Dei,
1952 3710 2117 3763 simul

532 3800 828 3856 conﬁtetur
861 3801 1256 3872 intelligitque;
1312 3801 1611 3870 procedere
1642 3810 1825 3854 autem
1871 3817 1939 3855 cx
1981 3800 2117 3856 Filio

532 3908 713 3963 neque
751 3907 818 3947 ex
861 3893 983 3961 ejus
1029 3892 1186 3947 labiis
1227 3893 1430 3950 divinis
1475 3894 1640 3948 rebus
1675 3894 1894 3963 repletis
1920 3894 2120 3963 prodiit

532 3999 796 4055 unquam,
840 3999 1019 4054 neque
1052 3984 1265 4054 piorum
1297 3983 1569 4053 quispiam
1621 3985 1825 4055 scripto
1868 3986 2115 4056 protulit,

533 4079 645 4132 imo
671 4092 743 4131 ne
772 4076 1233 4147 auribusquidem
1271 4077 1413 4131 hanc
1440 4077 1835 4147 blasphemiam
1863 4080 2117 4150 excipere

534 4170 812 4225 toleraret.
843 4173 915 4238 (c.
952 4169 1067 4237 49).
1100 4189 1118 4221 ο
1178 4168 1311 4224 Inde
1372 4170 1560 4241 exigit,
1618 4181 1676 4225 ut
1726 4171 1861 4225 nihil
1904 4172 2117 4228 dicatur

532 4270 734 4333 praeter
766 4262 821 4317 id
859 4263 1005 4332 quod
1028 4262 1164 4317 dixit
1190 4262 1503 4333 Apostolus,
1540 4272 1601 4318 ut
1632 4265 1751 4334 ejus
1776 4266 1938 4321 verba
1985 4266 2117 4321 reti-

532 4362 773 4409 neantur
802 4370 906 4409 nec
939 4356 1033 4410 tali
1075 4356 1414 4426 expositione
1442 4357 1820 4413 immutentur.
1850 4359 1970 4427 Quo
2008 4360 2111 4414 ista

530 4455 786 4517 spectant
820 4464 834 4503 :
868 4465 887 4499 ε
920 4445 1101 4513 Quare
1157 4445 1322 4521 igitur
1359 4463 1467 4502 non
1495 4457 1551 4505 et
1579 4459 1635 4504 tu
1682 4450 1799 4504 hsce
1824 4451 1980 4515 dicis,
2016 4452 2111 4505 sed

2220 3080 2324 3125 est.
2363 3091 2381 3121 ι

2296 3162 2383 3215 15.
2414 3160 2615 3214 Verum
2648 3161 3155 3216 acnominatiunem
3201 3162 3427 3231 Πνεῦμα
3456 3162 3547 3215 τοῦ
3586 3162 3725 3215 Υἱοῦ
3755 3179 3823 3219 ac

2222 3253 2429 3308 similes
2467 3254 2519 3307 in
2574 3254 2764 3307 biblico
2814 3262 2870 3307 et
2917 3253 3192 3323 patristico
3248 3268 3501 3307 sermone
3546 3254 3616 3307 ad
3645 3270 3822 3309 unam

2220 3348 2847 3403 consulistautialitatcm
2877 3346 3227 3401 referendam
3278 3363 3401 3401 esse
3454 3349 3619 3402 inane
3652 3364 3822 3417 pror-

2220 3454 2315 3494 sus
2344 3448 2398 3492 et
2429 3439 2623 3491 falsum
2677 3447 2759 3491 est
2816 3436 2951 3491 Nam
2991 3436 3030 3502 Ι)
3090 3436 3251 3491 latius
3282 3446 3429 3508 patet
3464 3437 3671 3491 dictio:
3727 3439 3821 3493 hic

2221 3540 2305 3588 est
2336 3532 2500 3590 illius,
2539 3548 2703 3601 quam
2725 3529 3025 3600 prepositio
3058 3546 3073 3583 :
3112 3530 3204 3584 hic
3221 3540 3307 3585 est
3337 3530 3410 3584 illi
3439 3531 3820 3584 consubs‘tan-

2222 3626 2386 3682 tialis.
2429 3624 2585 3693 Quod
2632 3626 2685 3678 in
2752 3625 2941 3692 primis
2971 3624 3062 3693 qui
3116 3624 3447 3695 peculiarem
3511 3632 3817 3678 tractatum

2220 3730 2408 3776 contra
2456 3728 2765 3774 asserentes
2816 3717 3081 3789 Spiritum
3126 3718 3222 3772 τοῦ
3274 3718 3409 3771 Υἱοῦ
3451 3719 3557 3772 dici
3616 3719 3709 3770 διὰ
3753 3721 3818 3771 τὸ

2218 3814 2505 3885 ὁμοούσιον
2531 3813 2563 3884 ἢ
2595 3812 2684 3865 διὰ
2711 3813 2771 3865 τὺ
2803 3812 3159 3883 χορηγεῖσθαι
3185 3812 3276 3865 ὑπ’
3299 3812 3462 3865 αὑτοῦ
3488 3814 3601 3874 τοῖς
3630 3812 3817 3876 ditat;

2219 3903 2565 3971 conscripsit,
2591 3902 2843 3971 Georgius
2865 3903 3211 3973 Puchymcres
3237 3914 3391 3975 urget
3419 3904 3501 3972 (G.
3525 3904 3587 3958 Ο.
3620 3904 3656 3966 I,
3676 3906 3815 3977 593)

2219 3993 2448 4048 dicens:
2489 4014 2505 4043 ι
2544 3994 2786 4059 Quilibet
2836 3996 3096 4050 fatebitur
3128 3997 3246 4050 τόδε
3278 3997 3434 4049 τοῖιδέ
3464 4015 3613 4061 τινος
3654 3996 3810 4052 εἶναι

2218 4085 2586 4141 universalius
2642 4087 2924 4156 praedicari
2989 4088 3273 4158 (ἐπιπλέον
3320 4086 3485 4158 εἶναι)
3525 4107 3695 4159 quam
3753 4095 3820 4144 τὸ

2216 4176 2526 4247 ὁμοούσιον.
2567 4179 2769 4234 Domus
2823 4182 3027 4235 etenim
3082 4182 3199 4236 haec
3251 4180 3497 4237 Socratis
3544 4192 3601 4237 ct
3647 4184 3821 4239 sedes

2216 4267 2504 4337 Platonis;
2542 4270 2638 4325 sed
2685 4286 2797 4326 non
2828 4274 3316 4328 consubstantialis
3346 4283 3450 4337 est,
3492 4290 3668 4344 neque
3711 4279 3821 4327 do-

2217 4376 2363 4426 mus,
2388 4377 2566 4433 neque
2599 4363 2759 4417 sedes
2788 4358 3129 4433 philosomiis
3167 4364 3291 4419 illis.
3338 4384 3355 4416 ι
3396 4365 3607 4420 Revera
3636 4369 3821 4421 uomi-

2217 4454 2435 4508 nativus
2486 4453 2726 4524 Spiritus
2750 4470 2871 4509 cum
2912 4456 3155 4526 genitivo
3186 4454 3307 4510 Filii
3339 4457 3545 4511 nemini
3603 4457 3820 4527 ingerit

530 4551 700 4607 prave
745 4538 901 4609 agis,
958 4538 1140 4591 omnia
1203 4538 1476 4609 susdeque
1545 4541 1709 4596 vertis
1765 4552 1819 4596 et
1885 4543 2113 4597 verbum
2147 4549 2191 4606 D
2222 4547 2810 4601 consulistantialitatis
2842 4548 3039 4601 ideam.
3078 4548 3277 4603 Verum
3305 4548 3373 4615 ιι)
3413 4549 3543 4602 nihil
3578 4550 3821 4617 prodest

530 4626 800 4695 praconis
837 4628 1107 4697 pervertis
1129 4637 1205 4693 et,
1237 4629 1380 4698 quod
1418 4631 1636 4699 gravius
1657 4641 1759 4693 cst,
1795 4633 1935 4687 hanc
1966 4641 2114 4688 tuam

532 4718 943 4788 perversionem
977 4725 1141 4787 atque
1174 4718 1572 4789 blasphemiam
1594 4719 1648 4773 in
1673 4720 1843 4789 ipsam
1872 4722 2115 4776 doctoris

601 4915 713 4987 (8'5)
754 4914 1008 4987 Graacum
1052 4913 1321 4969 Manuelis
1367 4922 1576 4987 textum
1613 4914 1705 4968 dat
1734 4912 1845 4969 Leo
1882 4915 2112 4987 Allatius

538 4984 753 5055 Vindic.
775 5002 892 5055 syn.
928 4984 1065 5053 Eph.
1104 5002 1156 5055 p.
1192 4987 1295 5038 124
1322 5003 1335 5038 :
1362 4985 1546 5055 ΠἘπεὶ
1576 4987 1684 5053 γὰρ
1716 4987 1774 5037 ὲν
1814 4987 1921 5048 τοῖς
1951 4986 2115 5049 Θείοις

523 5056 644 5109 τάδε
674 5054 852 5117 τοῦδέ,
884 5054 985 5123 τῆς
1017 5054 1151 5125 ὕλης
1186 5056 1281 5107 καὶ
1314 5054 1512 5125 τῶν-ὲν
1547 5055 1684 5124 αὐτῇ
1714 5056 2113 5125 παρεπομένων

522 5125 958 5195 ἁπεληλαμένῳν
975 5124 1090 5178 οὗθ’
1102 5123 1178 5188 ὡς
1197 5123 1499 5195 μὲλος,οὖο’
1514 5125 1590 5188 ὼς
1608 5123 1711 5193 uti;
1720 5123 1815 5193 [1.1,
1831 5123 1952 5178 οὐδὲ
1972 5127 2114 5181 κατὰ

525 5211 656 5265 τινα
671 5195 773 5265 ὑᾼπε
782 5193 948 5265 ρφχὴν
965 5196 1060 5248 καὶ
1077 5193 1337 5265 τοιαῦτην
1353 5195 1521 5264 ἄλλην
1543 5196 1853 5265 σίζειότητα
1872 5196 2111 5261 λέγεται,

528 5264 674 5337 καςᾲ
693 5263 749 5337 δὲ
771 5261 933 5337 praep»
946 5266 1119 5337 ai'rtov
1136 5266 1230 5318 xui.
1241 5261 1507 5337 αἶτιατδν,
1532 5268 1587 5337 ἐν
1609 5261 1653 5333 ᾧ
1679 5261 1824 5337 μόνῳ
1848 5269 1909 5319 τὸ
1926 5268 2012 5320 ire
2023 5285 2112 5337 ρον

526 5333 622 5409 ςτρῦ
650 5333 839 5404 ἑτέρου
861 5333 1239 5409 ᾷιαῃρςνεῂσυμαι
1262 5333 1759 5409 καταλαμεξάνομεν
1788 5333 1928 5409 (lucc
1947 5333 2109 5409 Greg.

528 5405 686 5488 Ely/ss.
705 5404 925 5489 asserit.
950 5405 1080 5489 Vide
1105 5406 1241 5489 inira
1264 5416 1379 5489 art;
1396 5404 1523 5476 Iv,'§
1544 5407 1598 5488 ἶ,
1622 5404 1753 5489 nota
1778 5408 1835 5489 l._
1852 5404 2109 5489 ngepev,

526 5473 610 5528 ὄεέι
643 5475 740 5549 καὶ
769 5476 830 5549 τί)
867 5475 1131 5549 λέγεᾳθαι
1163 5476 1293 5549 ῐᾷιον
1328 5473 1468 5549 εἶναι
1489 5473 1585 5549 τὶρῦ
1622 5477 1754 5549 Υιοῦ
1787 5480 1849 5530 τὸ
1882 5473 2110 5549 Πνεῦμα

528 5546 682 5616 κατὰί
730 5545 920 5616 τοῦτον
954 5546 1113 5616 μόνον
1152 5545 1244 5598 τὸν
1297 5548 1395 5616 τῆς
1443 5548 1625 5611 αἰτίας
1674 5548 1831 5616 λόγον
1884 5545 2108 5604 δύναέαι

529 5614 1073 5684 καταλαμϐάνεσθαι.

599 5686 715 5759 (84)
753 5687 863 5759 Καὶ
891 5686 953 5759 τὸ
983 5685 1211 5755 Πνεῦμα
1249 5686 1597 5759 αναφορικόν
1623 5690 1771 5741 ἐστιν
1813 5691 1984 5759 ὄνομα
2011 5691 2107 5759 κα)

531 5756 670 5829 πρὸς
718 5757 808 5809 τὸν
855 5758 1088 5829 πνέοντα
1130 5756 1445 5829 ἀπφδίδοταέ
1475 5758 1533 5821 ἐξ
1578 5758 1847 5829 ἀνάγκης,
1901 5756 1994 5813 ita!
2040 5756 2102 5813 οὗ

536 5824 754 5892 λέγεται
787 5826 1001 5899 πνεῦμα
1025 5826 1084 5894 ἐξ
1111 5828 1320 5883 ἐκείνου
1356 5829 1572 5892 πάντως
1602 5824 1947 5887 καταπνεῖ-ται.
1977 5834 2098 5885 Ὅτι

2222 4638 2264 4691 si
2297 4637 2364 4692 de
2400 4638 2463 4691 iis
2490 4639 2663 4691 solum
2720 4648 2913 4709 agatur
2962 4656 3084 4710 qua:
3125 4639 3598 4694 eonsubstantialia
3649 4644 3809 4694 nori-

2220 4748 2355 4786 mus.
2398 4751 2415 4782 ι
2453 4730 2609 4798 Quod
2641 4732 2707 4798 si,
2744 4753 2761 4785 ι
2816 4733 2888 4787 ita
2941 4733 3117 4803 pergit
3155 4732 3416 4802 praelatus
3446 4740 3659 4797 auctor,
3693 4752 3715 4783 ι
3759 4736 3818 4785 in

2217 4927 2328 4999 γὰρ
2358 4926 2671 4999 ἁναφῡρικὰ
2700 4928 2769 4978 τὰ
2804 4926 3163 4999 ὑποστατικὰν
3206 4926 3449 4999 ὀνόματα
3478 4928 3584 4999 τῆς
3625 4928 3817 4999 Τριά-

2216 4997 2328 5065 δοζ,
2353 4997 2530 5069 οὺδεὶς
2562 4999 2805 5069 ᾀντερεζ·
2843 4998 3214 5069 timaret:be
3237 4998 3291 5049 δὲ
3314 5000 3375 5049 τὸ
3406 4998 3509 5069 τοῦ
3536 4997 3686 5051 [1-αεῦ
3696 5020 3817 5069 μα-

2217 5084 2309 5140 τος
2341 5068 2514 5140 βνομα
2541 5066 2601 5118 τὸ
2643 5066 2868 5140 Πνεῦμα
2901 5068 2961 5140 τὸ
3005 5067 3160 5140 ἆγρον
3204 5068 3447 5140 λέγεται,
3479 5068 3669 5140 ὥσπερ
3698 5066 3814 5124 aut

2215 5137 2311 5191 τοῦ
2341 5138 2558 5207 Harpe;
2595 5140 2622 5190 ὁ
2655 5139 2840 5208 Πατὴρ
2864 5139 2956 5208 καὶ
2986 5140 3015 5189 ὁ
3050 5138 3171 5198 Υἱὸς
3200 5138 3293 5190 τοῦ
3332 5139 3460 5191 Υἱοῦ
3492 5155 3506 5168 ⁸
3546 5137 3649 5193 καῖ
3674 5144 3815 5193 dva-

2218 5210 2446 5279 φορικὸν
2468 5206 2541 5272 ἐξ
2572 5206 2839 5275 ἁνάγκηξ,
2874 5206 3063 5277 ὥσπερ
3086 5209 3179 5261 καὶ
3197 5210 3369 5261 ταὺτα
3396 5225 3409 5238 ·
3448 5210 3610 5279 εἴπερ
3636 5214 3810 5265 οὑσξα

2220 5280 2447 5350 μὲννοὺκ
2474 5280 2643 5337 ἐστιν,
2671 5279 2807 5350 ἄλλο
2838 5279 2894 5333 δὲ
2927 5281 3078 5350 παρὰ
3106 5279 3207 5341 τὰς
3237 5282 3521 5350 dwachch
3562 5284 3657 5333 καὶ
3696 5287 3810 5350 τὴν

2214 5347 2407 5401 ὸύσίαν
2430 5351 2487 5403 ὲν
2512 5353 2628 5413 τοῖς
2659 5349 2824 5411 θείοις
2858 5350 2958 5401 οὑκ
2980 5347 3148 5402 tactv.
3185 5350 3395 5415 ’Ὠσπερ
3420 5347 3519 5403 ὀῦν
3550 5353 3644 5403 τὸν
3666 5347 3811 5405 Υἰδν

2213 5418 2304 5492 {id
2329 5420 2390 5492 τὸ
2419 5421 2759 5492 ἀνᾼαφορικὲνγ
2781 5420 2953 5492 ὄνομα
2974 5416 3118 5492 εἶναι
3142 5421 3239 5492 καὶ
3269 5418 3621 5492 ἁπορἱοσθαι
3655 5424 3811 5492 πρὸς

2213 5489 2727 5560 Πατέρα,δεὸίαμεν
2753 5491 2880 5543 Υἱὺν
2904 5490 2998 5543 τοῦ
3027 5490 3348 5561 Πνεῦμα-τος
3376 5489 3579 5558 λέγειν,
3603 5492 3687 5544 ἰνα
3705 5489 3808 5561 ’μὴ

2214 5560 2885 5632 πατὴρααὺτοῦανομισὺῇ,
2923 5561 3074 5632 οὕτω
3100 5562 3193 5613 καὶ
3213 5563 3275 5613 τὸ
3308 5560 3552 5631 Πνεῦμα.
3589 5560 3809 5629 diverse;

2216 5630 2367 5699 ρικὸν
2396 5630 2568 5700 ὄνομα
2596 5630 2677 5692 ὃν,
2729 5630 3074 5693 καῐπάντως
3105 5632 3509 5701 ὰποδιδόίμενῡν
3542 5633 3807 5701 πρὸςντὸν

2155 5737 2175 5751 .
2209 5702 2467 5774 πνέοντα,
2496 5699 2559 5767 ἐξ
2607 5702 2817 5757 ἐκείνου
2868 5702 2960 5755 καὶ
3008 5703 3245 5767 πνεῖται,
3288 5699 3352 5758 οὗ
3383 5699 3615 5774 Πνεῦμα
3652 5700 3806 5754 εἶναι

2209 5770 2450 5838 λέγεται.
