4002 6414
133 378 213 441 Ml
823 385 920 444 DE
961 387 1023 447 S.
1065 383 1263 447 SPIR.
1301 390 1812 456 MYSTAGOGIA.
1838 418 1908 430 -
1943 394 2694 462 ANIMADVERSIONES.

3276 411 3383 474 442
3418 404 3431 409 ⁴

133 486 647 543 consubstantialibus
669 491 831 543 etiam
855 493 979 545 solis
1009 505 1309 563 quaeratur,
1350 496 1574 552 minime
1612 498 1695 575 in-
1726 506 1770 560 Α
1800 502 1998 570 quibus
2018 516 2390 563 conuuentum
2422 508 2551 562 illud
2575 510 2900 568 destruitur.
2927 532 2945 565 ι
2977 516 3081 581 Qui
3104 534 3378 589 asserunt,

132 579 421 645 veniemus,
452 580 511 634 in
540 582 1100 640 consubstantialibus
1126 587 1384 641 omnibus
1421 589 1573 659 sequi
1596 590 1699 644 hoc

130 677 345 744 hujusce
391 690 536 738 esse,
581 674 677 728 scd
724 676 864 730 etin
908 676 995 730 his
1044 678 1205 733 etiam
1243 680 1493 748 plurimis
1522 683 1700 737 modis

132 767 348 824 deﬁcere
374 765 730 835 comperitur.
758 766 1255 826 Consubstantialis
1275 772 1477 843 quippe
1504 772 1701 829 Petrus

131 868 201 915 est
224 858 395 913 Paulo
429 865 483 912 et
512 860 675 913 Petro
702 857 933 927 Paulus;
964 861 1072 915 sed.
1089 877 1268 932 neque
1296 864 1495 920 Paulus
1527 867 1698 932 Petri,

132 967 294 1018 neque
323 952 519 1008 Petrus
543 949 716 1006 Pauli.
756 952 887 1007 Ideo
943 934 1118 1007 multo
1166 955 1349 1011 minus
1392 959 1604 1027 patebit
1644 959 1703 1011 τὸ

131 1042 404 1113 ὁμοούσιον
436 1058 599 1112 quam
627 1043 687 1094 τὸ
733 1042 851 1096 τόδε
885 1043 1040 1097 τοῦδέ
1100 1062 1246 1109 τινος
1288 1042 1429 1101 εἶναι
1487 1048 1584 1101 κα).
1614 1047 1701 1100 λέ-

131 1135 328 1205 γεσθαι.
386 1135 541 1188 Tunc
593 1135 741 1189 enim
800 1136 1026 1192 omnino
1067 1139 1251 1193 minus
1301 1139 1702 1194 diffunderetur

131 1227 605 1293 ronsubstantiale,
639 1242 803 1296 quam
837 1228 940 1282 hoc
972 1229 1207 1301 alicujus
1239 1246 1361 1287 esse
1394 1242 1449 1287 et
1492 1233 1621 1298 dici,
1654 1233 1699 1287 si

136 1318 225 1373 hoc
247 1318 471 1387 quidem
513 1318 591 1373 illi
627 1334 696 1373 ex
746 1319 915 1373 altera
974 1330 1129 1389 parte
1180 1338 1290 1376 non
1343 1324 1701 1393 responderet

134 1411 260 1480 (οὐκ
292 1411 678 1483 ἀντέστρεφε),
710 1412 1073 1483 responderet
1102 1430 1234 1469 vero
1268 1430 1332 1470 ac
1376 1426 1700 1485 congrueret

134 1502 247 1557 huic
275 1503 783 1570 consubstantiale;
812 1521 937 1560 cum
974 1523 1104 1560 vero
1164 1509 1347 1563 minus
1374 1509 1444 1563 sit
1490 1519 1545 1563 ct
1588 1523 1696 1563 non

134 1610 301 1659 omne,
329 1595 477 1664 quod
504 1603 590 1649 est
630 1596 795 1650 alicui
837 1598 1328 1666 consubstantiale,
1356 1599 1520 1669 huius
1550 1599 1700 1654 dica-

136 1697 230 1752 tur,
260 1687 512 1758 ampliori
538 1703 797 1743 mensura
825 1690 1280 1745 consubstantiali
1304 1689 1485 1758 inerit,
1517 1691 1699 1747 minus

132 1795 259 1842 esse,
295 1795 461 1848 quam
496 1779 592 1845 illi,
625 1779 773 1850 quod
805 1780 1034 1851 hujusce
1060 1792 1161 1836 est.
1193 1801 1212 1835 ι
1252 1782 1510 1838 Similiter
1540 1784 1699 1856 Hugo

134 1871 451 1926 Etheriauus
509 1872 567 1943 (l.
607 1888 670 1939 ll,
716 1888 766 1927 c.
817 1874 907 1938 20,
944 1889 1000 1943 p.
1059 1874 1266 1943 1225):
1312 1874 1447 1930 Cum
1506 1892 1699 1932 omnes

130 1964 364 2018 homines
422 1964 566 2018 inter
622 1981 680 2019 se
726 1966 837 2020 sint
898 1967 1439 2033 consubstantiales,
1514 1979 1698 2025 tamen

140 2076 156 2108 α
196 2057 373 2112 nullus
398 2057 564 2111 homo
593 2055 744 2130 [185]
781 2059 834 2112 in
886 2074 954 2115 eo
988 2059 1134 2129 quod
1166 2061 1329 2114 homo
1380 2060 1488 2128 (vel
1538 2062 1697 2116 alteri

130 2146 621 2213 r-onsubstantialis)
653 2148 884 2203 alterius
917 2164 1038 2204 esse
1065 2149 1285 2205 dicitur.
1329 2169 1347 2202 ι
1395 2151 1576 2221 Pergit
1605 2150 1697 2221 lll)

133 2238 485 2309 Pachymeres
513 2240 592 2309 (p.
617 2239 743 2310 594)
773 2259 786 2294 :
819 2259 839 2292 ί
876 2238 989 2295 lloc
1018 2257 1280 2297 concesso
1312 2242 1700 2310 inquirendum

128 2343 222 2395 est,
252 2341 433 2387 utrum
493 2333 668 2404 magis
711 2348 768 2388 se
834 2334 1097 2389 extendat
1140 2350 1305 2390 causa
1352 2336 1569 2407 (αἴτιον)
1629 2352 1700 2391 an

128 2424 343 2481 cﬂectus
372 2424 687 2498 (αἰτιατόν).
716 2427 847 2483 Sine
876 2428 1044 2483 dubio
1073 2443 1259 2484 causa.
1302 2430 1483 2496 Quare
1504 2431 1549 2485 si
1578 2432 1701 2500 quis

127 2526 346 2586 quaerat,
380 2534 479 2573 cur
509 2518 685 2572 lumen
718 2521 860 2573 radii
889 2520 1091 2575 dicitur
1118 2521 1257 2593 (φῶς
1296 2523 1515 2586 ἀκτῖνος
1540 2522 1700 2591 λέγε-

124 2608 259 2677 ται),
306 2611 525 2664 stultum
571 2610 716 2666 foret
762 2614 1097 2681 respondere
1131 2631 1142 2666 :
1179 2614 1307 2684 quia
1338 2615 1702 2670 consubstan-

128 2699 253 2752 tiale
301 2708 413 2765 est;
476 2701 568 2754 sed
626 2702 670 2756 si
732 2704 855 2772 quis
902 2704 1219 2772 quzesierit:
1272 2705 1557 2773 Quomodo
1583 2707 1700 2763 haec

124 2793 603 2849 consubstantialia
638 2806 788 2858 sunt,
815 2806 943 2851 tunc
978 2798 1157 2853 locum
1197 2799 1362 2855 habet
1390 2801 1695 2871 responsio,

122 2884 244 2954 quia
278 2886 374 2938 hoc
411 2886 642 2955 hujusce
666 2888 885 2953 dicitur,
911 2890 1040 2945 licet
1074 2891 1128 2946 in
1160 2893 1413 2962 pluribus
1462 2895 1700 2949 consub-

123 2974 463 3030 stantialibus
496 2977 549 3031 id
602 2992 766 3031 causa
821 2995 929 3033 non
984 2981 1073 3035 sit.
1128 2980 1217 3037 Sic
1252 2992 1307 3038 et
1336 2985 1389 3036 in
1421 2985 1698 3055 proposita

122 3066 415 3134 qmestionc
450 3068 724 3137 quispiam
768 3070 989 3125 audebit
1024 3071 1236 3127 eﬂ‘erre.
1289 3072 1345 3127 Si
1376 3074 1548 3146 magis
1590 3076 1699 3131 late

1802 595 1881 649 ait
1932 594 2197 664 Georgius
2236 597 2635 668 Trapezuntius
2682 602 2771 673 (G.
2825 605 2890 660 0.
2938 606 2978 672 Ι,
3040 609 3163 677 511,
3192 624 3193 627 ‘
3222 629 3268 667 c.
3303 616 3382 682 4),

1804 686 1923 740 Filii
1980 685 2242 756 Spiritum
2296 690 2403 745 diei
2453 692 2597 746 κατὰ
2654 693 2714 746 τὸ
2758 696 3064 765 όμοούσιον,
3128 704 3382 762 delirant.

1802 780 1912 834 Cur
1953 781 2101 836 enim
2148 797 2262 836 non
2315 783 2549 839 dicimus
2586 786 2679 839 τὸν
2732 789 2954 861 Πατέρα
2989 794 3084 847 τοῦ
3124 797 3385 868 Πνεῦμα-

1802 889 1892 935 τος
1920 915 1935 939 ,
1986 889 2112 929 cum
2144 876 2392 944 ejusdem
2422 894 2486 933 ac
2517 878 2756 949 Spiritus
2791 893 3000 941 natura:
3027 889 3134 943 sit?
3169 891 3249 945 An
3276 908 3386 946 non
3456 926 3459 929 -

1802 965 2227 1031 apertum‘inde
2258 981 2532 1037 remanet,
2566 990 2691 1029 eum
2750 977 2840 1045 qui
2889 978 3103 1034 Patrem
3152 980 3388 1052 Spiritus

1802 1056 1958 1120 dicit,
1992 1057 2253 1128 Spiritum
2286 1061 2467 1118 dicere
2515 1065 2713 1121 Filium
2767 1077 2823 1123 et
2869 1070 3293 1141 blasphemare?
3324 1074 3389 1129 Et

1803 1149 2015 1219 pariter
2044 1167 2170 1206 eum
2210 1153 2304 1221 qui
2335 1153 2530 1211 Filium
2558 1158 2797 1229 Spiritus
2835 1162 2989 1225 dicit,
3024 1174 3213 1234 utpote
3267 1166 3390 1235 Spi-

1805 1241 1975 1297 ritum
2028 1242 2084 1296 in
2143 1243 2360 1299 Patrem
2406 1245 2551 1318 [t86]
2606 1252 3129 1309 translormantem?
3187 1277 3205 1308 ι
3245 1257 3390 1312 Sane

1802 1334 1959 1402 juxta
1988 1334 2134 1389 illam
2175 1337 2571 1405 expositionem
2624 1357 2749 1396 cum
2804 1353 2916 1400 tres
2972 1362 3223 1416 persona:
3279 1351 3389 1404 sint

1803 1426 1951 1481 inter
1998 1442 2059 1481 se
2117 1430 2634 1497 consubstantiales,
2696 1437 2961 1503 quaelibet
3018 1440 3244 1495 deberet
3281 1443 3387 1498 dici

1801 1518 2052 1573 alterius.
2090 1519 2251 1589 Atqui
2279 1521 2540 1578 abhorret
2569 1524 2637 1579 ab
2674 1526 2778 1581 hoc
2802 1527 3056 1598 loquendi
3086 1548 3202 1587 mos
3230 1534 3385 1588 theo-

1801 1609 2012 1680 logicus
2033 1618 2090 1665 et
2132 1611 2512 1680 Christianus;
2553 1624 2609 1670 et
2638 1616 2681 1671 si
2735 1618 2828 1687 qui
2880 1621 3195 1689 paucissimi
3238 1626 3323 1678 vel
3357 1641 3388 1680 e

1801 1703 2169 1760 schismaticis
2218 1705 2393 1774 fuere,
2432 1709 2527 1779 qui
2588 1709 2826 1781 Spiritus
2870 1715 3044 1769 sancti
3107 1719 3386 1787 proprium

1803 1794 2053 1852 dicerent
2077 1798 2273 1854 Filium
2307 1800 2400 1871 (ci.
2436 1802 2631 1858 Const.
2663 1805 2910 1862 llleliten.
2943 1820 3083 1864 orat.
3117 1810 3168 1875 1,
3202 1825 3250 1863 c.
3284 1810 3389 1877 '57;

1803 1889 1867 1945 ϐ.
1910 1889 1975 1946 0.
2015 1889 2079 1954 ll,
2126 1908 2182 1962 p.
2212 1892 2361 1959 746),
2411 1895 2629 1963 plurimi
2665 1906 2845 1952 tamen
2883 1898 2934 1951 id
2971 1901 3198 1954 omnino
3249 1901 3392 1971 reje-

1802 1990 2021 2048 cerunt,
2048 1983 2193 2039 inter
2215 2002 2353 2055 quos
2385 1986 2605 2043 Marcus
2633 1990 2906 2059 Ephesius
2929 2008 2947 2043 ο
2975 1990 3165 2059 Filius,
3196 1994 3389 2062 inquit,

1806 2072 2045 2145 Spiritus
2083 2079 2259 2133 sancti
2295 2095 2473 2149 neque
2508 2092 2594 2136 est
2636 2098 2816 2152 neque
2844 2084 3045 2140 dicitur
3092 2088 3390 2141 secundum

1805 2167 2130 2238 Gregorium
2162 2170 2465 2242 Nyssenum
2502 2175 2638 2245 (85').
2677 2196 2695 2229 ι
2734 2176 2912 2247 Hujus
2935 2179 3081 2233 enim
3118 2179 3233 2235 hate
3267 2190 3395 2235 sunt

1803 2260 2011 2315 verba:
2062 2260 2122 2313 '0
2149 2262 2276 2325 Υἱὸς
2307 2262 2403 2317 τοῦ
2444 2264 2763 2335 Πνεῦματος
2794 2266 2919 2320 οὕτε
2953 2268 3102 2321 ἐστιν
3137 2268 3259 2321 οὔτε
3304 2269 3395 2322 λέ-

1803 2368 1985 2418 γεται,
2021 2352 2140 2406 οὐδὲ
2192 2354 2547 2426 ἀντιστρέφει
2582 2357 2615 2425 ἡ
2652 2358 2877 2429 σχετικὴ
2904 2358 3045 2428 αὕτη
3076 2360 3389 2417 ἀκολουθία.

1804 2441 1912 2498 Sed
1943 2442 1988 2498 si
2016 2444 2117 2499 hoc
2144 2459 2257 2500 non
2280 2449 2641 2515 convertitur,
2677 2449 2731 2503 id
2764 2451 3390 2506 consubstantialitatem

1808 2550 1919 2589 non
1952 2535 2208 2603 denotat;
2241 2537 2285 2591 si
2317 2537 2462 2591 enim
2512 2540 2578 2593 ad
2630 2539 2921 2609 όμοούσιον
2978 2541 3117 2595 foret
3146 2542 3390 2596 referen-

1804 2627 1959 2690 dum,
1997 2627 2109 2696 jam
2138 2643 2170 2681 e
2199 2643 2468 2684 converso
2500 2629 2779 2685 diceretur
2828 2631 2903 2685 uti
2958 2631 3194 2701 Spiritus
3244 2632 3389 2695 Filii,

1803 2717 1882 2772 sic
1912 2717 2084 2773 Filius
2109 2718 2366 2789 Spiritus.
2402 2720 2667 2776 Praeterea
2699 2723 2972 2793 genitivus
3005 2723 3099 2776 τοῦ
3129 2722 3259 2776 Υἱοῦ
3307 2724 3392 2779 vel

1804 2810 2012 2867 indicat
2048 2812 2473 2880 possessionem,
2512 2815 2904 2883 proprietatem
2951 2815 3037 2869 vel
3075 2815 3391 2870 relationem

1802 2903 2126 2973 quamdam;
2158 2905 2457 2975 generatim
2480 2906 2533 2959 id
2554 2906 2752 2961 dicitur
2770 2907 3019 2975 alicujus.
3036 2908 3173 2976 quod
3189 2910 3258 2960 ad
3275 2924 3394 2960 eum

1805 3012 2118 3067 quocunque
2141 2998 2294 3051 modo
2325 2998 2571 3067 pertinet.
2628 3000 2733 3054 Sed
2765 3016 2829 3053 ex
2860 3000 3146 3069 principiis
3172 3000 3389 3054 theolo-

1805 3087 1942 3157 gicis
1974 3087 2202 3142 Patrum
2252 3088 2551 3145 relationes
2600 3091 2654 3143 in
2689 3089 2890 3144 divinis
2923 3099 3051 3145 sunt
3105 3092 3394 3145 relationes

122 3168 264 3254 patet
294 3174 415 3257 esse
446 3170 502 3214 et
533 3160 949 3257 diciSpiri‘tum
1005 3165 1150 3228 Filii,
1191 3176 1249 3221 ut
1272 3167 1385 3237 jam
1427 3184 1495 3224 ex
1537 3170 1697 3225 dictis
1726 3190 1769 3248 (ς
1804 3182 2071 3253 originis;
2108 3184 2333 3238 nomina
2367 3185 2531 3239 trium
2588 3201 2949 3255 personarum
3005 3186 3119 3257 ipsa
3150 3196 3279 3241 sum
3306 3203 3395 3241 re-

121 3248 183 3301 de
218 3249 786 3306 consubstantialitate
814 3252 1291 3323 fateri'debcmus,
1327 3259 1373 3315 si
1406 3262 1530 3328 quis
1555 3277 1703 3332 quaa-

120 3341 312 3395 sierit:
354 3341 536 3408 Quare
578 3346 1351 3423 eonsubstantialis‘Spiritus
1411 3349 1552 3408 Filio
1584 3356 1704 3410 est?

120 3435 397 3489 commode
422 3436 867 3505 respondebitur,
896 3439 1041 3508 quod
1066 3436 1188 3495 Filii
1226 3440 1466 3511 Spiritus
1500 3444 1703 3501 dicitur

117 3526 352 3596 Spiritus
369 3536 830 3600 sanctus;neque
868 3532 1018 3586 enim
1072 3533 1339 3588 ascititius
1367 3535 1703 3609 (ἐπίκτητον)

117 3632 198 3672 est
222 3620 321 3685 illi,
349 3630 411 3676 ut
430 3623 590 3677 nobis
609 3633 737 3677 sunt
762 3639 825 3679 ea
845 3641 967 3694 qua:
990 3626 1354 3695 possidemus,
1376 3628 1472 3683 sed
1496 3641 1706 3684 a-terno

114 3728 175 3765 ac
195 3716 433 3769 naturali
449 3716 613 3770 modo
636 3732 986 3785 promanans.
1015 3717 1171 3774 Sicut
1193 3720 1236 3775 si
1257 3721 1379 3788 quis
1395 3733 1667 3791 quaereret
1688 3742 1702 3778 :

116 3806 293 3869 Quare
351 3808 835 3863 consulistaulialis
881 3818 966 3865 est
1019 3809 1189 3869 Filius
1230 3812 1700 3880 Patri?dicimus,

113 3903 234 3967 quia
285 3899 467 3955 Patris
511 3900 682 3956 Filius
728 3904 801 3957 sit
833 3902 1040 3971 Filius;
1095 3914 1149 3962 et
1200 3915 1285 3961 est
1345 3916 1609 3977 praeterea
1640 3924 1708 3963 ex

113 3989 271 4046 Patre
302 3993 610 4047 secundum
641 3994 1032 4062 substantiam,
1058 3997 1153 4051 sed
1173 4012 1283 4052 non
1309 3999 1385 4051 uti
1410 4009 1704 4055 creaturae.

110 4084 178 4136 At
215 4100 355 4137 vero
389 4086 720 4155 respondere
749 4086 817 4141 ad
855 4089 1236 4157 quazstionem,
1269 4106 1368 4145 cur
1404 4089 1525 4145 Filii
1551 4092 1706 4147 dica-

112 4186 199 4231 tur
244 4177 508 4247 Spiritus,
540 4180 686 4247 quod
716 4179 792 4234 illi
839 4182 1331 4237 consubstantialis
1356 4193 1462 4247 est,
1499 4185 1708 4239 insulsa

107 4277 190 4322 est
228 4271 528 4339 responsio
556 4281 613 4326 et
638 4287 747 4325 non
773 4272 930 4341 juxta
960 4273 1275 4330 dialecticas
1314 4275 1480 4345 leges.
1519 4278 1705 4333 Minus

108 4360 257 4417 enim
301 4370 457 4432 patet
505 4364 977 4419 consubstantiale
1023 4380 1089 4418 eo
1146 4366 1293 4435 quod
1346 4374 1432 4420 est
1479 4367 1707 4436 hujusce

105 4470 249 4508 esse.
289 4455 365 4507 [at
389 4455 665 4529 quomodo
690 4455 836 4525 quod
876 4455 1061 4511 minus
1091 4473 1212 4513 sese
1262 4459 1528 4523 extendit,
1560 4459 1709 4513 illius

1808 3275 1995 3339 lativa,
2027 3276 2323 3331 denotatur
2352 3278 2536 3347 itaque
2573 3279 2662 3333 hic
2693 3279 2956 3334 habitudo
2985 3280 3211 3350 originis
3246 3280 3385 3351 (86).

1808 3366 1995 3436 Neque
2041 3383 2203 3423 secus
2250 3370 2391 3424 ratio
2438 3371 2593 3425 reddi
2636 3381 2845 3441 posset,
2904 3387 3003 3426 cur
3030 3388 3140 3427 non
3184 3373 3397 3427 dicatur

1811 3458 1983 3513 Filius
2011 3460 2268 3528 proprius
2308 3460 2548 3530 Spiritus
2576 3463 2773 3525 sancti,
2804 3462 2964 3516 Pater
2992 3465 3245 3534 proprius
3269 3462 3397 3533 Spi-

1810 3550 1967 3605 ritus.
2020 3550 2415 3620 Proprietatem
2449 3568 2559 3606 non
2602 3554 2768 3607 habet
2817 3555 2998 3609 divina
3048 3570 3277 3625 persona
3340 3557 3394 3609 in

1810 3642 1993 3707 aliam,
2048 3642 2153 3696 nisi
2194 3642 2511 3699 habitudine
2561 3646 2840 3715 principii.
2903 3646 3235 3702 Recolantur
3276 3663 3398 3717 qua:

1811 3732 1859 3804 (§
1888 3733 1973 3802 11)
2005 3750 2073 3787 ex
2110 3731 2436 3789 Bessarione
2464 3736 2812 3789 adduximus.
2838 3735 3051 3802 Quibus
3078 3738 3176 3791 ista
3200 3753 3396 3792 conso-

1809 3822 2176 3894 nantlieorgii
2195 3823 2545 3893 Trapezuntii
2568 3825 2630 3893 (Ι.
2655 3840 2702 3878 c.
2729 3825 2924 3895 p.54l,
2952 3825 3077 3896 542)
3104 3844 3116 3879 :
3144 3844 3161 3877 ι
3190 3824 3397 3892 Quem-

1812 3916 2105 3970 admodum
2152 3917 2313 3969 Pater
2360 3926 2414 3969 et
2456 3916 2626 3971 Filius
2650 3920 2871 3971 nomina
2904 3926 3032 3971 sunt
3060 3918 3397 3989 hyposlatica

1810 4005 2032 4062 modum
2086 4007 2389 4061 exsistendi
2435 4007 2547 4073 (τὸν
2581 4007 2783 4077 τρόπον
2830 4006 2927 4060 τοῦ
2976 4004 3138 4079 εἶναι)
3203 4009 3397 4063 harum

1814 4097 1965 4171 [187]
2004 4098 2373 4169 hypostaseon
2403 4098 2723 4163 indicantia,
2759 4100 2875 4169 pari
2900 4099 3111 4153 ratione
3139 4108 3195 4153 et
3222 4098 3399 4169 Spiri-

1810 4200 1901 4247 tus
1962 4205 2164 4247 nomen
2218 4192 2619 4261 hypostaticum
2679 4200 2783 4255 est,
2837 4191 3131 4246 exsistendi
3177 4192 3399 4246 modum

1811 4284 1986 4356 ipsius
2023 4284 2400 4338 manifestans.
2434 4284 2510 4337 Ex
2542 4283 2703 4337 Patre
2733 4299 2862 4355 ergo
2888 4293 2943 4338 et
2969 4285 3106 4338 Filio
3136 4285 3399 4353 spiratur,

1812 4390 1937 4431 cum
1972 4376 2258 4429 amborum
2301 4374 2373 4428 sit
2408 4374 2666 4443 Spiritus.
2708 4394 2727 4426 ι
2776 4374 2883 4444 (Ci.
2911 4376 3097 4429 eumd.
3150 4376 3216 4429 ad
3235 4375 3397 4431 Joan.

1813 4468 2041 4523 Cubocl.
2079 4483 2129 4520 c.
2173 4466 2261 4533 10,
2292 4483 2345 4536 p.
2379 4466 2530 4536 487.)
2567 4466 2812 4531 Accedit,
2847 4468 2990 4537 quod
3022 4468 3172 4537 juxta
3213 4468 3400 4522 Patres

104 4548 252 4611 quod
300 4547 499 4618 rragis,
531 4564 753 4602 causam
778 4564 900 4604 esse
943 4550 1269 4604 fatebimur?
1304 4550 1476 4603 Causa
1502 4551 1704 4605 etenim
1736 4562 1790 4621 1)
1815 4559 2034 4615 Graecos
2063 4560 2253 4613 eodem
2282 4560 2518 4628 Spiritus
2547 4560 2709 4614 modo
2732 4562 2990 4630 proprius
3012 4570 3095 4614 est
3122 4561 3267 4624 Filii,
3289 4577 3397 4630 quo

101 4643 169 4696 de
194 4644 459 4715 pluribus
496 4643 579 4697 Vt‘l
628 4643 873 4707 paribus,
911 4642 957 4697 si
1011 4653 1200 4699 contra
1238 4653 1513 4707 versatur,
1560 4659 1709 4699 nun-

102 4753 272 4806 quam
309 4752 443 4789 vero
475 4738 543 4790 de
574 4736 944 4805 paucioribus.
978 4755 996 4787 ι
1024 4735 1107 4805 (Ρ.
1131 4736 1281 4805 595.)

173 4831 267 4882 14.
304 4830 415 4883 Alii
443 4847 573 4883 vero
600 4830 858 4900 Thcologi
887 4837 943 4883 et
964 4830 1099 4883 alias
1127 4829 1417 4899 proferunt
1447 4830 1708 4895 rationes,

172 5006 298 5080 (85)
350 5002 1145 5080 litarc.__Ephes_._in‘confess.
1195 5023 1284 5076 ap.
1312 5007 1539 5080 Gregor.
1588 5010 1710 5080 Lpl.

100 5078 267 5144 Apol.
348 5077 475 5128 cod.
523 5073 676 5144 Moti.
734 5076 802 5128 27
854 5075 893 5129 f.
958 5077 1058 5131 H7
1090 5092 1142 5131 a.
1202 5073 1400 5131 ίὈδὲ
1427 5073 1583 5142 ’Υἱὸς
1615 5073 1712 5133 τοῦ

100 5142 253 5199 live-3
266 5163 450 5217 ματος
475 5142 599 5197 οὔτε
625 5145 773 5198 ἔστιν
805 5144 929 5199 οὔτε
956 5146 1177 5216 λέγεται
1211 5150 1353 5201 κατὰ
1374 5148 1464 5201 τὸν
1488 5150 1713 5223 Νύσσης

95 5220 451 5285 Γρηγόριον.

144 5235 553 5359 ρῖὲῖδρὲἔδτε,
590 5285 775 5359 Schol.
809 5288 876 5342 ad
904 5304 1023 5357 cap.
1061 5289 1129 5342 12
1168 5287 1389 5357 Ephesii
1424 5288 1567 5355 (cod.
1617 5290 1711 5347 cit.

96 5360 135 5413 1³.
172 5357 299 5413 2H)
335 5360 414 5415 θ.)
463 5357 665 5429 exinde
712 5358 1234 5429 demonstrationem
1284 5376 1314 5413 a
1350 5360 1556 5414 Latinis
1603 5364 1714 5429 peti

92 5434 298 5493 docet,
333 5428 429 5497 Μὴ
453 5426 567 5500 δεῖν
591 5428 813 5481 ἐπὶτῶν
842 5427 1002 5481 θείων
1024 5430 1191 5498 ἄλλην
1214 5432 1334 5482 τινὰ
1362 5430 1548 5500 σχέσιν
1573 5426 1712 5500 τὲλὴν

1814 4662 1899 4708 est
1942 4653 2196 4724 proprius
2224 4653 2419 4707 Patris.
2467 4652 2574 4707 Sed
2606 4653 2759 4723 juxta
2813 4654 3031 4707 eosdem
3068 4654 3253 4707 Patres
3282 4668 3400 4721 pro.

1813 4746 1966 4817 prius
1999 4753 2084 4799 est
2123 4744 2300 4799 Patris
2334 4753 2392 4799 ut
2418 4760 2483 4798 ex
2523 4760 2590 4799 eo
2618 4746 2951 4815 procedens;
2994 4746 3146 4813 juxta
3177 4744 3397 4797 eosdem

1814 4837 1978 4910 igitur
2005 4846 2088 4893 est
2104 4836 2358 4907 proprius
2407 4836 2528 4891 Filii
2568 4845 2628 4891 ut
2658 4838 2726 4891 ab
2765 4853 2832 4892 eo
2869 4836 3226 4907 progrediens
3256 4835 3396 4906 (87).

1820 5012 1977 5067 Vind.
2007 5027 2059 5066 c.
2100 5010 2200 5070 96.
2238 5027 2291 5080 p.
2328 5011 2449 5066 118)
2479 5028 2494 5063 :
2526 5010 2686 5063 ’Ἱδιον
2710 5008 2815 5079 γὰρ
2850 5008 2910 5062 τὸ
2940 5006 3164 5080 Πνεῦμα
3197 5009 3313 5080 Eccl
3335 5010 3399 5063 τὸ

1819 5084 1975 5150 ἅγιον
2001 5082 2096 5135 τοῦ
2152 5078 2315 5140 nas.
2358 5082 2611 5149 καθάπερ
2648 5080 2851 5150 ἀμέλει,
2888 5080 2979 5132 καὶ
3014 5078 3108 5131 τοῦ
3141 5078 3278 5132 Θεοῦ
3306 5081 3400 5133 καὶ

1819 5152 2057 5218 Πατρός.
2087 5152 2359 5218 Respons.
2385 5153 2450 5204 ad
2481 5151 2809 5204 Theodoret.
2832 5149 2993 5203 Allat.
3026 5150 3061 5202 I.
3104 5165 3153 5204 c.
3188 5166 3239 5218 p.
3270 5150 3394 5216 119,

1819 5222 1946 5284 120)
1978 5218 2121 5275 εἯν
2153 5218 2261 5292 γὰρ
2288 5223 2382 5275 καὶ
2412 5222 2563 5292 ἔστιν
2597 5219 2760 5292 αὑτοῦ
2789 5219 2851 5271 τὸ
2876 5219 3119 5292 Πνεῦμα,
3148 5220 3401 5292 καθάπερ

1818 5294 2019 5361 ἀμέλει
2049 5293 2148 5345 καὶ
2182 5290 2277 5345 τοῦ
2313 5291 2547 5360 “acpbe,
2580 5308 2633 5343 κ.
2659 5290 2820 5361 τζλ..
2868 5291 2957 5343 ubi
2993 5291 3212 5345 adducit
3242 5290 3397 5345 Boni.

1819 5359 1943 5423 Vill.
1980 5363 2036 5427 8,
2086 5364 2140 5417 9.
2188 5362 2397 5417 Deinde
2438 5359 2663 5431 pergit:
2701 5359 3091 5431 'EXﬁOpEGETdt
3144 5362 3240 5430 μὲν
3290 5364 3400 5431 γὰρ

1820 5433 1898 5495 ὡς
1927 5434 1991 5486 ὲκ
2027 5432 2122 5485 τοῦ
2171 5433 2306 5485 Θεοῦ
2347 5432 2444 5485 καὶ
2499 5430 2711 5501 Πατρὸς
2760 5430 2821 5501 το
2872 5430 3096 5501 Πνεῦμα
3128 5432 3189 5483 τὸ
3238 5432 3396 5501 ἅγιον

1821 5503 1964 5556 κατά
1991 5502 2092 5571 τὴν
2124 5502 2220 5555 τοῦ
2265 5502 2524 5572 Σωτῆρος
2551 5500 2734 5569 φωνὴν
2780 5500 2959 5569 (Joan.
3004 5500 3095 5562 xv.
3124 5502 3239 5568 26),
3275 5500 3394 5572 dum

88 5503 200 5584 τῇς
230 5500 377 5553 κατ’
407 5497 591 5550 αἰτίαν
617 5500 780 5563 νοεῖν,
823 5499 1024 5551 ὁπόταν
1052 5497 1239 5571 ἕτερον
1268 5497 1457 5570 ἑτέρου
1486 5497 1715 5571 λέγηται

86 5587 303 5710 εινῶῗ)
350 5637 546 5710 pyri".
572 5636 728 5710 Alex.
756 5638 812 5693 in
841 5638 997 5695 Joan.
1034 5656 1144 5694 xvi.
1179 5640 1291 5710 (ap.
1318 5639 1509 5695 Const.
1542 5641 1708 5696 Melit.

89 5707 551 5780 (2.Ὀ.’11,⁷6ἶ1)
586 5725 599 5761 :
631 5709 843 5780 Ὥσπερ
868 5710 975 5778 γάρ
1008 5713 1156 5762 ἐστιν
1189 5707 1322 5762 ἷδὶον
1370 5710 1593 5780 Πνεῦμα
1623 5712 1714 5764 τοῦ

90 5782 237 5835 Υῖοῦ
261 5778 530 5850 (pueruli;
550 5780 607 5850 sy
628 5779 778 5849 αὑτῷ
802 5779 1047 5850 ὑπάρχον
1066 5781 1157 5833 καὶ
1178 5780 1254 5833 δι’
1278 5781 1465 5835 αὐτοῦ
1483 5778 1713 5849 προϊὸν,

83 5852 247 5905 οὕτω
286 5847 523 5903 καὶτοῦ
551 5847 785 5919 Πατρὸζ.
834 5847 1101 5920 llcspons.
1147 5851 1213 5905 ad
1260 5850 1470 5906 Orient.
1525 5847 1710 5906 lAlJat.

1820 5574 1922 5626 οὐκ
1953 5568 2235 5642 ἀλλότριόν
2276 5573 2395 5624 ἐστι
2428 5568 2538 5642 ’τοῦ
2574 5571 2734 5623 Υἱοῦ·
2775 5568 2955 5625 πάντα
2983 5571 3231 5642 γὰρ-ἔχει
3265 5568 3401 5640 μετὰ

1820 5645 1915 5695 τοῦ
1967 5638 2208 5712 Πατρὶς,
2238 5644 2332 5694 καὶ
2381 5640 2540 5693 τοῦτο
2575 5641 2746 5712 αὐτὸς
2787 5638 3027 5705 ἐδίδαξεν
3061 5638 3238 5712 Upim.
3267 5638 3397 5712 ixgvt,

1822 5713 1932 5791 lii).
1967 5709 2135 5791 idem.
2158 5713 2231 5791 .iu
2260 5712 2416 5791 {ea}
2442 5711 2604 5791 _t,_3‘:?._
2631 5727 2646 5763 :
2672 5712 2883 5791 Ἰρίς-πεί)
2908 5709 3130 5791 γὰριτοῦ
3166 5710 3399 5791 Πατρός,

1821 5779 1965 5835 οὕτω
1996 5782 2061 5851 δὴ
2090 5783 2183 5834 καὶ
2212 5782 2304 5834 τοῦ
2336 5781 2467 5834 Υἱοῦ
2498 5782 2615 5833 ἐστὶ
2644 5782 2705 5833 τὸ
2735 5779 3049 5851 Πνεῦμαᾉτδ
3074 5781 3260 5851 Αᾶγτον.
3282 5779 3399 5851 ilia-

1821 5852 1909 5907 sil.
1962 5848 2415 5922 ad'Amphilocl-i.
2470 5853 2679 5922 (Const.
2733 5848 2901 5906 Melit.
2949 5849 3013 5907 G.
3054 5848 3117 5904 0.
3158 5849 3224 5916 ll,
3270 5850 3397 5909 665.
