4008 6434
217 414 338 480 445

958 416 1055 478 DE
1087 418 1148 502 S;
1191 417 1390 478 SPIR.
1427 415 1934 477 MYSTAGOGIA.
1964 438 2036 450 —-
2064 388 2807 473 ANIMADVERSION‘ES.

3409 409 3518 474 “6

220 528 425 584 naliter
451 528 564 601 (94)
598 529 930 600 accipiatur;
967 540 1210 586 attamen
1244 547 1341 600 per
1388 546 1447 585 se
1477 547 1585 585 non
1625 532 1697 585 ita
1728 546 1813 584 re—
1845 537 1889 590 Α
1919 528 2126 597 cipium
2145 538 2200 580 et
2233 522 2812 595 prineipiatum.Sicut
2834 524 2983 580 calor
3002 524 3132 580 solis
3152 524 3352 579 dicitur
3371 526 3521 581 calor

216 614 490 670 lationem
536 616 763 688 originis
803 618 1137 682 manifestat,
1176 619 1317 674 sicut
1366 619 1541 674 Patris
1599 628 1656 674 et
1689 619 1814 674 Filii

218 707 475 761 nomina.
525 726 545 759 ι
584 705 687 762 Per
732 726 787 763 se
844 709 991 764 enim
1022 709 1257 780 Spiritus
1282 727 1460 781 neque
1491 713 1557 766 atl
1600 710 1816 766 Patrem

220 798 491 864 refertur,
521 815 703 869 neque
739 802 808 856 ad
839 800 1035 857 Filium
1078 821 1096 854 ι
1140 801 1451 870 (Bessarion
1487 818 1654 873 supra
1690 802 1717 874 §
1749 805 1809 857 11

221 903 282 948 et
304 892 465 947 Joau.
506 892 815 964 Theologus
864 893 1006 948 intra
1039 905 1143 949 art.
1206 911 1323 965 seq.
1374 894 1401 965 §
1462 895 1515 965 1)
1552 914 1570 947 ι
1612 896 1707 950 sed
1751 895 1819 950 ad

220 984 532 1052 spirantem
579 1003 597 1036 ι
627 984 832 1053 (ibid.).
863 985 941 1039 Ex
986 984 1118 1040 hinc
1163 986 1275 1054 jam
1308 986 1598 1055 disparitas
1646 994 1817 1057 patet.

224 1074 383 1149 [191]
461 1076 600 1131 Dum
668 1077 874 1132 dicitur
922 1075 1085 1131 Pater
1121 1076 1278 1143 Filii,
1323 1078 1649 1150 intelligitur
1696 1078 1820 1133 Filii

220 1169 431 1234 Pater;
462 1185 563 1225 nec
598 1178 779 1240 potest
811 1169 980 1224 Filius
1019 1186 1116 1238 pro
1146 1170 1416 1241 principio
1447 1171 1612 1235 sumi,
1660 1171 1822 1226 Pater

224 1280 331 1335 pro
358 1263 692 1334 principiato
714 1280 727 1325 ;
749 1263 844 1317 sed
881 1262 925 1316 si
958 1263 1157 1316 dicitur
1175 1260 1222 1313 F
1228 1262 1351 1316 ilius
1373 1263 1543 1316 sancti
1565 1261 1816 1332 Spiritus,

222 1355 398 1410 verba
437 1354 684 1410 indicant
716 1354 914 1408 Filium
947 1369 978 1408 a
1026 1352 1236 1423 Spiritu
1280 1354 1547 1425 originem
1589 1356 1817 1421 habere,

227 1447 499 1516 Spiritum
525 1462 648 1501 esse
679 1445 917 1511 Patrem,
957 1446 1099 1515 quod
1132 1447 1455 1501 absurdum.
1506 1446 1667 1501 Pater
1694 1446 1823 1516 Spi-

227 1540 367 1593 ritus
410 1539 518 1594 dici
572 1539 783 1608 nequit,
822 1539 944 1609 quia
980 1548 1114 1594 tunc
1165 1538 1405 1609 Spiritus
1456 1538 1598 1593 foret
1629 1538 1820 1601 Filius,

231 1629 413 1685 Filius
461 1629 693 1699 Spiritus
733 1630 840 1685 dici
880 1646 990 1685 non
1024 1640 1224 1701 potest,
1256 1631 1384 1701 quia
1420 1638 1551 1685 tunc
1580 1629 1820 1700 Spiritus

228 1723 373 1779 foret
404 1724 581 1778 Pater.
614 1722 775 1777 Aliud
794 1732 871 1776 est
900 1741 1007 1777 esse
1038 1724 1266 1793 alicujus
1296 1723 1639 1791 simpliciter,
1673 1722 1823 1777 aliud

228 1830 361 1870 esse
402 1815 621 1869 Patrem
650 1815 731 1868 vel
773 1816 969 1870 Filium
1005 1817 1280 1887 alicujus;
1304 1831 1469 1886 porro
1508 1816 1669 1870 Pater
1708 1832 1818 1869 non

226 1908 432 1961 dicitur
484 1905 601 1959 Filii
653 1921 775 1961 esse
833 1907 1087 1977 pr0prius
1139 1908 1490 1978 simpliciter.
1541 1907 1639 1962 sed
1691 1907 1818 1961 Filii

226 1996 426 2061 Pater;
458 1998 512 2052 id
554 1997 1001 2069 subintelligitur,
1028 2000 1173 2070 quod
1206 2000 1326 2069 ejus
1358 2000 1434 2053 sit
1469 1998 1653 2053 Pater.
1693 1997 1816 2052 Pari

229 2089 398 2142 modo
430 2088 711 2143 diceretur
752 2088 991 2159 Spiritus
1033 2090 1295 2159 spirantis
1345 2105 1467 2145 esse
1499 2102 1553 2145 et
1602 2089 1820 2160 spirans

227 2179 471 2248 Spiritus
514 2179 685 2233 sancti
728 2179 960 2247 spirator
1008 2194 1103 2234 seu
1135 2180 1435 2252 προϐολεὺς
1471 2179 1818 2250 Πνεῦματος.

229 2269 362 2325 llme
394 2270 655 2325 vocabula
696 2270 798 2326 sibi
837 2270 902 2324 ad
950 2272 1222 2327 amussim
1264 2271 1598 2341 respondent
1650 2280 1705 2325 et
1752 2270 1820 2326 ad

230 2360 378 2415 ideut
404 2359 684 2430 pertinent
706 2377 900 2431 genus,
934 2362 1182 2431 adeoque
1206 2362 1588 2417 confusionem
1610 2371 1817 2416 arcent.

232 2450 404 2505 Recta
439 2467 654 2507 rursum
689 2454 892 2508 dicitur
925 2471 939 2507 :
972 2453 1129 2509 Pater
1175 2462 1229 2509 et
1260 2455 1428 2509 Filius
1463 2462 1590 2508 sunt
1622 2456 1822 2525 προϐο-

230 2543 349 2605 λεῖς
383 2543 727 2615 (προϐολεὺς)
776 2546 1116 2616 Πνεύματος,
1161 2547 1259 2602 sed
1294 2563 1405 2602 non
1445 2546 1817 2617 simpliciter:

230 2635 400 2691 Pater
421 2645 470 2690 et
491 2636 659 2691 Filius
691 2647 810 2691 sunt
840 2636 1069 2709 Spiritus
1100 2639 1292 2692 sancti.

308 2726 397 2781 16.
437 2726 627 2797 Neque
653 2744 804 2794 vero,
840 2730 983 2798 quod
1018 2730 1247 2784 subdole
1274 2744 1339 2783 ac
1376 2745 1635 2798 perverse
1675 2730 1823 2786 Lati-

231 2818 325 2873 nis
391 2818 617 2873 ascribit
658 2819 888 2875 Pbotius
917 2822 988 2890 (c.
1031 2821 1144 2892 59),
1177 2820 1214 2874 ii
1247 2836 1487 2890 unquam
1527 2821 1767 2877 docuere
1805 2841 1819 2877 :

231 2908 387 2976 Quod
414 2911 643 2981 alicujus
691 2929 798 2966 esse
828 2912 1041 2977 dicitur,
1073 2929 1137 2966 ea:
1178 2930 1236 2967 eo
1266 2912 1347 2966 uel
1374 2913 1439 2966 ab
1478 2929 1537 2966 eo
1571 2923 1669 2967 est.
1717 2914 1821 2969 P0-

239 3014 353 3058 test
389 3011 536 3058 certe
569 3003 672 3059 hoc
698 3004 842 3058 illius
862 3003 968 3059 dici
996 3003 1080 3059 vel
1112 3010 1171 3057 ut
1210 3003 1485 3073 possessio
1527 3004 1820 3074 possiden-

235 3097 308 3151 tis
336 3096 425 3151 vel
456 3104 514 3150 ut
544 3112 672 3166 pars
712 3096 879 3150 totius
923 3096 1012 3151 vel
1059 3103 1118 3149 ιιι
1156 3096 1384 3150 effectus
1418 3111 1596 3150 causa:
1632 3096 1718 3150 vel
1763 3104 1825 3152 ut

1921 638 1951 675 a
1968 623 2082 675 sole
2095 629 2372 680 causatus,
2397 617 2539 672 sicut
2556 618 2579 671 f
2582 627 2768 673 ructus
2780 619 2993 674 arboris
3015 618 3227 675 fructus
3241 620 3310 674 ab
3325 621 3519 676 arbore

1921 713 2246 783 productus,
2281 711 2353 765 ita
2381 709 2624 780 Spiritus
2656 709 2776 764 Filii
2805 719 2891 766 cst
2915 711 3160 781 Spiritus
3194 728 3293 782 per
3320 712 3515 767 Filium

1922 804 2186 867 emissus,
2243 811 2304 856 ut
2334 801 2725 873 principiatum
2758 803 3013 873 principii
3051 814 3155 860 est.
3200 804 3352 860 Vane
3387 821 3517 877 ergo

1924 895 2257 973 Colliguntur
2285 895 2532 965 exempla
2573 895 2836 950 similium
2867 896 3191 961 dictionum,
3223 884 3315 952 ubi
3347 899 3411 951 de
3432 900 3516 950 rli-

1924 989 2062 1041 viuis
2087 988 2321 1056 personis
2365 1002 2545 1041 sermo
2602 1003 2712 1041 non
2770 997 2873 1044 est.
2930 988 3115 1059 (Phot.
3157 1004 3207 1043 c.
3250 990 3317 1043 57
3374 990 3516 1061 seq.)

1923 1080 2133 1135 Dicitur
2197 1078 2437 1149 Spiritus
2483 1080 2808 1150 sapientiae,
2878 1080 3104 1150 spiritus
3181 1080 3514 1147 intellectus,

1923 1174 2155 1243 spiritus
2207 1171 2479 1235 scientiae,
2529 1171 2859 1238 dilectionis,
2916 1172 3227 1241 adoptionis
3255 1173 3515 1238 ﬁliorum,

1922 1263 2324 1336 promissionis,
2380 1262 2526 1328 ﬁdei,
2586 1272 2643 1317 et
2691 1263 2795 1317 alia
2850 1264 3164 1333 hujusmodi
3219 1264 3366 1335 (96);
3418 1264 3515 1318 sed

1923 1358 2209 1428 sapientia,
2235 1357 2566 1419 intellectus,
2597 1357 2826 1410 scientia
2848 1397 2863 1421 ,
2895 1366 3031 1421 etc.,
3058 1371 3169 1410 non
3203 1366 3337 1412 sunt
3378 1372 3513 1427 per-

1924 1466 2073 1506 sona:
2114 1449 2374 1514 divinae;
2403 1464 2593 1505 verum
2626 1448 2767 1502 dona
2811 1458 2867 1502 et
2897 1449 3245 1515 charismata,
3299 1468 3318 1502 ι
3372 1465 3511 1518 quo-

1926 1557 2047 1595 rum
2079 1540 2320 1611 Spiritus
2353 1550 2578 1595 sanctus
2610 1539 2733 1594 fons
2762 1555 2826 1594 ac
2852 1541 3075 1611 largitor
3113 1541 3460 1611 glorilicatur,
3489 1560 3509 1594 ι

1927 1642 1987 1689 ιιι
2043 1634 2162 1702 ipse
2220 1633 2448 1687 Photius
2508 1632 2579 1701 (c.
2636 1631 2726 1703 58)
2798 1632 2939 1686 bene
2970 1632 3158 1698 novit;
3214 1632 3331 1687 haec
3369 1632 3508 1687 eﬂ'c-

1926 1733 2066 1787 ctus,
2102 1725 2334 1791 fructus,
2389 1724 2736 1788 donationes,
2771 1739 2834 1777 ac
2876 1725 3046 1778 veluti
3079 1723 3353 1793 possessio
3387 1730 3516 1778 sunt

1928 1813 2166 1883 Spiritus
2190 1814 2402 1878 sancti;
2448 1812 2506 1869 in
2556 1814 2643 1868 his
2692 1813 2968 1884 genitivus
3016 1814 3175 1883 longe
3220 1813 3382 1866 aliam
3418 1812 3516 1866 ha-

1923 1907 2016 1961 bet
2046 1905 2523 1975 signiﬁcationem.
2557 1924 2575 1957 (
2609 1903 2995 1975 Nequaquam,
3025 1905 3101 1958 ait
3149 1903 3305 1976 Ilugo
3343 1904 3514 1960 Ethe-

1922 1999 2110 2053 rianus
2140 2000 2197 2066 (Ι.
2245 2015 2305 2063 ιι,
2395 2014 2446 2054 c.
2490 1997 2581 2063 20,
2614 2014 2667 2068 p.
2711 1998 2896 2068 1256),
2944 1998 3040 2051 hoc
3074 1999 3227 2052 modo
3271 1999 3353 2068 (ut
3388 1996 3515 2067 Spi-

1922 2091 2061 2146 ritus
2132 2090 2374 2155 consilii,
2429 2090 2815 2157 fortitudinis,
2883 2090 3119 2155 timoris,
3176 2090 3307 2160 etc.)
3388 2090 3515 2144 Filii

1920 2191 2272 2252 nuncupatur
2299 2179 2570 2250 Spiritus;
2600 2180 2721 2234 Filii
2754 2196 2887 2236 sane
2912 2182 3175 2251 Spiritus,
3210 2182 3288 2236 uti
3322 2181 3507 2236 Putris

1922 2288 2073 2342 wque
2121 2288 2186 2324 ac
2232 2272 2590 2341 indifferenter
2637 2280 2915 2326 censetur.
2977 2272 3292 2327 Intellectus
3350 2287 3508 2337 vero,

1923 2363 2217 2435 gratiarum
2255 2373 2311 2417 et
2340 2364 2611 2418 donorum
2650 2363 2850 2418 dicitur
2901 2363 3139 2433 Spiritus
3180 2374 3241 2418 ut
3277 2365 3435 2418 dator
3465 2373 3515 2417 et

1924 2455 2392 2525 eﬂ'ectivaillorum
2433 2471 2618 2508 causa.
2661 2474 2680 2506 ι
2732 2455 2853 2521 Sed.
2890 2456 3064 2509 multo
3112 2456 3338 2510 uberius
3368 2456 3513 2510 idem

1925 2545 2075 2618 [195]
2100 2555 2295 2601 auctor
2331 2546 2438 2617 iam
2472 2554 2598 2601 ante
2621 2545 2693 2616 (c.
2718 2546 2799 2601 15.
2835 2563 2890 2615 p.
2918 2546 3071 2615 l298)
3102 2555 3293 2600 contra
3328 2545 3513 2600 Theo-

1924 2638 2235 2709 phylactum
2264 2638 2514 2693 eamdem
2542 2652 2658 2692 rem
2709 2644 3165 2706 pertractaverat.
3191 2637 3367 2707 Atque
3394 2653 3508 2707 pra:

1926 2732 2142 2788 caeteris
2170 2731 2276 2786 hoc
2318 2740 2475 2801 urget
2532 2747 2545 2782 :
2591 2749 2611 2782 ‹
2671 2730 2751 2784 Ad
2784 2730 2981 2785 hoc....
3018 2729 3139 2785 scil.
3189 2729 3337 2784 aliud
3368 2744 3511 2796 esse,

1925 2842 1988 2879 ea;
2015 2824 2216 2895 aliquo,
2252 2832 2305 2877 et
2336 2822 2484 2878 aliud
2515 2822 2768 2892 alicujus,
2794 2822 2983 2877 eadem
3014 2823 3072 2877 in
3112 2822 3362 2893 pluribus
3385 2838 3516 2877 con-

1924 2916 2113 2971 venire
2136 2916 2513 2971 inveniuntur.
2534 2913 2668 2969 Nam
2688 2930 2815 2985 pars
2833 2914 3055 2985 quidem
3081 2914 3250 2971 totius
3265 2924 3350 2971 est
3370 2925 3425 2970 et
3449 2931 3518 2970 ex

1927 3016 2062 3071 toto,
2085 3019 2140 3062 ct
2170 3006 2382 3062 arboris
2412 3006 2624 3061 fructus
2642 3015 2698 3061 et
2719 3022 2784 3061 ex
2807 3007 3022 3072 arbore,
3044 3014 3102 3061 et
3124 3022 3316 3077 spuma
3345 3007 3515 3061 maris

1927 3110 1981 3156 et
2000 3116 2064 3154 ex
2094 3100 2230 3153 mari
2248 3106 2330 3163 ;et
2355 3098 2498 3152 sicut
2520 3098 2841 3167 impossibile
2863 3108 2960 3165 est,
2997 3100 3156 3170 fontis
3182 3115 3289 3152 esse
3318 3116 3516 3169 aquam

233 3188 414 3243 forma
438 3205 535 3244 seu
553 3190 789 3259 qualitas
814 3189 1071 3259 subjecti,
1095 3197 1224 3254 etc.,
1247 3204 1577 3258 quocunque
1601 3189 1821 3244 demum
1851 3217 1893 3274 ο
1925 3203 1974 3245 et
2006 3208 2109 3245 non
2140 3207 2205 3244 ea:
2222 3191 2384 3260 fonte,
2410 3191 2486 3244 sic
2502 3190 2820 3259 impossibile
2841 3199 2919 3245 est
2950 3189 3213 3260 Spiritum
3247 3207 3358 3245 esse
3386 3190 3515 3245 Filii

232 3282 467 3337 nomine
514 3283 788 3353 genitivus
819 3298 981 3337 casus
1028 3297 1153 3335 cum
1202 3281 1545 3337 nominativo
1590 3282 1820 3351 subjecti
1874 3294 1877 3299 ‘

232 3374 496 3446 conjungi
537 3384 738 3445 potest,
779 3390 884 3444 qua
902 3374 1009 3428 late
1030 3381 1179 3444 patet
1206 3372 1429 3444 genitivi
1461 3388 1611 3428 usus.
1641 3373 1821 3428 Latini

232 3480 350 3520 non
390 3464 583 3519 dicunt
611 3464 679 3518 de
710 3479 1058 3534 quocunque,
1088 3462 1234 3533 quod
1266 3461 1469 3517 dicitur
1501 3477 1622 3518 esse
1651 3462 1824 3517 alicu-

229 3556 350 3626 jus,
381 3556 435 3611 id
468 3556 537 3610 ab
564 3556 669 3611 hoc
702 3557 1008 3621 exsistere;
1038 3555 1132 3609 sed
1155 3554 1209 3608 id
1241 3554 1514 3609 dicuntde
1551 3555 1822 3624 personis,

234 3664 345 3703 nec
366 3648 435 3704 de
471 3649 727 3718 personis
756 3649 1112 3719 quibuslibet,
1136 3649 1232 3704 sed
1264 3649 1330 3703 de
1358 3649 1591 3719 personis
1612 3649 1821 3703 divinis.

237 3741 522 3798 Creatura:
552 3758 770 3813 quoque
788 3751 917 3797 sunt
946 3742 1124 3797 Patris
1154 3751 1209 3797 et
1234 3741 1391 3809 Filii;
1422 3742 1517 3797 sed
1554 3757 1664 3797 non
1692 3759 1824 3813 pro~

234 3843 427 3906 pterea
462 3850 493 3889 a
532 3834 804 3890 creaturis
847 3836 1154 3904 procedunt
1211 3833 1370 3888 Pater
1415 3845 1467 3888 et
1512 3832 1705 3888 Filius.
1746 3831 1825 3887 Ex

232 3928 503 3997 qualitate
549 3936 713 3996 atque
745 3927 1064 3980 charactere
1118 3925 1351 3994 subjecti
1408 3925 1823 3989 dcterminatur,

232 4021 515 4091 quomodo
570 4022 636 4073 ad
684 4020 829 4075 aliud
868 4016 1139 4089 pertineat
1180 4019 1254 4085 id,
1293 4020 1435 4089 quod
1472 4021 1593 4087 ejus
1627 4019 1826 4075 dicitur

234 4128 390 4170 esse.
439 4111 765 4182 Quicunque
804 4111 1029 4167 alterius
1063 4110 1285 4175 dicitur,
1319 4111 1387 4165 ad
1424 4126 1551 4166 eum
1589 4111 1824 4182 quodam

232 4205 404 4260 modo
429 4205 695 4275 pertinet;
721 4205 805 4259 vel
824 4217 883 4259 ut
900 4219 1094 4259 servus
1110 4204 1195 4258 vel
1218 4212 1277 4257 ut
1293 4203 1661 4267 necessarius,
1681 4212 1815 4267 etc.,

233 4297 560 4353 relationem
591 4298 657 4352 ad
700 4298 878 4367 ipsum
908 4297 1096 4351 habet.
1140 4296 1308 4350 Porro
1328 4312 1359 4351 a
1390 4297 1594 4350 divinis
1634 4311 1826 4351 oumes

233 4390 273 4444 ii
330 4397 613 4459 respectus
664 4390 1011 4453 excludendi,
1072 4389 1164 4459 qui
1212 4389 1430 4443 divinas
1458 4404 1569 4443 non
1630 4389 1828 4444 decent

233 4485 586 4556 bypostases,
613 4494 671 4540 ut
717 4486 955 4540 servitus
987 4484 1072 4538 vel
1102 4482 1501 4549 ministerium;
1537 4498 1601 4537 ea
1641 4483 1825 4553 σχέσις

1927 3293 1975 3335 ει
2000 3298 2103 3335 non
2123 3298 2186 3335 ea:
2218 3280 2380 3345 Filio,
2409 3290 2504 3335 aut
2534 3282 2709 3335 Patris
2740 3290 2796 3336 et
2827 3298 2936 3336 non
2979 3297 3046 3336 ex
3081 3280 3265 3344 Patre,
3318 3280 3514 3335 Filium

1927 3374 2332 3444 Spiritumque;
2359 3374 2525 3427 Pater
2547 3391 2664 3429 vero
2696 3391 2799 3429 non
2820 3377 2877 3430 in
2907 3392 2966 3430 eo
3007 3377 3146 3447 quod
3181 3378 3247 3431 sit
3282 3376 3516 3446 alicujus

1927 3477 1987 3520 ut
2013 3483 2076 3520 ea:
2104 3466 2308 3536 aliquo,
2349 3466 2440 3519 sed
2464 3466 2518 3519 in
2567 3483 2648 3531 eo,
2696 3469 2835 3538 quod
2863 3478 3077 3540 generat
3121 3467 3348 3534 Filium,
3400 3469 3517 3538 ejus

1924 3561 2138 3614 dicitur.
2194 3577 2213 3611 ι
2278 3558 2590 3614 Secundum
2641 3559 2784 3613 hanc
2851 3558 3155 3616 doctrinam
3207 3559 3351 3614 bene
3393 3560 3508 3613 dici

1925 3661 2123 3724 potest,
2160 3651 2411 3724 quaedam
2449 3651 2522 3706 ita
2559 3652 2793 3720 alicujus
2847 3651 2978 3715 dici,
3014 3660 3073 3705 ut
3127 3651 3291 3706 etiam
3337 3667 3402 3706 ex
3443 3667 3511 3706 eo

1927 3743 2057 3805 sint,
2099 3741 2349 3812 quaedam
2383 3755 2511 3821 veqo
2548 3756 2660 3795 non
2692 3741 2805 3807 ita;
2844 3757 2966 3811 qua:
3012 3740 3177 3810 priori
3214 3741 3378 3796 modo
3410 3741 3514 3794 ali-

1927 3835 2085 3904 cujus
2112 3834 2392 3896 dicuntur,
2424 3832 2714 3887 manifeste
2748 3832 2876 3887 inde
2929 3832 3193 3902 dignosci,
3220 3832 3362 3902 quod
3410 3832 3515 3887 alia

1928 3928 2086 3993 ratio,
2106 3942 2204 3982 cur
2222 3926 2388 3995 hujus
2406 3926 2678 3992 dicantur,
2705 3924 2884 3980 locum
2903 3925 3130 3978 omnino
3152 3940 3261 3983 non
3289 3925 3511 3989 habeat,

1926 4020 2011 4073 vel
2034 4034 2207 4074 nexus
2229 4018 2351 4072 talis
2366 4018 2509 4071 inter
2532 4026 2824 4085 utrumque
2862 4017 3189 4082 intercedat,
3214 4016 3305 4086 qui
3326 4016 3378 4069 id
3408 4032 3506 4085 per

1932 4129 1991 4167 se
2014 4111 2321 4182 patefacere
2350 4110 2542 4180 possit.
2574 4109 2781 4164 Deinde
2814 4111 2881 4162 atl
2912 4109 3044 4163 illud
3064 4107 3456 4179 Theophylacti
3496 4126 3509 4161 :

1932 4223 1951 4257 ι
1989 4204 2195 4260 Dicitur
2218 4202 2457 4274 Spiritus
2483 4217 2604 4257 esse
2636 4200 2776 4267 Filii,
2809 4202 3110 4256 secundum
3146 4201 3290 4271 quod
3325 4200 3510 4267 unitas

1928 4303 2013 4350 est
2027 4295 2197 4349 Filius
2211 4302 2267 4348 et
2294 4294 2467 4348 virtus
2488 4302 2542 4347 et
2561 4291 2849 4361 sapientia,
2867 4303 3089 4346 sanctus
3109 4306 3239 4345 vero
3272 4290 3516 4361 Spiritus

1928 4394 1984 4442 et
2018 4386 2242 4441 unitatis
2263 4394 2319 4439 et
2346 4383 2682 4440 fortitudinis
2703 4392 2755 4438 et
2783 4383 3069 4453 sapientiae
3111 4383 3348 4452 Spiritus
3370 4381 3516 4452 apud

1929 4477 2122 4533 Isaiam
2148 4476 2496 4542 describitur,
2544 4496 2563 4527 ι
2597 4477 2850 4531 observat
2893 4474 3045 4547 llugo
3096 4474 3374 4538 virtutem,
3428 4490 3515 4528 sa-

235 4578 398 4651 [1921
440 4580 751 4643 statuenda,
801 4594 921 4649 quae
958 4577 1158 4632 divinis
1211 4577 1506 4633 concordat
1531 4576 1666 4646 (95).
1703 4574 1828 4629 llaec
1853 4563 1907 4624 D
1933 4572 2218 4643 pientiam,
2273 4570 2539 4624 unitatem
2607 4570 2780 4623 tribus
2819 4567 3071 4639 personis
3106 4568 3401 4623 convenire
3459 4576 3515 4621 et

232 4686 407 4743 porro
422 4680 507 4727 est
525 4671 751 4743 originis
777 4671 1040 4726 habitudo
1070 4669 1116 4742 (§
1150 4670 1258 4739 14),
1286 4668 1479 4725 relatio
1506 4667 1651 4722 inter
1672 4666 1825 4737 prin-

316 4830 428 4902 (94)
464 4830 727 4902 Videlicet
756 4844 955 4883 nomen
975 4826 1226 4902 V_S‘pi_r_i_tus
1255 4835 1371 4902 tum
1407 4822 1685 4902 essentiule
1710 4832 1823 4902 tum

235 4893 521 4973 personale
552 4915 675 4955 esse
723 4893 1049 4973 po_test._Cf.
1086 4894 1478 4973 ’1Ὶιοηι273ιιριἶ
1524 4893 1583 4973 ’1,
1618 4910 1684 4973 ἐι.
1724 4896 1824 4973 _5_6,

233 4962 295 5027 3.
334 4973 357 5025 1
392 4973 444 5025 in
473 4986 626 5039 corp.
659 4962 804 5025 et'ad
847 4970 897 5022 1.
921 4967 1043 5023 Jam
1078 4969 1217 5039 Aug.
1249 4966 1346 5039 fle
1390 4965 1578 5039 Trinit.
1618 4962 1676 5026 V,
1715 4966 1777 5019 11
1807 4981 1822 5030 ;

233 5043 362 5104 XV,
400 5043 462 5097 l9
488 5041 539 5095 id
574 5034 834 5110 pratclare
863 5047 1083 5094 enarrat
1113 5056 1126 5092 :
1167 5034 1191 5110 ξ
1236 5035 1375 5103 Quia
1429 5034 1667 5110 Spiritus
1698 5050 1826 5110 san-_

234 5124 369 5169 ctus
400 5105 687 5166 communis
725 5120 802 5164 est
831 5110 1101 5170 ambobus,
1126 5107 1180 5163 id
1204 5116 1422 5161 vocatur
1460 5106 1669 5174 proprie
1688 5105 1827 5175 quod

236 5185 405 5239 ambo
454 5183 822 5236 communiter.
872 5199 891 5232 ι
941 5178 1025 5233 Cf.
1062 5188 1118 5233 et
1159 5178 1371 5247 Hugon.
1410 5177 1596 5231 Ether.
1652 5175 1686 5228 Ι.
1742 5191 1822 5247 ιιι,

233 5270 298 5309 c.
332 5254 387 5317 3,
418 5268 471 5323 p.
508 5251 648 5306 1240
686 5267 801 5320 seq.
845 5249 1058 5304 Pariter
1107 5246 1283 5302 Patris
1328 5261 1533 5301 nomen
1572 5246 1827 5323 essentia-

235 5316 380 5379 liter
402 5316 619 5392 quoque
670 5316 991 5392 usurpatur,
1030 5335 1141 5392 non
1192 5327 1403 5373 tantum
1446 5316 1826 5392 personaliter;

235 5394 343 5449 sed
402 5387 572 5463 priori
604 5387 1145 5463 modo—nonnisijd
1200 5399 1376 5463 extra,
1431 5387 1497 5440 ad
1549 5396 1825 5463 creaturas

236 5457 472 5532 dicitur,
500 5471 559 5517 ut
586 5462 777 5517 Matth.
810 5477 890 5532 vt,
927 5459 1019 5532 2t},
1048 5460 1153 5526 52;
1190 5476 1246 5525 Χ,
1277 5459 1369 5532 20,
1402 5465 1617 5532 et_t_tmc
1649 5457 1826 5511 tribus

237 5526 822 5606 personis__co_nvenit.
858 5530 941 5606 De
967 5530 1070 5606 hac
1105 5528 1422 5606 acceptione
1470 5526 1558 5581 hic
1592 5542 1699 5606 non
1742 5535 1827 5580 est

239 5599 454 5661 sermo.
481 5602 539 5657 Si
592 5602 831 5672 Spiritus
873 5600 1121 5672 alicujus
1151 5614 1272 5654 esse
1312 5599 1532 5672 dicitur,
1573 5604 1634 5649 ut
1678 5606 1824 5672 recte

242 5683 408 5729 notat
430 5667 651 5729 Bessan"
677 5675 768 5742 (ep
818 5672 885 5725 ad
920 5667 1074 5742 Alex,
1100 5669 1320 5742 Lascar.
1356 5668 1629 5742 c._6)_,non
1659 5667 1825 5721 abso-

240 5746 364 5800 lute
399 5759 493 5797 seu
528 5738 893 5798 essentialiter
924 5739 1178 5803 sumitur,
1212 5739 1305 5794 sed
1347 5738 1590 5792 relative.

322 5814 437 5883 (95)
476 5814 702 5884 Egregie
746 5813 852 5884 Leo
881 5809 950 5884 11.
997 5826 1164 5884 serm.
1199 5811 1251 5873 1,
1320 5807 1625 5884 deﬂentem
1660 5805 1819 5884 (_I§a_ll.

243 5876 430 5943 serui:
462 5876 567 5950 75';
614 5876 817 5939 I’atrol.
859 5881 946 5939 ed.
997 5879 1170 5937 Missa
1219 5890 1352 5936 tom.
1384 5877 1520 5945 LIV,
1574 5892 1629 5947 p.
1665 5876 1814 5948 405),

1930 4680 2027 4735 per
2059 4678 2119 4718 se
2143 4677 2267 4718 esse
2300 4660 2521 4717 nomina
2552 4660 2896 4727 essentialia;
2947 4659 2992 4715 si
3044 4658 3390 4713 essentialiler
3418 4673 3511 4712 su-

1930 4838 2052 4896 cap.
2082 4822 2116 4876 5
2144 4838 2157 4875 :
2195 4838 2214 4872 ι
2250 4819 2388 4896 cum
2417 4820 2483 4896 in_
2504 4833 2866 4896 personarum
2912 4814 3341 4896 proprietatibus
3368 4813 3511 4896 alius

1930 4886 2013 4947 sit'
2038 4895 2216 4956 Pater,
2253 4891 2394 4966 alius
2440 4886 2749 4966 sjt_Filius,
2791 4886 2932 4966 alius
2981 4886 3218 4966 Spiritus
3262 4894 3509 4966 sanctus,

1929 4977 2040 5017 non
2087 4971 2269 5017 tamen
2306 4961 2411 5015 alia
2457 4960 2658 5024 Deitas,
2695 4975 2797 5013 nec
2825 4956 3041 5010 diversa
3081 4964 3276 5009 natura
3309 4962 3411 5009 est.
3448 4956 3508 5007 Si

1927 5033 2149 5101 quidem
2180 5048 2304 5086 cum
2353 5040 2408 5085 et
2438 5031 2507 5101 de
2551 5030 2707 5101 Patre
2733 5027 2825 5101 psit
2878 5026 3061 5101 Filius
3092 5025 3427 5101 unigenitus,
3460 5033 3515 5078 et

1929 5094 2160 5171 Spiritus
2188 5110 2402 5156 sanctus
2422 5100 2599 5155 Patris
2618 5097 2933 5171 Filiique_sit
2968 5094 3355 5171 Spiritus,__non
3378 5095 3513 5171 sicut

1930 5166 2252 5244 quaecunque
2288 5181 2556 5244 creatura,
2593 5185 2710 5241 qua:
2750 5166 2798 5220 et
2829 5166 3007 5219 Patris
3045 5174 3093 5219 et
3130 5166 3382 5244 Filiiest,
3424 5166 3515 5220 sed

1927 5238 2063 5297 sicut
2093 5238 2211 5295 cum
2251 5253 2472 5310 utroque
2504 5238 2675 5294 vivens
2706 5248 2754 5291 et
2784 5246 2988 5310 potens,
3014 5245 3064 5290 et
3103 5238 3421 5307 sempiterna
3449 5251 3518 5291 et:

1930 5330 1989 5368 eo
2029 5313 2167 5382 quod
2197 5322 2272 5367 est
2302 5308 2766 5382 Pater'Filinsque
2784 5308 3106 5382 subsistens;
3133 5326 3152 5382 ι

2002 5376 2113 5453 (96)
2167 5382 2315 5453 Vidit
2370 5389 2529 5453 acute
2584 5376 2843 5453 Photius,
2893 5393 3019 5453 cum
3066 5376 3258 5453 Filius
3297 5377 3514 5453 dicatur

1928 5446 2153 5517 veritas,
2184 5452 2378 5516 virtus,
2411 5450 2678 5520 sapientia
2705 5449 3090 5520 expressiones
3118 5447 3342 5520 Πνεῦμα
3379 5446 3513 5516 ἀλη-

1929 5525 2104 5588 θείας,
2128 5517 2655 5592 δυνάμεῳςηὰοφίᾳς
2677 5517 2868 5592 eodem
2896 5519 3060 5592 modo
3081 5517 3306 5592 intelligi
3326 5531 3509 5585 posse,

1927 5610 2038 5665 quo
2070 5588 2297 5665 Πνεῦμρι
2338 5589 2505 5656 Υῐοῦ;
2531 5589 2678 5665 ideo
2703 5589 2878 5665 ponit
2930 5589 3066 5644 alias
3096 5588 3417 5665 dictiones,
3452 5595 3513 5641 ut

1928 5657 2025 5736 Sp.
2069 5657 2341 5736 ﬁdei,'Sp.
2371 5657 2771 5736 promissionis,
2818 5661 2914 5736 Sp.
2964 5657 3339 5736 revelationis,
3370 5664 3507 5736 etc.,

1929 5728 1989 5789 iii
2013 5728 2217 5805 quibus
2238 5728 2687 5805 adversariiFilii
2715 5728 2940 5805 nomina
2964 5728 3208 5784 invenire
3232 5734 3512 5805 nequeant

1929 5805 2002 5872 (c.
2030 5795 2154 5868 '58).
2186 5802 2292 5858 Sed
2315 5818 2381 5857 eo
2403 5802 2522 5872 ipso
2541 5802 2653 5872 jam
2674 5800 2981 5872 subjectum
3017 5814 3128 5854 non
3154 5807 3239 5857 est
3276 5795 3513 5868 amplius

1928 5870 2071 5933 idem
2109 5874 2262 5943 illud,
2286 5874 2355 5930 de
2379 5870 2488 5945 quo
2514 5870 2691 5928 Latini
2723 5870 2798 5928 ita
2822 5875 3092 5926 statuunt.
