4002 6454
537 444 659 528 ιη,

1671 435 1940 496 ΡΗΟΤΙΙ
1980 430 2490 494 PATRIARCIL‘E
2527 429 2638 490 CI‘.

3716 415 3811 477 4&8

537 563 785 618 muntur,
815 553 955 607 nihil
989 568 1120 607 sane
1143 550 1233 606 hic
1257 552 1598 621 explicatur;
1630 549 1675 604 si
1707 565 1838 604 vero
1865 564 2126 617 persona-
2153 545 2207 603 A
2230 559 2357 597 nem
2399 543 2548 596 illum
2589 557 2618 594 a
2655 539 2848 593 Pbotio
2899 536 3108 592 Latinis
3152 543 3450 606 ascriptum
3514 547 3678 587 nemo
3722 535 3808 587 ad-

541 650 662 703 liter
687 657 741 703 et
768 655 931 717 prout
961 646 1097 700 Filio
1129 645 1570 715 appropriantur,
1590 642 1778 697 eadem
1807 641 2125 695 Latinorum

541 747 858 807 argumenta
895 743 1199 790 recurrunt.
1239 735 1507 788 Praeterea
1557 733 1804 802 exempla
1852 732 2002 785 varia
2057 731 2127 785 ab

541 828 869 884 adversariis
890 828 1048 882 allata
1088 827 1168 880 sic
1207 824 1462 894 repellit:
1498 843 1516 876 ι
1549 823 1905 879 Deusdicitur
1933 821 2126 893 (Deus)

540 921 812 975 Abraham
831 931 888 973 ut
904 928 1113 974 creator
1129 934 1185 974 et
1196 917 1464 972 Dominus
1478 917 1774 981 Abraham,
1794 915 1976 970 forsan
1994 929 2130 970 vero

539 1023 596 1067 et
623 1023 680 1067 ut
708 1013 914 1067 amicus
940 1013 1117 1075 illius;
1151 1011 1464 1065 intellectus
1491 1020 1673 1064 autem
1699 1018 1754 1064 et
1786 1007 2129 1064 fortitudinis

538 1113 597 1156 et
621 1103 876 1157 similium
898 1111 954 1156 ut
973 1103 1194 1172 efﬁciens
1218 1118 1379 1155 causa
1407 1101 1631 1155 dicitur.
1657 1101 1764 1155 Sed
1793 1099 2030 1170 Spiritus
2046 1099 2130 1154 di-

539 1196 684 1250 citur
705 1195 828 1250 Filii
860 1204 913 1249 et
936 1196 1130 1257 Patris,
1163 1203 1302 1248 utex
1325 1195 1433 1250 Deo
1459 1210 1557 1250 ens
1587 1203 1640 1249 et
1668 1194 1788 1264 ipse
1819 1192 1983 1260 Deus,
2013 1209 2126 1247 non

541 1293 602 1338 ut
635 1284 990 1338 adventitium
1043 1284 1384 1338 adveniendo
1421 1285 1762 1339 extrinsecus
1801 1284 1930 1351 (hoc
1973 1283 2124 1338 enim

538 1375 661 1445 quis
691 1391 1002 1430 asseverare
1032 1376 1294 1445 audeat?)
1331 1377 1428 1430 sed
1456 1384 1513 1430 ut
1553 1375 1834 1446 plenitudo
1861 1375 2001 1444 ejus,
2035 1373 2129 1444 qui

539 1476 687 1522 certe
717 1483 826 1520 non
844 1467 1001 1521 aliter
1018 1483 1153 1522 sano
1174 1467 1450 1522 intellectu
1499 1467 1888 1536 comprehendi
1923 1474 2126 1537 potest,

540 1559 843 1612 secundum
905 1559 1051 1628 quod
1088 1559 1281 1613 tertius
1313 1559 1512 1613 dicitur
1558 1575 1588 1613 a
1619 1557 1878 1624 Patre...,
1917 1557 2022 1612 nisi
2060 1572 2130 1612 ex

541 1645 678 1702 Filio
708 1649 907 1703 habere
947 1649 1308 1702 substantiam
1338 1649 1670 1720 intelligatur
1705 1656 1761 1704 et
1807 1648 2127 1704 considere-

541 1742 660 1799 tur;
681 1734 769 1789 hic
789 1735 976 1804 utique
999 1735 1236 1805 Spiritus
1257 1738 1406 1804 juxta
1431 1738 1642 1791 Domini
1665 1753 1852 1793 vocem
1880 1738 2126 1792 Veritatis

539 1825 782 1894 est,quia
798 1827 997 1880 dicitur
1020 1826 1251 1896 Spiritus
1277 1827 1520 1882 veritatis
1539 1845 1553 1893 ;
1571 1828 1662 1896 qui
1683 1827 1838 1899 [194]
1860 1828 2123 1898 profecto,

543 1916 597 1969 in
624 1893 889 1985 quantum
927 1893 1175 1972 Veritatis
1207 1928 1307 1978 est,
1337 1919 1390 1972 in
1426 1893 1634 1972 tantum
1669 1893 1787 1972 Filii
1816 1893 2048 1982 exsistit,
2072 1926 2128 1974 et
2158 1893 2203 1950 Β

541 2024 611 2062 ex
638 2009 757 2078 ipso
809 2011 1188 2065 exsistentiam
1250 2013 1546 2066 sortitur...
1587 2009 1643 2064 Si
1697 2011 1953 2081 (Spiritus
2001 2027 2131 2066 san-

541 2108 739 2154 ctusex
755 2099 995 2157 Veritate
1020 2117 1130 2156 non
1160 2103 1326 2157 habet
1347 2117 1489 2164 esse,
1515 2102 1822 2156 adveniens
1846 2111 1900 2157 et
1921 2103 2132 2158 adven-

543 2190 660 2245 tilia
682 2203 764 2248 est
783 2193 904 2263 ejus
927 2195 1125 2249 veritas
1149 2211 1162 2257 ;
1182 2211 1306 2249 cum
1336 2195 1452 2266 ipse
1477 2194 1739 2250 Veritatis
1775 2195 2127 2265 przedicctur,

543 2285 731 2352 etejus
751 2286 963 2340 dicatur
991 2301 1131 2340 esse.
1164 2286 1332 2356 igitur
1367 2287 1508 2342 sicut
1533 2296 1618 2342 est
1650 2287 1930 2351 Veritatis,
1967 2287 2046 2342 sic
2075 2296 2131 2342 et

542 2395 664 2434 esse
684 2387 739 2433 et
759 2379 1057 2433 subsistere
1075 2379 1237 2433 habet
1265 2394 1328 2434 ea
1358 2379 1616 2445 Veritate,
1641 2390 1697 2436 et
1723 2396 1786 2434 ex
1826 2382 1962 2450 ipsa,
1999 2379 2135 2434 Filio

544 2470 772 2534 scilicet,
807 2470 1054 2540 procedit
1080 2471 1382 2525 secundum
1413 2486 1768 2542 personarum
1806 2472 2075 2526 ordinem.
2109 2491 2128 2523 ι

614 2563 701 2615 17.
743 2561 940 2631 Objieit
973 2562 1072 2616 sibi
1100 2561 1333 2618 Photius
1365 2563 1513 2633 (cap.
1556 2564 1646 2629 59)
1676 2564 1730 2616 in
1752 2564 2003 2618 adductis
2043 2563 2134 2617 Bi-

541 2654 774 2709 hliorum
846 2653 1173 2708 testimoniis
1231 2655 1301 2724 (c.
1361 2656 1474 2724 57).
1513 2664 1571 2710 ut
1620 2656 1730 2710 Isa.
1789 2672 1862 2719 xi,
1926 2655 2000 2719 ἒς
2049 2656 2131 2722 ΙΙ,

552 2745 686 2799 Tim.
722 2760 760 2809 I,
792 2742 858 2808 7;
901 2744 1085 2799 Galat.
1120 2763 1194 2809 vt,
1230 2746 1293 2810 ις
1327 2746 1498 2800 Exod.
1523 2763 1674 2810 χχχι,
1705 2746 1761 2810 2,
1792 2747 1846 2811 5,
1881 2747 2133 2816 aliisque,

543 2853 654 2891 non
702 2837 880 2906 ipsum
931 2836 1199 2907 Spiritum
1241 2847 1491 2894 sanctum
1545 2839 1980 2911 intelligendum.
2035 2840 2132 2894 sed

543 2932 686 2984 dona
718 2941 774 2986 et
799 2932 1128 2986 charismata
1161 2932 1230 2986 ab
1258 2947 1324 2986 eo
1347 2935 1724 3002 promanantia
1754 2949 1984 3004 qumque
2021 2934 2136 3004 ipse

545 3022 808 3090 largitur;
839 3024 932 3078 sed
954 3023 1088 3076 nihil
1108 3025 1210 3077 hoc
1237 3012 1580 3079 adversarios
1599 3026 1792 3095 juvare
1821 3027 2131 3088 contendit,

547 3114 675 3184 quia
706 3115 1007 3169 secundum
1037 3130 1226 3170 eorum
1260 3115 1431 3185 legem
1467 3117 1778 3172 ratiocinari
1811 3118 1882 3173 ita
1933 3119 2134 3173 debca'

2232 634 2608 689 mittiteorum
2651 632 2696 703 (ᾗ
2728 631 2813 701 16)
2854 639 2910 685 et
2957 629 3090 684 hinc
3131 626 3474 681 ratiocinatio
3521 625 3602 677 illi
3643 625 3802 689 unice,

2230 733 2589 796 superstructa
2617 723 2801 788 cadit;
2845 737 2956 775 non
3011 729 3097 775 est
3147 719 3423 790 genitivus
3467 717 3559 772 hic
3599 732 3804 771 causam

2233 817 2504 879 indicans,
2547 815 2642 870 sed
2700 813 2960 869 effectum
2995 812 3258 875 denotat;
3293 825 3404 864 non
3443 819 3574 864 sunt
3626 809 3808 864 divinze

2237 925 2487 981 personae
2515 907 2801 978 sapientia,
2831 907 2990 968 ﬁdes,
3029 904 3322 968 revelatio,
3361 910 3467 958 etc.
3501 901 3679 971 Atque
3697 901 3808 956 licet

2231 1018 2400 1058 sensu
2419 1016 2551 1056 vero
2587 1009 2642 1055 et
2664 1000 2866 1054 biblico
2890 998 3181 1067 πνεύματα
3209 995 3469 1050 dicantur
3495 992 3806 1048 charismata

2239 1104 2297 1150 et
2323 1102 2401 1148 tot
2445 1092 2659 1163 possint
2703 1091 2893 1146 haberi
2939 1086 3232 1158 πνεύματα
3267 1088 3369 1142 hac
3421 1085 3807 1158 signiﬁcatione

2232 1191 2617 1254 sumpta,quot
2635 1181 2966 1236 charismata
2993 1197 3006 1233 :
3027 1188 3209 1234 tamen
3235 1177 3353 1232 haec
3374 1175 3806 1231 nondividuutur

2231 1279 2285 1332 iu
2304 1278 2432 1338 duo,
2453 1286 2510 1331 ut
2523 1291 2589 1330 ex
2616 1273 2753 1330 falso
2769 1273 3049 1344 supposito
3059 1272 3238 1342 arguit
3256 1269 3484 1324 Photius
3503 1269 3577 1338 (c.
3597 1270 3685 1334 59,
3704 1271 3803 1339 60).

2232 1370 2340 1425 Sed
2375 1369 2461 1423 his
2508 1366 2813 1439 puerilibus
2836 1365 2978 1420 ludis
3002 1380 3114 1418 non
3148 1371 3233 1419 est
3260 1361 3689 1418 immorandum.

2307 1461 2390 1516 18.
2424 1459 2531 1515 Sed
2567 1459 2700 1514 alias
2723 1472 2942 1530 quoque
2979 1455 3220 1510 rationes
3264 1455 3320 1509 in
3353 1463 3611 1525 promptu
3659 1454 3806 1510 habet

2230 1555 2484 1621 Photius,
2526 1568 2697 1624 quare
2728 1551 2967 1623 Spiritus
3000 1549 3122 1605 Filii
3172 1549 3407 1605 dicatur.
3441 1549 3685 1616 Quarum
3715 1567 3805 1604 una

2231 1648 2359 1705 licet
2380 1648 2436 1703 in
2464 1663 2632 1718 opere
2659 1662 2771 1701 non
2809 1644 2986 1699 fusius
3016 1643 3307 1714 explicata,
3343 1652 3528 1698 tamen
3574 1643 3628 1697 in
3668 1644 3807 1698 titulo

2231 1753 2486 1810 expressa
2519 1745 2574 1792 et
2604 1736 2805 1806 saepius
2831 1735 3109 1790 insinuata
3133 1733 3242 1804 (97)
3286 1741 3370 1788 est
3402 1750 3416 1785 :
3449 1733 3598 1801 quod
3640 1733 3805 1796 Spiri-

2233 1841 2320 1887 tus
2352 1849 2385 1885 a
2413 1829 2548 1885 Filio
2569 1828 2815 1883 mittatur
2859 1835 2908 1881 et
2948 1826 3314 1895 suppeditetur
3355 1825 3530 1896 dignis
3563 1825 3801 1893 ﬁdelibus.

2232 1924 2384 1980 Hanc
2413 1922 2676 1977 rationem
2731 1918 2919 1974 sedqu
2963 1928 3299 1972 exornarunt
3329 1915 3508 1972 Photii
3564 1933 3805 1986 sequaces

2233 2029 2466 2084 eamque
2540 2011 2796 2067 catholici
2871 2010 3104 2081 theologi
3179 2019 3436 2064 accurate
3494 2008 3803 2065 refutarunt.

2234 2107 2448 2163 Etenim
2503 2104 2544 2174 l)
2599 2103 2813 2159 etiamsi
2857 2103 2924 2158 ad
2976 2103 3295 2158 missionem
3348 2103 3624 2158 referatur
3680 2103 3804 2174 quod

2237 2198 2472 2269 Spiritus
2492 2197 2695 2252 dicitur
2722 2196 2862 2261 Filii,
2881 2196 3059 2252 adhuc
3083 2195 3361 2265 processio
3384 2196 3585 2250 exinde
3615 2197 3714 2250 ded
3730 2196 3804 2251 uci

2233 2300 2435 2362 potest,
2471 2306 2595 2345 cum
2630 2289 2818 2344 missio
2866 2289 3180 2357 temporalis
3220 2295 3441 2342 aeternae
3481 2287 3802 2356 processioni

2235 2384 2497 2440 innitatur
2533 2381 2606 2452 (ἓξ
2655 2383 2712 2447 ’5,
2753 2382 2829 2452 4).
2869 2381 2932 2452 ll)
2988 2381 3223 2451 Spiritus
3257 2396 3285 2434 a
3343 2379 3602 2435 Patribus
3629 2381 3806 2435 dicitur

2237 2473 2487 2545 proprius
2515 2473 2631 2527 Filii
2659 2473 2958 2527 secundum
2995 2483 3278 2536 naturam;
3309 2472 3389 2526 sic
3416 2470 3651 2526 Basilius
3687 2472 3721 2525 l.
3772 2487 3805 2534 t,

2238 2583 2288 2620 c.
2350 2565 2580 2619 Eunom.
2641 2563 2880 2634 explicat
2940 2563 3168 2634 Πνεῦμα
3228 2561 3496 2634 Χριστοῦ,
3550 2561 3624 2627 ὡς
3684 2563 3806 2616 uti

2236 2658 2400 2728 φύσιν
2439 2658 2791 2729 ᾠκειωμένον
2871 2655 3018 2725 αὐτῷ
3092 2655 3344 2728 (Gregor.
3421 2655 3544 2726 Cpi.
3605 2655 3803 2726 Apolog.

2237 2758 2417 2802 contra
2451 2747 2521 2802 Μ.
2559 2747 2746 2816 Epltes.
2783 2745 3018 2818 Confess.
3046 2747 3169 2801 eod.
3219 2747 3374 2801 Mon.
3421 2747 3492 2800 27
3535 2747 3570 2802 f.
3625 2749 3721 2800 117
3758 2749 3800 2813 b,

2238 2843 2343 2897 hoc
2366 2850 2513 2897 textu
2543 2851 2741 2911 prmter
2763 2839 2898 2895 alios
2919 2840 3114 2906 utitur)
3137 2856 3152 2905 ;
3181 2841 3276 2895 sed
3300 2849 3498 2894 natura
3516 2850 3600 2895 est
3622 2851 3805 2896 aeterna

2236 2936 2359 2990 etsi
2395 2935 2525 3004 quid
2569 2944 2763 2988 natura
2795 2933 3076 3004 proprium
3110 2933 3356 2996 alterius,
3400 2933 3523 3002 ejus
3572 2932 3645 2987 rei
3687 2935 3804 2986 ratio

2239 3028 2429 3098 nequit
2466 3043 2530 3080 ex
2567 3026 2912 3096 temporariis
2944 3025 3155 3095 repeti;
3191 3033 3275 3079 est
3321 3024 3555 3096 proinde
3595 3023 3808 3095 Spiritus

2239 3120 2490 3190 proprius
2519 3119 2639 3172 Filii
2674 3134 2781 3171 non
2825 3117 3006 3188 aliquo
3047 3117 3156 3171 alio
3207 3128 3491 3187 respectu,
3537 3119 3630 3172 sed
3666 3127 3808 3188 prout

548 3223 672 3262 mus
699 3208 859 3262 :inde
885 3209 1127 3277 procedit
1152 3206 1408 3278 Spiritus,
1434 3210 1591 3276 cujus
1612 3211 1828 3276 dicitur,
1855 3211 1971 3266 sive
2005 3228 2130 3281 per-
2162 3233 2208 3292 ρ
2243 3222 2328 3267 est
2356 3210 2538 3267 divina
2570 3224 2824 3280 persona,
2844 3219 2900 3264 et
2932 3210 3058 3265 inde
3097 3224 3162 3264 ex
3194 3209 3313 3279 ipso
3343 3217 3445 3264 est.
3475 3207 3588 3280 Ill).
3621 3209 3804 3272 Causa,

549 3317 682 3355 sona
718 3299 956 3370 Spiritus
994 3301 1108 3354 sive
1135 3301 1407 3356 charisma
1463 3303 1833 3374 intelligatur;
1860 3320 1992 3375 ergo
2022 3321 2134 3359 non

550 3391 820 3445 charisma
839 3391 1442 3461 producitsapientiam,
1461 3391 1800 3456 ﬁliationem,
1818 3391 2138 3459 ﬁdem,elc.,

551 3484 648 3538 sed
679 3484 967 3554 sapientia,
1002 3484 1212 3550 ﬁliatio,
1247 3483 1400 3548 ﬁdes,
1433 3493 1563 3549 ete.,
1601 3485 1912 3554 producunt
1955 3486 2139 3539 citari-

553 3584 746 3630 smata.
784 3577 898 3631 lino
929 3592 1052 3631 cum
1086 3577 1240 3646 juxta
1267 3576 1610 3632 adversarios
1655 3577 1796 3630 idem
1838 3577 1911 3631 sit
1953 3577 2141 3632 dicere

551 3668 780 3740 Πνεῦμα
799 3686 862 3725 ac
887 3670 1069 3725 dicere
1089 3670 1383 3732 charisma,
1399 3677 1477 3724 tot
1503 3679 1665 3724 erunt
1688 3669 1823 3739 ipsis
1843 3670 2140 3740 Πνεῦματα

551 3771 683 3832 quot
705 3762 1018 3834 χαρίσματα
1043 3763 1396 3832 etquodlihet
1420 3766 1612 3816 horum
1639 3773 1996 3832 pneumatum
2021 3763 2140 3819 sive

551 3855 942 3910 charismatum
971 3855 1023 3908 in
1049 3856 1159 3909 duo
1185 3855 1478 3918 dividetur,
1508 3870 1740 3926 quorum
1784 3870 1957 3908 unum
2006 3871 2137 3925 pro-

551 3948 736 4010 ducat,
770 3948 998 4002 alterum
1025 3947 1385 4018 producatur,
1431 3964 1600 4002 unum
1653 3948 1847 4012 donet,
1908 3931 2140 4002 alterum

554 4040 808 4102 donetur,
836 4040 970 4094 ﬁdes
1005 4039 1163 4093 ﬁdem
1186 4081 1199 4102 ,
1235 4038 1542 4094 intellectus
1593 4039 1933 4095 intellectum
1972 4049 2028 4094 et
2059 4039 2140 4094 sic

555 4129 816 4198 deinceps
850 4129 1040 4183 donet.
1072 4127 1178 4184 Sed
1213 4128 1460 4184 absurda:
1490 4130 1648 4198 plane
1699 4130 1968 4198 ejusmodi
2013 4140 2141 4186 sunt

555 4222 956 4278 conclusiones.
988 4223 1047 4276 In
1084 4223 1275 4292 primis
1321 4223 1522 4277 docent
1576 4223 1780 4288 Latini,
1823 4223 2140 4294 πνεύματος

555 4323 746 4364 vocem
770 4308 1143 4378 multipliciter
1178 4310 1466 4379 usurpari;
1515 4309 1826 4380 signiﬁcare
1855 4312 2136 4366 interdum

555 4402 856 4468 ἐνέργειαν,
883 4401 1113 4470 δύναμιν
1138 4401 1284 4455 haud
1311 4417 1406 4471 per
1435 4416 1494 4457 se
1519 4402 1931 4465 subsistentem,
1951 4403 2138 4475 signi-

556 4508 684 4548 care
720 4508 868 4554 aera,
904 4506 1152 4554 ventum.
1179 4493 1388 4556 ﬂatum,
1413 4503 1555 4560 ειε.;
1587 4510 1711 4548 cum
1741 4510 1872 4550 vero
1899 4510 2022 4550 cum
2047 4512 2138 4550 ar-

558 4587 723 4642 ticulo
738 4596 990 4656 ponatur,
1009 4588 1328 4658 plerumque
1348 4605 1460 4643 rem
1482 4599 1709 4653 certam,
1730 4590 2060 4660 singularem
2075 4605 2139 4645 ac
2169 4579 2215 4634 D

555 4678 879 4748 regulariter
905 4678 1298 4733 subsistentem
1347 4689 1569 4746 notare;
1603 4679 1658 4732 in
1697 4679 1907 4744 Bibliis,
1945 4680 2138 4750 ut-jant

555 4768 788 4824 advertit
821 4768 1096 4837 Didymus.
1121 4769 1158 4822 ι.
1185 4786 1202 4824 ι
1235 4769 1312 4822 De
1335 4769 1504 4835 Trin.,
1534 4769 1595 4822 τὸ
1626 4769 1854 4841 Πνεῦμα
1888 4786 2137 4825 commu-

555 4861 699 4914 niter
746 4861 851 4916 dici
912 4861 1174 4931 Spiritum
1230 4872 1518 4927 sanetum;
1573 4876 1736 4932 posse
1799 4878 1931 4916 vero
1987 4872 2043 4918 et
2076 4863 2138 4917 τὸ

556 4953 780 5022 Πνεῦμα
811 4953 953 5008 dona
1002 4953 1241 5024 Spiritus
1275 4954 1449 5010 sancti
1480 4954 1790 5025 signiﬁcare
1820 4955 1988 5026 ﬁgura
2019 4972 2140 5011 me—

557 5047 828 5117 tonymiae,
862 5063 967 5117 qua
992 5063 1089 5118 pro
1124 5046 1420 5102 ellectibus
1452 5062 1684 5115 persona
1708 5047 1957 5102 eii’ectrix
1979 5049 2137 5118 poni-

559 5150 662 5201 tur,
703 5150 761 5194 ut
785 5139 970 5209 Ephes.
1011 5158 1083 5206 Iv,
1127 5141 1230 5206 23;
1265 5141 1294 5195 Ι
1319 5141 1492 5195 Thess.
1517 5140 1699 5204 v.l9;
1741 5139 1954 5195 I'Joan.
1983 5158 2058 5207 tv,
2106 5143 2131 5196 1

557 5230 646 5298 (11.
705 5231 910 5286 Kilber.
968 5232 1161 5287 Theol.
1210 5231 1381 5286 Wire.
1444 5231 1621 5284 Tract.
1671 5231 1748 5285 De
1778 5231 1887 5286 Deo
1930 5249 2035 5286 uno
2088 5243 2136 5287 et

557 5325 698 5376 trino
728 5323 867 5392 disp.
907 5324 962 5388 6,
992 5340 1042 5380 c.
1071 5325 1140 5388 2;
1165 5332 1271 5378 art.
1307 5324 1331 5376 1
1370 5322 1466 5376 ﬁn.
1500 5339 1556 5378 n.
1587 5310 1738 5391 343).
1775 5325 1842 5379 Et
1887 5334 2037 5379 recte
2081 5324 2136 5378 in

553 5415 739 5469 multis
780 5415 1080 5470 Bihliorum
1127 5415 1260 5469 locis
1294 5431 1392 5486 per
1440 5415 1704 5486 Spiritum
1739 5415 1890 5488 [195]
1939 5417 2108 5471 intelli

553 5519 688 5576 gunt
733 5508 1084 5571 charismata,
1149 5516 1210 5562 ut
1253 5507 1366 5577 jam
1430 5507 1660 5578 pluralis
1710 5508 1780 5562 τὰ
1843 5509 2138 5580 πνεύματα

552 5615 606 5653 v.
635 5615 718 5670 gr.
751 5599 779 5653 ι
807 5599 966 5653 Joan.
1007 5612 1084 5662 IV,
1139 5598 1186 5664 1,
1238 5599 1495 5654 ostendit.
1568 5599 1675 5655 Sed
1724 5600 1851 5655 inde
1905 5616 2016 5654 non
2047 5615 2137 5657 se-

552 5701 816 5762 quuntur,
852 5705 975 5760 qua:
1012 5688 1448 5747 comminiscitur
1489 5691 1717 5749 Photius
1743 5709 1757 5760 ;
1783 5707 1928 5769 ~nam
1973 5707 2138 5750 cano-

629 5893 738 5963 l97)
771 5893 905 5950 Vide
938 5905 1041 5949 art.
1079 5897 1308 5965 pr;.rccd.
1338 5896 1365 5966 ς
1390 5900 1422 5949 9

2242 3305 2322 3358 sic
2354 3302 2706 3358 ratiocinatur
2730 3300 2993 3372 Georgius
3027 3301 3408 3373 Pachymeres,
3436 3301 3497 3369 (1.
3533 3317 3586 3356 c.
3638 3301 3705 3357 ϐ.
3749 3300 3806 3356 0.

2243 3391 2286 3457 1,
2319 3392 2424 3446 390
2453 3392 2614 3461 seq.),
2655 3391 2809 3461 prius
2851 3391 3074 3462 intellig’i
3121 3391 3287 3446 debet
3341 3407 3511 3462 quam
3558 3391 3806 3456 effectus;

2243 3492 2300 3538 et
2349 3481 2746 3552 sempiternum
2799 3481 2856 3536 in
2902 3481 3155 3553 personis
3209 3481 3420 3555 divinis
3466 3481 3616 3551 prius
3663 3498 3806 3552 quam

2243 3572 2472 3629 eﬁ'cctus
2497 3590 2682 3628 earum
2708 3572 2862 3646 [l96]
2894 3575 2987 3645 qui
3023 3582 3152 3629 sunt
3200 3575 3546 3643 temporales.
3590 3575 3808 3645 Spiritus

2244 3677 2466 3722 sanctus
2519 3667 2640 3741 ideo
2679 3665 2734 3722 in
2769 3674 3014 3736 tempore
3055 3669 3436 3738 suppeditatur
3501 3667 3743 3722 ﬁdelibus
3783 3681 3810 3720 a

2245 3759 2404 3826 Filio,
2429 3762 2554 3831 quia
2578 3768 2661 3814 cst
2679 3769 2734 3814 et
2777 3759 2978 3814 dicitur
3007 3759 3245 3829 Spiritus
3275 3759 3426 3826 Filii;
3470 3761 3576 3816 hoc
3606 3770 3690 3815 est
3726 3774 3809 3814 ve-

2243 3851 2340 3905 luti
2375 3866 2556 3913 causa,
2585 3847 2716 3903 illud
2754 3849 2918 3903 veluti
2951 3849 3197 3904 ell'ectus.
3237 3851 3376 3918 Ergo
3408 3850 3553 3919 quod
3588 3848 3810 3920 Spiritus

2242 3944 2456 3998 dicatur
2495 3940 2636 4006 Filii,
2667 3957 2731 3996 ex
2773 3957 2841 3997 eo
2896 3943 3037 3996 ratio
3096 3958 3206 4004 non
3261 3942 3370 4012 peti
3428 3950 3624 4012 potest,
3680 3941 3809 4010 quod

2243 4036 2478 4092 donetur
2515 4051 2544 4089 a
2594 4035 2734 4090 Filio
2789 4036 2993 4104 dignis.
3047 4035 3248 4090 Eodem
3311 4036 3472 4089 modo
3537 4035 3808 4089 Bessarion

2245 4129 2428 4200 (epist.
2455 4128 2520 4182 ad
2552 4129 2706 4183 Alex.
2729 4127 2888 4182 Lase.
2917 4143 2967 4181 c.
3001 4126 3064 4192 7;
3087 4126 3253 4182 llard.
3275 4125 3366 4189 IX,
3393 4126 3583 4198 1067):
3619 4146 3636 4178 ‹
3667 4125 3808 4191 Quod

2243 4222 2287 4277 si
2319 4221 2442 4291 quis
2469 4221 2652 4276 dicat:
2689 4220 2818 4276 Ideo
2841 4221 3042 4276 dicitur
3077 4219 3323 4290 Spiritus
3381 4220 3527 4284 Filii,
3569 4219 3694 4290 quia
3749 4234 3805 4271 cx

2243 4330 2309 4370 eo
2342 4315 2599 4379 mittitur,
2655 4313 2785 4368 falsa
2827 4323 2916 4368 est
2949 4314 3122 4378 ratio;
3187 4329 3218 4368 e
3267 4329 3538 4368 converso
3589 4325 3808 4382 namque

2241 4407 2367 4476 quia
2395 4406 2516 4476 ejus
2555 4416 2660 4467 est,
2717 4403 2955 4460 mittitur
3001 4406 3072 4460 ab
3128 4420 3229 4470 eo;
3287 4405 3471 4475 priora
3502 4403 3644 4456 enim
3696 4411 3810 4457 sunt

2241 4516 2407 4556 causa
2447 4500 2813 4570 posteriorum
2873 4497 3002 4570 (non
3032 4497 3150 4553 vice
3179 4496 3380 4569 versa).
3439 4495 3596 4551 Prius
3639 4504 3807 4550 autem

2243 4601 2348 4657 est,
2371 4594 2512 4660 quod
2537 4589 2777 4660 Spiritus
2809 4589 2879 4644 sit
2911 4588 3149 4659 Spiritus
3181 4586 3338 4655 Filii;
3375 4588 3648 4658 posterius
3668 4601 3805 4646 vero.

2241 4682 2387 4751 quod
2415 4681 2664 4736 mittatur
2689 4681 2758 4736 ab
2796 4696 2884 4734 eo.
2929 4699 2947 4732 ι
2987 4679 3076 4749 IV)
3121 4679 3244 4734 Non
3293 4681 3477 4735 minus
3520 4688 3808 4750 opportuna

2241 4785 2390 4839 sunt,
2421 4792 2543 4845 qua:
2577 4775 2820 4844 disputat
2853 4774 3011 4842 llugo
3045 4773 3385 4828 Etherianus
3413 4773 3474 4839 (1.
3524 4789 3590 4836 ιι,
3618 4788 3664 4827 c.
3722 4772 3804 4835 20,

2238 4883 2295 4938 p.
2333 4867 2489 4934 1255)
2526 4884 2541 4922 :
2583 4887 2602 4920 ‹
2634 4865 2750 4922 Νοη
2805 4866 3008 4921 dicitur
3041 4865 3281 4936 Spiritus
3326 4864 3444 4919 Filii
3490 4876 3548 4920 ut
3589 4865 3812 4920 consub-

2248 4956 2504 5011 stantiale
2525 4966 2580 5010 et
2609 4956 2699 5026 qui
2730 4955 2966 5011 mittitur
2993 4970 3092 5025 per
3115 4957 3316 5025 ipsum,
3342 4964 3403 5010 ut
3431 4955 3612 5010 Pbotii
3639 4955 3808 5010 decla-

2240 5055 2326 5102 rat
2350 5047 2660 5118 descripto;
2681 5063 2774 5102 aut
2807 5048 2953 5103 enim
2987 5047 3317 5102 :eternaliter
3346 5056 3429 5101 est
3474 5045 3596 5100 Filii
3621 5059 3809 5116 perque

2239 5141 2420 5210 ipsum
2450 5140 2784 5194 :eternaliter
2830 5139 3086 5201 mittitur,
3139 5149 3236 5194 aut
3294 5140 3455 5208 prius
3495 5139 3618 5192 Filii
3671 5147 3802 5197 erat,

2239 5247 2399 5301 quam
2441 5247 2541 5300 per
2592 5231 2771 5300 ipsum
2831 5231 3162 5285 mitteretur.
3228 5229 3384 5295 Quod
3431 5229 3479 5284 si
3528 5239 3806 5298 antequam

2240 5321 2572 5387 mitteretur,
2598 5320 2717 5376 Filii
2742 5331 2859 5376 erat
2895 5321 3161 5391 Spiritus,
3208 5338 3314 5375 non
3336 5321 3460 5391 quia
3495 5336 3593 5388 per
3643 5321 3806 5390 ipsum

2241 5414 2496 5479 mittitur,
2526 5415 2647 5484 ejus
2681 5414 2919 5469 exsistit.
2954 5413 3233 5470 Etrursus
3259 5414 3300 5468 si
3327 5428 3427 5483 per
3463 5412 3658 5467 Filium
3689 5409 3807 5478 Spi-

2239 5507 2380 5562 ritus
2413 5507 2746 5562 aeternaliter
2770 5507 3026 5571 mittitur,
3077 5517 3173 5562 aut
3233 5509 3470 5561 mittitur
3529 5505 3660 5558 Filio
3690 5517 3807 5556 cum

2238 5601 2401 5655 Patre
2426 5600 2679 5654 mittente
2711 5599 2916 5669 ipsum,
2940 5608 3036 5654 aut
3059 5609 3318 5670 tanquam
3350 5615 3450 5670 per
3484 5600 3810 5654 instrumen-

2239 5703 2353 5748 tum
2383 5691 2617 5747 mittitur
2647 5706 2743 5762 per
2766 5688 2985 5759 Filium,
3020 5691 3190 5746 veluti
3227 5706 3326 5762 per
3355 5706 3544 5747 arcum
3587 5686 3809 5742 mittitur
