4008 6418
495 398 599 467 451

1638 397 1906 459 ΡΠΟΤΙΙ
1939 396 2450 460 ΡΑΤΒΙΑΒΟΗᾸΞ
2487 398 2599 461 CP.

3675 404 3795 469 452

485 532 517 570 a
549 514 707 568 Patre
740 521 1052 583 generatur,
1084 512 1157 567 ita
1204 511 1441 582 Spiritus
1475 520 1701 565 sanctus
1731 511 1799 564 ab
1842 521 2074 581 utroque
2100 516 2151 573 Α
2175 513 2433 569 omnibus
2473 513 2757 584 disciplina
2788 521 3065 570 censetur.
3118 512 3235 569 Lux
3266 529 3485 586 quoque
3516 516 3646 573 solis
3673 537 3787 590 pe-

485 606 621 671 exit,
639 605 707 660 ab
730 613 960 674 utroque
990 603 1224 658 mittitur
1251 602 1604 667 aeternaliter,
1633 610 1689 655 et
1714 602 1783 656 ab
1809 612 2042 671 utroque
2062 643 2079 667 ,

487 709 546 753 ut
579 707 859 754 ostensum
887 705 1006 760 est,
1040 697 1257 749 univoce
1297 694 1567 764 procedit.
1606 692 1740 748 Nam
1782 693 1927 764 apud
1972 704 2083 749 tres

486 789 625 844 nihil
652 790 915 859 praeterit,
940 788 1080 841 nihil
1103 787 1346 842 futurum
1378 796 1491 853 est;
1512 787 1654 857 apud
1686 796 1797 841 tres
1817 802 2087 857 personas

488 897 598 937 non
621 891 705 937 est
725 879 1106 935 transmutatio
1127 894 1228 934 nec
1248 879 1643 934 vicissitudinis
1667 879 2083 933 obumbratio...

489 975 757 1039 Quantum
780 974 849 1026 ad
874 974 1011 1041 ipsos
1047 970 1302 1043 (Patrem
1328 982 1384 1027 et
1428 971 1625 1026 Filium
1658 974 1932 1041 )spectat,
1958 980 2087 1025 ante

490 1068 669 1120 omnia
694 1065 887 1121 saecula
917 1065 1141 1119 mittunt
1163 1072 1219 1119 et
1245 1064 1450 1118 donant
1471 1062 1754 1134 (Spiritum
1788 1063 2082 1131 sanctum).

490 1158 891 1214 Exsistentibus
912 1167 1095 1212 autem
1118 1158 1263 1211 dono
1286 1157 1619 1212 missionevc
1642 1156 1821 1228 dignis
1842 1157 2085 1227 incipere

488 1251 744 1305 dicuntur
774 1250 993 1305 mittere
1017 1250 1100 1303 vel
1139 1250 1382 1314 donare;
1431 1265 1769 1319 nequaquam
1796 1249 2085 1302 secundum

488 1359 564 1405 se,
601 1342 741 1410 (sed)
778 1351 1035 1411 quantum
1069 1342 1139 1393 ad
1178 1341 1539 1409 suscipientes.
1578 1339 1743 1409 Igitur
1777 1341 1823 1395 si
1864 1341 2086 1395 mittere

490 1443 798 1497 aeternum,
847 1442 903 1487 et
962 1432 1187 1498 missio;
1251 1447 1517 1501 versaque
1575 1433 1733 1487 vice:
1791 1432 1835 1487 si
1896 1433 2088 1487 missio

490 1534 725 1585 aeterna,
765 1532 818 1578 et
862 1524 1100 1578 mittere.
1144 1524 1305 1594 Atqui
1354 1524 1542 1578 missio
1580 1536 1785 1578 :eterna
1830 1534 1934 1578 est.
1970 1524 2087 1578 Non

493 1616 640 1669 enim
673 1625 733 1671 ut
773 1616 829 1669 in
856 1616 1181 1671 lithotomon
1228 1616 1350 1688 (sic)
1385 1618 1523 1671 ratio
1566 1618 1730 1672 turris
1758 1616 2089 1671 fabricandae

501 1708 917 1763 fabricationem
968 1710 1228 1777 praecedit
1269 1717 1324 1763 et
1366 1710 1435 1762 ab
1476 1724 1540 1764 ea
1576 1708 1856 1776 dividitur,
1910 1710 1984 1763 ita
2034 1709 2088 1763 in

495 1801 630 1855 Filio
658 1810 713 1855 et
741 1800 899 1854 Patre
929 1800 1081 1871 [2001
1106 1801 1242 1854 ratio
1274 1800 1547 1854 missionis
1577 1802 1817 1869 Spiritus
1852 1800 2076 1854 missio—

2187 605 2376 659 rennis
2422 612 2542 670 est;
2584 605 2828 675 quandiu
2867 604 3030 661 nobis
3072 605 3268 669 oritur.
3309 607 3457 661 diem
3489 622 3791 676 vocamus,

2185 696 2353 751 breve
2404 696 2765 751 attribuentes
2811 697 2862 751 ci
2895 696 3161 766 temporis
3194 697 3455 766 spatium.
3500 715 3520 748 ι
3578 696 3796 763 Quibus

2185 786 2457 857 exemplis
2488 787 2637 842 aliud
2670 787 2894 857 c0pulat
2925 787 3065 842 duce
3093 785 3425 858 Hieronymo
3452 804 3521 842 ex
3548 788 3795 843 incarna-

2186 877 2334 933 tione
2377 878 2728 948 desumptum
2757 920 2771 944 ,
2803 895 2925 949 qua
2955 878 3107 935 velut
3135 880 3249 949 iam
3292 879 3361 934 ab
3407 879 3570 936 initio
3607 883 3795 936 sat-culi

2188 970 2328 1025 facta
2381 972 2724 1040 perhibetur.
2768 989 2832 1028 ac
2868 972 3069 1027 deinde
3114 973 3193 1042 (ρ.
3247 972 3385 1028 1255
3418 972 3511 1043 C.)
3560 974 3734 1045 pergit
3775 993 3790 1027 :

2194 1081 2213 1112 ι
2242 1061 2401 1127 Quod
2443 1064 2489 1117 si
2532 1065 2714 1118 unitas
2758 1064 3001 1134 mysterii
3052 1063 3345 1119 Dominicae
3389 1064 3796 1120 incarnationis

2190 1154 2247 1209 in
2317 1154 2454 1210 Filio
2510 1155 2840 1225 principium
2892 1156 3157 1225 temporis
3184 1172 3297 1210 non
3354 1154 3572 1221 habuit,
3620 1156 3794 1210 multo

2190 1248 2371 1303 minus
2445 1249 2708 1303 credibile
2770 1256 2854 1302 est
2925 1248 3242 1303 missionem
3314 1248 3556 1318 Spiritus
3619 1248 3794 1302 sancti

2190 1353 2221 1391 a
2263 1339 2423 1391 Patre
2456 1352 2521 1391 ac
2550 1337 2693 1391 Filio
2748 1337 2801 1391 in
2853 1337 3117 1392 alterutro
3143 1352 3332 1391 eorum
3385 1337 3661 1407 incepisse
3690 1338 3797 1391 sub

2192 1440 2457 1499 tempore.
2517 1449 2535 1482 ι
2586 1430 2854 1485 Praeterea
2909 1429 3052 1483 idem
3118 1438 3311 1484 auctor
3360 1440 3555 1485 contra
3615 1428 3799 1482 Theo-

2191 1524 2503 1594 phylactum
2547 1522 2789 1591 aliosque
2815 1562 2829 1587 ,
2871 1520 2966 1591 qui
3024 1521 3329 1592 arguebant
3375 1520 3643 1591 Spiritum
3680 1536 3795 1573 non

2192 1625 2275 1670 ter
2307 1615 2393 1669 vel
2422 1614 2624 1684 saepius
2650 1615 2839 1669 datum
2870 1614 3175 1685 discipulis,
3208 1612 3359 1685 [ΞΜ]
3390 1629 3575 1682 neque
3605 1613 3797 1667 verbis

2192 1706 2354 1761 Joan.
2391 1722 2460 1759 xx
2483 1747 2496 1771 ,
2529 1706 2602 1759 ἓξ
2626 1746 2640 1770 ,
2680 1721 2859 1775 neque
2887 1715 3014 1759 ante
3042 1704 3248 1759 Christi
3285 1720 3317 1759 e
3346 1704 3555 1759 mundo
3582 1704 3797 1759 disces-

2194 1815 2354 1863 sum,
2390 1799 2486 1853 sed
2520 1799 2730 1868 priores
2773 1808 2901 1853 ante
2944 1800 3309 1853 Pentecosten
3356 1796 3684 1852 donationes
3724 1799 3797 1852 ad

494 1908 620 1947 nem
665 1863 945 1961 praevenit-
967 1900 1022 1946 et
1054 1863 1123 1946 ab
1157 1892 1272 1961 ipsa
1319 1863 1630 1963 separatur:
1677 1893 1811 1947 Nam
1852 1894 1897 1947 si
1951 1894 2087 1947 ratio
2119 1863 2166 1921 Β
2196 1890 2431 1959 Spiritus
2457 1863 2599 1943 dona
2635 1904 2756 1942 esse
2798 1888 3084 1942 referenda
3111 1928 3125 1951 ,
3163 1903 3227 1943 ac
3274 1887 3437 1941 Joan.
3481 1904 3587 1961 xx,
3616 1887 3690 1940 9.2
3728 1889 3797 1942 ad

496 1983 772 2038 missionis
806 1982 1043 2054 Spiritus
1081 1986 1252 2039 sancti
1286 1986 1353 2038 ab
1382 1993 1589 2038 (eterna
1622 1984 1675 2037 in
1708 1984 1847 2038 Filio
1879 1993 1997 2051 est,
2033 1996 2090 2040 et

498 2074 686 2130 missio
716 2074 885 2144 ipsius
914 2074 1150 2143 Spiritus
1180 2073 1349 2143 cmpit
1384 2089 1505 2127 esse
1546 2073 1597 2127 in
1636 2074 1773 2127 Filio
1808 2074 1876 2128 ab
1906 2073 2090 2144 aliquo

499 2177 762 2237 tempore,
790 2170 942 2237 prius
972 2178 1023 2222 et
1052 2167 1352 2236 posterius,
1385 2166 1661 2236 adjectum
1693 2176 1748 2221 et
1779 2168 2088 2236 separabile

500 2260 666 2315 habet
696 2259 864 2314 Filius
906 2268 961 2315 et
993 2260 1358 2314 accidentium
1393 2274 1503 2313 non
1542 2259 1731 2329 elIugit
1768 2259 2089 2329 multiplici-

502 2360 689 2406 tatem.
727 2349 917 2406 Nonne
942 2352 1022 2405 sol
1048 2366 1173 2405 cum
1204 2351 1475 2405 illuminat
1499 2352 1746 2415 domum,
1772 2352 1953 2421 aliqua
1988 2352 2090 2406 ho-

498 2446 587 2501 die
636 2445 827 2516 incipit
875 2444 1177 2509 irradiare;
1226 2444 1453 2515 pretiosi
1498 2444 1752 2498 similiter
1800 2444 2092 2514 splendent

492 2538 696 2611 iugiter
735 2537 962 2608 lapides,
995 2538 1169 2593 stellae
1198 2552 1447 2608 quoque;
1497 2545 1739 2591 attamen
1781 2537 1996 2592 illarum
2029 2537 2088 2591 in

499 2630 770 2696 tenebris,
813 2630 1005 2684 harum
1040 2644 1169 2684 vero
1204 2629 1260 2683 in
1300 2629 1422 2683 luce
1456 2628 1681 2683 minime
1710 2630 1971 2698 splendor
2003 2646 2095 2684 ru-

500 2722 651 2786 tilat,
691 2738 794 2774 non
823 2738 887 2775 ea:
921 2722 1297 2789 interceptione
1336 2721 1629 2790 splendoris
1653 2762 1667 2786 ,
1698 2722 1791 2774 sed
1840 2738 1904 2775 ea:
1947 2724 2095 2791 aspi-

500 2816 750 2869 cientium
784 2814 1207 2869 imbecillitate?
1258 2814 1509 2884 Amplius
1556 2832 1568 2867 :
1623 2815 1811 2868 missio
1858 2814 2097 2884 Spiritus

501 2906 675 2962 sancti
704 2914 761 2960 et
788 2906 1028 2977 cognitio
1075 2904 1355 2959 missionis
1403 2906 1562 2959 simul
1596 2914 1724 2959 sunt
1758 2906 1811 2958 in
1848 2905 2007 2961 Patre
2042 2914 2098 2961 et

503 2995 681 3061 Filio;
720 3006 977 3050 neutrum
1007 2996 1154 3049 enim
1196 2995 1391 3050 horum
1421 2995 1655 3050 duorum
1690 3008 1905 3067 tempus
1954 3014 2097 3066 prte-

502 3088 742 3159 iudicat;
771 3097 827 3142 at
854 3104 986 3142 vero
1015 3088 1244 3158 cognitio
1273 3097 1479 3142 aeterna
1521 3100 1638 3156 est;
1671 3107 1801 3163 ergo
1830 3098 1885 3144 et
1912 3092 2100 3145 missio

508 3180 745 3250 Spiritus
774 3180 950 3235 sancti
995 3180 1063 3235 ab
1110 3190 1342 3249 utroque
1387 3190 1591 3235 aeterna
1643 3192 1728 3237 est
1770 3192 1825 3238 et
1872 3194 2101 3252 uterque

507 3270 788 3341 arqualitcr
813 3278 867 3325 et
907 3271 1240 3326 aaternaliter
1269 3289 1430 3328 causa
1478 3273 1756 3328 missionis
1787 3273 2100 3343 Spiritus...

512 3358 571 3414 Si
621 3360 807 3430 utique
852 3359 1053 3431 (Pater)
1102 3376 1268 3416 causa
1316 3376 1431 3427 ρει,
1473 3371 1528 3416 et
1578 3361 1747 3417 Filius
1788 3371 1873 3418 est
1926 3364 2105 3433 aliqua

510 3466 673 3506 causa
715 3451 948 3522 Spiritus
978 3452 1150 3507 sancti
1185 3470 1200 3520 ;
1246 3453 1291 3508 si
1334 3462 1530 3507 neuter
1558 3461 1643 3509 est
1682 3470 1844 3508 causa
1872 3506 1883 3517 ,
1916 3453 2107 3509 missio

513 3540 751 3612 Spiritus
800 3543 973 3596 sancti
1019 3558 1123 3598 nec
1156 3558 1374 3598 causam
1414 3545 1579 3598 habet
1608 3560 1711 3599 nec
1735 3544 2065 3615 principium
2088 3585 2103 3610 ,

511 3635 657 3704 quod
708 3644 794 3689 est
847 3636 1019 3690 solius
1069 3635 1247 3689 Patris
1301 3636 1643 3707 privilegium
1704 3637 1761 3690 in
1811 3636 2100 3692 Trinitate.

511 3726 693 3792 Quare
734 3725 963 3781 forsitan
1011 3743 1119 3781 non
1168 3728 1239 3781 sit
1280 3728 1713 3794 inconveniens,
1755 3728 1797 3783 si
1827 3731 2106 3798 processio

512 3818 751 3889 Spiritus
777 3820 953 3873 sancti
987 3818 1320 3874 zeternaliter
1345 3820 1411 3873 de
1436 3820 1596 3873 Patre
1625 3836 1689 3876 ac
1720 3819 1854 3874 Filio
1881 3837 2106 3879 manans

514 3924 685 3979 penes
708 3909 1073 3979 suscipientes
1112 3918 1395 3964 creaturas
1418 3910 1618 3973 missio,
1654 3911 1908 3965 usitatius
1938 3913 2107 3965 dona-

516 4002 590 4055 tio
616 4009 671 4055 et
700 4001 745 4055 si
784 4001 914 4071 quid
948 3999 1095 4054 aliud
1146 4000 1463 4069 huiusmodi
1504 4010 1873 4071 nuncupetur,
1920 4003 2108 4057 subli-

517 4092 781 4147 mioribus
809 4091 1029 4163 quidem
1062 4106 1279 4163 semper
1316 4091 1505 4146 divino
1528 4134 1541 4155 ,
1582 4091 1933 4148 inferioribus
1967 4109 2097 4149 vero

516 4200 737 4253 semper
780 4192 966 4239 creato
1010 4183 1336 4239 referendis.
1382 4182 1520 4240 Nam
1568 4184 1712 4239 idem
1752 4186 2105 4256 Evangelium

518 4277 571 4331 in
625 4273 849 4331 Christo
907 4277 1192 4344 doctrina,
1237 4275 1293 4330 in
1337 4277 1601 4347 apostolis
1653 4292 1789 4332 vero
1836 4279 2106 4349 nobisque

517 4403 675 4461 nono,
692 4388 869 4461 utitur
913 4389 1215 4445 adnectens
1249 4388 1582 4445 Theodoreti
1613 4391 2014 4461 Oppositionem
2040 4408 2107 4448 ac

515 4460 729 4533 Cyrilli‘
762 4475 1085 4533 responsum
1129 4476 1239 4514 una
1272 4476 1400 4515 cum
1433 4460 1746 4517 testimonio
1785 4477 1852 4516 ex
1890 4465 2009 4533 ejus
2037 4464 2106 4518 ad

518 4529 827 4584 Nestorium
850 4530 1117 4599 epistolis.

1151 4600 1297 4684 apud
1337 4599 1553 4684 Hugon.
1600 4601 1882 4684 i‘lq‘l5mp.
1927 4602 2103 4684 .1228;
2130 4574 2185 4634 D

589 4600 665 4723 (Ἠ
715 4600 1109 4672 TheOphylact.
1151 4600 1297 4671 apud
1337 4600 1553 4673 Hugon.
1600 4601 1665 4663 ll.
1702 4603 1789 4668 15,
1830 4618 1882 4684 p.
1935 4602 2103 4668 1228;

516 4686 623 4740 apu
693 4669 1055 4742 Beccuerr.
1090 4674 1226 4727 orth.
1261 4672 1301 4735 l,
1337 4687 1393 4742 p.
1424 4673 1551 4737 220,
1600 4672 1697 4725 ‘22!
1731 4688 1746 4739 ;
1788 4673 1962 4727 Nicol.
1999 4674 2111 4727 Me-

519 4740 906 4813 thon.ASyilog.
942 4741 995 4813 in
1027 4742 1148 4796 cod.
1184 4740 1349 4813 Mon.
1367 4742 1437 4797 66
1470 4742 1509 4813 f.
1542 4742 1603 4797 81
1638 4744 1691 4797 1).
1735 4759 1855 4813 cap.
1886 4743 1957 4797 55
1991 4760 2004 4797 :
2042 4742 2109 4796 El

515 4814 545 4864 ὁ
575 4811 739 4869 αὐτὸς
766 4812 1120 4882 Παράκλητος
1144 4812 1300 4882 ἐδόθη
1323 4813 1445 4865 τότε
1476 4812 1565 4865 διὰ
1590 4813 1686 4882 τῆς
1710 4811 2072 4882 ὲμερυσήσεως
2090 4852 2106 4877 ,

516 4883 653 4936 ἀλλὰ
680 4882 760 5006 μ.ὶέ
787 4882 846 4934 τὸ
876 4883 1123 4953 χάρισμα
1151 4885 1256 4967 τῆε
1276 4882 1525 4951 ἀφέσεως
1550 4883 1661 4935 τῶν
1692 4883 2109 4965 ἁμαρτιῶν,.ὼς

518 4953 715 5006 αὐτίκα
764 4952 1037 5006 εδήλωκεν
1063 4954 1307 5004 ὲπειπων
1334 4956 1363 5005 ὁ
1384 4953 1574 5006 Σωτὴρ
1620 4954 1721 5005 Ἂν
1745 4969 1906 5005 τινων
1933 4955 2108 5006 ἀφῆτε

518 4951 715 5006 αὐτίκα
732 4951 1314 5024 δεδήλὼὶιενζὲπειπὼιί
1334 4956 1363 5005 ὁ
1384 4953 1574 5022 Σωτὴρ
1620 4951 1906 5024 ’ξΑντινιυν
1933 4954 2108 5024 ἀφῆτε

518 5026 617 5093 τὰς
634 5020 930 5093 ἁμαρτιας.
966 5022 1217 5089 ἀφίενται
1254 5021 1446 5093 (Joan.
1476 5020 1583 5093 xxi,
1624 5023 1749 5093 23).
1792 5020 1901 5075 οἷόε
1940 5020 2049 5093 γάῥ
2079 5025 2109 5077 ὁ

520 5090 685 5164 λόγοςή
712 5090 807 5164 κάκ
837 5094 906 5145 τὰ
955 5090 1274 5164 χαρίσματα
1313 5090 1513 5164 Ακαλεῖν
1542 5090 1829 5164 πνεύματα
1854 5108 1866 5121 ·
1899 5090 2043 5156 rivo,-
2074 5097 2107 5164 ἡ

520 5163 663 5218 κατὰ
691 5162 789 5235 τὴν
823 5164 927 5235 γῆν
957 5161 1262 5233 ata'powla;
1302 5161 1337 5233 ἢ
1375 5162 1485 5235 γὰρ
1529 5161 1624 5214 τοῦ
1669 5161 1833 5216 αὑτοῦ
1866 5166 1960 5217 καὶ
2009 5161 2107 5216 ora;

524 5234 678 5302 ριττὴ
697 5274 723 5303 ,Α
744 5234 778 5302 ἢ
815 5234 1027 5303 ἐτέρου,
1068 5234 1161 5286 καὶ
1193 5235 1345 5285 ποῖον
1375 5234 1531 5286 τοῦτο
1557 5248 1571 5297 ;

594 5301 965 5375 (5)_Pr.eclare
995 5306 1156 5375 Greg.
1186 5304 1389 5357 Nazian
1415 5312 1572 5375 forat.
1605 5303 1695 5367 37,
1730 5319 1784 5374 p.
1837 5304 1961 5370 608,
1996 5312 2106 5360 tres

521 5372 693 5444 veluti
718 5373 918 5440 gradus
945 5372 1459 5429 communicationis
1482 5372 2047 5444 Spiritus’distinguit
2087 5393 2102 5429 :

517 5443 755 5517 primum
787 5445 868 5517 (τρ
899 5444 1138 5517 pituita)
1160 5447 1237 5517 γὲν,
1262 5445 1402 5517 ἀρχῇ
1426 5446 1541 5517 frob
1591 5445 1917 5517 εὐαγγελίου
1939 5443 2107 5517 δυνά-

519 5509 641 5584 μεις
674 5509 980 5586 ἐπιξεέλοῖξν,
1007 5509 1204 5568 deinde
1227 5509 1616 5586 ὲκξρῦἇώμενον
1641 5509 1820 5586 (Joan.
1849 5532 1938 5577 xx,
1973 5516 2066 5583 ‘22)
2086 5559 2101 5583 ,

518 5583 709 5658 postea
762 5584 823 5636 ὲν
875 5583 1465 5658 γλώσσαις-πρίγαιξ
1496 5583 1844 5657 φαινόμενον.
1877 5587 2104 5658 _lnsigni

515 5656 808 5709 verborum
842 5655 1126 5723 majestate
1160 5653 1282 5708 Leo'
1319 5656 1390 5710 M.
1422 5653 1676 5712 sermone
1711 5658 1747 5711 2
1779 5658 1847 5711 de
1876 5653 2101 5714 Pentec.

515 5739 565 5779 c.
592 5726 659 5799 ὃ,
681 5725 735 5778 4.
771 5728 789 5794 (
815 5724 1011 5779 Baller.
1037 5724 1138 5799 _76,
1168 5726 1369 5799 μηλιοᾷ
1390 5741 1505 5799 seq.
1536 5729 1625 5782 ed.
1656 5728 1891 5799 MIGNE):
1932 5748 1950 5781 ι
1985 5729 2103 5784 Non

513 5794 872 5869 ambigantus,
896 5795 1052 5869 quod
1080 5810 1207 5850 cum
1237 5796 1291 5869 in
1318 5796 1405 5869 die
1428 5794 1778 5869 Pentecostes
1804 5794 2103 5869 discipulos

518 5863 735 5922 Domini
764 5863 1000 5940 Spiritus
1023 5874 1249 5925 sanctus
1275 5867 1541 5938 implevit,
1580 5885 1683 5926 non
1713 5870 1814 5927 fuit
1836 5863 2100 5926 inclinatio

2198 1982 2406 2037 donum
2438 1981 2704 2036 duntaxat
2746 1980 3056 2035 dimittendi
3100 1990 3319 2050 peccata
3352 1980 3453 2049 (2),
3499 1981 3647 2034 inter
3687 1982 3797 2033 alia

2198 2074 2360 2128 docet
2387 2074 2457 2141 (l.
2491 2091 2550 2137 ιι,
2588 2075 2673 2138 15,
2702 2090 2759 2141 p.
2800 2073 2961 2143 12ἳ8)
2986 2089 3051 2127 ex
3078 2072 3344 2143 Gregorio
3364 2071 3715 2127 Nazianzeno
3740 2084 3802 2126 et

2198 2164 2465 2236 Gregorio
2494 2166 2536 2220 l.
2580 2165 2863 2231 Romano,
2902 2165 3181 2221 Christum
3223 2181 3331 2219 non
3372 2165 3592 2221 dedisse
3617 2166 3800 2221 solum

2198 2260 2403 2314 donum
2455 2260 2763 2329 quoddam,
2822 2259 2916 2313 sed
2967 2259 3142 2326 ipsum
3197 2256 3462 2325 Spiritum
3522 2266 3800 2311 sanctum.

2198 2353 2353 2419 Quod
2387 2352 2569 2407 denuo
2602 2353 2674 2423 (c.
2706 2350 2795 2415 15,
2837 2367 2893 2420 p.
2938 2350 3097 2419 1229)
3133 2349 3254 2403 aliis
3298 2350 3639 2420 argumentis
3664 2366 3808 2404 con-

2202 2446 2421 2501 firmare
2464 2446 2647 2500 studet
2676 2484 2691 2508 ,
2730 2444 3105 2515 Chrysostomi
3130 2484 3146 2510 ,
3196 2459 3319 2513 quae
3352 2445 3625 2499 contraria
3678 2460 3807 2500 esse

2201 2538 2371 2593 verba
2418 2538 2766 2601 videbantur,
2824 2537 3124 2607 explanans
3167 2546 3223 2591 et
3274 2537 3328 2590 in
3376 2538 3561 2592 verbis
3601 2538 3746 2608 ipsis
3787 2555 3805 2592 :

2201 2632 2435 2701 Accipite
2475 2631 2738 2699 Spiritum
2775 2639 3022 2683 sanctum
3075 2629 3359 2684 insistens.
3411 2629 3467 2683 Si
3507 2630 3635 2700 quis
3669 2644 3809 2685 vero

2210 2725 2358 2781 dicat
2414 2724 2635 2778 nonnisi
2695 2722 2898 2777 donum
2954 2722 3265 2776 remittendi
3332 2732 3553 2793 peccata
3598 2724 3805 2777 datum

2204 2818 2409 2881 fuisse,
2458 2836 2475 2867 ι
2515 2817 2800 2876 attendat,
2833 2816 2909 2869 ait
2942 2813 3127 2884 llugo,
3174 2814 3219 2868 si
3269 2813 3583 2883 huiusmodi
3620 2814 3811 2868 virtus

2204 2907 2520 2974 separabilis
2554 2907 2646 2961 sit.
2682 2906 2786 2960 Sed
2826 2914 2994 2975 patet,
3021 2906 3165 2975 quod
3197 2922 3307 2960 non
3336 2906 3408 2959 sit
3433 2906 3769 2976 separabilis
3789 2945 3807 2971 ,

2206 3016 2331 3056 cum
2367 3000 2506 3053 nihil
2533 3000 2837 3053 secundum
2869 2998 3127 3052 accidens
3150 2998 3351 3051 divinis
3382 2998 3508 3051 insit
3541 2998 3811 3068 hyposta-

2208 3095 2397 3158 sibus;
2428 3108 2557 3163 ergo
2584 3092 2714 3147 dum
2758 3092 2851 3145 dat
2882 3089 3139 3160 Spiritum
3162 3132 3177 3154 ,
3208 3091 3436 3163 largitur
3465 3100 3628 3144 totum
3648 3130 3666 3154 ,
3702 3107 3812 3143 non

2213 3196 2443 3257 partem.
2481 3206 2501 3239 ι
2539 3185 2742 3240 Deinde
2784 3185 2946 3239 docet
2988 3184 3270 3241 Christum
3307 3185 3363 3239 in
3425 3185 3509 3240 die
3548 3200 3812 3238 resurre-

2212 3279 2414 3335 ctionis
2451 3279 2667 3333 dedisse
2715 3288 2880 3331 totum
2914 3277 3193 3347 Spiritum,
3224 3280 3317 3332 sed
3371 3294 3471 3331 non
3509 3279 3813 3332 secundam

2210 3387 2415 3425 omnem
2441 3370 2763 3440 operationis
2793 3370 3015 3437 speciem
3042 3411 3056 3433 ,
3090 3369 3144 3423 in
3176 3370 3266 3423 die
3294 3384 3424 3424 vero
3441 3367 3813 3423 Pentecost

2211 3464 2433 3519 dedisse
2476 3463 2760 3516 secundum
2804 3478 3007 3515 onmem
3052 3462 3105 3514 in
3153 3461 3279 3530 ipsis
3326 3461 3645 3529 operationis
3685 3480 3813 3531 spe-

2210 3557 2381 3619 ciem;
2416 3555 2801 3609 distinctiones
2850 3554 2962 3608 ﬁeri
3010 3554 3078 3608 ad
3114 3569 3468 3624 personarum
3506 3554 3814 3608 discretio-

2211 3662 2334 3702 nem
2364 3656 2417 3701 et
2450 3657 2679 3717 propter
2718 3647 3103 3716 operationum
3133 3646 3188 3699 in
3222 3646 3353 3715 ipsis
3393 3646 3657 3716 apostolis
3689 3649 3816 3701 elli-

2209 3738 2415 3793 caciam
2447 3738 2547 3808 (5).
2585 3757 2604 3789 ι
2649 3738 2728 3792 Ad
2778 3739 2881 3794 hoc
2918 3770 2985 3779 -——
3037 3736 3186 3809 [202]
3244 3738 3318 3792 ita
3363 3738 3816 3808 prosequitur—

2209 3828 2517 3883 insuﬂlaSse
2553 3828 2805 3883 Christus
2841 3838 2899 3883 ut
2933 3829 3163 3884 emissor
3194 3830 3247 3883 in
3286 3845 3353 3885 eo
3382 3831 3514 3900 quod
3548 3830 3700 3884 Deus
3756 3833 3809 3885 in

2209 3919 2402 3975 faciem
2433 3920 2822 3988 discipulorum
2850 3920 3112 3985 creditur,
3147 3928 3260 3974 tum
3288 3931 3348 3973 ut
3374 3936 3469 3990 per
3495 3922 3602 3973 hoc
3629 3919 3814 3975 intel-

2208 4011 2501 4082 ligeremus
2542 4011 2807 4081 Spiritum
2854 4027 2983 4067 vere
3036 4011 3105 4066 de
3156 4012 3247 4066 illo
3279 4012 3603 4082 procedere.
3637 4023 3716 4067 ut
3749 4016 3818 4067 de

2209 4102 2481 4173 profundo
2509 4102 2759 4172 corporis
2784 4103 2905 4172 ejus
2942 4104 3032 4159 ille
3062 4104 3224 4160 ﬂatus
3260 4104 3586 4173 evaporabat
3616 4104 3814 4157 sensi-

2208 4196 2392 4251 biliter
2416 4196 2516 4265 (4),
2549 4204 2665 4249 tum
2707 4196 2852 4265 quod
2892 4196 2959 4249 ad
3009 4196 3319 4250 habendum
3360 4206 3415 4250 et
3438 4195 3588 4265 quasi
3624 4196 3817 4262 possi-

2210 4286 2450 4343 dendum
2478 4286 2743 4356 Spiritum
2771 4288 2851 4341 eis
2879 4288 3055 4353 daret,
3081 4289 3228 4358 quod
3256 4289 3311 4342 in
3337 4288 3424 4343 die
3448 4288 3816 4343 Pentecostcs

2210 4400 2463 4471 muneris,
2496 4398 2586 4471 sed
2612 4398 2841 4467 adjectio
2874 4398 3167 4471 largitatis;
3197 4402 3453 4471 quoniam
3480 4408 3531 4453 et
3562 4403 3816 4469 patriar—

2208 4470 2326 4542 cha:
2350 4477 2405 4542 et
2434 4470 2714 4537 propheta:
2736 4480 2790 4523 et
2821 4470 3133 4525 sacerdotes
3156 4470 3456 4541 omnesque
3478 4471 3683 4542 sancti,
3718 4476 3811 4542 qui

2211 4540 2484 4611 prioribus
2520 4543 2671 4593 fuere
2699 4543 3037 4609 temporibus
3061 4582 3074 4605 ,
3108 4540 3518 4611 eiusdem’sunt
3554 4540 3814 4609 Spiritus

2215 4610 2645 4664 sanctificatione
2672 4612 2925 4679 vegetati,
2958 4621 3013 4664 et
3036 4610 3155 4665 sine
3179 4613 3281 4666 hac
3316 4614 3481 4679 gratia
3504 4612 3648 4664 nulla
3706 4630 3813 4666 un-

2214 4695 2377 4750 quam
2430 4680 2678 4734 instituta
2726 4692 3103 4746 sacramenta,
3155 4683 3300 4735 nulla
3351 4691 3478 4735 sunt
3520 4682 3811 4737 celebrata

2213 4750 2471 4821 mysteria
2496 4790 2510 4813 ,
2542 4759 2602 4804 ut
2634 4758 2817 4804 eadem
2849 4767 3065 4821 semper
3102 4753 3266 4806 fuerit
3302 4756 3464 4805 virtus
3501 4753 3816 4806 charisma-

2215 4820 2347 4886 tum,
2381 4820 2629 4889 quamvis
2671 4838 2773 4874 non
2818 4820 2999 4875 eadem
3027 4822 3187 4876 fuerit
3207 4832 3215 4883 ἠ
3241 4839 3484 4876 mensura
3510 4824 3810 4877 donorum.

2212 4891 2319 4960 Ipsi
2349 4907 2579 4963 quoque,
2617 4892 2758 4945 beati
2792 4893 3035 4963 Apostoli
3092 4904 3216 4947 ante
3245 4895 3537 4963 passionem
3579 4891 3812 4963 Domini

2212 4972 2422 5034 sancto,
2441 4962 2645 5031 Spiritu
2676 4979 2779 5015 non
2809 4961 3081 5030 carebant,
3108 4980 3211 5018 nec
3234 4961 3473 5034 potentia
3501 4961 3669 5029 huius
3699 4981 3813 5017 vrr-

2212 5032 2347 5085 tutis
2378 5033 2567 5086 aberat
2602 5034 2671 5085 ab
2715 5034 2974 5102 Operibus
3021 5032 3336 5089 Salvato‘ris.
3368 5073 3383 5087 .
3414 5072 3429 5087 .
3462 5072 3477 5086 .
3511 5074 3524 5087 .
3561 5034 3673 5086 Sed
3732 5035 3809 5087 illi

2211 5103 2533 5175 perfectioni
2555 5118 2724 5175 ,_qna:
2767 5114 2883 5157 erat
2911 5106 3193 5175 discipulis
3222 5104 3546 5159 conferenda
3570 5144 3585 5169 ,
3619 5107 3813 5173 major

2210 5173 2382 5243 gratia
2438 5182 2493 5226 et
2541 5173 2908 5229 abundantior
2961 5173 3244 5242 inspiratio
3299 5175 3635 5239 servabatur,
3705 5190 3811 5245 per

2209 5258 2374 5315 quam
2402 5253 2459 5315 ct
2482 5260 2603 5313 qum
2634 5247 2875 5299 noudmn
2922 5256 3270 5315 acceperant,
3302 5253 3576 5299 sumerent
3607 5253 3662 5298 et
3682 5261 3812 5315 fex-

2212 5312 2505 5385 cellentius
2534 5324 2759 5384 possent
2791 5316 2993 5369 habere
3017 5312 3138 5385 qua:
3168 5326 3531 5385 sumpserant.
3563 5334 3582 5364 ι
3620 5314 3718 5368 Cf.
3752 5325 3811 5370 et

2210 5382 2466 5456 Beccum,
2491 5382 2584 5438 0r.
2612 5391 2676 5439 de
2701 5402 2801 5438 una
2833 5386 2977 5439 Eccl.
3002 5382 3052 5440 c1
3078 5389 3147 5440 68
3173 5386 3260 5455 (ϐ.
3282 5382 3339 5442 Ο.
3375 5385 3439 5449 ll,
3466 5386 3590 5449 2‘20,
3618 5386 3731 5440 221
3760 5388 3805 5456 ),

2222 5453 2311 5520 Ἐξ
2357 5456 2480 5527 ὅτομ
2520 5457 2627 5525 γὰρ
2675 5456 2753 5525 τῷ
2803 5453 3214 5527 πρωτοπλὰπτῳ
3262 5456 3567 5527 ειςγψυχὴν
3610 5453 3807 5520 ζῶσαν

2208 5527 2363 5597 παρὰ
2382 5525 2476 5577 τοῦ
2504 5525 2978 5597 Δημιουργοῦντος
3004 5525 3329 5595 ὲνεφυάήθη,
3354 5526 3640 5597 διαψόραις
3670 5529 3805 5580 ἑπι-

2206 5594 2774 5668 δέημίαιςῃὲσύςτερὸν
2824 5601 2939 5661 τοῖς
2986 5594 3155 5663 ἀξίοις
3200 5594 3644 5666 καταπεφοιεὲηκε
3704 5598 3806 5666 (τὸ

2210 5666 2358 5736 Πν.)’
2391 5667 2506 5719 ἀλλ’
2541 5666 2692 5736 ὅμως
2711 5682 2725 5695 ’
2767 5670 2815 5720 εἰ
2845 5671 2941 5720 καὶ
2971 5670 3183 5731 πολλοῖς
3214 5670 3309 5720 καὶ
3337 5668 3599 5729 πολλάκις
3629 5683 3806 5719 scata-

2208 5737 2579 5809 πεφρίῖηκεν,
2601 5738 2832 5808 οὐδεμία
2859 5739 2969 5790 τῶν
2996 5739 3174 5792 αὐτῶν
3198 5736 3513 5809 παρουσῶν
3537 5742 3798 5808 περιττή.

2278 5806 2357 5877 (4)
2394 5806 2526 5863 Vide
2561 5808 2587 5879 ἓ
2618 5809 2673 5874 5,
2706 5806 2891 5864 notam
2924 5810 2980 5863 2.
