4008 6402
184 420 300 487 ᾇῦἹ

908 424 1006 485 DE
1048 426 1109 486 S.
1150 426 1346 487 SPIR.
1388 425 1785 487 MYSTAGOG
1808 427 1907 486 IA.
1935 450 2001 461 —
2031 425 2773 487 ANIMADVERSIONES;

3347 422 3452 488 458

180 534 595 604 ἐκπορεύεσῢαι
626 534 689 587 ἐκ
718 532 933 604 Πατρδς
961 535 1022 587 σεδ
1061 535 1318 605 Πνεῦμα,
1350 535 1492 590 aliud
1533 536 1599 590 ἐκ
1639 535 1765 588 Θεοῦ

1881 536 2171 592 exclamat.
2233 554 2253 587 ι
2320 534 2505 606 Neque
2559 533 2703 589 enim
2758 531 3059 589 sufﬁciebat
3109 532 3261 603 ipsis,
3305 534 3450 603 quod

179 628 250 680 τὸ
278 626 505 697 Πνεῦμα
533 627 666 691 dici,
696 638 861 697 atque
883 629 959 682 ita
991 629 1305 684 concludit:
1347 648 1365 680 ι
1402 629 1567 683 Multo
1603 629 1773 698 magis

181 719 411 782 veritati
436 734 736 773 consonum
772 729 879 780 est.
907 720 1149 789 ejusdem
1184 736 1307 774 cum
1340 719 1496 774 Patre
1521 720 1772 774 essentiae

183 811 375 865 dicere
434 809 733 880 Spiritum,
793 812 917 880 quia
951 827 1016 865 ex
1050 812 1206 866 Patre
1256 821 1373 873 est,
1422 820 1479 866 et
1525 812 1772 881 ejusdem

179 904 445 958 essentia:
470 920 594 958 cum
621 904 776 968 Filio,
803 904 927 974 quia
959 922 1051 974 per
1077 906 1295 969 Filium,
1318 923 1479 977 quam
1510 907 1769 978 Spiritum

180 994 312 1048 Filii
347 1002 402 1048 et
430 1010 528 1064 per
552 995 746 1048 Filium
776 995 1063 1065 Spiritum,
1095 998 1240 1067 quod
1272 1000 1519 1069 ejusdem
1546 999 1618 1053 sit
1648 1015 1770 1053 cum

181 1088 329 1141 Filio
363 1087 634 1141 essentitc.
666 1086 852 1158 Neque
884 1090 1031 1143 enim
1067 1091 1191 1160 quia
1226 1091 1457 1160 ejusdem
1486 1107 1608 1146 cum
1639 1092 1774 1145 Filio

182 1181 429 1232 essentia:
462 1188 577 1243 est,
622 1179 746 1233 ideo
797 1189 854 1234 et
892 1179 1130 1251 Spiritus
1178 1181 1299 1237 Filii
1327 1192 1393 1237 'et
1436 1199 1532 1252 per
1574 1183 1772 1237 Filium

184 1270 390 1323 dicitur
431 1270 926 1343 (quemadmodum
978 1274 1068 1343 qui
1113 1274 1275 1344 hujus
1328 1274 1409 1329 rei
1453 1286 1773 1346 argumenta

188 1363 499 1417 hauserunt
530 1379 595 1417 ex
638 1364 836 1418 Photio
870 1376 1145 1436 nugantur
1190 1369 1292 1422 hoc
1325 1365 1640 1435 tempore),
1678 1366 1773 1420 sed

185 1453 319 1522 quia
355 1469 416 1507 ex
452 1454 609 1507 Patre
638 1470 736 1524 per
774 1454 966 1508 Filium
1010 1455 1383 1509 exsistcntiatn
1418 1455 1614 1519 habet,
1649 1472 1775 1524 pro:

188 1551 381 1611 pterea
440 1552 494 1598 et
546 1543 787 1613 Spiritus
841 1543 964 1598 Filii
1008 1555 1065 1600 et
1108 1545 1244 1599 Filio
1297 1546 1774 1600 consubstantialis

184 1636 273 1682 est
308 1629 443 1698 (l5).
493 1650 510 1681 ι
570 1630 854 1686 Postremo
897 1633 1103 1687 Beccus
1136 1633 1241 1688 illis
1280 1650 1402 1703 qua:
1438 1634 1663 1688 Photius
1707 1651 1773 1689 ex

186 1719 430 1788 Spiritus
453 1722 625 1777 sancti
653 1739 818 1793 super
843 1724 1120 1779 Christum
1144 1725 1473 1795 baptizatum
1507 1726 1773 1781 descensu

187 1810 432 1874 deducit,
480 1813 662 1883 magni
697 1813 982 1868 Athanasii
1030 1816 1291 1884 praeclara
1331 1816 1495 1870 verba
1522 1818 1769 1887 Opponit,

184 1902 389 1970 quibus
443 1903 682 1958 declarat

183 1994 328 2047 coelo
355 1994 500 2049 misit
537 2007 595 2049 ut
644 1995 802 2061 Deus,
829 2006 883 2051 et
916 1998 1029 2065 ipse
1075 1998 1222 2051 illum
1270 1998 1322 2050 in
1358 2007 1498 2052 terra
1535 2000 1772 2068 suscepit

188 2098 248 2140 ut
279 2087 453 2139 homo.
488 2088 571 2141 Ex
612 2089 725 2157 ipso
769 2088 953 2157 itaque
987 2089 1040 2142 in
1084 2090 1255 2158 ipsum
1281 2090 1668 2155 descendebat,
1703 2106 1770 2146 ex

186 2179 473 2235 divinitate
534 2181 706 2251 ipsius
762 2182 814 2235 in
875 2183 1267 2237 humanitatem
1325 2184 1499 2253 ipsius
1558 2185 1694 2253 (16).
1748 2206 1764 2238 ι

184 2272 319 2337 ρεαδ
346 2288 455 2325 non
483 2274 656 2327 solmn
686 2272 837 2345 [ξομ]
867 2276 935 2329 ad
968 2285 1289 2345 praesentem
1320 2274 1499 2329 Photii
1529 2277 1770 2346 disputa-

186 2365 393 2420 tionem
436 2367 645 2438 egregie
676 2367 905 2431 faciunt,
933 2384 1124 2421 verum
1154 2376 1209 2422 et
1238 2383 1305 2422 ex
1332 2367 1468 2423 Filio
1501 2368 1769 2439 Spiritum

186 2475 307 2514 esse
350 2458 703 2514 Athanasium
752 2460 1033 2515 censuisse
1071 2462 1421 2531 persuadent.
1470 2460 1561 2515 Sic
1627 2462 1770 2515 idem

179 2553 511 2607 Athanasius
573 2553 710 2608 dicit
768 2554 1046 2608 Christum
1109 2566 1334 2609 unctum
1389 2571 1418 2609 a
1464 2556 1671 2625 Spiritu
1713 2567 1772 2611 ut

186 2647 486 2712 hominem,
539 2648 759 2702 dantem
798 2663 927 2703 vero
978 2648 1155 2717 ipsum
1191 2648 1443 2703 ﬁdelibus
1482 2659 1540 2703 ut
1567 2650 1770 2718 Deum;

184 2739 543 2808 accipientem
580 2739 842 2809 Spiritum
867 2755 965 2808 pro
993 2750 1185 2795 natura
1232 2740 1493 2804 humana,
1520 2757 1768 2796 commu-

186 2834 463 2887 nicantem
493 2848 620 2887 vero
658 2833 909 2888 eumdem
942 2849 1038 2903 pro
1064 2842 1256 2888 natura
1285 2835 1490 2889 divina.
1532 2836 1638 2891 Sed
1663 2835 1767 2900 his,

186 2926 315 2979 licet
341 2926 492 2995 plura
518 2926 793 2995 supersint
823 2925 1073 2990 dicenda,
1102 2927 1265 2981 linem
1299 2928 1667 2997 imponamus,
1702 2944 1770 2983 ne

186 3018 324 3072 ﬁnes
371 3018 706 3072 tractationis
754 3017 916 3075 nimis
954 3018 1300 3074 excedamus.
1340 3020 1441 3086 Qui
1470 3021 1535 3075 de
1561 3032 1771 3091 postre-

183 3129 275 3167 mo
304 3113 460 3166 dictis
488 3113 638 3181 plura
667 3112 836 3180 cupit,
866 3111 1023 3165 adeat
1046 3111 1164 3166 Nic.
1204 3114 1557 3167 Blemmidam
1589 3114 1671 3187 (C.
1704 3112 1766 3169 Ο.

1874 628 2038 682 verba
2065 627 2277 681 Domini
2310 643 2469 697 prava
2496 626 2835 696 expositione
2856 634 3451 696 perverterunt,ueque

1875 717 2018 786 quod
2037 717 2252 787 pictatis
2278 732 2583 786 prmconem
2608 716 2660 769 in
2683 716 3014 786 impietatem
3040 715 3451 769 violenlomodo

1875 810 2248 875 abduxerunt;
2281 826 2467 864 verum
2489 808 2806 879 imperfecta
2841 823 2938 863 sua
2968 807 3140 860 studia
3179 807 3451 860 arbitran-

1872 912 1985 965 tur,
2032 900 2179 975 [210]
2229 902 2335 957 nisi
2382 912 2435 957 et
2459 919 2595 972 quos
2634 903 2819 957 Patres
2855 901 3155 963 celebrant,
3213 915 3448 969 quonam

1875 1005 2037 1065 pacto
2090 996 2439 1051 contumeliis
2492 1004 2704 1066 petant,
2754 994 3115 1064 exquisierint
3153 998 3222 1063 (c.
3270 994 3380 1063 (26).
3425 1010 3444 1041 ι

1876 1085 1988 1143 llos
2035 1087 2182 1141 enim
2252 1086 2439 1143 Patres
2496 1095 2694 1141 vocant
2764 1086 2984 1139 nomine
3036 1096 3215 1149 tenus,
3271 1085 3448 1154 reipsa

1876 1194 2006 1234 vero
2058 1176 2272 1232 Patrum
2345 1177 2424 1231 eis
2459 1178 2843 1249 prmrogativas
2889 1177 3157 1237 adimunt.
3193 1191 3316 1230 cum
3352 1190 3449 1229 eos

1875 1265 2092 1321 Christo
2144 1267 2582 1323 contradicentes
2632 1266 2943 1337 conﬁngant
2995 1267 3067 1336 (c.
3121 1266 3235 1337 67).
3312 1263 3449 1319 Hinc

1876 1357 2029 1427 quasi
2072 1357 2296 1412 Patrum
2343 1359 2556 1413 illorum
2604 1358 2868 1413 honorem
2907 1358 3281 1411 vindicaturus
3326 1373 3448 1410 om-

1875 1464 1998 1503 nem
2040 1449 2096 1503 in
2149 1464 2215 1504 eo
2254 1450 2483 1505 collocat
2520 1466 2775 1520 operam,
2811 1459 2868 1503 ut
2921 1448 3319 1517 quadamtenus
3354 1465 3449 1504 eos

1875 1549 2118 1606 excuset,
2150 1557 2215 1595 ex
2255 1542 2489 1595 humana
2525 1542 2891 1596 imbecillitate
2918 1551 2973 1595 et
3018 1542 3347 1612 ignorantia,
3382 1557 3449 1595 ex

1875 1632 2016 1686 bona
2074 1633 2177 1687 ﬁde
2224 1650 2348 1688 eum
2403 1633 2618 1688 defectu
2666 1634 2989 1688 necessaria:
3033 1634 3402 1703 correptionis
3430 1675 3444 1698 ,

1877 1734 2039 1795 atque
2092 1741 2158 1781 ex
2202 1741 2272 1781 eo
2333 1726 2477 1797 quod
2532 1742 2643 1781 non
2688 1726 2881 1798 dOgma
2924 1726 3009 1781 vel
3042 1726 3212 1797 legem
3244 1726 3449 1781 consti-

1876 1826 2032 1874 tuere
2066 1820 2338 1874 voluerint
2375 1821 2445 1889 (c.
2474 1820 2586 1891 68).
2613 1820 2719 1875 Sed
2770 1829 3224 1891 quantuscunque
3271 1822 3447 1875 honor

742 1923 755 1957 :
806 1924 824 1956 ι
886 1906 1007 1975 Ipse
1050 1905 1345 1978 (Christus)
1389 1907 1654 1977 Spiritum
1704 1910 1770 1963 dc
1803 1891 1846 1946 Β
1876 1909 1954 1964 eis
1988 1912 2289 1976 tribuatur,
2326 1929 2435 1966 non
2495 1913 2903 1983 obsequendum
2970 1929 3090 1968 esse
3141 1923 3299 1983 urget
3346 1914 3451 1969 illis

1872 2018 1992 2072 qua:
2030 2013 2228 2073 praeter
2269 2004 2470 2058 Christi
2522 2015 2577 2059 et
2630 2006 3001 2075 apostolorum
3050 2007 3449 2061 institutionem

1874 2094 2176 2161 docuerint,
2208 2112 2332 2151 cum
2365 2112 2541 2166 neque
2570 2098 2761 2167 angelo
2788 2097 2854 2152 de
2883 2099 3021 2152 coelo
3069 2097 3202 2152 ﬁdes
3239 2099 3309 2152 sit
3350 2096 3450 2150 ha-

1874 2184 2052 2241 benda
2085 2198 2280 2257 praeter
2314 2189 2665 2259 Evangelium
2706 2190 2837 2258 quid
2869 2191 3188 2260 praedicanti
3215 2190 3289 2259 (c.
3321 2189 3448 2262 69);

1872 2280 2054 2350 potius
2104 2281 2405 2335 obvelanda
2461 2281 2631 2336 fuisse
2687 2298 2810 2352 qum
2870 2283 2924 2337 in
2973 2300 3160 2337 eorum
3210 2284 3450 2338 dedecus

1872 2380 2100 2443 vergunt
2152 2372 2385 2427 ﬁliorum
2430 2372 2544 2427 Noe
2573 2373 2844 2443 exemplo,
2876 2390 3037 2444 quam
3078 2391 3262 2429 coram
3316 2377 3450 2430 orbe

1876 2471 2137 2516 terrarum
2171 2463 2569 2518 tnanifestanda
2607 2465 2676 2533 (c.
2704 2465 2815 2534 70).
2854 2463 3124 2519 Praeterea
3170 2481 3295 2519 cum
3340 2474 3450 2519 tam

1873 2553 2093 2625 longum
2144 2563 2358 2625 tempus
2414 2556 2619 2609 interea
2675 2556 2964 2620 efﬁnxerit,
3016 2556 3279 2611 incertam
3329 2573 3451 2612 esse

1874 2647 2134 2701 librorum
2168 2647 2348 2712 ﬁdem,
2390 2648 2481 2717 qui
2518 2647 2748 2703 fortasse
2774 2648 3079 2718 interpolati
3112 2664 3174 2703 ac
3204 2651 3449 2719 corrupti

1873 2738 2078 2793 fuerint
2103 2740 2177 2809 (c.
2213 2741 2334 2811 7|);
2370 2741 2567 2796 deinde
2607 2740 2765 2795 facile
2799 2741 3050 2797 accidere
3100 2743 3365 2813 potuisse,
3390 2753 3452 2797 ut

1874 2832 2121 2887 l‘atribus
2143 2832 2247 2887 illis
2274 2848 2396 2887 cum
2423 2834 2717 2905 gentilibus
2735 2844 2936 2890 etcum
2970 2836 3241 2897 haereticis
3258 2836 3450 2891 decer-

1874 2928 2116 2981 tantibus
2132 2943 2233 2981 vox
2251 2929 2496 2998 qutedam
2519 2928 2700 2983 minus
2717 2938 2973 2985 accurata
2991 2929 3273 2991 exciderit,
3298 2931 3450 2997 ἀγω-

1872 3023 2128 3084 νιστικῶς
2164 3038 2259 3076 seu
2290 3022 2553 3093 polemice
2587 3024 2749 3089 dicta,
2775 3040 2883 3078 non
2918 3040 3049 3079 vero
3081 3024 3450 3093 δογματικῶς.

1872 3113 2042 3166 velut
2070 3114 2374 3167 oeconomia
2416 3115 2648 3183 quadam
2700 3116 2781 3170 usi
2813 3116 3015 3170 fuerint
3069 3115 3254 3187 (c.72)
3298 3116 3450 3171 Pauli

184 3204 225 3267 Ι,
271 3204 397 3271 50);
438 3203 673 3258 Beccum
726 3206 821 3275 (ib.
858 3203 898 3269 Ι,
929 3203 1093 3272 9.01);
1134 3203 1332 3274 Georg.
1384 3205 1618 3261 Metoch.
1669 3207 1766 3278 (ib.
1796 3232 1838 3290 ρ
1875 3206 2057 3275 (c.73,
2088 3205 2177 3275 74)
2201 3219 2251 3260 et
2277 3204 2532 3277 Basilii(c.
2569 3207 2656 3275 77)
2700 3207 2892 3277 agendi
2926 3207 3192 3262 rationem
3235 3208 3448 3271 secuti;

181 3296 249 3358 ll,
288 3296 394 3350 968
455 3296 619 3366 seq.),
662 3306 716 3351 et
781 3295 951 3351 Leon.
1010 3297 1173 3350 Allat.
1239 3296 1415 3365 (Vind.
1469 3316 1584 3368 agn.
1629 3299 1765 3368 Eph.

183 3405 235 3443 e.
258 3390 344 3451 75,
366 3406 419 3459 p.
446 3390 548 3444 574
568 3390 708 3459 seq.)
736 3405 910 3459 neque
936 3389 1119 3460 Cyrilli
1144 3390 1490 3444 Alexandrini
1511 3392 1769 3461 pra3clara

182 3484 352 3537 verba
379 3484 431 3535 in
455 3481 614 3537 Joan.
640 3483 739 3538 Ev.
767 3482 1166 3553 prtetermittat,
1199 3499 1319 3551 quae
1348 3482 1555 3537 Beccus
1587 3483 1672 3552 (ϐ.
1701 3484 1765 3540 0.

182 3576 252 3640 ll,
312 3575 551 3631 56I-367
617 3586 758 3647 seq.)
815 3594 927 3633 suae
993 3576 1383 3632 sententiarum
1458 3577 1766 3632 collectioni

182 3668 380 3724 merito
408 3671 611 3724 inserta
639 3669 810 3725 voluit
835 3669 971 3740 (l7).

251 3761 345 3816 29..
404 3762 643 3817 Tandem
701 3761 928 3817 Photius
972 3760 1044 3832 (c.
1096 3761 1166 3816 66
1220 3761 1358 3832 seq.)
1412 3761 1757 3818 adversarios

181 3853 396 3909 inducit
426 3854 719 3920 Ambrosii,
738 3854 1057 3925 Augustini,
1086 3854 1398 3926 Hieronymi
1418 3855 1761 3926 aliorumque

178 3948 473 4000 doctorum
499 3945 935 4002 Occidentalium
990 3949 1315 4004 auctoritate
1358 3949 1655 4004 innitentes
1701 3966 1765 4005 ac

180 4038 333 4092 hunc
370 4037 424 4091 in
454 4039 674 4093 modum
706 4039 1087 4109 disputantes:
1120 4060 1141 4093 ι
1182 4042 1292 4096 Aut
1320 4042 1406 4099 isti
1451 4042 1637 4097 l‘atres
1673 4043 1763 4113 pia

178 4132 435 4199 dogmata
483 4130 822 4185 tradiderunt
890 4140 944 4186 et
996 4142 1125 4187 tunc
1212 4134 1524 4203 quicunque
1577 4134 1765 4189 Patres

170 4237 276 4276 eas
308 4238 432 4277 cum
467 4224 675 4278 honore
724 4234 1062 4294 nuncupant,
1093 4240 1283 4279 eorum
1337 4226 1624 4279 sententia:
1674 4242 1765 4279 as-

168 4317 494 4370 sentiantur
537 4326 789 4387 oportet;
841 4327 936 4373 aut
981 4318 1271 4388 impiorum
1312 4319 1626 4388 dogmatqu
1676 4319 1763 4373 in-

176 4420 439 4465 ventores
474 4422 962 4481 pr0pagatoresque
1009 4412 1287 4475 exstitere,
1337 4420 1392 4465 et
1439 4421 1570 4467 tunc
1600 4412 1760 4467 simul

173 4517 307 4555 eum
358 4516 455 4555 sua
511 4502 754 4556 doctrina
796 4503 944 4557 velut
984 4501 1135 4573 impii
1192 4503 1531 4572 rejiciantur.
1584 4522 1603 4555 ι
1640 4502 1759 4558 Νυιι

174 4594 346 4648 audet
372 4591 599 4648 Photius
616 4595 1041 4649 Occidentalium
1086 4596 1369 4650 doctorum
1418 4596 1759 4664 penitus-re-
1795 4577 1840 4633 Ῑ)

172 4702 379 4756 spuere
428 4688 838 4751 auctoritatem;
891 4688 1465 4759 tergiversationibus,
1496 4687 1756 4758 argutiis,

172 4778 588 4847 suspicionibus
614 4789 671 4833 et
695 4780 1107 4849 exceptionibus
1135 4780 1300 4834 variis
1323 4779 1512 4841 utitur,
1540 4778 1757 4843 callide,

170 4874 329 4927 velut
360 4873 405 4926 si
435 4889 556 4943 quae
587 4873 654 4928 de
687 4872 983 4928 Bibliorum
1024 4873 1352 4928 testimoniis
1401 4873 1756 4937 disseruerat,

170 4975 327 5019 certa
397 4965 579 5019 omnia
631 4965 830 5031 forent,
854 4975 1019 5036 atque
1067 4965 1403 5030 indubitata,
1460 4964 1759 5036 ignominia

168 5059 519 5112 adversarios
578 5058 759 5129 ipsos,
822 5074 959 5128 quos
1000 5058 1222 5113 laudant
1281 5056 1492 5125 Patres,
1540 5057 1759 5112 afﬁcere

240 5250 362 5321 (15)
395 5266 452 5304 n.
483 5250 536 5305 8.
567 5266 621 5320 p.
655 5251 760 5322 145
789 5268 802 5303 :
832 5249 909 5322 ρύ
941 5248 1049 5322 γὰρ
1078 5249 1161 5322 ὅτι
1189 5246 1475 5322 enectine);
1503 5244 1636 5322 Υζῷ,
1672 5246 1759 5322 Cia

164 5317 453 5392 τοῦτο’κᾳὶ
476 5317 698 5392 Πνέῦμα
722 5320 877 5383 Υἱοῦ,
899 5322 992 5373 καὶ
1012 5317 1100 5392 διὰ
1122 5317 1395 5392 τοῦΥἱοᾷ,
1414 5318 1500 5392 -ὼς
1522 5320 1581 5392 οἱ.
1608 5319 1759 5392 πᾳρὰ

164 5392 383 5446 Φωτίω
422 5388 681 5455 λασόντὲς
719 5391 816 5453 τὰς
850 5391 1105 5460 ἀφορμὰς
1151 5388 1600 5460 ἐρεσχελοῦσιᾉτᾴ
1624 5388 1756 5451 νῦν,

162 5464 425 5531 levarat.“
460 5463 573 5514 ἀλλ’
615 5463 696 5515 ὃτι
730 5461 821 5515 διὰ
847 5460 940 5513 τοῦ
964 5456 1105 5531 Tim”:
1130 5456 1228 5530 τῆν
1250 5456 1316 5514 si
1343 5458 1553 5529 Πατρὸς
1579 5456 1759 5531 ὓπαρ-

166 5530 254 5596 eu;
292 5533 427 5602 ἔχει,
460 5532 547 5587 διὰ
578 5533 735 5586 τοῦτο
763 5532 858 5585 καὶ
900 5530 1127 5602 Πνεῦμα
1165 5530 1295 5584 Υἰοῡ
1344 5532 1436 5585 καὶ
1472 5530 1758 5599 ὁμοθύσιον

164 5604 314 5658 ria.

247 5658 365 5744 (16)
397 5674 595 5728 Athan.
637 5674 715 5728 De
745 5675 966 5744 incarn.
995 5687 1014 5725 :
1040 5671 1210 5735 Αὐτὸς
1242 5670 1517 5744 γὰρΑαύτὸ
1552 5668 1760 5744 ἄγνῳθεν

163 5742 425 5814 ἐπέμπεν
452 5745 526 5805 ὼς
548 5745 702 5807 Θεὸς,
726 5747 820 5799 καὶ
852 5743 1171 5814 αὐτὸς-αὐτὸ
1198 5742 1443 5797 κάτωθεν
1470 5743 1763 5814 ὑπεδέχετο

161 5822 247 5880 ὡς
284 5810 593 5885 ἄνθρωπος.
632 5815 722 5879 Ἐξ
762 5815 929 5868 αὑτοῦ
973 5810 1067 5868 οὖν
1106 5815 1209 5885 εἰςΔ
1232 5815 1393 5885 αὑτὸν
1435 5810 1667 5883 κατῄει)
1698 5814 1762 5885 ex

161 5890 275 5958 τῆς
313 5882 569 5954 Θεϐτητος
627 5886 789 5939 αὑτοῦ
847 5887 929 5949 εἰς
971 5888 1071 5957 τὴν
1125 5882 1758 5958 ἀνθρωπότηταίίαὺτοῦ.

416 5980 683 6043 PATROL.
728 5982 842 6043 Gn.
888 5981 1016 6043 Cll.

1871 3298 2109 3367 denique
2171 3312 2346 3367 neque
2380 3298 2567 3352 deesse
2614 3296 2837 3359 Patres,
2862 3314 3093 3368 quorum
3146 3299 3451 3354 sententias

1872 3389 2114 3444 Ecclesia
2151 3389 2294 3442 haud
2350 3389 2675 3458 susceperit,
2705 3389 2833 3443 licet
2865 3389 3103 3459 alioquin
3149 3390 3329 3460 magni
3355 3404 3451 3444 eos

1869 3481 2034 3535 faciat
2063 3482 2135 3552 (c.
2168 3481 2293 3552 75);
2323 3490 2485 3550 atque
2534 3482 2613 3535 sic
2666 3496 2853 3534 revera
2909 3482 3209 3551 parricidas
3256 3497 3450 3536 manus

1868 3592 1963 3631 eos
2013 3575 2262 3631 Patribus
2323 3575 2570 3644 injicere,
2600 3575 2691 3644 qui
2738 3584 2925 3629 contra
2967 3575 3208 3644 ipsorum
3268 3574 3450 3627 inten-

1867 3671 2071 3725 tionem
2128 3670 2340 3723 illorum
2382 3667 2826 3739 expressionilms
2870 3668 2939 3721 ad
3017 3666 3448 3737 impugnandam

1868 3761 2070 3816 (Lhristi
2108 3761 2523 3815 saluberrimam
2550 3760 2852 3815 doctrinam
2888 3761 3210 3822 abutantur;
3247 3758 3302 3812 in
3347 3758 3448 3812 bos

1868 3853 2057 3910 Patres
2089 3854 2236 3924 ipsos
2290 3855 2697 3908 insurrecturos
2740 3860 2796 3907 et
2843 3860 3032 3907 contra
3072 3861 3314 3905 mentem
3343 3849 3445 3904 sibi

1867 3948 2103 4002 afﬁctam
2131 3946 2450 4002 solemniter
2486 3953 2882 4016 protestaturos
2935 3945 3004 4013 (c.
3038 3942 3151 4010 76).
3183 3943 3288 3997 Sed
3338 3956 3449 4013 quo

1856 4039 2023 4109 plura
2057 4039 2157 4093 hac
2186 4038 2241 4091 in
2275 4054 2333 4092 re
2360 4037 2609 4106 congerit
2642 4034 2890 4096 Photius.
2933 4049 2999 4088 eo
3047 4033 3322 4089 infelicior
3360 4043 3448 4089 est

1868 4146 2045 4202 pugna
2095 4140 2150 4185 et
2191 4129 2415 4199 quidem
2459 4127 2638 4197 quoad
2672 4141 2863 4180 onmcs
2892 4134 3099 4195 partes.
3129 4125 3447 4180 Consultius

1866 4223 2193 4294 Photio,qui
2243 4221 2461 4290 nonnisi
2517 4220 2847 4291 paucissima
2896 4218 3214 4273 Latinorum
3252 4219 3446 4274 docto-

1868 4334 1989 4372 rum
2012 4318 2212 4386 scripta
2238 4324 2487 4377 noverat,
2539 4324 2687 4368 certe
2725 4313 2900 4367 fuerat
2942 4312 2994 4365 in
3052 4312 3193 4366 hanc
3218 4327 3443 4366 arenam

1866 4424 1977 4462 non
2008 4407 2360 4461 descendere.
2389 4406 2599 4459 Etenim
2648 4406 2699 4458 in
2740 4404 2929 4474 primis
2958 4420 3069 4457 non
3128 4403 3306 4458 solum
3369 4404 3445 4457 illi

1869 4509 1980 4555 tres
2023 4514 2147 4553 cum
2201 4498 2322 4552 aliis
2369 4496 2559 4568 paucis
2600 4498 2896 4555 tradidere.
2926 4495 3188 4567 Spiritum
3235 4512 3266 4550 a
3308 4495 3445 4551 Filio

1864 4605 2082 4661 quoque
2132 4589 2449 4660 procedere,
2472 4604 2660 4643 verum
2696 4588 2844 4661 [2H]
2874 4588 3049 4643 Latini
3080 4588 3331 4643 doctores
3375 4588 3445 4643 ad

1865 4698 2036 4738 unum
2068 4697 2277 4744 onmes,
2314 4689 2583 4750 quotquot
2616 4679 2791 4733 fusius
2834 4679 2901 4733 de
2938 4678 3122 4732 divina
3173 4677 3444 4732 Trinitate

1863 4783 2128 4847 egerunt;
2160 4782 2219 4827 ut
2273 4771 2668 4827 Tertullianum
2718 4778 3131 4841 prretereamus,
3153 4769 3265 4837 jam
3316 4776 3445 4824 ante

1863 4866 2211 4921 Ambrosium
2256 4864 2308 4919 id
2360 4864 2598 4920 docuere
2652 4863 2853 4917 Marius
2895 4860 3211 4915 Victorinus
3241 4868 3299 4914 et
3345 4875 3443 4915 co-

1863 4958 2173 5029 piosissime
2201 4955 2436 5010 llilarius
2467 4955 2820 5010 Pictaviensis
2855 4954 3003 5023 (l8);
3039 4953 3089 5008 id
3112 4968 3236 5007 cum
3260 4953 3444 5026 Augu—

1864 5051 2010 5107 stino
2064 5049 2340 5104 innumeri
2389 5049 2642 5104 doctores
2685 5062 2749 5101 ac
2782 5046 3016 5101 concilia
3070 5044 3343 5116 Hispania:
3390 5056 3447 5103 et

2800 5172 2813 5205 ν

1862 5243 2066 5298 Eodem
2109 5239 2420 5295 testimonio
2460 5254 2674 5294 rursum
2716 5236 2923 5293 Beccus
2962 5238 3138 5291 utitur
3184 5236 3338 5291 Orat.
3382 5239 3448 5293 de

1862 5331 1991 5368 una.
2020 5312 2163 5367 Eccl.
2199 5326 2245 5364 c.
2273 5311 2372 5375 60;
2413 5309 2477 5363 de
2504 5325 2659 5380 prae.
2678 5307 2865 5380 Spirit.
2890 5318 3069 5380 sanet.
3106 5308 3288 5380 Epigr.
3316 5308 3367 5366 Ι.
3388 5309 3445 5380 in

1861 5385 2070 5440 Camat.
2107 5398 2158 5437 c.
2188 5381 2259 5435 2‘2
2291 5380 2375 5451 (G2
2406 5380 2468 5435 Ο.
2496 5381 2537 5443 l,
2566 5379 2694 5439 202,
2722 5379 2859 5447 329;
2888 5378 3107 5451 11.527,
3136 5378 3262 5443 555,
3291 5379 3444 5451 556).

1862 5465 1917 5511 et
1945 5449 2306 5509 Constantin.
2327 5449 2566 5505 Meliten.
2591 5459 2729 5504 orat.
2766 5452 2825 5512 2,
2862 5466 2911 5503 c.
2940 5449 3096 5521 9A(ib.
3123 5451 3191 5515 ll,
3220 5450 3371 5521 79f).

1936 5525 2048 5595 (l7)
2078 5523 2340 5595 Quzedam
2374 5536 2437 5575 ex
2466 5521 2556 5595 his
2580 5520 2750 5595 habes
2780 5519 3116 5595 supra§l9,
3157 5530 3285 5595 nota
3313 5519 3367 5573 2.

1936 5590 2049 5665 (18)
2076 5594 2214 5648 Vide
2252 5590 2528 5665 Hilar‘._De
2577 5591 2878 5665 Trinavltl,
2901 5590 3012 5655 2t);
3048 5591 3193 5665 apud
3222 5590 3441 5665 litigon.

1862 5658 2050 5721 Ether'.
2080 5665 2116 5719 l.
2151 5680 2233 5725 tn,
2287 5678 2337 5717 c.
2392 5662 2479 5725 l7,
2520 5677 2575 5731 p.
2621 5662 2762 5731 l255
2800 5678 2917 5731 seq.
2945 5670 3003 5716 et
3040 5658 3185 5730 apud
3242 5658 3442 5713 Maium

1863 5735 2047 5806 Spicil.
2082 5735 2246 5806 Rom.
2298 5732 2455 5796 1841,
2519 5730 2559 5787 t.
2600 5730 2686 5795 Vl.
2725 5730 2893 5806 Praef.
2937 5748 2994 5803 p.
3047 5747 3225 5806 xxxv;
3279 5739 3444 5806 atque

1864 5799 2086 5862 l'atrum
2137 5805 2451 5875 Latinorum
2488 5816 2686 5857 seriem
2718 5804 2861 5875 apud
2912 5799 3144 5857 A'Eneam
3178 5799 3354 5855 Paris.
3388 5806 3445 5855 et

1866 5878 2049 5934 Petav.
2081 5876 2157 5931 De
2189 5874 2331 5930 Trin.
2364 5874 2401 5930 l.
2435 5890 2533 5942 vn,
2562 5890 2611 5930 c.
2652 5875 2706 5930 8.

3041 5966 3116 6027 15
