4008 6416
521 452 622 542 im

1646 477 1912 538 PHOTII
1951 471 2460 536 PATRIARCHZE
2499 472 2611 534 ΟΡ.

3680 457 3815 517 ωδ

523 598 673 647 esset
707 589 869 656 Deus,
926 591 1073 645 nulla
1125 589 1420 645 necessitas
1469 588 1621 662 [223]
1682 584 2099 658 compositionis
2126 589 2177 645 Α
2202 585 2388 638 rianus
2420 585 2478 653 (l.
2510 582 2574 647 ll,
2613 597 2661 637 e.
2684 582 2738 647 '5,
2773 595 2825 650 p.
2857 576 3017 646 1216)
3075 576 3407 646 disputans:
3467 590 3487 623 ι
3523 570 3583 625 Si
3624 569 3821 624 Pater

523 693 693 748 esset,
751 692 806 738 et
852 684 994 753 quod
1044 693 1371 747 extremum,
1434 678 2026 753 processionis'ordine
2073 693 2105 731 ρ.

525 776 754 847 singulis
781 777 1071 847 acciperet.
1106 777 1224 831 Non
1251 776 1400 830 enim
1432 775 1681 829 dantium
1728 770 2102 835 multitudine,

528 871 623 925 sed
659 887 727 925 ex
756 886 943 923 eorum
998 885 1119 939 qua}
1166 868 1318 934 dant,
1364 882 1667 937 eorumque
1723 881 1844 936 quze
1899 864 2105 929 insunt,

529 962 835 1016 differentia
887 960 1210 1031 compositio
1260 960 1558 1030 judicatur.
1624 959 1679 1013 Si
1734 967 1939 1023 autem,
1991 973 2111 1026 qum

531 1056 750 1116 dantur,
800 1054 1108 1108 dill‘erentia
1149 1062 1306 1119 sunt,
1364 1062 1573 1122 etquae
1629 1052 1836 1117 insunt,
1893 1050 2112 1105 dillerrc

532 1159 757 1199 necesse
787 1152 898 1205 est;
947 1154 1109 1213 atque
1162 1144 1234 1197 ita
1287 1143 1647 1211 compositum
1692 1140 1817 1203 erit.
1850 1141 1994 1209 quod
2045 1156 2112 1194 ex

532 1237 848 1304 huiusmodi
889 1237 1189 1299 constabit;
1221 1235 1367 1306 quod
1406 1234 1463 1288 in
1493 1233 1698 1303 Spiritu
1739 1242 1931 1287 sancto
1973 1249 2117 1286 nun-

535 1344 695 1398 quam
733 1328 898 1382 habet
928 1328 1125 1382 locum.
1163 1345 1183 1378 ›

604 1420 656 1473 4.
693 1418 764 1473 Ex
808 1419 969 1474 diCliS
1010 1420 1172 1474 etiam
1216 1419 1347 1473 illud
1385 1417 1670 1488 diiudicari
1720 1424 1921 1485 potest,
1971 1414 2115 1485 quod

536 1510 769 1565 amrmat
800 1512 1022 1567 Photius
1065 1513 1135 1581 (c.
1172 1513 1281 1575 14),
1313 1528 1425 1565 non
1486 1511 1659 1564 solum
1691 1510 1799 1563 duo
1851 1506 2118 1579 principia

538 1603 593 1657 in
634 1603 902 1657 Trinitate
933 1612 1176 1658 statuere
1220 1602 1466 1667 Latinos,
1503 1617 1693 1655 verum
1746 1600 1909 1655 etiam
1966 1597 2120 1667 prin-

537 1695 677 1765 cipia
717 1695 826 1748 duo
859 1695 1063 1748 diversa
1105 1711 1168 1747 ac
1206 1694 1523 1762 (Ii/ferentia,
1555 1692 1785 1745 alterum
1816 1691 1933 1744 sine
1966 1688 2119 1759 prin-

540 1786 708 1855 cipio,
767 1786 999 1839 alterum
1051 1785 1458 1855 principiatum.
1512 1782 1658 1837 Sane
1719 1783 1761 1836 si
1805 1789 2121 1852 spectantur

542 1891 796 1946 personw,
826 1876 1038 1930 duabus
1065 1876 1307 1945 ejusdem
1349 1885 1555 1929 natura:
1586 1873 1835 1943 personis
1861 1871 2122 1925 convenit

542 1968 681 2022 ratio
711 1966 986 2038 principii,
1010 1976 1233 2021 eatenus
1262 1965 1479 2036 quidem
1524 1965 1738 2018 diverso
1774 1963 1934 2017 modo
1986 1978 2123 2031 qua-

543 2067 723 2113 tenus
760 2066 843 2113 est
877 2059 930 2112 in
968 2057 1234 2111 Trinitate
1269 2077 1287 2109 ‹
1330 2057 1660 2127 principium
1713 2072 1822 2109 non
1863 2055 1931 2109 de
1974 2054 2127 2123 prin-

545 2152 711 2222 cipio,
746 2152 890 2220 quod
938 2159 1022 2206 est
1070 2151 1249 2216 Pater,
1301 2160 1356 2205 et
1398 2150 1725 2220 principium
1771 2164 1800 2202 a
1831 2148 2123 2219 principio,

543 2243 689 2313 quod
730 2253 813 2297 est
846 2242 1037 2297 Filius.
1068 2262 1086 2291 ι
1125 2242 1384 2311 (Thomas
1409 2242 1444 2294 Ι.
1493 2256 1543 2295 c.
1573 2258 1626 2312 q.
1658 2241 1746 2295 53.
1784 2256 1831 2294 a.
1883 2238 1969 2308 4);
2030 2237 2126 2292 sed

546 2336 691 2390 sicut
719 2334 971 2406 principii
1014 2334 1150 2387 ratio
1191 2342 1244 2388 et
1286 2334 1598 2404 principiali
1643 2341 1852 2387 natura:
1899 2330 2125 2401 a'quali-

548 2438 717 2485 tatem
744 2445 855 2483 non
881 2428 1035 2493 tollit,
1069 2428 1145 2482 sic
1169 2443 1271 2482 nec
1292 2428 1503 2483 diversa
1541 2428 1598 2481 in
1638 2424 2007 2497 principiantc
2040 2440 2128 2479 re-

544 2523 695 2577 latio.
723 2521 830 2577 Sed
861 2523 904 2577 si
938 2530 1218 2592 spectatur
1242 2523 1407 2575 virtus
1436 2531 1483 2573 et
1505 2520 1645 2573 actio
1677 2517 1940 2589 spirandi,
1971 2517 2129 2569 Pater

546 2626 601 2673 et
624 2616 794 2673 Filius
822 2626 950 2672 sunt
971 2633 1136 2670 unum
1165 2616 1513 2686 principium,
1543 2631 1651 2667 uno
1682 2614 1983 2682 eodemque
2003 2622 2128 2665 actu

548 2712 783 2781 spirant.
818 2710 972 2776 Quod
999 2711 1041 2764 si
1077 2710 1266 2764 stricte
1298 2709 1569 2778 loquendo
1596 2707 1664 2761 de
1716 2707 1930 2761 duobus
1980 2707 2130 2775 prin-

549 2805 709 2874 cipiis
736 2820 917 2859 sermo
946 2803 1131 2857 haberi
1164 2802 1374 2871 nequit,
1406 2802 1577 2855 multo
1606 2799 1784 2853 minus
1820 2799 1887 2853 de
1916 2798 2132 2853 duobus

550 2897 839 2968 principiis
878 2899 1018 2950 inter
1046 2911 1105 2951 se
1135 2894 1386 2949 diversis.
1438 2892 1751 2946 Diti'ercntia
1791 2891 2132 2945 solummodo

550 2999 639 3044 est
697 3004 761 3044 ex
821 2998 974 3059 parte
1030 3002 1416 3058 personarum,
1467 2994 1739 3054 quatenus
1791 2984 1962 3037 altera
2014 2984 2132 3037 sine

552 3079 824 3151 principio
864 3088 950 3133 est
975 3089 1029 3134 et
1055 3096 1119 3133 ex
1148 3095 1207 3132 se
1225 3078 1388 3133 habet
1423 3078 1759 3146 spiratrieem
1798 3076 1929 3140 vim,
1963 3075 2131 3129 altera

551 3188 585 3227 a
616 3173 885 3242 principio
908 3181 993 3226 est
1036 3181 1091 3227 et
1122 3174 1231 3227 vim
1263 3172 1501 3243 spirandi
1554 3172 1718 3224 habet
1764 3170 2136 3224 communica-

2208 688 2262 732 et
2285 676 2456 731 Filius
2478 692 2587 731 non
2624 673 2948 743 simpliciter
2978 671 3087 725 duo
3132 669 3413 729 dicuntur.
3451 665 3547 720 sed
3596 679 3822 718 secun-

2209 770 2338 824 dum
2364 768 2518 837 quid,
2538 781 2642 821 nec
2666 766 2801 819 alter
2824 764 2892 817 ab
2921 762 3092 816 altero
3120 768 3428 829 separatur,
3466 756 3639 809 multo
3695 754 3823 808 mi-

2210 877 2314 915 nus
2344 861 2451 914 duo
2472 858 2735 928 principia
2768 870 2863 910 seu
2903 853 3025 907 dua:
3046 867 3222 906 causze
3251 866 3319 904 eo
3355 848 3499 919 quod
3537 847 3826 900 alteruter

2216 951 2489 1023 (uterque)
2520 966 2682 1004 causa
2738 948 2808 1002 sit
2841 946 3127 1013 sanctique
3172 943 3410 1014 Spiritus
3460 940 3819 1010 principium

2214 1045 2671 1115 praedicabantur.
2732 1040 2986 1109 Nunquid
3030 1038 3266 1092 Verbum
3306 1036 3397 1090 Dei
3448 1034 3619 1088 Patris
3657 1032 3827 1084 Deus

2217 1156 2338 1194 cum
2368 1137 2512 1191 Deo?
2544 1134 2609 1189 Et
2634 1136 2776 1188 Deus
2808 1133 3029 1203 quidem
3052 1131 3269 1201 genitus
3298 1145 3365 1181 ex
3393 1128 3498 1180 Deo
3526 1124 3822 1193 ingenito.

2218 1235 2467 1286 Attamen
2504 1245 2614 1283 non
2646 1236 2773 1281 sunt
2818 1228 2926 1279 duo
2972 1225 3075 1288 Dii,
3130 1223 3346 1293 genitus
3396 1230 3451 1274 et
3496 1216 3827 1287 ingenuitas,

2221 1328 2315 1382 sed
2344 1340 2485 1380 unus
2506 1332 2561 1377 et
2594 1322 2733 1375 idem
2770 1320 2930 1373 Dens.
2962 1317 3054 1371 Sic
3078 1317 3239 1387 igitur
3261 1328 3428 1367 unum
3467 1308 3824 1380 principium

2220 1434 2437 1485 unaque
2463 1430 2625 1469 causa
2666 1411 3166 1481 Spiritussanctus,
3221 1404 3313 1475 qui
3365 1412 3447 1457 est
3478 1401 3593 1455 sine
3644 1397 3833 1451 initio

2223 1512 2382 1566 Pater
2409 1518 2464 1564 et
2498 1508 2685 1567 Filius,
2734 1505 2826 1575 qui
2861 1502 3188 1573 principium
3216 1509 3271 1554 et
3301 1506 3461 1566 caput
3488 1494 3727 1554 dicitur,
3766 1501 3833 1543 ut

2224 1603 2459 1657 llilarius
2491 1600 2663 1663 dicit;
2702 1605 2865 1667 caput
2911 1595 3056 1649 enim
3085 1593 3329 1648 omnium
3370 1589 3531 1642 Filius
3558 1594 3673 1643 est.
3721 1585 3831 1637 sed

2223 1704 2389 1763 caput
2424 1692 2543 1746 Filii
2593 1691 2736 1744 Deus
2770 1697 2874 1744 est.
2914 1688 3029 1741 Duo
3063 1694 3212 1748 sunt,
3262 1682 3351 1736 ubi
3382 1678 3577 1733 similia
3606 1691 3836 1730 nume-

2225 1786 2380 1841 randi
2416 1784 2639 1839 nomina
2659 1797 2841 1836 rerum
2868 1780 3103 1848 aliquam
3132 1776 3490 1846 pluralitatcm
3512 1768 3838 1823 ostendere

2227 1880 2434 1942 volunt,
2460 1876 2563 1930 etsi
2589 1889 2779 1929 earum
2800 1867 3104 1925 cxsistendi
3133 1866 3653 1920 rationemtaceant.
3677 1855 3831 1909 Nam

2228 1985 2405 2039 neque
2474 1965 2895 2021 continuitatem
2947 1975 3128 2029 neque
3195 1956 3584 2012 discretionem
3626 1964 3837 2018 neque

2227 2060 2643 2117 dividendorum
2681 2056 2937 2125 aperiunt
2968 2050 3358 2111 diti'erentiam,
3408 2048 3639 2114 aliquam
3694 2053 3832 2095 tan-

2231 2151 2510 2209 tummodo
2528 2146 2934 2203 manifestantia
2967 2144 3309 2204 varietatem,
3336 2154 3454 2208 quae
3484 2136 3635 2190 nulla
3673 2135 3836 2186 inter

2228 2245 2444 2300 Patrem
2490 2251 2545 2298 et
2582 2241 2806 2303 Filium,
2843 2253 2911 2291 ex
2953 2252 3019 2291 eo
3047 2233 3192 2304 quod
3230 2230 3456 2301 Spiritui
3506 2241 3630 2281 esse
3682 2242 3839 2295 pne-

2230 2346 2404 2399 slant;
2448 2349 2638 2388 verum
2670 2348 2775 2385 una
2809 2345 2971 2384 causa
3008 2337 3094 2381 est
3129 2325 3370 2395 Spiritus
3411 2330 3667 2388 uterque.
3721 2337 3743 2368 ι

2303 2430 2352 2484 5.
2396 2428 2642 2481 Alterum
2677 2424 2886 2478 axioma
2916 2437 2945 2475 a
2977 2418 3175 2472 Photio
3199 2418 3474 2471 invectum
3507 2412 3663 2481 (vide
3688 2427 3747 2465 c.
3779 2408 3837 2470 9,

2233 2525 2299 2579 17
2330 2538 2445 2590 seq.
2481 2520 2569 2589 47)
2616 2527 2700 2572 est
2731 2516 2861 2571 illud
2896 2534 2908 2568 :
2947 2515 3245 2568 Producere
3278 2527 3366 2563 seu
3403 2507 3645 2562 emittere
3701 2504 3835 2573 Spi-

2232 2619 2392 2671 ritum
2422 2623 2663 2668 sanctnm
2701 2622 2773 2665 est
2836 2609 3013 2663 Patris
3072 2607 3271 2660 idioma
3316 2620 3405 2656 seu
3468 2596 3827 2668 [rypostatica

2233 2710 2411 2765 Patris
2445 2706 2759 2775 proprietas.
2798 2700 2933 2755 Hinc
2969 2697 3270 2757 concludit,
3304 2712 3331 2747 a
3368 2691 3575 2745 Latinis
3622 2702 3837 2757 perso-

2232 2818 2428 2857 narum
2478 2800 2739 2853 idiomata
2793 2792 3021 2856 destrui,
3059 2791 3211 2850 dum,
3261 2785 3406 2856 quod
3462 2780 3595 2837 dicit
3642 2777 3841 2831 Patris

2235 2895 2456 2955 idioma,
2488 2899 2541 2945 et
2577 2890 2712 2944 Filio
2761 2887 3066 2942 vindicant.
3104 2881 3305 2935 Verum
3340 2879 3445 2931 hoc
3480 2870 3837 2944 principium

2233 2987 2381 3041 nulla
2415 2984 2626 3038 ratione
2656 2981 2913 3049 nullaque
2942 2974 3266 3032 auctoritate
3302 2970 3496 3024 fultum
3528 2978 3781 3034 prorsus
3808 2978 3840 3013 ιι

2237 3080 2445 3135 Latinis
2522 3076 2789 3145 rcjicitnr.
2874 3070 3050 3124 Patris
3126 3062 3536 3122 constitutivum
3618 3055 3843 3108 idioma

2237 3187 2428 3228 omnes
2458 3168 2834 3240 paternitatem
2866 3163 3078 3224 dicunt,
3104 3173 3233 3213 cum
3272 3170 3376 3224 qua
3408 3148 3635 3220 Spiratio
3666 3146 3840 3199 iden-

557 3275 696 3329 tam;
728 3280 823 3319 seu
846 3274 1115 3334 quatenus
1145 3271 1274 3318 sunt
1313 3263 1475 3317 Pater
1499 3272 1554 3316 et
1582 3260 1789 3326 Filius;
1833 3276 1959 3315 cum
2006 3275 2136 3315 vero
2167 3272 2209 3329 (ζ
2246 3262 2439 3318 tilicari
2493 3260 2729 3329 nequit;
2764 3271 2929 3309 nemo
2974 3260 3238 3324 prmtcrea
3267 3247 3487 3301 Patrum
3529 3240 3635 3308 τὴν
3700 3254 3845 3307 πρίλε

555 3376 666 3415 non
699 3360 907 3430 spirent
935 3375 1041 3429 qua
1075 3359 1166 3413 ille
1186 3357 1365 3420 Pater,
1410 3358 1499 3411 hic
1528 3355 1718 3419 Filius,
1755 3356 1898 3409 nulla
1942 3365 2026 3409 est
2077 3355 2129 3409 in

555 3451 814 3522 spirando
844 3450 1169 3516 diversitas;
1203 3457 1258 3502 et
1305 3449 1447 3502 sicut
1492 3457 1684 3501 natura
1716 3462 1824 3499 non
1851 3445 2133 3505 ditIerunt.

557 3543 682 3611 quia
712 3541 873 3596 Pater
909 3540 1205 3611 ingenitus,
1242 3536 1412 3592 Filius
1434 3538 1673 3608 genitus,
1710 3537 1788 3591 sic
1811 3552 1913 3591 nec
1944 3546 2137 3589 natura

558 3634 839 3700 differunt,
870 3634 998 3704 quia
1021 3634 1181 3687 Pater
1211 3648 1240 3687 a
1284 3632 1456 3697 nullo,
1503 3630 1670 3685 Filius
1717 3646 1745 3683 a
1783 3629 1944 3683 Patre
1977 3628 2141 3682 habet

559 3728 877 3798 spirativam
905 3729 1184 3781 virtutem.
1231 3725 1439 3789 Potest,
1496 3739 1628 3777 sane
1672 3723 1781 3776 dici
1838 3723 1975 3775 duas
2020 3736 2141 3775 esse

558 3836 822 3892 personas
850 3820 1266 3890 principiantes,
1293 3817 1386 3872 sed
1412 3817 1535 3870 ideo
1558 3832 1665 3869 non
1708 3824 1836 3870 sunt
1859 3814 1965 3869 duo
1987 3813 2142 3883 prin-

560 3911 722 3980 cipia.
746 3911 992 3965 Advertit
1018 3910 1174 3964 Joan.
1210 3907 1582 3978 Argympulus
1616 3906 1717 3975 (De
1754 3922 1895 3973 proc.
1955 3904 2139 3974 Spirit.

560 4013 735 4059 sanet.
766 4019 815 4056 c.
848 4002 944 4067 10;
1000 4001 1063 4057 ϐ.
1100 4000 1162 4055 0.
1189 4001 1227 4065 l,
1259 4000 1517 4069 414-416)
1571 3999 1745 4070 ἀρχὴν
1782 3999 1951 4068 accipi
1984 4015 2144 4069 posse

562 4105 678 4150 tum
700 4110 800 4163 pro
827 4093 1053 4161 δυνάμει
1087 4107 1199 4147 tum
1237 4108 1336 4162 pro
1377 4091 1708 4157 (amatiost;
1761 4090 1925 4160 priori
1977 4106 2142 4144 sensu

563 4199 676 4238 non
714 4181 903 4236 haberi
942 4182 1050 4236 duo
1111 4181 1398 4251 principia,
1444 4196 1568 4235 cum
1622 4180 1851 4249 δύναμις
1904 4181 2145 4251 προϐλη-

562 4272 692 4342 τικὴ
725 4271 943 4325 nonnisi
971 4287 1079 4326 una
1104 4272 1404 4341 eademque
1462 4272 1533 4326 sit
1579 4270 1633 4324 in
1669 4268 1821 4341 [ἓξ-ί]
1878 4268 2041 4325 Patre
2089 4280 2145 4326 ct

563 4362 737 4430 Filio;
767 4364 1054 4435 posteriori
1082 4379 1248 4419 sensu
1268 4364 1591 4420 vocabulum
1621 4364 1714 4417 δύο
1743 4363 1916 4435 ἀρχὰς
1946 4363 2149 4418 'admit-

567 4460 655 4521 tit,
686 4474 808 4512 cum
830 4458 918 4513 tali
952 4467 1112 4528 pacto
1160 4466 1270 4513 tres
1300 4474 1550 4528 persona:
1603 4459 1656 4512 in
1707 4459 1984 4513 creatione
2009 4473 2146 4527 quo-

565 4567 674 4620 que
698 4553 846 4620 τρεῖς
876 4552 1041 4620 ἁρχαὶ
1063 4550 1179 4606 sine
1209 4551 1545 4605 absurditate
1586 4551 1716 4617 dici,
1766 4561 1820 4606 et
1872 4551 1945 4605 uti
2010 4562 2144 4614 tres,

2242 3354 2403 3426 ϐολήν
2435 3354 2527 3406 ιιιιὶ
2568 3352 2710 3405 Patri
2770 3346 3067 3403 vindicavit
3116 3342 3197 3396 vel
3259 3338 3381 3405 eius
3445 3334 3844 3387 characterem

2242 3419 2655 3503 constitutivum
2678 3440 2894 3497 censuit
2919 3438 3052 3508 (55);
3083 3434 3227 3488 addit
3252 3426 3640 3496 Beccus(orat.
3665 3422 3730 3479 Ξ.
3770 3419 3846 3471 De

2243 3539 2445 3607 t'ujusta
2479 3534 2631 3607 [2‘25]
2677 3535 2794 3602 dep.
2851 3547 2900 3585 c.
2951 3530 3050 3592 ΞΗ
3091 3525 3155 3579 G.
3185 3522 3250 3579 Ο.
3289 3521 3351 3585 il,
3390 3518 3475 3581 76,
3517 3516 3609 3583 ⁴Π)
3647 3514 3846 3567 I‘hotii

2242 3633 2506 3703 πρὸτασιν
2543 3629 2608 3681 iis
2667 3624 2924 3680 omnibus
2976 3622 3267 3675 Doctorum
3325 3608 3656 3667 testimoniis
3698 3623 3849 3661 cou-

2245 3700 2429 3787 ftttari,
2468 3722 2522 3774 in
2582 3717 2844 3789 quibush
2884 3713 2977 3767 τοῦ
3025 3708 3238 3781 [lat-pb;
3298 3706 3391 3759 καὶ
3446 3700 3577 3754 Υἱοῦ
3639 3700 3851 3767 ἑνότης

2247 3815 2339 3867 ἐπὶ
2377 3812 2563 3871 πᾶσιν,
2595 3810 2694 3861 ὅσα
2743 3808 2807 3859 ὲκ
2861 3803 3072 3873 [ἰατρὸς
3124 3798 3188 3852 δι’
3224 3795 3351 3849 Υἱοῦ
3389 3794 3630 3859 λέγεται,
3662 3804 3852 3857 appa-

2248 3915 2350 3971 ret,
2379 3904 2522 3975 quod
2548 3900 2795 3956 adductis
2836 3896 3015 3950 Basilii
3047 3902 3101 3948 et
3149 3886 3428 3943 Athanasii
3463 3882 3717 3937 testibus
3748 3880 3851 3933 de-

2248 4001 2431 4053 Clarat.
2470 3994 2673 4049 Verum
2700 4008 2808 4062 quo
2855 4006 2943 4044 res
2980 3984 3314 4044 luculentius
3343 3984 3554 4048 pateat,
3600 3988 3850 4027 accura-

2251 4094 2358 4147 tius
2388 4089 2690 4143 divinarum
2730 4095 3087 4155 personarum
3120 4074 3486 4147 proprietates
3515 4068 3629 4119 late
3667 4065 3854 4118 dictas

2250 4182 2628 4251 inspiciamus.
2691 4175 3112 4243 Distinguuntur
3171 4167 3399 4222 omnino
3464 4158 3853 4229 proprietates

2250 4272 2588 4345 personales,
2628 4266 3011 4339 hypostaticaa,
3059 4274 3323 4333 personas
3361 4252 3780 4310 constituentes
3823 4266 3854 4300 τι

2251 4341 2569 4418 diacriticis.
2601 4358 2760 4428 (Vide
2805 4356 2993 4410 Petav.
3050 4353 3124 4405 De
3169 4350 3314 4403 Trin.
3362 4344 3601 4397 Promm.
3644 4341 3685 4393 l.
3748 4354 3855 4403 IV.)

2251 4456 2478 4512 Nonnisi
2512 4464 2624 4508 tres
2654 4453 3003 4522 proprietates
3032 4442 3390 4514 liypostaticas
3409 4437 3487 4491 vel
3512 4434 3857 4488 constituen-

2254 4561 2326 4603 tes
2384 4548 2673 4618 (ἰδιώματα
2731 4538 3090 4607 ὑποστατικὲι)
3162 4540 3467 4605 agnoscunt
3524 4527 3729 4580 Patres
3792 4541 3857 4577 ac

566 4643 644 4699 ita
680 4643 803 4697 dua“:
832 4658 1076 4712 persona:
1107 4643 1350 4712 ejusdem
1379 4644 1613 4697 actionis
1654 4643 1945 4712 participes
1999 4642 2135 4713 cogi-

2257 4616 2687 4707 tlieologi;isunt
2716 4641 2898 4686 autem
2927 4647 2940 4682 :
2977 4625 3256 4696 πατρότης
3276 4661 3292 4687 ,
3333 4620 3532 4687 υἱὸτης,
3561 4616 3857 4683 ἐκπύρω-

566 4737 673 4791 tari
704 4743 927 4807 queant.
952 4736 1180 4790 Demum
1204 4735 1457 4791 audiatur
1499 4752 1716 4790 rursum
1773 4734 1928 4806 [Iugo
1981 4735 2151 4789 Ethe-

647 4887 758 4951 (55)
792 4886 1109 4941 Aﬁ'eruntur
1139 4886 1359 4956 quidem
1400 4884 1659 4956 Gregorii
1680 4882 1911 4955 Nysseni
1937 4882 2149 4956 verba;

571 4959 727 5011 Τοῦδ’
753 4958 915 5011 ’ἑνεκα
950 4952 1175 5026 Πνεῦμαὶ
1209 4958 1474 5026 στόματος
1516 4952 1688 5027 (Psal.
1714 4952 1887 5027 sunt,
1925 4952 2001 5023 6),
2039 4952 2152 5005 ἀλλ’

570 5029 695 5098 οὐχὶ
722 5027 879 5096 λόγον
909 5024 1175 5098 στόματος
1197 5024 1421 5098 εῖρήκεν
1448 5024 1707 5098 6d16t6,_
1732 5024 1817 5098 iga
1840 5024 1937 5098 τὴν
1987 5028 2155 5098 ἐκπρ-

578 5092 837 5170 ρεῦτικὴζγ
862 5092 1099 5169 ἰδιότήτα
1134 5092 1622 5170 μόνῴᾼλπροσρῦσαγ
1644 5096 1720 5164 τῷ
1752 5096 1924 5170 [Ιατρὶ
1948 5092 2154 5170 πιστῶς

580 5164 762 5237 omni.
796 5164 1028 5223 Verum'
1059 5164 1258 5224 revera,
1287 5164 1409 5221 loco
1455 5167 1559 5219 huc
1587 5164 1880 5237 legendum
1915 5180 2036 5237 esse
2076 5164 2154 5235 τῷ

577 5234 861 5308 Ιιὺεύματι
906 5250 962 5294 et
1009 5237 1227 5294 nonnisi
1275 5252 1469 5308 errore
1517 5235 1601 5308 vel
1667 5236 1854 5289 fraude
1915 5234 2155 5308 (sumpto

575 5326 675 5363 πνι
707 5304 804 5377 pro
827 5313 947 5379 πρι)
973 5311 1119 5364 illam
1142 5309 1431 5363 lectionem
1460 5306 1739 5379 inductam
1766 5304 2001 5379 ostendit
2021 5320 2154 5379 con-

579 5374 764 5434 textus
797 5374 909 5435 tum
929 5374 1059 5435 aliae
1093 5381 1353 5441 rationes,
1402 5392 1539 5444 quas
1585 5376 1870 5440 diligenter
1924 5374 2152 5443 Niceph.

577 5449 900 5516 Blemmida,
931 5461 1071 5512 orat,
1094 5452 1148 5515 ἓ,
1177 5466 1225 5503 c.
1268 5449 1370 5511 1‘2;
1398 5446 1621 5510 Beccus,
1652 5446 1717 5499 de
1751 5444 2156 5516 proc.ASpiritus

577 5522 748 5575 sancti
807 5514 974 5578 et'in
1025 5518 1296 5575 Camateri
1349 5518 1525 5572 Anim.
1601 5532 1651 5586 c.
1705 5517 1845 5581 106;
1895 5514 2157 5586 Georgius

581 5590 812 5662 Trapez.
846 5593 911 5646 ad
940 5588 1433 5662 .loan._Cul)ocl._e.
1456 5585 1647 5662 id
1668 5586 1756 5662 ΑΟ.
1779 5586 1849 5662 __l_,
1913 5586 2001 5650 55,
2048 5585 2155 5653 ’54,

578 5655 876 5733 243'seqq.
929 5660 988 5726 Il,
1021 5660 1148 5725 455,
1180 5657 1697 5733 456;_l,__510.512
1744 5655 1943 5726 aliique
1991 5671 2159 5725 expo-

580 5728 1006 5789 suerunt'CCum
1041 5747 1170 5785 vero
1213 5729 1357 5799 apud
1390 5728 1712 5799 (Nyssenum
1755 5743 1863 5799 non
1908 5742 2064 5782 secus
2096 5742 2159 5781 ac

580 5805 731 5871 apud
764 5803 932 5859 Basil.
963 5819 1011 5857 c.
1049 5796 1284 5856 Eunoni.
1315 5801 1352 5855 l.
1384 5796 1477 5871 ill,
1514 5796 1741 5871 Πνεῦμα
1770 5797 1864 5850 τοῦ
1894 5799 2159 5871 arripere;

584 5868 734 5929 idem
764 5874 835 5929 sit
855 5889 920 5928 ac
949 5872 1174 5941 Πνεῦμα
1203 5871 1297 5925 τοῦ
1320 5870 1514 5939 Λόγου,
1541 5870 1729 5925 etiicax
1755 5886 1820 5923 ex
1842 5868 2023 5941 verbis
2054 5868 2159 5941 illis

588 5944 816 6014 Psalmi,
848 5954 1008 6018 prout
1038 5959 1069 6001 a
1103 5939 1361 6001 Patrihus
1413 5941 1811 6014 intelliguntur,
1856 5939 2161 5999 desumitur

2258 4728 2501 4799 at;(56).
2537 4744 2555 4777 ι
2622 4725 2681 4779 ln
2720 4720 2921 4778 divinis
2965 4715 3239 4790 personis,
3279 4731 3297 4765 ι
3354 4719 3501 4766 recte
3548 4707 3635 4760 ait
3693 4707 3859 4773 nugo

2256 4890 2444 4934 contra
2469 4876 2767 4933 Photianos
2792 4862 3366 4943 argumentum,_quod
3397 4875 3530 4943 sess.
3568 4858 3664 4915 18.
3689 4872 3860 4943 crine.

2258 4928 2886 5004 ῙιῆἆέζῖιξκῖἁξίΤιιὸοιΪ
2917 4952 3150 5009 qucque,
3184 4928 3252 4988 in
3309 4933 3544 5009 medium
3594 4928 3863 5009 ‘protulit

2480 4999 2763 5085 ViX—900).
2801 4999 2999 5088 Simile
3026 4999 3171 5088 quid_
3185 5003 3477 5088 contigisse
3649 4999 3859 5088 regor—ii

2618 5069 2759 5141 orai.
2792 5084 2883 5147 δι,
2922 5069 3256 5155 (Οιβὶιιηξξοᾷ),
3286 5069 3611 5155 υτξᾳάυριίιιιι
3642 5069 3861 5155 ινξρξην

2260 5141 2781 5223 nimirum
2831 5141 2885 5207 in
2921 5141 3101 5223 verbis
3128 5141 3233 5223 illis
3269 5165 3281 5199 ε
3318 5144 3502 5223 lini-vra
3532 5141 3641 5223 iis:
3676 5142 3704 5190 ὀ
3744 5141 3863 5191 111-

2256 5213 2529 5303 τὴρηὲχὲι,
2560 5228 2653 5281 τοῦ
2684 5225 2813 5279 Υἱοῦ
2840 5227 2990 5303 ὲστικζ
3012 5221 3150 5287 πλὴν
3178 5218 3277 5302 τῇς
3300 5213 3499 5303 oti-riu,
3538 5220 3739 5303 atqueP
3763 5225 3863 5287 pr...

2258 5279 2454 5366 αἰξίαξ
2489 5279 2776 5382 legendum
2809 5310 2929 5347 esse
2969 5279 3296 5382 ἁγενῦτλσίιᾲς
3328 5294 3549 5382 tum‘ex
3602 5279 3863 5382 1.1:eiit'n'is

2527 5372 2536 5382 '
2600 5371 2629 5382 "
2779 5376 2788 5382 -
2928 5380 2978 5382 Α--
3018 5376 3138 5382 -μ---ω
3192 5374 3216 5382 ιι
3245 5372 3283 5382 ..ε
3326 5370 3457 5382 ιιιιιυ.
3485 5366 3564 5382 nm
3659 5367 3749 5382 ..ιη
3777 5365 3860 5382 η...

2258 5349 2889 5429 ἧξῷὀδῇῖέί-ὺῖιέζηωιιι
2918 5380 2982 5416 ex
3017 5349 3287 5429 imrailelis
3325 5349 3860 5430 gjl|§iicm.l'|¢0ll'tgl

2260 5443 2394 5497 locis
2420 5420 2859 5497 ovstenilitﬁiloan.
2883 5420 3109 5507 Becc'us,
3152 5437 3292 5481 orat.
3324 5420 3379 5507 ἐξ,
3416 5421 3490 5507 De
3512 5420 3727 5507 iniusta
3761 5420 3859 5507 ἔξεο

2690 5488 2884 5571 MM
2915 5488 3190 5558 Constant.
3226 5513 3277 5552 c.
3331 5494 3383 5558 6,
3420 5492 3503 5563 (ϐ.
3541 5490 3605 5544 0.
3644 5488 3714 5551 ll,
3761 5488 3861 5538 63-

2260 5584 2353 5643 63,
2392 5583 2542 5649 215).
2895 5643 2999 5649 ___
3114 5640 3125 5649 _
3185 5639 3215 5649 ,.
3313 5635 3388 5649 ..
3534 5629 3678 5649 ,..,.

2334 5627 2817 5725 ('56)-‘ijlt:_Bcccitm
2846 5640 3148 5725 ad__Theod.
3184 5635 3412 5725 Sugdll.
3434 5649 3505 5725 Li,
3520 5631 3633 5725 εἰ]
3663 5627 3859 5725 (tribe.

2668 5696 3164 5790 acor-grammar:
3183 5696 3381 5790 Contra
3425 5704 3658 5790 Magniqu—

2895 5802 2979 5848 eo,
2995 5782 3137 5863 (“10d
3153 5778 3445 5863 interdum,
3463 5783 3531 5863 ¹ιιι
3554 5770 3700 5863 apud

2263 5840 2979 5931 διίξίῗέέῖῖιῗίὲὅέότςιιί
3136 5868 3187 5919 ι).
3238 5848 3363 5931 ἮἸ,
3410 5845 3508 5931 (ξᾴἰ
3544 5852 3676 5931 \‘t.:t.,
3701 5840 3862 5931 ‘Ilt'H‘P

2264 5910 2756 6007 zeugma-Io;
2791 5910 3012 6003 imam
3055 5910 3389 5994 ἀάέννησίαῑ
3424 5915 3545 5971 κως
3580 5913 3642 5970 ιι-
3688 5910 3855 5966 Alm—
