4008 6462
245 386 362 452 469

250 498 589 555 Etherianus
642 500 700 568 (l.
736 500 782 566 Ι,
806 515 857 557 c.
889 503 945 566 8,
988 519 1045 574 p.
1092 505 1253 577 1204)

246 603 336 648 tes
376 591 526 665 [29.6]
561 594 865 650 immobiles
888 605 1054 652 sunt:
1107 599 1427 666 paternitas,
1461 601 1668 663 liliatio,
1703 619 1831 671 pro-

245 686 460 752 cessio;
497 687 799 741 secundum
827 704 963 757 quas
1001 690 1146 743 solas
1181 699 1292 744 tres
1342 707 1614 760 personat,
1669 691 1833 750 Pater

241 778 369 832 scil.
404 787 462 833 et
499 778 671 832 Filius
719 790 774 834 et
832 779 1069 850 Spiritus
1126 791 1348 838 sanctus
1398 786 1775 855 insigniuntur.
1808 805 1826 837 ι

249 866 401 922 Sane
433 884 559 924 cum
591 868 764 924 Graeci
793 871 1014 924 nonnisi
1049 881 1159 927 tres
1192 888 1456 942 personas
1483 874 1535 926 in
1561 873 1830 930 Triuitate

243 970 573 1029 agnoscant,
598 961 762 1015 etiam
795 962 895 1016 tria
923 963 1096 1017 solum
1124 964 1412 1020 admittere
1446 977 1672 1035 possunt
1698 967 1837 1021 idio-

245 1060 399 1105 mata
449 1053 834 1107 constituentia
868 1096 882 1119 ,
925 1071 1046 1124 qum
1104 1064 1296 1110 notant
1361 1066 1474 1112 tres
1533 1059 1833 1113 relationes

245 1145 702 1213 subsistentes_ab
731 1146 965 1202 invicem
998 1147 1216 1203 realiter
1251 1150 1536 1205 distinctas
1567 1151 1833 1218 (Thomas

246 1253 308 1306 q.
364 1238 462 1302 50,
501 1252 552 1290 a.
589 1237 680 1305 9.);
721 1238 1084 1307 proprietates
1128 1239 1274 1310 enim
1326 1240 1643 1308 personales
1697 1250 1828 1294 sunt

249 1329 398 1384 idem
435 1343 560 1383 cum
598 1330 846 1398 personis
879 1346 943 1384 ea
980 1330 1210 1394 ratione,
1243 1347 1348 1401 qua
1385 1332 1719 1387 abstractum
1749 1341 1833 1388 est

246 1422 400 1476 idem
423 1437 546 1476 cum
574 1431 830 1478 concreto
864 1422 962 1493 (ib.
985 1439 1040 1493 ιι.
1082 1424 1171 1478 40.
1202 1439 1252 1478 a.
1284 1425 1331 1489 Ι,
1362 1425 1430 1479 ad
1464 1426 1536 1497 1).
1576 1424 1702 1482 llaec
1729 1427 1832 1481 tria

245 1512 696 1568 cbaracteristica
723 1528 1080 1582 personarum
1116 1514 1371 1570 idiomata
1413 1515 1638 1572 immota
1673 1534 1835 1588 pror-

245 1623 348 1662 sus
371 1622 593 1661 manere
635 1623 829 1662 omnes
859 1609 1214 1663 consentiunt
1258 1610 1391 1680 (57).
1425 1611 1554 1666 Post
1590 1611 1708 1668 haec
1746 1629 1832 1667 re-

249 1705 550 1754 censentur
577 1698 867 1753 diacriticaa
906 1707 961 1754 et
1003 1715 1115 1754 non
1145 1702 1546 1758 constituentes
1582 1705 1834 1774 proprie-

247 1801 422 1848 tates:
455 1791 847 1847 innascibilitas
871 1833 886 1856 ,
941 1808 1063 1863 quae
1107 1793 1386 1850 relationis
1433 1803 1519 1852 est
1548 1810 1748 1867 expers
1779 1805 1834 1852 et

247 1885 320 1938 ad
354 1899 521 1938 unum
566 1884 780 1938 Patrem
814 1893 1046 1954 spectat,
1077 1894 1132 1940 et
1167 1886 1408 1958 προϐολὴ
1448 1887 1563 1942 sive
1607 1889 1835 1959 spiratio

250 1977 429 2031 activa
457 1992 487 2030 a
531 1976 746 2047 passiva
787 1992 884 2032 seu
917 1977 1240 2049 ἐκπορεύσει
1289 1978 1652 2033 secernenda.
1702 1977 1835 2046 Quae

248 2080 398 2126 nota:
432 2071 725 2132 diaeritieaa
759 2087 882 2127 eum
932 2073 1107 2128 tribus
1152 2073 1258 2126 illis
1291 2071 1658 2142 hypostatieis‘
1692 2071 1836 2127 notis

237 2162 498 2232 .quinque
536 2163 791 2218 notiones
841 2165 1090 2234 (ἑννοίας,
1130 2165 1511 2235 γνωρίσματα)
1557 2163 1833 2229 efﬁciunt,

248 2272 388 2326 quas
414 2254 784 2313 Damascenus
833 2257 932 2325 (De
969 2258 1071 2327 ﬁde
1103 2259 1242 2312 art/2.
1290 2257 1327 2322 l,
1380 2257 1536 2328 9-H)
1564 2257 1676 2326 jam
1705 2257 1838 2311 satis

249 2347 428 2400 novit.
461 2347 712 2417 Triplicis
750 2347 964 2418 generis
997 2348 1124 2403 hinc
1155 2356 1520 2403 secernuntur
1547 2346 1834 2416 ἰδιώματαε

252 2440 598 2494 ὑποστατικὰ
638 2440 894 2509 primum,
923 2440 1124 2496 .dcinde
1158 2441 1406 2511 σχετικὰ,
1449 2440 1611 2493 tertio
1635 2456 1836 2491 συστα-

249 2530 402 2594 τικὰ,
450 2530 608 2584 Ratio
653 2529 960 2599 objectiva,
1016 2547 1123 2601 qua
1163 2545 1394 2600 persona
1442 2529 1757 2599 designatur
1785 2536 1841 2583 et

250 2623 326 2676 ab
355 2622 458 2676 alia
480 2623 834 2693 dignoscitur,
861 2631 944 2677 est
973 2624 1122 2678 notio
1147 2638 1242 2676 seu
1265 2623 1458 2691 ἰδίωμα
1484 2619 1833 2686 συστατικὸνς

253 2715 396 2769 tales
430 2716 678 2770 notiones
719 2715 880 2786 igitur
907 2722 1035 2770 sunt
1079 2715 1414 2785 paternitas,
1465 2712 1675 2776 tiliatio,
1713 2729 1842 2783 pro-

252 2809 456 2872 cessio,
490 2807 884 2862 innascibilitas
911 2817 963 2862 et
989 2808 1164 2862 activa
1205 2807 1452 2877 spiratio.
1483 2808 1611 2860 Duze
1656 2815 1842 2877 poste-

231 2902 432 2956 riores
484 2916 592 2955 non
629 2902 974 2956 constituunt
1030 2917 1354 2971 personam;
1403 2901 1525 2954 ideo
1577 2899 1839 2954 dicuntur

255 3002 471 3050 tantum
500 2995 754 3049 notiones
795 3010 1174 3064 personarum,
1198 3009 1310 3049 non
1347 3002 1529 3048 autem
1574 3007 1838 3063 persona-

254 3087 380 3153 les;
411 3086 513 3140 hoc
545 3102 675 3142 vero
696 3086 838 3140 inter
866 3102 924 3140 se
957 3086 1240 3149 differunt,
1265 3085 1410 3156 quod
1456 3084 1631 3139 activa
1666 3083 1840 3152 spira-

257 3177 337 3232 tio
371 3179 537 3233 etiam
566 3178 756 3232 relatio
782 3187 864 3233 est
902 3194 997 3232 seu
1036 3179 1233 3248 ἰδίωμα
1279 3177 1528 3248 σχετικὸν
1551 3219 1563 3238 ,
1595 3175 1837 3231 innasci-

258 3271 443 3326 bilitas
465 3286 616 3335 vero,
641 3287 762 3340 quae
794 3270 870 3325 nil
901 3271 1045 3325 aliud
1087 3271 1219 3326 dicit
1251 3313 1265 3337 ,
1321 3271 1422 3325 nisi
1472 3269 1690 3324 Patrem
1726 3285 1837 3323 non

258 3363 468 3419 esseab
493 3364 621 3427 alio,
651 3365 797 3418 nulla
821 3373 904 3419 est
925 3364 1136 3428 relatio,
1163 3364 1396 3434 ideoque
1435 3378 1585 3417 mera
1624 3371 1680 3416 et
1707 3377 1842 3431 pura

259 3457 416 3512 notio
446 3466 690 3513 vocatur.
725 3456 1000 3511 Habemus
1025 3471 1154 3524 ergo
1182 3455 1426 3525 quinque
1474 3455 1747 3516 notiones,
1775 3469 1844 3508 ex

258 3549 462 3620 quibus
494 3557 726 3619 quatuor
755 3558 885 3605 sunt
917 3548 1232 3609 relationes,
1295 3557 1408 3602 tres
1459 3555 1603 3601 nota:
1633 3545 1843 3601 consti-

260 3652 501 3696 tuentes.
531 3641 634 3712 (Cl‘.
668 3641 863 3696 Thom.
899 3657 953 3710 q.
978 3641 1066 3694 32.
1098 3656 1148 3694 a.
1177 3640 1253 3707 5.)
1296 3640 1374 3693 Ex
1404 3641 1488 3693 his
1537 3638 1649 3708 jam
1689 3645 1842 3708 patet

263 3732 417 3804 [227]
448 3735 677 3786 activam
722 3733 1079 3803 spirationem
1120 3748 1225 3785 non
1267 3746 1388 3786 esse
1436 3730 1841 3802 hypostatieum

263 3821 447 3876 Patris
502 3821 724 3882 idioma,
771 3837 892 3877 esse
944 3838 1070 3876 vero
1119 3822 1462 3885 relationem,
1489 3835 1614 3875 cum
1656 3821 1840 3890 σχέσιν

261 3913 411 3968 dicat
431 3914 496 3969 ad
537 3913 827 3983 spiritum;
865 3923 1014 3984 patet
1061 3930 1278 3984 quoque
1350 3929 1468 3968 eam
1516 3913 1720 3967 nullam
1757 3914 1848 3966 ba-

260 4005 396 4059 bere
410 4005 810 4075 oppositionem
831 4006 1108 4060 relativam
1139 4005 1206 4060 ad
1233 4005 1640 4076 paternitatem,
1665 4019 1846 4074 neque

262 4098 332 4152 ad
365 4098 705 4153 ﬁliationem.
764 4097 820 4152 Si
869 4099 1219 4153 constitutiva
1277 4098 1416 4153 foret
1455 4097 1634 4152 Patris
1692 4106 1844 4162 nota,

261 4206 390 4245 cum
419 4191 746 4260 paternitate
772 4191 1218 4252 identiﬁcaretur,
1247 4200 1302 4245 et
1348 4190 1583 4260 Spiritus
1625 4198 1848 4244 sanctus

263 4292 414 4338 esset
440 4283 642 4350 Filius;
667 4283 713 4339 si
753 4299 885 4338 vero
934 4283 1285 4338 constitutiva
1312 4299 1418 4337 non
1452 4291 1572 4348 est,
1625 4282 1849 4336 aliunde

268 4375 520 4430 l‘hotiani
548 4375 843 4432 ostendant
879 4384 1115 4444 oportet,
1151 4390 1270 4428 eam
1296 4374 1388 4427 uni
1418 4373 1560 4427 Patri
1592 4389 1714 4429 esse
1751 4373 1847 4428 tri-

263 4468 560 4524 buendam.
608 4467 663 4521 Si
687 4467 755 4522 ad
785 4466 1001 4521 Graacos
1028 4467 1281 4522 doctores
1304 4481 1405 4520 nos
1438 4466 1845 4531 convertimus,

899 394 999 458 DE
1039 398 1100 458 S.
1141 399 1332 460 SPIR.
1375 402 1841 467 MYSTAGDGIA

1945 434 1975 445 -
2005 408 2748 472 ANIMADVERSIONES.

3407 406 3514 470 470

1288 548 1303 572 ,
1361 517 1472 563 tres
1523 511 1830 580 proprieta-

1945 530 2048 568 non
2082 515 2233 570 addit
2258 515 2357 586 τὴν
2403 514 2675 585 προϐολὴν
2706 521 2766 568 ιιι
2799 511 2948 567 Patri
3006 512 3298 583 propriam.
3339 514 3394 568 Id
3448 515 3517 568 de

1935 607 2190 662 omnibus
2223 606 2424 663 Graecis
2455 604 2708 660 Patribus
2735 605 2840 660 diei
2864 605 3045 668 debet,
3080 605 3172 674 qui
3214 606 3269 658 in
3301 605 3388 659 illa
3414 606 3520 659 du-

1933 699 2060 768 plici
2089 706 2217 751 nota
2249 697 2613 751 immorantur
2641 711 2746 750 nec
2788 711 3025 766 unquam
3049 696 3388 765 spiratrieem
3410 698 3520 752 vim

1937 799 1996 844 ut
2029 789 2224 859 ἰδίωμα
2259 788 2618 842 ὑποστατικὸν
2660 788 2836 844 Patris
2883 787 3138 841 efferunt.
3191 787 3294 858 (Cf.
3333 787 3517 842 Pctav.

1936 881 2014 934 De
2037 881 2179 934 Trin.
2202 896 2281 945 ιιι,
2308 882 2333 934 1
2367 896 2508 950 seq.;
2534 898 2628 945 vn,
2665 879 2748 947 lO,
2777 896 2834 934 n.
2872 879 2937 934 t9
2961 881 3101 950 seq.)
3131 879 3366 934 Vocatur
3398 882 3522 950 qui-

1935 973 2059 1027 dem
2084 972 2245 1027 Pater
2289 974 2566 1044 γεννήτωρ
2617 973 2710 1026 καὶ
2744 972 3046 1044 προϐολεῦς
3098 973 3205 1043 (ex.
3265 990 3344 1044 gr.
3377 975 3521 1044 apud

1935 1059 2066 1116 Naz.
2115 1069 2254 1115 orat.
2292 1061 2397 1128 55,
2433 1077 2486 1132 p.
2527 1059 2651 1126 562,
2679 1061 2767 1115 ed.
2803 1061 2972 1130 vet.),
3031 1063 3130 1116 sed
3178 1063 3282 1117 hoc
3315 1063 3522 1132 liquido

1935 1155 2244 1210 ostenditur
2281 1169 2428 1221 eum,
2463 1169 2572 1207 non
2614 1163 2887 1223 quatenus
2926 1163 3010 1208 est
3048 1153 3234 1218 Pater,
3274 1155 3522 1224 adeoque

1937 1265 2047 1302 non
2073 1246 2430 1302 constitutiva
2459 1263 2555 1300 sua
2591 1247 2944 1316 proprietate,
2975 1247 3182 1316 spirare
3215 1246 3476 1316 Spiritum
3504 1264 3517 1311 ;

1937 1341 2033 1395 sed
2073 1355 2352 1410 nunquam
2379 1342 2412 1410 ὴ
2445 1337 2682 1408 προϐολὴ
2711 1338 2776 1392 iis
2829 1339 3144 1409 adiungitur
3193 1340 3360 1404 nolis,
3399 1355 3522 1408 qute

1937 1432 2031 1485 uni
2055 1430 2158 1500 ipsi
2191 1428 2558 1494 conveniunt,
2620 1444 2776 1497 quas,
2813 1439 2874 1482 ut
2920 1427 3150 1482 Basilius
3176 1428 3251 1482 ait
3281 1469 3296 1490 ,
3362 1427 3521 1497 μόνος

1937 1521 2096 1584 αὐτὸς
2128 1520 2272 1591 ἔχεις
2305 1519 2402 1574 sed
2452 1534 2734 1588 nunquam
2791 1517 3004 1572 ratione
3047 1517 3142 1571 τοῦ
3187 1517 3518 1587 προϐόλεως,

1939 1623 1998 1670 ut
2050 1630 2080 1669 a
2115 1614 2340 1684 Spiritu,
2375 1613 2454 1668 sic
2486 1631 2514 1666 a
2541 1613 2678 1666 Filio
2719 1611 3013 1666 distinctus
3042 1619 3291 1680 apparet.

2010 1707 2064 1762 6.
2102 1705 2226 1762 llaec
2260 1723 2478 1761 rursum
2508 1721 2574 1761 ex
2601 1704 2720 1758 Filii
2751 1703 3082 1774 proprietate
3121 1705 3523 1758 conﬁrmantur

1939 1813 2060 1869 qua:
2103 1797 2179 1851 nil
2208 1812 2304 1866 per
2327 1812 2385 1851 se
2419 1796 2605 1858 habet,
2635 1795 2778 1864 quod
2809 1793 3006 1848 Filium
3039 1793 3106 1848 ab
3145 1794 3322 1848 activa
3345 1793 3523 1865 Spira-

1872 1873 1912 1928 Β
1943 1892 2090 1946 tione
2119 1889 2395 1944 excludat.
2431 1887 2576 1943 Scite
2609 1886 2762 1959 llugo
2796 1885 3126 1941 Etherianus
3151 1887 3210 1958 (l.
3259 1903 3343 1948 tu,
3386 1902 3435 1940 c.
3464 1885 3522 1951 9.,

1938 2000 1991 2054 p.
2038 1982 2176 2037 19.58
2214 1981 2304 2052 G.)
2349 1999 2362 2035 :
2402 1999 2420 2032 ‹
2469 1980 2526 2035 Si
2567 1980 2870 2052 paternitas
2908 1995 3018 2034 non
3071 1978 3310 2034 excludit
3343 1979 3525 2048 Spiri-

1940 2085 2053 2131 tum
2086 2091 2114 2127 a
2148 2072 2310 2128 Patre
2352 2072 2564 2127 ratione
2629 2088 2809 2126 causa:
2860 2088 2957 2126 seu
3010 2072 3286 2142 principii,
3347 2087 3528 2142 neque

1939 2166 2276 2223 uascihilitas
2310 2163 2822 2220 excluditeumdem
2869 2162 3130 2232 Spiritum
3183 2179 3212 2216 a
3249 2162 3385 2216 Filio
3440 2179 3528 2217 se-

1940 2260 2182 2316 cundum
2202 2258 2448 2312 eamdem
2475 2257 2762 2311 rationem.
2794 2278 2812 2308 ι
2835 2259 2949 2312 lmo
2966 2257 3094 2310 dum
3121 2257 3307 2313 Patres
3330 2255 3527 2310 Filium

1945 2354 2278 2424 Unigenitum
2307 2353 2589 2421 Μονογενῆ
2633 2352 2974 2405 nominatum
3007 2350 3063 2403 in
3113 2349 3299 2404 Bibliis
3340 2348 3529 2404 Vident

1939 2458 1994 2503 et
2039 2447 2113 2500 ita
2151 2446 2256 2501 hoc
2291 2442 2440 2515 [29.8]
2472 2459 2674 2498 nomen
2709 2444 3002 2514 explicant,
3035 2453 3093 2497 ut
3125 2444 3240 2511 ipse
3283 2442 3354 2496 sit
3383 2441 3528 2495 solus

1939 2540 2030 2610 qui
2053 2555 2114 2592 ea:
2134 2537 2246 2591 solo
2263 2539 2330 2592 sit
2361 2536 2546 2600 Patre,
2589 2536 2748 2606 μόνος
2777 2537 2844 2588 ἐκ
2886 2535 3048 2606 μόνου
3077 2535 3213 2604 (59),
3236 2532 3527 2587 manifeste

1943 2631 2207 2701 Spiritum
2239 2645 2346 2684 non
2369 2643 2491 2683 esse
2518 2643 2547 2681 a
2599 2628 2716 2682 solo
2755 2626 2916 2681 Patre
2957 2626 3177 2680 tradunt
3211 2639 3275 2679 ac
3324 2623 3527 2678 mirum

1942 2721 1996 2777 in
2024 2721 2247 2776 modum
2271 2719 2477 2775 Latinae
2520 2716 2778 2772 Ecclesiae
2833 2715 2957 2772 ﬁdei
3015 2714 3406 2786 suffragantur.
3463 2711 3524 2768 Si

1941 2815 2111 2870 Filius
2135 2823 2220 2869 est
2252 2813 2392 2868 solus
2431 2813 2500 2867 de
2527 2812 2642 2866 solo
2670 2812 2847 2874 Patre,
2884 2825 3014 2881 ergo
3037 2808 3275 2879 Spiritus
3302 2821 3412 2860 non
3439 2811 3528 2860 est

1941 2909 2010 2964 de
2039 2907 2155 2962 solo
2183 2907 2372 2972 Patre;
2400 2921 2564 2976 porro
2597 2904 2701 2963 alia
2737 2919 2972 2974 persona
3004 2917 3116 2957 non
3156 2899 3418 2970 suppetit,
3459 2897 3529 2951 de

1942 3017 2050 3073 qua
2080 3002 2153 3055 sit
2185 3000 2371 3063 simul,
2402 3000 2507 3054 nisi
2557 2998 2747 3053 Filius.
2776 2997 2936 3052 Unde
2985 3005 3135 3050 recte
3187 2992 3521 3047 ltatramnus

1944 3090 2004 3164 (Ι.
2038 3089 2103 3155 ll,
2157 3105 2208 3144 c.
2251 3089 2304 3143 6.
2353 3106 2408 3159 p.
2440 3089 2566 3144 9.70.
2621 3087 2708 3141 ed.
2745 3085 2936 3150 MIGNE)
2974 3102 2987 3138 :
3027 3103 3046 3136 ‹
3089 3083 3335 3141 Dicatur,
3380 3079 3528 3150 quod

1946 3181 2116 3236 nostri
2146 3180 2330 3235 dixere
2359 3180 2594 3250 majores
2627 3197 2640 3232 :
2674 3176 2846 3232 Filius
2876 3191 2942 3230 ex
2975 3176 3136 3231 Patre
3178 3182 3359 3236 natus,
3387 3171 3531 3226 solus

1946 3275 2010 3327 de
2035 3273 2168 3340 solo,
2233 3288 2298 3327 ac
2353 3288 2451 3342 per
2515 3273 2619 3326 hoc
2677 3269 3024 3341 Unigenitus,
3089 3267 3332 3338 Spiritus
3399 3279 3532 3319 vero

1945 3374 2166 3420 sanctus
2193 3365 2262 3420 de
2327 3365 2490 3419 Patre
2545 3363 2764 3432 quidem
2803 3361 3126 3432 procedens,
3179 3359 3274 3414 sed
3321 3374 3423 3412 non
3467 3357 3532 3410 de

1940 3458 2053 3514 solo
2091 3457 2256 3524 solus,
2301 3456 2563 3527 quoniam
2603 3455 2852 3525 procedit
2884 3462 2940 3508 et
2991 3469 3022 3506 a
3057 3451 3215 3518 Filio,
3271 3466 3340 3504 ne
3393 3449 3528 3503 duos

1943 3549 2081 3620 ﬁlios
2118 3549 2403 3604 videamur
2446 3546 2767 3618 praedicare,
2823 3543 3236 3614 processionem
3284 3541 3526 3610 Spiritus

1945 3642 1989 3696 si
2025 3642 2092 3696 de
2151 3641 2312 3696 Patre
2371 3638 2715 3695 solummodo
2765 3636 3148 3692 conﬁteantur.
3200 3652 3218 3685 ι
3275 3632 3420 3686 Sane
3482 3632 3530 3686 si

1947 3731 2084 3786 Filio
2107 3739 2192 3787 est
2215 3732 2512 3803 praprium,
2553 3740 2612 3784 ut
2641 3731 2711 3785 sit
2741 3730 2820 3784 'de
2868 3727 3030 3782 Patre
3060 3727 3196 3790 solo,
3228 3725 3339 3795 jam
3401 3739 3532 3794 pro-

1946 3821 2124 3894 prium
2157 3821 2277 3876 Filii
2308 3822 2505 3891 migrat
2548 3821 2606 3876 in
2660 3820 2944 3890 Spiritum,
2999 3817 3149 3873 sisit
3189 3825 3244 3870 et
3290 3816 3408 3886 ipse
3463 3815 3533 3870 de

1947 3915 2064 3969 solo
2095 3914 2274 3981 Patre,
2339 3915 2556 3984 duoque
2619 3914 2874 3968 dicentur
2929 3909 3073 3965 Filii.
3107 3929 3128 3962 ›
3179 3909 3247 3964 Et
3310 3923 3528 3962 rursum

1952 4007 2010 4078 (l.
2066 4023 2147 4072 ιιι,
2197 4022 2249 4061 c.
2300 4006 2354 4061 5.
2388 4023 2456 4076 p._
2496 4005 2624 4076 295)
2658 4020 2726 4060 ex
2772 4003 3062 4074 Fulgentio
3099 4001 3242 4056 idem
3292 4008 3530 4054 auctor:

1957 4119 1976 4152 ι
2012 4098 2318 4155 Commune
2364 4098 2587 4169 quidem
2641 4097 2786 4152 inest
2849 4096 3024 4150 tribus
3077 4093 3328 4164 personis
3365 4093 3532 4147 unius

1948 4201 2158 4247 natura:
2183 4190 2739 4255 consubstantialitas,
2781 4187 3062 4258 praprium
3095 4201 3226 4242 vero
3277 4185 3530 4255 singulis,

1949 4280 2096 4350 quod
2145 4283 2303 4335 Pater
2339 4281 2488 4335 solus
2535 4279 2745 4350 genuit,
2813 4278 2985 4332 Filius
3045 4277 3196 4331 solus
3246 4282 3409 4328 natus
3465 4275 3533 4329 de

1951 4375 2108 4428 Patre
2131 4373 2266 4438 solo,
2310 4370 2548 4442 Spiritus
2581 4379 2804 4427 sanctus
2828 4370 2974 4441 quod
2998 4370 3066 4424 de
3091 4369 3250 4426 Patre
3276 4369 3534 4440 Filioque

1952 4465 2264 4536 procedit...
2294 4463 2450 4530 Quod
2474 4464 2857 4536 (postremum)
2877 4464 2921 4520 si
2943 4479 3144 4535 negare
3168 4464 3534 4524 contendunt,

264 4560 304 4614 ii
343 4560 474 4613 dum
524 4559 700 4613 Patris
760 4557 1064 4628 peculiares
1100 4559 1443 4613 characteres
1500 4557 1844 4621 describunt,
1871 4559 1925 4618 D
1951 4560 2156 4620 dicant,
2189 4557 2321 4626 quid
2377 4556 2425 4611 ei
2489 4555 2628 4627 (Sp.)
2689 4557 2760 4610 sit
2797 4558 3101 4626 proprium.
3158 4555 3292 4610 Nam
3326 4571 3535 4625 preces—

265 4651 488 4706 nonnisi
518 4653 584 4706 de
616 4651 940 4721 paternitate
979 4659 1034 4704 et
1060 4650 1126 4705 de
1157 4648 1577 4703 iunaseibilitate
1607 4649 1846 4719 loqu-un-

267 4755 381 4800 tur.
408 4744 486 4800 ita
511 4743 738 4798 Basilius
764 4744 864 4798 has
895 4743 1029 4798 duas
1053 4743 1230 4798 solum
1266 4751 1426 4796 notas
1451 4741 1678 4798 adducit
1705 4742 1842 4813 (58),

273 4935 478 4992 Viudic.
505 4953 620 5006 ειμι.
655 4935 844 5002 Ephes.
877 4952 927 4991 e.
957 4937 1044 4998 66,
1073 4953 1127 5007 p.
1156 4935 1261 4990 460
1292 4950 1408 5004 seq.
1438 4933 1719 4989 Interdum
1751 4937 1854 4993 alia

271 5007 542 5076 vocabula
589 5009 731 5061 idem
783 5008 1142 5076 exprimentia
1193 5007 1547 5070 adhibentur,
1607 5015 1664 5060 ut
1709 5010 1855 5075 apud

272 5077 440 5133 Basil.
473 5069 561 5147 cf).
587 5079 714 5142 256,
747 5094 802 5130 n.
841 5069 873 5131 6
905 5097 918 5132 ;
954 5077 1255 5147 Πατρότῃς,
1289 5077 1494 5147 uid-cm,
1523 5069 1816 5147 ἁγιασμὸς.

349 5149 460 5212 (57)
486 5145 560 5202 De
591 5150 674 5202 his
705 5150 848 5202 valet
874 5148 1014 5216 quod
1043 5145 1117 5202 ait
1153 5145 1283 5202 Naz.
1313 5145 1467 5200 Orat.
1498 5147 1552 5199 in
1585 5145 1854 5216 Epiphan.

271 5220 350 5272 Τὸ
365 5218 521 5287 μίὃιον
544 5219 776 5272 ἑκάστου
805 5217 1169 5287 ἀκοινώτητόν
1202 5219 1349 5268 ἐστιν
1371 5234 1384 5246 ·
1419 5216 1591 5280 ἄλλως
1617 5219 1724 5286 γὰρ
1756 5219 1856 5271 οὐκ

275 5291 345 5342 ἂν
361 5282 431 5358 ἦν
461 5288 679 5356 ἰδίωμα,
707 5291 755 5341 εἰ
783 5282 1077 5358 μετέπιπτὲ
1104 5287 1200 5358 καὶ
1228 5287 1556 5358 μετεξίέρετῗο
1582 5282 1718 5356 ego;
1741 5287 1857 5358 ἔτει

313 5356 394 5419 0v,
437 5361 581 5428 quod
625 5356 854 5417 uberius
909 5358 1130 5429 exponit
1173 5357 1328 5412 Joan.
1363 5356 1556 5410 Theol.
1602 5372 1741 5411 sess.
1790 5357 1857 5412 ⁵18

325 5435 438 5501 lor.
460 5429 647 5501 (ll_ard.
798 5429 944 5501 θοι).

356 5495 479 5568 (58)
506 5499 667 5553 Basil.
703 5499 807 5568 Ep.
851 5499 913 5569 de
957 5499 1067 5569 diﬂ'.
1113 5515 1192 5551 us.
1227 5506 1274 5550 et
1300 5497 1506 5569 Izypost.
1540 5495 1650 5569 38:
1698 5496 1758 5550 Ὀ
1800 5497 1883 5550 δὲ’

281 5567 377 5626 ἐπὶ
401 5572 622 5622 πάντων
651 5567 782 5629 Θεὸίς
813 5567 1089 5637 ἐξαίρειτόν
1124 5586 1177 5620 τι
1211 5568 1500 5637 γνώρισμα
1536 5567 1636 5636 τῆς
1663 5569 1856 5621 ἑαυτοῦ

282 5641 637 5710 ὑποστάσεως
657 5641 718 5694 τὸ
745 5633 1105 5710 Πατὴμεῖναι
1130 5633 1233 5710 καῖ
1253 5633 1338 5710 ἐξ(
1371 5633 1650 5708 μήδημιᾶς
1678 5638 1859 5710 αξξ-σίας

283 5709 587 5779 ὑποστῆναι
629 5711 786 5779 μόνος
833 5706 945 5779 Eiet
975 5710 1065 5761 xu).
1089 5708 1176 5762 διὰ
1203 5706 1395 5779 τούτου
1435 5706 1598 5761 πάλιν
1632 5707 1727 5760 τοῦ
1760 5725 1859 5779 ση-

288 5783 443 5852 μείου
484 5777 763 5852 Scotino-co;
801 5777 1090 5852 ἰδιαζόντος
1131 5777 1574 5852 ἐτειγινώαιςεξαι.

359 5852 469 5922 (.39)
536 5850 588 5904 ld
640 5842 756 5922 jam
803 5851 998 5922 legitur
1052 5851 1105 5904 iu
1172 5842 1418 5920 Gregorii
1468 5842 1857 5920 'l‘haumaturgi

1953 4650 2030 4702 aio
2054 4648 2165 4720 (40)
2191 4649 2258 4702 de
2290 4647 2450 4702 Patre
2479 4648 2788 4702 communis
2839 4656 2924 4702 est
2953 4648 3118 4703 etiam
3160 4645 3308 4712 ,Filio
3335 4663 3349 4712 ;
3399 4661 3532 4715 quo-

1955 4743 2102 4800 niam
2156 4757 2321 4799 omne
2354 4742 2500 4813 quod
2548 4742 2813 4807 nascitur,
2872 4741 3118 4813 procedit
3162 4740 3368 4804 etiam;
3401 4752 3532 4808 ergo

1954 4943 2207 5000 Confess.
2245 4942 2388 5012 apud
2413 4942 2574 5012 Greg.
2609 4941 2836 5012 Nyssen.
2885 4937 3024 5012 O_pp_.
3055 4935 3284 5012 uncto

1956 5015 2227 5084 Passaglia
2256 5007 2563 5084 Comment.
2601 5007 2770 5066 theol.
2804 5010 2879 5063 De
2915 5008 3108 5084 Trinit.
3140 5007 3326 5084 Bootae
3350 5007 3524 5084 _l_8_54,

1957 5077 2295 5156 parte'ttkp.
2326 5083 2389 5138 51
2423 5084 2535 5156 55),
2564 5097 2781 5156 rursum
2810 5096 2899 5150 ap.
2945 5078 3181 5156 t‘jyssgn.
3231 5077 3302 5156 ad
3335 5077 3529 5156 Ablab.

1959 5146 2021 5235 i3;
2043 5156 2192 5235 459._
2200 5146 2681 5235 §p21t_ra__@itnonz.
2781 5166 2818 5214 ι,
2844 5146 3067 5235 vdo-78.;
3086 5146 3361 5232 Fpipllan.
3393 5147 3526 5229 hair.

1959 5218 2048 5286 75,
2072 5243 2126 5295 p.
2162 5225 2286 5280 5872.
2315 5224 2496 5278 Basilii
2517 5224 2680 5276 verba
2715 5222 2767 5274 in
2787 5218 2872 5288 ep.
2890 5219 2984 5274 cit.
3014 5218 3189 5280 Μόνος
3221 5219 3530 5286 μονογενῶς

1959 5300 2023 5350 ἐκ
2054 5296 2150 5348 τοῦ
2185 5291 2688 5364 hewn-cooptare;
2720 5289 3264 5364 exi.a'tp¢at_g__addu_eit
3314 5305 3532 5358 quoque

1957 5366 2186 5436 Nicepb.
2235 5359 2547 5436 'Bleu'uuida
2602 5359 2905 5436 (αλλ-ι,
2954 5359 3070 5436 μ).
3127 5359 3530 5436 ῼῖηηβιει-ειθςςςιι

1958 5429 2154 5506 Georg.
2194 5436 2425 5506 Metoch.
2465 5429 2916 5506 Contra_Max-inz.
2944 5429 3176 5506 Plautia.
3206 5429 3533 5506 (00113052

1957 5521 2075 5577 seq.
2106 5500 2240 5564 i057
2271 5505 2415 5574 seq.)
2455 5503 2616 5577 Greg.
2656 5501 2802 5577 Patr.
2830 5502 2926 5568 (ib.
2966 5502 3006 5556 ἰ.
3048 5501 3173 5577 4:25,
3207 5500 3333 5577 Ajlﬁ,
3362 5500 3511 5570 465.)

2031 5570 2142 5648 [40)
2197 5570 2406 5648 Notum:
2447 5586 2529 5648 e_s_t_
2568 5570 2860 5648 dupliciter
2916 5570 3282 5648 processiqnis
3332 5584 3533 5648 nomen

1960 5640 2231 5703 adhiberi.
2259 5646 2345 5700 Cf.
2375 5645 2433 5704 S.
2467 5640 2666 5698 Thom.
2698 5660 2751 5712 p.
2787 5645 2838 5710 1,
2868 5640 2929 5712 q.
2955 5643 3140 5712 56,_a.
3177 5640 3417 5712 2,_eorp.
3438 5641 3540 5712 “in

1960 5720 2163 5846 ﬁnqgeqt
2187 5717 2346 5846 ειῶτιιιἱ
2375 5715 2566 5772 Theol.
2599 5707 2750 5772 sess.
2769 5707 2835 5768 18
2862 5707 3018 5769 conc.
3050 5710 3196 5764 Flor.
3222 5707 3411 5781 (llard.
3438 5708 3551 5776 IX,

1961 5807 2016 5846 ι).
2119 5828 2166 5846 ...
2272 5791 2323 5845 5.

1961 5789 2166 5861 p.192,
2203 5789 2346 5858 ωδ.)
