4002 6418
562 369 662 434 471

1692 374 1949 435 ΡΙΙΟΤΙΙ
2002 373 2502 434 PATRIARCHIE
2536 374 2646 434 (ΖΡ.

3717 373 3817 436 472

563 479 860 536 secundum
908 479 1148 536 doctoris
1196 481 1360 552 hujus
1399 479 1597 555 (Fulg.)
1643 486 1972 542 sententiam
2005 501 2131 556 pro-
2162 490 2208 545 Α
2235 494 2586 556 generantem
2619 484 2845 540 Patrem.
2899 483 3194 555 appellant,
3248 501 3376 542 ecce
3417 498 3474 542 et
3513 486 3609 542 Dei
3655 487 3814 544 laetus

562 574 740 639 prium
771 583 855 628 est
891 571 1127 643 Spiritus
1174 576 1346 631 sancti
1391 577 1537 645 quod
1568 577 1635 631 de
1688 577 1849 633 Patre
1891 577 2137 648 Filioque

566 663 715 736 [229']
746 665 1008 734 procedit“,
1045 665 1189 735 quod
1230 681 1332 722 nec
1365 665 1509 722 Patri
1569 683 1668 724 nec
1725 668 1863 723 Filio
1887 671 2138 724 cernitur

565 772 874 811 commune.
926 776 944 809 ι
985 756 1218 813 Tantum
1262 775 1391 830 ergo
1440 761 1615 821 abest.
1671 769 1733 817 ut
1787 763 2139 834 liypostaticte

564 848 739 904 Patris
764 859 818 904 et
845 849 964 904 Filii
995 853 1348 906 not:nFi|ium
1392 869 1423 907 a
1458 855 1758 924 spiratione
1815 856 1989 911 activa
2043 873 2138 911 eii-

565 943 806 1009 cludant,
852 952 910 998 ut
959 945 1005 997 ei
1048 947 1303 1000 eamdem‘
1349 948 1528 1003 inesse
1575 951 1887 1004 ostendant.
1952 951 2139 1020 Neque

563 1047 695 1086 vero
725 1034 999 1101 processio
1031 1049 1128 1104 per
1148 1051 1206 1090 se
1229 1045 1398 1100 vetat,
1424 1053 1494 1092 ne
1539 1051 1596 1094 et
1627 1056 1693 1094 ex
1737 1039 1874 1096 Filio
1921 1041 2138 1096 dicatur

567 1122 840 1191 Spiritus;
868 1124 978 1179 imo
1009 1126 1094 1179 vix
1142 1127 1247 1181 ulla
1288 1129 1464 1196 aptior
1517 1145 1604 1183 res
1643 1145 1766 1185 esse
1813 1131 2028 1185 videtur
2066 1132 2136 1186 ad

566 1215 944 1271 declarandam
993 1219 1352 1274 differentiam
1417 1221 1559 1276 inter
1627 1223 2031 1294 generationem
2083 1233 2140 1279 et

567 1307 985 1372 processionem.
1021 1326 1183 1379 quam
1215 1313 1358 1381 quod
1417 1313 1504 1367 illa
1571 1313 1664 1370 ﬂat
1705 1330 1735 1369 e
1795 1315 1911 1370 solo
1958 1315 2136 1381 Patre,

565 1394 679 1448 haec
710 1410 837 1449 vero
875 1413 905 1452 e
940 1396 1098 1454 Patre
1127 1416 1232 1455 una
1261 1417 1385 1456 cum
1431 1401 1601 1468 Filio;
1643 1404 1853 1467 Patres,
1891 1406 2016 1461 licet
2069 1406 2138 1461 de

565 1491 923 1546 custodienda
1004 1497 1321 1551 monarchia
1380 1498 1614 1552 maxime
1672 1497 1891 1552 solliciti
1935 1497 2136 1566 primas

565 1590 745 1650 partes
799 1583 1313 1655 tribuantpersona:
1368 1587 1563 1653 Patris,
1614 1595 1797 1641 tamen
1869 1586 2135 1656 Spiritum

565 1681 809 1726 sanctum
850 1673 1152 1730 immediate
1205 1678 1460 1748 conjungi
1513 1677 1650 1734 Filio
1699 1679 1998 1748 scepissiine
2040 1679 2138 1732 do-

563 1770 709 1815 cent.
739 1761 877 1816 llinc
902 1765 945 1816 si
976 1763 1134 1820 Pater
1166 1766 1325 1835 μόνος
1360 1769 1532 1830 αἴτιος
1549 1769 1770 1831 dicitur,
1802 1771 1913 1823 sola
1947 1785 2131 1835 causa,

563 1851 782 1905 nonnisi
843 1863 901 1908 ut
952 1869 1205 1924 suprema
1260 1873 1444 1922 causa,
1501 1858 1717 1913 fontalis
1745 1868 1800 1914 et
1836 1859 2136 1929 originalis,

563 1952 624 1995 ut
661 1943 886 2013 ἀρχικὸν
920 1946 1114 2014 αἴτιον,
1166 1957 1223 2003 ut
1266 1950 1412 2004 αἰτία
1449 1951 1913 2023 προκαταρκτικὴ
1951 1953 2136 2006 cousi-

563 2031 802 2094 deratnr,
827 2044 886 2088 ut
925 2035 1128 2092 Beccus
1161 2055 1226 2093 ex
1269 2040 1602 2095 Damasceno
1632 2050 1782 2095 notat
1814 2041 1975 2111 (orat.
2000 2041 2035 2094 2
2064 2042 2138 2095 De

561 2119 762 2188 injuste
790 2123 966 2192 depos.
1023 2141 1073 2180 c.
1106 2126 1209 2192 20;
1267 2126 1328 2180 ϐ.
1387 2127 1548 2192 0.l|,
1598 2129 1687 2199 68)
1744 2138 1906 2199 atque
1957 2132 2136 2200 quoad

562 2210 778 2266 Maximi
829 2217 992 2268 verba
1052 2217 1162 2287 (ep.
1231 2221 1300 2273 ad
1353 2219 1641 2289 Marinum)
1681 2221 1973 2277 Bessarion
2021 2223 2134 2293 (41)

560 2318 776 2358 rursum
828 2307 1084 2363 inculcat.
1146 2310 1403 2367 Praeclare
1443 2313 1585 2367 idem
1621 2312 1814 2369 Beccus
1851 2313 1952 2384 (De
2000 2332 2130 2369 una.

559 2395 705 2451 Eccl.
733 2399 891 2455 c.50.
925 2401 987 2457 G.
1026 2401 1090 2456 0.
1126 2402 1166 2460 1.
1204 2404 1324 2474 185)
1364 2405 1600 2462 Phurnie
1629 2406 1907 2476 obiicienti
1947 2426 1962 2462 :
2018 2427 2036 2459 ι
2075 2407 2133 2462 Si

561 2488 798 2559 Spiritus
831 2503 1050 2549 sanctus
1081 2510 1148 2548 ex
1179 2495 1338 2552 Patre
1359 2509 1413 2552 et
1438 2515 1504 2553 ex
1527 2498 1666 2554 Filio
1703 2501 1968 2570 procedit,
2005 2516 2136 2571 pro-

559 2581 761 2649 prietas
792 2583 966 2639 Patris
990 2586 1192 2642 dimota
1217 2597 1298 2643 est
1332 2609 1351 2640 i
1380 2590 1451 2644 ita
1481 2592 1718 2646 occurrit
1756 2609 1768 2644 :
1814 2611 1832 2643 ‹
1870 2593 2132 2648 Asseren-

557 2672 823 2740 tcs(ltali)
861 2673 1124 2744 Spiritum
1175 2692 1298 2731 esse
1355 2687 1409 2731 et
1463 2694 1530 2732 ex
1572 2677 1728 2746 Filio,
1761 2679 1804 2733 si
1853 2680 2019 2733 veluti
2070 2697 2135 2734 ex

553 2761 772 2827 proprio
800 2759 996 2832 absque
1025 2763 1188 2816 Patre
1215 2767 1355 2836 fonte
1409 2766 1656 2821 dicerent
1677 2783 1802 2821 eum
1831 2782 1974 2833 esse,
2013 2776 2127 2822 tum

555 2860 798 2919 paterna:
835 2853 1184 2922 proprietatis
1240 2855 1594 2910 dimotionem
1675 2855 1965 2922 inferrent,
2019 2860 2134 2912 sine

554 2942 814 3010 principio
859 2942 1065 2997 fontem
1115 2944 1352 3015 Spiritus
1403 2956 1458 3001 et
1487 2947 1681 3003 Filium
1719 2959 1778 3004 ut
1835 2960 1890 3004 et
1919 2950 2130 3006 Patrem

557 3037 916 3091 decernentes
935 3037 1071 3107 (42),
1109 3039 1154 3093 si
1177 3055 1307 3094 vero
1328 3057 1451 3095 cum
1485 3043 1673 3098 dicunt
1698 3060 1762 3098 ex
1788 3044 1928 3098 Filio
1953 3045 2130 3115 Spiri-

559 3137 675 3180 tum
719 3142 861 3191 esse,
924 3144 1180 3197 magnum
1234 3131 1491 3186 Basilium
1533 3134 1820 3204 proferunt
1856 3135 2131 3189 aliirman~

557 3228 667 3272 tem
693 3233 710 3271 :
738 3237 759 3270 ο
795 3220 947 3284 Quod
975 3237 1004 3275 a
1037 3221 1172 3278 Filio
1210 3223 1409 3278 dicitur
1439 3199 1578 3290 esse,
1624 3228 1692 3282 ad
1734 3228 1966 3298 primam
2000 3245 2131 3285 cau-
2159 3199 2206 3261 ο

557 3326 670 3364 sam
699 3311 1016 3367 relationem
1052 3314 1234 3378 habet,
1275 3317 1477 3372 nullam
1531 3319 1907 3389 suspicionem
1961 3323 2133 3378 dinio-

556 3403 724 3458 tionis
756 3415 995 3474 paterna:
1034 3408 1381 3476 proprietatis
1432 3410 1763 3480 relinquunt.
1805 3431 1827 3465 ι
1860 3414 2132 3470 Audiatur

557 3491 772 3544 demunt
797 3490 946 3564 [250]
971 3501 1026 3547 et.
1050 3493 1389 3564 Nicephorus
1411 3495 1730 3564 Blemmida,
1753 3502 1848 3572 qui
1873 3506 2036 3571 (orat.
2069 3505 2120 3570 l,

555 3583 719 3649 c.18;
745 3583 808 3639 G.
835 3583 894 3640 0.
932 3584 968 3647 Ι,
997 3585 1086 3651 25,
1105 3586 1196 3658 24)
1222 3589 1294 3643 ita
1331 3590 1584 3647 disserit:
1613 3613 1631 3644 ‹
1662 3595 1876 3648 Etenim
1904 3597 1946 3650 si
1971 3595 2130 3651 Pater

553 3685 776 3745 generat
809 3677 1027 3742 Filium,
1057 3695 1086 3733 a
1111 3681 1262 3734 nullo
1284 3681 1335 3736 id
1362 3684 1658 3756 accipiens,
1687 3696 1742 3740 et
1768 3686 1935 3760 Filius
1967 3689 2130 3745 habet

555 3766 846 3836 Spiritum,
898 3785 1022 3822 eum
1054 3786 1084 3823 a
1121 3769 1278 3825 Patre
1309 3775 1629 3829 naturaliter
1677 3778 1980 3848 accipiens.
2020 3795 2129 3835 non

553 3860 824 3928 genitum,
865 3861 960 3915 sed
991 3878 1088 3930 per
1123 3864 1378 3917 eumdem
1431 3868 1813 3936 procedentem
1845 3887 1910 3924 ex
1946 3871 2125 3939 Patre,

550 3967 780 4020 prorsus
808 3967 915 4006 non
949 3954 1209 4024 intelligo.
1235 3971 1527 4024 quaninam
1571 3969 1851 4028 paternam
1882 3966 2128 4033 pl'Opl‘lc-

553 4050 720 4097 tatem
781 4045 1092 4100 habiturum
1133 4057 1424 4104 autumant
1474 4049 1698 4108 Filium.
1742 4055 1809 4110 Et
1852 4059 2127 4126 quomodo

551 4136 983 4204 Dei-genitorem
1030 4138 1245 4195 Patrem
1295 4141 1614 4213 indigitant?
1673 4145 1732 4201 Si
1775 4149 1920 4217 quod
1957 4149 2126 4204 Deum

549 4237 776 4294 generat
811 4226 1027 4293 Filium,
1080 4248 1209 4289 vere
1247 4234 1352 4290 hoc
1383 4244 1468 4292 est
1503 4247 1743 4306 paternae
1773 4242 2127 4312 hypostaseos

549 4322 906 4391 principuiim.
937 4324 1007 4378 At
1031 4325 1195 4381 Filius
1227 4342 1336 4382 non
1369 4329 1844 4402 Deum-generans
1872 4345 1974 4396 est,
2001 4352 2124 4390 cum

549 4411 744 4466 Filium
780 4430 887 4468 non
921 4427 1164 4487 generet.
1191 4419 1249 4473 Si
1281 4436 1412 4475 vero
1439 4437 1704 4492 generare
1724 4434 1778 4480 et
1801 4427 2122 4496 producere,

2241 579 2501 649 (genitus)
2528 586 2612 633 est
2642 576 2898 649 Spiritus,
2932 586 2988 633 et
3018 593 3256 648 quanam
3305 579 3517 636 ratione
3559 580 3819 651 unigeni-

2240 680 2330 726 tns
2360 671 2529 726 Filius
2559 671 2664 726 erit
2704 672 2837 742 (45}.
2877 689 2897 722 ι

2311 761 2365 814 7.
2400 759 2668 815 Caeterum
2709 761 2837 815 dum
2872 759 3099 816 Pbotius
3142 761 3249 816 hoc
3296 761 3520 817 ellatum
3552 780 3566 817 :
3598 761 3819 832 Spirare

2240 864 2324 907 est
2349 852 2683 922 hypostatica
2726 851 2904 906 Patris
2931 854 3260 923 proprietas,
3315 862 3573 925 tanquam
3617 857 3820 927 princi—

2241 944 2392 1015 pium
2426 945 2904 1000 demonstrationis
2955 947 3204 1010 assumit,
3251 948 3521 1015 petitionis
3574 950 3820 1018 principii

2241 1051 2370 1091 reus
2403 1036 2652 1100 ellicitur,
2684 1052 2808 1092 cum
2850 1038 2992 1092 idem
3019 1038 3180 1108 plane
3207 1039 3278 1093 sit
3300 1039 3428 1093 illud
3456 1041 3819 1109 pronuntiare

2240 1136 2296 1180 et
2325 1129 2732 1197 processionem
2778 1129 3014 1199 Spiritus
3051 1145 3118 1184 ex
3164 1131 3278 1185 solo
3312 1130 3472 1186 Patre
3521 1131 3816 1190 aliirmare.

2243 1215 2566 1274 Snbtiliores
2618 1219 2719 1274 hac
2765 1219 2833 1274 de
2871 1236 2931 1275 re
2991 1221 3270 1291 agitantur
3335 1225 3478 1293 apud
3535 1225 3819 1296 theologos

2240 1309 2592 1378 quaestiones.
2633 1327 2754 1380 quae
2788 1311 2842 1365 in
2874 1313 3164 1382 priesentia
3195 1313 3263 1368 ad
3289 1330 3403 1369 rem
3434 1325 3684 1370 nostram
3713 1333 3815 1370 non

2240 1408 2506 1469 spectant.
2548 1397 2620 1454 Ea
2658 1411 2835 1456 tamen
2879 1403 2964 1456 hic
3006 1419 3313 1473 proponere
3362 1405 3538 1474 juvat,
3591 1422 3718 1475 quae
3753 1408 3817 1460 ad

2238 1491 2617 1561 quaestionem,
2653 1492 2802 1566 [ΞΜ]
2835 1495 3163 1564 quibusnam
3211 1497 3642 1566 proprietatibus
3685 1513 3815 1552 con-

2238 1585 2535 1639 stituantur
2556 1585 2753 1640 divinze
2783 1601 3052 1656 personae,
3079 1586 3144 1642 Η.
3165 1587 3350 1642 Kilber
3375 1588 3573 1659 (Tract.
3599 1590 3666 1642 de
3701 1589 3806 1643 Deo

2238 1675 2381 1728 trino
2424 1675 2478 1730 in
2527 1675 2718 1732 Theol.
2793 1676 3036 1733 Wirceb.
3087 1677 3236 1748 Disp.
3283 1678 3354 1744 6,
3391 1695 3442 1735 c.
3506 1682 3559 1745 l,
3610 1691 3716 1736 art.
3759 1682 3810 1747 5,

2238 1783 2296 1822 n.
2329 1769 2426 1824 581
2463 1772 2604 1842 seq.)
2628 1771 2798 1825 fusius
2815 1771 3056 1841 disputat
3094 1787 3267 1844 eaque
3284 1788 3382 1842 per
3401 1789 3616 1828 summa
3637 1775 3814 1843 capita

2169 1859 2547 1918 Brecensere.
2614 1865 2853 1919 Persona
2915 1872 3161 1928 constat,
3217 1874 3276 1919 ut
3319 1865 3564 1921 Joannes
3620 1865 3808 1920 Theo].

2239 1969 2379 2010 scss.
2426 1955 2491 2011 i9
2539 1955 2684 2011 Flor.
2736 1955 2945 2028 arguit,
2990 1973 3056 2012 ex
3101 1956 3342 2012 essentia
3379 1967 3432 2012 et
3485 1960 3813 2030 preprietate

2238 2047 2320 2119 (τὸ
2372 2049 2660 2118 πρόσωπον
2710 2049 2818 2102 ἀπὸ
2871 2050 2971 2119 τῆς
3016 2050 3214 2114 οὐσίας
3255 2052 3348 2104 καὶ
3388 2050 3484 2104 τοῦ
3529 2052 3814 2121 ἰδιώματος

2237 2142 2570 2212 ὑφίσταται).
2610 2142 2884 2208 Quaeritur
2917 2158 3067 2214 ergo,
3105 2159 3354 2213 quaenam
3385 2142 3472 2197 hie
3508 2145 3810 2214 proprieta-

2240 2244 2319 2291 tes
2375 2235 2520 2299 sint,
2575 2250 2696 2304 qua;
2745 2249 2867 2288 cum
2916 2244 3112 2289 natura
3162 2235 3306 2289 hanc
3365 2235 3808 2290 constitutionem

2237 2327 2556 2398 perﬁciunt;
2589 2329 2751 2397 idque
2775 2327 2974 2397 duplici
2999 2327 3342 2397 potissimum
3370 2341 3537 2382 sensu
3569 2347 3582 2381 :
3617 2329 3812 2397 primo:

2235 2436 2367 2474 num
2395 2421 2507 2475 sint
2530 2419 2733 2490 aliquid
2755 2419 3074 2485 absolutum,
3097 2436 3167 2474 an
3195 2435 3328 2475 vero
3351 2421 3484 2490 quid
3511 2422 3809 2487 relativum,

2235 2520 2289 2566 et
2318 2512 2408 2567 hic
2431 2527 2622 2566 omnes
2667 2513 2781 2567 fere
2817 2511 3151 2566 unanimiter
3190 2513 3462 2582 posterius
3492 2512 3810 2576 admittunt,

2235 2603 2379 2672 quod
2411 2601 2585 2657 solum
2633 2611 2782 2656 recte
2822 2601 2930 2658 dici
2965 2612 3180 2672 potest;
3210 2605 3451 2658 secundo
3483 2622 3498 2657 :
3536 2601 3641 2658 sub
3679 2621 3809 2673 qua-

2236 2711 2358 2749 nam
2394 2695 2724 2766 formalitate
2761 2703 2855 2750 aut
2885 2696 3322 2751 consideratione
3348 2697 3658 2767 preprietas
3680 2698 3813 2751 rela-

2236 2789 2344 2844 tiva
2371 2788 2665 2843 constituat
2693 2789 2965 2843 rationem
2998 2804 3248 2859 persona:
3284 2789 3337 2842 in
3368 2789 3591 2843 divinis.
3627 2788 3699 2843 Ut
3729 2805 3809 2842 res

2235 2881 2396 2951 plane
2443 2879 2792 2951 intelligatur,
2843 2882 3143 2935 notandum
3190 2889 3273 2935 est
3303 2898 3318 2936 :
3354 2881 3406 2934 1.
3441 2881 3646 2936 Eadem
3685 2896 3808 2950 pro-

2237 2974 2440 3044 prietas
2476 2983 2656 3043 potest
2683 2989 2804 3028 esse
2836 2974 3438 3044 liypostatica,relativa
3474 2982 3529 3027 et
3563 2974 3808 3028 notiona-

2234 3067 2341 3131 lis;
2385 3065 2524 3120 sicut
2580 3079 2767 3118 revera
2828 3064 3164 3133 paternitas,
3228 3063 3416 3118 ﬁliatio
3471 3072 3528 3118 et
3584 3063 3812 3132 spiratio

2236 3158 2451 3228 passiva
2503 3166 2632 3211 sunt
2669 3156 2722 3210 in
2771 3157 2875 3210 hoc
2916 3155 3113 3226 triplici
3159 3155 3373 3210 ordine.
3403 3154 3462 3208 ‘2.
3495 3155 3808 3225 PrOprietas

2235 3252 2425 3306 eadem
2465 3247 2695 3317 spectari
2726 3255 2903 3316 potest
2933 3247 3235 3302 secundum
3263 3263 3373 3300 esse
3405 3247 3482 3310 in,
3519 3246 3640 3301 sive
3667 3249 3810 3316 quod

2233 3344 2364 3399 dicit
2397 3342 2658 3401 absolute.
2687 3352 2742 3395 et
2771 3340 2998 3409 praecise
3025 3340 3090 3394 ad
3123 3347 3373 3394 naturam
3422 3339 3693 3403 divinam,
3723 3345 3806 3394 cui

2234 3452 2333 3506 per
2386 3433 2732 3488 identitatcm
2779 3439 2864 3487 est
2910 3431 3247 3498 iinnianens;
3281 3441 3335 3486 et
3368 3432 3675 3486 secundum
3705 3449 3808 3484 esse

2232 3530 2324 3592 ad,
2366 3528 2480 3582 sive
2522 3527 2664 3598 quod
2708 3526 2842 3580 dicit
2889 3526 3140 3589 relative,
3170 3535 3225 3580 et
3261 3526 3329 3581 ad
3383 3525 3682 3579 terminum
3723 3526 3807 3578 vel

2231 3620 2581 3691 principium,
2613 3619 2698 3675 cui
2731 3619 3046 3690 opponitur.
3075 3618 3170 3673 llis
3198 3618 3430 3687 aliisque
3457 3617 3525 3673 ad
3551 3619 3806 3688 quiestio-

2231 3715 2317 3768 nis
2367 3712 2774 3784 intelligentiam
2825 3711 3144 3781 prae-notatis
3186 3711 3298 3780 jam
3345 3711 3508 3765 docet
3556 3711 3802 3764 laudatus

2232 3803 2539 3874 Theologus
2565 3820 2577 3856 :
2615 3801 2681 3870 Ι.)
2715 3799 2984 3856 Personas
3010 3801 3225 3857 divinas
3256 3815 3366 3855 non
3395 3801 3664 3856 constitui
3699 3801 3805 3854 ior-

2229 3895 2446 3949 maliter
2492 3910 2590 3964 per
2644 3893 3006 3963 proprietates
3045 3893 3146 3947 sub
3191 3893 3400 3947 ratione
3459 3892 3806 3965 formalitatis

2230 3987 2483 4042 absoluta:
2523 3995 2572 4041 et
2605 3986 2889 4040 secundum
2933 4000 3039 4040 esse
3068 3987 3145 4051 in,
3179 3985 3272 4039 sed
3299 3985 3403 4039 sub
3441 3984 3662 4038 ratione
3691 3983 3802 4038 for-

2232 4077 2488 4132 maliiatis
2549 4077 2785 4130 relativo:
2836 4085 2886 4130 et
2927 4076 3214 4130 secundum
3264 4092 3372 4130 esse
3414 4077 3489 4130 ad
3525 4086 3797 4145 acceptas,

2228 4171 2377 4240 quia,
2419 4179 2479 4224 ut
2512 4169 2674 4224 docet
2699 4171 2836 4240 Aug.
2872 4168 2948 4223 De
2985 4169 3127 4222 Trin.
3162 4167 3228 4222 ν.
3270 4167 3324 4232 5,
3355 4169 3408 4232 8,
3442 4169 3708 4238 quidquid
3736 4169 3804 4222 ad

2229 4278 2312 4327 se,
2334 4269 2388 4316 et
2433 4277 2542 4315 non
2574 4260 2722 4316 aliud
2749 4260 2984 4324 dicitur,
3016 4261 3083 4314 ad
3115 4260 3487 4316 substantiam
3526 4262 3802 4331 pertinet,

2227 4355 2456 4423 ideoque
2479 4368 2590 4408 non
2618 4363 2678 4407 ut
2695 4353 2833 4408 ratio
2848 4369 3100 4423 persona:
3122 4353 3422 4408 formaliter
3447 4353 3807 4408 constitutiva.

2228 4447 2412 4501 haberi
2428 4445 3217 4517 potest;ll.)Personasdivinas
3231 4445 3533 4500 l‘ormaliter
3547 4448 3808 4502 constitui

547 4513 606 4561 et
639 4514 870 4576 utraque
901 4508 957 4562 in
986 4525 1154 4564 unum
1193 4511 1532 4584 colligantes,
1561 4515 1661 4571 hac
1689 4518 1899 4574 ratione
1923 4521 2121 4576 Deum-

2231 4556 2318 4608 per
2339 4541 2684 4610 proprietates
2707 4539 2974 4606 relatives,
2995 4549 3150 4609 prout
3169 4540 3250 4594 lia:
3269 4539 3448 4593 dicunt
3470 4540 3804 4602 relationem,

639 4683 750 4775 ἄρ’
770 4686 1066 4775 'lies'sarion
1107 4705 1187 4775 (εἰ-
1199 4689 1514 4775 ἓθλιςρηᾳα
1534 4698 1725 4775 ΔΜαι-εἱ
1778 4698 1968 4775 Eii/ter.
2011 4705 2122 4775 syl-

546 4752 913 4843 lqg.éZ(cod_.
933 4758 1187 4843 3109.27
1208 4763 1245 4815 i.
1271 4763 1376 4843 est
1406 4765 1490 4843 a_):
1518 4767 1710 4843 ᾼίτίαν
1738 4752 2122 4843 γάῥμῆεέζάι

543 4825 636 4914 τον
667 4825 797 4880 Υῐὸν
812 4829 904 4912 τεοῦ
931 4829 1072 4883 Πνεύ
1082 4849 1249 4914 ματος
1266 4825 1542 4914 καὶ-αὑτοὶ
1557 4839 1688 4914 φαίη
1697 4825 1795 4914 μέν
1810 4825 1896 4914 ἂνξ
1919 4825 2023 4914 Δ’ἑὴν
2038 4825 2124 4914 avi—-

543 4895 667 4948 τίαν
682 4895 1283 4981 στενώτερον-καςὰςεῇν
1304 4895 1634 4981 -Έλληνικῇν
1651 4895 1834 4981 (pinam
1851 4895 2124 4981 ἐξελάμϐα-

543 4981 750 5051 vovet-:53
819 4971 952 5038 παρ’
965 4972 1148 5051 aurei;
1166 4974 1253 5025 ἀεὶ
1261 4976 1363 5051 figi:
1377 4971 1632 5051 apiriam?)
1649 4971 1828 5034 αἰτίαν
1841 4999 1905 5051 ar;
1917 4971 2071 5051 μα’ίνε
2081 5005 2118 5040 ι.
2134 5010 2168 5049 ο

553 5035 729 5124 Αἴξ)
767 5035 970 5122 Bessus
1001 5041 1192 5124 -¹;,.ο;
1251 5035 1330 5124 φ’
1364 5035 1752 5124 γάῥζλέγὲντςς
1789 5053 1848 5103 τὸ
1896 5035 2121 5124 ᾓεὲέῦιὶᾶ

544 5106 814 5185 ἐπάρχειν
847 5109 1218 5185 ἐκξοῦ-Ϊὶοὗ,
1251 5117 1298 5166 εἰ
1328 5106 1532 5181 itii/ib;
1571 5106 1630 5185 ἐξ
1673 5106 1810 5183 ιδίας
1835 5106 1994 5185 παρᾶ

543 5175 767 5260 ματέρα
805 5178 989 5260 πηγῆις
1041 5181 1226 5248 ἔλεγον
1275 5175 1544 5260 951915;};
1601 5175 1732 5243 αὐτὸ
1782 5175 2008 5260 ἔμελλον

543 5245 831 5334 ﬁerem
1079 5245 1354 5334 τεάεοικῇς
1395 5245 1684 5334 ἰδἰάτηῖος,
1737 5245 2113 5334 reum;

541 5314 778 5399 ἕναοχον
797 5314 1001 5399 *πῃγῇν
1031 5323 1124 5375 τοῦ
1159 5314 1476 5396 Evadite-co;
1509 5314 1604 5381 καὶ
1635 5314 1888 5386 ’ἱὸνΎὶὸν

541 5387 764 5456 Πατέρα
792 5387 1126 5457 δοξάζοντες.

786 5460 850 5541 Illi
903 5461 1092 5546 y‘dpmo
1135 5465 1545 5546 Πιαῖῂρῃςίεννᾷ
1590 5468 1685 5546 τὸν
1732 5472 1874 5546 [ita
1919 5474 1994 5546 μὴ
2047 5475 2110 5531 ἔκ

537 5541 684 5612 Eryci;
727 5530 891 5612 route
930 5530 1130 5612 λαϐὼν,
1163 5537 1190 5586 ὁ
1225 5530 1437 5612 sane};
1470 5530 1590 5612 sisi
1638 5541 1699 5593 τὸ
1743 5530 2108 5612 Πνεῦιὶὥλα-

540 5595 650 5650 65w
706 5601 880 5683 adio“
908 5595 1156 5683 (poetirio;
1195 5609 1346 5683 παρὰ
1399 5595 1760 5683 σοῦ’ΪΙατρὸς,
1806 5614 1864 5666 οὐ
1895 5595 2107 5682 ⁸γεννώ-

543 5683 712 5754 ᾕενον
765 5671 880 5754 ἀλλ’
939 5671 1378 5754 ὲεςιτορευρμενον
1575 5671 1757 5754 otiised
1791 5671 1942 5754 παρᾶ
2009 5686 2102 5739 τοῦ

539 5737 907 5826 ΡΡατρὸςηούκ
938 5737 1094 5826 οἶδας
1123 5737 1277 5826 triginta
1313 5749 1562 5826 évr_aii(i_sv
1598 5751 1793 5826 ίδξωμα
1841 5737 2104 5826 τξατρικὸν

536 5807 684 5873 ἕξειν
723 5812 992 5881 φάσκουσι
1018 5814 1111 5870 τὸν
1151 5816 1312 5892 Υἱόνβ
1339 5820 1457 5884 πῶς
1487 5822 1542 5875 δὲ
1585 5823 1675 5879 καὶ
1715 5807 1973 5892 δεογόνον
2009 5807 2099 5882 τον

2225 4711 2446 4784 Πατέρα
2503 4712 3006 4784 κατονομάζουσινς
3065 4713 3116 4784 ei
3172 4712 3273 4782 μὲν
3327 4714 3409 4767 ὅτι
3463 4713 3600 4767 Θεὸν
3638 4717 3808 4784 γεννᾷ

2222 4781 2317 4855 τὸν
2353 4783 2501 4855 Υἱδν,
2548 4783 2765 4855 amnes;
2793 4783 3002 4855 τοῦτο
3030 4782 3129 4855 τῆς
3176 4781 3470 4855 πατρικῆς
3520 4781 3807 4855 ἐξαίρετον

2231 4853 2587 4924 ὑποστάσεως
2605 4870 2620 4885 ο
2639 4855 2677 4924 λὸ
2711 4853 2769 4906 δὲ
2792 4853 2920 4916 Υἱὸς
2955 4854 3015 4906 οὗ
3038 4923 3043 4924 ί
3070 4851 3354 4921 Θεογόνοά..
3386 4851 3515 4908 Υὶὸν
3552 4856 3628 4924 μὴ
3650 4851 3807 4924 ’γεν-

2222 4923 2439 4976 νῶν-εὶ
2489 4923 2546 4976 δὲ
2602 4922 2664 4980 τὸ
2716 4925 2912 4994 γεννᾷν
2968 4923 3058 4994 καὶ
3117 4925 3444 4994 προὸἁλλειν
3495 4922 3809 4994 καὶᾶμφω

2223 4995 2551 5062 συνάγοντες
2585 4996 2664 5056 εἰς
2716 4978 2914 5047 έαὺτὸν
2969 4978 3218 5061 θεογὸνον
3260 4995 3402 5048 οὕτω
3459 4996 3551 5048 τὸν
3579 4978 3808 5064 Παεξέξσι

2221 5065 2407 5132 φασὶν,
2461 5065 2569 5117 ἰδοὺ
2613 5064 2748 5116 Θεοῦ
2771 5065 2942 5134 ᾼγόνος
3002 5067 3096 5117 καὶ
3145 5065 3208 5118 τὸ
3249 5065 3492 5134 Πνεῦμα.
3553 5070 3652 5120 καὶ
3683 5069 3808 5130 πῶς

2221 5134 2517 5206 μονογενὴς
2553 5135 2682 5206 Υἱός
2705 5151 2720 5199 ;
2741 5132 3053 5190 Notandum
3106 5144 3286 5190 tamen
3310 5132 3565 5206 subtilius
3599 5147 3658 5191 et
3684 5139 3804 5206 ple—

2217 5205 2342 5278 nius
2380 5205 2759 5278 quaestionem,
2819 5222 2918 5259 cur
2969 5207 3279 5276 progressio
3311 5205 3473 5278 Verbi
3523 5205 3808 5278 generatio

2216 5275 2310 5348 sit,
2334 5290 2444 5348 non
2478 5275 2606 5348 item
2641 5278 2920 5348 processio
2951 5275 3197 5348 Spiritus
3223 5277 3422 5340 sancti,
3449 5293 3480 5330 a
3525 5275 3812 5348 theologis

2214 5343 2290 5398 ita
2325 5345 2527 5406 dirimi,
2565 5343 2903 5415 ut'plerique
2929 5343 3114 5402 dicant
3153 5348 3418 5402 rationem
3455 5349 3510 5401 in
3546 5364 3615 5403 eo
3654 5343 3803 5414 esse,

2219 5433 2238 5464 σ
2286 5416 2606 5488 quodactio
2647 5417 2795 5488 prior
2821 5418 2891 5470 sit
2917 5420 3142 5488 perfecte
3173 5419 3528 5472 assimilativa
3575 5419 3803 5474 termini

2211 5501 2347 5558 cum
2369 5485 2636 5558 principio
2659 5498 2715 5540 et
2743 5485 2982 5558 Yerbuin
3011 5485 3311 5543 secundum
3339 5503 3461 5543 esse
3507 5491 3809 5558 personale

2210 5555 2895 5629 sitgsimilitudoperfecta,
2925 5573 3019 5612 seu
3054 5559 3232 5628 imago
3265 5555 3810 5629 Patrisiiiialisactio

2208 5636 2264 5700 et
2293 5627 2469 5700 imago
2490 5625 3420 5700 non‘habeatiirrespectu—Spiritus
3444 5625 3641 5685 sancti.
3675 5651 3692 5680 ι
3720 5630 3808 5684 Ita

2210 5644 2264 5679 et
2293 5644 2469 5696 imago
2490 5644 2597 5681 non
2625 5644 2888 5682 naoeatur
2914 5644 3001 5682 res
3043 5644 3164 5683 eetu
3185 5644 3420 5700 Spiritus
3444 5644 3641 5685 sancti.
3675 5651 3692 5680 ι
3720 5644 3804 5684 ita

2210 5695 2275 5770 |_|_.
2333 5697 2515 5770 Kilber
2573 5696 2766 5770 'l‘lieol.
2818 5644 3059 5754 Wirceg.
3117 5701 3257 5770 disp.
3313 5701 3367 5764 6,
3426 5717 3487 5755 ii.
3543 5701 3668 5757 576.
3708 5703 3804 5756 ω.

2207 5764 2405 5825 Thom.
2437 5765 2588 5823 Sum.
2634 5769 2685 5836 1,
2715 5785 2768 5839 q.
2808 5769 2898 5825 27.
2931 5786 2980 5824 a.
3012 5771 3063 5824 4.
3100 5771 3152 5824 in
3181 5764 3333 5841 corp.
