4002 6456
185 406 303 473 ιτθ

888 415 987 477 DE
1023 418 1082 479 S.
1125 420 1317 481 SPIR.
1358 420 1862 483 MYSTAGOGIA.
1898 447 1969 459 -
1994 420 2740 489 ANIMADVERSIONES.‘

3348 430 3455 495 471

183 537 306 576 non
352 529 537 579 autem
569 531 631 579 ut
656 525 922 599 originem
956 530 1240 587 formalem
1271 534 1586 604 exprimunt
1628 534 1763 604 (Li),
1792 534 1846 594 Α
1868 535 2133 600 Quaelibet
2160 554 2395 608 persona
2427 540 2645 595 nonnisi
2678 554 2842 594 unam
2872 540 3283 599 conStitutivam
3316 561 3446 614 pro-

184 616 323 686 quia
343 616 513 672 forma
536 620 878 678 constituens
896 621 1044 695 [2'52]
1070 639 1357 693 personam
1378 625 1589 695 concipi
1616 625 1779 680 debet

184 717 253 759 ut
272 708 483 779 aliquid
504 725 754 779 personae
770 713 1150 782 intrinsecum,
1180 715 1347 769 fixum
1371 724 1427 770 et
1450 731 1779 786 permanen-

189 808 277 852 ter
308 801 603 867 exsistens,
652 803 796 874 quod
827 805 943 875 ipsa
990 807 1259 876 perseitas
1284 824 1438 878 mque
1467 824 1531 863 ac
1561 809 1776 863 subsis-

191 892 384 946 tentiae
416 894 554 948 ratio
586 896 804 950 videtur
831 897 1069 967 exigere,
1099 898 1238 952 nihil
1265 915 1394 953 vero
1420 899 1687 969 ejusmodi
1720 900 1775 953 in

186 993 468 1053 conceptu
521 985 766 1041 formalis
814 988 1043 1058 originis
1087 997 1349 1060 apparet;
1399 991 1598 1046 deinde
1648 993 1775 1061 quia

186 1076 434 1147 origines
478 1086 667 1147 utpote
713 1080 976 1147 actiones,
1020 1097 1141 1151 quae
1185 1083 1589 1153 suppositorum
1623 1090 1772 1149 sunt,

186 1181 303 1221 non
344 1169 686 1224 constituunt
713 1174 997 1241 supposita
1048 1174 1404 1243 producentia
1437 1175 1533 1230 sed
1573 1189 1777 1229 secun-

186 1261 326 1315 dum
404 1271 657 1316 nostrqu
731 1263 1066 1335 intelligendi
1149 1268 1372 1321 modum
1434 1276 1769 1337 supponunt.

192 1370 214 1402 ι
262 1353 561 1420 Speciatim
597 1354 666 1409 de
693 1356 1034 1425 paternitate.
1070 1357 1195 1413 Haec
1224 1360 1370 1413 enim
1400 1360 1455 1414 in
1486 1360 1684 1415 divinis
1716 1368 1775 1414 ut

185 1444 384 1499 relatio
419 1447 914 1501 transcendentalis
944 1448 1012 1503 ab
1037 1450 1255 1504 actione
1286 1451 1401 1521 ipsa
1435 1467 1541 1506 non
1564 1452 1773 1507 consti-

188 1536 390 1599 tuitur,
425 1546 481 1592 et
510 1546 569 1591 ut
592 1538 925 1610 principium
971 1557 1081 1611 quo
1122 1542 1428 1612 proximum
1462 1543 1771 1615 generatio-

187 1629 273 1682 nis
306 1636 437 1684 ante
486 1630 754 1701 originem
802 1635 1249 1703 przesupponitur
1274 1645 1328 1688 et
1358 1644 1419 1689 ut
1461 1636 1769 1691 subsistens

186 1722 363 1779 forma
404 1727 680 1782 antecedit
720 1729 1016 1784 terminum
1060 1731 1290 1801 ejusque
1326 1732 1767 1801 productionem.

188 1814 263 1870 De
304 1816 597 1885 spiratione
626 1827 810 1873 autem
865 1822 1039 1874 activa
1085 1837 1207 1875 cum
1256 1831 1492 1887 constet,
1526 1838 1597 1876 ne
1631 1823 1771 1876 hanc

186 1910 408 1977 quidem
435 1911 774 1965 constituere
803 1909 1040 1976 Patrem,
1072 1922 1168 1966 aut
1195 1912 1414 1970 Filium.
1450 1914 1545 1967 sed
1575 1929 1769 1969 secun-

185 2003 312 2056 dum
354 2003 627 2057 rationem
667 2019 978 2074 supponere
1020 2004 1132 2075 jam
1177 2006 1505 2061 constitutos
1546 2022 1642 2075 per
1673 2022 1769 2076 pa-

186 2092 506 2149 ternitatem
555 2110 620 2150 ac
662 2096 1011 2163 filialionem;
1050 2097 1224 2153 multo
1262 2084 1447 2154 minus
1492 2100 1648 2171 origo
1682 2100 1766 2155 vel

184 2187 323 2241 actio
359 2188 626 2257 spirativa
665 2198 921 2260 tanquam
953 2191 1164 2246 illarum
1205 2209 1561 2263 personarum
1591 2193 1765 2249 forma

184 2278 539 2334 constitutiva
588 2282 818 2353 cogitari
850 2284 1067 2352 poterit.
1104 2284 1261 2351 Quod
1312 2285 1510 2340 attinet
1544 2285 1611 2340 ad
1638 2301 1765 2356 per-

183 2386 343 2429 sonas
384 2374 705 2444 productas,
743 2376 825 2430 ha:
855 2376 907 2429 in
934 2388 1202 2447 conceptu
1231 2376 1441 2432 formali
1471 2380 1765 2434 universim

182 2464 371 2518 dicunt
402 2466 670 2520 rationem
698 2467 916 2521 termini
946 2475 1001 2522 et
1026 2469 1299 2537 producti,
1329 2470 1607 2539 speciatim
1632 2487 1765 2526 vero

183 2558 453 2613 rationem
497 2560 585 2613 vel
624 2558 787 2614 Verbi
819 2560 904 2615 vel
952 2560 1191 2631 Spiritus
1231 2563 1615 2629 subsistentis;
1667 2566 1765 2619 sed

186 2659 403 2703 eertum
451 2659 566 2715 est,
606 2651 749 2705 viam
784 2652 849 2705 ad
894 2652 1220 2720 terminum,
1265 2655 1676 2724 productionem
1708 2656 1763 2710 in

189 2740 330 2805 ﬁeri,
383 2742 645 2796 actionem
696 2742 951 2796 dictionis
996 2753 1091 2797 aut
1137 2746 1341 2799 amoris
1379 2746 1559 2800 adhuc
1608 2746 1762 2815 quasi

184 2831 448 2886 ﬂuentem
494 2836 713 2896 anteire,
749 2852 853 2889 non
888 2838 1201 2890 constituere
1234 2837 1523 2891 terminum
1560 2839 1758 2908 ipsum,

181 2923 509 2991 productum
573 2926 942 2996 completum,
989 2936 1042 2982 et
1089 2928 1324 2982 Verbum
1368 2943 1433 2983 ac
1488 2929 1756 2999 Spiritum

180 3014 510 3084 perfectum.
556 3036 576 3070 ι
611 3020 859 3089 Denique
898 3021 1157 3076 observat
1187 3019 1266 3093 (η.
1297 3020 1423 3089 586)
1459 3039 1473 3076 :
1512 3039 1531 3072 ε
1572 3020 1761 3087 Quan-

177 3123 338 3176 quam
367 3123 433 3163 ex
459 3109 622 3165 dictis
651 3112 829 3167 omnis
858 3112 1162 3182 pr0prietas
1193 3113 1533 3184 hypostatica
1568 3116 1639 3169 sit
1668 3131 1760 3170 re-

179 3199 363 3265 lativa,
392 3208 580 3256 tamen
604 3219 698 3257 nec
728 3206 897 3258 omnis
930 3204 1153 3259 relativa
1194 3222 1287 3259 nec
1315 3208 1483 3261 omnis
1515 3209 1757 3261 nationa-

180 3290 240 3343 lis
282 3292 583 3360 proprietas
622 3306 697 3347 est
740 3295 1089 3364 lzypostatica.
1122 3296 1256 3350 Cum
1307 3298 1454 3353 enim
1509 3299 1626 3354 haec
1663 3315 1759 3368 per

178 3385 400 3439 modum
444 3386 866 3442 determinantis
895 3388 963 3443 ad
991 3403 1114 3443 esse
1140 3391 1448 3459 personale,
1479 3392 1758 3462 prOpﬁiIm

176 3492 240 3531 ac
284 3477 848 3548 incommunieahile,
918 3497 1250 3537 concurrere
1314 3483 1547 3549 debeat;
1615 3485 1760 3539 illius

177 3570 314 3625 ratio
345 3579 402 3625 et
427 3571 730 3627 formalitas
772 3590 863 3627 nec
893 3576 1298 3631 innascibilitati
1344 3594 1437 3631 nec
1475 3580 1759 3648 spiratiom'

176 3664 363 3717 activae
394 3667 654 3735 congruit.
682 3664 798 3719 Non
828 3667 1257 3733 innascibilitati,
1288 3670 1414 3739 quia
1439 3671 1591 3740 juxta
1618 3674 1755 3742 Aug.

179 3754 254 3808 De
285 3755 434 3809 Trin.
466 3774 521 3820 v,
545 3756 598 3810 6.
630 3758 738 3810 Nec
770 3759 886 3811 ideo
933 3760 1151 3830 quisque
1178 3771 1352 3831 pater,
1394 3764 1519 3833 quia
1550 3765 1759 3833 ingeni-

177 3860 276 3915 tus,
324 3867 420 3904 nec
462 3852 722 3923 ingenitus
772 3852 888 3905 ideo
931 3854 1055 3923 quia
1088 3864 1271 3923 pater;
1301 3848 1544 3925 adeoque
1576 3858 1644 3911 ab
1676 3858 1759 3912 in-

177 3944 547 3999 nascibilitate
596 3954 753 4016 pater
800 3946 855 4000 in
900 3963 1022 4001 esse
1066 3950 1237 4017 patris
1269 3965 1333 4003 ac
1357 3965 1607 4019 personie
1655 3966 1760 4007 nec

174 4036 575 4089 determinatur
613 4052 715 4091 nec
745 4039 1120 4093 constituitur.
1161 4038 1349 4110 Neque
1392 4040 1556 4095 etiam
1588 4043 1760 4111 spira-

176 4127 307 4181 tioni
364 4128 577 4181 activze.
627 4128 886 4193 Quamvis
922 4128 1069 4182 enim
1108 4130 1223 4184 hazc
1250 4130 1468 4200 propria
1503 4131 1573 4184 sit
1614 4130 1758 4185 Patri

170 4229 227 4273 et
257 4218 416 4284 Filio,
449 4229 633 4273 tamen
661 4236 765 4275 nec
811 4220 962 4274 illum
994 4220 1049 4274 in
1089 4236 1211 4276 esse
1250 4221 1448 4287 Patris,
1485 4238 1588 4277 nec
1613 4223 1759 4278 hunc

173 4313 227 4365 iu
254 4327 381 4367 esse
410 4313 533 4367 Filii
567 4312 714 4385 [253]
747 4314 1114 4379 determinat;
1147 4315 1413 4383 alioquin,
1444 4330 1568 4370 cum
1614 4314 1756 4369 utri-

171 4420 275 4474 que
296 4406 371 4458 sit
421 4406 766 4470 communis,
832 4406 990 4461 Pater
1031 4414 1177 4459 esset
1225 4405 1394 4461 Filius
1438 4416 1492 4461 et
1519 4406 1756 4461 vicissim

171 4497 309 4552 Filio
334 4499 635 4568 paternitas
671 4500 1011 4554 conveniret.
1046 4497 1203 4553 Unde
1230 4500 1391 4555 habet
1418 4516 1476 4555 se
1506 4511 1755 4571 respectu

1816 1060 1839 1090 ί

1785 3248 1827 3303 C

1878 628 2163 698 prietatem
2193 631 2395 686 habere
2418 640 2621 701 potest,
2649 633 2775 703 quia
2804 634 3173 689 constitutivae
3202 637 3452 706 proprie--

1878 729 2018 774 tates
2068 720 2289 775 realiter
2338 722 2482 776 idem
2517 732 2645 777 sunt
2684 739 2746 777 ac
2780 739 3030 793 persona:
3087 726 3455 779 subsistentes

1877 815 1931 877 et
1950 822 2073 860 cum
2107 808 2191 862 his
2220 808 2627 865 identifieantur
2660 812 2803 883 (45);
2850 813 2995 867 unde
3026 815 3206 879 Pater,
3240 817 3283 869 si
3317 816 3455 869 duas

1878 895 2103 951 haberet
2154 900 2419 969 ejusmodi
2477 902 2874 970 proprietates,
2905 918 3013 957 non
3059 920 3165 957 una
3222 920 3454 974 persona

1876 998 2043 1053 esset,
2072 991 2166 1044 sed
2192 992 2330 1046 dure.
2363 992 2596 1047 Proinde
2626 994 2784 1048 Pater
2809 1009 2917 1048 non
2944 996 3104 1050 simul
3128 998 3455 1065 paternilate

1876 1090 1931 1135 et
1966 1082 2268 1150 spiratione
2317 1084 2692 1149 constituitur,
2734 1087 2827 1141 sed
2861 1095 2955 1141 aut
3000 1089 3328 1157 paternitate
3360 1098 3455 1145 aut

1874 1172 2189 1241 spiratione.
2229 1171 2334 1227 Sed
2364 1172 2521 1227 Pater
2556 1175 2887 1244 paternitate
2919 1178 3211 1233 manifeste
3247 1180 3455 1233 consti-

1876 1266 2079 1321 tuitur:
2131 1264 2293 1317 Pater
2327 1264 2527 1319 dicitur
2559 1275 2613 1320 et
2651 1276 2735 1321 est
2780 1268 2905 1336 quia
2942 1278 3167 1338 generat
3216 1270 3454 1333 Filium;

1873 1365 1928 1409 et
1953 1365 2080 1409 ante
2124 1354 2388 1425 Spiritum
2434 1357 2743 1427 concipitur
2791 1358 2986 1421 Filius,
3038 1370 3166 1414 ante
3194 1361 3449 1430 spiratio-

1874 1461 2000 1499 nem
2032 1446 2342 1516 generatio;
2382 1447 2636 1503 universa
2688 1451 2925 1520 denique
2962 1452 3183 1506 traditio
3214 1454 3453 1521 paterni-

1877 1550 2042 1595 tatem
2086 1550 2146 1596 ut
2181 1542 2593 1598 constitutivam
2641 1545 2823 1601 Patris
2862 1555 3127 1601 tesseram
3160 1550 3447 1617 spectavit,

1874 1641 1934 1687 ut
1960 1648 2120 1703 supra
2170 1632 2217 1704 (§
2256 1634 2310 1702 5)
2357 1646 2641 1690 ostensum
2694 1645 2797 1691 est.
2831 1637 2949 1692 Jam
2987 1654 3117 1692 vero
3149 1640 3191 1693 si
3225 1640 3452 1708 spiratio

1872 1723 2087 1779 Patrem
2140 1740 2251 1780 non
2305 1726 2629 1793 constituit,
2689 1744 2868 1798 neque
2928 1730 3125 1784 rationi
3176 1729 3299 1784 Filii
3341 1731 3450 1784 ullo

1870 1819 2033 1874 modo
2070 1819 2386 1890 opponitur,
2433 1836 2499 1875 ea
2548 1836 2660 1875 non
2700 1822 2877 1877 Patris
2924 1830 3009 1877 est
3059 1823 3301 1893 propria,
3353 1824 3449 1877 sed

1804 1896 1845 1952 Β
1870 1909 2018 1964 Patri
2049 1909 2293 1981 Filioque
2324 1913 2630 1967 communis
2661 1913 2794 1985 (46).
2832 1913 3070 1970 Uberius
3099 1916 3153 1969 id
3189 1916 3449 1970 evolven-

1869 2016 1977 2062 tem
2012 2006 2389 2061 Bessarionem
2418 2014 2523 2060 art.
2555 2022 2669 2076 seq.
2700 2005 2726 2077 §
2758 2006 2845 2070 15,
2876 2007 3232 2062 adducemus.

1938 2100 1992 2154 8.
2023 2098 2281 2169 Sequitur
2307 2101 2528 2154 tertium
2560 2099 2785 2154 effatum
2807 2118 2820 2153 :
2842 2099 3109 2186 Pater.est
3130 2102 3448 2172 principium

1868 2208 2048 2246 earum
2069 2208 2186 2259 qua:
2215 2209 2279 2246 ea:
2314 2193 2426 2261 ipso
2459 2203 2579 2246 sunt
2608 2209 2709 2246 non
2731 2193 2937 2246 ratione
2964 2203 3189 2258 naturw,
3227 2196 3316 2247 sed
3353 2211 3446 2246 ra-

1869 2284 2010 2337 tione
2037 2298 2275 2351 persona:
2301 2284 2370 2351 (e.
2400 2284 2513 2352 15),
2554 2285 2697 2352 quod
2730 2284 2872 2353 apud
2896 2282 3075 2339 Photii
3107 2286 3359 2344 asseclas,
3388 2293 3450 2339 ut

1867 2374 2074 2429 Beccus
2103 2375 2338 2429 advertit
2362 2376 2436 2444 (in
2464 2374 2612 2447 [254]
2647 2374 2855 2430 Camat.
2913 2376 2975 2432 G.
3009 2376 3070 2431 0.
3106 2376 3167 2442 ll,
3202 2377 3351 2444 99I),
3389 2377 3445 2430 in

1865 2467 2077 2519 axioma
2111 2466 2345 2520 transiit.
2368 2467 2447 2520 Ex
2472 2467 2575 2521 hoc
2606 2467 2783 2538 arguit
2808 2474 2998 2521 contra
3023 2467 3254 2522 Beccum
3278 2468 3447 2522 Geor-

1865 2556 1987 2625 gius
2033 2556 2262 2626 Cyprius
2297 2557 2460 2626 (apud
2496 2556 2655 2611 Becc.
2694 2559 2750 2612 in
2798 2568 2933 2612 tom.
2978 2558 3139 2629 Cypr.
3172 2560 3234 2615 G.
3270 2559 3332 2613 0.
3374 2558 3441 2625 il,

1866 2647 1970 2701 158
1998 2662 2112 2716 seq.
2147 2647 2273 2711 256,
2298 2647 2449 2715 237).
2484 2647 2754 2702 Viderunt
2781 2649 3070 2703 orthodoxi
3105 2650 3238 2704 satis
3263 2661 3441 2714 acute,

1865 2754 1974 2792 non
2020 2738 2340 2808 simpliciter
2376 2739 2505 2793 illud
2548 2739 2731 2810 negari
2777 2755 2959 2809 posse,
3013 2740 3213 2795 habere
3262 2750 3442 2795 tamen

1864 2831 2006 2900 apud
2049 2829 2300 2885 Photium
2341 2847 2564 2900 pravum
2612 2832 2899 2899 quemdam
2955 2848 3174 2887 sensum
3219 2834 3443 2888 minime

1866 2923 2229 2978 tolerandum.
2255 2921 2393 2978 lliuc
2414 2922 2665 2977 laudatus
2700 2922 3115 2994 Byzantinorum
3136 2925 3442 2993 patriarcha

1863 3016 2179 3070 adversario
2212 3015 2431 3085 quidem
2457 3014 2708 3070 concedit
2731 3016 2791 3086 (l.
2824 3030 2874 3069 c.
2902 3030 2953 3069 c.
2982 3017 3066 3079 11,
3095 3032 3145 3085 p.
3172 3018 3323 3082 257),
3347 3018 3446 3073 l’a—

1866 3115 2001 3161 trem
2031 3123 2139 3162 non
2164 3106 2375 3160 ratione
2404 3114 2635 3168 naturae,
2664 3106 2761 3160 sed
2795 3106 3005 3159 ratione
3037 3122 3286 3176 persona:
3320 3123 3443 3161 esse

1864 3217 2081 3256 causam
2114 3216 2304 3256 eorum
2347 3214 2467 3268 quae.
2497 3215 2565 3252 ex
2597 3199 2750 3268 ipso;
2777 3201 2872 3253 sed
2898 3200 2969 3253 ibi
3000 3216 3123 3253 cum
3158 3200 3444 3254 Photianis

1860 3303 2069 3349 natura!
2110 3301 2419 3362 respectum
2454 3307 2680 3362 prorsus
2722 3293 2935 3346 excludi
2970 3302 3332 3362 naturami’pie
3374 3293 3443 3346 ab

1862 3386 2134 3458 hypostasi
2191 3385 2430 3455 separari
2478 3395 2663 3451 vetat;
2715 3388 3019 3457 meliusque
3065 3403 3132 3441 ex
3193 3387 3442 3442 Patrihus

1862 3481 1967 3536 dici
2001 3484 2403 3550 propugna_t(c.
2444 3480 2530 3546 15,
2573 3497 2627 3549 p.
2655 3480 2784 3550 246)
2836 3488 2948 3534 tum
2996 3481 3138 3551 λόγῳ
3168 3482 3265 3550 τῆς
3312 3482 3443 3534 ὑπο.

1863 3575 2106 3636 στάσεως
2156 3582 2269 3627 tum
2325 3572 2468 3642 λόγῳ
2521 3573 2619 3642 τῆς
2677 3572 2891 3641 φύσεως
2942 3573 3270 3643 principium
3318 3589 3441 3627 esse

1860 3666 2099 3721 Patrem.
2156 3666 2377 3720 Certum
2401 3674 2485 3721 est
2507 3666 2797 3720 essentiam
2826 3667 2891 3719 ab
2917 3666 3193 3736 hypostasi
3219 3666 3437 3721 nonnisi

1860 3761 2073 3816 ratione
2133 3757 2379 3823 differre,
2415 3774 2593 3827 neque
2637 3758 2825 3811 οὐσίαν
2860 3759 3234 3811 ἀνυπόστατον
3263 3774 3443 3829 neque

1862 3854 2158 3908 ὑπόστασιν
2189 3851 2439 3905 ἀνούσιον
2460 3850 2684 3922 cogitari
2717 3867 2898 3920 posse.
2932 3858 2995 3905 ut
3015 3851 3253 3906 Thomas
3283 3860 3359 3922 (ρ.
3388 3853 3441 3915 1,

1860 3964 1916 4017 q.
1953 3948 2042 4011 '59,
2069 3962 2121 4001 a.
2162 3947 2214 4016 1)
2249 3955 2305 4000 et
2324 3944 2579 4001 Petavius
2613 3944 2713 4017 (De
2746 3945 2888 3999 Trin.
2922 3944 3034 4009 Vll,
3073 3946 3163 4009 i5,
3197 3946 3264 4000 15
3295 3946 3446 4015 seq.)

1862 4040 2157 4094 declarant.
2173 4039 2227 4092 ld
2252 4054 2352 4093 nec
2375 4039 2475 4106 ipsi
2504 4038 2840 4092 schismatici
2863 4054 3089 4109 prorsus
3108 4038 3439 4105 (imitentur;

1863 4130 1914 4184 id
1958 4130 2255 4197 Gregorius
2295 4128 2529 4199 Cyprius
2563 4128 2726 4198 (apud
2759 4128 2915 4182 Beec.
2953 4129 2991 4183 ι.
3030 4144 3045 4184 ι
3094 4128 3273 4184 Const.
3306 4145 3353 4184 c.
3382 4126 3436 4189 5.

1862 4220 1926 4285 6;
1966 4221 2019 4273 iu
2050 4231 2185 4274 tom.
2216 4221 2383 4289 Cypr.
2416 4229 2557 4275 orat.
2596 4221 2653 4283 2,
2688 4234 2738 4273 c.
2769 4218 2830 4284 5;
2863 4218 2926 4274 G.
2959 4219 3021 4273 0.
3060 4217 3124 4284 ll,
3171 4206 3443 4280 156-438,

1859 4312 1987 4381 258)
2021 4311 2276 4365 concedit
2297 4310 2434 4381 (47).
2467 4311 2608 4365 llinc
2639 4309 2904 4379 Georgius
2941 4310 3337 4378 Trapezuntius
3370 4310 3444 4363 ad

1859 4403 1945 4459 Jo.
1975 4403 2198 4458 Cubocl.
2230 4418 2279 4457 c.
2309 4403 2369 4455 11
2403 4419 2417 4467 ;
2465 4402 2527 4457 G.
2573 4406 2636 4455 0.
2666 4401 2705 4466 Ι,
2736 4402 2833 4456 491
2867 4402 3007 4470 seq.)
3044 4419 3058 4454 :
3098 4421 3114 4449 ι
3154 4401 3441 4466 Quomodo

1864 4493 2141 4564 concipies
2180 4492 2518 4563 hypostasin,
2544 4491 2589 4545 si
2622 4492 2677 4544 in
2702 4492 2939 4546 essentia
2973 4492 3142 4560 ipsam
3168 4506 3280 4545 non
3305 4505 3439 4544 ccu-

172 4591 482 4659 utriusque,
536 4590 676 4645 sicut
725 4592 997 4655 essentia,
1055 4607 1346 4646 commune
1404 4593 1653 4661 pluribus
1703 4602 1758 4648 et
1788 4596 1832 4651 D
1862 4586 2222 4643 sideraveris?
2276 4584 2579 4638 Essentiam
2636 4584 2781 4636 enim
2829 4592 2883 4637 et
2930 4596 3180 4638 naturam
3235 4585 3438 4653 absque

169 4683 592 4739 determinabile
615 4702 629 4749 ;
654 4685 895 4755 dumque
923 4686 1207 4740 constituit
1227 4682 1442 4741 Patrem
1477 4695 1531 4740 et
1558 4687 1752 4741 Filium

169 4775 223 4828 in
269 4790 397 4829 esse
450 4775 740 4844 spiratoris
790 4776 1034 4831 distincti
1068 4793 1098 4830 a
1129 4776 1334 4847 Spiritu
1387 4787 1597 4841 sancto,
1650 4778 1755 4831 illis

168 4867 473 4937 suppositis
502 4867 555 4921 in
585 4884 681 4922 sua
704 4872 1066 4941 personajam
1104 4872 1423 4925 constitutis
1447 4870 1757 4939 concipitur

168 4961 533 5029 supervenire
563 4960 678 5015 haec
711 4962 920 5024 relatio,
968 4974 1226 5032 tanquam
1258 4961 1550 5032 perﬁciens
1583 4961 1756 5031 expli-

167 5051 335 5105 citam
379 5066 570 5105 eorum
618 5052 1048 5108 distinctionem.
1099 5073 1117 5104 ι
1166 5053 1271 5107 Sed
1311 5054 1379 5107 ad
1428 5064 1753 5123 prazsentem

169 5141 561 5196 tractationem
620 5142 822 5198 sufficit
879 5144 1109 5214 simplex
1142 5145 1258 5199 haec
1307 5144 1751 5200 demonstratio:

244 5309 481 5382 μάλα.
518 5309 805 5365 Bessariou
855 5311 1014 5380 Resp.
1061 5313 1131 5364 ad
1167 5312 1333 5366 Marc.
1398 5312 1535 5382 Eph.
1589 5328 1638 5367 c.
1690 5314 1754 5369 18

169 5380 330 5445 (Cod.
374 5380 516 5435 Mou.
546 5382 613 5433 27
649 5382 816 5453 £250
855 5385 932 5453 ιι.)
985 5401 1004 5453 εγ
1045 5382 1286 5453 Πρώτως
1323 5384 1417 5436 καὶ
1447 5380 1661 5453 ’κυρίως
1698 5386 1753 5437 αἱ

168 5452 797 5523 ἀιιαφοραὶνὺφιστῶσι,
853 5451 947 5505 καὶ
988 5451 1343 5523 διακρίνουσι,
1386 5451 1668 5523 ἑπομένως
1697 5454 1753 5507 δὲ

164 5522 268 5646 :3).
295 5522 621 5591 αἱπρὸοδοι,
670 5523 901 5575 καθόσον
929 5522 1246 5576 ταὺτὰεἰσι
1292 5522 1579 5595 πράγματι
1632 5528 1755 5589 ταῖς

238 5609 495 5646 αφοοαις.

238 5609 495 5655 αφοραις.

243 5609 673 5733 ῗιὶρέξῗὶέῗεπῑοη
716 5664 872 5733 Resp.
912 5664 981 5718 ad
1033 5664 1197 5718 Marc.
1241 5665 1373 5731 Eph.
1426 5666 1547 5721 cod.
1606 5666 1747 5720 Mon.

164 5731 259 5797 27,
302 5734 346 5787 f.
379 5733 486 5787 229
528 5736 580 5789 b.
621 5737 769 5788 Αὐτὰ
802 5731 870 5787 ’ἑὰ
903 5734 1023 5788 Θεῖα
1053 5738 1316 5801 πρόσωπα
1350 5737 1661 5791 ὑποστάντα
1698 5739 1753 5790 αἱ

167 5803 540 5859 ὑποστατικαί
567 5808 706 5862 εἰσιν
755 5806 1040 5878 ἰδιότητες.
1086 5805 1218 5862 Vide
1259 5806 1454 5862 Thom.
1498 5807 1524 5879 §
1573 5808 1627 5874 5,
1680 5809 1755 5862 ci-

168 5881 369 5931 tatum.

1858 4679 2139 4751 hypostasi
2206 4678 2583 4731 universaliori
2624 4679 2860 4747 quodam
2925 4679 3087 4732 modo
3134 4678 3438 4746 intelligere

1856 4788 2182 4844 possumus;
2218 4787 2383 4841 quare
2413 4780 2469 4826 et
2495 4771 2774 4825 nonnullis
2809 4772 2986 4824 visum
3019 4782 3120 4834 esv,
3159 4786 3278 4822 eam
3312 4768 3440 4822 nni-

1856 4880 2013 4919 versc
2044 4863 2365 4918 subsistere.
2405 4863 2473 4915 At
2513 4863 2657 4917 enim
2692 4863 3007 4931 hypostasin
3057 4862 3342 4929 concipere
3383 4872 3436 4912 et

1856 4957 2143 5010 enuntiare
2186 4971 2297 5008 non
2330 4955 2491 5009 simul
2542 4955 2885 5009 considerata
2914 4962 3007 5007 aut
3056 4962 3316 5021 concepta
3351 4966 3436 5004 es-

1822 5058 1825 5059 '
1857 5049 2032 5103 sentin
2062 5047 2238 5101 modis
2267 5046 2524 5099 omnibus
2557 5046 2670 5098 fieri
2701 5045 2909 5113 nequit.
2949 5045 3074 5097 Ideo
3103 5051 3156 5095 et
3188 5058 3309 5096 cum
3347 5042 3436 5095 in-

1858 5140 2101 5209 genitum
2151 5148 2207 5194 et
2260 5138 2560 5209 procedens
2613 5136 2983 5207 hypostatiras
3071 5135 3435 5203 proprietates

1931 5313 2043 5386 (46)
2081 5312 2263 5386 Ibid.f.
2434 5328 2488 5365 a.
2534 5311 2697 5386 Ἐπεὶ.
2724 5309 2831 5378 γὰρ
2872 5307 3102 5386 Eminet;
3142 5307 3436 5386 πρόσωπον

1857 5384 1937 5437 ἐνί
1965 5401 2071 5436 τινι
2109 5382 2560 5461 μόνονρίδιὼματι-
2579 5379 2915 5461 συνίσταται..
2952 5378 2983 5449 ἢ
3015 5382 3080 5461 τῇ
3118 5378 3432 5461 τοῦἳγεννᾴν

1856 5456 1889 5525 ἢ
1920 5458 1985 5525 τῇ
2018 5448 2117 5505 τοῦ
2146 5448 2470 5530 προΰάρξέιιν
2498 5451 2760 5530 ὶδιόῖτητι.
2783 5448 3138 5530 συνίστασοαξ
3182 5448 3275 5530 τον
3323 5450 3434 5501 Πα-

1855 5517 1991 5595 οέέρᾶ
2024 5517 2239 5591 ἀνάγέη
2269 5540 2281 5554 ·
2325 5522 2458 5595 ἀλλὰ
2498 5517 2824 5595 Πατὴρᾴᾃ-ιᾲ
2870 5527 2928 5573 τὸ
2968 5520 3165 5595 γεννᾷν
3215 5517 3432 5595 λέγεται

1857 5588 1951 5650 κα).
1981 5588 2152 5649 ἔστινξ
2180 5588 2344 5646 Ὥστε
2382 5593 2441 5644 οὐ
2474 5594 2533 5645 τὸ
2578 5588 2901 5660 προϐάλλειν
2926 5591 3091 5644 αὑτοῦ
3113 5588 3180 5660 τὸ
3210 5588 3429 5660 «posui:

1858 5684 1959 5721 πον
1999 5667 2260 5736 συνιστᾷ·
2298 5662 2545 5736 μὴμόνίδξ
2578 5654 2708 5714 ἴδὶον
2737 5663 2831 5715 τοῦ
2856 5661 3076 5736 illas-pb;
3105 5654 3266 5730 μόνον
3299 5654 3432 5726 μηδὲ

1859 5736 2179 5791 συστατικδν
2200 5733 2307 5789 ὶςαϊ
2327 5734 2405 5805 τῷ
2443 5733 2692 5805 Υἱῷίὲστι
2721 5735 2916 5787 κοινόν.

1858 5879 1877 5934 f
1929 5807 2170 5933 ςέἒὺὸἰο
2194 5816 2251 5862 et
2288 5796 2501 5861 Marcus
2524 5796 2729 5876 'Ephes.
2773 5805 2978 5877 syllog;
3019 5802 3152 5858 Cod.
3184 5799 3328 5856 Bion.
3358 5796 3430 5852 9.7
