4008 6416
588 372 696 439 175

1723 385 1992 448 PHOTII
2025 387 2532 451 PATRIARCHAE
2573 390 2684 452 GP."

3755 386 3867 456 476

589 493 845 559 dicimus,
869 493 1162 550 essentiam
1185 495 1560 571 intelligimus,
1580 514 1700 569 qua:
1718 499 1771 554 in
1788 502 2008 571 speciali
2029 502 2177 572 inge-
2205 509 2250 564 Α
2281 503 2549 560 stantialis
2582 503 2828 561 Genitori
2855 514 2938 560 est
2984 521 2999 558 :
3045 503 3120 558 ita
3149 500 3387 573 Spiritus
3418 510 3648 559 sanctus
3669 503 3735 556 ἐγ
3760 502 3865 571 τῆς

592 585 718 650 niti,
752 586 920 656 geniti
947 599 1002 642 et
1034 588 1386 658 procedentis
1435 591 1712 661 hypostasi
1765 593 2167 651 consideratur.

590 677 778 748 Neque
815 679 960 734 enim
987 680 1040 734 in
1073 681 1248 736 nudas
1277 683 1641 752 proprietates
1665 685 1960 748 credimus,
1990 701 2171 756 neque

593 786 686 824 eas
709 760 978 826 esscnl'ias
1005 787 1310 845 segregare,
1345 776 1441 830 sed
1471 775 1617 831 circa
1661 779 1957 834 essentiam
1985 795 2171 851 segre-

595 863 703 928 gari
733 863 1055 918 conﬁtemur
1097 866 1232 934 (68).
1297 885 1316 918 ο
1354 865 1618 923 Similiter
1662 868 1887 937 Beccns,
1937 871 1974 926 1.
2013 889 2051 937 ι,
2089 875 2170 928 Ad

595 953 778 1011 Const.
803 970 852 1010 c.
887 957 917 1010 8
951 955 1099 1029 [255]
1137 958 1220 1028 (G.
1254 957 1315 1014 0.
1358 958 1425 1022 ll,
1453 960 1555 1015 160
1586 976 1678 1032 seq
1706 963 1725 1030 )
1772 979 1886 1016 rem
1946 966 2172 1034 exponit

594 1057 649 1101 et
690 1050 1086 1104 concordanter
1129 1051 1322 1122 reliqui
1365 1053 1590 1108 tradunt
1623 1073 1636 1110 :
1674 1055 1818 1126 quod
1850 1057 1896 1111 si
1930 1058 2170 1128 Spiritus

595 1151 677 1194 est
703 1157 768 1194 ex
799 1141 974 1198 Patris
1003 1144 1299 1213 liypostasi,
1335 1155 1419 1200 est
1455 1147 1616 1200 simul
1647 1163 1712 1203 ex
1759 1149 1879 1218 ejus
1909 1153 2166 1208 essentia.

665 1230 720 1284 9.
760 1232 1077 1302 Priusquam
1111 1250 1239 1288 vero
1275 1236 1496 1290 uberius
1528 1238 1704 1292 leiii
1727 1240 1949 1296 cﬂ‘atum
1979 1242 2168 1298 discu-

595 1324 780 1390 tiatur,
815 1343 1121 1382 conneitum
1154 1345 1278 1382 cum
1330 1329 1417 1383 his
1470 1331 1827 1400 plurimorum
1857 1333 2169 1390 Grtecorum

595 1417 853 1486 ell‘uginm
881 1419 1341 1474 considerandum
1370 1430 1476 1486 σε),
1507 1437 1616 1491 quo
1641 1423 1706 1477 ad
1729 1423 2011 1478 elidendos
2041 1441 2168 1480 suo-

593 1525 713 1563 rum
745 1509 962 1565 Patrum
1012 1522 1194 1568 textus
1251 1515 1353 1569 sibi
1410 1518 1718 1573 contrarios
1749 1533 1938 1573 eorum
1989 1528 2171 1574 tamen

591 1603 780 1657 verbis
803 1604 972 1658 coacti
1007 1607 1336 1673 concedunt,
1384 1608 1648 1679 Spiritum
1678 1625 1924 1665 sanetum
1952 1626 2071 1667 esse
2107 1627 2172 1666 ex

593 1695 816 1748 essentia
842 1694 996 1757 Filii.
1020 1699 1112 1752 sed
1143 1715 1207 1754 ex
1237 1701 1506 1770 hypostasi
1533 1702 1657 1756 Filii
1678 1718 1801 1758 esse
1822 1704 2172 1774 pertinaciter

593 1797 798 1858 negant
821 1790 956 1858 (49).
983 1789 1088 1846 Sed
1121 1793 1172 1846 id
1219 1793 1375 1847 irrito
1409 1805 1607 1848 conatu
1639 1795 1752 1850 ﬁeri
1787 1797 1991 1851 cordati
2015 1796 2171 1851 theo-

2276 598 2646 652 ινυποστάτου
2675 597 2770 650 τοῦ
2807 596 3024 666 Πατρὺς
3056 595 3273 664 φύσεως
3306 593 3396 650 διὰ
3425 595 3528 663 τῆς
3552 596 3862 649 ὲνυποστάο

2273 707 2371 749 του
2395 691 2492 743 τοῦ
2528 689 2662 743 Υἱοῦ
2683 690 2873 753 οὐσίας
2904 688 3276 760 processionis
3299 688 3460 742 modo
3492 688 3714 742 habens
3740 703 3862 743 esse

2278 783 2399 838 ideo
2429 781 2572 838 Patri
2596 791 2652 836 et
2671 779 2809 835 Filio
2833 779 3320 835 consubstantialis
3343 791 3428 834 est
3458 779 3570 849 (50)
3603 781 3683 848 (p.
3709 779 3859 848 495).

2274 872 2358 929 Cf.
2413 872 2629 928 Maxim.
2672 871 3032 944 Cbrysoberg.
3096 871 3172 925 De
3229 887 3374 940 proc.
3440 871 3632 940 Spirit.
3689 885 3857 928 sanet.

2276 980 2327 1022 c.
2362 965 2416 1020 5.
2473 956 2560 1034 (Ο.
2593 963 2657 1020 0.
2706 964 2775 1030 11,
2832 963 3015 1032 1086.)
3052 963 3320 1017 Praeterea
3375 979 3508 1018 sane
3561 975 3704 1026 erat.
3769 981 3864 1020 ουτ

2275 1066 2468 1112 contra
2497 1054 2867 1109 Eunomianos
2899 1069 2963 1108 ac
2992 1053 3415 1109 Macedonianos
3459 1055 3653 1108 Patres
3687 1056 3860 1110 incul-

2277 1156 2487 1211 carent,
2527 1145 2787 1216 Spiritum
2819 1154 3069 1199 sanctum
3109 1159 3236 1199 esse
3262 1162 3327 1199 ea;
3349 1147 3577 1200 essentia
3607 1145 3790 1201 Patris
3811 1156 3860 1201 et

2279 1239 2438 1303 Filii;
2470 1237 2728 1294 videlicet
2764 1252 2832 1291 ne
2875 1244 3123 1290 creatura
3173 1245 3492 1305 putaretur,
3538 1247 3598 1292 ut
3627 1238 3862 1292 consub-

2278 1329 2606 1385 stantialitas
2638 1344 2761 1382 cum
2795 1327 2955 1382 Patre
2977 1337 3032 1381 et
3055 1327 3189 1382 Filio
3222 1328 3639 1392 ostenderetur;
3677 1337 3858 1383 utnon

2278 1441 2347 1478 ex
2384 1439 2534 1477 mera
2574 1423 2857 1477 voluntate
2891 1421 3155 1492 originem
3203 1422 3412 1476 habens
3435 1433 3766 1491 appareret;
3801 1440 3858 1477 ex

2280 1515 2400 1570 Filii
2432 1514 2709 1587 hypostasi
2739 1529 2865 1569 eum
2901 1514 3120 1584 prodire
3154 1529 3220 1568 ac
3251 1529 3348 1584 per
3387 1513 3583 1568 Filium
3638 1529 3764 1569 esse
3793 1516 3857 1570 illi

2279 1609 2423 1662 ultro
2445 1617 2858 1664 concesserunt.
2896 1605 3029 1661 Rem
3062 1606 3627 1662 luculentertractant
3649 1605 3701 1661 J.
3732 1607 3859 1661 Bcc-

2276 1717 2394 1768 eus,
2425 1701 2488 1756 0.
2520 1701 2567 1764 Ι,
2606 1699 2683 1754 De
2715 1718 2840 1754 una.
2863 1702 3004 1754 Eccl.
3031 1717 3079 1756 c.
3107 1700 3176 1755 29
3207 1716 3324 1769 seq.
3345 1699 3510 1769 (0.0.
3532 1699 3573 1764 l,
3611 1701 3742 1765 144,
3767 1702 3859 1754 150

2283 1795 2423 1864 seq.)
2465 1804 2520 1848 et
2556 1793 2752 1863 Georg.
2791 1793 3192 1862 Trapezuntius
3221 1793 3319 1862 (ib.
3349 1810 3402 1862 p.
3437 1793 3564 1854 546.
3595 1793 3751 1862 547),
3775 1794 3856 1862 qui

594 1879 700 1951 logi
734 1881 1134 1938 demonstrant.
1172 1885 1248 1939 Ac
1280 1889 1457 1956 primo
1483 1889 1700 1951 cvinde,
1743 1889 1908 1959 quod,
1941 1897 1998 1943 ut
2032 1889 2171 1943 dixi-

2275 1882 2532 1942 advertit.
2575 1883 2773 1936 merito
2817 1882 2873 1936 in
2908 1881 3131 1936 Patrum
3169 1883 3390 1953 scriptis
3433 1884 3728 1946 inculcari,
3763 1884 3856 1951 φύ-

594 1987 738 2037 mus,
769 1973 1076 2043 hypostasis
1100 1976 1166 2030 ab
1196 1979 1428 2032 essentia
1467 1989 1522 2034 et
1549 1980 1782 2035 essentia
1805 1981 1872 2035 ab
1896 1981 2168 2052 hypostasi

595 2062 778 2132 reipsa
809 2067 1048 2139 θερειτυὶ
1083 2069 1290 2137 nequit.
1325 2089 1344 2121 ι
1388 2070 1487 2136 Qui
1523 2086 1592 2125 ex
1625 2082 1817 2126 natura
1847 2082 1902 2128 et
1931 2075 2168 2129 essentia

593 2153 736 2218 Filii,
771 2156 846 2210 ait
874 2158 1138 2228 Georgius
1179 2160 1576 2231 Trapezuntius
1624 2164 1722 2234 (De
1758 2182 1863 2218 una
1915 2164 1972 2220 S.
2018 2166 2166 2221 Eccl.

592 2264 644 2305 c.
697 2250 762 2314 5;
821 2251 883 2307 G.
949 2251 1015 2306 0.
1068 2253 1109 2318 l,
1171 2255 1315 2318 545,
1368 2257 1503 2318 544,
1576 2260 1773 2312 asserit
1827 2257 2168 2314 Paracletum

591 2343 912 2410 procedere,
977 2359 1044 2398 ex
1097 2345 1209 2413 ipsa
1249 2345 1525 2417 li-ypostasi
1563 2349 1683 2402 Filii
1736 2351 1952 2404 asserit.
2016 2351 2169 2407 llaud

591 2433 736 2488 enim
762 2433 842 2488 fas
865 2444 967 2499 est,
1001 2437 1320 2507 liypostases
1353 2440 1529 2493 nudas
1558 2441 1765 2510 absque
1790 2453 1981 2496 natura
2011 2443 2170 2512 (ὑπο-

592 2529 812 2592 στάσεις
834 2528 996 2597 ψιλὰς
1026 2531 1195 2601 χωρὶς
1227 2531 1462 2603 φύσεως)
1493 2535 1784 2604 concipere
1804 2577 1818 2601 ,
1861 2551 2036 2606 neque
2069 2551 2171 2590 na-

589 2628 766 2673 turam
791 2620 908 2674 sine
946 2621 1218 2692 hypostasi
1255 2624 1417 2692 φύσιν
1442 2627 1864 2699 ἀνυπόστατον),
1921 2629 2170 2683 absolute

589 2709 642 2763 in
690 2712 944 2766 omnibus
981 2723 1035 2768 et
1075 2713 1128 2766 in
1175 2712 1284 2768 Deo
1313 2715 1451 2786 ipso.
1494 2736 1511 2768 ι
1552 2716 1618 2772 Ει
1665 2735 1879 2774 rursum
1911 2721 2038 2775 alibi
2081 2721 2169 2786 (ad

588 2799 748 2856 Joan.
785 2803 1011 2859 Cubocl.
1040 2821 1091 2860 c.
1122 2807 1174 2858 11
1204 2823 1218 2869 ;
1256 2806 1329 2860 ib.
1381 2824 1434 2878 p.
1462 2808 1588 2874 490,
1615 2809 1740 2877 491)
1779 2827 1792 2864 :
1829 2829 1848 2862 ι
1895 2810 2170 2881 Quidquid

591 2905 885 2964 generatur
928 2897 1288 2967 proceditque
1329 2899 1380 2952 in
1426 2900 1826 2965 exsistentiam,
1869 2900 2020 2974 [9.36]
2076 2913 2170 2957 aut

592 2997 679 3041 est
705 3003 772 3042 ex
800 2989 1072 3058 bypostasi
1107 2999 1340 3056 tantum,
1373 3008 1478 3061 qua
1515 2992 1821 3062 hypostasis
1843 3002 1948 3058 est,
1977 3003 2072 3048 aut
2103 3011 2168 3049 ex

594 3080 833 3134 essentia
861 3090 916 3134 et
947 3091 1136 3135 natura
1159 3091 1389 3147 tantum,
1422 3092 1476 3138 et
1501 3085 1706 3155 absque
1732 3087 2009 3157 bypostasi
2035 3103 2169 3142 con-

595 3172 854 3239 siderata,
882 3182 975 3226 aut
1001 3189 1066 3227 ex
1097 3185 1346 3244 utraque,
1381 3192 1446 3231 ex
1478 3183 1674 3232 natura
1713 3179 1829 3234 scil.
1861 3180 1945 3234 vel
1975 3194 2169 3235 essen-

595 3265 694 3326 tia,
735 3282 854 3334 qua:
883 3265 937 3318 in
963 3266 1235 3336 hypostasi
1261 3279 1411 3323 estet
1445 3270 1498 3323 in
1533 3269 1811 3342 hypostasi
1842 3275 2168 3343 concipitur.

593 3354 907 3410 Secundum
975 3374 1154 3426 neque
1211 3359 1379 3414 Grzeci
1441 3361 1541 3431 ipsi
1598 3362 1874 3430 dixerint;
1942 3383 2172 3437 namque

594 3447 912 3514 absurdum,
950 3460 1009 3505 ut
1052 3451 1291 3518 videtur,
1345 3457 1683 3520 existimant,
1732 3459 1874 3526 quod
1919 3459 2046 3514 inde
2092 3475 2179 3513 se-

595 3542 818 3610 quitur;
854 3545 1099 3614 ejusdem
1140 3547 1410 3615 siquidem
1441 3559 1650 3603 naturaa
1673 3550 1913 3606 Trinitas
1941 3556 2176 3608 confun—

593 3634 835 3699 deretur,
865 3639 1003 3692 adeo
1030 3647 1090 3693 ut
1122 3655 1189 3694 ex
1225 3641 1402 3694 tribus
1451 3645 1902 3713 unumquodque,
1936 3655 1990 3700 et
2023 3661 2088 3700 ex
2118 3662 2178 3702 se

594 3726 714 3797 ipso
746 3735 802 3780 et
851 3743 916 3781 ex
947 3729 1069 3783 aliis
1099 3741 1277 3797 esset;
1335 3741 1733 3802 proptereaque
1763 3750 1827 3787 ex
1869 3735 2174 3806 liypostasi’,

594 3835 702 3888 qua
752 3819 1060 3890 hypostasis
1104 3832 1208 3884 est,
1240 3817 1294 3894 (ἦ
1334 3825 1656 3892 ὑπόστασις)
1695 3827 2006 3883 existimant
2055 3845 2177 3885 esse

596 3914 898 3983 procedens
935 3925 992 3968 et
1043 3928 1383 3984 generatum.
1449 3920 1564 3972 Heu
1608 3921 1919 3974 vesaniam!
1965 3923 2176 3977 Etenim

596 4003 643 4057 si
688 4003 1014 4074 hypostasis,
1061 4021 1166 4074 qua
1221 4007 1526 4076 hypostasis
1587 4020 1692 4073 est,
1743 4021 1966 4081 generat
2016 4024 2178 4084 atque

597 4093 876 4162 producit,
925 4092 1031 4147 erit
1076 4111 1140 4148 ex
1194 4095 1472 4166 hypostasi
1513 4097 1824 4167 bypostasis
1875 4100 2175 4154 secundum

598 4185 741 4239 idem
781 4186 924 4252 (κατ’
955 4185 1137 4250 αὑτό),
1189 4197 1244 4241 et
1290 4188 1368 4242 sic
1408 4205 1517 4242 non
1559 4198 1722 4244 erunt
1781 4192 1894 4245 haec
1931 4202 2175 4258 naturas,

598 4277 694 4332 sed
726 4277 1128 4348 hypostasis....
1166 4279 1350 4334 Sancti
1382 4297 1511 4335 vero
1533 4282 1792 4337 tradunt:
1818 4282 1971 4338 Sicut
2004 4284 2174 4340 Filius

598 4371 662 4422 ὲκ
686 4369 788 4439 τῆς
828 4371 1193 4423 ὲνυποστάτου
1226 4371 1439 4440 φύσεως
1479 4373 1574 4426 τοῦ
1611 4374 1822 4445 (largi);
1862 4376 1957 4429 καὶ
1990 4376 2179 4440 οὐσίας

598 4463 816 4533 genitus
850 4463 1120 4518 cxsistens
1156 4463 1278 4518 ideo
1313 4465 1593 4534 generanti
1647 4467 1816 4522 Filius
1849 4479 1908 4522 et
1935 4469 2177 4523 consub-

691 4637 779 4710 48)
815 4637 1016 4710 Οὐσίαν
1048 4639 1147 4708 μὲν
1175 4639 1284 4708 γὰρ
1312 4641 1406 4693 καὶ
1441 4639 1600 4709 φύσιν
1626 4641 1796 4710 χωρὶς
1818 4641 2168 4704 ὑποστάσεως

595 4707 1032 4778 καθολικώτερον
1052 4707 1206 4762 νοεῖν
1237 4707 1462 4764 δυνατόν
1488 4728 1500 4740 °
1532 4707 1736 4764 διοκαὶ
1761 4711 1908 4763 δοκεί
1936 4729 2045 4764 τισι
2071 4729 2171 4764 κα-

597 4778 752 4832 θόλου
786 4779 1112 4847 ὑφίστασθαι
1142 4797 1154 4810 °
1185 4782 1482 4834 ὑπόστασιν
1515 4782 1571 4834 δὲ
1608 4782 1800 4848 νοῆσαί
1831 4799 1888 4833 τε
1929 4782 2019 4833 καὶ
2045 4785 2168 4834 εἱπ-

595 4855 675 4904 εῖν
717 4849 789 4920 μὴ
811 4851 1202 4919 συννοουμένης
1229 4851 1259 4919 ἢ
1294 4853 1386 4903 κα).
1420 4853 1825 4920 προνοουμένης
1853 4853 1952 4919 τῆς
1981 4853 2170 4915 οὐσίας

595 4937 656 4974 τε
687 4923 782 4974 καὶ
812 4921 914 4983 τῆς
958 4921 1174 4988 φύσεως
1202 4923 1376 4990 πάντῃ
1409 4921 1687 4974 ἀδύνατον.
1716 4921 1804 4974 Διὸ
1827 4923 1919 4973 καὶ
1947 4924 2074 4974 ὅταν
2110 4923 2170 4974 τὸ

595 4992 887 5060 ἀγέννητον
913 4994 1006 5044 οιαὶ
1037 4992 1364 5058 ἐκπορευτὸν
1396 4991 1763 5052 ὑποστατικόις
1793 4992 2060 5060 ἰδιότητας
2087 4993 2173 5046 λέ-

595 5077 804 5133 γωμεν,
840 5068 940 5126 τὴν
982 5066 1037 5115 ἐν
1068 5062 1205 5130 ἰδικῇ
1236 5063 1532 5133 ὑποστάσει
1569 5062 1952 5133 θεωρουμένην
1983 5063 2170 5116 οὐσίαν

594 5132 854 5202 νοοῦμεν,
894 5134 964 5202 Οὐ
1000 5133 1107 5200 γὰρ
1155 5136 1233 5193 εἰς
1286 5132 1447 5200 ψιλὰς
1499 5133 1764 5201 ἰδιότητας
1819 5132 2168 5202 πιστεύομεν,

597 5201 992 5274 οὐδὲν-μοὺσίας
1045 5202 1330 5274 ἀφορίζειν
1376 5203 1570 5269 ταῦτα,
1619 5204 1755 5257 ἀλλὰ
1807 5206 1934 5274 περὶ
1982 5201 2170 5257 οὐσίαν

597 5269 959 5342 ἀφορίζεσθαι
999 5269 1393 5342 ὁμολογοῦμεν.

674 5341 782 5408 (49)
816 5341 1155 5408 Ρ1ιοιίιιεοβ.
1185 5344 1251 5396 ad
1295 5343 1523 5396 Zachar.
1563 5343 1922 5398 Armenorum
1957 5344 2170 5401 Catbol.

597 5411 742 5480 (Lat.
775 5415 918 5483 apud
953 5412 1050 5465 Mai
1086 5411 1269 5479 Spicil.
1313 5413 1460 5466 Rom.
1495 5415 1556 5472 Χ,
1593 5413 1654 5472 li.
1694 5431 1746 5483 p.
1779 5415 1902 5476 456)
1933 5417 2046 5470 lucc
2075 5419 2173 5470 lia-

597 5483 689 5537 bet
721 5505 732 5537 :
766 5503 782 5533 ι
817 5482 1053 5549 Spiritus
1079 5495 1298 5537 sanctus
1327 5485 1539 5537 Patrem
1565 5482 1868 5552 Filiunique
1893 5485 2170 5552 glorilicat,

597 5554 800 5622 quippe
824 5553 913 5622 qui
940 5554 1002 5605 de
1031 5553 1240 5604 illorum
1270 5555 1563 5606 substantia
1599 5555 1871 5622 accipiens
1899 5566 2175 5611 creaturas

599 5625 845 5678 innovat.
886 5644 902 5675 ι
949 5623 1198 5676 Fortasse
1236 5626 1334 5678 hoc
1381 5625 1588 5679 dictum
1625 5629 1816 5678 eodem
1871 5627 2032 5678 modo
2069 5641 2176 5693 quo

598 5697 929 5764 posteriores
973 5693 1144 5749 Gra'ci
1212 5693 1520 5758 intellexit;
1570 5696 1848 5763 probabile
1911 5706 1994 5749 est
2051 5712 2176 5750 eum

596 5766 662 5836 ad
697 5767 964 5820 Armenas
1010 5765 1361 5836 scribentem.
1399 5767 1490 5834 qui
1526 5766 1628 5836 hoc
1671 5767 1722 5819 in
1769 5767 2018 5836 dogmate
2052 5782 2178 5820 cum

600 5835 844 5892 ltomana
885 5834 1118 5891 Ecclesia
1159 5836 1466 5891 sentiebant
1507 5835 1665 5908 (Vide
1712 5834 2176 5895 Tscliamtschcan

2205 4562 2256 4621 D

2275 1992 2357 2026 σει
2386 1974 2581 2028 Filium
2637 1989 2704 2028 ex
2750 1975 2908 2028 Patre
2940 1990 3062 2028 csse
3111 1985 3166 2028 et
3211 1975 3536 2044 κατὰφύσιν
3594 1976 3854 2046 Spiritum

2289 2065 2426 2138 ¹257]
2458 2083 2525 2120 ex
2574 2066 2731 2120 Patre
2765 2075 2820 2119 et
2867 2065 3026 2129 Filio.
3071 2077 3132 2121 ut
3176 2068 3519 2130 ostendatur,
3573 2068 3654 2126 ὡς
3699 2071 3852 2139 οὺχή

2275 2159 2534 2230 βούλησις
2564 2159 2736 2219 αἰτία,
2761 2159 2874 2212 ἀλλ’
2923 2162 2956 2231 ἡ
2989 2160 3195 2230 φυσικὴ
3220 2161 3448 2231 δύναμις
3479 2163 3682 2215 ἐνοῦσα
3714 2161 3854 2232 ἄλλῳ

2277 2250 2377 2320 μὲν
2398 2251 2588 2321 τρόπῳ
2617 2252 2763 2322 μόνῳ
2796 2251 2872 2322 τῷ
2901 2252 3098 2322 Πατρὶ,
3123 2251 3203 2322 τῷ
3235 2254 3376 2306 κατὰ
3406 2254 3687 2324 γέννησιν,
3715 2255 3851 2324 ἄλλῳ

2271 2343 2331 2396 δὲ
2358 2343 2535 2412 Πατρὶ
2563 2342 2700 2412 ὁμοῦ
2734 2344 2825 2396 καὶ
2862 2343 2975 2414 Υἱῷ
3003 2345 3082 2415 τῷ
3112 2345 3234 2398 κατ’
3261 2346 3613 2417 ὲκπόρευσιν.
3655 2345 3851 2401 Deinde

2274 2438 2437 2491 tertio
2469 2438 2766 2492 ostendunt
2819 2438 3078 2508 theologi,
3143 2439 3580 2508 prepositioncm
3638 2441 3706 2493 ὲκ
3756 2442 3850 2508 τῆς

2271 2527 2460 2590 οὐσίας
2485 2529 2581 2581 τοῦ
2634 2529 2764 2582 Υἱοῦ
2807 2545 2928 2583 csse
2965 2528 3252 2598 Spiritum,
3306 2547 3412 2585 non
3462 2547 3529 2586 eo
3577 2533 3849 2602 pertinere

2271 2634 2374 2674 nec
2403 2618 2565 2674 unice
2592 2635 2695 2674 nec
2722 2620 3115 2689 principaliter,
3138 2630 3200 2674 ut
3221 2621 3849 2676 consubstantialisFilio

2273 2711 2601 2766 declaretur.
2655 2710 2812 2776 Nam,
2850 2721 2911 2766 ut
2945 2721 3092 2767 recte
3139 2713 3382 2782 disputat
3429 2713 3639 2768 Beccus
3666 2731 3754 2784 ep.
3784 2714 3844 2768 ad

2271 2802 2534 2872 Agallian.
2571 2802 2655 2872 (G.
2691 2801 2758 2856 0.
2802 2801 2840 2862 I.
2882 2802 2988 2857 560
3021 2801 3186 2871 seq.),
3218 2802 3477 2857 dill'erunt
3511 2805 3742 2858 omnino
3773 2805 3846 2858 ha:

2273 2895 2721 2967 propositiones:
2779 2893 2975 2948 Paulus
3005 2902 3087 2950 est
3145 2895 3389 2962 eiusdem
3457 2903 3678 2950 natura:
3729 2911 3845 2950 cum

2275 2989 2457 3054 Petro,
2485 2995 2541 3044 et
2568 2989 2768 3042 Paulus
2819 2997 3007 3042 estex
3060 2986 3208 3042 Petri
3257 2988 3532 3052 essentia;
3586 2992 3847 3057 posterior

2273 3082 2408 3137 dicit
2474 3081 2620 3136 Pauli
2678 3091 2960 3151 parentem
3006 3079 3269 3144 Petrum,
3329 3080 3480 3150 prior
3522 3095 3636 3134 non
3699 3081 3843 3136 item.

2197 3215 2244 3276 Ο
2276 3173 2393 3229 Duo
2445 3174 2648 3246 angeli,
2705 3174 2826 3230 dua:
2866 3173 3064 3228 animae
3119 3171 3223 3227 sibi
3287 3182 3419 3226 sunt
3481 3175 3843 3228 consubstan-

2279 3264 2468 3330 tiales;
2534 3280 2710 3334 neque
2773 3272 2951 3318 tamen
3011 3278 3154 3318 unus
3206 3264 3434 3333 angelus
3489 3278 3559 3318 ex
3613 3265 3845 3318 essentia

2276 3357 2502 3411 alterius
2529 3355 2704 3426 angeli
2725 3355 2808 3408 vel
2834 3355 3013 3408 anima
3047 3370 3115 3408 ex
3139 3355 3378 3409 essentia
3405 3354 3638 3409 alterius
3659 3357 3844 3410 anima

2277 3464 2396 3504 esse
2445 3449 2551 3503 dici
2599 3449 2685 3502 vel
2715 3448 2944 3519 cogitari
2977 3457 3175 3518 potest.
3212 3448 3471 3512 Accedit,
3495 3449 3647 3519 quod
3679 3450 3724 3504 si
3782 3450 3847 3503 ita

2278 3557 2366 3595 res
2421 3557 2479 3596 se
2513 3540 2760 3605 haberet,
2815 3551 2870 3594 et
2911 3540 2948 3594 F
2956 3541 3078 3595 ilius
3108 3557 3172 3596 ex
3204 3541 3442 3595 essentia
3495 3541 3759 3611 Spiritus,
3800 3550 3848 3595 et

2277 3633 2439 3690 Pater
2483 3650 2549 3688 ex
2597 3633 2834 3689 essentia
2870 3632 2997 3688 Filii
3042 3648 3163 3688 esse
3216 3633 3484 3688 dicendus
3516 3632 3680 3696 foret,
3716 3631 3850 3702 quod

2279 3743 2442 3782 nemo
2489 3737 2670 3782 tamen
2712 3727 2970 3791 admittit,
3007 3727 3244 3782 Rursum
3279 3744 3346 3782 ex
3379 3727 3636 3782 Patribus
3666 3727 3848 3782 iisdem

2280 3828 2455 3890 patet,
2512 3833 2683 3888 penes
2726 3833 2821 3873 eos
2871 3818 3014 3873 idem
3068 3835 3189 3874 esse
3237 3818 3422 3874 dicere
3473 3835 3540 3874 ex
3576 3821 3738 3883 Filio,
3789 3834 3848 3873 ex

2280 3927 2512 3982 persona
2545 3911 2701 3976 Filii,
2734 3927 2800 3965 ex
2844 3914 3083 3967 essentia
3132 3911 3286 3978 Filii;
3321 3913 3437 3966 lucc
3479 3926 3850 3983 saepenumero

2281 4015 2394 4060 tum
2443 4005 2851 4075 coniunguntur
2913 4012 3026 4057 tum
3096 4015 3494 4060 convertuntur
3567 4007 3707 4077 (5|).
3762 4006 3850 4060 Po-

2277 4106 2486 4151 stremo
2543 4095 2895 4165 perspicuum
2951 4102 3074 4159 est,
3127 4093 3325 4148 Filium
3369 4110 3492 4148 esse
3554 4112 3624 4150 ex
3686 4096 3848 4152 Patris

2279 4189 2517 4244 essentia
2554 4193 2610 4242 et
2656 4186 2816 4242 simul
2857 4201 2924 4240 ex
2971 4185 3148 4240 Patris
3207 4200 3464 4254 persona,
3520 4186 3684 4240 modo
3729 4187 3847 4240 illud

2251 4315 2254 4320 -
2279 4283 2442 4337 modo
2459 4281 2563 4336 hoc
2587 4279 2954 4351 pronuntiari,
2979 4289 3270 4347 utrumque
3306 4277 3468 4332 etiam
3493 4278 3655 4332 simul
3679 4298 3693 4341 ;
3719 4279 3846 4332 idem

2280 4375 2510 4446 proinde
2561 4372 2877 4436 dicendum,
2927 4371 2972 4425 si
3027 4365 3291 4440 Spiritum
3346 4387 3412 4425 ex
3460 4372 3702 4426 essentia
3743 4370 3846 4424 Filii

2281 4482 2404 4522 esse
2438 4465 2710 4520 audimus.
2742 4463 2827 4518 Cf.
2860 4462 3090 4517 Beccum
3111 4461 3186 4516 De
3222 4478 3348 4515 una.
3377 4461 3524 4518 Eccl.
3563 4477 3615 4518 c.
3651 4462 3721 4516 9.9
3741 4477 3845 4531 seq.

2275 4637 2410 4692 Hist.
2469 4635 2685 4690 Armen.
2738 4634 2830 4696 111,
2868 4649 2922 4702 p.
2968 4632 3073 4687 231i
3117 4642 3174 4686 et
3228 4631 3576 4702 Avedichian
3605 4630 3774 4700 Sopra
3803 4631 3847 4683 la

2271 4707 2596 4780 processione
2641 4705 2783 4780 dello
2816 4701 3012 4771 Spiritu
3043 4701 3481 4780 sarito,n\’enezia
3522 4701 3708 4771 l82i).
3731 4703 3848 4780 _c:d-

2273 4772 2378 4832 lide
2420 4780 2521 4832 hac
2547 4776 2897 4844 cxprcssioue
2930 4791 3086 4828 suum
3129 4775 3196 4826 de
3223 4772 3425 4840 Spiritu
3457 4781 3650 4844 sancto
3693 4773 3849 4841 placi-

2273 4859 2388 4903 tum
2439 4843 2744 4902 occuluisse
2794 4855 2851 4899 et
2901 4845 3206 4909 obvelasse,
3235 4859 3303 4896 nc
3332 4845 3396 4897 ad
3433 4843 3696 4897 unionem
3737 4857 3848 4896 cum

2273 4919 2514 4975 Ecclesia
2555 4915 3152 4981 Constantitmpolituna
3201 4914 3521 4968 sollicitatos
3585 4912 3848 4968 liwrescos

2275 4991 2714 5045 numil‘estationc
2748 4988 3070 5040 deterreret.

2347 5061 2456 5130 (50)
2484 5060 2573 5112 Sic
2605 5057 2869 5130 Georgius
2906 5056 3154 5130 Cyprius,
3200 5054 3503 5130 Demetrius
3542 5057 3848 5130 Crysolaras

2273 5127 2472 5200 aliique
2509 5130 2650 5198 apud
2686 5127 3051 5200 Beccum_l._i
3092 5127 3158 5180 ad
3189 5127 3476 5200 Gons‘t_._‘et
3522 5127 3666 5182 orat.
3724 5129 3756 5180 Ξ
3801 5131 3845 5180 in

2276 5195 2410 5256 toni.
2451 5195 2628 5270 Cyprii
2682 5200 2768 5268 (G.
2799 5200 2860 5270 Ο,
2907 5195 2968 5259 ll,
3004 5196 3108 5249 151)
3143 5214 3256 5265 seq.
3315 5196 3444 5270 2.54)
3492 5208 3548 5252 et
3602 5200 3846 5252 Allatium

2275 5272 2467 5327 Contra
2495 5269 2734 5340 IIotting.
2775 5286 2828 5339 p.
2851 5269 2973 5327 551,
3005 5269 3588 5340 ει11ιηϊιιε-Ιίριισείυς
3617 5270 3672 5323 in
3701 5284 3845 5321 conc.

2274 5341 2518 5397 Florcnt.
2552 5336 2700 5395 sess:
2728 5336 2790 5392 18
2816 5349 2870 5392 et
2904 5341 2988 5390 19.
3019 5339 3208 5405 (Ilard.
3244 5336 3335 5395 l.\'.
3369 5338 3494 5400 “208,
3523 5339 3676 5400 209).

2348 5414 2458 5483 (at)
2489 5412 2579 5466 Sic
2611 5429 2672 5483 v.‘
2701 5427 2751 5480 g.
2789 5409 3149 5483 Cyrillu_s_lib.
3188 5408 3254 5472 ll,
3284 5407 3436 5483 Thes.
3471 5413 3582 5483 (ap.
3617 5407 3842 5483 ANicepli.

2277 5479 2448 5539 Blein.
2479 5493 2617 5537 orat.
2653 5479 2716 5546 2,
2749 5497 2797 5535 c.
2840 5479 2893 5535 6.
2933 5479 3256 5533 ULBeccnin
3298 5479 3468 5549 cpigr.
3509 5479 3548 5543 l,
3601 5480 3666 5535 G.
3713 5479 3778 5534 0.
3807 5479 3839 5541 Ι,

2275 5555 2480 5630 47;",
2513 5553 2648 5630 359.8,
2697 5551 2852 5630 5‘29);
2917 5550 3162 5630 ’βνάἴκη
3215 5550 3434 5630 riphra-
3482 5550 3709 5630 Πνεῦμα
3757 5549 3840 5630 τῇς

2276 5619 2474 5688 οὐσίας
2505 5626 2773 5696 ὑπάρχειν
2807 5619 3110 5696 ’ὁμολογεῖν
3157 5620 3267 5696 τοῦ-
3309 5619 3436 5696 Υἱοιῖ
3472 5634 3484 5647 ·
3522 5621 3600 5696 ὡς
3651 5620 3755 5690 γὰρ
3788 5619 3838 5696 ἐς

2279 5685 2814 5763 αὐτοῦ’κατὸίξρὐσιν
2847 5685 3090 5761 ὑπάρχον
3121 5691 3216 5744 καὶ
3255 5685 3685 5763 επὶ-τὴνοιτίσιν
3723 5685 3834 5758 ’ἕταρ’

2279 5765 2443 5824 αὑτοῦ
2467 5760 2822 5836 πεμπόμενον
2848 5763 2940 5818 τὸν
2965 5760 3322 5832 ἐγκαινισμον
3352 5760 3680 5832 ἐργάζεται.
