4008 6406
205 477 317 546 ΓΠ

892 470 992 538 DE
1031 471 1092 532 s.
1134 467 1328 528 SPIR.
1371 456 1878 523 MYSTAGOGIA.
1915 479 1978 491 —
2005 412 2738 524 ANIMADVERSIONES

3381 431 3488 496 473

201 591 316 657 6i;
353 597 494 645 orat.
519 587 576 653 2,
605 586 663 640 in
691 593 826 640 tom.
873 581 1038 654 Cypr.
1081 599 1132 637 c.
1178 577 1212 632 4
1239 591 1357 645 seq.
1414 580 1526 628 tota
1571 570 1788 640 epigra-
1821 568 1869 625 A
1896 563 2163 635 Spiritus;
2194 562 2289 618 sed
2321 562 2426 616 hoc
2462 575 2566 614 nec
2589 570 2756 612 ausus
2779 559 2864 609 est
2901 565 3006 608 nec
3029 546 3252 604 audebit
3277 545 3478 616 aliquis

200 683 322 754 phe
353 681 420 736 12
453 677 544 750 (G.
581 676 645 734 Ο.
678 674 720 741 l,
757 672 860 729 114
894 688 1040 742 seq.,
1075 667 1183 724 208
1217 682 1356 735 seq.,
1395 662 1440 718 ll
1496 660 1601 716 9.57
1652 674 1796 728 seq.,

206 749 323 831 ea
352 749 496 844 seq.)
547 770 804 826 Allatium
855 765 1074 820 Enchir.
1124 777 1176 817 c.
1213 760 1276 814 δ’.
1317 774 1373 829 ρ.
1435 762 1503 827 ιη’
1555 768 1672 822 seq.
1709 749 1801 806 .lo.

206 843 504 924 Theolain
527 880 684 920 conc.
721 863 866 918 Flor.
904 873 1039 915 sess.
1070 857 1137 912 19
1180 851 1366 924 (Hard.
1396 847 1490 910 IX,
1518 863 1574 918 p.
1609 843 1714 898 9.17
1751 850 1806 898 et

211 960 410 1031 saepe).
456 958 772 1024 Disputarat
808 951 1075 1034 Qeorgius
1103 945 1334 1018 Cyprius
1363 939 1528 1012 (apud
1572 938 1806 994 Beccum

216 1029 392 1111 GIO.
449 1052 515 1117 ιι,
556 1029 839 1114 235,251,
877 1043 1004 1114 εδδ)
1055 1043 1204 1097 hunc
1253 1038 1309 1093 in
1353 1034 1573 1090 modum
1608 1051 1622 1087 ε
1654 1029 1812 1086 Com-

218 1146 410 1202 munis
450 1142 602 1217 [238’1
652 1138 892 1197 essentia
937 1153 1048 1193 non
1096 1143 1182 1190 est
1220 1145 1385 1188 causa
1433 1129 1810 1197 hypostaseos,

223 1256 356 1296 cum
381 1253 560 1307 neque
586 1243 812 1304 generet
839 1245 1014 1301 neque
1043 1228 1310 1299 producat
1339 1235 1604 1291 unquam,
1623 1230 1814 1272 verum

228 1330 472 1386 essentia
529 1344 653 1382 cum
715 1321 1147 1396 preprietatibus
1202 1317 1269 1390 (ἡ
1331 1316 1448 1386 μετ’
1509 1309 1817 1379 ἰδιωμάτων

229 1423 442 1486 οὐσία),
473 1439 594 1492 qua:
621 1421 796 1490 ipsam
841 1414 1160 1488 hypostasin
1195 1417 1369 1466 notat.
1403 1408 1573 1462 Porro
1608 1403 1819 1458 Beccus

234 1517 291 1572 id
326 1517 559 1570 libenter
587 1511 857 1574 admittit;
907 1521 1102 1563 verum
1145 1505 1303 1575 petit,
1354 1516 1422 1555 an
1472 1497 1621 1552 solus
1659 1493 1822 1548 Pater

236 1608 479 1664 essentia
500 1621 623 1662 cum
640 1607 976 1674 proprietate
1002 1596 1287 1652 habendus
1308 1593 1408 1657 sit;
1433 1591 1487 1646 id
1513 1589 1558 1646 si
1589 1586 1823 1642 allirme-

237 1713 333 1758 tur
371 1698 692 1756 universim.
726 1709 963 1766 pugnam
989 1706 1112 1747 cum
1157 1689 1378 1744 Patrum
1419 1682 1667 1740 doctrina
1702 1694 1825 1734 esse

236 1802 532 1864 apertam;
571 1789 616 1844 si
651 1803 782 1843 vero
808 1781 1149 1856 producendi
1186 1779 1495 1851 proprietas
1534 1773 1631 1830 uni
1674 1771 1825 1826 Patri

238 1886 580 1950 vindicetur,
615 1881 782 1953 gratis
803 1880 910 1935 hoc
939 1876 1164 1933 omnino
1203 1871 1438 1943 supponi
1481 1885 1545 1924 ac
1574 1868 1694 1923 sine
1719 1865 1827 1920 ullo

242 1978 568 2037 testimonio
625 1973 937 2031 traditionis
984 1970 1080 2039 (εἴ.
1131 1967 1160 2039 §
1212 1967 1246 2022 5
1292 1963 1458 2032 seq.).
1537 1959 1830 2021 Praeterea,

241 2070 448 2141 arguit,
477 2068 607 2123 dum
637 2062 956 2121 conceditur
1004 2058 1268 2130 Spiritum
1304 2069 1427 2110 esse
1483 2067 1552 2107 ex
1596 2048 1832 2105 essentia

245 2164 396 2228 Filii,
432 2170 491 2216 ut
512 2177 576 2216 ex
599 2157 836 2215 essentia
861 2154 1057 2216 Patris,
1081 2149 1320 2208 essentia
1345 2162 1476 2203 vero
1506 2144 1685 2200 Patris
1709 2157 1833 2197 cum

249 2255 595 2328 proprietate
655 2251 749 2306 hic
801 2247 1151 2318 intelligitur,
1205 2243 1374 2298 etiam
1429 2237 1669 2294 essentia
1715 2233 1837 2289 Filii

253 2327 378 2420 ξιξ-ε’
407 2346 698 2416 ἰδιώματος
747 2339 972 2413 cogitari
1002 2338 1182 2400 debet,
1236 2349 1359 2404 quae
1397 2340 1481 2386 est
1509 2327 1838 2401 hypostasis,

255 2450 321 2497 ut
350 2441 428 2495 ait
455 2440 569 2509 ipse
593 2434 962 2492 adversarius.
985 2432 1174 2500 Neque
1199 2425 1520 2488 dicendum,
1549 2423 1657 2476 alio
1673 2435 1840 2476 sensu

255 2534 366 2590 dici
399 2533 458 2598 ἐξ
479 2531 667 2594 οὐσίας
697 2528 792 2583 τοῦ
818 2525 1054 2596 Πατρὸς,
1080 2522 1186 2578 alio
1215 2518 1276 2584 ἐξ
1316 2518 1506 2581 οὐσίας
1548 2515 1643 2569 τοῦ
1683 2512 1840 2577 Υἱοῦ,

260 2629 475 2695 hocque
505 2623 775 2694 posterius
801 2621 868 2676 ad
894 2619 1161 2673 unitatem
1189 2611 1442 2669 essentia:
1460 2607 1843 2671 referendum;

1903 654 2105 710 dicere.
2133 654 2404 708 Praaterea
2427 665 2552 707 cum
2582 645 2821 702 essentia
2854 659 2958 698 nec
2989 645 3213 714 generet
3243 653 3347 692 nec
3377 635 3494 704 spi-

1905 754 2010 811 ret,
2039 744 2341 802 secundum
2361 742 2664 812 theologos,
2691 737 2822 792 item
2852 735 3020 791 etiam
3041 730 3339 788 secundum
3370 728 3496 798 plno

1906 839 2165 910 losophos
2206 838 2284 908 (et
2328 836 2432 906 ipsi
2485 835 2630 889 enim
2663 831 2865 900 ubique
2908 827 3101 882 dicunt
3148 822 3500 895 operationes

1911 934 2320 990 individuorum
2349 945 2489 994 esse,
2524 944 2637 982 non
2669 921 3060 980 universalium
3100 927 3156 974 et
3212 929 3497 988 generum.

1912 1025 1999 1082 Me
2047 1027 2195 1080 enim
2244 1041 2348 1077 non
2394 1023 2546 1076 homo
2591 1018 2901 1088 simpliciter
2941 1015 3031 1068 sed
3074 1012 3289 1084 quidam
3348 1009 3502 1061 homo

1915 1114 2123 1190 genuit)
2151 1114 2196 1169 si
2219 1113 2382 1184 igitur
2414 1110 2745 1182 operationes
2786 1105 3206 1160 individuorum,
3246 1115 3354 1153 non
3381 1097 3505 1151 uni-

1916 1207 2205 1264 versalium
2235 1215 2375 1267 sunt,
2395 1219 2499 1258 nec
2523 1200 2842 1256 substantia:
2858 1194 3196 1266 simpliciter,
3218 1191 3343 1260 quid
3361 1188 3508 1242 aliud

1918 1299 2326 1370 intelligendum
2363 1305 2468 1360 est,
2500 1310 2624 1350 cmn
2660 1293 2958 1347 essentiam
2987 1287 3110 1341 Filii
3169 1285 3422 1338 audimus
3451 1288 3508 1333 et

1921 1411 1990 1450 ex
2028 1410 2093 1449 ea
2123 1391 2386 1463 Spiritum
2441 1389 2682 1460 prodire,
2725 1385 2830 1440 nisi
2863 1383 3104 1438 divinam
3135 1380 3254 1447 ejus
3314 1389 3510 1446 perso-

1922 1483 2096 1539 nam?
2125 1462 2404 1551 Amplius:
2438 1495 2540 1533 nec
2566 1479 2670 1532 hoc
2709 1491 2811 1529 nos
2844 1475 3031 1532 lateat,
3068 1469 3212 1540 quod
3247 1467 3340 1536 qui
3392 1462 3512 1516 bare

1925 1577 2181 1633 dicebant
2211 1573 2386 1630 sancti
2420 1573 2700 1638 doctores,
2737 1576 2928 1623 contra
2963 1563 3194 1617 Arianos
3228 1568 3281 1613 et
3325 1557 3513 1611 Euno-

1925 1668 2140 1724 mianos
2172 1681 2231 1721 se
2277 1671 2623 1734 opponentes
2672 1661 2790 1714 haec
2847 1655 3124 1716 dicebant,
3177 1649 3268 1720 qui
3317 1647 3513 1700 Filium

1927 1777 1994 1817 ex
2027 1759 2208 1824 Patre,
2248 1757 2513 1828 Spiritum
2551 1770 2621 1809 ex
2679 1751 2862 1823 (Patre
2897 1748 2973 1818 et)
3017 1743 3154 1800 Filio
3209 1746 3521 1796 asserentes

1933 1869 2000 1908 ex
2033 1850 2340 1907 substantia
2395 1857 2578 1902 tamen
2634 1859 2826 1898 eorum
2874 1855 2995 1895 esse
3043 1835 3338 1907 negabant,
3395 1845 3521 1884 cum

1936 1949 2203 2012 dicerent,
2239 1945 2460 2006 Filium,
2493 1941 2600 1996 etsi
2636 1955 2702 1994 ex
2735 1938 2916 2002 Patre,
2950 1949 3062 1988 non
3091 1941 3274 1985 tamen
3314 1942 3379 1980 ex
3404 1923 3524 1992 ejus

1935 2037 2175 2095 essentia
2237 2036 2351 2092 sive
2385 2043 2608 2096 natura,
2638 2030 2732 2086 sed
2773 2029 3054 2083 voluntate
3086 2029 3277 2076 natum
3332 2017 3523 2079 fuisse,

1939 2131 2202 2202 Spiritum
2237 2143 2369 2182 vero
2412 2126 2592 2194 ipsum
2651 2121 2814 2176 etiam
2846 2135 2910 2172 ex
2964 2115 3125 2176 Filio,
3184 2127 3295 2165 non
3344 2118 3527 2161 tamen

1937 2219 2330 2281 essentialiter,
2367 2217 2481 2271 sive
2511 2212 2856 2272 naturaliter,
2884 2209 2976 2262 sed
3011 2199 3529 2264 voluntarie.Qu-.ire

1940 2316 2136 2371 Filium
2166 2315 2436 2370 minorem
2466 2308 2626 2363 Patre
2658 2316 2711 2360 et
2743 2304 2971 2358 alterius
2998 2296 3324 2352 substantia)
3379 2303 3530 2344 asse-

1942 2412 2166 2474 rebant;
2201 2419 2420 2476 tresque
2455 2403 2508 2457 in
2560 2398 2849 2454 divinitate
2906 2391 3182 2462 ponebant
3238 2382 3528 2452 essentias.

1941 2506 2132 2560 Patres
2173 2501 2336 2572 igitur
2382 2495 2697 2566 opinionem
2777 2502 2968 2544 eorum
3022 2493 3278 2551 tanquam
3341 2476 3532 2530 falsam

1948 2596 2285 2654 refellentcs,
2326 2605 2436 2642 non
2458 2603 2524 2641 ex
2552 2585 2691 2639 Filio
2724 2581 2925 2642 solum,
2977 2574 3073 2630 sed
3111 2572 3273 2626 etiam
3301 2585 3368 2622 ex
3415 2565 3536 2634 ejus

1948 2687 2253 2748 substantia
2275 2682 2612 2740 conabantur
2647 2675 2910 2746 Spiritum
2945 2677 3195 2724 sanctum
3232 2676 3355 2718 esse
3407 2671 3538 2729 pro-

261 2719 348 2774 sic
375 2718 521 2772 enim
550 2726 605 2770 et
636 2715 873 2784 Spiritus
901 2728 968 2766 es
1000 2717 1214 2766 suamet
1241 2704 1478 2762 essentia
1510 2717 1632 2758 esse
1657 2701 1847 2756 dicen-

262 2811 373 2866 dus
403 2809 544 2865 foret
573 2808 733 2880 (orat.
767 2807 819 2872 1,
849 2805 907 2859 in
936 2813 1070 2859 tom.
1097 2802 1262 2872 Cypr.
1282 2815 1333 2854 c.
1367 2797 1456 2863 11,
1479 2796 1518 2851 l.
1553 2810 1602 2850 c.
1630 2809 1686 2864 p.
1717 2791 1846 2856 255,

266 2903 400 2958 256.
429 2902 514 2956 Cl‘.
544 2910 683 2956 orat.
713 2897 770 2963 Ξ,
801 2912 854 2952 c.
881 2896 938 2960 2,
971 2910 1023 2964 p.
1048 2892 1201 2958 255).
1243 2889 1377 2944 Rern
1408 2887 1722 2942 universam
1749 2897 1850 2936 acu

275 2993 521 3063 tetigisse
549 2990 760 3044 videtur
788 2987 940 3042 card.
965 2983 1274 3048 Bessarion,
1299 2981 1430 3034 dunt
1469 2977 1661 3033 scribit
1685 2974 1848 3046 epist.

271 3087 346 3142 ad
378 3085 532 3139 Alex.
575 3082 740 3138 Lasc.
771 3096 821 3135 ε.
869 3079 900 3132 7
945 3077 1136 3148 (llard.
1167 3073 1262 3139 lX,
1300 3073 1459 3135 1065,
1497 3068 1634 3123 1064
1670 3087 1684 3122 :
1725 3085 1744 3119 ι
1794 3064 1855 3120 In

273 3188 462 3235 sancta
490 3175 779 3238 Trinitate,
812 3171 956 3243 quod
984 3187 1046 3224 ex
1067 3167 1370 3225 substantia
1397 3162 1629 3232 alicujus
1651 3169 1752 3225 est,
1789 3173 1857 3213 ex

273 3285 511 3342 persona
558 3281 777 3336 quoque
832 3265 953 3334 ejus
1003 3262 1076 3316 sit
1126 3273 1353 3315 necesse
1405 3265 1582 3322 est,...

276 3359 584 3416 substantia
608 3368 664 3412 et
694 3369 930 3426 persona
961 3351 1179 3406 realiter
1209 3363 1378 3403 unum
1411 3347 1526 3400 sint
1557 3353 1614 3400 et
1643 3340 1869 3398 nonnisi

277 3453 493 3509 ratione
509 3451 913 3519 distinguantur
932 3465 947 3512 ;
966 3459 1126 3499 secus
1144 3442 1326 3495 forent
1357 3439 1437 3493 uti
1465 3449 1576 3491 tres
1595 3447 1872 3506 personat,

279 3546 356 3601 ita
387 3552 442 3599 et
467 3552 578 3598 tres
607 3541 880 3596 essentne.
911 3536 1194 3591 Distinctio
1236 3532 1532 3604 [typoslasis
1590 3539 1638 3583 et
1668 3538 1876 3582 natura:

280 3637 508 3693 rationis
547 3643 644 3701 est,
705 3635 884 3688 unitas
937 3647 1057 3685 vero
1113 3627 1318 3693 realis;
1369 3635 1561 3680 contra
1596 3623 1653 3677 in
1712 3621 1877 3675 nobis

285 3732 606 3790 hominibus
635 3739 739 3784 est.
769 3727 906 3782 Nam
935 3726 990 3780 in
1019 3724 1176 3779 nobis
1210 3726 1394 3777 unitas
1412 3720 1633 3791 quidem
1662 3727 1875 3771 natura;

284 3843 415 3882 cum
438 3825 704 3894 cujusque
725 3835 962 3891 persona
998 3816 1249 3880 rationis,
1276 3812 1558 3869 distinctio
1581 3826 1715 3864 vero
1745 3823 1876 3863 rea-

288 3919 358 3973 lis
392 3925 510 3983 est;
547 3915 650 3968 alia
699 3927 938 3980 namque
965 3925 1053 3963 res
1081 3917 1164 3962 est
1226 3903 1536 3961 humanitas
1593 3901 1730 3970 ipsa,
1772 3898 1876 3952 alia

290 4010 457 4079 hujus
499 4021 746 4078 personae
791 4002 1172 4060 individuatio.
1207 3997 1388 4064 Quare
1411 3993 1876 4066 quemadmodum

291 4116 488 4157 sumus
532 4099 720 4154 multa!
751 4112 1019 4168 personae,
1069 4094 1142 4148 ita
1177 4092 1342 4147 etiam
1394 4088 1551 4144 multi
1602 4085 1877 4139 homines.

295 4197 418 4261 Quo
439 4194 518 4258 ﬁt,
544 4202 602 4248 ut
623 4193 763 4262 quod
779 4192 847 4244 sit
868 4206 932 4244 ea:
958 4203 1154 4242 natura
1184 4184 1414 4253 alicujus
1454 4181 1746 4243 hominum,
1777 4193 1880 4232 non

295 4287 590 4343 necessario
621 4286 780 4340 etiam
822 4284 889 4337 sit
925 4298 990 4335 ea:
1025 4280 1137 4348 ejus
1179 4293 1421 4347 persona.
1449 4273 1514 4328 In
1547 4281 1740 4328 sancta
1760 4287 1882 4327 vero

302 4380 566 4435 Trinitate
590 4395 616 4432 e
637 4390 883 4430 converso
913 4382 1058 4426 est...
1095 4370 1275 4426 Unitus
1299 4367 1538 4422 assentire
1568 4377 1615 4418 et
1647 4377 1883 4433 persona:

299 4483 378 4530 est
422 4471 602 4536 realis,
647 4468 914 4522 distinctio
965 4481 1084 4520 vero
1135 4463 1378 4516 rationis.
1413 4458 1517 4529 (Cf.
1559 4458 1643 4513 Jo.
1686 4455 1880 4510 Tbeol.

301 4579 440 4621 sess.
478 4563 543 4617 l9
565 4561 741 4615 Flor.:
773 4557 940 4614 l-lard.
971 4555 1065 4616 IX,
1105 4552 1233 4618 2‘25,
1265 4550 1415 4620 225.)
1457 4549 1638 4614 Quare
1662 4547 1801 4614 quod
1823 4562 1887 4600 ea:

304 4656 532 4714 essentia
561 4653 787 4718 alicujus
827 4663 1171 4722 personarum
1220 4653 1315 4708 est,
1349 4659 1412 4697 ex
1442 4657 1664 4709 persona
1686 4654 1890 4710 quoque
1923 4627 1966 4681 D

306 4751 425 4821 ejus
457 4762 658 4803 necesse
685 4754 914 4798 estesse.
950 4740 1006 4796 Si
1043 4736 1193 4811 [9.39]
1227 4735 1390 4806 igitur
1420 4733 1662 4803 Spiritus
1687 4746 1756 4784 ex
1791 4745 1889 4784 na-

309 4854 434 4898 tura
465 4848 522 4894 et
542 4835 781 4893 essentia
811 4833 932 4889 Filii
969 4841 1074 4897 est,
1101 4837 1164 4884 ut
1190 4828 1243 4882 in
1275 4825 1555 4898 plerisque
1606 4821 1744 4875 locis
1775 4829 1890 4874 tum

311 4934 406 4990 alii
434 4933 709 4994 doctores,
738 4937 853 4982 tum
901 4926 987 4980 vel
1029 4923 1264 4979 maxime
1310 4916 1546 4990 Cyrillus
1574 4913 1794 4984 probat,
1825 4927 1894 4966 ex

312 5039 552 5097 persona
595 5036 812 5091 quoque
859 5018 979 5088 ejus
1025 5025 1130 5071 est.
1174 5017 1244 5069 At
1281 5010 1453 5067 nostri
1481 5007 1710 5064 dicunt:
1769 5005 1896 5059 Ideo

314 5123 438 5177 haec
480 5119 738 5173 dicuntur
779 5130 811 5168 a
860 5111 1196 5174 doctoribus,
1235 5116 1296 5162 ut
1343 5098 1894 5159 consubstantialitas

314 5226 512 5267 eorum
585 5205 973 5276 comprobetur
1019 5210 1076 5256 et
1142 5208 1203 5254 ut
1264 5194 1588 5252 ostendatur
1659 5188 1900 5259 Spiritus

318 5300 571 5370 ejusdem
624 5311 748 5352 esse
792 5291 1112 5350 substantia'
1160 5303 1286 5344 cum
1333 5285 1493 5342 Filio.
1551 5282 1669 5337 Hoc
1715 5287 1901 5335 autem

322 5367 536 5459 quanto
565 5386 751 5442 verius
800 5389 1082 5446 est,tanto
1131 5377 1301 5448 magis
1329 5392 1428 5445 pro
1481 5372 1695 5428 Latinis
1748 5367 1900 5422 facit.

323 5480 485 5536 Tunc
515 5479 662 5536 enim
699 5476 874 5548 magis
904 5472 1151 5543 ejusdem
1174 5466 1497 5524 substantiae
1513 5464 1750 5533 Spiritus
1778 5477 1906 5515 cum

319 5577 491 5634 Patre
549 5584 604 5630 et
664 5571 804 5628 Filio
860 5577 968 5634 est,
1018 5580 1142 5619 cum
1209 5578 1276 5618 ex
1332 5576 1524 5616 eorum
1598 5557 1908 5612 substantia

325 5669 690 5746 personisque
732 5679 925 5722 eorum
978 5657 1226 5730 prodeat,
1273 5655 1378 5709 boc
1434 5661 1521 5707 est
1578 5649 1906 5720 procedat...

331 5741 471 5821 Nam
501 5763 545 5818 si
574 5762 680 5816 hoc
699 5760 869 5814 solum
894 5747 1524 5810 consubstantialitatcm
1555 5741 1910 5814 signiﬁcaret,

333 5871 397 5916 ut
424 5857 596 5913 nostri
629 5861 851 5925 putant,
876 5849 1152 5904 diceretur
1180 5844 1345 5899 etiam
1370 5840 1531 5894 Pater
1564 5851 1627 5892 es
1655 5835 1914 5889 substan-

335 5960 412 6016 tia
445 5952 568 6013 Filii
598 5960 652 6009 et
685 5947 923 6024 Spiritus
952 5941 1125 6002 sancti
1157 5939 1254 6015 vel
1270 5934 1445 5994 Filius
1493 5948 1560 5992 cx
1597 5917 1911 5990 substantia

1949 2785 2102 2844 bare,
2137 2775 2390 2833 similiter
2428 2770 2626 2826 Filium
2657 2781 2766 2821 non
2797 2780 2866 2819 ex
2918 2759 3080 2814 Patre
3120 2755 3316 2816 solum,
3346 2763 3538 2804 verum

1953 2874 2122 2932 etiam
2150 2886 2217 2926 ex
2247 2869 2368 2938 ejus
2390 2864 2648 2920 essentia.
2691 2855 2839 2930 [240]
2863 2850 3162 2938 Considera
3195 2860 3346 2917 ergo,
3395 2855 3535 2910 quo-

1965 2931 2132 3023 modo
2177 2963 2244 3018 ad
2278 2931 2424 3022 vlzoc,
2455 2953 2597 3027 quod
2637 2947 2880 3005 baaretici
2929 2932 3206 2999 dicebant,
3247 2952 3309 2989 ea:
3359 2931 3544 2985 τριετη-

1958 3070 2086 3123 tate,
2113 3073 2214 3112 non
2241 3071 2304 3108 ex
2331 3049 2561 3108 essentia
2611 3043 2746 3098 Filii
2789 3037 3053 3110 Spiritum
3081 3046 3224 3095 esse,
3260 3043 3319 3081 se
3371 3037 3546 3094 oppo-

1961 3153 2168 3208 nebant
2195 3148 2473 3208 doctores,
2505 3156 2571 3196 ex
2616 3135 2855 3192 essentia
2884 3130 3004 3186 Filii
3038 3127 3191 3181 illum
3223 3135 3342 3176 esse
3393 3130 3546 3170 asse-

1651 3271 1672 3305 t
1733 3265 1859 3306 cum
1890 3263 1932 3320 ε
1965 3253 2260 3308 vetantes;
2314 3239 2380 3295 ad
2443 3238 2550 3292 hoc
2601 3241 2806 3288 autem,
2857 3226 2999 3296 quod
3041 3220 3146 3306 ‘illi
3185 3213 3440 3270 dicebant
3483 3223 3550 3262 ex

1976 3340 2115 3396 Filio
2157 3350 2299 3398 esse,
2339 3331 2521 3386 nullus
2570 3319 2940 3383 contradixit;
2968 3299 3072 3369 nec
3104 3310 3238 3368 dixit
3275 3320 3385 3361 non
3429 3314 3553 3355 esse

1978 3433 2128 3486 illum
2158 3445 2225 3484 ex
2263 3394 2424 3489 Filio,
2459 3430 2721 3489 tanquam
2754 3411 2933 3482 etipsi
2961 3409 3066 3462 boe
3101 3402 3402 3459 sentientes
3459 3394 3552 3465 (cf.

1976 3523 2096 3593 ll,§
2125 3526 2200 3590 7),
2236 3531 2291 3574 et
2318 3518 2592 3578 dicentes,
2622 3525 2746 3565 esse
2792 3521 2857 3560 ex
2888 3499 3124 3556 essentia
3157 3493 3300 3551 Filii,
3336 3490 3478 3543 idem
3501 3494 3557 3540 et

1978 3615 2083 3686 ipsi
2126 3612 2526 3680 intelligentes;
2576 3618 2642 3658 ac
2696 3599 2742 3654 si
2791 3597 3058 3651 dicerent,
3118 3602 3182 3640 ex
3226 3580 3453 3636 essentia
3506 3583 3555 3628 et

1979 3685 2201 3778 persona
2227 3704 2362 3766 eius,
2396 3708 2452 3753 et
2474 3711 2576 3751 nos
2604 3695 2713 3749 hoc
2745 3689 2888 3744 idem
2913 3685 3181 3739 dicentes.
3215 3695 3233 3727 ι

2053 3800 2140 3854 10.
2183 3796 2382 3850 Ratum
2421 3805 2552 3861 ergo
2588 3795 2705 3842 est:
2745 3781 2801 3836 Si
2833 3777 3068 3850 Spiritus
3091 3778 3175 3826 est
3207 3783 3270 3822 ex
3318 3758 3560 3818 essentia

1981 3894 2124 3958 Filii,
2153 3899 2237 3946 est
2257 3899 2557 3958 quoquer
2587 3881 2706 3952 ejus
2737 3887 2989 3948 persona.
3030 3867 3134 3921 Sed
3153 3877 3263 3917 non
3293 3857 3472 3911 minus
3498 3867 3560 3906 ex

1980 3953 2140 4045 dictis
2173 3953 2358 4056 (ᾗῇ-8.
2387 3953 2444 4050 il)
2485 3987 2664 4033 ratum
2693 3982 2807 4028 est:
2835 3969 2891 4023 Si
2917 3964 3156 4036 Spiritus
3181 3966 3263 4012 est
3293 3971 3358 4008 ex
3386 3953 3562 4022 hypo-

1982 4083 2112 4140 stasi
2145 4079 2340 4140 Patris,
2370 4085 2454 4130 est
2474 4084 2694 4143 quoque
2724 4082 2791 4122 ex
2812 4064 2934 4131 ejus
2956 4055 3212 4114 essentia.
3245 4049 3352 4104 Sed
3375 4058 3566 4100 essen-

1985 4179 2057 4232 tia
2088 4174 2263 4230 Patris
2297 4171 2410 4240 jam
2440 4138 2580 4222 Filio
2609 4138 3010 4217 communicata
3067 4145 3402 4215 intelligitur,
3434 4138 3562 4192 dunt

1949 4307 1952 4314 ς
1985 4267 2260 4344 processio
2291 4263 2527 4334 Spiritus
2555 4255 2728 4314 sancti
2763 4248 3090 4318 concipitur,
3125 4242 3282 4296 Pater
3309 4244 3362 4291 et
3395 4231 3569 4286 Filius

1986 4323 2037 4344 r'
2058 4323 2075 4326 τ
2094 4323 2110 4326 -
2129 4323 2140 4324 κ
2162 4323 2169 4325 ~
2335 4323 2347 4334 .

1985 4368 2041 4421 in
2069 4379 2166 4418 sua
2209 4358 2439 4429 quisque
2463 4363 2694 4422 persona
2716 4331 3045 4401 constitutus
3080 4337 3190 4406 jam
3217 4323 3566 4398 supponitur,

1989 4454 2120 4510 dum
2151 4416 2350 4504 deiilla
2381 4439 2735 4513 processione
2757 4444 2939 4487 sermo
2974 4424 3223 4480 babetur.
3267 4416 3406 4470 llinc
3443 4424 3570 4464 sus-

1987 4548 2150 4601 citata
2178 4558 2208 4596 a
2247 4506 2442 4592 Pbotio
2471 4529 2725 4604 quzestio,
2771 4535 3008 4594 quanam
3053 4515 3264 4572 ratione
3310 4507 3381 4563 sit
3409 4506 3571 4559 Pater

1996 4631 2325 4707 principium
2388 4624 2511 4680 Filii
2571 4627 2630 4676 et
2699 4614 2938 4686 Spiritus
3002 4604 3200 4664 sancti,
3264 4604 3573 4668 opportuna

1994 4688 2233 4798 suggerit
2256 4719 2463 4776 Latinis
2495 4717 2844 4784 argumenta.
2876 4700 3082 4771 Quodsi
3103 4698 3318 4751 dicatur
3337 4688 3577 4758 Spiritus

1995 4779 2254 4876 exoPatre
2284 4821 2340 4866 ut
2373 4810 2532 4864 Patre
2563 4779 2884 4876 procedere,
2928 4796 3041 4864 jam
3097 4785 3332 4857 Spiritus
3363 4779 3578 4876 dicetur

1998 4910 2141 4966 ﬁlius
2158 4921 2222 4960 ac
2252 4902 2372 4959 Filii
2402 4870 2756 4970 praerogativa
2783 4890 3128 4946 destruetur;
3158 4871 3348 4945 quodsi
3367 4870 3578 4924 dicatur

1996 5000 2295 5074 procedere
2327 4964 2418 5049 ex-
2438 4964 2600 5045 Patre
2623 4993 2878 5056 quatenus
2909 4986 2982 5030 est
3018 4973 3158 5026 Deus
3189 4964 3275 5020 vel
3323 4967 3578 5060 quatenus

2001 5049 2075 5152 Est
2140 5094 2400 5162 spirator,
2485 5097 2610 5137 cum
2643 5077 2760 5145 ,bic
2825 5070 2974 5127 nulla
3034 5062 3259 5118 relativa
3311 5049 3582 5150 oppositio

2007 5139 2284 5241 ἶῖᾆυεξὶζζῖ
2389 5139 2616 5235 ’Ὲίιὶιιηῃ
2643 5139 2815 5222 1⁴Ίιίυε
2845 5159 3034 5228 nequit
3061 5150 3294 5210 excludi.
3338 5139 3582 5241 llatioci-

2005 5286 2205 5334 nantnr
2249 5266 2549 5338 Theologi:
2619 5258 2859 5330 Spiritus
2928 5257 3148 5307 sanctus
3226 5235 3472 5314 procedit
3517 5247 3586 5286 ex

2008 5371 2165 5426 Patre
2190 5374 2284 5420 aut
2311 5326 2582 5432 quatevnus
2605 5326 2689 5407 est
2715 5349 2879 5403 Pater
2908 5353 3001 5398 aut
3031 5346 3294 5410 quatenus
3317 5337 3401 5386 est
3425 5326 3585 5432 Deus;

2012 5462 2072 5517 Si
2103 5460 2273 5531 prius,
2294 5453 2530 5524 Spiritus
2558 5452 2778 5500 sanctus
2799 5433 3107 5494 necessario
3119 5428 3220 5484 crit
3238 5424 3424 5486 Filius,
3441 5413 3588 5488 quod

3004 5530 3008 5531 '
3416 5528 3432 5531 α
3451 5528 3467 5531 -
3482 5527 3500 5531 -
3515 5509 3583 5531 ίιει

2013 5509 2072 5517 ’ν-
2106 5509 2273 5531 ιν--”νι
2338 5509 2352 5524 ι

2011 5564 2201 5612 contra
2251 5546 2683 5605 revelationem;
2721 5535 2767 5592 si
2808 5530 3107 5607 posterius,
3175 5533 3288 5576 tum
3342 5509 3589 5585 procedit

2013 5649 2176 5704 etiam
2207 5660 2273 5699 ex
2296 5642 2461 5700 Filio;
2489 5637 2614 5708 quia
2633 5631 2840 5687 nullum
2877 5627 3092 5696 signum
3142 5609 3364 5708 concipi.
3388 5609 3589 5708 potest,

2014 5756 2124 5810 quo
2152 5737 2311 5792 Pater
2342 5735 2414 5788 sit
2439 5730 2606 5810 Deus,
2642 5741 2757 5797 quo
2796 5721 2965 5776 Filius
2992 5729 3101 5770 non
3143 5718 3299 5773 aettue
3324 5698 3395 5750 Sil
3425 5695 3590 5762 Deus-

2017 5797 2250 5888 Proinde
2274 5835 2368 5882 aut
2399 5824 2506 5879 duo
2536 5797 2658 5874 Filii
2712 5817 2767 5871 in
2794 5809 3063 5868 Trinitate
3093 5798 3355 5855 subverso
3376 5880 3386 5888 _
3408 5797 3596 5888 perso-

2022 5939 2215 5983 narum
2259 5916 2571 5980 discriminc
2631 5901 2974 5968 admittendi,
3007 5906 3101 5951 aut
3148 5880 3427 5966 processio
3469 5873 3594 5943 Spi-~
