4008 6446
520 415 630 483 479

1648 418 1912 480 ΡΗΟΤΙΙ
1950 419 2458 482 ΡΑΤΗΙΛΒΟΙΙᾸΞ
2492 423 2600 487 CP.

3690 413 3790 494 4.80.

524 534 662 586 ritus
682 531 855 587 sancti
884 531 1044 587 etiam
1067 545 1096 585 a
1128 529 1262 585 Filio
1278 540 1392 586 rata
1417 540 1519 596 est,
1541 529 1784 586 Priorem
1798 533 2101 602 argumenti
2135 516 2180 590 A
2206 533 2542 591 licssarionis
2572 534 2736 590 verba
2767 533 2793 606 §
2821 533 2854 589 9
2886 530 3169 604 praeced.),
3201 545 3391 586 verum
3436 527 3662 600 quidem
3706 527 3789 584 fo-

527 635 736 697 partem
769 627 839 680 ita
869 626 1024 680 effert
1054 625 1284 695 Niceph.
1326 624 1623 679 Blemmida
1653 624 1813 693 (orat.
1844 623 1922 678 De
1954 641 2100 694 proc.

529 717 715 785 Spir-it.
753 720 942 783 sancti,
973 733 1024 772 c.
1073 717 1175 783 22;
1214 718 1275 774 ὅ.
1317 717 1380 773 0.
1419 717 1460 771 l.
1513 718 1641 786 28);
1679 716 1741 770 Et
1775 717 1965 786 Πατὴρ
2011 717 2106 770 τοῦ

527 809 846 878 Πνεῦμα-σος
899 809 927 860 ὁ
978 807 1131 870 Θεὸς,
1156 807 1214 872 ἐξ
1243 791 1490 876 ἀνάγκης
1519 806 1578 858 τὸ
1617 805 1841 876 Πνεῦμα
1884 807 2011 870 Υἱός
2038 826 2050 838 ο
2079 811 2108 863 ὁ

528 902 717 971 Πατὴρ
767 902 874 971 γὰρ
917 901 1122 972 κυρίως
1159 899 1286 953 Tim}
1337 900 1526 969 Πατήρ
1551 916 1565 931 ·
1608 899 1701 952 καὶ
1727 899 1845 964 πῶς
1875 902 1903 954 ὁ
1932 901 2110 969 Λόγος

531 994 846 1063 μονογενὴς,
880 995 928 1046 εἰ
951 995 1043 1046 καὶ
1072 992 1133 1046 τὸ
1163 993 1385 1062 Πνεῦμα
1412 991 1569 1057 Υἱός;
1595 992 1831 1047 Alteram
1855 994 1936 1049 sic
1959 993 2108 1048 evol-

522 1085 607 1158 vit
651 1087 978 1141 Ratramnus
1040 1085 1191 1157 [241]
1235 1087 1301 1152 (l.
1361 1101 1442 1149 ιιι,
1509 1101 1561 1141 c.
1596 1086 1650 1151 6,
1703 1103 1758 1156 p.
1800 1087 1928 1148 297,
1980 1087 2109 1157 298)

526 1177 811 1232 Athanasii
865 1179 1127 1233 doctrina:
1181 1178 1476 1232 insistens:
1516 1197 1534 1229 ι
1579 1175 1834 1232 Testatur
1875 1187 1930 1233 et
1989 1178 2109 1249 Spi-

527 1272 689 1326 iitum
780 1272 1024 1339 ejusdem
1109 1272 1432 1326 substantia:
1515 1270 1652 1332 fore,
1717 1272 1877 1339 cujus
1931 1271 2002 1326 sit
2055 1280 2111 1327 et

528 1364 566 1418 F
590 1365 713 1429 lius,
752 1367 1008 1434 quoniam
1037 1366 1263 1419 exsistat
1293 1372 1354 1420 de
1381 1366 1532 1418 unita
1566 1365 1776 1419 Deitate
1826 1363 2009 1419 Patris
2061 1374 2109 1419 et

531 1453 689 1519 Filii;
717 1456 862 1525 quod
897 1457 1084 1511 dicens
1114 1455 1320 1526 liquido
1357 1464 1641 1519 monstrat;
1672 1455 1814 1524 quod
1848 1456 2111 1526 procedat

527 1547 596 1602 ab
635 1558 899 1618 utroque;
932 1565 1049 1600 cum
1078 1549 1222 1601 enim
1243 1549 1310 1602 sit
1338 1547 1521 1601 Deitas
1553 1547 1734 1600 Patris
1785 1558 1834 1600 et
1865 1548 1989 1602 Filii
2033 1549 2111 1601 sic

525 1641 700 1703 unita,
730 1649 782 1692 ut
813 1639 1014 1692 nullam
1033 1640 1386 1708 differentiam
1418 1639 1645 1708 recipere
1668 1639 1848 1708 possit,
1885 1656 1988 1692 non
2015 1657 2111 1709 po-

529 1739 624 1784 test
665 1731 941 1798 procedere
963 1730 1189 1799 Spiritus
1233 1731 1296 1784 de
1329 1730 1540 1783 Deitate
1593 1729 1796 1793 Patris,
1844 1730 1946 1782 nisi
1985 1745 2110 1797 pro-

529 1822 679 1875 cedat
709 1832 756 1876 et
788 1823 849 1876 de
880 1820 1031 1886 Filii,
1065 1819 1522 1892 quemadmodum
1570 1837 1673 1874 nec
1708 1821 1775 1875 de
1828 1819 1947 1874 Filii
1988 1819 2113 1873 Dei-

529 1919 664 1974 tate,
697 1911 799 1966 nisi
849 1911 1106 1980 procedat
1140 1912 1300 1964 etiam
1336 1909 1404 1964 de
1435 1907 1649 1974 Patris;
1679 1909 1921 1977 alioquin
1957 1909 2107 1964 unita

534 2003 718 2058 Deitas
745 2002 922 2057 Patris
951 2013 1006 2057 et
1033 2001 1153 2056 Filii
1207 2019 1317 2055 non
1363 2001 1469 2056 erit
1499 2001 1611 2070 jam
1664 2001 2008 2063 indifferens,
2062 2001 2108 2056 si

529 2096 790 2168 procedat
822 2094 1058 2165 Spiritus
1086 2095 1154 2149 de
1185 2095 1397 2148 Deitate
1423 2092 1626 2157 Patris,
1654 2101 1710 2148 et
1761 2109 1871 2147 non
1903 2093 2108 2163 pariter

535 2190 789 2259 procedat
814 2189 880 2244 de
919 2189 1124 2243 Deitate
1154 2188 1312 2254 Filii;
1342 2203 1406 2242 ac
1441 2204 1538 2258 per
1573 2187 1677 2240 hoc
1726 2187 1836 2257 jam
1870 2203 1977 2241 non
2006 2186 2112 2242 erit

533 2283 705 2346 unita,
755 2282 898 2350 quod
946 2291 1030 2336 est
1061 2281 1289 2350 impium
1325 2289 1387 2335 et
1446 2280 1726 2334 Arianum.
1759 2299 1776 2329 ›
1813 2279 2113 2334 Confirmat

534 2371 678 2427 dicta
707 2372 856 2442 [Iugo
887 2371 1206 2425 Etheriauus
1237 2372 1296 2441 (l.
1345 2388 1383 2435 ι,
1419 2387 1466 2426 c.
1503 2372 1556 2426 8.
1587 2387 1643 2440 p.
1672 2370 1829 2437 19.05)
1861 2371 1934 2424 ita
1974 2371 2111 2424 scri-

534 2464 708 2519 bens:
746 2483 764 2516 ι
810 2465 864 2516 Si
917 2464 1155 2533 Spiritus
1187 2480 1294 2517 non
1331 2473 1392 2517 ut
1423 2463 1664 2534 genitum
1700 2479 1763 2516 ex
1796 2460 1952 2516 Patre
1983 2478 2114 2532 pro-

535 2557 802 2627 greditur,
825 2555 990 2610 Pater
1022 2573 1130 2610 non
1161 2555 1360 2611 emittit
1387 2555 1728 2627 (προϐάλλει)
1759 2554 2019 2624 Spiritum
2053 2563 2112 2609 ut

535 2648 783 2718 genitor;
820 2663 942 2701 nam
980 2647 1022 2700 si
1068 2648 1120 2700 in
1155 2662 1221 2700 eo
1253 2647 1346 2716 qui
1378 2645 1566 2715 (quod)
1601 2644 1814 2714 genitor
1844 2644 2111 2714 Spiritum

533 2742 694 2796 Pater
717 2741 1012 2806 emitteret,
1045 2740 1281 2809 Spiritus
1312 2754 1377 2793 ex
1409 2738 1569 2791 Patre
1603 2746 1662 2791 ut
1694 2737 1935 2806 genitum
1983 2753 2111 2807 pro-

534 2831 674 2885 diret
701 2848 715 2895 ;
739 2839 936 2884 atvero
966 2846 1074 2884 non
1108 2838 1190 2883 est
1215 2829 1454 2898 Spiritus
1475 2844 1542 2882 ex
1565 2827 1721 2882 Patre
1752 2830 2067 2898 utgenitum
2095 2847 2109 2894 ;

531 2937 643 2976 non
671 2922 815 2975 enim
843 2921 980 2976 duos
1012 2921 1168 2984 ﬁlios,
1201 2921 1294 2976 sed
1330 2937 1500 2974 unum
1532 2919 1706 2974 solum
1733 2919 1892 2974 Pater
1915 2921 2115 2977 habere

534 3011 811 3075 creditur;
879 3011 1226 3066 manifestum
1274 3027 1426 3082 ergo,
1455 3011 1598 3080 quod
1650 3028 1752 3064 non
1808 3021 1864 3064 ut
1913 3015 2118 3081 genitor

537 3100 801 3172 Spiritum
832 3101 992 3156 Pater
1017 3102 1236 3158 emittit.
1281 3103 1532 3172 Amplius
1560 3119 1574 3156 :
1622 3104 1784 3158 Pater
1817 3119 1940 3158 eum
1992 3104 2116 3172 Spi-

539 3196 682 3246 ritus
707 3193 939 3248 emissor
1001 3195 1090 3257 sit,
1123 3205 1216 3248 aut
1267 3195 1318 3247 in
1369 3211 1435 3248 eo
1467 3210 1576 3263 quo
1631 3195 1812 3249 diﬂ‘ert
1869 3211 1896 3246 a
1953 3196 2112 3260 Filio,

535 3283 715 3354 ipsum
749 3285 965 3348 emittit,
999 3295 1092 3340 aut
1120 3285 1418 3339 secundum
1451 3285 1523 3350 id,
1553 3301 1664 3356 quo
1697 3302 1805 3340 non
1834 3287 2120 3342 dilTert.At

536 3376 678 3430 ineo
705 3392 812 3446 quo
827 3375 1002 3431 ditl'ert
1035 3392 1141 3429 non
1167 3376 1364 3430 emittit
1391 3393 1404 3441 ;
1430 3391 1556 3430 nam
1589 3376 1642 3429 in
1672 3391 1738 3430 eo
1759 3377 1899 3446 quod
1930 3375 2114 3442 Pater,

537 3483 644 3520 non
676 3467 876 3522 emittit
897 3467 1175 3537 Spiritum,
1205 3468 1258 3522 in
1288 3483 1397 3537 quo
1427 3467 1543 3521 solo
1593 3483 1623 3520 a
1661 3466 1802 3521 Filio
1835 3468 2063 3522 dili'crt.‘
2092 3489 2110 3523 ι

539 3558 728 3614 Dill'ert
759 3561 916 3613 l'ater
944 3575 972 3612 a
998 3559 1132 3613 Filio
1160 3558 1376 3613 nonnisi
1411 3557 1832 3612 innascibilitate
1859 3567 1913 3612 et
1935 3569 2119 3629 pater-

537 3652 707 3706 nitate
743 3648 791 3721 (§
830 3650 907 3718 5),
935 3666 1167 3720 quarum
1192 3650 1483 3704 notionum
1514 3649 1662 3717 prior
1709 3649 1915 3703 nullam
1977 3650 2121 3704 rela-

538 3743 742 3795 tionem
797 3741 1113 3810 nullumque
1163 3751 1471 3811 respectum
1531 3740 1696 3795 habet
1745 3740 1810 3794 ad
1881 3741 2120 3810 Spiritus

538 3833 966 3902 processionem,
1005 3831 1275 3901 posterior
1304 3831 1598 3885 terminum
1635 3831 1758 3885 talis
1805 3832 2030 3900 originis
2055 3847 2120 3887 ac

538 3925 923 3994 priueipiatum
954 3923 1264 3979 ostenderet
1313 3940 1435 3979 esse
1484 3923 1720 3989 Filium;
1777 3923 1923 3977 unde
1958 3922 2120 3978 Pater

538 4016 758 4070 nonnisi
789 4030 854 4069 ex
878 4029 942 4068 eo
976 4015 1162 4084 spirat,
1193 4013 1247 4068 in
1285 4030 1393 4084 quo
1421 4031 1451 4069 a
1475 4015 1613 4070 Filio
1644 4032 1757 4070 non
1791 4016 2008 4081 dill‘ert;
2063 4026 2121 4072 et

538 4117 671 4164 tunc
713 4107 936 4176 spiratio
967 4108 1140 4161 activa
1173 4117 1256 4162 est
1305 4105 1452 4161 Patri
1485 4107 1734 4178 Filioque
1788 4109 2116 4164 communis.

549 4220 569 4254 ι
608 4201 808 4270 Aperte
853 4200 1010 4254 datur
1057 4198 1306 4270 intelligi,
1347 4219 1366 4253 ι
1405 4200 1480 4254 ait
1523 4201 1872 4264 Etherianus,
1916 4220 1932 4252 ι
1969 4201 2118 4269 quod

537 4309 648 4347 non
679 4293 732 4345 in
761 4308 824 4346 eo
846 4308 951 4361 qtto
981 4292 1162 4348 dill‘ert
1187 4295 1392 4348 Patera
1430 4291 1590 4356 Filio,
1634 4293 1837 4346 emittit
1859 4293 2115 4362 spiritum

538 4393 809 4450 sanctum,
838 4386 931 4440 sed
957 4387 1009 4440 in
1044 4403 1109 4440 eo
1139 4400 1247 4454 quo
1293 4385 1680 4439 communit-at.
1723 4403 1741 4437 ι
1780 4385 1846 4438 Et
1898 4401 2115 4439 rursum

541 4485 610 4546 (e.
801 4477 1079 4548 p.1209):
1131 4477 1446 4531 Secundum
1493 4474 1636 4545 quod
1673 4476 1874 4546 (Pater)
1931 4485 2116 4546 potest

2209 635 2308 681 ret.
2346 627 2438 680 sed
2470 626 2537 681 ad
2567 643 2679 681 rem
2711 633 3033 696 przesentem
3066 638 3177 677 non
3206 622 3428 678 faceret.

2228 715 2250 789 '_
2280 717 2364 772 Η.
2391 717 2496 773 Sed
2518 717 2827 773 accuratius
2842 715 3253 770 adhucell'atum
3271 713 3412 769 istud
3440 713 3793 784 perpenden-

2209 805 2360 863 dum.
2390 809 2737 880 Distinguunt
2769 808 3000 878 theologi
3055 806 3375 876 principium
3401 805 3541 877 quod
3563 819 3790 874 generat

2210 902 2295 954 vel
2348 887 2536 971 spirat,
2586 911 2643 954 et
2689 900 3008 970 principium
3084 915 3184 970 quo
3228 897 3360 952 illud
3411 906 3644 963 generat
3715 897 3793 952 \el

2212 994 2402 1064 spirat.
2437 993 2491 1047 Id
2537 993 2741 1062 optime
2785 992 3034 1062 exposuit
3098 990 3336 1045 Joannes
3372 986 3692 1059 Tlteologus
3743 989 3792 1042 in

2212 1101 2372 1140 conc.
2404 1084 2548 1139 Flor.
2605 1100 2741 1138 sess.
2776 1085 2843 1138 18
2877 1081 3065 1155 (llard.
3107 1082 3198 1146 IX,
3246 1079 3414 1151 20$):
3449 1079 3610 1146 Quod
3673 1097 3796 1150 pro-

2212 1177 2361 1232 ducit
2394 1177 2478 1231 vel
2500 1184 2746 1248 generat,
2774 1193 2994 1246 pcrsona
3025 1184 3144 1240 est;
3173 1174 3508 1244 principium
3537 1189 3674 1227 vero
3701 1191 3796 1243 quo

2213 1271 2296 1322 vel
2324 1287 2416 1340 per
2441 1271 2576 1340 quod
2609 1269 2778 1341 (ἀρχὴ
2812 1269 2878 1321 δι’
2908 1263 2974 1340 ἦς
3004 1269 3189 1338 γεννᾷ)
3221 1275 3304 1322 est
3357 1269 3626 1332 essentia,
3680 1284 3798 1336 quae

2213 1361 2333 1415 aliis
2370 1359 2804 1414 communicatur
2833 1357 2929 1429 [ρι’.
2963 1358 3160 1412 Thom.
3199 1359 3250 1420 1,
3286 1374 3338 1427 q.
3367 1357 3458 1419 41,
3495 1373 3546 1410 a.
3579 1357 3634 1426 5)
3663 1356 3794 1424 (52).

2215 1453 2328 1508 [loc
2354 1453 2496 1523 quod
2531 1453 2950 1507 communicatur
2975 1451 3029 1505 in
3056 1452 3427 1522 generatione,
3451 1459 3652 1503 natura
3682 1457 3796 1510 est,

2214 1563 2372 1616 agens
2405 1561 2533 1599 vero
2557 1553 2641 1599 est
2664 1543 2966 1615 liypostasis
2992 1543 3071 1612 (τὸ
3092 1541 3514 1609 κοινωνοὺμενὸν
3545 1542 3667 1592 ἐστι
3699 1538 3800 1608 9'3—

2215 1655 2318 1702 σις,
2356 1637 2417 1690 τὸ
2457 1637 2514 1691 δὲ
2567 1636 2826 1708 ἐνεργοῦν
2865 1637 3013 1687 ἐστιν
3061 1633 3402 1701 ὑπόστασις).
3435 1633 3795 1704 llypostases,

2214 1727 2389 1798 pergit
2415 1741 2550 1781 sess.
2591 1725 2678 1780 19.
2715 1725 2810 1797 (ib.
2839 1740 2892 1794 p.
2923 1724 3074 1793 ‘2l6),
3108 1732 3238 1776 sunt
3259 1737 3380 1792 qua?
3411 1731 3678 1793 genemut
3717 1719 3799 1774 vel

2215 1820 2441 1890 spirant.
2469 1818 2728 1874 Actiones
2756 1829 2885 1872 sunt
2943 1816 3351 1886 suppositorum
3407 1818 3485 1886 (αἱ
3518 1813 3799 1886 ἐνέργειαι

2215 1912 2353 1964 εἰσιν
2407 1911 2514 1963 τῶν
2565 1910 2964 1976 ὐποστάσεων).
3004 1909 3252 1963 Esseutia
3305 1916 3388 1962 est
3425 1922 3629 1961 nomen
3673 1905 3800 1960 abs-

2214 2011 2561 2067 tractusu;et
2589 2001 2717 2055 hlnc
2765 2001 2878 2056 fieri
2920 2002 3130 2070 nequit,
3169 2009 3227 2054 ut
3262 2000 3311 2054 ei
3370 1999 3672 2054 conveniat
3710 2014 3802 2070 ge-

2213 2094 2514 2149 nerationis
2545 2093 2649 2162 (vel
2687 2091 3022 2163 spirationis)
3053 2094 3218 2147 actio.
3253 2091 3570 2147 Substantia
3618 2089 3800 2144 Patris

2213 2199 2260 2242 ct
2295 2188 2419 2242 Filii
2457 2196 2530 2240 est
2566 2188 2890 2256 principium
2940 2204 3033 2255 per
3075 2185 3214 2256 quod
3245 2187 3482 2254 spiratur
3528 2183 3795 2252 Spiritus;

2213 2277 2530 2347 principium
2563 2278 2706 2346 quod
2733 2286 2856 2329 sunt
2885 2277 3173 2344 spirantes.
3209 2293 3228 2326 ‹
3267 2275 3428 2329 Pater
3453 2275 3622 2328 —ita
3659 2274 3798 2329 idem

2214 2372 2268 2426 in
2299 2387 2434 2426 sess.
2470 2371 2577 2426 2H
2605 2371 2664 2438 (l.
2697 2386 2744 2425 c.
2790 2387 2843 2440 p.
2877 2371 3000 2433 508,
3051 2369 3176 2436 509)
3221 2401 3289 2411 -
3323 2369 3681 2423 indistinctus
3733 2367 3798 2421 ab

2215 2462 2468 2524 essentia,
2515 2461 2624 2515 imo
2671 2476 2800 2514 vero
2851 2460 2966 2530 ipse
3018 2458 3313 2512 αὑτοουσὶα
3335 2459 3634 2523 exsistens,
3693 2474 3794 2512 non

2215 2554 2531 2626 intelligitur
2586 2554 2901 2608 distinctam
2931 2553 3134 2607 habere
3166 2552 3459 2607 essentiam
3506 2551 3576 2605 ab
3629 2550 3795 2622 hypo-

2214 2642 2380 2712 stasi;
2431 2662 2539 2700 non
2580 2647 2725 2700 enim
2773 2662 2850 2706 re,
2893 2645 2986 2699 sed
3021 2644 3134 2699 sola
3184 2644 3394 2697 ratione
3440 2643 3797 2712 distinguitur

2217 2737 2367 2810 [245]
2398 2746 2621 2808 paterna
2652 2737 2955 2808 hypostasis
2991 2753 3021 2791 a
3073 2753 3168 2790 sua
3193 2737 3451 2791 eSSentia.
3514 2735 3616 2789 Est
3665 2751 3791 2804 ergo

2218 2828 2380 2883 Pater
2465 2826 2836 2881 substantialis
2925 2825 3262 2894 (οὺσιὼδης)
3369 2825 3680 2896 hypostasis
3747 2833 3799 2878 et

2217 2929 2442 2990 generat
2469 2919 2904 2975 substantialiter
2939 2917 3168 2982 Filium;
3193 2926 3247 2970 et
3273 2927 3569 2987 generatur
3600 2916 3787 2980 Filius,

2219 3012 2593 3066 substantialis
2643 3023 2698 3065 et
2762 3011 2881 3080 ipse
2907 3009 3257 3080 hypostasis;
3294 3019 3350 3064 et
3394 3022 3528 3064 sunt
3581 3010 3797 3079 quidem

2219 3106 2340 3159 dua:
2375 3105 2719 3176 liypostases.
2752 3103 2844 3156 sed
2878 3117 3019 3156 unus
3071 3103 3209 3156 licus
3263 3111 3317 3157 et
3355 3117 3463 3156 una
3513 3103 3796 3157 amborum

2146 3226 2188 3283 ο
2220 3207 2434 3260 natura,
2464 3211 2587 3250 cum
2615 3211 2719 3264 qua
2761 3195 2998 3265 Spiritus
3027 3204 3249 3248 sanctus
3281 3195 3604 3248 indistincte
3637 3195 3796 3264 (ἀχω-

2225 3285 2443 3358 ρεστως)
2482 3285 2842 3350 intelligitur;
2873 3293 2928 3339 et
2958 3299 3137 3352 neque
3171 3283 3326 3337 Pater
3364 3291 3448 3338 est
3485 3299 3671 3353 neque
3717 3285 3800 3338 Fi-

2221 3379 2347 3442 lius,
2374 3393 2552 3447 neque
2588 3377 2716 3446 quid
2747 3393 2957 3441 eorum,
2992 3393 3113 3445 qua:
3146 3385 3275 3429 sunt
3307 3376 3372 3430 ad
3414 3376 3621 3445 aliquid
3679 3377 3799 3447 (τῶν

2222 3471 2358 3540 πρὸς
2404 3471 2498 3530 τι).
2536 3469 2642 3524 Sed
2690 3467 2976 3539 Spiritum,
3009 3469 3062 3521 in
3095 3477 3361 3538 quantum
3409 3477 3492 3522 est
3539 3467 3799 3537 Spiritus,

2222 3562 2286 3616 ad
2340 3562 2637 3632 Spirantem
2678 3561 2837 3632 (πρῶ
2872 3561 2963 3612 τὸν
3014 3560 3262 3629 πνέοντα)
3313 3559 3504 3614 referri
3563 3569 3795 3630 oportet.

2222 3652 2359 3719 Quia
2390 3668 2518 3706 vero
2548 3652 2786 3722 Spiritus
2815 3659 2898 3705 est
2923 3650 3101 3705 Patris
3133 3650 3389 3720 Spiritus,
3415 3658 3480 3704 :et
3512 3648 3798 3720 Scriptura

2183 3751 2188 3757 ‘
2223 3754 2450 3798 testatur
2486 3745 2633 3797 illum
2687 3758 2808 3797 esse
2833 3759 3049 3812 quoque
3083 3741 3201 3795 Filii
3254 3741 3541 3811 Spiritum,
3584 3742 3799 3812 spiran-

2183 3851 2188 3853 ·
2222 3845 2304 3890 tes
2329 3845 2456 3890 sunt
2483 3850 2612 3906 ergo
2662 3833 2822 3888 Pater
2848 3844 2902 3889 et
2931 3833 3121 3887 Filius.
3154 3852 3171 3884 ι
3227 3833 3458 3898 Quando
3507 3849 3641 3905 ergo
3670 3834 3800 3889 diei-

2221 3936 2346 3981 tur:
2383 3944 2400 3977 ι
2441 3927 2597 3980 Pater
2630 3942 2740 3980 non
2767 3936 2850 3980 est
2898 3927 3226 3996 principium
3260 3926 3471 3980 ratione
3520 3927 3795 3991 essentne,

2186 4045 2190 4049 -
2221 4034 2410 4072 verum
2446 4018 2501 4073 id
2540 4027 2624 4073 est
2654 4019 2720 4073 de
2754 4019 3022 4088 principio
3056 4019 3302 4088 proximo
3327 4021 3465 4089 quod
3486 4027 3716 4090 generat
3749 4030 3800 4074 et

2222 4112 2414 4180 spirat,
2477 4126 2588 4164 non
2635 4127 2766 4165 vero
2815 4111 2881 4165 de
2926 4111 3196 4181 principio
3229 4121 3443 4166 remoto
3491 4130 3596 4181 quo
3633 4129 3797 4184 gene-

2220 4213 2305 4258 rat
2334 4213 2389 4258 et
2420 4205 2628 4273 spirat;
2660 4220 2850 4258 verum
2899 4220 3010 4257 non
3058 4211 3162 4269 est,
3197 4205 3242 4258 si
3285 4205 3526 4260 essentia
3573 4207 3800 4260 oumiuo

2221 4292 2546 4355 excluditur,
2581 4309 2704 4363 qua:
2732 4303 2816 4347 est
2843 4293 2971 4348 illud
3006 4294 3206 4364 ipsum,
3240 4297 3385 4364 quod
3423 4306 3536 4350 tum
3564 4313 3796 4366 genera-

2181 4383 2369 4437 ‘tione
2419 4391 2532 4436 tum
2583 4383 2883 4452 spiratione
2930 4384 3372 4437 communicatur.
3429 4385 3797 4438 Subdividunt

2220 4483 2482 4544 praeterea
2523 4473 2758 4544 theologi
2791 4475 3105 4541 principium
3151 4491 3251 4543 quo
3300 4475 3354 4527 in
3411 4475 3650 4529 radicale
3701 4491 3800 4530 seu

537 4567 777 4638 gignere,
833 4575 1010 4636 potest
1077 4567 1271 4620 Filiqu
1328 4567 1561 4631 habere;
1612 4566 1912 4620 secundum
1979 4566 2654 4646 veroDrcmotisstmum,
2711 4565 2857 4635 quod
2909 4566 2962 4618 iu
3035 4567 3391 4637 generatione
3435 4581 3591 4636 reque
3637 4583 3704 4622 ac
3749 4569 3799 4620 in

535 4658 678 4728 quod
716 4668 893 4728 potest
933 4659 1198 4720 emittere,
1239 4673 1348 4711 non
1404 4656 1584 4726 potest
1633 4655 1829 4712 Filium
1883 4659 2108 4713 habere.

534 4749 714 4813 Quare
754 4747 1051 4801 seeumlum
1079 4744 1221 4799 aliud
1253 4754 1431 4815 potest
1462 4745 1681 4816 gignere
1715 4745 1864 4818 [252]
1913 4763 1976 4801 ac
2023 4762 2110 4801 se-

534 4837 772 4890 cundum
799 4835 944 4889 aliud
979 4835 1247 4888 emittere.
1287 4854 1305 4886 ν
1335 4835 1492 4900 Quod
1515 4836 1557 4888 si
1587 4835 1751 4906 igitur
1767 4836 1945 4907 Photii
1977 4837 2113 4891 etfa-

535 4937 672 4994 tum,
699 4929 776 4997 τῷ
807 4928 950 4997 λόγῳ
999 4930 1098 4996 τῆς
1135 4927 1486 4991 ὑποστάσεως
1520 4928 1734 4984 Patrem
1781 4930 2108 5000 principium

533 5033 656 5075 esse
696 5018 932 5088 Spiritus
975 5016 1170 5081 sancti,
1203 5018 1332 5071 illud
1390 5018 1491 5072 sibi
1546 5019 1700 5098 vultu
1745 5019 1959 5074 Patrem
2005 5033 2113 5089 qua

536 5111 720 5173 talem,
761 5110 968 5163 ratione
1021 5109 1366 5179 paternitatis
1405 5124 1525 5163 esse
1560 5111 1906 5178 spiratorem,
1931 5111 2108 5164 mani-

535 5203 671 5257 teste
704 5201 897 5255 falsum
931 5211 1044 5269 est;
1071 5203 1215 5272 quod
1248 5203 1292 5257 si
1315 5219 1442 5258 vero
1478 5204 1634 5258 aliam
1683 5205 1775 5258 uni
1813 5203 1954 5260 Patri
1984 5222 2112 5275 pro-

537 5296 708 5365 priam
734 5305 916 5348 notam
939 5296 1183 5366 intelligit
1213 5311 1276 5351 ac
1298 5297 1515 5366 quidem
1541 5298 1641 5368 τὴν
1665 5296 1955 5368 προϐολὴν,
1981 5298 2116 5353 falsa

535 5398 618 5439 est
649 5387 970 5456 suppositio,
999 5388 1137 5442 hanc
1176 5404 1295 5443 esse
1328 5398 1568 5458 paternae
1599 5391 1958 5461 hypostaseos
1981 5392 2115 5445 cha-

537 5481 928 5534 racteristicum
959 5481 1158 5535 idioma
1183 5482 1280 5552 (§5
1305 5483 1510 5552 seqq.).
1539 5481 1594 5536 Si
1615 5482 1846 5552 denique
1871 5483 1945 5536 nil
1971 5483 2116 5538 aliud

537 5570 719 5625 dicere
779 5573 958 5631 vellet.
1030 5574 1134 5628 nisi
1203 5576 1346 5645 quod
1403 5575 1679 5630 communi
1735 5576 2110 5647 theologorum

541 5663 804 5735 principio
842 5667 1093 5730 traditur,
1143 5668 1386 5722 actiones
1432 5684 1554 5723 esse
1573 5668 1978 5738 suppositorum
2019 5668 2113 5739 (cf.

615 5801 726 5877 (5‘2)
759 5803 848 5860 Sic
877 5806 1164 5862 Bessarion
1209 5807 1368 5875 Resp.
1422 5808 1493 5860 ad
1533 5807 1705 5861 Marci
1742 5807 1878 5877 Eph.
1935 5825 1983 5864 c.
2025 5809 2112 5875 18,

541 5875 664 5929 cod.
690 5875 834 5931 Mon.
869 5877 935 5932 ‘27
967 5879 1005 5933 ἵ.
1038 5879 1144 5934 ‘250
1171 5879 1224 5934 b.
1254 5879 1366 5949 Τὴν
1401 5878 1552 5932 θείαν
1582 5879 1676 5932 τοῦ
1718 5875 1930 5951 Harpe;
1983 5880 2116 5933 ὑπὸ·

2215 4658 2518 4728 spiratione
2539 4665 2622 4711 est
2655 4657 2766 4726 ipsa
2790 4655 2978 4711 divina
3006 4666 3238 4722 natura;
3295 4658 3351 4712 in
3381 4659 3672 4729 patentiale
3707 4675 3800 4713 seu

2208 4759 2493 4812 remotum,
2552 4750 2698 4818 quod
2754 4758 2838 4804 est
2892 4750 3137 4819 potentia
3191 4749 3422 4805 actionis
3469 4767 3568 4805 seu
3626 4753 3801 4806 virtus

2179 4865 2182 4874 ·
2216 4840 2412 4912 agendi
2447 4840 2769 4895 intermedia
2796 4857 2810 4905 ;
2835 4841 2887 4894 in
2921 4841 3147 4912 formate
3173 4857 3266 4895 seu
3293 4844 3618 4910 proximum,
3652 4843 3800 4913 quod

2185 4943 2298 4988 est
2324 4933 2497 4986 forma
2519 4941 2612 4986 aut
2647 4933 2728 4986 vis
2751 4932 2989 4986 actionis
3028 4949 3124 4986 seu
3161 4933 3334 4986 virtus
3361 4933 3558 5004 agendi
3606 4937 3800 4988 innue-

2174 5026 2376 5078 'diata.
2405 5025 2781 5078 Communiter
2833 5025 3033 5078 docent
3083 5025 3402 5093 principium
3452 5043 3555 5097 quo
3608 5031 3795 5096 proxi-

2177 5133 2360 5170 -mum
2409 5118 2774 5187 productivum
2802 5133 2926 5172 esse
2976 5120 3124 5174 solas
3181 5119 3548 5188 pr0prietates
3610 5136 3801 5190 perso-

2217 5225 2409 5264 narum
2438 5211 2876 5280 producentium,
2925 5212 3424 5264 communicativum
3458 5229 3590 5266 vero
3641 5223 3798 5268 natu-

2217 5318 2331 5355 ram
2379 5303 2551 5372 ipsam
2595 5303 2836 5357 divinam
2889 5303 2983 5372 (cf.
3022 5302 3208 5357 liilber
3237 5304 3269 5357 Ι.
3305 5319 3356 5356 c.
3389 5318 3440 5357 c.
3475 5305 3543 5366 1.-
3569 5321 3621 5358 a.
3651 5307 3708 5365 2.
3738 5324 3794 5360 n.

2219 5395 2320 5449 ’568
2356 5412 2471 5466 seq.
2500 5397 2540 5466 ).
2577 5394 2780 5450 Deinde
2807 5397 2837 5449 ὁ
2863 5394 3021 5463 λόγος
3059 5394 3160 5465 τῆς
3193 5395 3548 5460 ὑποστάσεως
3574 5399 3795 5469 cogitari

2221 5498 2402 5556 potest
2448 5488 2526 5542 vel
2558 5496 2721 5557 prout
2750 5486 3133 5542 consideratur
3162 5503 3393 5557 persona
3423 5503 3522 5557 per
3569 5505 3630 5543 se
3678 5491 3794 5544 uni-

2228 5582 2426 5636 versim
2457 5581 2592 5635 etin
2625 5580 2902 5634 abstracto
2930 5580 3014 5633 vel
3061 5589 3225 5649 prout
3263 5596 3496 5649 persona
3549 5583 3676 5637 talis
3720 5585 3793 5637 itt-

2223 5675 2479 5747 telligitur
2506 5674 2607 5729 hac
2641 5676 2725 5728 vel
2756 5673 2842 5726 illa
2890 5672 3266 5727 individuaute
3311 5673 3505 5727 alfecta
3554 5677 3793 5745 proprie-

2221 5826 2411 5863 στασιν
2441 5808 2619 5862 αἰτίαν
2638 5805 2799 5866 εἶναι,
2824 5806 2898 5878 ᾡς
2921 5804 2981 5856 τὸ
3011 5803 3057 5874 ὃ,
3088 5803 3280 5878 sitsit”;
3305 5803 3386 5868 οὗ,
3417 5805 3517 5877 τὴν
3551 5804 3610 5858 δὲ
3647 5802 3786 5856 Θείαν

2222 5881 2384 5934 αὑτοῦ
2414 5879 2605 5934 οὐσίαν
2631 5879 2708 5942 ὡς
2743 5879 2802 5931 τὸ
