4008 6406
201 387 310 462 ἔ81

882 400 981 461 DE
1016 402 1100 496 δ..
1120 403 1314 466 smn.
1350 383 1856 466 MYSTAGOGIA.
1889 429 1962 442 -—
1996 375 2737 468 ANIMADVERSIONES.

3337 365 3476 460 482‘

189 519 332 566 tate.
390 499 607 565 Patrem
675 505 818 566 esse
851 511 1022 566 αἴτιον
1075 513 1183 566 τῶν
1224 515 1283 582 ἐξ
1338 515 1502 570 αὐτοῦ
1564 516 1774 571 ratione
1799 514 2012 587 Aquod
2037 518 2120 571 hic
2148 517 2357 580 quidem
2385 517 2568 582 Pater,
2607 517 2690 569 hic
2707 530 2826 568 vero
2878 510 3049 565 Filius
3079 497 3300 574 exsistit,
3350 509 3443 563 sed

112 675 116 680 τ
188 604 556 673 hypostaseos
578 603 630 655 in
666 603 940 657 abstracto
969 620 1132 660 nemo
1165 606 1390 668 dixerit.
1419 623 1544 662 cum
1570 608 1644 662 sit
1665 607 1763 660 ab-

186 695 428 749 surdum
456 711 470 758 ;
499 694 818 764 intelligitur
847 697 975 751 hinc
1004 706 1063 750 ut
1085 713 1318 767 persona
1350 709 1624 754 concreta.
1661 699 1767 754 Sed

185 800 345 840 mine
376 799 565 838 rursus
623 785 903 854 qumritur,
937 794 1122 840 utrum
1169 783 1331 840 Pater
1393 787 1770 841 consideretur

187 875 250 929 in
296 875 634 946 proprietate
675 876 1023 930 constitutiva
1060 879 1423 946 paternitatis,
1463 894 1568 948 qua
1613 876 1771 930 Pater

187 978 300 1031 est,
333 983 401 1020 an
427 967 480 1019 in
504 968 607 1021 alia
646 967 998 1037 pr0prictate,
1031 985 1152 1038 qum
1175 970 1242 1023 ab
1269 971 1357 1024 illa
1380 970 1768 1041 distinguatur.

192 1062 255 1114 Si
289 1063 547 1132 primmu,
580 1061 797 1114 nonnisi
832 1070 890 1113 ut
919 1070 1074 1130 pater
1101 1058 1339 1131 Spiritus
1381 1061 1556 1116 sancti
1617 1076 1772 1130 spec-

191 1155 301 1208 tari
343 1161 525 1222 potest
554 1162 610 1206 et
661 1151 811 1224 [‘244]
854 1153 947 1207 hic
996 1154 1224 1224 proinde
1244 1153 1348 1208 erit
1397 1154 1590 1207 Filius.
1629 1152 1774 1207 Sane

189 1244 376 1299 Patris
422 1260 620 1298 nomen
668 1245 885 1300 nonnisi
912 1245 1234 1301 relationem
1267 1247 1333 1300 ad
1360 1245 1555 1299 Filium
1583 1254 1775 1300 notare

191 1337 373 1393 Graeci
420 1338 671 1392 doctores
705 1352 896 1392 omnes
943 1339 1148 1394 diserte
1197 1340 1395 1393 docent
1448 1337 1584 1407 (53);
1637 1352 1774 1407 quo-

195 1431 364 1484 modo
387 1446 514 1500 ergo
557 1428 716 1483 Pater
749 1438 808 1483 ut
840 1428 1006 1484 Pater
1036 1431 1230 1500 spirat,
1271 1445 1373 1485 nec
1425 1441 1606 1484 tamen
1651 1429 1777 1498 Spi-

196 1521 344 1574 ritus
377 1521 479 1573 erit
513 1520 730 1574 Filius?
769 1519 826 1573 Si
866 1536 997 1574 vero
1038 1521 1294 1584 alterum,
1341 1536 1406 1575 ea
1450 1519 1774 1590 proprietas,

197 1625 545 1680 quaecunque
574 1611 792 1665 demum
817 1626 881 1665 ea
908 1612 998 1677 sit,
1026 1627 1148 1666 cum
1179 1612 1426 1666 liliationi
1455 1627 1566 1666 non
1602 1627 1777 1681 oppo-

200 1712 388 1766 natur,
412 1702 550 1757 Filio
581 1704 742 1756 etiam
777 1703 955 1758 inesse
992 1718 1058 1758 ex
1095 1704 1352 1773 superius
1388 1703 1778 1758 demonstratis

197 1796 456 1850 infertur.
492 1795 565 1849 Ea
600 1812 732 1850 vero
769 1797 873 1849 alia
911 1811 1035 1851 esse
1074 1812 1184 1850 non
1209 1804 1406 1866 potest,
1433 1795 1535 1850 nisi
1565 1797 1598 1866 ἡ
1641 1811 1776 1864 προ-

199 1888 334 1960 ϐολὴ
365 1903 459 1942 seu
495 1888 755 1958 spiratio;
781 1888 911 1944 hinc
944 1890 1072 1942 dum
1094 1886 1255 1943 Pater
1276 1889 1478 1943 dicitur
1497 1889 1777 1958 γεννήτωρ

197 1981 298 2035 καὶ
329 1981 626 2052 προόο).εὺς
661 1980 706 2051 (§
727 1982 803 2050 5),
835 1996 945 2035 non
999 1997 1104 2051 qua
1149 1981 1329 2043 Pater,
1361 1981 1456 2036 sed
1506 1995 1611 2050 qua
1652 1979 1778 2049 Spi-

197 2080 349 2125 rator
387 2071 650 2140 Spiritum
698 2071 949 2125 emittere
998 2071 1201 2125 dicitur

199 2165 507 2234 proprietas
533 2164 873 2235 hypostatica
903 2175 957 2218 ct
992 2165 1085 2218 uni
1115 2163 1260 2218 Patri
1291 2164 1510 2234 propria
1528 2180 1640 2218 non
1671 2173 1776 2227 est,

198 2257 310 2309 imo
347 2265 403 2309 et
437 2254 572 2309 Filio
601 2257 874 2310 convenit.
931 2256 1172 2326 Denique
1213 2256 1319 2311 sia
1350 2257 1545 2311 Photio
1596 2257 1774 2327 hypo-

198 2347 365 2400 stasis
398 2347 575 2401 Patris
603 2346 924 2418 intelligitur
955 2347 1074 2402 sine
1097 2349 1356 2414 essentia,
1395 2349 1671 2418 quomodo
1694 2362 1781 2401 es-

197 2438 432 2492 sentiam
481 2438 695 2508 Spiritu‘
739 2440 1148 2494 communicat?
1183 2441 1239 2494 Si
1289 2455 1417 2494 vero
1459 2439 1781 2510 intelligitur

199 2529 256 2582 in
287 2530 526 2584 essentia
569 2539 624 2585 et
660 2545 785 2585 cum
829 2531 1092 2597 essentia,
1138 2531 1412 2602 quomodo
1443 2531 1614 2585 Filius
1668 2547 1782 2585 non

207 2621 544 2692 participat?
571 2622 1086 2694 Undequaqueergo
1104 2633 1271 2694 patet,
1297 2638 1363 2677 ex
1391 2621 1570 2676 Photii
1596 2621 1780 2688 eiiato,

199 2733 531 2788 quocunque
589 2719 828 2790 legitimo
871 2734 1036 2774 sensu
1088 2727 1416 2788 exponatur,
1461 2718 1539 2772 nil
1589 2727 1779 2772 contra

202 2808 427 2864 Latinos
477 2811 670 2865 deduci
721 2827 902 2880 posse,
968 2812 1080 2866 imo
1129 2811 1294 2866 variis
1355 2811 1533 2867 modis
1585 2819 1778 2866 contra

201 2900 382 2970 ipsum
407 2901 603 2955 exinde
647 2903 819 2972 argui.
846 2901 1002 2967 Quod
1043 2901 1089 2956 si
1124 2903 1320 2956 eodem
1359 2902 1519 2956 modo
1543 2900 1782 2971 Spiritus

201 2994 530 3063 principium
557 3010 680 3049 esse
710 2994 948 3060 Patrem,
988 3010 1096 3064 quo
1139 2993 1263 3048 Filii
1295 3003 1380 3048 est
1431 2993 1596 3065 ἀρχὴ,
1640 3010 1777 3048 con-

203 3086 414 3150 tendat,
442 3087 632 3140 eadem
663 3087 1023 3157 proprietate,
1052 3087 1240 3143 eadem
1272 3088 1522 3152 actione;
1547 3088 1655 3157 jam
1691 3087 1792 3140 Fi-'

201 3179 312 3234 lius
339 3190 396 3234 et
423 3180 682 3250 Spiritus,
725 3182 1003 3253 generatio
1040 3191 1096 3237 et
1128 3182 1409 3252 processio
1436 3181 1778 3236 confunden-

204 3283 316 3338 ωε,
350 3272 692 3342 plurimaque
740 3289 806 3328 ex
861 3273 928 3328 iis
981 3281 1286 3343 sequentur
1329 3273 1604 3338 absurdis,
1658 3287 1779 3343 qua:

204 3363 324 3434 ipse
357 3363 564 3419 Latinis
608 3366 887 3435 hucusque
943 3366 1166 3436 objecit.
1217 3367 1356 3420 Item
1413 3366 1591 3436 quoad
1623 3365 1776 3438 [245]

204 3457 478 3526 potiorem
523 3465 732 3528 partem
769 3459 1046 3528 perspexit
1087 3459 1241 3530 liugo
1272 3459 1623 3522 Etherianus,
1653 3458 1782 3513 licet

205 3563 320 3602 non
355 3550 486 3604 satis
533 3560 786 3605 accurate
829 3566 951 3605 eam
987 3550 1164 3604 verbis
1194 3559 1452 3620 exponat.
1483 3550 1578 3605 Sic
1629 3550 1772 3603 inter

205 3642 313 3696 alia
352 3643 545 3697 scribit
576 3643 636 3712 (l.
683 3659 747 3707 ιι,
785 3659 834 3697 c.
887 3644 942 3708 4,
979 3659 1031 3712 p.
1085 3643 1246 3709 12H,
1285 3643 1477 3713 1218):
1542 3663 1560 3694 ι
1620 3641 1774 3708 Dico,

206 3733 629 3787 insuﬂicientem
665 3748 787 3786 esse
829 3733 1025 3788 iactam
1088 3733 1417 3800 divisionem,
1449 3750 1571 3803 qua:
1611 3734 1783 3804 Spiri-

206 3836 324 3880 tum
355 3842 421 3880 ex
449 3825 584 3881 Filio
613 3836 709 3880 aut
756 3829 962 3881 ratione
1015 3839 1221 3882 natura:
1243 3837 1337 3881 aut
1389 3829 1597 3882 ratione
1659 3845 1781 3898 per-

203 3935 348 3974 some
399 3919 689 3988 provenire
743 3919 1050 3990 signiﬁcat,
1104 3921 1349 3975 eamdem
1402 3922 1604 3992 quippe
1655 3937 1779 3975 cum

207 4009 448 4062 habeant
475 4017 750 4074 naturam,
783 4027 892 4064 non
923 4021 1008 4066 est
1029 4013 1168 4067 alter
1194 4028 1258 4067 ex
1287 4013 1459 4068 altero
1479 4015 1780 4068 secundum

207 4101 577 4156 substantiam
605 4118 620 4167 ;
655 4111 850 4156 natura
885 4104 1024 4157 enim
1049 4119 1110 4159 se
1142 4105 1311 4175 ipsam
1363 4106 1638 4176 quomodo
1683 4121 1782 4176 pa-

209 4193 362 4247 riat?
413 4192 678 4248 Similiter
724 4203 907 4248 autem
960 4211 1140 4264 neque
1191 4200 1491 4252 secundum
1534 4213 1782 4268 persona:

207 4288 505 4340 rationem.
563 4286 1034 4352 Quemadmodum
1074 4288 1218 4341 enim
1255 4288 1418 4344 Pater
1446 4306 1556 4344 non
1586 4290 1640 4344 in
1691 4305 1778 4356 eo,

205 4381 351 4449 quod
385 4380 566 4442 Pater,
614 4380 834 4445 emittit,
861 4380 934 4434 ita
965 4390 1020 4436 et
1055 4381 1225 4436 Filius
1255 4399 1365 4437 non
1398 4384 1453 4438 in
1499 4400 1584 4449 eo,
1636 4387 1780 4455 quod

207 4469 401 4535 Filius,
453 4486 618 4525 causa
668 4473 1110 4544 principiumque
1141 4476 1398 4546 Spiritus.
1437 4477 1781 4549 Quapropter

1279 2070 1415 2142 (54);
1476 2069 1590 2124 haec
1647 2071 1794 2124 vero

1870 608 1926 661 in
1982 624 2040 662 eo
2096 611 2234 678 quod
2271 610 2320 662 ei
2339 609 2694 663 exsisteutiam
2739 614 3010 676 praestant,
3050 603 3286 673 Spiritus
3325 615 3446 656 esse

1873 699 2058 764 habet,
2111 715 2289 770 neque
2333 710 2462 754 sunt
2494 700 2602 754 duo
2651 697 2933 768 principia,
2965 711 3091 751 cum
3142 692 3444 749 secundum

1877 791 2116 861 Spiritus
2157 791 2505 845 emissionem
2557 805 2844 844 numerum
2897 802 3006 841 non
3059 784 3381 854 suscipiant.
3420 799 3441 835 ι

1872 883 2009 939 Illud
2041 884 2275 954 denique
2302 883 2621 946 notandum,
2654 882 2836 937 verbis
2863 880 2964 934 illis
3001 878 3145 948 λόγῳ
3171 878 3272 947 τῆς
3311 876 3447 928 ὐπο-

1875 973 2118 1038 ard-asto;
2148 984 2254 1029 etc.
2286 976 2466 1046 potius
2499 974 2765 1029 insinuari
2797 972 3122 1044 principium
3137 988 3260 1041 quo,
3288 984 3450 1040 quam

1877 1067 2207 1138 principium
2244 1068 2418 1137 quod;
2447 1068 2573 1121 licet
2603 1076 2784 1122 autem
2809 1065 3047 1120 essentia
3078 1080 3180 1118 nec
3229 1069 3457 1133 generet

1875 1155 1982 1214 nec
2009 1161 2198 1230 spiret,
2235 1171 2418 1214 tamen
2445 1162 2743 1215 secundum
2771 1157 3064 1214 essentiam
3099 1156 3258 1210 Pater
3284 1169 3453 1226 gene-

1877 1262 1984 1317 rat,
2027 1261 2079 1306 et
2122 1253 2280 1308 Pater
2306 1253 2583 1323 Filiusque
2613 1253 2854 1322 spirant;
2885 1249 2995 1322 (55)
3041 1250 3183 1304 unde
3220 1245 3456 1303 essentia

1878 1355 1938 1398 ut
1969 1346 2287 1414 principium
2320 1361 2420 1415 quo
2439 1343 2860 1398 remotissimum
2881 1342 3170 1412 cogitatur.
3200 1337 3455 1394 Photium

1877 1443 2059 1489 autem
2087 1434 2214 1488 dmn
2250 1433 2382 1488 dicit
2407 1450 2421 1488 :
2462 1432 2622 1486 Pater
2647 1441 2731 1486 est
2762 1446 2923 1486 causa
2948 1430 3152 1482 ratione
3177 1440 3454 1497 personzc,

1879 1528 1982 1582 sub
2010 1527 2099 1580 illa
2127 1527 2333 1580 ratione
2362 1525 2689 1596 principium
2741 1541 2842 1594 quo
2893 1523 3198 1592 intelligere
3250 1532 3456 1588 propo-

1879 1618 2006 1674 sitio
2042 1617 2155 1687 ipsa
2190 1617 2402 1679 suadet,
2434 1616 2593 1685 cujus
2628 1615 2938 1684 subjectum
2969 1623 3050 1668 est
3078 1614 3255 1681 ipsum
3285 1624 3452 1681 agens

1880 1709 2223 1780 snppositum
2252 1725 2346 1763 seu
2381 1708 2709 1777 principium
2747 1709 2905 1778 quod.
2929 1704 3086 1761 Unde
3116 1704 3194 1756 sic
3226 1691 3479 1772 accepta'

1881 1800 2184 1870 propositio
2238 1799 2557 1870 simpliciter
2619 1797 2808 1868 negari
2857 1805 3056 1867 potest.
3110 1793 3452 1864 Principium

1882 1893 2027 1948 enim
2054 1909 2154 1963 quo
2188 1902 2274 1947 est
2328 1891 2512 1946 divina
2542 1890 2779 1946 essentia
2814 1888 3115 1943 secundum
3171 1886 3316 1956 quod
3373 1875 3480 1938 cst'

1881 1987 2056 2041 activa
2090 1985 2340 2056 spiratio,
2381 1986 2520 2040 sicut
2561 1984 2796 2039 essentia
2839 1981 3137 2037 secundum
3189 1979 3333 2049 quod
3375 1987 3462 2032 est

1881 2078 2204 2148 paternitas,
2231 2080 2641 2148 estprincipinm
2662 2093 2762 2147 quo
2795 2076 2846 2128 in
2870 2074 3221 2147 generatione
3241 2073 3458 2144 (Thom.

1884 2170 1960 2223 in.
1992 2170 2028 2223 l.
2079 2187 2118 2235 l,
2165 2169 2295 2224 dist.
2328 2169 2382 2234 7,
2427 2185 2481 2239 q.
2526 2171 2576 2234 1,
2616 2169 2780 2236 a.2);
2839 2169 3051 2236 hocque
3099 2181 3264 2220 sensu
3301 2155 3482 2246 docet

1881 2261 2148 2333 Georgius
2175 2263 2574 2331 Trapezuntius
2606 2260 2690 2332 (G.
2715 2259 2777 2315 0.
2807 2259 2843 2323 Ι,
2871 2259 2995 2329 492)
3022 2277 3035 2312 :
3069 2257 3224 2330 [246]
3253 2257 3326 2310 Τὸ
3347 2275 3465 2326 γεν·

1885 2333 1980 2426 νᾷν
2012 2357 2108 2409 καί
2139 2355 2198 2408 τὸ
2228 2355 2553 2425 προϐάλλειν
2583 2353 2797 2422 eadem;
2838 2353 2998 2422 ἔργον
3029 2347 3188 2415 εἶναι,
3247 2345 3465 2418 φύσεως

1883 2444 1938 2498 δὲ
1963 2445 2024 2498 οὐ
2057 2445 2256 2514 πάσης,
2279 2445 2411 2498 ἀλλὰ
2432 2462 2495 2497 πε
2507 2447 2556 2516 ρὶ
2589 2446 2654 2515 ἢν
2679 2445 2711 2515 ἡ
2745 2444 2837 2496 τοῦ
2858 2443 3052 2513 γεννᾷν
3079 2441 3111 2511 ἢ
3138 2433 3480 2511 προϐάλλειν

1885 2537 2086 2610 ἰδιότης
2143 2538 2446 2608 θεωρεῖται,
2499 2545 2662 2606 prout
2706 2545 2789 2590 cst
2832 2535 2946 2589 sive
2993 2533 3279 2606 protentizc
3334 2549 3462 2602 pro-

1883 2629 2198 2697 prietatibus
2223 2628 2476 2698 gignendi
2499 2627 2579 2681 vel
2603 2625 2844 2697 spirandi
2863 2625 3046 2695 affecta
3062 2633 3108 2678 et
3128 2623 3456 2688 modiﬁcata.

1957 2722 2046 2774 12.
2085 2718 2203 2774 Jam
2250 2735 2369 2789 cap.
2404 2720 2469 2773 17
2511 2723 2565 2772 in
2606 2719 2732 2780 ﬁne,
2775 2719 2971 2772 deinde
3017 2732 3137 2786 cap.
3173 2718 3242 2772 ’56
3293 2724 3342 2768 et
3393 2714 3463 2768 σι

1883 2813 2111 2868 l’hotius
2165 2827 2229 2867 ac
2269 2827 2388 2882 cap.
2430 2813 2462 2867 9
2498 2811 2750 2865 Nicolaus
2794 2809 3163 2865 Methoncnsis
3206 2816 3454 2877 quartam

1884 2907 2170 2978 proferunt
2209 2906 2492 2971 πρότασιν,
2537 2920 2602 2958 ex
2652 2920 2756 2974 qua
2805 2919 2913 2956 non
2961 2903 3140 2956 minus
3190 2901 3464 2954 subtiliter

1884 3008 2335 3069 argumentantur
2368 3015 2382 3050 :
2421 2995 2686 3068 Quidquid
2724 2997 2779 3049 in
2821 2995 3073 3049 Trinitate
3119 2995 3332 3060 dicitur,
3372 3001 3464 3046 aut

1885 3092 2042 3143 trium
2095 3105 2438 3159 personarum
2486 3103 2758 3141 commune
2791 3096 2866 3140 est
2911 3095 3004 3138 aut
3039 3086 3192 3137 unius
3233 3097 3467 3152 persona:

1885 3183 2189 3251 proprium;
2229 3181 2370 3236 unde
2409 3181 2550 3251 quod
2584 3196 2694 3234 non
2733 3188 2816 3233 est
2859 3193 3150 3233 commune
3178 3177 3371 3240 trium,
3413 3175 3465 3229 id

1885 3285 1968 3330 est
1997 3276 2158 3329 unius
2185 3274 2466 3344 proprium
2500 3273 2580 3343 (τὸ
2602 3273 2692 3324 ἐπὶ
2717 3272 2818 3340 τῆς
2847 3272 3075 3342 Τριάδος
3104 3270 3395 3340 λεγόμενον
3429 3269 3483 3340 ἢξ

1885 3369 2004 3432 ἑνός
2029 3369 2227 3438 ἐστινῆ
2261 3367 2368 3420 τῶν
2388 3368 2555 3436 τριῶν
2579 3366 2693 3420 sive
2741 3367 2771 3435 ἦ
2808 3366 2983 3418 κοινόν
3027 3367 3142 3418 ἐστι
3169 3367 3270 3433 τῆς
3300 3364 3460 3434 Τριὰο

1885 3463 1974 3525 δος
2005 3461 2038 3532 ἢ
2074 3462 2203 3532 μιᾶς
2229 3459 2581 3521 ὑποστάσεως
2625 3457 2794 3528 ἴδιον).
2834 3459 2949 3511 Hoc
2998 3457 3324 3527 principium
3367 3472 3466 3526 pro

1884 3567 2048 3608 causa
2096 3549 2358 3604 Photiana
2399 3547 2690 3602 conﬁctum
2724 3547 2952 3618 primam
2997 3547 3262 3618 πρότασιν
3297 3547 3462 3600 habet

1884 3645 2090 3699 Beccus
2123 3643 2282 3712 (orat.
2315 3643 2350 3696 2
2393 3642 2470 3696 lte
2497 3640 2698 3710 injusta
2742 3641 2961 3708 deposit.
2990 3655 3039 3694 c.
3071 3639 3174 3704 24;
3208 3639 3271 3695 (ἶ.
3303 3639 3365 3695 0.
3394 3639 3463 3702 ll,

1887 3737 1996 3806 75),
2035 3751 2197 3806 quam
2232 3736 2316 3789 vel
2359 3750 2425 3789 eo
2466 3750 2576 3788 uno
2613 3734 2834 3788 Patrum
2865 3733 3029 3787 clIato
3064 3732 3236 3787 refelli
3267 3744 3422 3789 notat
3446 3729 3478 3800 ,'

1884 3831 2028 3901 quod
2062 3829 2106 3882 F
2112 3831 2202 3884 ilio
2215 3846 2276 3882 ac
2292 3827 2516 3898 Spiritui
2537 3843 2808 3881 commune
2829 3827 2895 3880 sit
2922 3843 2985 3880 ea:
3003 3825 3166 3880 Patre
3186 3843 3293 3880 esse
3324 3828 3458 3900 (56).
3477 3825 3480 3828 ’

1887 3922 2030 3978 Sane
2058 3924 2117 3975 τὸ
2150 3925 2214 3975 ὲκ
2245 3922 2339 3974 τοῦ
2380 3920 2590 3990 Πατρὸς
2622 3935 2798 3988 neque
2839 3929 2922 3972 est
2962 3921 3123 3974 trium
3170 3934 3464 3978 commune

1883 4031 2061 4085 neque
2092 4015 2257 4069 unius
2294 4029 2540 4084 persome
2569 4012 2878 4082 proprium;
2917 4011 3009 4064 sed
3053 4011 3294 4064 αἰτιατὸν
3321 4006 3464 4066 εἶναι

1883 4106 2094 4163 Filioac
2111 4107 2334 4178 Spiritui
2352 4115 2539 4160 sancto
2569 4103 2846 4159 convenit.
2865 4102 3018 4168 Quod
3041 4102 3086 4158 si
3113 4102 3182 4156 ita
3201 4111 3304 4168 est,
3325 4102 3466 4157 Pho-

1883 4199 1942 4254 tii
1973 4201 2185 4254 axioma
2215 4215 2324 4254 non
2354 4208 2436 4254 est
2481 4197 2806 4269 generaliter
2836 4211 3046 4250 verum.
3093 4196 3362 4252 Praeterea
3405 4207 3465 4252 ut

1883 4293 2059 4363 arguit
2088 4292 2428 4360 Nicephorus
2455 4289 2751 4344 Blcmmida
2774 4292 2932 4360 (orat.
2957 4289 3013 4352 2,
3037 4305 3084 4343 c.
3114 4289 3196 4343 Η.
3224 4289 3284 4346 G.
3310 4290 3372 4345 0.
3420 4290 3482 4353 l,‘

1883 4387 1986 4451 32,
2029 4385 2118 4455 55)
2170 4386 2385 4438 mittere
2439 4382 2701 4454 Spiritum
2749 4391 2995 4436 sanctum
3039 4397 3330 4438 commune
3380 4397 3464 4436 est

1884 4478 2031 4532 Patri
2069 4486 2124 4532 et
2151 4476 2318 4542 Filio;
2352 4491 2480 4546 ergo
2501 4491 2604 4530 nec
2634 4484 2716 4530 est
2740 4475 2901 4529 unius
2931 4485 3142 4529 tantum
3171 4491 3274 4530 nec
3298 4476 3461 4529 trium

205 4573 274 4610 ea:
304 4567 502 4610 natura
525 4559 744 4628 quidem
777 4561 954 4616 Patris
979 4576 1026 4617 et
1057 4565 1179 4618 Filii
1207 4576 1257 4619 et
1292 4584 1355 4620 ex
1378 4584 1622 4637 persona,
1667 4586 1784 4640 qua:
1809 4574 1862 4634 D
1889 4573 2072 4627 simul.
2109 4571 2247 4626 llinc
2287 4579 2409 4641 post
2437 4569 2792 4624 Blemmidam
2815 4611 2829 4632 ,
2869 4569 3100 4624 Bcccum
3129 4569 3189 4640 (Ι.
3227 4587 3276 4624 c.
3307 4580 3359 4624 ct
3404 4571 3460 4623 in

203 4654 285 4702 est
316 4644 504 4712 Pater,
531 4658 580 4702 et
605 4666 722 4720 quae
769 4663 844 4708 est
871 4655 1062 4720 Filius,
1095 4674 1427 4729 nequaquam
1455 4676 1574 4714 vero
1599 4663 1653 4714 in
1698 4679 1778 4730 eo,

438 4783 568 4872 Dial.
593 4797 754 4872 .orat.
791 4791 943 4872 §5,p.
990 4794 1130 4872 575:
1165 4795 1304 4872 Qbre
1338 4799 1538 4872 eiiciat;
1561 4799 1732 4872 ὄνομα
1755 4803 1785 4856 ὁ

209 4853 902 4942 ηαὲὴρθθτὲηένεργὲαςῖ
927 4866 1242 4942 σἉέσὲίιέῖδὲ
1265 4869 1358 4942 καὶ
1392 4869 1484 4922 τοῦ
1519 4853 1642 4933 θτῶέ
1655 4853 1782 4942 iis;

207 4924 486 5012 ipsein
526 4928 650 5012 1;.th
683 4924 1008 5012 ’ὀίηαῖῂρῆ
1050 4937 1078 4988 ὁ
1113 4924 1248 5012 fit;
1265 4939 1402 5012 πρὸς
1421 4941 1510 4992 τὸν
1544 4924 1781 5012 ηαὶέόα.

207 4995 606 5085 ἔξεδςῖηζ-Ικιι,
633 5011 814 5080 contra
842 4995 1165 5085 E‘u'no'm.,‘p.
1357 4995 1613 5080 ᾧανερδν,
1647 4995 1783 5085 acini)

361 5065 810 5154 Harpog‘xiﬂa‘t;
845 5075 944 5154 oux
989 5065 1175 5154 obuia;
1217 5079 1334 5154 ἐστ).
1373 5065 1782 5154 παράσῖᾶτικὴξ

204 5135 494 5225 ﬂgitium
511 5135 804 5225 molestior?
831 5135 1420 5225 czéctv‘titzroaqpaivu.
1447 5135 1532 5206 Cf.
1567 5135 1780 5225 liugoti:

231 5204 516 5281 Ether..-_l_.
547 5204 691 5281 ll_l_,c.
727 5211 814 5276 i8,
961 5215 1120 5272 1257.

279 5276 786 5363 (ὕέηΜρΡ-υ-ει
838 5276 1085 5363 gerens.
1141 5289 1284 5363 apud
1319 5288 1494 5363 Georg
1548 5291 1780 5350 Metoch.

206 5345 388 5431 (Gr-0.
415 5345 574 5431 1053',
614 5350 772 5431 1037)
794 5371 806 5405 :
936 5357 1123 5431 Ιξαῖὴρ
1148 5345 1281 5412 icth
1299 5345 1648 5431 γεννᾷυΥἱὸν.

210 5417 910 5504 μρςῗξαξπηᾳτήριςὲξαω
956 5417 1410 5504 ὂᾼδξᾌκπρρέύξς.
1439 5417 1506 5484 Ζτὸ
1538 5417 1781 5504 (Iustina,

205 5489 397 5573 οξκὲσςι
424 5488 858 5573 ΐῌαῖὴρῖἀξλά-
877 5498 1173 5573 προδολεῷς
1214 5488 1539 5573 ὀνομάζεται
1572 5519 1585 5533 ·
1635 5488 1784 5556 ἐδτὶῦ

205 5557 301 5638 of»?
342 5559 373 5610 ὁ
422 5557 612 5630 Πατὴρ
661 5564 776 5638 καὶῇ
811 5557 1002 5638 Παίξὴρ
1056 5557 1168 5621 καὶ-
1206 5557 1542 5638 προ¹ϐοὶίεύς⁶
1599 5575 1678 5626 ἐνὶ
1728 5575 1785 5628 δὲ

205 5626 788 5714 ξγᾷμᾉαῗτιεςινὰπξικῷ
831 5626 1037 5714 reprimo
1092 5626 1633 5714 omittite-carnqﬁ.
1697 5626 1786 5699 Sic

205 5697 394 5780 plures
429 5697 518 5780 alii
544 5703 727 5780 ᾳηχῆς
757 5697 978 5780 nomine
1016 5697 1299 5780 utramque
1329 5697 1609 5768 notione-ui
1638 5697 1786 5768 com;

206 5767 726 5854 prehendgtt_t..’Sé_d
763 5778 914 5854 atqvi;
955 5781 1116 5834 modo
1153 5767 1234 5854 esi
1264 5798 1424 5837 causa
1464 5767 1784 5854 προκαταρ-

203 5838 338 5902 τικὴ
370 5846 426 5892 et
454 5836 597 5895 Patri
627 5845 725 5900 soli
762 5836 1040 5918 tribuitur,
1072 5853 1231 5908 modo
1255 5836 1586 5925 principium
1609 5836 1783 5926 quod-

1883 4664 2092 4718 Camat.
2128 4662 2238 4716 .An.
2279 4661 2342 4718 G.
2374 4659 2435 4716 0.
2479 4660 2551 4724 ll,
2583 4660 2708 4726 291,
2741 4660 2817 4714 De
2840 4677 2944 4714 una
2978 4658 3121 4714 Eccl.
3153 4658 3220 4713 65
3253 4659 3383 4713 ibid.
3419 4675 3458 4723 ι,

1883 4800 2016 4854 libet
2059 4808 2113 4853 et
2145 4807 2275 4852 tunc
2315 4796 2478 4851 etiam
2506 4794 2643 4849 Filio
2667 4795 2948 4849 asseritur.
2980 4792 3070 4848 Sic
3106 4803 3162 4848 et
3189 4792 3457 4848 Maximus

1884 4887 1970 4938 ep.
2006 4870 2071 4923 ad
2105 4869 2294 4938 Marin.
2327 4867 2495 4938 priori
2527 4882 2709 4938 sensui
2734 4869 2912 4938 ditia;
2955 4880 3152 4938 nomen
3194 4863 3452 4938 adhibet,

1887 4933 1953 4993 de
1975 4956 2083 5008 quo
2117 4940 2189 4994 cf.
2223 4933 2454 4991 Beccum
2486 4937 2522 4990 Ι.
2557 4953 2608 4992 Iv
2642 4937 2712 4990 ad
2742 4935 3068 4990 Constantia.
3101 4948 3152 4987 c.
3186 4934 3236 4986 Ι.
3263 4933 3348 5004 (G.
3389 4935 3456 4988 0.

1885 5011 1954 5066 ll.
1983 5011 2086 5064 205
2107 5025 2222 5066 seu.

1938 5049 1954 5076 ,
1983 5015 2086 5064 205
2107 5015 2249 5079 seq.)

1938 5078 2396 5152 7(55)_Bessarion
2443 5077 2611 5152 9.418
2653 5075 2854 5152 Contra
2888 5074 3093 5152 Epltes.
3140 5075 3332 5152 syllog.

1888 5146 2061 5234 (Gud:
2081 5150 2228 5234 Dion.
2254 5149 2410 5234 cit..l‘.
2431 5148 2548 5234 '25'2
2582 5149 2661 5234 b.)
2687 5166 2702 5200 :
2732 5147 3095 5232 magnoet;
3128 5149 3237 5199 τῶν
3274 5146 3454 5234 θηερλὸτ

1885 5219 1998 5290 γων
2031 5221 2297 5290 βοώντων,
2325 5219 2510 5272 οὐσίαν
2553 5220 2689 5288 μήτε
2717 5219 2912 5287 γεννᾷν
2963 5219 3102 5286 μήτε
3157 5219 3451 5284 γεννᾶοαις

1889 5293 2026 5344 Κατ’
2060 5293 2228 5360 αὐτὴν
2262 5291 2444 5360 μέντοι
2487 5290 2576 5341 τὸν
2624 5289 2838 5360 Πατέρα
2867 5287 3192 5360 γεννᾷνᾲκαὶ
3221 5287 3314 5360 rev
3346 5289 3457 5360 ﬂa-

1885 5363 2023 5433 τέρα.
2048 5379 2121 5433 τε(
2139 5357 2232 5413 nat
2253 5363 2347 5433 τὸν
2517 5357 2840 5433 «modum
2868 5359 2930 5410 τὸ
2956 5357 3182 5428 Πνεῦμα
3209 5359 3455 5422 εὐλασῶς

1884 5429 2073 5486 ἰε’καὶ
2100 5431 2213 5502 ἅμα
2241 5429 2588 5502 ἁρμρζᾼόντῳς
2608 5429 2846 5502 λέγετᾳι.

1959 5504 2070 5574 (56)
2101 5497 2440 5574 normam}.
2472 5499 2570 5574 piri
2606 5502 2698 5574 xa‘t
2727 5499 2805 5574 τῷ
2831 5498 2972 5574 ἁχὶῳ
2996 5499 3264 5574 irvadunt-et
3291 5497 3352 5552 τὸ
3366 5499 3456 5574 ’ἐκ

1884 5574 1979 5627 τοῦ
2013 5569 2246 5642 Πατρός.
2281 5569 2443 5640 Greg.
2471 5569 2599 5624 Naz.
2623 5572 2735 5642 ψ.
2759 5571 2812 5624 in
2862 5570 3064 5624 Heron.
3115 5570 3322 5642 philos.
3361 5569 3452 5642 ἓξ.

1887 5645 2082 5716 (Clem.
2118 5636 2235 5716 ἠδ.)
2278 5656 2370 5710 ap.
2395 5636 2587 5716 Const.
2617 5640 3075 5716 Mclit._orat.,_c.
3103 5636 3212 5704 23;
3388 5636 3454 5716 0.

1888 5708 1950 5780 ΙἸ,
1984 5716 2106 5770 691.
2143 5708 2551 5767 Ιίιέθιίρρύίιυι·
2582 5714 2650 5770 ad
2687 5713 2933 5769 Andron.
2974 5711 3260 5767 Camatero
3286 5708 3457 5781 (apud

1886 5785 2118 5842 Beccum
2147 5784 2208 5840 G.
2238 5783 2300 5838 0.
2331 5781 2395 5849 ll,
2427 5783 2575 5855 575).
