4002 6412
535 365 640 430 483

1692 366 1957 427 PIIOTII
1998 364 2504 426 PATRIARCHE
2549 364 2661 425 GP.

3708 360 3813 425 484

535 476 666 541 9.06,
699 476 845 540 207;
891 473 964 530 cl'.
1005 490 1063 547 p.
1101 474 1204 529 169.
1247 472 1412 546 seq),
1458 473 1882 530 Constantinum
1925 474 2134 528 Melite-
2161 471 2211 530 Δ
2236 481 2322 527 est
2352 472 2589 542 Spiritus
2618 468 2814 526 sancti.
2856 490 2873 523 ‹
2912 469 3064 525 Licet
3105 470 3215 526 sint
3248 478 3485 541 quatuor
3526 470 3817 527 relationes

538 566 747 618 niotam
775 563 937 634 (orat.
956 562 1011 627 2,
1037 563 1113 618 De
1138 582 1289 633 proc.
1322 563 1509 634 Spirit.
1540 564 1731 618 sancti.
1758 580 1807 618 c.
1828 565 1923 629 59;
1953 565 2027 619 ib.
2056 565 2121 629 ll,

539 654 665 724 897)
700 654 770 707 ita
807 651 916 708 Leo
942 652 1171 707 Allatius
1212 654 1357 707 Vind.
1393 671 1506 723 syn.
1534 655 1668 723 Eph.
1713 669 1762 708 c.
1798 654 1885 719 56,
1916 672 1972 725 p.
1998 654 2123 726 560)

542 745 840 801 Photianos
876 745 1076 813 premit
1110 765 1119 799 :
1159 764 1175 795 ‹
1223 743 1387 797 Estne
1416 754 1699 799 causatum
1739 745 1853 799 sive
1881 743 2126 800 'eﬂ'ectus

546 834 833 905 (αἰτιατόν)
866 836 919 888 in
946 833 1165 887 Triadc?
1186 834 1253 887 Et
1279 834 1411 888 illud
1432 842 1588 889 estne
1611 833 2127 891 eommuneTriadis

543 945 611 982 an
647 930 806 982 unius
836 926 1143 999 hypostasis
1169 927 1495 997 proprium?
1524 927 1791 983 Neutrum
1825 929 2009 984 dicere
2034 945 2129 982 va-

543 1022 678 1074 lent.
716 1021 850 1072 Nam
880 1029 1187 1083 causatum,
1221 1020 1368 1089 quod
1403 1020 1460 1074 in
1496 1021 1610 1076 Deo
1639 1021 1998 1091 conspicitur,
2026 1036 2129 1076 nec

542 1123 625 1167 est
659 1111 807 1184 [247]
843 1111 1055 1166 Triadis
1087 1127 1398 1177 commune,
1434 1130 1540 1169 nec
1580 1114 1741 1168 unius
1779 1113 1990 1168 Triadis
2030 1114 2129 1185 hy-

543 1207 775 1275 postasis
794 1206 1095 1275 proprium,
1112 1221 1233 1258 cum
1257 1207 1327 1259 sit
1353 1222 1643 1261 commune
1660 1206 1780 1261 Filii
1802 1217 1854 1261 et
1870 1205 2127 1276 Spiritus,

542 1304 598 1348 et
647 1310 755 1348 non
802 1294 873 1348 sit
919 1310 1212 1349 commune
1238 1294 1434 1350 Patris.
1474 1296 1539 1350 Et
1572 1297 1799 1367 propius
1845 1297 1911 1351 ad
1959 1312 2074 1350 rem
2112 1310 2129 1351 :

544 1387 759 1441 Mittere
785 1386 1047 1457 Spiritum
1073 1398 1321 1443 sanctum
1351 1388 1528 1443 Patris
1551 1400 1604 1444 et
1626 1387 1748 1444 Filii
1775 1400 1892 1456 est;
1926 1389 1977 1445 id
2000 1405 2131 1444 vero

544 1483 611 1536 de
646 1480 854 1550 Spiritu
890 1490 1081 1536 sancto
1113 1482 1263 1535 nullo
1302 1483 1466 1536 modo
1499 1483 1736 1548 dicitur;
1774 1499 1953 1552 neque
1983 1483 2131 1537 enim

544 1574 663 1627 ﬁeri
710 1584 908 1644 potest,
960 1584 1020 1627 ut
1068 1575 1211 1628 idem
1245 1575 1315 1628 sit
1353 1575 1579 1630 mittens
1607 1584 1661 1629 et
1696 1576 1918 1631 missus.
1967 1594 1985 1627 ι
2024 1575 2129 1646 (Cf.

545 1666 731 1719 eumd.
762 1666 978 1719 Encltir.
1028 1683 1154 1734 κεφ.
1188 1667 1287 1729 κε’,
1314 1683 1369 1735 p.
1408 1664 1516 1737 poa'
1543 1668 1682 1737 seq.)
1716 1666 1806 1720 Sic
1836 1676 1891 1720 et
1923 1682 1990 1720 ex
2022 1667 2134 1720 Ma-

547 1759 709 1812 nuele
736 1758 925 1812 Calcca
971 1768 1026 1812 et
1068 1758 1389 1813 Bessarione
1425 1758 1679 1814 Petavius
1724 1759 1799 1813 De
1845 1760 1989 1814 Trin.
2022 1776 2131 1824 vn,

2229 564 2283 618 in
2306 565 2525 631 divinis,
2556 584 2574 616 ι
2603 565 2678 619 ait
2708 564 2765 619 S.
2788 563 3028 620 Thomas
3067 565 3139 633 (q.
3160 564 3250 629 30,
3282 564 3394 627 a.9.,
3412 564 3480 619 ad
3500 565 3607 632 1),‹
3639 572 3819 618 tamen

2229 675 2338 713 una
2370 674 2579 725 earum,
2613 659 2860 728 spiratio,
2884 674 2993 712 non
3024 668 3311 727 separatur
3333 673 3363 711 a
3386 673 3623 727 persona
3647 657 3821 711 Patris

2231 760 2287 806 et
2311 751 2457 813 Filii.
2487 751 2581 806 sed
2614 750 2851 804 convenit
2890 750 3121 819 utrique.
3151 747 3217 803 Et
3244 748 3323 802 sic.
3360 746 3488 801 licet
3514 748 3589 800 sit
3610 746 3822 811 relatio,

2229 858 2340 897 non
2372 852 2456 896 est
2500 849 2684 896 tamen
2714 841 3010 912 proprietas
3049 843 3234 909 (sensu
3270 849 3461 893 Sll‘lCtO
3492 838 3823 909 theologica,

2231 934 2349 1005 (ξίζῇ
2374 935 2451 1004 5),
2497 935 2623 1005 quia
2660 950 2762 988 non
2796 933 3031 987 convenit
3073 933 3163 985 uni
3193 940 3402 984 tantum
3432 947 3697 1000 personae,
3724 946 3825 985 nec

2231 1026 2422 1079 relatio
2448 1024 2758 1095 personalis,
2787 1023 2840 1078 id
2864 1029 2970 1089 est,
3005 1020 3349 1077 constituens
3375 1034 3695 1090 personam.
3724 1018 3825 1073 Sed

2234 1118 2321 1173 ha:
2355 1126 2467 1171 tres
2502 1117 2798 1171 relationes
2829 1132 2844 1169 :
2883 1113 3208 1185 paternitas,
3239 1111 3428 1167 ﬁliatio
3454 1122 3511 1166 et
3544 1111 3826 1181 processio

2233 1211 2491 1266 dicuntur
2547 1209 2910 1280 pr0prietates
2962 1205 3311 1278 personales,
3348 1206 3503 1274 quasi
3557 1218 3827 1274 personas

2233 1300 2653 1356 constituentes.
2695 1318 2712 1350 ι
2754 1298 2857 1365 (Cf.
2892 1314 2947 1368 q.
2984 1298 3078 1362 28,
3104 1313 3156 1350 a.
3198 1297 3251 1363 1,
3281 1298 3334 1363 5,
3362 1296 3413 1362 4;
3448 1312 3503 1365 q.
3537 1296 3629 1349 52.
3664 1312 3717 1349 a.
3750 1297 3825 1361 5.)

2234 1393 2387 1447 Licet
2417 1408 2546 1463 ergo
2574 1391 2829 1448 catholici
2860 1390 3151 1444 admittant
3184 1390 3397 1443 axioma
3426 1405 3439 1441 :
3471 1386 3749 1456 Quidquid
3776 1387 3825 1440 in

2234 1484 2501 1540 Trinitate
2534 1485 2752 1549 dicitur,
2783 1493 2875 1538 aut
2902 1497 3195 1537 commune
3225 1491 3311 1535 est
3333 1482 3453 1536 sive
3489 1479 3825 1542 absolutum,

2236 1587 2331 1633 aut
2361 1580 2642 1648 proprium
2673 1578 2786 1633 sive
2818 1576 3103 1631 relativum
3139 1595 3152 1630 :
3186 1575 3310 1645 jure
3342 1582 3527 1628 tamen
3580 1573 3828 1641 rejiciunt

2236 1670 2417 1726 Photii
2432 1671 2657 1725 etiamm
2678 1669 2969 1739 :Quidquid
2985 1668 3040 1723 in
3062 1678 3249 1723 sancta
3266 1665 3825 1736 Triadeprmdicatur,

2236 1773 2329 1816 aut
2344 1761 2509 1816 tribus
2531 1762 2778 1831 personis
2793 1775 3065 1813 commune
3081 1768 3161 1811 est
3175 1768 3266 1812 aut
3282 1758 3438 1810 unius
3456 1772 3696 1827 personet
3710 1772 3828 1823 pro.

546 1864 597 1901 c.
633 1849 719 1910 15,
750 1865 805 1902 n.
836 1850 888 1911 5,
922 1850 974 1918 6)
1011 1868 1024 1903 :
1061 1870 1078 1901 ι
1117 1850 1331 1921 Negant
1368 1852 1545 1906 Latini
1601 1853 1802 1906 nullam
1844 1869 1964 1909 esse
2000 1870 2128 1925 pro-
2158 1837 2203 1892 Β
2230 1855 2457 1923 prium.)
2483 1850 2586 1905 Sed
2606 1851 2797 1905 lnecex
2813 1846 3634 1903 dicendisarlhucmaniiestiora
3650 1856 3828 1902 erunt.

548 1942 859 2009 prietatem,
892 1958 1011 2011 qum
1043 1958 1151 1995 non
1197 1952 1291 1997 aut
1337 1945 1510 1997 tribus
1559 1945 1867 1999 communis
1914 1946 1985 2000 sit
2036 1956 2131 2001 aut

552 2034 717 2088 tmins
753 2043 962 2088 tantum
996 2036 1237 2106 propria.
1278 2035 1426 2090 Esse.
1447 2038 1591 2091 enim
1638 2038 1871 2107 aliquam
1919 2038 2128 2106 dicunt,

550 2142 672 2197 qua:
704 2127 915 2181 duabus
943 2130 1217 2184 convenit.
1266 2129 1400 2183 Nam
1435 2146 1555 2199 qua:
1597 2130 1665 2184 de
1713 2130 1824 2185 Deo
1850 2131 2129 2198 dicuntur,

552 2223 707 2277 aiunt
731 2220 952 2277 Calecas
973 2230 1028 2275 et
1052 2221 1363 2285 Bessarion,
1389 2222 1495 2275 alia
1518 2223 1694 2277 tribus
1718 2224 1970 2292 personis
1992 2239 2138 2279 com-

553 2313 739 2367 munia
776 2322 931 2375 sunt,
979 2323 1037 2367 ut
1080 2324 1208 2369 sunt
1241 2315 1489 2368 absoluta
1532 2316 1738 2382 omnia,
1775 2325 1871 2370 aut
1905 2332 2027 2387 quae
2067 2316 2134 2371 ad

553 2415 833 2460 creaturas
849 2406 1093 2460 ordinem
1118 2406 1341 2471 habent,
1360 2416 1421 2461 ut
1438 2406 1681 2472 Creator,
1702 2410 1979 2474 Dominus,
2004 2421 2133 2475 etc.,

554 2499 657 2550 alia
692 2497 909 2566 propria
940 2507 1100 2559 sunt,
1135 2513 1309 2567 eaque
1342 2502 1426 2553 vel
1465 2501 1675 2555 duabus
1703 2502 1951 2570 personis
1983 2516 2136 2555 com-

555 2599 750 2661 petunt
790 2592 1120 2661 comparatis
1152 2592 1218 2646 ad
1254 2595 1494 2659 tertiam,
1527 2604 1587 2649 ut
1630 2594 1767 2647 Filio
1811 2602 1866 2648 et
1909 2592 2138 2663 Spiritui

555 2691 745 2736 sancto
764 2698 792 2735 a
818 2682 1087 2753 principio
1111 2684 1429 2753 procedere,
1461 2684 1609 2739 Patri
1634 2686 1761 2739 item
1781 2694 1836 2739 et
1856 2685 1990 2739 Filio
2015 2684 2140 2754 Spi-

557 2774 726 2828 ritum
761 2776 999 2839 mittere,
1034 2777 1118 2829 vel
1147 2779 1241 2830 uni
1268 2787 1482 2832 tantum
1507 2787 1836 2849 congruunt.
1866 2796 1885 2828 ›
1924 2778 2141 2833 Falsum

553 2866 787 2936 proinde
820 2876 904 2921 est
933 2868 1061 2921 illud
1091 2868 1423 2938 principium
1456 2885 1470 2921 :
1500 2868 1771 2938 Quidquid
1795 2869 1849 2923 in
1873 2868 2143 2923 Trinitate

555 2956 775 3018 dicitur,
819 2965 914 3009 aut
958 2967 1042 3011 est
1096 2957 1260 3011 trium
1308 2974 1667 3028 personarum
1718 2975 2007 3014 commune
2051 2966 2145 3013 aut

557 3051 725 3104 unius
756 3054 1060 3121 proprium.
1099 3052 1286 3123 Neque
1335 3054 1570 3121 dicatur,
1604 3054 1797 3110 similia
1819 3055 2083 3125 principia
2113 3069 2143 3108 a

2309 1947 2392 2001 l5.
2473 1944 2527 1998 Si
2562 1943 2760 1998 falsum
2792 1952 2875 1997 est
2903 1942 3008 1997 hoc
3032 1941 3207 1995 Photii
3238 1940 3592 2011 principium,
3626 1940 3819 1993 falsum

2233 2040 2438 2109 pariter
2460 2046 2544 2090 est
2564 2037 2715 2100 illud,
2749 2036 2893 2106 quod
2926 2034 3197 2091 corollarii
3232 2034 3476 2089 adinstar
3504 2033 3633 2087 inde
3661 2032 3828 2086 dedu-

2235 2131 2377 2186 citur
2415 2149 2428 2184 :
2464 2129 2556 2183 Nil
2589 2138 2661 2182 cst
2690 2127 2895 2182 duabus
2932 2129 2989 2181 in
3014 2128 3269 2181 Trinitate
3294 2126 3529 2195 personis
3559 2140 3828 2178 commune

2235 2219 2428 2291 (μηδὲν
2460 2238 2512 2273 τι
2559 2215 2699 2272 εἶναι
2734 2220 2847 2282 τοῖς
2878 2218 3002 2272 δυσὶ
3039 2221 3358 2289 προσώποις
3396 2216 3491 2269 ἐπὶ
3536 2215 3637 2283 τῆς
3670 2216 3829 2281 tigris;

2237 2314 2470 2387 Τριάδος
2496 2314 2731 2384 κοινόν);
2765 2314 2861 2369 sed
2888 2313 2931 2368 si
2968 2313 3099 2383 quid
3129 2310 3342 2366 duabus
3384 2308 3638 2379 personis
3683 2325 3831 2362 como

2237 2422 2405 2461 mune
2438 2406 2533 2470 sit,
2575 2407 2630 2462 id
2675 2415 2730 2461 et
2775 2406 2951 2461 tertiae
2995 2419 3289 2461 commune
3336 2402 3461 2457 erit.
3513 2401 3673 2456 Unde
3710 2418 3829 2457 cum

2238 2498 2435 2553 Photio
2479 2504 2623 2569 (cap.
2668 2499 2726 2567 6)
2759 2506 2997 2568 arguunt
3051 2495 3393 2552 Schismatici
3438 2512 3453 2549 :
3493 2493 3553 2551 Si
3606 2496 3831 2565 spiratio

2239 2592 2414 2645 activa
2446 2591 2519 2645 sit
2552 2591 2699 2645 Patri
2734 2599 2789 2645 et
2826 2590 2964 2643 Filio
3002 2588 3331 2653 communis,
3374 2587 3689 2641 communis
3733 2589 3831 2641 erit

2241 2697 2294 2739 et
2330 2684 2552 2755 Spiritui
2585 2692 2795 2739 sancto.
2826 2683 3015 2738 Patres
3042 2682 3315 2737 interdum
3341 2679 3703 2745 concludunt,
3720 2695 3835 2748 qua:

2241 2777 2550 2832 communia
2569 2787 2694 2831 sunt
2715 2775 2860 2831 Patri
2882 2775 3101 2841 etFilio,
3126 2774 3436 2831 communia
3459 2788 3681 2844 quoque
3719 2785 3836 2826 οδω

2245 2869 2470 2939 Spiritui
2493 2878 2703 2934 sancto;
2730 2877 2787 2922 at
2823 2868 2971 2923 enim
3004 2867 3133 2921 dum
3184 2866 3257 2920 ita
3305 2865 3728 2923 ratiocinantur.
3774 2862 3836 2915 de

2243 2964 2358 3033 ipsa
2435 2962 2615 3015 divina
2698 2962 2998 3016 substantia
3064 2960 3213 3033 [249]
3280 2961 3497 3031 ejusque
3572 2958 3835 3012 attributi:

2245 3064 2430 3127 agunt,
2464 3070 2573 3108 non
2594 3070 2725 3111 vero
2750 3056 2816 3110 de
2848 3054 3222 3120 relationibus;
3266 3054 3333 3108 de
3355 3054 3420 3108 iis
3443 3068 3567 3122 qua:
3596 3050 3838 3107 absolute

559 3143 768 3198 Latinis
789 3145 1057 3216 theologis
1083 3147 1341 3201 stabiliri.
1366 3148 1503 3201 Nam
1530 3149 1688 3218 longe
1713 3164 1743 3201 a
1770 3147 1951 3202 Photii
1981 3147 2144 3203 eliato
2170 3186 2214 3245 ο
2247 3147 2526 3212 dicuntur,
2558 3161 2668 3200 non
2708 3147 2776 3202 de
2818 3147 2884 3201 iis
2924 3162 3045 3217 quae
3078 3146 3338 3202 dicuntur
3380 3145 3452 3199 ad
3506 3143 3761 3245 aliquid."
3786 3151 3840 3195 ut

559 3236 819 3291 dill‘erunt
850 3238 966 3293 haec
997 3241 1389 3295 catholicorum
1425 3242 1692 3297 axiomata
1724 3260 1737 3295 :
1772 3240 2043 3311 Quidquid
2088 3241 2140 3296 in

561 3328 827 3386 Trinitate
859 3332 1077 3399 dicitur,
1115 3344 1210 3389 aut
1245 3335 1479 3390 absolute
1519 3336 1716 3390 dicitur
1761 3345 1855 3389 aut
1898 3335 2143 3404 relative;

562 3424 651 3477 vel
700 3426 863 3479 etiam
900 3444 912 3481 :
948 3426 1122 3481 Omne
1170 3428 1316 3498 quod
1364 3428 1431 3483 de
1473 3428 1741 3482 Trinitate
1793 3428 2143 3497 przedicatur,

562 3526 657 3572 aut
679 3535 949 3573 commune
971 3527 1162 3575 cstaut
1189 3522 1481 3591 proprium.
1510 3520 1570 3573 In
1596 3521 1678 3574 his
1709 3536 1841 3575 sane
1856 3521 2148 3591 disiunctio

562 3620 649 3666 est
693 3612 918 3667 omnino
970 3613 1276 3683 adazquata.
1334 3616 1396 3669 In
1451 3614 1620 3685 priori
1666 3615 1937 3669 axiomate
2000 3614 2148 3669 nulla

562 3705 851 3761 diliicultas
905 3716 1029 3770 est,
1083 3724 1207 3762 cum
1277 3709 1452 3763 activa
1509 3709 1736 3778 spiratio
1796 3708 2151 3762 relationibus

563 3798 1093 3865 comprehendatur:
1144 3799 1199 3853 in
1237 3800 1409 3855 altero
1453 3802 1513 3853 τὸ
1551 3802 1830 3871 proprium
1871 3816 1981 3854 non
2024 3816 2153 3870 sup-

566 3887 718 3954 ponit
747 3902 846 3956 pro
882 3903 947 3941 eo
998 3888 1144 3956 quod
1185 3889 1279 3942 uni
1323 3898 1533 3944 tantum
1573 3906 1822 3961 persona:
1860 3890 2150 3956 convenit;

566 3985 830 4047 prasterea
876 3979 953 4031 nil
988 3988 1133 4034 vetat
1176 3996 1245 4035 ne
1281 3998 1551 4035 commune
1592 3983 1827 4047 dicatur,
1876 3982 2020 4051 quod
2067 3981 2153 4035 vel

571 4069 748 4122 tribus
778 4069 862 4122 vel
892 4069 1104 4124 duabus
1144 4072 1390 4140 personis
1436 4074 1709 4139 convenit,
1750 4083 1806 4128 et
1846 4074 2153 4142 praprium,

571 4159 717 4228 quod
752 4159 839 4213 uni
876 4160 1110 4215 exclusis
1155 4161 1365 4217 duabus
1410 4164 1492 4217 vel
1534 4164 1744 4218 duabus
1782 4162 2002 4217 exclusa
2047 4176 2155 4215 una

568 4261 807 4321 aptatur,
825 4254 1119 4309 dummodo
1138 4255 1499 4324 oppositionis
1516 4257 1654 4311 ratio
1670 4257 1869 4326 ubique
1886 4263 2154 4310 servetur.

573 4343 721 4397 Sane
748 4345 807 4395 τὸ
833 4345 892 4409 ἐξ
921 4346 1098 4409 αἰτίας
1128 4342 1268 4399 εἶναι
1295 4347 1591 4419 Gregorius
1643 4349 1773 4404 Naz.
1828 4349 1887 4417 (l.
1913 4348 1988 4414 c.)
2025 4347 2159 4403 dicit

576 4437 717 4492 Filio
761 4448 816 4492 et
860 4440 1085 4509 Spiritui
1136 4442 1336 4506 κοινόν,
1375 4442 1668 4513 Gregorius
1711 4458 1841 4498 vero
1882 4442 2159 4513 Nyssenus

2249 3245 2398 3290 recte
2423 3236 2657 3290 advertit
2677 3235 2942 3307 Georgius
2971 3235 3373 3305 Trapezuntius
3402 3233 3506 3306 (De
3536 3250 3689 3303 proc.
3724 3230 3774 3291 S,
3794 3232 3837 3283 i-

2249 3326 2384 3380 ritus
2438 3327 2641 3394 sancti,
2682 3327 2753 3381 ad
2800 3326 2888 3381 J0.
2932 3326 3158 3381 Cubocl.
3220 3342 3277 3380 n.
3324 3325 3413 3380 ﬁt.
3447 3325 3510 3381 G.
3544 3324 3611 3378 0.
3661 3325 3710 3390 l,
3743 3323 3839 3378 5l9

2250 3426 2412 3490 seq.);
2453 3435 2523 3474 ne
2568 3435 2696 3474 vero
2732 3419 2784 3473 id
2815 3419 2883 3473 ad
2916 3418 3209 3474 relationes
3253 3426 3307 3472 et
3346 3418 3609 3473 notiones
3657 3426 3840 3470 exten-

2251 3510 2427 3571 datur.
2468 3510 2520 3564 id
2562 3526 2659 3581 per
2697 3526 2755 3565 se
2784 3526 2847 3565 ca
2880 3517 3086 3574 vetant,
3116 3509 3312 3579 quibus
3340 3508 3597 3579 superius
3634 3507 3841 3560 axioma

2250 3604 2567 3658 convellunt
2586 3604 2677 3671 (cf.
2703 3604 2864 3658 Allat.
2893 3604 3056 3657 Ench.
3077 3603 3187 3666 l..c.
3207 3620 3263 3674 p.
3286 3603 3427 3674 ροβ).
3460 3621 3476 3653 ι
3505 3602 3662 3656 Licet
3678 3602 3837 3666 enim,

2252 3693 2323 3747 ita
2340 3693 2447 3748 Leo
2465 3693 2690 3748 Allatius
2714 3693 2891 3764 (Vind.
2908 3711 3023 3764 syn.
3046 3693 3182 3763 Eph.
3214 3710 3267 3763 p.
3298 3694 3426 3757 561,
3443 3693 3594 3761 562),
3615 3692 3840 3748 Nazian-

2254 3806 2422 3845 zenus
2476 3790 2621 3845 dicat
2651 3831 2667 3855 ,
2697 3806 2817 3860 quae
2851 3790 2993 3845 Patri
3047 3800 3102 3845 et
3137 3790 3273 3844 Filio
3312 3790 3521 3857 insunt,
3554 3808 3619 3845 ea
3671 3791 3842 3844 inesse

2254 3900 2469 3955 quoque
2484 3885 2701 3955 spiritui
2722 3884 2813 3955 (τὰ
2865 3884 2942 3955 τῷ
2975 3885 3152 3954 Πατρὶ
3183 3884 3278 3938 καὶ
3304 3883 3420 3954 Υἱῷ
3463 3885 3744 3955 προσόντα
3772 3884 3844 3953 τῷ

2257 3977 2539 4047 Πνεύματι
2584 3978 2833 4047 ἐνεῖναι),
2862 3978 3052 4033 'sciant
3092 3978 3336 4033 divinum
3382 3978 3537 4033 illum
3571 3980 3754 4033 virum
3780 3978 3844 4033 de

2258 4072 2553 4126 Divinitate
2587 4078 2779 4126 contra
2834 4071 3367 4126 Pneumatomachos
3421 4073 3590 4126 verba
3649 4074 3843 4135 facere,

2256 4161 2348 4231 qui
2374 4177 2485 4216 non
2510 4162 2578 4215 de
2594 4161 2940 4215 discernendi
2968 4162 3077 4215 vim
3110 4161 3464 4226 habentibus,
3493 4164 3592 4218 sed
3625 4164 3693 4218 de
3725 4164 3846 4232 Spi-

2258 4256 2394 4307 ritus
2414 4252 2704 4307 Divinitate
2726 4253 3048 4307 tractabant.
3071 4255 3136 4307 Et
3155 4254 3269 4309 haec
3291 4265 3376 4308 est
3401 4254 3845 4329 doctrinagipsius

2259 4346 2442 4417 Cyrilli
2481 4344 2773 4400 scribentis
2800 4362 2814 4399 :
2851 4344 3061 4411 Quibus
3089 4345 3236 4399 enim
3266 4344 3510 4416 Spiritus
3540 4354 3848 4406 communis

2262 4448 2365 4501 est,
2398 4438 2501 4493 illis
2532 4453 2754 4506 prorsus
2775 4446 2829 4492 et
2858 4454 2979 4507 qua;
3008 4438 3261 4492 essentne
3293 4449 3443 4502 sunt,
3465 4455 3720 4510 separata
3742 4460 3849 4499 non

574 4530 670 4583 0r.
701 4532 755 4583 in
793 4531 1001 4586 Domin.
1028 4531 1173 4589 Orat.
1217 4535 1358 4604 apud
1389 4534 1619 4590 Beccum
1656 4535 1719 4589 ϐ.
1762 4539 1824 4588 0.
1860 4535 1901 4598 Ι,
1934 4535 2057 4601 165ς
2087 4535 2154 4597 ll.
2187 4530 2234 4588 D
2262 4529 2465 4585 fuerint
2500 4530 2625 4599 (art.
2648 4528 2882 4599 praeced.
2906 4528 2933 4599 §
2956 4530 3040 4591 l0,
3072 4540 3199 4583 nota
3225 4529 3304 4599 6).
3328 4529 3566 4599 Cyrillus
3591 4534 3689 4597 ait,
3728 4536 3852 4605 Spi-

573 4620 694 4685 522,
712 4622 838 4692 5‘25)
865 4622 959 4676 τοῦ
987 4624 1116 4677 Υἱοῦ
1141 4624 1350 4679 καὶτοῦ
1378 4625 1691 4696 [Ινεύματος
1718 4625 1874 4679 ἴδιον
1896 4643 1914 4691 ;
1944 4636 2158 4681 utrum-

570 4729 675 4783 (lue
718 4731 847 4770 sane
905 4716 1010 4770 dici
1065 4726 1276 4786 potest;
1320 4718 1447 4771 hinc
1507 4727 1559 4772 et
1601 4716 1878 4788 Nysscnus
1926 4720 2102 4790 pergit
2139 4734 2154 4772 :

572 4804 722 4879 [248]
748 4807 966 4861 Κοινοῦ
992 4808 1049 4860 δὲ
1070 4809 1219 4872 ὄντος
1237 4810 1313 4879 τῷ
1334 4810 1450 4881 Υἱῷ
1476 4810 1665 4881 καὶτῷ
1688 4808 1964 4880 Πνεύματι
1992 4811 2051 4863 τὸ
2081 4812 2156 4882 μὴ

569 4906 879 4974 ἀγεννήτως
911 4900 1049 4957 εἶναι
1095 4903 1276 4957 2.τ.λ.
1306 4902 1440 4957 Cum
1466 4902 1691 4972 spiratio
1722 4904 1897 4957 activa
1927 4902 2071 4956 Patri
2102 4911 2157 4957 et

569 4992 707 5048 Filio
747 5006 1039 5065 competat,
1072 4997 1279 5066 utrique
1316 4997 1606 5051 communis
1653 5003 1756 5059 est,
1811 5004 2000 5065 utpote
2044 5010 2157 5050 non

571 5087 791 5158 pr0pria
812 5090 975 5141 unius
1004 5088 1178 5144 Patris
1201 5104 1304 5142 nec
1334 5088 1555 5158 propria
1584 5088 1748 5142 unius
1782 5087 1939 5154 Filii;
1976 5096 2156 5157 potest

572 5183 734 5235 etiam
766 5182 871 5237 dici
911 5183 1116 5252 utrique
1148 5181 1385 5252 propria,
1409 5189 1571 5250 prout
1600 5188 1684 5234 est
1718 5179 2155 5233 incommunica-

574 5272 698 5327 bilis
717 5273 939 5343 Spiritui
958 5283 1149 5329 saneto
1166 5282 1219 5327 et
1243 5273 1479 5343 pertinet
1508 5271 1575 5325 ad
1598 5271 1733 5325 duas
1754 5286 2017 5338 personas
2038 5270 2155 5340 spi-

574 5375 759 5421 rantes
778 5370 991 5423 exclusa
1027 5368 1255 5438 spirata.
1294 5366 1509 5421 Tritum
1533 5378 1617 5421 est
1654 5366 1796 5435 apud
1826 5364 2152 5435 Theologos,

572 5475 865 5515 commune
908 5461 961 5514 in
997 5461 1267 5516 Trinitate
1308 5475 1429 5517 esse
1463 5459 1808 5524 absolutum,
1870 5457 2153 5528 proprium

571 5567 704 5606 vero
738 5553 1043 5616 relativum;
1071 5554 1177 5608 hoc
1209 5560 1369 5623 pacto
1401 5551 1626 5623 Spiratio
1658 5552 1829 5606 activa
1851 5592 1866 5616 ,
1902 5566 2022 5621 quae
2065 5565 2155 5603 re-

574 5642 701 5697 latio
734 5652 845 5709 est,
883 5654 1032 5699 recte
1078 5646 1278 5700 dicitur
1308 5646 1539 5701 duarum
1591 5658 1947 5715 personarum
1978 5641 2155 5697 Patris

574 5744 629 5787 et
684 5734 835 5801 Filii,
897 5736 1137 5807 propria,
1193 5739 1335 5793 sicut
1381 5737 1601 5809 passiva
1652 5735 1878 5808 spiratio
1935 5733 2155 5805 propria

652 5869 761 5937 (57)
791 5870 915 5927 Hice
944 5874 1149 5937 omnia,
1179 5873 1315 5928 sient
1345 5881 1400 5926 et
1438 5868 1741 5939 sequentia,
1777 5867 2006 5922 Allatius
2050 5867 2148 5921 de-

579 5942 817 6011 sumpsit
854 5959 921 5999 ex
953 5946 1213 6016 Gregorio
1241 5942 1627 6015 Trapezuntio,
1659 5955 1819 6010 quem
1854 5939 1971 6011 ipse
2020 5946 2163 6017 ante

2267 4624 2432 4677 ritum
2450 4637 2572 4676 esse
2590 4637 2935 4675 communem
2955 4621 3101 4675 Patri
3120 4632 3173 4675 et
3193 4621 3350 4686 Filio;
3374 4624 3454 4676 uti
3481 4624 3631 4678 enim
3651 4624 3852 4693 Patris,

2266 4714 2338 4767 ita
2356 4714 2558 4768 dicitur
2574 4723 2627 4767 et
2642 4712 2783 4777 Filii,
2803 4728 2906 4767 nec
2920 4722 3099 4766 tamen
3115 4714 3313 4767 dicitur
3332 4715 3573 4785 Spiritus
3594 4716 3852 4787 Spiritus,

2265 4820 2335 4859 ne
2360 4806 2469 4860 duo
2490 4804 2726 4874 Spiritus
2762 4805 3129 4859 insinuentur.
3160 4807 3227 4861 Et
3258 4817 3316 4861 ut
3344 4807 3518 4878 magis
3549 4808 3604 4862 in
3637 4812 3857 4865 utiiver-

2264 4915 2386 4954 sum
2406 4914 2493 4954 res
2513 4907 2894 4968 pertraetctur,
2917 4899 2970 4951 in
2996 4900 3340 4954 sanctissima
3374 4900 3575 4956 'l‘riade
3596 4913 3700 4957 tres
3722 4920 3859 4959 con-

2264 4994 2573 5048 siderantur
2590 4992 3003 5061 conjunctiones,
3022 5001 3077 5046 et
3095 4992 3149 5045 in
3167 4992 3395 5061 singulis
3408 4996 3541 5063 quid
3559 5010 3857 5051 commune

2264 5082 2477 5138 duabus
2503 5082 2797 5152 reperitur.
2821 5080 2910 5135 Sic
2942 5098 3065 5135 cum
3096 5084 3387 5153 ingenitum
3420 5086 3641 5141 duobus
3680 5088 3861 5143 modis

2265 5175 2499 5241 dicatur,
2530 5183 2586 5229 et
2609 5190 2732 5228 eum
2764 5174 2958 5244 absque
2986 5176 3245 5243 principio
3270 5185 3373 5240 est,
3405 5187 3461 5230 et
3484 5178 3726 5233 dicimus
3756 5181 3860 5241 Pa-

2264 5276 2401 5321 trem
2436 5264 2774 5335 ingenitum;
2807 5274 3002 5319 etcum
3035 5282 3134 5318 non
3162 5283 3254 5335 per
3271 5267 3481 5319 modum
3499 5272 3861 5338 generationis

2263 5357 2423 5412 veluti
2462 5356 2652 5420 Filius,
2706 5364 2762 5410 et
2808 5364 2922 5409 tum
2964 5357 3199 5425 Spiritus
3250 5357 3529 5427 ingenitus
3578 5368 3685 5414 est.
3735 5361 3865 5418 Pari

2265 5450 2476 5503 ratione
2514 5457 2570 5502 et
2600 5449 2833 5518 genitum
2862 5488 2875 5501 .
2902 5487 2917 5501 .
2939 5489 2953 5503 .
2982 5458 3037 5502 et
3058 5449 3201 5518 quod
3230 5449 3565 5519 principium
3608 5452 3783 5507 habet
3812 5466 3870 5508 et

2263 5541 2409 5613 quod
2440 5540 2785 5603 naturaliter,
2820 5540 2926 5594 hoc
2959 5547 3045 5593 cst
3083 5555 3183 5609 per
3215 5540 3437 5594 modum
3482 5544 3869 5609 proceSsionis

2264 5632 2505 5696 exsistit;
2534 5640 2590 5685 et
2616 5630 3105 5701 oppasitum:quod
3120 5630 3445 5700 principium
3468 5645 3579 5683 non
3612 5631 3782 5685 habet
3816 5641 3873 5686 et

2262 5740 2362 5797 per
2391 5725 2614 5779 modum
2638 5722 3003 5795 processionis
3023 5738 3131 5777 non
3166 5724 3375 5777 exsistit
3409 5721 3548 5793 (5'7).
3583 5723 3826 5780 Photius
3854 5742 3874 5781 :

2264 5864 2509 5953 ediderat
2537 5861 2631 5950 Gr:
2665 5862 2803 5953 q‘rth.
2836 5860 2882 5942 12
2926 5877 2982 5930 p.
3020 5861 3171 5953 5209:
3230 5860 3354 5953 Ἐπὶ.
3409 5860 3527 5953 sic:
3573 5864 3876 5953 μοκᾳρέας

2257 5935 2486 6007 Τριὰδος
2511 5936 2659 6004 τρεῖς
2675 5933 3001 6003 θεωροῦνται
3020 5933 3351 5989 συνδυασμοὶ
3370 5932 3467 5986 καὶ
3504 5932 3591 6000 ἐφ’
3624 5934 3879 5988 ἑκάστου
