4002 6420
195 441 307 506 489

878 440 977 529 ne
1016 442 1075 501 s.
1119 440 1314 501 smn.
1352 440 1855 502 MYSTAGOGIA.
1880 468 1945 478 -
1977 414 2722 506 ANIMADVERsIONEs.

3362 450 3473 513 499

192 562 347 624 rivis.
378 574 501 629 qua:
530 556 761 628 propriae
795 553 1075 618 dicuntur,
1108 554 1347 609 secernit
1394 553 1446 607 id
1497 553 1643 623 quod
1691 553 1784 607 nni
1814 560 1862 618 Α
1891 556 2156 622 municat,
2184 556 2352 611 veluti
2382 573 2491 612 non
2523 573 2644 613 esse
2674 558 2892 624 Filium,
2923 578 3031 616 non
3052 578 3171 617 esse
3205 566 3476 634 genitum.

189 655 454 709 convenit
488 666 736 721 personae
769 658 826 703 et
858 648 929 702 ita
956 648 1003 702 ei
1046 656 1131 701 est
1161 646 1457 716 proprium,
1490 656 1550 699 ut
1577 654 1631 700 et
1654 661 1781 715 per-

187 763 388 803 sonam
448 745 765 807 constituat,
805 751 968 811 atque
1022 741 1072 793 id
1120 740 1264 810 quod
1313 739 1526 793 duabus
1577 754 1777 794 conve-

184 842 271 895 nit
318 849 377 895 et
417 853 706 910 personam
773 836 1089 905 neutiquam
1150 833 1639 902 constituitt67);
1693 841 1779 885 at-

181 948 297 1003 que
337 945 649 986 consonans
686 927 972 982 Scholario
1010 926 1192 989 docet,
1232 924 1508 995 posterius
1542 930 1597 976 et
1625 921 1777 993 [256]

181 1027 369 1082 tribus
398 1022 650 1094 personis
678 1036 970 1076 commune
1014 1018 1153 1080 fore,
1190 1016 1295 1071 nisi
1341 1017 1662 1071 adversetur
1690 1030 1778 1069 ra-

178 1121 323 1176 tioni
347 1120 708 1189 hypostaseos
736 1114 898 1170 unius
921 1112 1033 1183 (68)
1054 1129 1070 1179 ;
1092 1111 1299 1182 spirare
1322 1110 1437 1167 sive
1456 1108 1516 1162 τὺ
1534 1107 1775 1181 προϐάλ-

177 1212 320 1276 λειν,
350 1211 499 1266 Patri
523 1209 770 1278 Filioque
790 1222 1103 1268 commune.
1146 1204 1270 1259 ideo
1316 1202 1544 1275 Spiritui
1587 1209 1777 1256 sancto

177 1319 479 1361 commune
514 1316 637 1357 esse
687 1316 799 1354 non
842 1314 1024 1369 posse,
1070 1298 1197 1367 quia
1251 1295 1448 1351 rationi
1485 1294 1678 1365 spirati
1720 1291 1774 1346 id

178 1405 475 1468 repugnat,
507 1394 634 1465 quia
664 1391 826 1448 simul
862 1392 917 1445 in
938 1390 1129 1444 eadem
1161 1388 1377 1444 actione
1394 1386 1537 1441 foret
1564 1385 1772 1456 produ-

176 1505 313 1544 cens
357 1497 415 1543 et
454 1485 802 1557 productum,
852 1483 1160 1553 producens
1195 1490 1263 1535 et-
1294 1496 1402 1536 non
1424 1478 1772 1550 lproducens,

177 1581 306 1654 quia
360 1579 444 1636 sui
486 1578 661 1649 ipsius
692 1584 821 1631 tunc
849 1576 1003 1631 ﬁeret
1034 1573 1389 1647 principium.

248 1675 344 1728 15.
386 1670 641 1727 Photiani
706 1667 993 1723 axiomatis
1058 1664 1353 1721 falsitatem
1416 1671 1773 1735 perspexerat

173 1766 287 1836 jam
320 1765 417 1820 diu
444 1763 599 1833 llugo
628 1762 982 1825 Etherianus,
1030 1759 1122 1828 qui
1153 1767 1209 1812 et
1239 1756 1369 1811 illud
1405 1765 1556 1811 recte
1594 1763 1769 1820 notat,

176 1857 279 1911 sibi
321 1855 425 1926 ipsi
458 1853 835 1910 contradicere
871 1849 1126 1904 Photium
1156 1889 1169 1911 ,
1214 1846 1343 1901 dum
1372 1862 1436 1900 ex
1469 1860 1576 1898 una
1617 1853 1772 1915 parte

1891 643 2109 700 diiIerre
2143 661 2173 699 a
2204 644 2375 709 Filio,
2409 657 2465 702 ct
2492 648 2595 701 alia
2644 648 2995 719 huiusmodi,
3025 669 3147 722 quae
3195 670 3303 709 non
3343 668 3475 711 sunt

1890 736 2246 807 hypostaticae
2278 739 2641 808 proprietates
2666 742 2781 797 sive
2806 745 3140 812 personales.
3164 746 3259 801 lla:
3279 762 3481 802 attines.

1888 830 2032 885 circa
2066 831 2429 887 substantiam
2459 835 2874 890 considerantur
2900 847 2955 891 ct
2999 838 3327 910 singularem
3359 856 3473 894 non

1886 934 2016 978 sunt
2064 925 2272 980 sortita:
2320 942 2648 995 personam;
2708 944 2839 999 ergo
2887 940 3016 984 sunt
3071 931 3468 1001 proprietates,

1885 1032 2007 1085 qua:
2035 1033 2381 1088 nequaquam
2425 1035 2784 1091 personarum
2844 1022 3163 1093 insignitiva:
3220 1033 3466 1080 sunt.....

1886 1107 2251 1175 Quamobrem
2295 1126 2405 1166 non
2461 1111 2606 1167 idem
2654 1122 2740 1167 est
2788 1114 2980 1169 habere
3023 1117 3372 1185 proprietates
3414 1131 3470 1175 et
3536 1160 3541 1169 .

1884 1202 1950 1255 ab
1979 1201 2164 1257 iisdem
2185 1202 2462 1275 insigniri;
2480 1204 2663 1275 plures
2681 1206 2827 1261 enim
2849 1208 3128 1277 quodlibet
3150 1210 3469 1267 animalium

1883 1295 2250 1365 proprietates
2311 1295 2511 1361 habet,
2560 1312 2590 1351 a
2650 1298 2799 1353 nulla
2852 1315 3082 1369 quarum
3152 1302 3471 1375 insignitur.

1883 1386 2038 1444 Patet
2059 1389 2245 1462 igitur,
2267 1399 2328 1444 ut
2349 1390 2606 1458 arbitror,
2628 1391 2838 1446 nullum
2867 1393 3265 1451 inconveniens
3287 1398 3463 1468 sequi.

1882 1485 1928 1537 si
1958 1483 2119 1539 Pater
2149 1492 2205 1538 et
2231 1499 2352 1553 quae
2376 1499 2499 1538 cum
2549 1499 2616 1539 eo
2651 1486 2771 1541 dure
2802 1502 3049 1556 persona:
3088 1497 3241 1555 sunt,
3274 1490 3465 1561 hujus-

1881 1576 2028 1631 modi
2051 1577 2332 1646 possident
2354 1577 2739 1648 proprietates,
2762 1597 2884 1635 cum
2915 1581 3177 1637 diﬂ‘erens
3201 1584 3471 1640 habitudo

1881 1669 2337 1738 compositionem
2391 1686 2504 1723 non
2547 1669 2799 1726 adducat.
2834 1688 2853 1721 ι
2898 1672 3032 1727 Item
3072 1684 3262 1728 contra
3299 1675 3463 1730 Nico-

1879 1761 2215 1817 mediensem
2266 1762 2568 1817 antistitem
2618 1778 2686 1817 ex
2722 1765 2839 1834 pari
2888 1765 3097 1820 ratione
3141 1778 3462 1839 arguentem

1879 1852 2191 1924 Theologus
2248 1864 2437 1908 noster
2470 1854 2529 1922 (l.
2567 1870 2606 1917 ι,
2642 1871 2690 1913 c.
2729 1855 2825 1918 15,
2855 1872 2910 1925 p.
2939 1856 3100 1927 1207)
3125 1857 3461 1924 observarat,

181 1952 263 2019 (ut
291 1964 419 2018 cap.
449 1946 503 2017 3)
540 1944 810 2015 agnoscit.
843 1955 1135 1995 commune
1162 1953 1282 1994 esse
1309 1936 1448 1992 Filio
1470 1946 1526 1989 et
1548 1934 1773 2006 Spiritui
1803 1940 1850 2000 B
1878 1962 2174 2007 commune
2204 1962 2325 2002 esse
2358 1946 2507 2002 patri
2533 1958 2589 2002 ει
2616 1946 2753 2002 Filio
2776 1991 2791 2013 ,
2821 1962 2889 2002 ex
2919 1948 3103 2018 aliquo
3129 1964 3237 2003 ηοη
3269 1966 3464 2020 ιιι-ορε-

179 2060 243 2097 ex
272 2040 437 2096 Patre
466 2056 608 2104 esse,
639 2055 703 2093 ex
735 2038 905 2092 altera
940 2050 1072 2090 vero
1108 2032 1190 2104 (ut
1234 2047 1354 2101 cap.
1384 2031 1438 2101 6)
1471 2029 1770 2095 contendit,

174 2149 297 2205 quae
354 2132 571 2188 duabus
625 2128 877 2201 personis
928 2125 1241 2182 communia
1288 2133 1438 2188 sunt,
1495 2133 1552 2178 et
1596 2122 1772 2177 tertiae

175 2227 496 2284 convenire.
548 2226 642 2279 Ait
703 2224 851 2278 enim
904 2218 1238 2275 Etherianus
1298 2219 1378 2290 (I.
1440 2233 1512 2281 II,
1564 2232 1613 2271 c.
1666 2214 1769 2281 18,

174 2320 395 2391 ι).12”52
417 2317 486 2389 ll)
513 2334 526 2370 :
562 2336 581 2368 ι
605 2320 672 2371 At
704 2331 835 2370 vero
868 2329 994 2368 cum
1019 2327 1373 2383 quascunque
1405 2309 1772 2381 proprietates

174 2414 383 2469 habent
403 2412 535 2475 duo,
569 2421 625 2464 et
656 2409 871 2471 tertius,
904 2415 966 2462 ut
1000 2416 1149 2461 retro
1176 2414 1540 2460 monstratum
1570 2412 1655 2459 est
1682 2404 1767 2475 (ex

175 2510 367 2561 mente
396 2503 627 2570 Photii).
669 2499 962 2568 PrOpterea
998 2497 1105 2553 hoc
1141 2497 1285 2553 idem
1336 2496 1469 2551 dicit
1498 2497 1764 2567 sophista,

174 2595 397 2651 sibimet
426 2593 671 2649 Invenire
693 2590 1023 2656 contrarius,
1051 2605 1175 2644 cum
1201 2588 1345 2645 dicat
1369 2591 1509 2661 (cap.
1536 2589 1765 2661 531in.),

178 2689 422 2759 Spiritus
450 2696 504 2741 et
524 2684 643 2740 Filii
674 2698 967 2739 commune
990 2698 1131 2747 esse,
1161 2699 1269 2737 una
1297 2698 1363 2739 ex
1405 2698 1565 2738 causa
1592 2692 1647 2737 et
1680 2683 1766 2737 in-

178 2781 441 2837 divisibili
478 2780 673 2834 habere
703 2791 1076 2849 progressum.
1113 2775 1265 2841 Quod
1315 2775 1505 2846 utique
1557 2792 1766 2846 nequa-

175 2890 342 2945 quam
400 2874 547 2929 Patri
602 2888 828 2928 causam
882 2888 993 2927 non
1047 2869 1271 2927 habenti
1315 2868 1593 2924 convenit.
1658 2867 1765 2923 Sed

170 2982 351 3037 neque
383 2963 691 3034 Theologus
712 2962 1008 3033 Gregorius
1030 2959 1303 3016 consentit
1324 2957 1455 3013 huic
1479 2956 1764 3011 sententia:

171 3060 226 3114 in
258 3059 499 3130 quodam
550 3072 804 3113 sermone
851 3056 920 3111 ad
966 3056 1184 3110 lronam
1218 3053 1537 3121 (lleronem)
1586 3050 1763 3121 philo-

169 3150 427 3221 sophum.
461 3149 791 3212 Commune,
822 3145 1020 3214 inquit,
1051 3142 1199 3197 Patri
1245 3142 1469 3212 quidem
1520 3148 1576 3195 et
1605 3137 1762 3205 ,Filio

169 3256 224 3302 et
252 3243 489 3315 Spiritui
529 3252 720 3297 sancto
758 3254 868 3293 non
908 3237 1065 3302 ﬁeri,
1116 3235 1299 3291 Deitas
1341 3249 1593 3305 quoque;
1623 3230 1761 3287 Filio

166 3349 351 3394 autem
384 3347 443 3392 et
472 3343 665 3392 sancto
694 3333 921 3405 Spiritui
959 3347 1083 3387 esse
1106 3345 1173 3387 ex
1199 3331 1382 3384 Patre.
1416 3328 1756 3391 Secundum,
1786 3304 1829 3362 (ἶ

167 3429 630 3501 quemadmodum
650 3428 888 3499 Spiritus
907 3442 973 3481 ex
992 3425 1149 3480 Patre
1168 3423 1410 3493 Filioque
1429 3420 1756 3493 progressio,

166 3523 476 3594 proprietas
520 3533 602 3577 est
631 3562 645 3586 ,
678 3537 780 3577 nec
825 3521 932 3575 ulla
979 3519 1124 3590 cogit
1168 3516 1342 3581 ratio,
1394 3516 1556 3569 trium
1598 3528 1754 3577 esse,

166 3618 291 3690 quia
345 3616 583 3671 duorum
636 3624 721 3671 est
769 3613 1097 3687 proprietas.
1139 3632 1158 3665 ι
1214 3610 1290 3664 De
1327 3609 1429 3664 hac
1476 3608 1590 3677 ipsa
1642 3622 1755 3660 ma-

167 3711 300 3771 teria
352 3712 503 3784 [257]
556 3711 701 3767 idem
764 3718 957 3763 auctor
1009 3706 1119 3777 iam
1185 3713 1347 3758 antea
1418 3702 1758 3757 disseruerat

164 3812 225 3880 (I.
257 3828 298 3876 ι,
336 3825 390 3865 c.
429 3808 522 3874 12,
554 3822 612 3876 p.
660 3802 821 3867 1205,
859 3797 1031 3865 1206;
1080 3814 1131 3853 c.
1166 3796 1254 3859 16,
1303 3812 1360 3866 p.
1405 3794 1578 3858 1210,
1624 3794 1660 3846 1.
1691 3809 1752 3856 ιι,

164 3920 283 3975 cap.
324 3903 383 3966 5,
419 3918 476 3972 p.
510 3898 695 3967 1217).
723 3894 789 3949 Ει
812 3895 869 3949 in
899 3891 1067 3963 priori
1110 3897 1258 3945 textu
1288 3889 1365 3959 (p.
1401 3887 1541 3942 1205
1574 3888 1752 3956 seq.):

166 4017 187 4049 ι
217 3995 381 4063 Quod
423 3992 532 4048 erit
572 3987 990 4050 inconveniens,
1019 3982 1218 4054 inquit,
1238 3980 1489 4053 personis
1529 3994 1756 4050 prorsus

163 4086 603 4161 inseparabiliter
655 4078 1168 4141 commanentibus,
1220 4074 1618 4146 proprietatum
1655 4072 1754 4126 ali-

161 4197 325 4253 quam
368 4179 493 4235 Filii
530 4175 780 4232 Patrisve
822 4185 1171 4229 communem
1213 4166 1376 4223 esse?
1409 4164 1527 4219 Non
1574 4162 1755 4217 omnis

163 4272 481 4345 proprietas
508 4282 803 4341 personam
844 4262 1223 4326 describit..,..
1256 4257 1593 4327 Proprietas,
1632 4269 1754 4324 quae

160 4382 327 4423 causa
375 4368 728 4432 nuncupatur
772 4358 888 4413 sive
930 4352 1284 4427 principium,
1333 4348 1567 4418 alicujus
1624 4361 1753 4417 per-

158 4474 310 4514 sonae
338 4454 568 4511 minime
594 4451 905 4523 insignitiva
932 4456 1039 4513 est,
1070 4445 1214 4501 sicut
1242 4451 1297 4497 et
1326 4441 1575 4512 quaedam
1607 4439 1751 4505 alia),

158 4560 217 4606 ut
254 4549 586 4621 ingenitum,
615 4546 734 4600 sine
761 4558 925 4598 causa
952 4555 1098 4605 esse,
1129 4538 1249 4593 sine
1293 4534 1563 4607 principio
1607 4548 1747 4599 esse,

1874 2038 2030 2105 dere,
2070 2056 2183 2095 non
2233 2056 2356 2097 esse
2411 2039 2674 2111 Spiritum
2718 2042 2989 2112 alicujus.
3044 2058 3148 2099 nec
3195 2042 3464 2115 Spiritum

1874 2142 2125 2188 sanctum
2185 2148 2329 2200 esse,
2390 2132 2595 2188 habere
2647 2134 3026 2190 habitudinem
3083 2135 3153 2191 ad
3200 2135 3459 2201 invicem,

1872 2227 2247 2283 characterem
2300 2226 2505 2282 habere
2558 2226 2626 2282 ad
2672 2226 2907 2281 invicem
2970 2242 3031 2283 se
3092 2227 3456 2298 respiciendi,

1871 2330 1928 2377 et
1977 2336 2195 2376 rursum
2244 2320 2529 2391 aequaliter
2590 2320 2893 2375 secundum
2959 2319 3337 2376 habitudinem
3391 2321 3458 2375 ad

1871 2414 2129 2474 invicem.
2167 2423 2276 2469 etc.

1941 2505 2028 2559 16.
2061 2503 2237 2559 Amne
2259 2503 2347 2558 his
2374 2502 2657 2575 principiis
2684 2512 2769 2557 est
2800 2502 2933 2557 illud
2970 2502 3175 2571 pariter
3201 2519 3231 2557 a
3284 2502 3460 2559 Becco

1869 2597 2033 2668 (orat.
2053 2596 2110 2663 2,
2150 2596 2303 2669 [258]
2337 2597 2407 2652 de
2436 2596 2641 2664 iniusta
2668 2596 2856 2667 depos.
2880 2613 2930 2652 c.
2958 2598 3029 2652 24
3061 2606 3120 2652 et
3156 2598 3213 2651 in
3241 2596 3457 2653 Camat.

1867 2691 2051 2745 Anim.
2081 2688 2146 2746 ϐ.
2201 2688 2267 2745 0.
2316 2689 2386 2754 ll,
2447 2689 2535 2755 75,
2567 2690 2694 2760 291)
2743 2690 3086 2759 castigatum,
3142 2689 3395 2745 videlicet
3440 2708 3453 2742 :

1866 2780 2032 2837 Omne
2060 2781 2197 2852 quod
2242 2782 2306 2835 de
2353 2781 2547 2836 divinis
2580 2780 2812 2849 personis
2866 2782 3079 2843 dicitur,
3138 2790 3231 2833 aut
3274 2798 3454 2847 perso-

1866 2871 1986 2927 nale
2039 2883 2113 2926 est
2142 2882 2237 2926 aut
2274 2872 2523 2926 naturale
2574 2872 2705 2940 (πᾶν
2742 2871 2806 2923 τὸ
2867 2871 2961 2922 ἐπὶ
2982 2870 3089 2925 τῶν
3145 2871 3457 2942 θεαρχικῶν

1865 2965 2159 3037 λεγόμενον
2219 2967 2571 3021 ὑποστάσεων
2597 3008 2611 3032 ,
2655 2965 2688 3036 ἢ
2720 2964 3083 3018 ὑποστατικόν
3117 2966 3233 3019 ἐστι
3265 2967 3300 3037 ἦ
3350 2984 3456 3035 φυ-

1866 3059 2068 3129 σικὸν),
2094 3059 2239 3125 quod
2270 3058 2574 3129 praesertim
2597 3056 2850 3112 Nieolaus
2890 3056 3265 3113 Methonensis
3298 3069 3459 3129 urget

1866 3154 1940 3212 (c.
1975 3152 2030 3206 9.
2056 3151 2123 3207 ad
2155 3168 2278 3222 cap.
2300 3152 2370 3206 56
2396 3150 2576 3206 Photii
2599 3160 2726 3205 nota
2754 3150 2831 3221 5).
2853 3169 2871 3202 ι
2904 3148 3015 3205 lloc
3042 3160 3406 3222 assumptum,
3429 3172 3447 3203 ι

1864 3245 1942 3300 ait
1973 3243 2180 3301 Beccus
2212 3246 2271 3316 (l.
2320 3263 2371 3301 c.
2404 3262 2457 3316 p.
2490 3246 2581 3311 75,
2629 3243 2741 3315 76),
2798 3262 2816 3295 ι
2883 3245 3247 3300 communiter
3283 3246 3454 3299 multa

1862 3336 2085 3392 Patrum
2118 3337 2262 3393 dicta
2289 3338 2622 3404 convellunt,
2651 3336 2851 3407 quibus
2879 3336 3242 3407 proprietates
3277 3335 3453 3408 hypo-

1861 3430 2068 3485 staticm
2136 3429 2456 3484 naturaliter
2504 3427 2792 3499 (φυσικῶς)
2849 3427 3145 3497 unicuique
3200 3442 3453 3497 persona)

1861 3522 2040 3577 inesse
2068 3521 2532 3576 demonstrantur.
2574 3520 2763 3589 Neque
2796 3518 2941 3573 enim
2971 3519 3117 3588 quod
3152 3519 3277 3577 talis
3317 3535 3449 3590 pro-

1860 3614 2065 3685 prietas
2094 3614 2430 3684 hypostatica
2460 3622 2547 3669 est
2582 3612 2727 3665 Patri
2770 3619 2865 3665 aut
2889 3610 3027 3666 Filio
3071 3620 3167 3666 aut
3219 3611 3447 3682 Spiritui

1860 3718 2074 3775 sancto,
2108 3717 2394 3779 propterea
2442 3706 2704 3761 naturalis
2764 3720 2875 3758 non
2932 3712 3045 3771 est;
3074 3714 3268 3759 natura
3299 3707 3449 3762 enim

1858 3810 1914 3855 et
1944 3816 2056 3854 non
2097 3800 2371 3870 positione
2418 3798 2603 3869 (φύσει
2629 3798 2761 3868 γὰρ,
2792 3798 2888 3851 καὶ
2920 3797 3042 3868 οὐχὶ
3071 3798 3240 3869 θέσει)
3287 3798 3449 3853 Pater

1858 3892 2021 3948 Pater
2050 3901 2155 3957 est,
2190 3909 2311 3962 quae
2344 3900 2431 3946 est
2462 3906 2682 3946 suarum
2710 3890 3104 3961 proprietatum
3134 3891 3342 3962 prima;
3392 3902 3450 3945 et

1857 3997 2054 4042 natura
2074 3996 2159 4041 est
2188 3985 2360 4041 Filius
2386 3984 2581 4050 Filius,
2613 3994 2669 4039 et
2710 4001 2821 4040 non
2862 3985 3155 4055 positione,
3186 4001 3310 4056 qua:
3363 3997 3451 4042 est

1858 4095 2084 4136 suarum
2115 4076 2506 4148 proprietatum
2526 4077 2844 4148 potissima;
2870 4087 2925 4133 et
2950 4076 3190 4148 Spiritus
3216 4090 3448 4135 sanctus

1857 4172 2181 4227 naturaliter
2202 4186 2270 4225 ex
2300 4169 2459 4225 Patre
2486 4169 2750 4240 procedit,
2785 4178 2841 4225 et
2860 4170 3173 4240 processiva
3202 4172 3258 4243 (ὴ
3282 4173 3448 4226 ἐκπο-

1858 4266 2245 4335 ρευτιχήμιιω
2282 4262 2589 4335 hypostasis
2622 4262 2927 4333 proprietas
2978 4264 3301 4320 naturaliter
3344 4264 3444 4320 soli

1857 4358 2005 4412 illius
2030 4355 2307 4427 hypostasi
2326 4356 2491 4409 inest.
2517 4352 2813 4425 Propterea
2840 4352 3133 4411 dicendum
3150 4370 3260 4411 non
3278 4367 3397 4411 erat
3427 4377 3441 4411 :

1856 4447 2131 4519 Quidquid
2183 4447 2253 4503 de
2308 4445 2513 4501 divinis
2556 4446 2757 4501 dicitur
2806 4446 3210 4517 hypostasibus,
3235 4458 3329 4503 aut
3360 4461 3447 4504 est

1856 4542 2257 4615 hypostaticum
2281 4541 2397 4599 sive
2419 4539 2697 4611 preprium
2726 4539 3108 4596 antnaturale.
3140 4538 3447 4597 Commune

156 4640 436 4701 emittere,
472 4638 592 4693 sine
618 4635 776 4691 Patre
809 4649 953 4696 esse,
1014 4647 1127 4686 non
1170 4645 1292 4685 esse
1332 4627 1597 4700 Spiritum
1621 4642 1749 4681 san-

1868 4636 2005 4691 enim
2033 4642 2052 4705 (
2082 4633 2281 4703 κοινόν)
2313 4632 2686 4705 hypostaticis,
2719 4648 2829 4687 non
2855 4632 3101 4688 naturale
3127 4633 3440 4704 opponitur.

154 4737 343 4790 ctum,
408 4742 521 4782 non
588 4740 711 4781 esse
763 4720 1152 4795 processibile,
1204 4719 1408 4774 habere
1479 4716 1743 4787 Spiritum

154 4829 435 4881 sanetum,
484 4816 704 4871 mittere
761 4813 1028 4884 Spiritum
1081 4818 1353 4864 sanctum.
1407 4808 1587 4874 Quare
1628 4806 1743 4876 ple-

154 4923 328 4979 raque
353 4906 490 4961 Filio
524 4910 684 4965 Pater
730 4904 1137 4971 communicat;
1180 4902 1436 4969 similiter
1478 4900 1744 4971 quasdam

153 5001 328 5056 habet
370 4996 732 5070 proprietates
773 5008 830 5054 et
859 4997 1074 5065 tFilius,
1106 5012 1227 5068 qua:
1271 4993 1600 5065 insignitivae
1634 5009 1743 5046 non

153 5102 310 5149 sunt.
366 5090 546 5157 Quare
596 5091 857 5159 quasdam
917 5089 1154 5162 ,Spiritui
1221 5086 1623 5152 communicat,
1685 5093 1745 5138 ut

152 5184 506 5242 causativum
544 5181 864 5253 (αἰτιατόν),
912 5197 1023 5238 non
1062 5199 1186 5239 esse
1240 5183 1579 5248 anarchum,
1634 5197 1743 5237 non

151 5296 279 5336 esse
329 5278 575 5342 Patrem,
630 5284 687 5329 et
737 5274 841 5329 alia
887 5275 974 5330 his
1023 5276 1240 5332 similia.
1285 5276 1444 5331 Juxta
1488 5276 1743 5331 eumdem

152 5372 383 5429 modum
415 5378 474 5425 et
514 5367 754 5440 Spiritus
777 5368 987 5439 aliquas
1021 5370 1204 5436 habet,
1240 5387 1378 5441 quas
1402 5368 1564 5426 Pater
1592 5386 1744 5425 com-

230 5523 341 5596 (67)
372 5521 523 5596 Ibid:
544 5520 583 5576 f.
638 5520 742 5576 227
774 5521 809 5575 1)
836 5520 1005 5596 εΑΤῶν
1049 5521 1111 5596 ῥὲ
1153 5522 1318 5596 θέσιν
1352 5523 1744 5596 σημαινόντων

156 5588 567 5682 (προσωπιέιιῖξν
579 5588 1282 5682 χνῳᾼριςράγευνξῐναεθμᾷν
1297 5594 1324 5647 ὃ
1343 5588 1546 5682 ξνίῖιτινι
1570 5611 1741 5682 προσ-

145 5662 293 5737 ὠτξῳ
326 5663 619 5737 συμϐαίνει
648 5662 743 5716 καὶ
763 5662 930 5737 aurei:
959 5664 1109 5737 iactv
1144 5664 1294 5737 ῐδιρν,
1319 5665 1477 5737 οὕτω,
1498 5682 1558 5718 τε
1586 5662 1739 5737 ἴδιον,

144 5737 228 5801 ὡς
262 5734 363 5790 ita).
385 5736 776 5805 τὸσπρόσωπῳ
809 5734 1125 5805 ὑφιστάνξιν
1148 5750 1161 5764 ·
1195 5734 1271 5798 ὡς
1305 5736 1604 5805 πατρςτης,
1629 5736 1743 5788 uta.

140 5825 251 5880 της
264 5847 279 5870 ,
298 5802 658 5880 Exnopsuatcf
692 5802 833 5880 εἶναι
857 5806 901 5858 δ’
915 5804 953 5880 ,ὃ
979 5804 1259 5880 καὶμδυσὶν
1279 5802 1521 5880 Δἁρμόξερ
1540 5802 1551 5805 ⁷
1570 5823 1741 5880 apo:-

144 5875 347 5941 ὠποις,
381 5875 575 5945 ὦάπερ
600 5876 661 5947 vi)
692 5875 1033 5947 ὲκπορςρειν,
1072 5875 1202 5929 ἴδιον
1234 5875 1336 5947 μὲν
1357 5875 1473 5931 τοῖν
1493 5878 1637 5931 δυοῖν
1657 5876 1739 5942 ὃν,

1856 4726 2031 4782 Simul
2062 4726 2208 4781 enim
2234 4735 2288 4782 et
2310 4725 2625 4780 communia
2659 4733 2717 4779 et
2750 4724 3089 4797 hypostat‘ica
3121 4726 3445 4781 naturaliter

1854 4817 2055 4876 divinis
2081 4816 2465 4889 hypostasibus
2498 4816 2707 4881 insunt,
2738 4824 2795 4871 et
2828 4816 2968 4870 nihil
2990 4816 3138 4886 quod
3179 4829 3262 4873 est
3292 4818 3444 4888 posi-

1855 4913 2005 4967 tione
2035 4920 2094 4967 et
2142 4918 2462 4966 extraneum
2496 4918 2553 4964 et
2600 4907 2903 4963 secundum
2941 4907 3197 4963 accidens
3249 4908 3443 4980 (μηδὲν

1852 5004 1961 5058 τῶν
1985 5003 2134 5057 θέσει
2162 5002 2257 5056 καὶ
2278 5000 2479 5065 ἔξωθεν
2502 5000 2598 5053 καὶ
2635 4999 2778 5053 κατὰ
2804 5001 2865 5052 τὸ
2891 4997 3240 5069 συμϐεϐηκὸς
3261 4999 3441 5069 ὑπαρ-

1853 5096 2079 5168 χόντων)
2110 5095 2291 5151 locum
2316 5094 2369 5149 in
2403 5093 2511 5149 illis
2548 5092 2735 5147 habet.
2773 5110 2791 5143 ι
2827 5091 2947 5147 Non
2996 5090 3157 5146 aliter
3192 5100 3443 5147 statuunt

1853 5190 2249 5246 Constantinus
2273 5187 2604 5243 Meliteniota
2624 5185 2855 5257 (ωειλ,
2874 5186 2939 5240 de
2954 5200 3098 5254 proc.
3130 5185 3224 5255 Sp.
3242 5187 3439 5252 sancti,

1852 5300 1903 5339 c.
1940 5282 2009 5337 39
2028 5300 2042 5349 ;
2062 5281 2126 5338 (Σ.
2152 5280 2217 5337 0.
2246 5280 2311 5345 ll,
2339 5279 2465 5347 899,
2495 5278 2620 5347 900)
2650 5279 2857 5348 quique
2882 5294 3007 5335 cum
3037 5293 3225 5349 presse
3252 5278 3440 5348 sequi-

1853 5386 1942 5430 tur
1968 5374 2077 5429 Leo
2100 5372 2331 5428 Allatius
2351 5370 2575 5443 (Vindic.
2608 5387 2725 5439 syn.
2749 5370 2943 5441 Ephes.
2966 5386 3019 5441 p.
3047 5369 3147 5425 361
3176 5386 3193 5436 ;
3216 5369 3437 5424 Enchir.

1851 5542 1893 5579 π
1900 5524 2150 5598 ρόσᾼῳπρν
2160 5521 2517 5598 ’ὐφΑιστρινξιψ

1924 5594 2035 5667 (b8)
2061 5584 2282 5667 lbida'f.
2476 5608 2533 5667 a.
2592 5589 2731 5667 Περὶ
2759 5588 2816 5641 δὲ
2846 5585 2942 5640 τοῦ
2980 5587 3079 5640 τοῦ
3107 5584 3439 5667 προϐέλξξιν

1856 5654 2168 5736 ιδιῶμξιτος,
2196 5663 2271 5736 ὼς
2302 5665 2351 5715 εἰ
2383 5664 2458 5733 μὴ
2486 5662 2547 5736 τὸ
2593 5654 2889 5736 Felicitates
2916 5654 3288 5736 Δσυνιςςτᾷ-τοῦ
3321 5656 3440 5708 Πα-

1849 5727 2207 5810 τρὸξηκοιλνδν
2240 5727 2395 5810 {orci
2549 5727 2768 5810 τῷῪὶιῇ
2788 5749 2802 5763 ο
2836 5729 2974 5810 πλῂν
2998 5729 3105 5810 γὰρ
3124 5727 3240 5810 ea?
3264 5741 3435 5810 apag-

1851 5791 2079 5863 ρἶἇῶν
2108 5804 2389 5871 ἱδιοτήτων
2408 5791 2764 5860 τᾶλλαόεοινᾶ
2784 5791 2953 5856 πᾶσίν
2985 5791 3157 5855 ε’ίσὶνο
3195 5791 3326 5871 ᾤστῘ
3364 5791 3436 5871 ἧδ’

1852 5880 1919 5933 ἂν
1941 5877 2037 5931 καὶ
2066 5875 2146 5947 τῷ
2180 5866 2466 5947 ΠνὲὺμαῖιΑ
2489 5876 2666 5929 κοινὸν
2698 5875 2759 5929 τὸ
2791 5871 3139 5945 προϐάλλειν,
3174 5868 3221 5922 εξ
3259 5867 3333 5939 μὴ
3357 5866 3438 5937 τῷ

147 5950 371 6020 lla-rgo;
398 5949 493 6003 καὶ
520 5945 676 6011 Υἱοῦ,
708 5947 809 6017 οὐχ
854 5945 999 5999 οὕτω
1032 5946 1216 6017 μέντοι
1239 5945 1419 6017 ῖδιον,
1448 5948 1590 6002 ὥστε
1643 5950 1813 6031 καὶ..
1850 5950 2061 6005 ἐκείνου
2083 5945 2382 6004 ἀντέπιπτε
2410 5945 2578 6020 λόγῳ.

480 6042 753 6105 ΡΑτιωι..
798 6040 911 6099 Gn.
960 6038 1087 6102 Cll.

3082 6036 3154 6095 16
