4002 6408
558 354 662 421 491

1716 358 1943 421 ΡΗΟΤΙ
1950 358 1976 417 Ι
2019 355 2527 418 PATRIARCH/E
2567 357 2675 419 ΟΡ.

3730 359 3836 423 192

563 474 600 527 1.
625 487 675 527 c.
704 486 759 541 p.
799 470 932 542 ροβ⁸,
969 470 1125 542 ρογ’).
1157 471 1263 528 Sed
1291 469 1558 542 ejusmodi
1599 469 1888 539 rc3ponsio
1915 484 2023 523 non
2050 482 2148 539 pe-
2179 474 2222 528 A
2252 466 2511 531 diximus,
2543 483 2645 521 nec
2675 467 2838 521 etiam
2864 467 3392 525 incommunicabilis
3426 469 3498 525 sit
3519 468 3682 531 Filio.
3711 487 3832 526 cum

564 565 712 618 nitus
763 564 1085 619 satisfacere
1113 566 1349 619 videtur.
1382 563 1583 617 Verum
1616 562 1836 631 quidem
1887 571 1993 625 est,
2024 577 2145 630 qua:

563 657 898 727 hypostatiea
930 665 1077 721 sunt,
1107 673 1170 710 ea
1220 655 1492 709 naturatia
1529 654 1764 723 quodam
1816 669 1980 709 sensu
2037 653 2143 708 diei

562 765 745 818 posse,
780 758 1050 819 quatenus
1084 765 1193 803 non
1231 759 1360 804 sunt
1386 764 1451 801 ex
1480 747 1765 803 accidente
1788 788 1801 810 ,
1839 763 1905 801 ex
1939 745 2146 800 extrin-

561 856 710 902 seco,
745 850 1014 910 quatenus
1035 856 1064 894 a
1086 850 1279 894 natura
1306 839 1422 909 ipsa
1453 839 1692 909 pendent
1716 848 1772 893 et
1794 838 2037 906 personis
2061 854 2147 893 re-

572 933 901 1002 duplicativc
923 932 1156 1003 sumptis
1170 941 1297 987 sunt
1317 931 1625 986 essentialia
1648 949 1662 994 ;
1682 947 1868 986 verum
1901 941 2030 985 tunc
2061 931 2144 985 la-

578 1024 701 1077 tiori
736 1040 888 1077 sensu
917 1024 988 1077 ita
1007 1030 1287 1086 vocantur,
1312 1038 1420 1076 non
1451 1022 1661 1087 stricto,
1694 1031 1853 1093 prout
1882 1038 2029 1077 nunc
2050 1038 2146 1092 op-

562 1115 857 1185 positionis
880 1117 1020 1169 ratio
1045 1116 1258 1170 videtur
1309 1115 1547 1186 exigere.
1600 1116 1947 1187 lnterrogaut
1982 1119 2145 1172 etiam

565 1208 853 1262 axiomatis
880 1208 1029 1263 illius
1062 1217 1392 1274 assertores,
1425 1206 1575 1280 [259]
1624 1208 1852 1263 Allatius
1908 1208 2141 1278 (Eucln'r.

562 1297 689 1365 ἂεφ.
717 1297 801 1363 ιζ’,
836 1313 891 1368 p.
920 1297 1009 1366 95)
1040 1296 1241 1367 aliique
1278 1315 1290 1350 :
1334 1313 1401 1350 an
1453 1297 1682 1350 Trinitas
1716 1296 1786 1350 sit
1816 1298 2045 1366 φυσικὸν
2075 1314 2143 1353 an

567 1391 928 1444 ὑπωτατικὸν
965 1409 1017 1444 τι
1059 1391 1146 1459 (de
1191 1406 1299 1460 qua
1350 1393 1651 1460 quwstione
1704 1392 1829 1445 vide
1879 1391 2143 1447 Thomam

562 1497 617 1552 q.
647 1481 734 1547 51,
772 1498 823 1536 a.
867 1484 919 1543 1,
945 1482 1012 1536 ad
1047 1481 1125 1551 1),
1159 1491 1340 1536 utrum
1394 1498 1630 1551 persona:
1656 1496 1853 1535 nomen
1886 1492 2147 1536 censeant

562 1575 810 1629 naturale
844 1591 911 1628 an
948 1576 1233 1646 personale
1256 1576 1342 1645 (de
1369 1590 1473 1645 qua
1506 1575 1806 1643 qu:estione
1841 1574 1963 1629 vide
1993 1592 2145 1629 eum-

564 1668 710 1729 dem,
740 1684 795 1737 q.
835 1667 923 1733 50,
955 1683 1007 1721 a.
1042 1668 1129 1737 4);
1160 1683 1223 1722 ac
1245 1669 1417 1737 premi
1465 1668 1661 1721 exinde
1694 1682 1823 1721 sane
1848 1667 2145 1722 adversarii

562 1769 797 1830 possunt
822 1776 833 1812 :
855 1758 910 1812 Si
931 1776 1205 1828 personant
1237 1759 1472 1814 dixerint
1497 1774 1693 1813 nomen
1720 1758 2141 1829 hypostatieum,

2247 560 2492 613 ﬁliationi
2515 561 2738 615 relative
2788 577 2897 616 non
2927 572 3239 632 opponatur
3260 605 3276 629 ,
3309 563 3379 617 ad
3427 563 3833 618 distinctionem

2248 661 2431 706 tamen
2462 669 2491 707 a
2525 654 2729 723 Spiritu
2761 664 2952 710 sancto
2985 664 3039 711 et
3078 655 3509 711 notiﬁcationem
3554 658 3836 728 utriusque

2246 760 2499 816 persona:
2542 748 2799 818 pertinet.
2839 767 2857 799 ι

2319 838 2408 891 17.
2450 837 2734 892 Postremo
2762 839 2945 893 et'hoc
2980 839 3225 894 solemne
3250 839 3445 894 Photio
3472 850 3523 895 et
3559 840 3835 895 Photianis

2247 930 2470 987 effatum
2512 942 2631 984 est:
2693 930 2753 986 Ut
2786 930 2973 998 Filius,
3030 932 3106 985 ita
3173 930 3407 1000 Spiritus
3458 941 3532 985 est
3578 947 3644 985 ea:
3682 931 3835 986 Patre

2246 1024 2485 1093 proxime
2547 1031 2595 1075 et
2657 1023 2963 1076 immediate
3038 1023 3280 1093 (ἁμέσως
3348 1024 3443 1075 καὶ
3504 1025 3831 1093 προσεχῶς),

2248 1116 2398 1170 nullo
2426 1114 2607 1169 medio
2634 1115 2934 1169 exsistcnte
2966 1114 3147 1187 (Phot.
3202 1131 3323 1186 cap.
3359 1117 3447 1177 62,
3481 1116 3657 1169 Nicol.
3725 1116 3831 1170 He-

2248 1208 2403 1262 thon.
2447 1223 2493 1260 c.
2519 1206 2633 1276 22).
2672 1209 2851 1276 Atque
2899 1207 3028 1262 hinc
3082 1209 3137 1261 in
3198 1206 3425 1261 Latinos
3472 1208 3832 1272 invehuntur,

2246 1300 2390 1370 quod
2442 1299 2658 1354 Patrem
2708 1298 2911 1353 faciant
2980 1298 3219 1367 Spiritus
3286 1298 3617 1369 principium
3676 1299 3833 1355 simul

2248 1393 2554 1462 proximum
2600 1400 2656 1445 et
2695 1402 2999 1456 remotum;
3060 1391 3389 1461 proximum,
3448 1400 3612 1460 prout
3640 1400 3727 1444 est
3777 1408 3833 1445 ex

2248 1484 2407 1539 Patre
2432 1482 2669 1554 Spiritus
2695 1483 3030 1547 immediate,
3057 1494 3327 1537 remotum
3369 1498 3520 1546 vero,
3564 1493 3729 1551 prout
3762 1497 3835 1538 est

2247 1595 2309 1631 ex
2332 1575 2493 1641 Filio,
2522 1577 2613 1646 qui
2646 1577 2808 1630 habet
2835 1591 2957 1630 esse
2989 1590 3018 1629 a
3043 1574 3224 1629 Patre.
3255 1576 3358 1629 Alii
3386 1576 3567 1629 adhuc
3602 1576 3833 1645 iniquio-

2246 1688 2333 1725 res
2364 1673 2730 1742 pra-tendunt,
2769 1670 3029 1740 Spiritum
3063 1670 3135 1723 ita
3166 1671 3390 1723 mediate
3415 1686 3482 1723 ex
3522 1669 3686 1723 Patre
3718 1686 3833 1724 esse

2246 1766 2387 1835 apud
2420 1764 2666 1826 Latinos,
2734 1774 2792 1818 ut
2853 1779 3037 1817 revera
3085 1763 3304 1817 nonnisi
3347 1779 3411 1817 ex
3449 1762 3585 1816 Filio
3618 1763 3713 1824 sit,
3769 1778 3828 1816 ex

564 1870 630 1907 ex
661 1868 851 1907 eorum
880 1853 1148 1907 sententia
1193 1852 1557 1923 personalitas
1590 1851 1681 1905 uni
1722 1858 1931 1906 tantum
1957 1868 2023 1906 ex
2048 1852 2143 1907 tri-

2249 1864 2404 1918 Patrc
2437 1881 2564 1918 vero
2604 1863 2968 1922 solummodo,
3002 1872 3167 1931 prout
3194 1872 3278 1915 est
3333 1861 3450 1914 Filii
3496 1860 3823 1929 principium

565 1945 667 1998 bus
690 1953 998 2014 competet;
1047 1946 1090 1999 si
1136 1944 1385 2013 φυσικὸν,
1438 1960 1671 2014 persona
1722 1954 1777 1999 et
1832 1955 2026 1999 natura
2085 1944 2141 1999 in

565 2053 736 2091 unum
760 2038 954 2093 collabi
1011 2038 1382 2103 videbuntur;
1447 2054 1695 2108 personae
1732 2054 1956 2100 nomen,
1984 2048 2044 2093 ut
2070 2040 2140 2093 ait

566 2127 806 2182 Thomas
835 2128 892 2198 (Ι.
926 2127 1022 2194 0.),
1058 2142 1347 2182 commune
1381 2137 1465 2182 est
1491 2128 1662 2181 tribus
1714 2129 1963 2198 personis
1991 2144 2139 2184 com-

568 2219 833 2274 munitate
856 2219 1101 2282 rationis,
1129 2234 1237 2272 non
1275 2218 1374 2273 rei.
1404 2219 1480 2272 Ex
1508 2219 1593 2272 his
1618 2218 1846 2289 aliisque
1875 2220 2142 2288 ejusmodi

566 2310 818 2365 Photiani
879 2311 1293 2380 deprehendere
1366 2319 1629 2380 possunt.
1692 2327 1932 2381 quonam
1984 2321 2142 2381 pacto

566 2403 778 2458 axioma
835 2403 964 2457 illud
1013 2402 1269 2457 aflirmari
1310 2414 1475 2472 queat
1504 2402 1639 2474 (69).
1671 2402 1728 2456 Si
1764 2403 1894 2458 illud
1928 2413 2085 2458 sonat
2125 2420 2139 2460 :

564 2497 738 2554 Omne
775 2496 917 2565 quod
943 2494 996 2548 in
1032 2494 1300 2549 Trinitate
1322 2494 1638 2564 percipitur,
1691 2505 1784 2549 aut
1826 2495 2023 2550 divina:
2054 2510 2142 2548 es-

564 2586 753 2642 sentia:
787 2597 872 2643 est
925 2596 1021 2642 aut
1040 2588 1197 2640 unius
1229 2603 1462 2657 personw
1498 2595 1728 2650 tantum,
1751 2597 1879 2643 tunc
1901 2588 2143 2642 refundi-

564 2692 653 2733 tur
673 2680 729 2735 in
762 2681 999 2750 primum
1033 2679 1163 2733 illud
1182 2679 1293 2749 jam
1328 2679 1622 2734 refutatum
1648 2679 1695 2751 (ᾗ
1731 2681 1815 2750 12)
1844 2680 2064 2733 effatum
2091 2690 2146 2735 et

564 2789 689 2829 cum
719 2789 785 2827 co
810 2773 975 2827 cadit.
1005 2772 1061 2826 Si
1087 2787 1217 2826 vero
1253 2781 1415 2826 sonat
1444 2790 1456 2824 :
1487 2772 1763 2841 Quidquid
1806 2773 1858 2826 in
1879 2771 2145 2826 Trinitate

563 2864 905 2935 intelligitur,
943 2874 1039 2919 aut
1071 2864 1371 2918 secundum
1420 2864 1800 2927 substantiam,
1831 2873 1925 2917 aut
1954 2864 2019 2917 ad
2042 2863 2144 2917 ali-

565 2957 694 3025 quid
718 2958 935 3021 dieitur,
968 2957 1084 3013 sive
1117 2967 1211 3012 aut
1251 2957 1565 3012 absolutum
1602 2966 1697 3011 aut
1728 2958 2011 3012 relativum
2040 2964 2142 3021 est,

572 3050 686 3102 sive
710 3048 929 3102 demum
967 3068 978 3102 :
1019 3058 1112 3103 aut
1140 3050 1205 3102 ad
1236 3049 1528 3103 essentiam
1556 3056 1765 3118 spectat
1787 3056 1882 3101 aut
1926 3049 1997 3101 ad
2029 3064 2147 3117 per-

575 3158 752 3207 sonus,
780 3141 976 3212 poterit
1003 3142 1082 3197 eis
1104 3142 1366 3213 permitti.
1410 3142 1553 3196 Sane
1582 3142 1846 3212 quidquid
1874 3141 1929 3195 in
1963 3141 2146 3196 'l‘rini-

568 3244 678 3290 tate
694 3235 1088 3300 consideratur,
1126 3236 1211 3290 vel
1240 3236 1309 3289 ad
1338 3235 1628 3289 essentiam
1681 3236 1918 3305 pertinet
1948 3235 2032 3289 vel
2073 3237 2143 3288 ad

566 3345 852 3399 personas;
873 3327 963 3383 sed
992 3344 1099 3382 non
1140 3344 1303 3383 omne
1333 3327 1476 3397 quod
1524 3328 1590 3381 ad
1618 3327 1908 3382 essentiam
1934 3342 2031 3381 ceu
2067 3340 2146 3382 ta-

567 3422 672 3476 lem
704 3435 810 3475 non
836 3420 1091 3490 pertinet,
1117 3419 1240 3473 ideo
1267 3431 1350 3473 est
1380 3419 1653 3489 proprium
1681 3419 1841 3474 unius
1874 3434 2141 3489 personae.

569 3516 831 3568 Praeterea
853 3520 1046 3566 notant
1076 3511 1311 3583 theologi
1351 3528 1472 3566 cum
1516 3513 1573 3567 S.
1607 3511 1815 3567 Thoma
1847 3513 1922 3584 (q.
1973 3514 2061 3577 41,
2091 3527 2143 3567 a.

568 3609 624 3667 1.
655 3608 717 3661 ad
742 3607 814 3674 1),
838 3593 1145 3660 notiénales
1167 3614 1342 3665 actus.
1369 3605 1509 3676 quia
1543 3622 1901 3676 personarum
1923 3606 2145 3660 relatio-

566 3700 729 3755 nibus
751 3699 1336 3754 ditl'eruntsecundum
1381 3700 1601 3754 modum
1655 3699 1991 3770 significandi
2028 3707 2147 3752 tan-

565 3802 703 3858 tum,
726 3806 915 3846 revera
942 3793 1169 3845 omnino
1206 3799 1335 3845 sunt
1359 3791 1524 3855 idem,
1559 3790 1816 3861 distingui
1861 3788 2057 3842 merito
2115 3805 2146 3843 a

562 3884 984 3954 personalibus;
1013 3899 1131 3937 eam
1163 3883 1510 3949 divisionem,
1543 3900 1649 3952 qua
1682 3883 1883 3936 dicitur
1919 3899 1933 3935 :
1976 3880 2147 3947 Quid-

561 3978 695 4048 quid
722 3977 775 4029 in
792 3976 993 4032 divinis
1030 3986 1132 4043 est,
1158 3977 1242 4031 vel
1276 3984 1359 4031 est
1381 3976 1619 4030 essentia
1658 3976 1745 4030 vel
1801 3991 2032 4046 persona
2063 3976 2147 4030 vel

566 4076 729 4137 notio,
762 4088 953 4128 omnes
977 4072 1269 4128 admittunt
1299 4072 1389 4140 (cf.
1417 4071 1567 4126 Sum.
1595 4087 1649 4140 q.
1679 4071 1851 4142 ιδῃ.
1884 4073 1938 4135 5,
1971 4072 2038 4126 ad
2094 4071 2143 4141 1)

559 4175 621 4221 et
656 4180 787 4220 sane
814 4182 875 4220 ea
903 4174 1156 4220 accurata
1188 4166 1548 4233 undequaque
1568 4171 1670 4218 est.
1696 4162 1834 4218 llinc
1856 4163 2147 4234 objectioni

565 4258 641 4311 illi
666 4256 824 4330 [260]
854 4277 867 4313 :
908 4277 927 4309 ‹
962 4256 1251 4312 Productio
1277 4256 1516 4326 Spiritus
1542 4256 1715 4310 sancti
1740 4255 1913 4309 activa
1946 4265 2039 4309 aut
2067 4265 2149 4310 est

566 4349 867 4419 personalis
899 4357 992 4403 aut
1034 4347 1412 4402 substantialis
1440 4363 1454 4411 ;
1489 4348 1543 4400 in
1574 4345 1739 4415 priori
1773 4361 1899 4400 casu
1932 4362 1993 4400 ea
2036 4362 2143 4401 non

566 4452 743 4511 potest
766 4440 1013 4511 pluribus
1044 4439 1339 4495 convenire
1368 4439 1637 4507 personis,
1675 4438 1727 4491 in
1754 4438 1924 4491 altero
1956 4454 2019 4491 ea
2064 4446 2148 4491 est

2242 1965 2297 2009 et
2325 1953 2557 2026 genitor,
2590 1956 2731 2009 sicut
2754 1954 2897 2007 Enos
2930 1954 3072 2007 filius
3105 1954 3236 2008 Scth
3270 1954 3503 2009 mediate
3531 1952 3600 2006 ab
3629 1953 3828 2003 Adamo

2243 2059 2325 2103 est
2347 2059 2533 2117 ortus;
2569 2058 2624 2104 et
2649 2050 2718 2103 ab
2758 2049 2860 2102 hac
2885 2048 3186 2117 corruptela
3228 2062 3332 2102 nec
3363 2047 3591 2101 Photius
3626 2045 3829 2098 alienus

2243 2150 2347 2203 est,
2371 2150 2433 2194 ut
2456 2156 2579 2209 cap.
2614 2140 2674 2193 61
2714 2139 3050 2192 manifestat.
3100 2138 3202 2191 Sed
3233 2136 3435 2191 omissa
3463 2136 3516 2189 in
3575 2132 3828 2205 praesenti

2245 2232 2346 2285 hac
2386 2230 2621 2285 absurda
2654 2216 3115 2299 interpretatione
3145 2228 3210 2280 de
3262 2225 3427 2296 priori
3465 2232 3677 2278 tantum
3710 2238 3829 2290 age—

2245 2341 2386 2379 mus.
2442 2324 2753 2393 llespondet
2784 2323 2989 2376 Beccus
3022 2320 3107 2391 (G.
3143 2321 3278 2383 0.1,
3327 2320 3465 2384 215;
3509 2318 3603 2373 0r.
3644 2319 3705 2369 de
3744 2333 3825 2368 un.

2248 2417 2391 2472 Eccl.
2409 2434 2467 2474 ιι.
2492 2418 2876 2487 6/1)nemincm
2897 2414 2993 2469 SS.
3025 2414 3244 2468 Patrum
3274 2413 3497 2472 dixisse,
3526 2411 3585 2463 τὸ
3608 2408 3829 2478 Πνεῦμα.

2244 2512 2467 2581 ἀμέσως
2494 2512 2559 2562 ὲκ
2587 2510 2679 2562 τοῦ
2707 2508 2921 2579 Harpe;
2946 2503 3107 2560 εἶναι.
3148 2504 3267 2559 1am
3304 2514 3429 2558 ante
3466 2504 3620 2557 illum
3667 2502 3819 2555 Nice-

2245 2606 2437 2674 phorus
2494 2602 2787 2656 Blcmmida
2819 2601 3245 2655 controversiam
3278 2598 3350 2651 ita
3377 2597 3668 2666 proposuit
3700 2614 3714 2648 :
3767 2595 3818 2648 ΕΞ

2245 2698 2312 2749 ar
2336 2696 2465 2749 Υἱοῦ
2491 2697 2552 2749 τὸ
2580 2695 2734 2761 ἅγιον
2768 2693 2992 2761 Πνεῦμα
3031 2692 3389 2763 ἐκπορεύεται
3421 2690 3572 2761 παρᾶ
3600 2688 3827 2759 Πατρὸς,

2246 2789 2278 2857 ἢ
2330 2788 2434 2857 μὴν
2480 2790 2545 2840 ὲκ
2607 2786 2821 2857 Harpe;
2864 2786 3168 2856 προσεχῶς,
3206 2783 3319 2836 ἀλλ’
3356 2783 3417 2835 οὐ
3441 2783 3509 2834 δι’
3558 2781 3717 2835 Γὶοὖ’
3773 2797 3828 2835 ac

2246 2877 2398 2947 prius
2439 2876 2657 2946 quidem
2689 2876 3011 2946 permultos.
3049 2874 3325 2944 posterius
3379 2888 3512 2928 vero
3558 2873 3826 2927 neminem

2248 2968 2556 3023 Graecorum
2601 2969 2881 3022 doctorum
2929 2967 3217 3021 tradidisse
3268 2964 3501 3041 alIirmat
3532 2979 3595 3016 ac
3649 2962 3831 3031 probat

2251 3063 2408 3131 (orat.
2448 3062 2496 3125 1,
2534 3077 2589 3115 n.
2622 3060 2655 3112 2
2678 3076 2818 3129 seq;
2844 3069 2984 3113 orat.
3012 3060 3067 3120 2,
3094 3074 3143 3112 c.
3178 3059 3241 3123 4;
3276 3055 3517 3127 [26116.
3552 3054 3615 3110 0.
3660 3056 3698 3116 Ι,
3723 3070 3776 3122 p.
3799 3054 3829 3107 2

2250 3168 2363 3220 seq.
2398 3150 2511 3220 42).
2542 3152 2717 3219 Atque
2741 3151 2883 3205 inter
2911 3150 3046 3203 alios
3076 3159 3243 3201 testes
3278 3146 3603 3216 Gregorium
3642 3143 3831 3213 Eysse-

2250 3260 2379 3299 num
2434 3244 2654 3297 adducit
2695 3243 2770 3313 (p.
2804 3243 2882 3311 7),
2920 3241 3010 3311 qui
3045 3240 3237 3293 Filium
3266 3249 3424 3292 vocat
3463 3237 3527 3289 τὸ
3554 3234 3831 3303 προτεχῶς

2248 3338 2313 3389 ἐκ
2341 3334 2437 3388 τοῦ
2469 3334 2687 3407 πρώτου
2714 3334 2978 3404 Spiritum
3003 3346 3132 3386 vero
3155 3330 3216 3382 τὸ
3235 3330 3324 3382 διὰ
3347 3328 3444 3381 τοῦ
3472 3326 3757 3396 προσεχιῖκ
3774 3328 3832 3379 ὲκ

2246 3428 2340 3480 τοῦ
2378 3426 2591 3497 πρώτου
2628 3426 2744 3499 [lib.
2780 3427 2858 3479 At!
2889 3426 3073 3479 Ablab.
3119 3432 3160 3481 l.
3192 3424 3259 3489 ll,
3294 3440 3348 3494 ρ.
3382 3422 3511 3495 459]
3545 3423 3683 3491 (70).
3714 3420 3833 3475 Suf~

2249 3519 2528 3590 fragantur
2575 3518 2761 3573 Patres
2802 3517 3027 3571 omnino
3073 3531 3285 3579 omnes,
3315 3515 3408 3584 qui
3444 3513 3712 3584 Spiritum
3753 3513 3834 3565 διὰ

2248 3613 2343 3666 τοῦ
2372 3613 2503 3665 Υἱοῦ
2541 3629 2605 3666 ex
2638 3614 2800 3666 Patre
2831 3611 3130 3681 procedere
3152 3610 3459 3663 docuerunt
3491 3608 3622 3680 (art.
3644 3609 3699 3671 2,
3736 3606 3831 3676 §6,

2251 3716 2376 3760 nota
2410 3704 2462 3765 2)
2488 3722 2502 3770 ;
2533 3721 2682 3766 nam,
2706 3714 2763 3757 ut
2784 3704 2860 3757 ait
2888 3700 3284 3757 Constantinus
3312 3700 3648 3753 Melitcniota
3680 3704 3834 3765 (orat.

2252 3800 2303 3863 1,
2335 3815 2384 3854 c.
2417 3799 2479 3852 51
2517 3797 2619 3863 ;G.
2657 3796 2717 3851 0.
2752 3795 2817 3860 ll,
2852 3796 2975 3865 712)
3012 3813 3024 3848 :
3069 3814 3087 3846 ε
3122 3795 3267 3849 Idem
3300 3802 3383 3847 est
3423 3793 3611 3847 dicere
3634 3807 3732 3860 per
3755 3790 3837 3844 Fi-

2252 3894 2381 3947 lium
2410 3905 2592 3947 etnon
2622 3891 2932 3946 immediate
2965 3890 3183 3958 (ταυτὸν
3213 3888 3319 3957 γάρ
3340 3890 3457 3939 ἐστι
3487 3888 3556 3938 δι’
3592 3886 3725 3938 Υἱοῦ
3749 3887 3836 3937 καὶ

2249 3985 2350 4036 οὐκ
2408 3983 2632 4053 ἀμέσως
2687 3981 2921 4053 εἰπεῖν);
2973 3981 3103 4034 illud
3158 3981 3245 4033 διὰ
3294 3978 3571 4051 signiﬁcat
3621 3990 3835 4031 causam

2248 4077 2535 4148 quamdam
2569 4076 2898 4131 mediantem
2933 4074 3133 4143 (αἰτίαν
3158 4074 3278 4126 τινὰ
3312 4072 3749 4143 μεσιτεὺουσαν),
3783 4078 3839 4121 ut

2249 4168 2356 4222 late
2415 4168 2603 4237 probat
2647 4167 2796 4222 card.
2847 4166 3133 4221 Bcssarion
3174 4167 3232 4221 in
3277 4176 3415 4220 orat.
3477 4166 3663 4234 dogm.
3697 4180 3751 4217 c.
3806 4161 3837 4213 5

2250 4261 2439 4331 (Hard.
2488 4260 2575 4323 IX,
2614 4262 2719 4315 ’552
2758 4260 2926 4330 seq.).
2984 4259 3366 4329 Suﬂ‘ragantur
3400 4258 3435 4311 ii
3472 4273 3686 4319 omnes,
3745 4254 3837 4323 qui

2249 4353 2509 4423 Spiritum
2541 4369 2640 4422 per
2682 4351 2876 4406 Filium
2902 4352 3049 4407 Patri
3079 4350 3333 4419 coniungi
3370 4351 3573 4404 docent
3625 4348 3837 4413 (Const.

2249 4445 2490 4501 Meliten.
2523 4454 2641 4501 orat
2671 4446 2723 4506 1,
2756 4460 2807 4499 c.
2834 4445 2897 4497 41
2926 4460 3041 4514 seq.
3071 4443 3134 4501 G.
3177 4443 3242 4497 0.
3280 4442 3347 4508 ll,
3402 4442 3509 4497 760
3543 4442 3684 4510 seq.)
3720 4438 3841 4508 qui-

563 4532 662 4602 ipsi
687 4533 909 4602 Spiritui
935 4533 1243 4595 tribuenda,
1270 4550 1285 4581 ι
1312 4531 1382 4585 ita
1409 4530 1643 4585 occurrit
1670 4530 1936 4585 Henricus
1961 4530 2143 4583 Kilber

2250 4554 2354 4609 que
2395 4538 2569 4593 solum
2598 4537 2791 4591 Filium
2829 4537 2979 4591 nullo
3005 4537 3302 4591 exsistentc
3330 4536 3534 4597 medio,
3580 4550 3647 4589 ex
3678 4533 3839 4586 Patre

562 4626 780 4695 ('l‘heol.
808 4625 1050 4680 Wirceb.
1088 4624 1164 4677 De
1195 4625 1302 4677 Deo
1322 4639 1426 4676 uno
1447 4631 1496 4676 et
1528 4624 1664 4675 trino
1694 4623 1833 4691 disp.
1878 4639 1953 4684 vi,
1986 4638 2033 4675 c.
2084 4622 2139 4683 2,

561 4738 614 4772 a.
646 4721 700 4775 4.
731 4736 787 4773 n.
818 4720 980 4788 496):
1013 4718 1429 4788 productionem
1462 4717 1690 4770 activam
1714 4730 1872 4785 posse
1899 4714 2001 4768 dici
2023 4731 2143 4783 per-

561 4815 795 4868 sonalem
817 4824 872 4868 et
899 4813 1103 4881 negari,
1135 4814 1280 4881 quod
1326 4828 1387 4865 ea
1407 4811 1615 4865 duabus
1633 4807 1880 4879 personis
1909 4818 2144 4876 nequeat

562 4922 685 4964 esse
714 4905 1056 4970 counnunis;
1093 4905 1262 4960 videri
1303 4914 1482 4959 tamen
1516 4902 1693 4972 potius
1718 4902 2003 4956 dicendam
2043 4915 2144 4954 nec

562 4998 900 5071 personalem
928 5014 1031 5054 nec
1054 4998 1424 5059 cssentialem,
1457 4997 1549 5050 sed
1582 4995 1921 5055 nationalem,
1963 5013 1980 5043 ‹
2015 4993 2143 5062 quia

562 5092 773 5147 scilicet
796 5090 1047 5159 quamvis
1101 5106 1209 5143 non
1245 5088 1540 5143 constituat
1572 5085 1788 5140 Patrem
1845 5094 1901 5139 et
1943 5084 2141 5137 Filium

564 5184 623 5237 in
652 5195 772 5237 esse
800 5196 1069 5251 personae,
1089 5190 1149 5236 ut
1170 5182 1236 5236 de
1265 5180 1681 5237 innascibilitatc
1696 5186 1943 5248 respectu
1972 5176 2143 5231 Patris

634 5340 745 5412 (69)
775 5339 1039 5413 Similiter
1061 5341 1324 5413 Georgius
1351 5338 1668 5413 Scholarius
1694 5335 1851 5407 Apol.
1874 5352 1937 5413 _c._
1972 5335 2137 5390 Marc.

561 5409 767 5482 Ephes.
800 5412 1031 5487 qua-rit,
1063 5429 1131 5487 an
1182 5409 1241 5465 τί
1282 5414 1527 5487 atria-coit
1572 5412 1641 5487 sit
1681 5409 2026 5487 essentialeh
2070 5423 2138 5487 an

562 5478 869 5553 personale.
905 5481 964 5537 Si
992 5486 1250 5559 primum,
1278 5493 1333 5559 et
1366 5484 1657 5559 Pater_e_rit
1686 5478 2139 5559 aitgtéﬁﬁliﬂ-

563 5547 763 5618 terum,
794 5569 938 5610 unus
981 5547 1065 5609 est
1103 5554 1363 5615 αἰτιατὸς,
1404 5554 1484 5605 vel
1531 5551 1700 5604 Filius
1742 5547 1848 5618 vel,
1877 5547 2137 5616 Spiritus,

561 5636 619 5679 et
642 5617 771 5681 tunc
798 5643 987 5681 verum
1012 5642 1122 5679 non
1154 5622 1389 5691 amplius
1410 5621 1533 5682 erit,
1566 5621 1711 5689 quod
1742 5627 1798 5672 et
1818 5617 1990 5671 Graaci
2016 5634 2141 5687 pro—

561 5700 827 5768 pugnant,
855 5700 1078 5768 uitiari
1112 5710 1233 5768 esse
1274 5692 1550 5768 Filiunret
1572 5692 1836 5768 Spiritum
1863 5726 1878 5752 ,
1924 5697 2138 5743 utrum-

560 5762 667 5839 que
690 5785 770 5839 ἐκ
800 5767 1149 5839 Patre(Cod.
1179 5764 1327 5839 Men.
1353 5765 1443 5839 2ῗ,
1467 5762 1560 5839 fol.
1592 5765 1693 5819 186
1734 5764 1811 5839 a_)_.

635 5829 747 5911 (7'0)
782 5839 855 5894 De
883 5829 1075 5895 eodem
1111 5834 1421 5915 testimonio
1451 5833 1732 5903 disputant
1760 5832 1914 5904 Ηυεο
1949 5830 2134 5889 Ether.

2246 4647 2368 4686 esse
2422 4640 2671 4685 statuunt
2717 4629 2965 4699 (Bcccus,
3004 4630 3179 4700 cpigr.
3217 4630 3337 4690 2-4,
3374 4627 3439 4682 G.
3481 4628 3550 4682 0.
3584 4626 3648 4691 ll,
3704 4623 3841 4677 5M-

2244 4721 2390 4790 558).
2446 4721 2648 4773 Eodem
2697 4720 2921 4772 omnino
2946 4730 3105 4788 pacto
3136 4719 3317 4773 caeteri
3345 4721 3394 4771 οἱ
3433 4719 3534 4787 τῆς
3590 4715 3841 4772 ὲνώσεως

2244 4812 2415 4867 (ἓτςιξεί
2450 4812 2864 4866 ratiocinantur.
2930 4812 3078 4876 Quos
3134 4826 3320 4881 presse
3379 4810 3633 4877 sequitur
3679 4807 3840 4873 Hugo

2243 4906 2592 4972 Etherianus,
2632 4906 2722 4972 qui
2762 4906 3009 4961 Graecum
3048 4905 3301 4975 loquendi
3334 4919 3542 4958 morem
3572 4900 3627 4951 in
3660 4896 3842 4965 pluri-

2244 4999 2349 5053 mis
2376 4997 2635 5051 imitatur.
2670 5015 2688 5046 ‹
2725 4996 2916 5062 Filius,
2958 5016 2975 5047 ι
3019 4997 3197 5065 inquit
3230 4996 3286 5063 (1.
3313 5012 3349 5055 ι,
3382 5004 3431 5043 c.
3470 4989 3521 5054 1,
3555 5004 3614 5057 p.
3646 4986 3837 5051 1266),

2250 5108 2267 5142 ι
2304 5091 2454 5160 juxta
2478 5089 2764 5143 fecundam
2798 5089 3058 5159 genitoris
3088 5090 3339 5137 virtutem
3375 5090 3691 5152 generatur.
3722 5096 3840 5149 quo

2244 5186 2413 5239 medio
2445 5185 2724 5238 exsistente
2756 5197 2821 5236 ex
2854 5182 3043 5235 eodem
3084 5178 3242 5232 Patre
3276 5174 3514 5244 Spiritus
3550 5174 3736 5242 prodit
3779 5184 3844 5227 ut

2243 5339 2278 5391 Ι.
2306 5355 2387 5397 ιιι.
2414 5354 2463 5392 c.
2496 5338 2562 5392 12
2595 5337 2686 5390 lin.
2721 5352 2777 5406 p.
2806 5333 2975 5406 12478;
3002 5325 3843 5406 BeccuAs_(m:at.A2,-peliniaisla

2243 5411 2423 5472 depus.
2452 5425 2501 5462 c.
2538 5411 2631 5471 1‘2;
2662 5397 2739 5460 oé
2762 5423 2853 5460 un.
2897 5397 3037 5457 Eccl.
3075 5397 3363 5472 c.3516.
3393 5398 3454 5453 0.
3493 5397 3557 5472 ll,
3595 5397 3842 5472 56,‘_57;

2244 5480 2283 5532 Ι.
2310 5466 2475 5549 ’12υ);
2504 5466 2698 5548 Georg.
2736 5475 2971 5549 Metoch.
3003 5477 3074 5549 (ς,
3102 5471 3241 5525 Man.
3272 5470 3488 5549 Cret.c.
3520 5468 3574 5533 6,
3604 5483 3656 5549 ct.
3682 5466 3843 5549 ﬂag.

2242 5539 2511 5604 Plan/ib.
2548 5549 2609 5609 ll,
2642 5539 2767 5612 {'76,
2812 5546 2975 5614 945);
3012 5539 3303 5614 Constant.
3348 5539 3593 5614 Meliten.
3629 5540 3843 5614 (orsi,

2243 5636 2293 5675 c.
2327 5622 2413 5687 12,
2454 5621 2556 5684 59;
2585 5622 2660 5673 ib.
2694 5609 2762 5685 ll,
2811 5609 2969 5687 661.
3016 5614 3179 5687 7754);
3223 5609 3701 5687 georgL‘Traphez.
3741 5610 3847 5679 (ad

2241 5680 2657 5746 JoanICubocl.
2692 5680 2860 5751 c.'16,
2896 5686 2997 5745 17;
3044 5680 3193 5746 ibi],
3237 5680 3565 5749 505,306);
3597 5680 3844 5750 Gregor.

2242 5763 2559 5826 Protosvne.
2595 5760 2686 5823 (ad
2730 5760 2864 5826 imp.
2894 5757 3057 5826 Trap.
3090 5753 3335 5826 e.‘4.7i_b.
3366 5752 3410 5822 l,
3446 5752 3604 5824 425);
3633 5751 3848 5810 Bessa—

2245 5833 2364 5893 rion
2390 5822 2504 5903 (0r.
2530 5832 2705 5904 dogm.
2738 5846 2789 5889 c.
2808 5822 2886 5896 '6;
2912 5822 3075 5883 Hard.
3099 5823 3188 5893 IX,
3216 5822 3363 5894 544).
