4002 6422
174 405 287 472 493

857 408 956 470 DE
996 409 1060 470 s.
1103 410 1296 469 smn.
1338 409 1842 475 MYSTAGOGIA.
1866 375 1939 452 γὲ
1971 408 2719 473 ANIMADVERSIONES.

3341 409 3454 475 494

178 536 246 577 ex
301 536 404 576 sua
434 535 596 577 causa
652 519 975 576 inexhausta
1025 529 1081 577 et
1109 520 1382 577 inﬁnibili.
1417 541 1435 574 ι
1476 522 1545 577 Et
1598 522 1763 591 paulo
1792 530 1838 583 Α
1864 530 2047 576 tamen
2083 522 2191 578 dici
2224 532 2475 594 respectu
2501 522 2621 576 Filii
2645 519 2810 576 simul
2831 534 2959 575 cum
2996 518 3156 577 Patre
3187 513 3453 593 spirantis

177 624 345 684 post:
398 634 417 666 ι
455 612 663 669 Similis
685 625 767 669 cst
795 614 933 669 Filio
958 613 1220 687 Spiritus,
1256 614 1396 669 sicut
1418 614 1637 684 quidem
1691 628 1767 673 ex

178 720 344 759 causa
373 713 429 760 et
457 721 558 763 suo
581 706 888 759 immediate
928 706 1211 775 principia,
1242 704 1329 759 cui
1364 714 1421 759 ut
1448 705 1763 761 immediate

179 797 570 859 communicat,
617 797 696 851 sic
720 797 787 851 ab
833 797 952 867 ipso
982 798 1175 867 absque
1200 797 1369 850 medio
1413 797 1665 866 provenit
1707 807 1767 852 et

177 904 279 958 per
331 889 511 960 ipsum
545 889 688 944 Patri
721 889 1091 960 conjungitur.
1137 908 1156 942 ι
1191 887 1328 943 Cum
1355 888 1537 959 itaque
1586 888 1761 945 Graeci

177 982 437 1037 doctores
484 983 680 1037 Filium
728 997 986 1053 expresse
1018 982 1193 1037 solum
1228 983 1449 1051 ἀμέσου-ς
1490 997 1555 1036 ex
1604 981 1762 1037 Patre

178 1091 301 1130 esse
352 1076 557 1141 dicant,
621 1076 884 1146 Spiritum
914 1092 1045 1131 vero
1076 1092 1184 1130 non
1228 1074 1375 1148 [262]
1433 1076 1584 1141 item,
1638 1090 1761 1147 cunt

176 1169 263 1223 διὰ
302 1168 398 1222 τοῦ
424 1168 555 1222 Υίσῦ
582 1185 646 1223 ex
674 1170 832 1225 Patre
858 1170 1153 1240 procedere
1174 1167 1436 1238 Spiritum
1467 1169 1603 1225 miro
1629 1185 1764 1223 con-

176 1276 342 1316 sensu
386 1270 766 1332 propugnent;
798 1277 919 1316 cum
964 1271 1228 1332 praeterea
1262 1261 1546 1316 doctorum
1597 1260 1763 1330 aliqui

174 1355 535 1424 qumstionem
568 1355 714 1408 illam
733 1355 1166 1419 celeberrimam,
1199 1370 1295 1408 cur
1321 1353 1565 1423 Spiritus
1590 1354 1762 1408 sancti

175 1447 401 1516 spiratio
429 1463 539 1501 non
572 1448 643 1503 sit
671 1446 951 1518 generatio
979 1457 1034 1501 et
1059 1463 1290 1516 quanam
1323 1448 1531 1501 ratione
1558 1447 1673 1501 inec
1695 1447 1764 1501 ab

176 1539 262 1594 illa
286 1540 505 1594 diﬁ‘erat
528 1539 617 1608 (de
651 1556 754 1609 qua
785 1538 1158 1594 consulendus
1188 1538 1469 1600 Petavius,
1499 1537 1579 1592 De
1618 1538 1761 1593 Trin.

174 1645 352 1699 τηις.
382 1630 489 1700 li),
536 1629 735 1684 exinde
766 1629 1009 1693 solvant,
1042 1628 1187 1698 quod
1235 1628 1471 1699 Spiritus
1520 1638 1758 1693 sanctus,

174 1737 279 1777 nou
336 1721 656 1775 immediate
687 1737 716 1774 a
752 1720 913 1775 Patre
945 1720 1037 1784 sit,
1072 1720 1534 1790 quemadmodum
1595 1720 1762 1775 Filius

175 1815 266 1881 (cf.
297 1813 494 1868 Petav.
519 1812 555 1866 l.
587 1829 637 1868 c.
677 1828 725 1867 c.
762 1813 849 1874 15,
875 1828 933 1865 n.
966 1810 1051 1882 11)
1092 1812 1233 1867 sicut
1256 1812 1346 1866 alii
1367 1828 1433 1868 ex
1462 1813 1584 1877 hoc,
1616 1812 1761 1883 quod

1864 613 2129 686 Spiritum
2175 618 2405 671 mediate
2453 632 2520 670 ex
2571 615 2731 669 Patre
2769 614 3105 685 procedere;
3143 615 3197 685 5)
3251 618 3446 674 deduci

1863 722 1975 761 non
2010 721 2191 777 posse,
2222 706 2436 760 Patrem
2466 706 2644 759 eodem
2666 720 2891 775 prorsus
2918 715 3151 776 respectu
3172 707 3452 762 immedia-

1866 805 1979 851 tum
2026 804 2082 851 et
2115 796 2435 858 mediatum,
2484 796 2792 866 proximum
2824 804 2879 850 et
2935 806 3204 851 remotum
3260 798 3449 855 haberi

1866 890 2103 960 Spiritus
2135 889 2309 944 sancti
2348 889 2697 959 principium.
2749 889 3056 960 Utrumque
3099 892 3204 946 diei
3243 902 3446 963 potest,

1864 984 1957 1038 sed
1988 984 2090 1038 sub
2118 982 2554 1038 consideratione
2583 984 2741 1053 plane
2776 986 3002 1039 diversa.

1940 1075 2023 1131 19.
2071 1074 2353 1142 Quomodo
2383 1076 2547 1147 igitur
2568 1075 2823 1131 Photium
2864 1076 3245 1147 impugnantes
3275 1076 3447 1134 Gra‘ci

1863 1166 2149 1221 orthodoxi
2185 1167 2236 1221 id
2268 1166 2572 1238 denegant,
2599 1167 2859 1239 Spiritum
2899 1184 3019 1223 esse
3050 1170 3352 1225 immediate
3380 1186 3447 1226 ex

1864 1256 2057 1323 Patre,
2090 1258 2232 1327 quod
2279 1257 2595 1313 Latinorum
2641 1261 3079 1329 przestantissimi
3116 1263 3275 1332 plane
3309 1279 3443 1318 con-

1865 1349 2100 1404 cedunt?
2147 1350 2253 1404 Sed
2284 1349 2389 1405 boc
2432 1350 2507 1408 illi
2537 1366 2649 1405 non
2680 1352 2892 1409 inﬁnite
2927 1363 3212 1421 statuunt,
3248 1372 3442 1412 verum

1864 1457 1964 1511 pro
1994 1456 2217 1497 suorum
2256 1441 2477 1496 Patrum
2519 1443 2735 1501 dicendi
2767 1459 2949 1509 more,
2986 1447 3336 1504 attendentes
3375 1449 3443 1503 ad

1865 1548 1958 1588 eas
1998 1533 2311 1588 eorumdem
2356 1533 2695 1597 locutiones,
2726 1534 2923 1604 quibus
2960 1537 3173 1608 egregie
3210 1536 3445 1607 Spiritus

1865 1621 2036 1677 sancti
2082 1637 2149 1676 ex
2182 1620 2318 1675 Filio
2364 1622 2527 1676 etiam
2569 1623 2847 1692 processio
2886 1623 3256 1691 conﬁrmatur,
3290 1642 3444 1680 com-

1866 1713 2141 1768 municata
2174 1728 2306 1768 vero
2340 1730 2370 1769 a
2418 1713 2577 1770 Patre
2615 1713 2750 1769 Filio
2788 1715 2963 1770 virtus
2994 1716 3252 1787 spirativa
3284 1718 3445 1773 simul

1865 1804 2205 1871 ostenditur;
2233 1805 2284 1860 id
2301 1816 2489 1861 contra
2512 1806 2659 1862 cives
2689 1822 2818 1861 suos
2847 1808 3226 1864 scbismaticos
3251 1820 3447 1881 urgent

173 1875 234 1964 ξι
296 1918 533 1978 utroque
586 1909 843 1978 procedat,
876 1908 971 1977 (ib,
1123 1908 1223 1977 9);
1270 1908 1381 1979 jam
1432 1875 1580 1963 satist
1610 1875 1757 1979 ιξειιει
1793 1875 1953 1968 Bqui
2009 1899 2077 1953 ad
2138 1899 2535 1955 excludendum
2593 1897 2789 1953 Filium
2848 1899 3217 1956 immediatam
3271 1875 3447 1958 sa‘ncti

174 2020 265 2059 eos
297 2022 327 2057 a
354 2002 624 2057 Photiana
650 2003 896 2059 doctrina
927 2003 1069 2057 baud
1100 2018 1290 2073 parum
1322 2003 1650 2073 discrepare,
1697 2011 1757 2058 ut

172 2093 400 2149 Allatius
424 2093 616 2160 (Each.
654 2110 703 2149 e.
733 2095 785 2158 6,
823 2111 878 2164 p.
907 2093 977 2148 50
1006 2093 1149 2165 seq.)
1180 2108 1306 2148 cum
1338 2094 1552 2149 caeteris
1578 2104 1754 2166 urget.

243 2185 331 2241 18.
369 2185 628 2241 Attamen
659 2186 711 2239 id
736 2185 1050 2242 difﬁcultate
1069 2201 1179 2241 non
1207 2194 1356 2241 caret
1385 2203 1400 2253 ;
1427 2186 1573 2241 unde
1597 2186 1648 2240 id
1698 2186 1754 2241 in

174 2280 357 2348 primis
381 2280 769 2349 indagandum,
798 2294 1033 2348 quonam
1055 2287 1215 2348 pacto
1235 2276 1305 2333 sit
1320 2278 1752 2350 intelligendum,

172 2371 431 2441 Spiritum
494 2381 742 2424 sanctum
789 2370 1017 2423 mcdiate
1058 2385 1089 2424 a
1128 2368 1287 2424 Patre
1317 2370 1629 2439 procedere.
1693 2367 1752 2423 S.

172 2464 409 2520 Thomas
441 2463 615 2536 (Sum.
647 2480 700 2534 p.
731 2464 783 2530 1,
813 2480 868 2533 q.
901 2464 989 2528 36,
1021 2479 1071 2517 a.
1098 2462 1144 2534 1)
1174 2465 1315 2519 banc
1338 2464 1514 2533 primo
1533 2463 1654 2517 loco
1682 2464 1755 2517 si-

172 2558 229 2612 bi
252 2557 613 2628 obiectionem
660 2555 964 2626 proponit:
1005 2573 1024 2606 ι
1060 2554 1215 2617 Quod
1269 2555 1515 2625 procedit
1540 2556 1606 2609 ab
1653 2556 1752 2609 ali-

174 2667 288 2721 quo
336 2666 431 2720 per
464 2650 715 2720 aliquem,
747 2664 855 2702 non
893 2648 1139 2718 procedit
1192 2648 1260 2703 ab
1312 2663 1381 2703 eo
1415 2647 1751 2704 immediate.

182 2741 241 2795 Si
285 2742 444 2813 igitur
473 2740 701 2810 Spiritus
748 2750 969 2795 sanctus
1002 2739 1247 2810 procedit
1289 2754 1318 2793 a
1345 2737 1501 2794 Patre
1530 2756 1622 2808 per
1660 2739 1751 2793 Fi-

176 2834 331 2897 lium,
356 2850 459 2886 non
494 2832 725 2902 procedit
753 2849 785 2884 a
820 2831 983 2885 Patre
1006 2832 1331 2895 immediate,
1355 2831 1500 2901 quod
1538 2830 1753 2885 videtur

174 2924 590 2979 inconveniens.
635 2943 653 2973 ι
697 2923 795 2977 Cui
849 2924 919 2976 ita
961 2922 1078 2993 ipse
1112 2924 1421 2980 satisfacit:
1467 2943 1485 2977 ι
1522 2924 1582 2979 In
1613 2940 1752 2994 qna-

171 3016 303 3071 libet
322 3020 539 3071 actione
582 3024 667 3070 est
693 3014 802 3069 duo
832 3016 1202 3082 considerare,
1249 3017 1366 3072 scil.
1408 3018 1749 3089 suppositum

168 3124 335 3181 agens
365 3116 421 3164 et
453 3110 734 3169 virtutem.
763 3123 867 3177 qua
894 3108 1023 3177 agit,
1049 3108 1191 3163 sicut
1220 3109 1358 3179 ignis
1388 3110 1635 3166 calefacit
1663 3127 1751 3166 ca-

169 3202 303 3256 lore.
334 3200 391 3256 Si
432 3202 596 3272 igitur
628 3200 682 3253 in
715 3199 875 3255 Patre
904 3209 959 3255 et
983 3200 1120 3254 Filio
1154 3202 1533 3257 consideratur
1561 3204 1748 3268 virtus,
1775 3226 1819 3289 ρ

168 3309 269 3363 qua
295 3293 504 3360 spirant
540 3290 803 3361 Spiritum
828 3299 1097 3354 sanctum,
1118 3306 1228 3345 non
1248 3292 1394 3347 cadit
1417 3292 1489 3346 ibi
1535 3292 1751 3363 aliquod

169 3385 433 3448 medium,
456 3384 583 3454 quia
612 3384 730 3439 haec
764 3383 941 3438 virtus
970 3392 1054 3437 est
1084 3399 1189 3436 una
1213 3383 1499 3438 eteadem.
1533 3384 1587 3439 Si
1620 3400 1752 3439 con-

169 3477 483 3532 siderentur
529 3485 711 3529 autem
760 3474 891 3546 ipsa:
923 3490 1158 3544 persona:
1186 3476 1471 3544 spirantes,
1512 3476 1591 3531 sic
1625 3492 1748 3531 cum

169 3568 411 3640 Spiritus
432 3576 657 3623 sanctus
686 3568 1032 3621 communiter
1059 3568 1317 3635 procedat
1343 3583 1371 3621 a
1401 3567 1559 3623 Patre
1585 3577 1641 3623 et
1666 3569 1752 3623 Fi-

167 3662 255 3726 lio,
318 3662 605 3716 invenitur
634 3660 873 3731 Spiritus
904 3669 1128 3714 sanctus
1179 3660 1479 3714 immediate
1516 3677 1546 3715 a
1590 3661 1751 3716 Patre

165 3754 489 3823 procedere,
552 3752 607 3805 in
659 3759 922 3821 quantum
953 3758 1036 3804 est
1079 3748 1260 3815 abeo,
1294 3759 1350 3805 et
1396 3752 1642 3817 mediate,
1693 3752 1749 3806 in

164 3853 432 3915 quantum
463 3853 544 3897 est
572 3858 603 3896 a
635 3841 810 3908 Filio;
844 3851 898 3896 et
925 3842 1004 3896 sic
1034 3841 1233 3896 dicitur
1261 3843 1557 3911 procedere
1585 3860 1615 3896 a
1638 3844 1749 3897 Pa-

163 3947 238 3990 tre
273 3952 375 4006 per
404 3933 453 3988 F
458 3935 648 3999 ilium;
698 3935 841 3989 sicut
869 3934 1036 3989 etiam
1064 3933 1197 3988 Abel
1240 3934 1509 4003 processit
1552 3935 1748 3989 imme-

160 4027 304 4083 diale
340 4030 416 4083 ab
465 4027 660 4093 Adam,
697 4026 753 4080 in
779 4035 1044 4096 quantum
1089 4026 1259 4081 Adam
1290 4026 1393 4081 iuit
1422 4035 1576 4097 pater
1607 4026 1747 4095 ejus,

159 4132 215 4177 et
247 4122 517 4186 mediate,
550 4121 606 4174 in
650 4129 913 4190 quantum
957 4120 1060 4174 fuit
1091 4118 1203 4174 Eva
1235 4130 1410 4175 mater
1439 4120 1578 4190 ejus,
1627 4135 1749 4189 quae

158 4214 438 4285 processit
466 4214 536 4268 ab
571 4214 782 4277 Adam;
818 4212 947 4267 licet
979 4214 1083 4267 hoc
1112 4214 1421 4284 exemplum
1451 4212 1748 4268 materialis

159 4307 537 4378 processionis
607 4306 851 4375 ineptum
900 4305 1153 4361 videatur
1198 4305 1265 4359 ad
1332 4306 1745 4377 signiﬁcandam

158 4401 537 4456 immediatam
556 4398 959 4470 processionem
980 4398 1287 4454 divinarum
1310 4414 1689 4469 personarum.
1722 4417 1741 4450 ι

155 4491 294 4548 Hinc
327 4493 412 4563 (in
448 4508 602 4563 corp.
633 4491 762 4561 art.)
802 4509 821 4544 t
861 4492 987 4562 quia
1016 4491 1186 4546 Filius
1216 4491 1380 4546 habet
1401 4507 1429 4545 a
1458 4492 1642 4559 Patre,
1662 4493 1745 4546 in-

1857 1987 2091 2057 Spiritus
2111 2004 2177 2043 ex
2204 1988 2360 2043 Patre
2384 1989 2787 2059 processionem
2807 1991 3253 2062 propugnabant;
3282 2002 3449 2062 atque

1857 2078 1985 2134 licet
2018 2094 2079 2134 ea
2130 2080 2387 2152 ἀκριϐείᾳ
2433 2081 2678 2136 diversas
2733 2082 2831 2152 τῆς
2875 2084 3153 2154 μεσιτείας
3204 2085 3447 2139 rationes

1855 2189 1965 2229 non
2000 2175 2367 2246 distinguant,
2404 2190 2508 2245 qua
2542 2175 2783 2230 Thomas
2816 2176 3009 2243 utitur,
3049 2186 3231 2232 tamen
3267 2180 3445 2248 quoad

1855 2283 1971 2323 rem
2004 2267 2175 2339 ipsam
2215 2283 2338 2322 cum
2379 2267 2587 2322 Latinis
2612 2269 2836 2323 omnino
2868 2270 3238 2331 concordant,
3286 2289 3443 2337 μεσι-

1855 2362 2004 2413 τείαν
2066 2360 2122 2413 in
2170 2375 2236 2414 eo
2300 2360 2646 2431 potissimum
2706 2371 3070 2430 reponentes,
3129 2363 3273 2433 quod
3330 2365 3442 2418 vim

1856 2451 2201 2521 spiratricem
2230 2450 2402 2506 Filius
2443 2451 2607 2507 habet
2653 2466 2683 2505 a
2728 2450 2890 2506 Patre
2944 2452 3439 2512 communicatam.

1854 2544 1986 2599 illud
2021 2544 2109 2598 διὰ
2133 2560 2316 2600 veram
2339 2543 2517 2598 αἰτίαν
2556 2544 2649 2598 καὶ
2676 2544 2851 2614 ἀρχὴν
2873 2542 2973 2614 τῆς
3004 2543 3098 2598 τοῦ
3124 2543 3443 2615 ΙΙνεύματος

1854 2639 2142 2711 ὑπάρξεως
2203 2638 2393 2710 (Flor.
2440 2652 2596 2693 eone.
2628 2636 2794 2692 Hard.
2834 2637 2938 2701 IX,
2965 2638 3101 2707 121)
3136 2638 3444 2709 signiﬁcare

1854 2739 2195 2796 statuentes,
2250 2740 2478 2786 eatenus
2534 2730 2723 2804 primae
2777 2744 2956 2784 causa:
2990 2730 3441 2791 subordinatam,

1853 2834 2125 2894 quatenus
2148 2824 2215 2878 ab
2238 2823 2350 2893 ipsa
2394 2822 2596 2893 pendet
2635 2831 2690 2877 et
2719 2836 2787 2876 ex
2826 2822 2942 2892 ipsa
2977 2829 3080 2875 est.
3117 2821 3223 2894 (Cf.
3275 2823 3438 2879 Allat.

1862 2916 2009 2969 Vind.
2040 2932 2154 2986 syn.
2192 2914 2327 2980 Eph.
2360 2931 2409 2970 c.
2448 2916 2547 2985 58f,
2585 2931 2641 2986 p.
2670 2915 2776 2970 575
2809 2913 2948 2984 seq.)
2978 2912 3130 2969 Hanc
3162 2916 3445 2984 μεσιτείαν

1854 3007 2004 3081 [264]
2039 3007 2322 3063 Pliotianis
2380 3007 2517 3062 adeo
2574 3022 2796 3062 exosam
2856 3007 3121 3077 praeclare
3182 3008 3442 3078 explanat

1852 3099 2007 3158 Joan.
2065 3101 2269 3157 Beccus
2328 3101 2455 3171 (lib.
2514 3099 2592 3154 De
2650 3116 2795 3169 proc.
2837 3098 3023 3171 Spirit.
3094 3102 3265 3155 sancti
3300 3117 3351 3156 c.
3382 3104 3439 3163 7,

1853 3211 1911 3250 n.
1964 3195 2040 3261 2;
2071 3194 2134 3251 ϐ.
2163 3192 2226 3249 0.
2256 3190 2298 3258 Ι,
2323 3192 2451 3259 292,
2483 3193 2610 3263 295)
2641 3193 2876 3264 primum
2906 3207 3112 3266 negans
3159 3193 3441 3248 intervalla

1854 3287 1939 3343 vel
1997 3285 2201 3343 realem
2259 3285 2661 3358 separationem
2718 3284 2810 3340 illo
2855 3285 3079 3339 nomine
3132 3285 3438 3349 insinuari,

1854 3376 2055 3432 deinde
2092 3390 2213 3432 eam
2243 3376 2478 3447 positive
2512 3374 2831 3432 describens
2874 3390 2937 3431 ac
2982 3375 3248 3431 deﬁniens
3280 3393 3294 3429 :
3326 3376 3440 3447 Τὴν

1857 3467 2135 3539 μεσιτείαν
2165 3468 2371 3541 ταύτην
2422 3468 2577 3521 οὐδὲν
2626 3467 2754 3523 ἄλλο
2785 3464 2926 3523 εἷναί
2966 3485 3110 3539 φημι
3137 3469 3171 3541 ἢ
3204 3468 3440 3541 φυσικὴν

1856 3560 2061 3632 σχέσιν,
2099 3560 2221 3615 καθ’
2259 3561 2327 3633 ἦν
2369 3561 2488 3615 ἐστι
2515 3560 2604 3614 διὰ
2650 3559 2745 3615 τοῦ
2789 3559 2921 3613 Υἱοῦ
2949 3560 3025 3639 τὸ.
3044 3560 3267 3629 Πνεῦμα
3312 3577 3439 3613 συν-

1853 3654 2160 3724 απτόμενον
2191 3653 2271 3725 τῷ
2302 3654 2477 3723 Πατρὶ
2498 3693 2513 3719 ,
2552 3652 2627 3715 ὡς
2658 3654 2723 3705 ἐκ
2759 3650 2855 3705 τοῦ
2889 3652 3105 3723 Πατρδς
3134 3653 3439 3724 ἐκπορευό-

1856 3763 2015 3814 μενον
2043 3746 2107 3798 δι’
2134 3744 2321 3799 αὑτοῦ.
2355 3744 2482 3800 Hmc
2534 3744 2758 3799 uberius
2786 3744 3028 3799 lillustrat
3056 3746 3135 3814 (p.
3173 3745 3437 3813 294-298)

1853 3850 2132 3905 exponens
2169 3852 2277 3906 quo
2310 3851 2474 3890 sensu
2500 3836 2670 3891 Filius
2695 3835 2909 3891 dicatur
2929 3835 3204 3891 secundus
3233 3836 3300 3891 ad
3340 3837 3440 3891 Pa-

1854 3938 2014 3983 trem.
2045 3928 2231 3998 Neque
2272 3927 2432 3983 aliam
2459 3936 2699 3982 mentem
2724 3942 2847 3983 esse
2872 3927 3111 3999 Hugonis
3133 3927 3437 3993 Etlieriani,

1852 4036 1916 4075 ex
1971 4020 2056 4074 his
2119 4035 2239 4090 qum
2282 4020 2467 4083 lib.tl,
2528 4020 2757 4089 c.9,p.
2823 4020 2996 4086 1222,
3061 4020 3199 4073 1225
3264 4020 3441 4077 fusius

1853 4116 2145 4185 dispustat,
2173 4115 2335 4169 facile
2366 4113 2720 4185 dignoscitur.
2755 4110 2953 4166 Verum
2992 4113 3048 4167 in
3084 4112 3274 4183 primis
3306 4113 3440 4168 Bes-

1852 4209 2122 4263 sarionem
2163 4208 2354 4263 audire
2401 4208 2558 4278 juvat
2588 4206 2662 4262 ita
2690 4206 2757 4261 de
2806 4206 3083 4277 proposita
3126 4206 3441 4278 quaestione

1850 4310 2106 4372 agentem
2142 4302 2259 4373 (lib.
2285 4301 2364 4354 Ad
2391 4300 2540 4354 Alex.
2572 4298 2793 4353 Lascar.
2817 4316 2867 4353 c.
2925 4299 2993 4363 7;
3022 4297 3187 4353 Hard.
3221 4298 3259 4352 l.
3293 4315 3344 4353 c.
3376 4315 3435 4369 p.

1851 4392 2194 4465 1061,1062)
2221 4412 2233 4446 :
2261 4412 2280 4445 ‹
2310 4392 2587 4447 Tenemus
2626 4407 2748 4447 cum
2777 4391 3111 4466 Augustino,
3137 4392 3281 4461 quod
3317 4391 3440 4461 Spi-

1852 4487 1991 4543 ritus
2017 4486 2330 4540 immediate
2369 4485 2436 4541 ab
2466 4494 2698 4555 utroque
2728 4484 3009 4554 procedat,
3038 4484 3132 4539 sed
3174 4484 3436 4555 intelligi:

155 4588 291 4655 quit,
327 4587 481 4658 quod
524 4587 594 4641 ab
626 4602 691 4641 eo
715 4587 973 4657 procedat
1016 4585 1251 4656 Spiritus
1286 4595 1527 4651 sanctus,
1569 4597 1747 4657 potest

1857 4596 1974 4634 mus
2022 4579 2167 4649 quod
2219 4577 2424 4642 Filius,
2449 4578 2542 4647 qui
2595 4586 2679 4632 est
2704 4577 2941 4647 Spiritus
2977 4574 3439 4645 principium,est

154 4677 256 4731 dici
286 4677 443 4747 quod
488 4676 647 4731 Pater
680 4692 778 4745 per
821 4674 1019 4729 Filium
1077 4676 1250 4745 spirat
1312 4674 1575 4745 Spiritum
1617 4692 1745 4731 san-

155 4775 327 4821 ctum.
393 4765 535 4820 Hinc
591 4766 717 4819 alibi
760 4764 913 4837 [265]
972 4766 1048 4835 (in
1098 4766 1134 4820 l.
1182 4782 1220 4832 ι,
1256 4766 1403 4822 Sent.
1436 4767 1489 4821 d.
1545 4767 1634 4833 12,
1690 4784 1744 4837 q.

155 4856 206 4915 1,
270 4872 326 4910 a.
393 4859 450 4929 5)
512 4857 1059 4913 RichardiVictorini
1092 4860 1256 4914 verba
1293 4860 1378 4930 (de
1406 4859 1549 4913 Trin.
1578 4877 1632 4925 v,
1671 4861 1743 4929 7),

153 4949 575 5021 generationem
625 4952 681 5005 in
721 4951 923 5005 divinis
973 4966 1093 5005 esse
1137 4950 1451 5007 immediate
1485 4968 1515 5005 a
1564 4951 1744 5015 Patre,

154 5043 246 5097 sed
281 5040 533 5112 Spiritus
558 5043 729 5097 sancti
757 5042 1165 5112 processionem
1203 5044 1605 5113 quodammodo
1627 5059 1746 5098 esse

152 5134 403 5188 mediate
454 5139 509 5185 et
538 5132 939 5201 quodammodo
972 5135 1311 5199 immediate,
1345 5137 1493 5190 hunc
1522 5136 1579 5191 in
1624 5153 1745 5192 mo-

149 5224 280 5278 dum
320 5223 624 5293 explanat:
660 5243 678 5274 ε
712 5223 1053 5290 immediate,
1090 5236 1350 5296 quantum
1387 5228 1453 5281 ad
1487 5228 1744 5283 virtutem

153 5318 509 5387 spirativam,
561 5332 683 5386 quae
715 5325 800 5371 est
834 5332 940 5371 una
978 5318 1153 5373 Patris
1186 5328 1241 5373 et
1268 5319 1411 5386 Filii,
1453 5329 1509 5375 et
1548 5322 1743 5375 iterum

149 5419 429 5478 quantum
462 5407 529 5461 ad
563 5407 742 5479 ipsum
788 5410 1129 5479 suppositum
1162 5411 1356 5475 Patris,
1380 5414 1525 5482 quod
1558 5413 1741 5468 imme-

151 5501 302 5556 diate
335 5508 430 5554 est
456 5499 789 5570 principium
834 5501 1223 5570 processionis,
1260 5503 1385 5572 quia
1420 5503 1536 5573 ipse
1584 5504 1745 5558 simul

147 5602 202 5649 et
232 5591 416 5648 Filius
455 5593 707 5662 spirant;
735 5592 832 5647 sed
874 5593 1121 5661 mediate,
1157 5594 1211 5647 in
1241 5604 1505 5665 quantum
1553 5594 1742 5663 Filius,

145 5689 239 5760 qui
270 5690 478 5761 spirat,
510 5698 645 5744 esta
678 5689 856 5745 Patre.
888 5707 907 5740 ›
943 5690 1116 5745 -Ει
1152 5690 1239 5745 bis
1270 5690 1372 5744 tria
1398 5704 1746 5759 consequun—

147 5791 238 5840 tur
275 5801 289 5836 :
358 5782 406 5853 Ι)
468 5798 575 5837 non
613 5782 797 5855 negari
827 5798 856 5837 a
889 5780 1098 5837 Latinis
1136 5781 1480 5852 simpliciter,
1526 5782 1743 5837 Patrem

144 5893 271 5934 esse
305 5878 690 5934 immediatum
716 5875 1082 5948 processionis
1110 5875 1437 5947 principium
1464 5893 1478 5941 ;
1503 5874 1559 5946 2)
1594 5884 1743 5934 recte

1854 4675 2092 4729 mediana
2122 4680 2387 4743 quantum
2416 4670 2486 4725 ad
2525 4685 2648 4726 esse
2674 4672 2819 4726 inter
2846 4670 3057 4725 Patrem
3082 4678 3137 4723 ct
3168 4669 3435 4738 Spiritum

1852 4776 2099 4822 sanctum
2120 4805 2134 4829 ,
2171 4781 2293 4820 cum
2330 4764 2480 4835 prius
2509 4763 2829 4820 naturaliter
2858 4761 3188 4833 intelligatur
3218 4775 3247 4814 a
3275 4759 3436 4813 Patre

1852 4856 2173 4911 naturaliter
2216 4857 2549 4927 productus,
2610 4870 2773 4923 quam
2827 4852 3064 4923 Spiritus
3096 4860 3318 4906 sanctus
3366 4851 3437 4904 ab

1854 4959 2104 5019 utroque.
2136 4968 2155 5001 ι
2194 4948 2260 5003 Et
2282 4948 2406 5001 alibi
2435 4946 2698 5016 (Refutat.
2725 4944 3009 4998 antirrltet.
3039 4942 3277 4997 Palama:
3309 4944 3431 4996 adv.

1851 5040 2009 5094 Joan.
2032 5040 2188 5095 Becci
2221 5041 2397 5108 capita
2428 5040 2446 5109 )
2478 5054 2496 5092 :
2531 5057 2549 5090 ι
2583 5037 2837 5092 Jamvero
2861 5038 2905 5091 si
2950 5036 3073 5107 quis
3098 5035 3165 5089 ad
3199 5034 3438 5105 singula-

1854 5148 1971 5187 rem
1995 5132 2348 5187 emissionem
2372 5142 2426 5186 et
2443 5130 2780 5185 identitatem
2801 5126 3167 5198 processionis
3184 5141 3252 5181 ex
3280 5135 3436 5181 utro-

1853 5239 1959 5295 que
1994 5224 2286 5295 respiciat,
2324 5232 2438 5277 tum
2470 5223 2574 5278 hoc
2599 5220 2999 5276 animadvertat
3057 5217 3275 5273 Patrem
3313 5234 3437 5274 esse

1853 5318 2061 5373 fontem
2125 5325 2181 5371 et
2207 5332 2426 5371 causam
2493 5313 2826 5370 divinitatis:
2866 5313 3170 5367 immediate
3199 5327 3321 5367 esse
3371 5327 3437 5367 ex

1852 5409 2014 5464 Patre
2070 5407 2336 5479 Spiritum
2388 5406 2661 5471 inveniet,
2708 5420 2885 5475 eoque
2935 5405 3249 5474 pertinere,
3300 5418 3440 5473 quas

1852 5503 2053 5567 affert,
2108 5502 2430 5558 sententias.
2497 5500 2593 5555 Sin
2648 5498 2894 5554 ordinem
2939 5498 3283 5561 consideret,
3341 5497 3436 5566 qui

1851 5597 2031 5667 reipsa
2062 5595 2207 5650 inest
2236 5594 2290 5648 in
2319 5592 2604 5657 Trinitate,
2638 5607 2738 5647 nec
2760 5592 2872 5646 sola
2891 5600 3079 5645 nostra
3104 5588 3435 5661 cogitatione

1851 5697 2101 5755 constat,
2154 5687 2380 5741 medium
2418 5686 2625 5741 videbit
2680 5701 2801 5742 esse
2853 5682 3049 5738 Filitun
3107 5692 3162 5738 et
3212 5681 3435 5737 tertium

1851 5799 1882 5838 a
1911 5782 2073 5839 Patre
2099 5780 2365 5852 Spiritum
2384 5820 2401 5846 ,
2435 5794 2499 5836 ac
2521 5795 2623 5851 per
2654 5779 2851 5834 Filium
2883 5793 2913 5831 a
2946 5776 3102 5830 Patre
3129 5773 3434 5846 proceden-

1856 5882 1989 5945 tem,
2017 5890 2079 5931 ac
2124 5874 2354 5945 priorem
2393 5888 2452 5929 se
2495 5873 2812 5945 cogitatione
2850 5870 3141 5925 habentem
3197 5865 3393 5923 Filium
3420 5912 3437 5935 ,
