4002 6404
486 402 604 466 ’ἇῧῦ

1634 394 1900 463 ΡΗΟἸἹΙ
1937 400 2066 461 PA't
2088 388 2481 454 "RIARCH/E
2536 398 2641 458 CP.

3705 415 3808 481 496

491 522 953 594 quemadmodum
1010 522 1224 578 Patrem
1285 521 1449 576 habct
1474 518 1647 575 Filius
1687 520 1820 591 (7i).
1858 539 1878 572 ι
1930 518 2075 574 Sane
2103 574 2115 581 ,
2140 511 2185 575 Δ
2209 521 2506 583 m'lnlfllle.
2544 529 2669 569 cum
2702 516 2809 571 alio
2847 517 3012 573 modo
3054 518 3125 575 de
3172 522 3331 578 nobis
3366 524 3512 581 dicta
3537 568 3552 591 ,
3596 528 3705 585 alio
3738 534 3805 587 ,ιε

493 619 660 671 Pater
685 632 793 669 non
844 616 995 684 prius
1049 612 1200 685 [265]
1231 621 1413 683 potest
1442 622 1502 666 ut
1548 611 1784 681 spirator
1820 610 2072 680 cogitari,

490 726 654 780 quam
706 707 946 762 utPatcr
999 708 1374 777 concipiatur,
1427 706 1655 775 proinde
1713 721 1819 758 non
1885 704 2073 774 prius,

491 819 656 872 quam
694 804 867 857 Filius
901 801 1207 872 cogitetur;
1242 800 1366 855 ideo
1392 800 1619 853 medium
1650 807 1850 853 vocant
1885 797 2076 852 Patres

493 895 729 961 Filium,
788 896 1016 964 μεσῖτην
1069 907 1193 946 cum
1260 892 1391 947 dicit
1448 891 1739 962 Gregorius
1798 891 2077 962 Nyssenus

495 989 697 1051 i'l‘ract.
722 988 875 1054 Quod
911 1003 1020 1041 non
1059 995 1166 1041 tres
1204 994 1334 1041 sunt
1366 985 1467 1039 Dii.
1500 985 1583 1039 Cf.
1611 984 1808 1055 Georg.
1836 984 2073 1053 Trapez.

494 1086 558 1137 ad
590 1082 749 1137 Joan.
782 1081 1006 1135 Cuhocl.
1057 1096 1106 1137 c.
1141 1080 1202 1133 2i
1232 1097 1245 1145 ;
1278 1079 1339 1135 (ἱ.
1374 1078 1517 1143 0.1,
1554 1078 1658 1132 515
1680 1079 1843 1148 seq.).
1888 1078 2075 1147 Neque

494 1194 525 1231 e
563 1193 827 1231 converso
865 1174 966 1229 dici
1016 1183 1194 1243 potest
1253 1172 1517 1244 Spiritum
1557 1188 1678 1229 esse
1719 1190 1810 1242 per
1857 1172 2076 1227 Patrem

494 1286 558 1324 ex
580 1270 753 1337 Filio,
778 1269 992 1323 Patrem
1029 1283 1151 1323 esse
1182 1267 1423 1322 medium
1460 1268 1603 1321 inter
1638 1266 1833 1320 Filium
1863 1276 1919 1320 et
1952 1264 2080 1335 Spi-

493 1366 685 1426 ritum,
736 1364 997 1434 Spiritum
1045 1377 1167 1417 esse
1198 1378 1263 1416 ex
1306 1362 1443 1415 Filio
1487 1361 1745 1415 mediatc.
1812 1359 2075 1413 Praeclare

494 1456 715 1510 Thomas
769 1456 911 1520 (Le.
962 1454 1101 1515 a.5,
1152 1454 1217 1508 ad
1271 1453 1359 1523 4):
1407 1451 1547 1507 Ordo
1598 1467 1708 1506 non
1776 1450 2077 1505 attenditur

491 1549 633 1601 inter
671 1545 885 1600 Patrem
925 1554 980 1600 et
1006 1545 1202 1600 Filium
1239 1555 1504 1616 quantum
1549 1544 1616 1599 ad
1654 1544 1946 1608 virtutem,
1979 1542 2074 1597 sed

491 1641 664 1694 solum
689 1649 952 1709 quantum
978 1639 1049 1692 ad
1070 1639 1339 1709 supposita
1364 1655 1382 1704 ;
1416 1646 1470 1692 et
1509 1637 1634 1691 ideo
1662 1636 1861 1691 dicitur
1880 1679 1894 1702 ,
1928 1634 2074 1705 quod

493 1735 650 1787 Pater
694 1732 861 1802 spirat
904 1748 1001 1801 per
1052 1730 1253 1786 Filium
1281 1773 1295 1796 ,
1337 1742 1392 1785 et
1444 1748 1546 1785 non
1579 1748 1605 1785 e
1651 1747 1893 1784 converso
1931 1748 1949 1781 ›
2002 1728 2073 1785 cf.

489 1839 541 1882 ct
566 1827 750 1881 Petav.
783 1828 846 1881 de
872 1826 1016 1880 Trin.
1044 1827 1079 1879 1.
1105 1844 1200 1890 vn,
1228 1842 1277 1879 c.
1311 1827 1398 1891 11,
1435 1843 1489 1880 n.
1516 1828 1626 1897 Η).

561 1922 649 1975 ‘20.
682 1919 807 1975 lltrc
858 1921 913 1974 in
962 1937 1019 1974 re
1068 1937 1175 1974 non
1216 1922 1313 1974 abs
1364 1937 1422 1975 re
1460 1919 1621 1975 fuerit
1652 1919 1846 1973 Leonis
1894 1917 2076 1973 Allatii

489 2014 899 2069 observationes
940 2013 1202 2083 quasdam
1249 2014 1560 2082 subjicere,
1607 2029 1726 2083 quae
1770 2023 1821 2067 et
1860 2012 1913 2066 in
1956 2011 2075 2065 aliis

492 2108 653 2161 rebus
675 2104 1309 2176 consideratioucdignaz
1347 2114 1497 2160 sunt.
1533 2103 1904 2159 Scribitenim
1926 2102 2076 2174 (Vin—

486 2204 592 2254 dic.
621 2217 735 2269 ειμι.
758 2198 893 2269 Eph.
922 2216 972 2254 c.
1005 2201 1061 2253 7t
1096 2242 1110 2265 ,
1141 2216 1196 2270 q.
1231 2199 1337 2254 555
1360 2201 1514 2269 seq.)
1543 2216 1555 2253 :
1592 2220 1609 2251 ι
1642 2198 1695 2255 Si
1724 2200 1867 2255 dicat
1916 2195 2081 2253 Schi-

488 2294 783 2349 smaticns:
829 2293 1016 2362 Itaque
1052 2293 1094 2347 si
1130 2290 1290 2348 Pater
1329 2308 1427 2364 per
1456 2293 1698 2347 medium
1726 2293 1919 2347 Filium
1950 2290 2079 2363 Spi-

486 2390 655 2441 ritum
700 2387 1013 2457 producens
1064 2388 1302 2442 mediate
1348 2386 1525 2456 ipsum
1572 2385 1864 2456 producit,
1911 2384 2083 2440 Filius

487 2496 621 2535 vero
674 2480 986 2535 immediate
1031 2480 1260 2541 emittit,
1312 2479 1455 2549 quod
1504 2494 1603 2549 per
1655 2478 1863 2533 nullum
1914 2478 2080 2533 alium

486 2573 655 2628 Filius
687 2574 756 2627 sit
784 2575 1036 2645 contigua
1068 2588 1231 2628 causa
1262 2571 1495 2642 Spiritus
1517 2610 1531 2635 ,
1559 2581 1614 2625 et
1644 2569 1805 2625 Pater
1852 2585 1963 2623 non
2000 2580 2084 2624 est

487 2668 814 2737 contiguus,
843 2667 1043 2721 ‘denuo
1091 2675 1416 2736 sequeretur
1463 2675 1557 2720 aut
1601 2664 1912 2719 imminutio
1962 2662 2080 2717 Filii

487 2768 740 2827 respectu
788 2757 961 2811 Patris
1006 2766 1103 2812 aut
1138 2757 1375 2827 Spiritus
1416 2764 1668 2826 respectu
1706 2754 1865 2821 Filii,
1915 2764 1971 2809 ct
2004 2754 2085 2809 sic

489 2852 713 2906 dabitur
757 2851 909 2905 locus
945 2851 1074 2905 Ario
1096 2892 1109 2916 ,
1143 2850 1448 2913 Eunomio,
1490 2848 1809 2903 Macedonio
1845 2849 2083 2918 etApol-

488 2943 730 2999 linarioi:
773 2943 951 2996 locum
1015 2957 1124 2996 non
1169 2941 1286 2997 dari
1341 2942 1500 2996 dictis
1536 2942 1806 2997 hrercticis
1852 2941 2084 2997 manife-

489 3041 636 3087 stum
674 3042 777 3087 cst.
814 3031 876 3085 lli
910 3047 1147 3101 namque
1185 3032 1443 3087 deitatem
1496 3032 1549 3085 in
1578 3032 1822 3087 diversas
1855 3032 2086 3088 deitatcs

489 3125 809 3194 discerpunt
839 3165 853 3188 ,
887 3140 1119 3194 quarum
1166 3139 1327 3178 unam
1360 3124 1624 3194 majorem
1646 3165 1660 3189 ,
1694 3125 1853 3179 aliam
1896 3126 2078 3179 mino-

2105 1884 2153 1943 B

2210 604 2393 659 divina
2422 606 2620 662 Triadc
2663 610 3104 679 considerentur;
3138 624 3195 668 et
3224 616 3468 671 dictionis
3503 624 3805 676 communio

2203 710 2385 749 rerum
2403 697 2724 767 differentias
2750 717 2851 753 non
2874 704 3079 757 dirimit
3100 720 3119 769 ;
3141 707 3236 760 sed
3258 723 3437 763 rerum
3457 712 3771 771 dill'erentia
3790 759 3807 776 .

2182 802 2328 866 quia:
2385 789 2630 846 diversos
2688 794 2756 847 de
2805 793 2997 849 iisdem
3063 811 3365 870 conceptus
3429 803 3707 871 insinuat,
3754 824 3807 864 ct

2184 896 2400 941 vocum
2457 885 2833 942 similitudine
2888 889 3037 944 nullo
3098 894 3266 947 modo
3322 896 3501 965 pietas
3566 900 3803 956 laeditur.

2183 986 2393 1057 Neq'ue
2444 993 2734 1053 propterea
2785 986 2930 1055 quod
2994 989 3137 1059 apud
3174 990 3464 1048 haereticos
3519 998 3804 1052 nonnulla:

2182 1086 2364 1132 voces
2418 1073 2615 1143 impias
2660 1078 2966 1134 sententias
3016 1082 3371 1151 exprimunt,
3428 1100 3618 1141 earum
3674 1105 3806 1144 usus

2182 1165 2531 1241 rejicie~ndus
2557 1177 2678 1231 est,
2711 1169 2803 1223 sed
2844 1171 3226 1242 admittenda,
3279 1177 3322 1229 si
3361 1182 3526 1233 modo
3566 1180 3676 1236 illa
3718 1185 3802 1252 pic

2182 1267 2568 1338 intelligantur
2590 1272 2645 1317 et
2687 1275 3025 1321 asseruntur.
3062 1285 3081 1319 ι
3114 1298 3184 1309 --
3208 1268 3439 1325 Demum
3468 1282 3525 1327 et
3548 1290 3613 1327 ea
3664 1292 3801 1345 pen-

2178 1364 2350 1417 sanda
2385 1366 2529 1417 sunt
2562 1374 2685 1429 quae
2713 1360 2776 1415 D.
2809 1362 2923 1417 Leo
2955 1363 3025 1418 Μ.
3068 1365 3342 1422 inculcat:
3370 1388 3388 1419 ι
3422 1367 3578 1424 Nulla
3618 1371 3697 1424 ibi
3725 1374 3800 1439 (in

2181 1453 2499 1525 Trinitatc)‘
2545 1461 2789 1523 tempora
2811 1497 2825 1519 ,
2858 1456 2990 1510 nulli
3017 1459 3246 1528 gradus,
3279 1461 3442 1515 nulla:
3466 1462 3803 1519 dill'erentire

2178 1550 2528 1620 cogitentur;
2555 1547 2679 1600 etsi
2704 1563 2867 1603 nemo
2894 1550 2961 1603 de
2992 1549 3104 1606 Deo
3133 1562 3315 1622 potest
3343 1555 3622 1625 explicare
3652 1560 3800 1627 quod

2179 1652 2265 1696 est
2288 1680 2303 1707 ,
2332 1659 2495 1699 nemo
2524 1640 2738 1697 studeat
2771 1643 3069 1714 afﬁrmare,
3108 1649 3248 1715 quod
3281 1665 3381 1702 non
3421 1660 3517 1702 est.
3546 1651 3801 1705 Excusa-

2178 1735 2342 1791 bilius
2364 1738 2513 1791 enim
2542 1733 2727 1791 estde
2759 1744 2950 1789 natura
2982 1736 3241 1792 ineﬂ'abili
3268 1756 3372 1792 non
3401 1740 3573 1811 eloqui
3598 1743 3800 1813 digna.

2178 1843 2341 1896 quam
2388 1829 2614 1898 deﬁnire
2634 1828 2932 1881 tentraria.
2964 1826 3234 1898 Quidquid
3265 1830 3448 1900 itaque
3480 1834 3547 1887 de
3581 1836 3802 1904 sempi-

2184 1927 2338 1973 terna
2371 1931 2425 1975 et
2462 1916 2909 1974 incommutabili
2954 1918 3122 1987 gloria
3176 1919 3352 1976 Patris
3403 1921 3488 1992 pia
3547 1936 3797 1993 possunt

2185 2012 2348 2066 corda
2374 2013 2688 2083 concipere,
2732 2009 2841 2064 hoc
2870 2010 3033 2063 simul
3056 2020 3110 2066 et
3139 2011 3207 2066 de
3238 2012 3375 2067 Filio
3400 2022 3456 2067 ct
3484 2015 3549 2068 de
3576 2013 3799 2084 Spiritu

2186 2113 2376 2160 sancto
2392 2102 2839 2176 inseparabiliter
2852 2112 3015 2172 atque
3032 2104 3319 2161 indiﬂ'cren
3330 2114 3410 2159 ter
3422 2106 3758 2177 intelligant.
3771 2129 3789 2156 ›

2185 2204 2386 2273 (Serm.
2428 2204 2481 2270 1,
2509 2205 2576 2259 de
2601 2204 2833 2259 Pentec.
2854 2217 2905 2256 c.
2936 2203 2971 2257 5
2996 2219 3011 2268 ;
3042 2202 3233 2262 Baller.
3259 2218 3425 2258 serm.
3453 2204 3540 2267 '75,
3564 2220 3627 2272 p.
3652 2205 3798 2264 409..

2184 2297 2273 2353 ed.
2306 2296 2533 2368 MIGNE.)
2564 2316 2582 2349 ι
2614 2296 2689 2352 De
2718 2314 2825 2368 qua
2866 2293 2950 2365 (S.
2982 2293 3421 2368 Trinitate).cum
3450 2297 3507 2350 S.
3537 2296 3793 2368 Scriptu-

2186 2405 2242 2444 ra
2268 2390 2346 2445 sic
2373 2391 2616 2463 loquitur
2641 2433 2657 2458 ,
2687 2404 2748 2447 ut
2771 2400 2870 2447 aut
2895 2388 2954 2444 in
2985 2387 3142 2444 factis
3162 2390 3345 2447 autin
3372 2391 3555 2445 .verbis
3577 2392 3793 2463 aliquid

2184 2483 2425 2555 assignct
2444 2526 2458 2548 ,
2492 2485 2636 2555 quod
2674 2485 2906 2555 singulis
2929 2481 3181 2535 videatur
3207 2483 3475 2539 convenire
3506 2486 3751 2552 personis
3772 2527 3793 2550 ,

2185 2590 2294 2628 non
2325 2576 2677 2643 perturbatur
2701 2576 2836 2631 lich
2863 2574 3136 2630 catholica
3160 2615 3176 2639 ,
3200 2575 3293 2628 sed
3320 2575 3579 2639 docetur;
3612 2587 3673 2629 ut
3694 2594 3797 2646 per

2187 2665 2341 2739 [267]
2370 2669 2758 2739 proprietatem
2796 2678 2893 2723 aut
2919 2666 3075 2722 vocis
3112 2676 3207 2721 aut
3251 2668 3432 2737 operis
3469 2668 3793 2723 insinuetur

2185 2761 2345 2814 nobis
2374 2763 2577 2817 veritas
2621 2762 2925 2828 Trinitatis,
2949 2770 3007 2817 et
3040 2776 3144 2814 non
3195 2761 3394 2817 dividat
3445 2760 3789 2827 intellectus,

2190 2853 2327 2923 quod
2367 2854 2643 2924 distinguit
2679 2854 2921 2907 auditus.
2953 2850 3038 2907 Ob
3069 2850 3173 2905 hoc
3213 2851 3357 2905 enim
3388 2852 3637 2921 quaedam
3665 2853 3796 2907 sive

2191 2946 2292 2999 sub
2327 2944 2504 3001 Patris
2546 2946 2659 3002 sive
2697 2947 2799 3001 sub
2831 2946 2955 3000 Filii
3009 2945 3126 3000 sive
3179 2945 3281 2998 sub
3322 2944 3561 3014 Spiritus
3605 2946 3793 3001 sancti

2189 3038 2553 3107 appellatione
2590 3048 2917 3109 promuntur
2960 3080 2975 3103 ,
3010 3047 3068 3090 ut
3111 3036 3385 3090 confessio
3430 3036 3670 3090 ﬁdelium
3730 3038 3784 3089 in

2190 3131 2459 3187 Trinitate
2487 3149 2596 3187 non
2622 3142 2802 3199 erret;
2830 3149 2946 3203 qua:
2969 3148 3085 3185 cum
3120 3132 3186 3185 sit
3216 3130 3611 3200 inseparabilis,
3643 3147 3788 3183 nun-

489 3234 607 3272 rem
632 3257 647 3283 ,
680 3217 896 3272 tertiam
938 3217 1173 3272 mediam
1218 3217 1602 3282 conStitnunt,
1661 3227 1753 3272 aut
1796 3234 1826 3271 a
1886 3227 2077 3272 natura
2103 3249 2148 3313 Ε
2192 3240 2355 3294 quam
2376 3224 2759 3295 intelligeretur
2781 3240 2890 3277 esse
2919 3222 3239 3287 Trinitas,si
3262 3240 3464 3295 semper
3493 3223 3787 3292 insepara-

492 3310 668 3365 Patris
714 3311 957 3366 increata
1011 3310 1343 3367 abscindunt
1368 3320 1423 3365 et
1479 3309 1744 3381 Spiritum
1776 3320 1832 3365 et
1882 3310 2078 3364 Filium

493 3400 836 3456 subalternas
877 3410 1102 3455 naturas
1127 3441 1142 3466 ,
1176 3410 1237 3455 ut
1289 3402 1361 3455 ita
1401 3400 1612 3466 dicam,
1661 3410 1716 3455 et
1773 3411 2077 3456 creaturam

492 3493 635 3546 hanc
672 3490 901 3562 hujusce
930 3500 984 3545 et
1024 3492 1167 3545 hanc
1222 3491 1445 3546 alterius
1484 3492 1736 3555 ﬁrmant,
1778 3501 1871 3549 aut
1905 3491 2078 3564 Spiri-

492 3596 607 3641 tum
634 3599 826 3639 rursus
854 3584 906 3637 in
932 3584 1179 3639 ordinent
1199 3594 1575 3640 creaturarum
1599 3585 1914 3647 detrahunt,
1935 3587 2079 3657 apud

491 3692 629 3747 quos
667 3686 722 3732 et
774 3678 1010 3748 primum
1054 3691 1161 3732 non
1195 3677 1346 3747 pium
1375 3718 1389 3742 ,
1422 3686 1477 3732 et
1497 3678 1812 3750 contiguum
1853 3680 2080 3750 impium

491 3780 549 3824 et
584 3770 825 3825 medium
861 3784 969 3823 non
1003 3769 1185 3825 minus
1214 3777 1501 3840 reputatur
1532 3780 1588 3825 et
1618 3772 1794 3842 majus
1815 3780 1870 3827 et
1898 3776 2081 3828 minus

492 3874 548 3918 et
586 3861 908 3932 simpliciter
936 3860 1086 3934 (9.66]
1122 3862 1256 3916 ordo
1283 3872 1338 3917 et
1366 3862 1608 3917 anterius
1659 3874 1715 3919 et
1770 3864 2077 3935 posterius,

493 3956 714 4027 etquod
750 3955 878 4009 inde
905 3955 1262 4024 subsequitur
1284 3996 1300 4022 ,
1324 3963 1379 4010 et
1414 3955 1620 4011 similes
1658 3972 1819 4013 voces
1868 3973 2078 4013 summa

494 4064 621 4103 cum
649 4047 928 4118 impietate
959 4049 1028 4103 ab
1057 4046 1263 4104 eisdem
1291 4048 1671 4121 intelliguntur
1707 4061 1763 4106 et
1796 4051 2082 4106 declaran-

492 4152 607 4197 tur.
644 4141 803 4211 Apud
834 4140 1148 4197 Catholicos
1174 4157 1306 4197 vero
1336 4152 1391 4197 et
1431 4145 1559 4197 ordo
1598 4143 1728 4198 dum
1785 4145 2079 4211 asseritur,

494 4248 606 4287 non
633 4234 839 4288 absona
862 4249 891 4289 a
921 4235 1125 4305 pietate
1143 4234 1355 4290 ratione
1380 4236 1433 4289 in
1458 4236 1725 4293 Trinitate
1740 4238 2039 4292 assumitur
2063 4276 2078 4301 ,

490 4336 551 4380 et
576 4326 809 4396 primum
837 4335 889 4381 et
908 4327 1066 4396 prius
1083 4368 1097 4389 ,
1118 4334 1173 4380 ct
1219 4328 1452 4382 anterius
1488 4338 1543 4382 ct
1578 4329 1833 4398 posterius
1855 4368 1870 4390 ,
1893 4336 1949 4382 et
1974 4345 2081 4381 me-

488 4419 645 4479 dium
677 4428 733 4472 et
762 4419 940 4488 majus
967 4428 1021 4473 et
1051 4420 1351 4491 contiguum
1380 4422 1639 4491 quidquid
1672 4422 1817 4477 aliud
1855 4421 1910 4475 in
1941 4420 2081 4476 divi—

495 4526 693 4564 norqu
717 4510 935 4567 Patrum
960 4514 1375 4568 commentariis
1410 4515 1681 4585 reperitur
1718 4530 1748 4568 a
1777 4514 1879 4585 piis
1911 4514 2083 4569 homi-

2184 3320 2358 3373 bililer
2384 3321 2671 3374 diceretur.
2706 3317 2854 3373 Bene
2882 3333 3012 3388 ergo
3046 3316 3165 3387 ipsa
3198 3317 3488 3373 dillicultas
3519 3317 3785 3388 loquendi

2183 3427 2279 3467 cor
2323 3424 2570 3469 nostrum
2614 3412 2682 3465 ad
2729 3410 3143 3479 intelligentiam
3178 3411 3365 3476 trahit,
3403 3420 3458 3464 ct
3492 3427 3593 3481 per
3626 3412 3787 3465 inﬁr-

2183 3503 2431 3556 mitatem
2481 3511 2723 3555 nostram
2752 3500 2990 3556 cwlestis
3021 3499 3268 3554 doctrina
3311 3516 3412 3554 nos
3440 3502 3695 3571 adjuvat,
3726 3513 3793 3557 ut

2183 3599 2308 3667 quia
2334 3597 2387 3650 in
2420 3596 2631 3650 Deitate
2663 3595 2838 3650 Patris
2869 3606 2924 3650 ct
2948 3595 3066 3649 Filii
3098 3606 3155 3650 et
3200 3595 3441 3666 Spiritus
3468 3599 3648 3651 sancti
3678 3616 3787 3653 ncc

2184 3689 2527 3759 singularitas
2568 3696 2651 3743 est
2678 3703 2781 3743 nec
2812 3688 3097 3743 diversitas
3144 3690 3430 3759 cogitanda
3455 3730 3469 3755 ,
3499 3707 3629 3745 vera
3664 3695 3790 3746 uni-

2185 3791 2267 3836 tas
2307 3790 2360 3835 et
2387 3797 2514 3835 vera
2546 3781 2785 3836 Trinitas
2807 3782 2980 3851 possit
3005 3780 3226 3851 quidem
3257 3782 3422 3838 simul
3454 3796 3648 3838 mente
3675 3786 3786 3838 ali-

2183 3881 2454 3942 quatenus
2474 3873 2663 3927 sentiri
2691 3914 2706 3940 ,
2740 3873 2837 3928 sed
2858 3887 2969 3927 non
3008 3873 3181 3942 possit
3200 3873 3362 3927 simul
3382 3891 3474 3933 ore
3489 3877 3741 3945 proferri.
3758 3895 3781 3929 θ

2186 3964 2568 4035 (Serm.2,in
2597 3965 2815 4021 Pentec.
2852 3980 2902 4020 c.
2939 3958 3009 4030 2;
3036 3964 3171 4019 Ball.
3214 3981 3380 4021 serui.
3410 3968 3511 4029 76,
3549 3984 3607 4039 p.
3649 3969 3785 4031 405,

2184 4058 2275 4114 ed.
2301 4057 2420 4127 cit.)

2183 4174 2274 4231 IV.
2321 4204 2391 4217 —-
2447 4175 2529 4229 Ad
2585 4176 2851 4245 praecipua
2898 4177 3077 4232 Photii
3129 4178 3450 4247 sophismata
3502 4180 3790 4232 variorum

2434 4247 2789 4318 theologorum
2817 4264 3064 4317 respousa
3097 4263 3484 4317 proponuntur.

2257 4339 2311 4394 ‘l.
2345 4338 2441 4394 llis
2461 4339 2531 4394 de
2561 4338 2843 4409 principiis
2890 4338 3072 4395 Photii
3115 4340 3367 4397 delibatis
3412 4343 3524 4412 jam
3583 4342 3795 4398 miram

2184 4431 2332 4486 illam
2361 4433 2759 4503 sophismatum
2789 4433 2986 4488 seriem
3022 4434 3441 4504 perlustremus,
3467 4452 3578 4506 qua
3613 4453 3791 4493 suum

2184 4525 2445 4596 placitum
2483 4526 2724 4581 stabilire
2754 4536 3003 4581 conatur.
3037 4527 3299 4585 Adductis
3341 4528 3527 4598 itaque
3568 4529 3791 4584 Christi

495 4605 692 4669 nibus,
744 4614 813 4659 .ut
859 4605 1028 4659 Deum
1075 4606 1306 4661 addecet
1354 4616 1411 4661 et
1456 4606 1654 4662 divinis
1695 4608 2080 4679 hypostasibus
2114 4608 2157 4664 D
2188 4618 2371 4674 verbis
2402 4618 2567 4674 Joan.
2594 4636 2684 4685 xv,
2708 4619 2779 4673 '26
2803 4620 2945 4690 (cap.
2973 4619 3030 4689 2)
3053 4621 3126 4674 ita
3150 4620 3672 4693 ratiocinatur(cap.
3692 4622 3791 4686 5):

494 4697 791 4769 congruit,‘
814 4698 1182 4768 accipiuntur.
1218 4699 1363 4757 Licet
1393 4700 1539 4755 enim
1579 4717 1643 4755 ea:
1673 4700 1820 4754 nobis
1859 4702 2082 4755 nostris-

494 4808 593 4859 que
635 4807 781 4845 voces
818 4790 1018 4845 similes
1060 4791 1363 4856 trahantur,
1400 4808 1504 4845 non
1537 4793 1655 4847 ideo
1688 4801 1864 4846 tamen
1903 4794 1968 4847 de
1997 4794 2052 4846 di
2064 4822 2079 4832 -

494 4885 628 4938 vinis
686 4886 763 4937 uti
814 4886 878 4938 de
929 4886 1120 4939 nostris
1164 4885 1619 4954 philosophantur,
1667 4885 1761 4939 sed
1812 4884 2081 4955 superiori

492 4974 728 5045 quodam
769 4975 930 5029 modo
954 5016 968 5040 ,
1034 4985 1095 5029 ut
1123 4976 1322 5030 divinae
1353 4984 1561 5031 naturae
1594 4984 1650 5028 et
1682 4974 1879 5029 divinis
1911 4976 2074 5046 hypo:

495 5066 735 5121 stasibus
764 5069 1042 5134 convenit,
1088 5068 1166 5123 sic
1201 5070 1270 5123 dc
1316 5069 1542 5138 reliquis
1565 5068 1687 5125 aliis
1727 5069 2078 5132 nominibus,

494 5158 665 5214 veluti
725 5168 853 5213 sunt
911 5160 1222 5228 generatio,
1285 5158 1559 5221 Verbum,
1620 5161 1810 5225 Pater,
1876 5160 2079 5228 Filius,

496 5253 735 5324 Spiritus
773 5264 828 5309 et
869 5256 970 5309 alia
1022 5256 1360 5326 theologica,
1417 5271 1537 5324 quas
1586 5256 1712 5310 licet
1762 5271 1827 5309 ex
1881 5256 2081 5310 nostris

494 5346 884 5413 desuuiantur,
920 5365 1009 5403 res
1040 5358 1217 5403 tamen
1252 5366 1413 5419 sopra
1439 5364 1539 5403 nos
1568 5349 1876 5420 signiﬁcant
1900 5350 2081 5420 expri-

567 5542 682 5611 (71)
716 5541 920 5597 Eodem
955 5552 1113 5613 pacto
1152 5558 1344 5596 rursus
1375 5541 1662 5597 Bessarion
1704 5543 1977 5613 Respons.
2012 5544 2078 5601 ad

492 5610 669 5667 Marci
700 5614 901 5683 Ephes.
940 5610 1131 5684 syllog.
1178 5616 1280 5677 l8,
1321 5629 1442 5683 cap.
1480 5617 1503 5666 1
1561 5613 1714 5684 (Cod.
1767 5610 1911 5669 lilon.
1943 5617 2010 5669 27
2038 5623 2075 5669 t‘.

493 5684 602 5755 226
634 5686 687 5755 a)
721 5701 733 5736 :
766 5685 1033 5755 η’ᾼμέσως
1094 5685 1281 5753 μέντοι
1332 5701 1397 5749 γε
1445 5686 1537 5738 καὶ
1584 5687 1844 5755 ἐμμέσως
1886 5689 1950 5737 ἐκ
1983 5688 2077 5739 τοῦ

493 5752 629 5807 Υἰού
662 5752 723 5808 ea
762 5754 989 5826 ΙΙνεῦμά
1042 5752 1176 5825 (pact
1214 5755 1440 5825 (Latini)
1467 5772 1479 5785 ·
1505 5755 1566 5809 τὸ
1605 5752 1702 5826 μὲν
1724 5757 1812 5808 διὰ
1840 5756 1939 5825 τὴν
1967 5758 2078 5810 ἑνό-

493 5840 635 5930 τξτα
656 5830 745 5878 uri.
792 5831 1098 5930 ταυτότηῖα
1132 5827 1231 5897 τῆς
1264 5827 1639 5899 προϐλητικῆς
1681 5828 1985 5930 δῐξνάμεως,
2018 5829 2077 5881 τὸ

495 5896 526 5930 ὂί
584 5895 668 5930 ἓοὸ
704 5898 802 5930 ρ-ι...
830 5902 985 5930 ηὼς...
1101 5900 1462 5930 “nn-lanna"...
1505 5900 1602 5930 ..ζει
1639 5900 1665 5930 Α
1751 5901 1892 5930 nar-inn
1944 5900 2074 5930 ξιιμ-ιι-

495 5894 553 5945 ὃὲ
584 5895 669 5948 διὰ
704 5898 802 5968 τὴν
830 5894 1071 5973 τάξινίῇ
1101 5894 1473 5970 repeterentur
1499 5894 1607 5970 péu
1638 5900 1666 5951 ό
1701 5894 1910 5969 Πατὴρ,
1944 5900 2075 5951 ἒπε-

2180 4711 2355 4767 Filius
2394 4721 2450 4765 et
2490 4711 2726 4782 Spiritus
2756 4728 2821 4766 cx
2861 4712 3052 4767 eodem
3077 4712 3369 4784 principio,
3418 4711 3583 4767 Patre
3609 4712 3738 4767 scil.
3772 4751 3797 4771 .

2186 4818 2346 4858 suum
2365 4802 2571 4859 habent
2589 4819 2736 4869 esse,
2763 4804 2891 4858 licet
2921 4804 3140 4859 diverso
3168 4806 3330 4860 modo
3357 4848 3372 4871 ,
3399 4804 3797 4859 suntomnino

2185 4896 2373 4950 eadem
2424 4907 2619 4951 natura
2662 4906 2717 4952 et
2771 4900 2887 4968 pari
2917 4899 3126 4953 honore
3168 4900 3420 4971 prmditi;
3471 4896 3705 4969 proinde
3734 4898 3792 4951 si

2184 4990 2357 5045 Filius
2418 4992 2655 5062 Spiritus
2704 4996 2879 5049 sancti
2941 5002 3088 5049 esset
3137 4993 3509 5063 principium,
3568 4991 3797 5059 pariter

2184 5083 2306 5137 Filii
2333 5084 2661 5155 principium
2687 5085 2829 5140 foret
2850 5086 3086 5156 Spiritus
3105 5095 3327 5140 sanctus
3352 5082 3490 5136 alter
3510 5081 3669 5135 alteri
3692 5084 3796 5135 vi—

2174 5176 2369 5231 cissim
2396 5177 2797 5235 deberetcausa
2816 5180 3077 5234 exsistere
3098 5185 3261 5246 atque
3276 5175 3446 5231 Filius
3465 5190 3535 5229 ex
3558 5173 3794 5244 Spiritu

2184 5284 2400 5338 quoque
2434 5272 2699 5339 generari.
2732 5271 2885 5335 Quod
2924 5283 3056 5323 sane
3095 5273 3478 5337 argumentum
3514 5280 3626 5317 non
3655 5280 3798 5318 ma-

2184 5359 2274 5430 gni
2302 5362 2558 5430 ponderis
2588 5372 2690 5437 est.
2720 5361 2874 5415 Sicut
2906 5360 3050 5415 enim
3090 5356 3381 5429 aequalitati
3422 5367 3479 5411 et
3534 5360 3802 5411 consub-

2182 5572 2273 5609 ται
2302 5555 2357 5607 δὲ
2385 5556 2411 5607 ὁ
2442 5554 2570 5617 Υἱὸς
2595 5595 2609 5618 ,
2656 5556 2748 5607 καὶ
2791 5556 2906 5624 μετ’
2945 5556 3154 5608 ἐκεῖνον
3198 5551 3259 5606 τὸ
3301 5549 3559 5624 Πνεῦμα,
3595 5550 3800 5622 ὀρθῶς

2181 5627 2498 5688 διαιτῶντες
2534 5626 2610 5693 τῷ
2638 5622 2802 5695 λόγῳξ
2836 5627 2934 5693 οὐχ
2967 5626 3040 5687 ὡς
3066 5626 3273 5685 ἐκεῖνος
3306 5622 3566 5695 (Marcus)
3592 5640 3651 5673 τε
3681 5624 3802 5695 κᾳὶ

2183 5700 2233 5749 οἱ
2262 5696 2384 5749 κατ’
2423 5697 2588 5750 αὐτὸν
2613 5738 2628 5762 ,
2673 5693 2842 5765 μηδὲν
2875 5698 3012 5759 ὅλως
3059 5695 3418 5765 διαςττέλλεψΔ
3442 5693 3669 5753 εἰδότες·
3698 5694 3797 5756 ὡς

2183 5770 2244 5819 ὲν
2274 5768 2453 5830 ἄλλοις
2484 5768 2621 5837 πρὸς
2648 5763 2738 5818 eam
2770 5768 2938 5821 αὑτῡῦ
2968 5765 3292 5822 διδάσκαλον
3320 5763 3594 5834 Παλαμᾶν
3617 5765 3798 5835 εἰρή-

2183 5855 2360 5908 καμεν
2392 5838 2737 5909 τελεώτερον.
