  <div class='ocr_page' id='page_1' title='image "/cluster/home/n/w/nwhite01/storage/ocr_20150623/102/hvd.32044012543948/256.png"; bbox 0 0 4008 6456; ppageno 0'>
   <div class='ocr_carea' id='block_1_1' title="bbox 186 419 301 485">
    <p class='ocr_par' dir='ltr' id='par_1_1' title="bbox 186 419 301 485">
     <span class='ocr_line' id='line_1_1' title="bbox 186 419 301 485; baseline 0.009 -3"><span class='ocrx_word' id='word_1_1' title='bbox 186 419 301 485; x_wconf 67' lang='grc'><strong>497</strong></span> 
     </span>
    </p>
   </div>
   <div class='ocr_carea' id='block_1_2' title="bbox 908 415 2793 487">
    <p class='ocr_par' dir='ltr' id='par_1_2' title="bbox 908 415 2793 487">
     <span class='ocr_line' id='line_1_2' title="bbox 908 415 2793 487; baseline -0.001 -2"><span class='ocrx_word' id='word_1_2' title='bbox 908 420 1004 485; x_wconf 82' lang='grc' dir='ltr'><strong>ΒΕ</strong></span> <span class='ocrx_word' id='word_1_3' title='bbox 1044 416 1104 483; x_wconf 89' lang='lat' dir='ltr'><strong>S.</strong></span> <span class='ocrx_word' id='word_1_4' title='bbox 1147 418 1347 486; x_wconf 79' lang='lat' dir='ltr'><strong>SPIR.</strong></span> <span class='ocrx_word' id='word_1_5' title='bbox 1376 424 1882 487; x_wconf 73' lang='lat' dir='ltr'><strong>MYS’I‘AGOGIA.</strong></span> <span class='ocrx_word' id='word_1_6' title='bbox 1917 453 1987 464; x_wconf 90' lang='lat'><strong>—</strong></span> <span class='ocrx_word' id='word_1_7' title='bbox 2022 415 2793 487; x_wconf 68' lang='lat' dir='ltr'><strong>ANIMAL‘VERSIONES.</strong></span> 
     </span>
    </p>
   </div>
   <div class='ocr_carea' id='block_1_3' title="bbox 3399 421 3509 492">
    <p class='ocr_par' dir='ltr' id='par_1_3' title="bbox 3399 421 3509 492">
     <span class='ocr_line' id='line_1_3' title="bbox 3399 421 3509 492; baseline 0.082 -8"><span class='ocrx_word' id='word_1_8' title='bbox 3399 421 3509 492; x_wconf 79' lang='grc'><strong>498</strong></span> 
     </span>
    </p>
   </div>
   <div class='ocr_carea' id='block_1_4' title="bbox 185 526 1805 611">
    <p class='ocr_par' dir='ltr' id='par_1_4' title="bbox 185 534 1805 608">
     <span class='ocr_line' id='line_1_4' title="bbox 185 534 1805 608; baseline 0.004 -18"><span class='ocrx_word' id='word_1_9' title='bbox 185 536 740 595; x_wconf 86' lang='lat' dir='ltr'><strong>stantialitatiPatris</strong></span> <span class='ocrx_word' id='word_1_10' title='bbox 767 546 823 594; x_wconf 90' lang='lat' dir='ltr'><strong>et</strong></span> <span class='ocrx_word' id='word_1_11' title='bbox 846 534 975 594; x_wconf 82' lang='lat' dir='ltr'>Filii</span> <span class='ocrx_word' id='word_1_12' title='bbox 1006 544 1117 593; x_wconf 81' lang='lat' dir='ltr'><strong>nan</strong></span> <span class='ocrx_word' id='word_1_13' title='bbox 1142 538 1330 601; x_wconf 87' lang='lat' dir='ltr'><strong>ollicit,</strong></span> <span class='ocrx_word' id='word_1_14' title='bbox 1355 539 1501 608; x_wconf 87' lang='lat' dir='ltr'><strong>quod</strong></span> <span class='ocrx_word' id='word_1_15' title='bbox 1525 555 1592 594; x_wconf 83' lang='lat' dir='ltr'><strong>ex</strong></span> <span class='ocrx_word' id='word_1_16' title='bbox 1618 540 1778 594; x_wconf 85' lang='lat' dir='ltr'><strong>Patre</strong></span> <span class='ocrx_word' id='word_1_17' title='bbox 1804 594 1805 597; x_wconf 44' lang='grc' dir='ltr'><strong>η</strong></span> 
     </span>
    </p>
   </div>
   <div class='ocr_carea' id='block_1_5' title="bbox 1906 526 3515 611">
    <p class='ocr_par' dir='ltr' id='par_1_5' title="bbox 1906 526 3515 611">
     <span class='ocr_line' id='line_1_5' title="bbox 1906 526 3515 611; baseline 0.015 -35"><span class='ocrx_word' id='word_1_18' title='bbox 1906 539 1945 592; x_wconf 71' lang='grc' dir='ltr'>ς,</span> <span class='ocrx_word' id='word_1_19' title='bbox 1999 538 2087 607; x_wconf 46' lang='grc' dir='ltr'><strong>ο.)</strong></span> <span class='ocrx_word' id='word_1_20' title='bbox 2148 557 2163 593; x_wconf 68' lang='grc' dir='ltr'>ε</span> <span class='ocrx_word' id='word_1_21' title='bbox 2234 557 2254 589; x_wconf 64' lang='grc' dir='ltr'><strong><em>α</em></strong></span> <span class='ocrx_word' id='word_1_22' title='bbox 2312 532 2497 590; x_wconf 64' lang='lat' dir='ltr'><strong>Ecce,</strong></span> <span class='ocrx_word' id='word_1_23' title='bbox 2538 537 2661 596; x_wconf 85' lang='lat' dir='ltr'><strong>post</strong></span> <span class='ocrx_word' id='word_1_24' title='bbox 2731 532 2967 601; x_wconf 83' lang='lat' dir='ltr'><strong>primum</strong></span> <span class='ocrx_word' id='word_1_25' title='bbox 3034 539 3404 611; x_wconf 85' lang='lat' dir='ltr'><strong>vaniloquium</strong></span> <span class='ocrx_word' id='word_1_26' title='bbox 3438 526 3515 604; x_wconf 60' lang='grc' dir='ltr'><strong>(δι’</strong></span> 
     </span>
    </p>
   </div>
   <div class='ocr_carea' id='block_1_6' title="bbox 186 629 1777 699">
    <p class='ocr_par' dir='ltr' id='par_1_6' title="bbox 186 629 1777 699">
     <span class='ocr_line' id='line_1_6' title="bbox 186 629 1777 699; baseline -0.001 -16"><span class='ocrx_word' id='word_1_27' title='bbox 186 645 347 683; x_wconf 87' lang='lat' dir='ltr'><strong>suum</strong></span> <span class='ocrx_word' id='word_1_28' title='bbox 374 644 499 683; x_wconf 89' lang='lat' dir='ltr'><strong>esse</strong></span> <span class='ocrx_word' id='word_1_29' title='bbox 519 629 682 684; x_wconf 80' lang='lat' dir='ltr'><strong>habet</strong></span> <span class='ocrx_word' id='word_1_30' title='bbox 699 629 872 685; x_wconf 87' lang='lat' dir='ltr'><strong>Filius</strong></span> <span class='ocrx_word' id='word_1_31' title='bbox 893 672 908 697; x_wconf 92' lang='lat'><strong>,</strong></span> <span class='ocrx_word' id='word_1_32' title='bbox 931 629 1007 684; x_wconf 89' lang='lat' dir='ltr'><strong>ita</strong></span> <span class='ocrx_word' id='word_1_33' title='bbox 1041 645 1221 699; x_wconf 88' lang='lat' dir='ltr'><strong>neque</strong></span> <span class='ocrx_word' id='word_1_34' title='bbox 1242 629 1534 699; x_wconf 86' lang='lat' dir='ltr'><strong>a.-qualitati</strong></span> <span class='ocrx_word' id='word_1_35' title='bbox 1564 641 1620 684; x_wconf 85' lang='lat' dir='ltr'><strong>et</strong></span> <span class='ocrx_word' id='word_1_36' title='bbox 1646 643 1777 684; x_wconf 87' lang='lat' dir='ltr'><strong>con-</strong></span> 
     </span>
    </p>
   </div>
   <div class='ocr_carea' id='block_1_7' title="bbox 185 720 1791 794">
    <p class='ocr_par' dir='ltr' id='par_1_7' title="bbox 185 720 1791 794">
     <span class='ocr_line' id='line_1_7' title="bbox 185 720 1791 794; baseline 0.003 -21"><span class='ocrx_word' id='word_1_37' title='bbox 185 720 638 776; x_wconf 86' lang='lat' dir='ltr'><strong>substantialitati</strong></span> <span class='ocrx_word' id='word_1_38' title='bbox 672 722 791 777; x_wconf 86' lang='lat' dir='ltr'><strong>Filii</strong></span> <span class='ocrx_word' id='word_1_39' title='bbox 823 732 879 779; x_wconf 90' lang='lat' dir='ltr'><strong>et</strong></span> <span class='ocrx_word' id='word_1_40' title='bbox 917 722 1158 794; x_wconf 89' lang='lat' dir='ltr'><strong>Spiritus</strong></span> <span class='ocrx_word' id='word_1_41' title='bbox 1196 724 1352 778; x_wconf 79' lang='lat' dir='ltr'><strong>obest</strong></span> <span class='ocrx_word' id='word_1_42' title='bbox 1391 723 1558 793; x_wconf 86' lang='lat' dir='ltr'><strong>hujus</strong></span> <span class='ocrx_word' id='word_1_43' title='bbox 1592 740 1658 779; x_wconf 78' lang='lat' dir='ltr'><strong>ex</strong></span> <span class='ocrx_word' id='word_1_44' title='bbox 1691 725 1791 778; x_wconf 91' lang='lat' dir='ltr'><strong>illo-</strong></span> 
     </span>
    </p>
   </div>
   <div class='ocr_carea' id='block_1_8' title="bbox 184 813 1783 887">
    <p class='ocr_par' dir='ltr' id='par_1_8' title="bbox 184 813 1783 887">
     <span class='ocr_line' id='line_1_8' title="bbox 184 813 1783 887; baseline 0.002 -21"><span class='ocrx_word' id='word_1_45' title='bbox 184 814 502 882; x_wconf 86' lang='lat' dir='ltr'><strong>proccssio;</strong></span> <span class='ocrx_word' id='word_1_46' title='bbox 552 814 693 870; x_wconf 93' lang='lat' dir='ltr'><strong>sicut</strong></span> <span class='ocrx_word' id='word_1_47' title='bbox 736 814 1021 870; x_wconf 86' lang='lat' dir='ltr'><strong>homousia</strong></span> <span class='ocrx_word' id='word_1_48' title='bbox 1067 813 1243 868; x_wconf 87' lang='lat' dir='ltr'><strong>Patris</strong></span> <span class='ocrx_word' id='word_1_49' title='bbox 1263 824 1317 869; x_wconf 90' lang='lat' dir='ltr'><strong>et</strong></span> <span class='ocrx_word' id='word_1_50' title='bbox 1350 813 1467 868; x_wconf 83' lang='lat' dir='ltr'><strong>Filii</strong></span> <span class='ocrx_word' id='word_1_51' title='bbox 1498 813 1783 887; x_wconf 59' lang='lat' dir='ltr'><strong>[£681nun</strong></span> 
     </span>
    </p>
   </div>
   <div class='ocr_carea' id='block_1_9' title="bbox 186 906 1780 979">
    <p class='ocr_par' dir='ltr' id='par_1_9' title="bbox 186 906 1780 979">
     <span class='ocr_line' id='line_1_9' title="bbox 186 906 1780 979; baseline 0.004 -22"><span class='ocrx_word' id='word_1_52' title='bbox 186 906 457 975; x_wconf 88' lang='lat' dir='ltr'><strong>postulat,</strong></span> <span class='ocrx_word' id='word_1_53' title='bbox 494 914 629 962; x_wconf 89' lang='lat' dir='ltr'><strong>utet</strong></span> <span class='ocrx_word' id='word_1_54' title='bbox 664 907 834 963; x_wconf 88' lang='lat' dir='ltr'><strong>Filius</strong></span> <span class='ocrx_word' id='word_1_55' title='bbox 874 908 1053 963; x_wconf 87' lang='lat' dir='ltr'><strong>Patris</strong></span> <span class='ocrx_word' id='word_1_56' title='bbox 1103 909 1368 963; x_wconf 84' lang='lat' dir='ltr'><strong>habeatur</strong></span> <span class='ocrx_word' id='word_1_57' title='bbox 1409 910 1780 979; x_wconf 89' lang='lat' dir='ltr'><strong>principium,</strong></span> 
     </span>
    </p>
   </div>
   <div class='ocr_carea' id='block_1_10' title="bbox 1885 614 3501 698">
    <p class='ocr_par' dir='ltr' id='par_1_10' title="bbox 1885 614 3501 698">
     <span class='ocr_line' id='line_1_10' title="bbox 1885 614 3501 698; baseline 0.003 -13"><span class='ocrx_word' id='word_1_58' title='bbox 1885 630 2169 685; x_wconf 73' lang='lat' dir='ltr'><strong>illecebras</strong></span> <span class='ocrx_word' id='word_1_59' title='bbox 2212 614 2478 698; x_wconf 72' lang='lat' dir='ltr'><strong>prmsiais</strong></span> <span class='ocrx_word' id='word_1_60' title='bbox 2497 626 2553 672; x_wconf 87' lang='lat' dir='ltr'><strong>et</strong></span> <span class='ocrx_word' id='word_1_61' title='bbox 2596 622 2835 676; x_wconf 85' lang='lat' dir='ltr'><strong>auctoris</strong></span> <span class='ocrx_word' id='word_1_62' title='bbox 2868 625 3032 681; x_wconf 88' lang='lat' dir='ltr'><strong>totius</strong></span> <span class='ocrx_word' id='word_1_63' title='bbox 3062 629 3501 691; x_wconf 66' lang='lat' dir='ltr'><strong>schismatisimo</strong></span> 
     </span>
    </p>
   </div>
   <div class='ocr_carea' id='block_1_11' title="bbox 1883 707 3493 793">
    <p class='ocr_par' dir='ltr' id='par_1_11' title="bbox 1883 707 3493 793">
     <span class='ocr_line' id='line_1_11' title="bbox 1883 707 3493 793; baseline 0.001 -16"><span class='ocrx_word' id='word_1_64' title='bbox 1883 722 2083 793; x_wconf 85' lang='lat' dir='ltr'><strong>pudica</strong></span> <span class='ocrx_word' id='word_1_65' title='bbox 2138 721 2319 790; x_wconf 91' lang='lat' dir='ltr'><strong>lingua</strong></span> <span class='ocrx_word' id='word_1_66' title='bbox 2364 725 2427 772; x_wconf 78' lang='lat' dir='ltr'><strong>et</strong></span> <span class='ocrx_word' id='word_1_67' title='bbox 2490 707 2778 765; x_wconf 81' lang='lat' dir='ltr'><strong>inliciatrix</strong></span> <span class='ocrx_word' id='word_1_68' title='bbox 2830 718 3167 775; x_wconf 74' lang='lat' dir='ltr'><strong>conscientia</strong></span> <span class='ocrx_word' id='word_1_69' title='bbox 3228 735 3493 791; x_wconf 86' lang='lat' dir='ltr'><strong>quantam</strong></span> 
     </span>
    </p>
   </div>
   <div class='ocr_carea' id='block_1_12' title="bbox 1885 798 3495 882">
    <p class='ocr_par' dir='ltr' id='par_1_12' title="bbox 1885 798 3495 882">
     <span class='ocr_line' id='line_1_12' title="bbox 1885 798 3495 882; baseline 0.001 -18"><span class='ocrx_word' id='word_1_70' title='bbox 1885 809 2199 878; x_wconf 81' lang='lat' dir='ltr'><strong>conceperit</strong></span> <span class='ocrx_word' id='word_1_71' title='bbox 2221 817 2275 862; x_wconf 89' lang='lat' dir='ltr'><strong>et</strong></span> <span class='ocrx_word' id='word_1_72' title='bbox 2300 798 2590 876; x_wconf 70' lang='lat' dir='ltr'><strong>pepererit</strong></span> <span class='ocrx_word' id='word_1_73' title='bbox 2610 799 3009 871; x_wconf 76' lang='lat' dir='ltr'><strong>blasphemiam</strong></span> <span class='ocrx_word' id='word_1_74' title='bbox 3034 808 3050 861; x_wconf 75' lang='grc' dir='ltr'><strong>ι</strong></span> <span class='ocrx_word' id='word_1_75' title='bbox 3071 810 3310 867; x_wconf 84' lang='lat' dir='ltr'><strong>scribere</strong></span> <span class='ocrx_word' id='word_1_76' title='bbox 3338 832 3495 882; x_wconf 78' lang='lat' dir='ltr'><strong>ausa,</strong></span> 
     </span>
    </p>
   </div>
   <div class='ocr_carea' id='block_1_13' title="bbox 1885 897 3493 975">
    <p class='ocr_par' dir='ltr' id='par_1_13' title="bbox 1885 897 3493 975">
     <span class='ocr_line' id='line_1_13' title="bbox 1885 897 3493 975; baseline 0.002 -20"><span class='ocrx_word' id='word_1_77' title='bbox 1885 914 2008 969; x_wconf 67' lang='lat' dir='ltr'><strong>qua:</strong></span> <span class='ocrx_word' id='word_1_78' title='bbox 2039 898 2244 952; x_wconf 73' lang='lat' dir='ltr'><strong>nullius</strong></span> <span class='ocrx_word' id='word_1_79' title='bbox 2270 897 2433 959; x_wconf 85' lang='lat' dir='ltr'><strong>alius,</strong></span> <span class='ocrx_word' id='word_1_80' title='bbox 2458 902 2520 949; x_wconf 84' lang='lat' dir='ltr'><strong>et</strong></span> <span class='ocrx_word' id='word_1_81' title='bbox 2552 905 2932 961; x_wconf 78' lang='lat' dir='ltr'><strong>supervacuos</strong></span> <span class='ocrx_word' id='word_1_82' title='bbox 2965 909 3209 953; x_wconf 81' lang='lat' dir='ltr'><strong>extrema</strong></span> <span class='ocrx_word' id='word_1_83' title='bbox 3234 919 3493 975; x_wconf 75' lang='lat' dir='ltr'><strong>arrogan—</strong></span> 
     </span>
    </p>
   </div>
   <div class='ocr_carea' id='block_1_14' title="bbox 186 986 1805 1084">
    <p class='ocr_par' dir='ltr' id='par_1_14' title="bbox 186 999 1786 1074">
     <span class='ocr_line' id='line_1_14' title="bbox 186 999 1786 1074; baseline 0.002 -21"><span class='ocrx_word' id='word_1_84' title='bbox 186 999 269 1053; x_wconf 85' lang='lat' dir='ltr'><strong>sic</strong></span> <span class='ocrx_word' id='word_1_85' title='bbox 292 1016 395 1054; x_wconf 89' lang='lat' dir='ltr'><strong>nec</strong></span> <span class='ocrx_word' id='word_1_86' title='bbox 410 999 692 1054; x_wconf 86' lang='lat' dir='ltr'><strong>homousia</strong></span> <span class='ocrx_word' id='word_1_87' title='bbox 718 1000 837 1057; x_wconf 86' lang='lat' dir='ltr'><strong>Filii</strong></span> <span class='ocrx_word' id='word_1_88' title='bbox 863 1012 919 1057; x_wconf 88' lang='lat' dir='ltr'><strong>et</strong></span> <span class='ocrx_word' id='word_1_89' title='bbox 955 1001 1192 1074; x_wconf 87' lang='lat' dir='ltr'><strong>Spiritus</strong></span> <span class='ocrx_word' id='word_1_90' title='bbox 1219 1001 1393 1056; x_wconf 82' lang='lat' dir='ltr'><strong>sancti</strong></span> <span class='ocrx_word' id='word_1_91' title='bbox 1418 1002 1614 1073; x_wconf 77' lang='lat' dir='ltr'><strong>exigit,</strong></span> <span class='ocrx_word' id='word_1_92' title='bbox 1641 1013 1701 1056; x_wconf 89' lang='lat' dir='ltr'><strong>ut</strong></span> <span class='ocrx_word' id='word_1_93' title='bbox 1731 1012 1786 1056; x_wconf 91' lang='lat' dir='ltr'><strong>et</strong></span> 
     </span>
    </p>
   </div>
   <div class='ocr_carea' id='block_1_15' title="bbox 1906 986 3501 1084">
    <p class='ocr_par' dir='ltr' id='par_1_15' title="bbox 1912 986 3501 1068">
     <span class='ocr_line' id='line_1_15' title="bbox 1912 986 3501 1068; baseline 0.005 -23"><span class='ocrx_word' id='word_1_94' title='bbox 1912 994 1960 1046; x_wconf 90' lang='lat' dir='ltr'><strong>ia</strong></span> <span class='ocrx_word' id='word_1_95' title='bbox 2011 990 2349 1062; x_wconf 78' lang='lat' dir='ltr'><strong>syllogismos</strong></span> <span class='ocrx_word' id='word_1_96' title='bbox 2426 999 2788 1057; x_wconf 83' lang='lat' dir='ltr'><strong>componere.</strong></span> <span class='ocrx_word' id='word_1_97' title='bbox 2849 986 3054 1045; x_wconf 88' lang='lat' dir='ltr'><strong>Similis</strong></span> <span class='ocrx_word' id='word_1_98' title='bbox 3140 992 3501 1068; x_wconf 74' lang='lat' dir='ltr'><strong>interrogatio</strong></span> 
     </span>
    </p>
   </div>
   <div class='ocr_carea' id='block_1_16' title="bbox 191 1090 1783 1164">
    <p class='ocr_par' dir='ltr' id='par_1_16' title="bbox 191 1090 1783 1164">
     <span class='ocr_line' id='line_1_16' title="bbox 191 1090 1783 1164; baseline 0.003 -21"><span class='ocrx_word' id='word_1_99' title='bbox 191 1090 434 1160; x_wconf 84' lang='lat' dir='ltr'><strong>Spiritus</strong></span> <span class='ocrx_word' id='word_1_100' title='bbox 465 1091 583 1146; x_wconf 87' lang='lat' dir='ltr'><strong>Filii</strong></span> <span class='ocrx_word' id='word_1_101' title='bbox 617 1092 761 1164; x_wconf 81' lang='grc' dir='ltr'><strong>ἁρχὴ</strong></span> <span class='ocrx_word' id='word_1_102' title='bbox 794 1104 1119 1159; x_wconf 89' lang='lat' dir='ltr'><strong>censeatur;</strong></span> <span class='ocrx_word' id='word_1_103' title='bbox 1148 1103 1205 1148; x_wconf 89' lang='lat' dir='ltr'><strong>et</strong></span> <span class='ocrx_word' id='word_1_104' title='bbox 1232 1093 1384 1148; x_wconf 87' lang='lat' dir='ltr'><strong>sicut.</strong></span> <span class='ocrx_word' id='word_1_105' title='bbox 1408 1094 1569 1148; x_wconf 90' lang='lat' dir='ltr'><strong>trium</strong></span> <span class='ocrx_word' id='word_1_106' title='bbox 1595 1109 1783 1164; x_wconf 88' lang='lat' dir='ltr'><strong>perso-</strong></span> 
     </span>
    </p>
   </div>
   <div class='ocr_carea' id='block_1_17' title="bbox 188 1186 1785 1258">
    <p class='ocr_par' dir='ltr' id='par_1_17' title="bbox 188 1186 1785 1258">
     <span class='ocr_line' id='line_1_17' title="bbox 188 1186 1785 1258; baseline 0.004 -22"><span class='ocrx_word' id='word_1_107' title='bbox 188 1200 389 1239; x_wconf 85' lang='lat' dir='ltr'><strong>narum</strong></span> <span class='ocrx_word' id='word_1_108' title='bbox 424 1186 706 1255; x_wconf 67' lang='lat' dir='ltr'><strong>mqualitas</strong></span> <span class='ocrx_word' id='word_1_109' title='bbox 733 1204 845 1242; x_wconf 89' lang='lat' dir='ltr'><strong>non</strong></span> <span class='ocrx_word' id='word_1_110' title='bbox 880 1189 1018 1243; x_wconf 87' lang='lat' dir='ltr'><strong>tollit</strong></span> <span class='ocrx_word' id='word_1_111' title='bbox 1046 1187 1212 1243; x_wconf 86' lang='lat' dir='ltr'><strong>unius</strong></span> <span class='ocrx_word' id='word_1_112' title='bbox 1245 1187 1613 1258; x_wconf 86' lang='lat' dir='ltr'><strong>principatum</strong></span> <span class='ocrx_word' id='word_1_113' title='bbox 1632 1229 1646 1252; x_wconf 96' lang='lat'><strong>,</strong></span> <span class='ocrx_word' id='word_1_114' title='bbox 1675 1204 1785 1257; x_wconf 91' lang='lat' dir='ltr'><strong>quo</strong></span> 
     </span>
    </p>
   </div>
   <div class='ocr_carea' id='block_1_18' title="bbox 189 1278 1785 1348">
    <p class='ocr_par' dir='ltr' id='par_1_18' title="bbox 189 1278 1785 1348">
     <span class='ocr_line' id='line_1_18' title="bbox 189 1278 1785 1348; baseline 0.003 -20"><span class='ocrx_word' id='word_1_115' title='bbox 189 1284 519 1328; x_wconf 59' lang='lat' dir='ltr'><strong>caeterarum</strong></span> <span class='ocrx_word' id='word_1_116' title='bbox 551 1285 634 1329; x_wconf 89' lang='lat' dir='ltr'><strong>est</strong></span> <span class='ocrx_word' id='word_1_117' title='bbox 678 1278 1043 1348; x_wconf 87' lang='lat' dir='ltr'><strong>principium,</strong></span> <span class='ocrx_word' id='word_1_118' title='bbox 1072 1279 1145 1332; x_wconf 87' lang='lat' dir='ltr'><strong>ita</strong></span> <span class='ocrx_word' id='word_1_119' title='bbox 1168 1294 1362 1334; x_wconf 88' lang='lat' dir='ltr'><strong>eorum</strong></span> <span class='ocrx_word' id='word_1_120' title='bbox 1402 1293 1525 1347; x_wconf 66' lang='lat' dir='ltr'><strong>qua:</strong></span> <span class='ocrx_word' id='word_1_121' title='bbox 1554 1286 1681 1333; x_wconf 88' lang='lat' dir='ltr'><strong>sunt</strong></span> <span class='ocrx_word' id='word_1_122' title='bbox 1715 1293 1785 1333; x_wconf 83' lang='lat' dir='ltr'><strong>ex</strong></span> 
     </span>
    </p>
   </div>
   <div class='ocr_carea' id='block_1_19' title="bbox 192 1366 1785 1443">
    <p class='ocr_par' dir='ltr' id='par_1_19' title="bbox 192 1366 1785 1443">
     <span class='ocr_line' id='line_1_19' title="bbox 192 1366 1785 1443; baseline 0.003 -23"><span class='ocrx_word' id='word_1_123' title='bbox 192 1366 484 1436; x_wconf 91' lang='lat' dir='ltr'><strong>principio,</strong></span> <span class='ocrx_word' id='word_1_124' title='bbox 504 1370 788 1438; x_wconf 69' lang='lat' dir='ltr'><strong>mqualitas</strong></span> <span class='ocrx_word' id='word_1_125' title='bbox 805 1386 914 1425; x_wconf 90' lang='lat' dir='ltr'><strong>non</strong></span> <span class='ocrx_word' id='word_1_126' title='bbox 940 1372 1078 1426; x_wconf 92' lang='lat' dir='ltr'><strong>tollit</strong></span> <span class='ocrx_word' id='word_1_127' title='bbox 1105 1372 1346 1443; x_wconf 86' lang='lat' dir='ltr'><strong>Spiritus</strong></span> <span class='ocrx_word' id='word_1_128' title='bbox 1375 1371 1785 1441; x_wconf 86' lang='lat' dir='ltr'><strong>processionem</strong></span> 
     </span>
    </p>
   </div>
   <div class='ocr_carea' id='block_1_20' title="bbox 192 1460 1785 1531">
    <p class='ocr_par' dir='ltr' id='par_1_20' title="bbox 192 1460 1785 1531">
     <span class='ocr_line' id='line_1_20' title="bbox 192 1460 1785 1531; baseline 0.005 -19"><span class='ocrx_word' id='word_1_129' title='bbox 192 1475 296 1528; x_wconf 88' lang='lat' dir='ltr'><strong>per</strong></span> <span class='ocrx_word' id='word_1_130' title='bbox 335 1460 687 1531; x_wconf 70' lang='lat' dir='ltr'><strong>Filium(7‘2).</strong></span> <span class='ocrx_word' id='word_1_131' title='bbox 722 1462 780 1517; x_wconf 90' lang='lat' dir='ltr'><strong>Si</strong></span> <span class='ocrx_word' id='word_1_132' title='bbox 803 1480 869 1517; x_wconf 86' lang='lat' dir='ltr'><strong>ex</strong></span> <span class='ocrx_word' id='word_1_133' title='bbox 913 1466 1493 1521; x_wconf 87' lang='lat' dir='ltr'><strong>consubstantialitatc</strong></span> <span class='ocrx_word' id='word_1_134' title='bbox 1540 1468 1676 1519; x_wconf 79' lang='lat' dir='ltr'><strong>mute</strong></span> <span class='ocrx_word' id='word_1_135' title='bbox 1719 1483 1785 1520; x_wconf 86' lang='lat' dir='ltr'><strong>ac</strong></span> 
     </span>
    </p>
   </div>
   <div class='ocr_carea' id='block_1_21' title="bbox 194 1554 1788 1629">
    <p class='ocr_par' dir='ltr' id='par_1_21' title="bbox 194 1554 1788 1629">
     <span class='ocr_line' id='line_1_21' title="bbox 194 1554 1788 1629; baseline 0.005 -26"><span class='ocrx_word' id='word_1_136' title='bbox 194 1566 291 1618; x_wconf 83' lang='lat' dir='ltr'><strong>per</strong></span> <span class='ocrx_word' id='word_1_137' title='bbox 314 1568 369 1605; x_wconf 78' lang='lat' dir='ltr'><strong>se</strong></span> <span class='ocrx_word' id='word_1_138' title='bbox 398 1562 633 1620; x_wconf 80' lang='lat' dir='ltr'><strong>spectata</strong></span> <span class='ocrx_word' id='word_1_139' title='bbox 679 1554 811 1609; x_wconf 92' lang='lat' dir='ltr'><strong>illud</strong></span> <span class='ocrx_word' id='word_1_140' title='bbox 848 1555 1139 1612; x_wconf 84' lang='lat' dir='ltr'><strong>deducitur</strong></span> <span class='ocrx_word' id='word_1_141' title='bbox 1174 1573 1556 1629; x_wconf 88' lang='lat' dir='ltr'><strong>consequens,</strong></span> <span class='ocrx_word' id='word_1_142' title='bbox 1613 1557 1788 1611; x_wconf 89' lang='lat' dir='ltr'><strong>mani-</strong></span> 
     </span>
    </p>
   </div>
   <div class='ocr_carea' id='block_1_22' title="bbox 197 1641 1787 1723">
    <p class='ocr_par' dir='ltr' id='par_1_22' title="bbox 197 1641 1787 1723">
     <span class='ocr_line' id='line_1_22' title="bbox 197 1641 1787 1723; baseline 0.007 -28"><span class='ocrx_word' id='word_1_143' title='bbox 197 1641 335 1697; x_wconf 75' lang='lat' dir='ltr'><strong>feste</strong></span> <span class='ocrx_word' id='word_1_144' title='bbox 357 1652 441 1698; x_wconf 90' lang='lat' dir='ltr'><strong>est</strong></span> <span class='ocrx_word' id='word_1_145' title='bbox 466 1644 660 1699; x_wconf 80' lang='lat' dir='ltr'><strong>falsum</strong></span> <span class='ocrx_word' id='word_1_146' title='bbox 689 1662 704 1710; x_wconf 89' lang='lat'><strong>;</strong></span> <span class='ocrx_word' id='word_1_147' title='bbox 749 1657 879 1703; x_wconf 89' lang='lat' dir='ltr'><strong>tunc</strong></span> <span class='ocrx_word' id='word_1_148' title='bbox 906 1648 1131 1705; x_wconf 84' lang='lat' dir='ltr'><strong>deberet</strong></span> <span class='ocrx_word' id='word_1_149' title='bbox 1163 1661 1218 1706; x_wconf 90' lang='lat' dir='ltr'><strong>et</strong></span> <span class='ocrx_word' id='word_1_150' title='bbox 1236 1652 1409 1707; x_wconf 90' lang='lat' dir='ltr'><strong>Patris</strong></span> <span class='ocrx_word' id='word_1_151' title='bbox 1449 1651 1787 1723; x_wconf 90' lang='lat' dir='ltr'><strong>principium</strong></span> 
     </span>
    </p>
   </div>
   <div class='ocr_carea' id='block_1_23' title="bbox 196 1732 1788 1813">
    <p class='ocr_par' dir='ltr' id='par_1_23' title="bbox 196 1732 1788 1813">
     <span class='ocr_line' id='line_1_23' title="bbox 196 1732 1788 1813; baseline 0.006 -26"><span class='ocrx_word' id='word_1_152' title='bbox 196 1732 309 1788; x_wconf 89' lang='lat' dir='ltr'><strong>dici</strong></span> <span class='ocrx_word' id='word_1_153' title='bbox 347 1734 517 1790; x_wconf 88' lang='lat' dir='ltr'><strong>Filius</strong></span> <span class='ocrx_word' id='word_1_154' title='bbox 547 1752 613 1791; x_wconf 91' lang='lat' dir='ltr'><strong>eo</strong></span> <span class='ocrx_word' id='word_1_155' title='bbox 647 1740 793 1807; x_wconf 90' lang='lat' dir='ltr'><strong>quod</strong></span> <span class='ocrx_word' id='word_1_156' title='bbox 816 1738 923 1793; x_wconf 89' lang='lat' dir='ltr'><strong>sint</strong></span> <span class='ocrx_word' id='word_1_157' title='bbox 968 1740 1483 1798; x_wconf 87' lang='lat' dir='ltr'><strong>consubstantiales.</strong></span> <span class='ocrx_word' id='word_1_158' title='bbox 1518 1742 1709 1813; x_wconf 85' lang='lat' dir='ltr'><strong>Neque</strong></span> <span class='ocrx_word' id='word_1_159' title='bbox 1734 1743 1788 1797; x_wconf 91' lang='lat' dir='ltr'><strong>id</strong></span> 
     </span>
    </p>
   </div>
   <div class='ocr_carea' id='block_1_24' title="bbox 196 1829 1784 1908">
    <p class='ocr_par' dir='ltr' id='par_1_24' title="bbox 196 1829 1784 1908">
     <span class='ocr_line' id='line_1_24' title="bbox 196 1829 1784 1908; baseline 0.005 -27"><span class='ocrx_word' id='word_1_160' title='bbox 196 1829 342 1895; x_wconf 88' lang='lat' dir='ltr'><strong>quod</strong></span> <span class='ocrx_word' id='word_1_161' title='bbox 376 1830 441 1884; x_wconf 89' lang='lat' dir='ltr'><strong>ad</strong></span> <span class='ocrx_word' id='word_1_162' title='bbox 484 1829 698 1885; x_wconf 87' lang='lat' dir='ltr'><strong>Patrem</strong></span> <span class='ocrx_word' id='word_1_163' title='bbox 734 1843 793 1888; x_wconf 89' lang='lat' dir='ltr'><strong>ut</strong></span> <span class='ocrx_word' id='word_1_164' title='bbox 840 1835 905 1888; x_wconf 88' lang='lat' dir='ltr'><strong>ad</strong></span> <span class='ocrx_word' id='word_1_165' title='bbox 947 1850 1241 1890; x_wconf 85' lang='lat' dir='ltr'><strong>commune</strong></span> <span class='ocrx_word' id='word_1_166' title='bbox 1293 1837 1620 1908; x_wconf 89' lang='lat' dir='ltr'><strong>principium</strong></span> <span class='ocrx_word' id='word_1_167' title='bbox 1667 1844 1784 1893; x_wconf 86' lang='lat' dir='ltr'><strong>tum</strong></span> 
     </span>
    </p>
   </div>
   <div class='ocr_carea' id='block_1_25' title="bbox 1886 1078 3492 1153">
    <p class='ocr_par' dir='ltr' id='par_1_25' title="bbox 1886 1078 3492 1153">
     <span class='ocr_line' id='line_1_25' title="bbox 1886 1078 3492 1153; baseline 0.004 -15"><span class='ocrx_word' id='word_1_168' title='bbox 1886 1085 2067 1140; x_wconf 90' lang='lat' dir='ltr'><strong>eidem</strong></span> <span class='ocrx_word' id='word_1_169' title='bbox 2126 1083 2375 1138; x_wconf 82' lang='lat' dir='ltr'><strong>imminet</strong></span> <span class='ocrx_word' id='word_1_170' title='bbox 2406 1100 2420 1136; x_wconf 88' lang='lat'><strong>:</strong></span> <span class='ocrx_word' id='word_1_171' title='bbox 2450 1081 2497 1136; x_wconf 94' lang='lat' dir='ltr'><strong>si</strong></span> <span class='ocrx_word' id='word_1_172' title='bbox 2545 1078 2698 1136; x_wconf 85' lang='lat' dir='ltr'><strong>enim</strong></span> <span class='ocrx_word' id='word_1_173' title='bbox 2733 1095 2800 1135; x_wconf 83' lang='lat' dir='ltr'><strong>ex</strong></span> <span class='ocrx_word' id='word_1_174' title='bbox 2834 1097 2942 1136; x_wconf 86' lang='lat' dir='ltr'><strong>una</strong></span> <span class='ocrx_word' id='word_1_175' title='bbox 2973 1099 3159 1149; x_wconf 86' lang='lat' dir='ltr'><strong>causa,</strong></span> <span class='ocrx_word' id='word_1_176' title='bbox 3190 1085 3372 1153; x_wconf 82' lang='lat' dir='ltr'><strong>Patre,</strong></span> <span class='ocrx_word' id='word_1_177' title='bbox 3408 1090 3492 1145; x_wconf 75' lang='lat' dir='ltr'><strong>Fi-</strong></span> 
     </span>
    </p>
   </div>
   <div class='ocr_carea' id='block_1_26' title="bbox 1888 1174 3494 1247">
    <p class='ocr_par' dir='ltr' id='par_1_26' title="bbox 1888 1174 3494 1247">
     <span class='ocr_line' id='line_1_26' title="bbox 1888 1174 3494 1247; baseline 0.003 -15"><span class='ocrx_word' id='word_1_178' title='bbox 1888 1179 1995 1233; x_wconf 89' lang='lat' dir='ltr'><strong>lius</strong></span> <span class='ocrx_word' id='word_1_179' title='bbox 2035 1178 2384 1247; x_wconf 83' lang='lat' dir='ltr'><strong>Spiritusque</strong></span> <span class='ocrx_word' id='word_1_180' title='bbox 2440 1174 2800 1247; x_wconf 90' lang='lat' dir='ltr'><strong>proveniunt,</strong></span> <span class='ocrx_word' id='word_1_181' title='bbox 2854 1177 3019 1230; x_wconf 78' lang='lat' dir='ltr'><strong>mittit</strong></span> <span class='ocrx_word' id='word_1_182' title='bbox 3049 1191 3231 1235; x_wconf 90' lang='lat' dir='ltr'><strong>autem</strong></span> <span class='ocrx_word' id='word_1_183' title='bbox 3268 1197 3494 1237; x_wconf 84' lang='lat' dir='ltr'><strong>rursum</strong></span> 
     </span>
    </p>
   </div>
   <div class='ocr_carea' id='block_1_27' title="bbox 1890 1268 3497 1345">
    <p class='ocr_par' dir='ltr' id='par_1_27' title="bbox 1890 1268 3497 1345">
     <span class='ocr_line' id='line_1_27' title="bbox 1890 1268 3497 1345; baseline 0.003 -20"><span class='ocrx_word' id='word_1_184' title='bbox 1890 1270 2158 1341; x_wconf 87' lang='lat' dir='ltr'><strong>Spiritum</strong></span> <span class='ocrx_word' id='word_1_185' title='bbox 2191 1269 2389 1334; x_wconf 87' lang='lat' dir='ltr'><strong>Filius,</strong></span> <span class='ocrx_word' id='word_1_186' title='bbox 2422 1278 2484 1324; x_wconf 85' lang='lat' dir='ltr'><strong>ut</strong></span> <span class='ocrx_word' id='word_1_187' title='bbox 2537 1268 2657 1337; x_wconf 89' lang='lat' dir='ltr'><strong>ipse</strong></span> <span class='ocrx_word' id='word_1_188' title='bbox 2682 1269 2959 1338; x_wconf 90' lang='lat' dir='ltr'><strong>perhibet,</strong></span> <span class='ocrx_word' id='word_1_189' title='bbox 2995 1273 3273 1339; x_wconf 91' lang='lat' dir='ltr'><strong>quomodo</strong></span> <span class='ocrx_word' id='word_1_190' title='bbox 3301 1272 3497 1345; x_wconf 82' lang='lat' dir='ltr'><strong>utique</strong></span> 
     </span>
    </p>
   </div>
   <div class='ocr_carea' id='block_1_28' title="bbox 1889 1359 3490 1433">
    <p class='ocr_par' dir='ltr' id='par_1_28' title="bbox 1889 1359 3490 1433">
     <span class='ocr_line' id='line_1_28' title="bbox 1889 1359 3490 1433; baseline 0.002 -15"><span class='ocrx_word' id='word_1_191' title='bbox 1889 1362 2298 1431; x_wconf 83' lang='lat' dir='ltr'><strong>consequentiae</strong></span> <span class='ocrx_word' id='word_1_192' title='bbox 2344 1361 2618 1417; x_wconf 83' lang='lat' dir='ltr'><strong>sustineat</strong></span> <span class='ocrx_word' id='word_1_193' title='bbox 2661 1359 2819 1423; x_wconf 90' lang='lat' dir='ltr'><strong>ratio,</strong></span> <span class='ocrx_word' id='word_1_194' title='bbox 2852 1377 2963 1416; x_wconf 89' lang='lat' dir='ltr'><strong>non</strong></span> <span class='ocrx_word' id='word_1_195' title='bbox 3002 1364 3254 1433; x_wconf 86' lang='lat' dir='ltr'><strong>generari</strong></span> <span class='ocrx_word' id='word_1_196' title='bbox 3288 1365 3490 1422; x_wconf 84' lang='lat' dir='ltr'><strong>Filium</strong></span> 
     </span>
    </p>
   </div>
   <div class='ocr_carea' id='block_1_29' title="bbox 1858 1452 3491 1533">
    <p class='ocr_par' dir='ltr' id='par_1_29' title="bbox 1858 1452 3491 1533">
     <span class='ocr_line' id='line_1_29' title="bbox 1858 1452 3491 1533; baseline 0.004 -24"><span class='ocrx_word' id='word_1_197' title='bbox 1858 1508 1861 1509; x_wconf 30' lang='grc' dir='ltr'><em>ν</em></span> <span class='ocrx_word' id='word_1_198' title='bbox 1889 1456 1977 1512; x_wconf 89' lang='lat' dir='ltr'><strong>vel</strong></span> <span class='ocrx_word' id='word_1_199' title='bbox 2022 1455 2165 1510; x_wconf 87' lang='lat' dir='ltr'><strong>mitti</strong></span> <span class='ocrx_word' id='word_1_200' title='bbox 2196 1472 2227 1509; x_wconf 91' lang='lat' dir='ltr'><strong>a</strong></span> <span class='ocrx_word' id='word_1_201' title='bbox 2259 1454 2471 1524; x_wconf 87' lang='lat' dir='ltr'><strong>Spiritu</strong></span> <span class='ocrx_word' id='word_1_202' title='bbox 2497 1454 2525 1507; x_wconf 66' lang='grc' dir='ltr'><em>ἲ</em></span> <span class='ocrx_word' id='word_1_203' title='bbox 2552 1452 2693 1508; x_wconf 91' lang='lat' dir='ltr'><strong>Cum</strong></span> <span class='ocrx_word' id='word_1_204' title='bbox 2742 1453 2889 1507; x_wconf 90' lang='lat' dir='ltr'><strong>enim</strong></span> <span class='ocrx_word' id='word_1_205' title='bbox 2931 1457 3212 1525; x_wconf 71' lang='lat' dir='ltr'><strong>aequaliter</strong></span> <span class='ocrx_word' id='word_1_206' title='bbox 3237 1461 3400 1515; x_wconf 88' lang='lat' dir='ltr'><strong>ambo</strong></span> <span class='ocrx_word' id='word_1_207' title='bbox 3420 1478 3491 1533; x_wconf 77' lang='lat' dir='ltr'><strong>ex</strong></span> 
     </span>
    </p>
   </div>
   <div class='ocr_carea' id='block_1_30' title="bbox 1892 1547 3488 1617">
    <p class='ocr_par' dir='ltr' id='par_1_30' title="bbox 1892 1547 3488 1617">
     <span class='ocr_line' id='line_1_30' title="bbox 1892 1547 3488 1617; baseline 0.002 -14"><span class='ocrx_word' id='word_1_208' title='bbox 1892 1565 1999 1603; x_wconf 89' lang='lat' dir='ltr'><strong>una</strong></span> <span class='ocrx_word' id='word_1_209' title='bbox 2024 1563 2190 1603; x_wconf 87' lang='lat' dir='ltr'><strong>causa</strong></span> <span class='ocrx_word' id='word_1_210' title='bbox 2219 1547 2570 1617; x_wconf 87' lang='lat' dir='ltr'><strong>proveniant,</strong></span> <span class='ocrx_word' id='word_1_211' title='bbox 2605 1555 2871 1615; x_wconf 90' lang='lat' dir='ltr'><strong>quantum</strong></span> <span class='ocrx_word' id='word_1_212' title='bbox 2912 1562 2941 1601; x_wconf 90' lang='lat' dir='ltr'><strong>a</strong></span> <span class='ocrx_word' id='word_1_213' title='bbox 2972 1547 3134 1604; x_wconf 84' lang='lat' dir='ltr'><strong>Patre</strong></span> <span class='ocrx_word' id='word_1_214' title='bbox 3182 1550 3354 1609; x_wconf 87' lang='lat' dir='ltr'><strong>Filius</strong></span> <span class='ocrx_word' id='word_1_215' title='bbox 3395 1570 3488 1606; x_wconf 88' lang='lat' dir='ltr'><strong>ac-</strong></span> 
     </span>
    </p>
   </div>
   <div class='ocr_carea' id='block_1_31' title="bbox 1890 1639 3485 1711">
    <p class='ocr_par' dir='ltr' id='par_1_31' title="bbox 1890 1639 3485 1711">
     <span class='ocr_line' id='line_1_31' title="bbox 1890 1639 3485 1711; baseline 0.004 -19"><span class='ocrx_word' id='word_1_216' title='bbox 1890 1640 2044 1710; x_wconf 79' lang='lat' dir='ltr'><strong>cipit,</strong></span> <span class='ocrx_word' id='word_1_217' title='bbox 2087 1640 2430 1695; x_wconf 86' lang='lat' dir='ltr'><strong>tantumdem</strong></span> <span class='ocrx_word' id='word_1_218' title='bbox 2455 1640 2709 1710; x_wconf 84' lang='lat' dir='ltr'><strong>accipere</strong></span> <span class='ocrx_word' id='word_1_219' title='bbox 2742 1639 2906 1694; x_wconf 82' lang='lat' dir='ltr'><strong>debet</strong></span> <span class='ocrx_word' id='word_1_220' title='bbox 2932 1640 3189 1710; x_wconf 90' lang='lat' dir='ltr'><strong>Spiritus.</strong></span> <span class='ocrx_word' id='word_1_221' title='bbox 3232 1641 3413 1711; x_wconf 84' lang='lat' dir='ltr'><strong>Quare</strong></span> <span class='ocrx_word' id='word_1_222' title='bbox 3442 1647 3485 1700; x_wconf 89' lang='lat' dir='ltr'><strong>si</strong></span> 
     </span>
    </p>
   </div>
   <div class='ocr_carea' id='block_1_32' title="bbox 1890 1731 3484 1804">
    <p class='ocr_par' dir='ltr' id='par_1_32' title="bbox 1890 1731 3484 1804">
     <span class='ocr_line' id='line_1_32' title="bbox 1890 1731 3484 1804; baseline 0.003 -16"><span class='ocrx_word' id='word_1_223' title='bbox 1890 1734 2060 1790; x_wconf 90' lang='lat' dir='ltr'><strong>Filius</strong></span> <span class='ocrx_word' id='word_1_224' title='bbox 2099 1734 2265 1788; x_wconf 86' lang='lat' dir='ltr'><strong>mittit</strong></span> <span class='ocrx_word' id='word_1_225' title='bbox 2297 1733 2591 1803; x_wconf 54' lang='lat' dir='ltr'><strong>Spiritum;</strong></span> <span class='ocrx_word' id='word_1_226' title='bbox 2626 1742 2682 1788; x_wconf 88' lang='lat' dir='ltr'><strong>et</strong></span> <span class='ocrx_word' id='word_1_227' title='bbox 2716 1731 2952 1801; x_wconf 87' lang='lat' dir='ltr'><strong>Spiritus</strong></span> <span class='ocrx_word' id='word_1_228' title='bbox 2998 1746 3223 1804; x_wconf 78' lang='lat' dir='ltr'><strong>generat</strong></span> <span class='ocrx_word' id='word_1_229' title='bbox 3266 1735 3484 1802; x_wconf 85' lang='lat' dir='ltr'><strong>Filium,</strong></span> 
     </span>
    </p>
   </div>
   <div class='ocr_carea' id='block_1_33' title="bbox 1894 1818 3484 1900">
    <p class='ocr_par' dir='ltr' id='par_1_33' title="bbox 1894 1818 3484 1900">
     <span class='ocr_line' id='line_1_33' title="bbox 1894 1818 3484 1900; baseline 0.002 -19"><span class='ocrx_word' id='word_1_230' title='bbox 1894 1837 1952 1882; x_wconf 90' lang='lat' dir='ltr'><strong>ut</strong></span> <span class='ocrx_word' id='word_1_231' title='bbox 2001 1826 2464 1898; x_wconf 84' lang='lat' dir='ltr'><strong>quemadmodum</strong></span> <span class='ocrx_word' id='word_1_232' title='bbox 2508 1818 2693 1881; x_wconf 74' lang='lat' dir='ltr'><strong>Filius</strong></span> <span class='ocrx_word' id='word_1_233' title='bbox 2721 1842 2751 1881; x_wconf 86' lang='lat' dir='ltr'><strong>a</strong></span> <span class='ocrx_word' id='word_1_234' title='bbox 2803 1826 2962 1881; x_wconf 82' lang='lat' dir='ltr'><strong>Patre</strong></span> <span class='ocrx_word' id='word_1_235' title='bbox 2998 1828 3164 1887; x_wconf 89' lang='lat' dir='ltr'><strong>mittit</strong></span> <span class='ocrx_word' id='word_1_236' title='bbox 3197 1829 3484 1900; x_wconf 88' lang='lat' dir='ltr'><strong>Spiritum,</strong></span> 
     </span>
    </p>
   </div>
   <div class='ocr_carea' id='block_1_34' title="bbox 199 1909 3486 2003">
    <p class='ocr_par' dir='ltr' id='par_1_34' title="bbox 199 1909 3486 2003">
     <span class='ocr_line' id='line_1_34' title="bbox 199 1909 3486 2003; baseline 0.002 -33"><span class='ocrx_word' id='word_1_237' title='bbox 199 1916 373 1975; x_wconf 86' lang='lat' dir='ltr'><strong>Filius</strong></span> <span class='ocrx_word' id='word_1_238' title='bbox 401 1930 513 1974; x_wconf 90' lang='lat' dir='ltr'><strong>tum</strong></span> <span class='ocrx_word' id='word_1_239' title='bbox 542 1921 778 1992; x_wconf 89' lang='lat' dir='ltr'><strong>Spiritus</strong></span> <span class='ocrx_word' id='word_1_240' title='bbox 796 1926 1138 1992; x_wconf 84' lang='lat' dir='ltr'><strong>referuntur,</strong></span> <span class='ocrx_word' id='word_1_241' title='bbox 1174 1945 1267 1997; x_wconf 87' lang='lat' dir='ltr'><strong>per</strong></span> <span class='ocrx_word' id='word_1_242' title='bbox 1291 1946 1346 1984; x_wconf 77' lang='lat' dir='ltr'><strong>se</strong></span> <span class='ocrx_word' id='word_1_243' title='bbox 1370 1931 1511 1985; x_wconf 89' lang='lat' dir='ltr'><strong>hanc</strong></span> <span class='ocrx_word' id='word_1_244' title='bbox 1540 1933 1785 2003; x_wconf 80' lang='lat' dir='ltr'><strong>recipro-</strong></span> <span class='ocrx_word' id='word_1_245' title='bbox 1823 1909 1862 1963; x_wconf 71' lang='grc' dir='ltr'><strong><em>Β</em></strong></span> <span class='ocrx_word' id='word_1_246' title='bbox 1892 1920 1967 1975; x_wconf 66' lang='lat' dir='ltr'><strong>ila</strong></span> <span class='ocrx_word' id='word_1_247' title='bbox 1999 1929 2055 1975; x_wconf 76' lang='lat' dir='ltr'><strong>et</strong></span> <span class='ocrx_word' id='word_1_248' title='bbox 2089 1920 2330 1990; x_wconf 85' lang='lat' dir='ltr'><strong>Spiritus</strong></span> <span class='ocrx_word' id='word_1_249' title='bbox 2360 1920 2833 1988; x_wconf 80' lang='lat' dir='ltr'><strong>recompensando</strong></span> <span class='ocrx_word' id='word_1_250' title='bbox 2867 1920 3099 1989; x_wconf 76' lang='lat' dir='ltr'><strong>gratiam</strong></span> <span class='ocrx_word' id='word_1_251' title='bbox 3145 1937 3174 1976; x_wconf 90' lang='lat' dir='ltr'><strong>a</strong></span> <span class='ocrx_word' id='word_1_252' title='bbox 3204 1921 3364 1978; x_wconf 84' lang='lat' dir='ltr'><strong>Patre</strong></span> <span class='ocrx_word' id='word_1_253' title='bbox 3391 1940 3486 1995; x_wconf 85' lang='lat' dir='ltr'><strong>ge-</strong></span> 
     </span>
    </p>
   </div>
   <div class='ocr_carea' id='block_1_35' title="bbox 197 2013 1785 2092">
    <p class='ocr_par' dir='ltr' id='par_1_35' title="bbox 197 2013 1785 2092">
     <span class='ocr_line' id='line_1_35' title="bbox 197 2013 1785 2092; baseline 0.011 -28"><span class='ocrx_word' id='word_1_254' title='bbox 197 2026 320 2065; x_wconf 90' lang='lat' dir='ltr'><strong>cam</strong></span> <span class='ocrx_word' id='word_1_255' title='bbox 371 2013 734 2085; x_wconf 90' lang='lat' dir='ltr'><strong>principiandi</strong></span> <span class='ocrx_word' id='word_1_256' title='bbox 775 2017 1090 2075; x_wconf 81' lang='lat' dir='ltr'><strong>facultatem</strong></span> <span class='ocrx_word' id='word_1_257' title='bbox 1133 2022 1351 2092; x_wconf 86' lang='lat' dir='ltr'><strong>utrique</strong></span> <span class='ocrx_word' id='word_1_258' title='bbox 1401 2025 1666 2088; x_wconf 89' lang='lat' dir='ltr'><strong>vindicat,</strong></span> <span class='ocrx_word' id='word_1_259' title='bbox 1726 2035 1785 2081; x_wconf 91' lang='lat' dir='ltr'><strong>ut</strong></span> 
     </span>
    </p>
   </div>
   <div class='ocr_carea' id='block_1_36' title="bbox 196 2108 1786 2185">
    <p class='ocr_par' dir='ltr' id='par_1_36' title="bbox 196 2108 1786 2185">
     <span class='ocr_line' id='line_1_36' title="bbox 196 2108 1786 2185; baseline 0.013 -30"><span class='ocrx_word' id='word_1_260' title='bbox 196 2112 451 2172; x_wconf 89' lang='lat' dir='ltr'><strong>apertum</strong></span> <span class='ocrx_word' id='word_1_261' title='bbox 495 2116 619 2172; x_wconf 85' lang='lat' dir='ltr'><strong>est;</strong></span> <span class='ocrx_word' id='word_1_262' title='bbox 656 2108 854 2165; x_wconf 89' lang='lat' dir='ltr'><strong>deinde</strong></span> <span class='ocrx_word' id='word_1_263' title='bbox 890 2121 1254 2183; x_wconf 69' lang='lat' dir='ltr'><strong>praeterquam</strong></span> <span class='ocrx_word' id='word_1_264' title='bbox 1285 2117 1433 2185; x_wconf 89' lang='lat' dir='ltr'><strong>quod</strong></span> <span class='ocrx_word' id='word_1_265' title='bbox 1455 2132 1520 2173; x_wconf 83' lang='lat' dir='ltr'><strong>ex</strong></span> <span class='ocrx_word' id='word_1_266' title='bbox 1548 2119 1786 2175; x_wconf 85' lang='lat' dir='ltr'><strong>revelata</strong></span> 
     </span>
    </p>
   </div>
   <div class='ocr_carea' id='block_1_37' title="bbox 200 2194 1787 2269">
    <p class='ocr_par' dir='ltr' id='par_1_37' title="bbox 200 2194 1787 2269">
     <span class='ocr_line' id='line_1_37' title="bbox 200 2194 1787 2269; baseline 0.013 -22"><span class='ocrx_word' id='word_1_267' title='bbox 200 2194 459 2252; x_wconf 85' lang='lat' dir='ltr'><strong>doctrina</strong></span> <span class='ocrx_word' id='word_1_268' title='bbox 510 2198 746 2269; x_wconf 90' lang='lat' dir='ltr'><strong>Spiritus</strong></span> <span class='ocrx_word' id='word_1_269' title='bbox 798 2211 1023 2259; x_wconf 84' lang='lat' dir='ltr'><strong>sanctus</strong></span> <span class='ocrx_word' id='word_1_270' title='bbox 1082 2205 1316 2261; x_wconf 88' lang='lat' dir='ltr'><strong>habetur</strong></span> <span class='ocrx_word' id='word_1_271' title='bbox 1369 2209 1787 2267; x_wconf 89' lang='lat' dir='ltr'><strong>immanentium</strong></span> 
     </span>
    </p>
   </div>
   <div class='ocr_carea' id='block_1_38' title="bbox 196 2286 1788 2359">
    <p class='ocr_par' dir='ltr' id='par_1_38' title="bbox 196 2286 1788 2359">
     <span class='ocr_line' id='line_1_38' title="bbox 196 2286 1788 2359; baseline 0.013 -19"><span class='ocrx_word' id='word_1_272' title='bbox 196 2286 475 2357; x_wconf 86' lang='lat' dir='ltr'><strong>originum</strong></span> <span class='ocrx_word' id='word_1_273' title='bbox 512 2292 808 2359; x_wconf 86' lang='lat' dir='ltr'><strong>terminus,</strong></span> <span class='ocrx_word' id='word_1_274' title='bbox 841 2294 944 2349; x_wconf 88' lang='lat' dir='ltr'><strong>alia</strong></span> <span class='ocrx_word' id='word_1_275' title='bbox 971 2303 1085 2359; x_wconf 89' lang='lat' dir='ltr'><strong>est,</strong></span> <span class='ocrx_word' id='word_1_276' title='bbox 1117 2308 1175 2352; x_wconf 90' lang='lat' dir='ltr'><strong>ut</strong></span> <span class='ocrx_word' id='word_1_277' title='bbox 1206 2315 1308 2354; x_wconf 90' lang='lat' dir='ltr'><strong>nec</strong></span> <span class='ocrx_word' id='word_1_278' title='bbox 1332 2300 1562 2359; x_wconf 92' lang='lat' dir='ltr'><strong>Photius</strong></span> <span class='ocrx_word' id='word_1_279' title='bbox 1588 2304 1788 2359; x_wconf 81' lang='lat' dir='ltr'><strong>diﬂite-</strong></span> 
     </span>
    </p>
   </div>
   <div class='ocr_carea' id='block_1_39' title="bbox 202 2384 1790 2464">
    <p class='ocr_par' dir='ltr' id='par_1_39' title="bbox 202 2384 1790 2464">
     <span class='ocr_line' id='line_1_39' title="bbox 202 2384 1790 2464; baseline 0.013 -33"><span class='ocrx_word' id='word_1_280' title='bbox 202 2389 324 2443; x_wconf 89' lang='lat' dir='ltr'><strong>tur,</strong></span> <span class='ocrx_word' id='word_1_281' title='bbox 352 2384 635 2451; x_wconf 84' lang='lat' dir='ltr'><strong>generatio</strong></span> <span class='ocrx_word' id='word_1_282' title='bbox 658 2425 673 2448; x_wconf 91' lang='lat'><strong>,</strong></span> <span class='ocrx_word' id='word_1_283' title='bbox 712 2386 820 2441; x_wconf 89' lang='lat' dir='ltr'><strong>alia</strong></span> <span class='ocrx_word' id='word_1_284' title='bbox 856 2386 1091 2458; x_wconf 91' lang='lat' dir='ltr'><strong>Spiritus</strong></span> <span class='ocrx_word' id='word_1_285' title='bbox 1142 2394 1314 2448; x_wconf 87' lang='lat' dir='ltr'><strong>sancti</strong></span> <span class='ocrx_word' id='word_1_286' title='bbox 1354 2398 1668 2464; x_wconf 86' lang='lat' dir='ltr'><strong>processio,</strong></span> <span class='ocrx_word' id='word_1_287' title='bbox 1716 2398 1790 2452; x_wconf 88' lang='lat' dir='ltr'><strong>ita</strong></span> 
     </span>
    </p>
   </div>
   <div class='ocr_carea' id='block_1_40' title="bbox 202 2474 1791 2559">
    <p class='ocr_par' dir='ltr' id='par_1_40' title="bbox 202 2474 1791 2559">
     <span class='ocr_line' id='line_1_40' title="bbox 202 2474 1791 2559; baseline 0.014 -36"><span class='ocrx_word' id='word_1_288' title='bbox 202 2480 256 2524; x_wconf 88' lang='lat' dir='ltr'><strong>ut</strong></span> <span class='ocrx_word' id='word_1_289' title='bbox 290 2488 401 2526; x_wconf 91' lang='lat' dir='ltr'><strong>non</strong></span> <span class='ocrx_word' id='word_1_290' title='bbox 429 2474 617 2528; x_wconf 79' lang='lat' dir='ltr'><strong>cadent</strong></span> <span class='ocrx_word' id='word_1_291' title='bbox 637 2477 849 2534; x_wconf 89' lang='lat' dir='ltr'><strong>ratione</strong></span> <span class='ocrx_word' id='word_1_292' title='bbox 876 2478 1038 2536; x_wconf 91' lang='lat' dir='ltr'><strong>Pater</strong></span> <span class='ocrx_word' id='word_1_293' title='bbox 1060 2483 1130 2537; x_wconf 92' lang='lat' dir='ltr'><strong>sit</strong></span> <span class='ocrx_word' id='word_1_294' title='bbox 1152 2484 1532 2542; x_wconf 88' lang='lat' dir='ltr'><strong>Filiietsancti</strong></span> <span class='ocrx_word' id='word_1_295' title='bbox 1554 2487 1791 2559; x_wconf 89' lang='lat' dir='ltr'><strong>Spiritus</strong></span> 
     </span>
    </p>
   </div>
   <div class='ocr_carea' id='block_1_41' title="bbox 200 2562 1787 2648">
    <p class='ocr_par' dir='ltr' id='par_1_41' title="bbox 200 2562 1787 2648">
     <span class='ocr_line' id='line_1_41' title="bbox 200 2562 1787 2648; baseline 0.014 -35"><span class='ocrx_word' id='word_1_296' title='bbox 200 2562 373 2632; x_wconf 81' lang='grc' dir='ltr'><strong>ἀρχή’</strong></span> <span class='ocrx_word' id='word_1_297' title='bbox 420 2564 526 2632; x_wconf 83' lang='lat' dir='ltr'><strong>(Cf.</strong></span> <span class='ocrx_word' id='word_1_298' title='bbox 549 2565 779 2623; x_wconf 81' lang='lat' dir='ltr'><strong>Beccum</strong></span> <span class='ocrx_word' id='word_1_299' title='bbox 802 2569 858 2624; x_wconf 93' lang='lat' dir='ltr'><strong>in</strong></span> <span class='ocrx_word' id='word_1_300' title='bbox 888 2570 1159 2628; x_wconf 78' lang='lat' dir='ltr'><strong>Cantateri</strong></span> <span class='ocrx_word' id='word_1_301' title='bbox 1192 2575 1479 2633; x_wconf 80' lang='lat' dir='ltr'><strong>Animadv.</strong></span> <span class='ocrx_word' id='word_1_302' title='bbox 1504 2595 1551 2633; x_wconf 93' lang='lat' dir='ltr'><strong>c.</strong></span> <span class='ocrx_word' id='word_1_303' title='bbox 1581 2582 1669 2643; x_wconf 83' lang='grc'>50,</span> <span class='ocrx_word' id='word_1_304' title='bbox 1698 2582 1787 2648; x_wconf 74' lang='grc'>54,</span> 
     </span>
    </p>
   </div>
   <div class='ocr_carea' id='block_1_42' title="bbox 200 2656 1791 2746">
    <p class='ocr_par' dir='ltr' id='par_1_42' title="bbox 200 2656 1791 2746">
     <span class='ocr_line' id='line_1_42' title="bbox 200 2656 1791 2746; baseline 0.014 -38"><span class='ocrx_word' id='word_1_305' title='bbox 200 2656 306 2722; x_wconf 70' lang='grc'><strong>45;</strong></span> <span class='ocrx_word' id='word_1_306' title='bbox 339 2656 403 2712; x_wconf 86' lang='lat' dir='ltr'><strong>G.</strong></span> <span class='ocrx_word' id='word_1_307' title='bbox 435 2659 496 2714; x_wconf 92' lang='lat'><strong>0.</strong></span> <span class='ocrx_word' id='word_1_308' title='bbox 532 2660 606 2726; x_wconf 85' lang='lat' dir='ltr'><strong>il,</strong></span> <span class='ocrx_word' id='word_1_309' title='bbox 642 2664 775 2729; x_wconf 84' lang='grc'>555,</span> <span class='ocrx_word' id='word_1_310' title='bbox 813 2665 919 2745; x_wconf 86' lang='grc'>562</span> <span class='ocrx_word' id='word_1_311' title='bbox 942 2707 957 2732; x_wconf 88' lang='grc'><strong>,</strong></span> <span class='ocrx_word' id='word_1_312' title='bbox 988 2666 1123 2733; x_wconf 89' lang='grc'>565,</span> <span class='ocrx_word' id='word_1_313' title='bbox 1156 2670 1318 2741; x_wconf 85' lang='grc'>575.)</span> <span class='ocrx_word' id='word_1_314' title='bbox 1345 2672 1500 2738; x_wconf 89' lang='lat' dir='ltr'><strong>Quod</strong></span> <span class='ocrx_word' id='word_1_315' title='bbox 1530 2692 1635 2729; x_wconf 89' lang='lat' dir='ltr'><strong>una</strong></span> <span class='ocrx_word' id='word_1_316' title='bbox 1666 2693 1791 2746; x_wconf 89' lang='lat' dir='ltr'><strong>per-</strong></span> 
     </span>
    </p>
   </div>
   <div class='ocr_carea' id='block_1_43' title="bbox 201 2755 1793 2833">
    <p class='ocr_par' dir='ltr' id='par_1_43' title="bbox 201 2755 1793 2833">
     <span class='ocr_line' id='line_1_43' title="bbox 201 2755 1793 2833; baseline 0.014 -32"><span class='ocrx_word' id='word_1_317' title='bbox 201 2765 341 2803; x_wconf 92' lang='lat' dir='ltr'><strong>sona</strong></span> <span class='ocrx_word' id='word_1_318' title='bbox 376 2763 626 2821; x_wconf 88' lang='lat' dir='ltr'><strong>respectu</strong></span> <span class='ocrx_word' id='word_1_319' title='bbox 672 2755 913 2824; x_wconf 82' lang='lat' dir='ltr'><strong>ejusdem</strong></span> <span class='ocrx_word' id='word_1_320' title='bbox 957 2761 1182 2817; x_wconf 88' lang='lat' dir='ltr'><strong>alterius</strong></span> <span class='ocrx_word' id='word_1_321' title='bbox 1225 2779 1473 2833; x_wconf 57' lang='lat' dir='ltr'><strong>personat</strong></span> <span class='ocrx_word' id='word_1_322' title='bbox 1508 2767 1572 2821; x_wconf 87' lang='lat' dir='ltr'><strong>sit</strong></span> <span class='ocrx_word' id='word_1_323' title='bbox 1632 2768 1793 2824; x_wconf 92' lang='lat' dir='ltr'><strong>simul</strong></span> 
     </span>
    </p>
   </div>
   <div class='ocr_carea' id='block_1_44' title="bbox 206 2843 1790 2928">
    <p class='ocr_par' dir='ltr' id='par_1_44' title="bbox 206 2843 1790 2928">
     <span class='ocr_line' id='line_1_44' title="bbox 206 2843 1790 2928; baseline 0.014 -34"><span class='ocrx_word' id='word_1_324' title='bbox 206 2843 539 2915; x_wconf 88' lang='lat' dir='ltr'><strong>principium</strong></span> <span class='ocrx_word' id='word_1_325' title='bbox 573 2857 627 2903; x_wconf 89' lang='lat' dir='ltr'><strong>et</strong></span> <span class='ocrx_word' id='word_1_326' title='bbox 672 2850 1057 2922; x_wconf 89' lang='lat' dir='ltr'><strong>priucipiatum</strong></span> <span class='ocrx_word' id='word_1_327' title='bbox 1084 2895 1097 2919; x_wconf 93' lang='lat'><strong>,</strong></span> <span class='ocrx_word' id='word_1_328' title='bbox 1135 2856 1431 2913; x_wconf 88' lang='lat' dir='ltr'><strong>absurdum</strong></span> <span class='ocrx_word' id='word_1_329' title='bbox 1472 2859 1631 2928; x_wconf 84' lang='lat' dir='ltr'><strong>plane</strong></span> <span class='ocrx_word' id='word_1_330' title='bbox 1675 2873 1790 2928; x_wconf 83' lang='lat' dir='ltr'><strong>est;</strong></span> 
     </span>
    </p>
   </div>
   <div class='ocr_carea' id='block_1_45' title="bbox 204 2938 1795 3020">
    <p class='ocr_par' dir='ltr' id='par_1_45' title="bbox 204 2938 1795 3020">
     <span class='ocr_line' id='line_1_45' title="bbox 204 2938 1795 3020; baseline 0.013 -29"><span class='ocrx_word' id='word_1_331' title='bbox 204 2938 308 2992; x_wconf 81' lang='lat' dir='ltr'><strong>sed</strong></span> <span class='ocrx_word' id='word_1_332' title='bbox 350 2940 648 2998; x_wconf 89' lang='lat' dir='ltr'><strong>absurdum</strong></span> <span class='ocrx_word' id='word_1_333' title='bbox 692 2962 804 3000; x_wconf 92' lang='lat' dir='ltr'><strong>non</strong></span> <span class='ocrx_word' id='word_1_334' title='bbox 842 2958 927 3003; x_wconf 90' lang='lat' dir='ltr'><strong>est</strong></span> <span class='ocrx_word' id='word_1_335' title='bbox 965 2948 1163 3005; x_wconf 89' lang='lat' dir='ltr'><strong>Filium</strong></span> <span class='ocrx_word' id='word_1_336' title='bbox 1206 2966 1312 3007; x_wconf 92' lang='lat' dir='ltr'><strong>una</strong></span> <span class='ocrx_word' id='word_1_337' title='bbox 1354 2938 1479 3008; x_wconf 86' lang='lat' dir='ltr'><strong>cum</strong></span> <span class='ocrx_word' id='word_1_338' title='bbox 1518 2954 1712 3020; x_wconf 89' lang='lat' dir='ltr'><strong>Patre,</strong></span> <span class='ocrx_word' id='word_1_339' title='bbox 1764 2973 1795 3011; x_wconf 90' lang='lat' dir='ltr'><strong>a</strong></span> 
     </span>
    </p>
   </div>
   <div class='ocr_carea' id='block_1_46' title="bbox 205 3037 1794 3116">
    <p class='ocr_par' dir='ltr' id='par_1_46' title="bbox 205 3037 1794 3116">
     <span class='ocr_line' id='line_1_46' title="bbox 205 3037 1794 3116; baseline 0.012 -34"><span class='ocrx_word' id='word_1_340' title='bbox 205 3046 321 3099; x_wconf 85' lang='lat' dir='ltr'><strong>quo</strong></span> <span class='ocrx_word' id='word_1_341' title='bbox 352 3044 643 3101; x_wconf 87' lang='lat' dir='ltr'><strong>generatur</strong></span> <span class='ocrx_word' id='word_1_342' title='bbox 667 3077 682 3101; x_wconf 93' lang='lat'><strong>,</strong></span> <span class='ocrx_word' id='word_1_343' title='bbox 706 3037 917 3106; x_wconf 89' lang='lat' dir='ltr'><strong>spirare</strong></span> <span class='ocrx_word' id='word_1_344' title='bbox 944 3037 1212 3110; x_wconf 89' lang='lat' dir='ltr'><strong>Spiritum</strong></span> <span class='ocrx_word' id='word_1_345' title='bbox 1237 3085 1250 3108; x_wconf 96' lang='lat'><strong>,</strong></span> <span class='ocrx_word' id='word_1_346' title='bbox 1281 3045 1449 3099; x_wconf 87' lang='lat' dir='ltr'><strong>relate</strong></span> <span class='ocrx_word' id='word_1_347' title='bbox 1467 3046 1534 3100; x_wconf 91' lang='lat' dir='ltr'><strong>ad</strong></span> <span class='ocrx_word' id='word_1_348' title='bbox 1562 3046 1794 3116; x_wconf 80' lang='lat' dir='ltr'><strong>primaut</strong></span> 
     </span>
    </p>
   </div>
   <div class='ocr_carea' id='block_1_47' title="bbox 210 3130 1796 3195">
    <p class='ocr_par' dir='ltr' id='par_1_47' title="bbox 210 3130 1796 3195">
     <span class='ocr_line' id='line_1_47' title="bbox 210 3130 1796 3195; baseline 0.013 -21"><span class='ocrx_word' id='word_1_349' title='bbox 210 3137 507 3190; x_wconf 87' lang='lat' dir='ltr'><strong>personam</strong></span> <span class='ocrx_word' id='word_1_350' title='bbox 546 3141 670 3181; x_wconf 89' lang='lat' dir='ltr'><strong>esse</strong></span> <span class='ocrx_word' id='word_1_351' title='bbox 699 3130 964 3195; x_wconf 75' lang='grc' dir='ltr'><strong>αἰτιατὸν,</strong></span> <span class='ocrx_word' id='word_1_352' title='bbox 996 3133 1166 3187; x_wconf 89' lang='lat' dir='ltr'><strong>relate</strong></span> <span class='ocrx_word' id='word_1_353' title='bbox 1194 3135 1263 3189; x_wconf 91' lang='lat' dir='ltr'><strong>ad</strong></span> <span class='ocrx_word' id='word_1_354' title='bbox 1298 3136 1514 3190; x_wconf 90' lang='lat' dir='ltr'><strong>tertiam</strong></span> <span class='ocrx_word' id='word_1_355' title='bbox 1544 3153 1674 3193; x_wconf 86' lang='lat' dir='ltr'><strong>vero</strong></span> <span class='ocrx_word' id='word_1_356' title='bbox 1708 3141 1796 3193; x_wconf 80' lang='grc' dir='ltr'><strong>αξ-</strong></span> 
     </span>
    </p>
   </div>
   <div class='ocr_carea' id='block_1_48' title="bbox 208 3216 1870 3320">
    <p class='ocr_par' dir='ltr' id='par_1_48' title="bbox 208 3216 1870 3320">
     <span class='ocr_line' id='line_1_48' title="bbox 208 3216 1870 3320; baseline 0.013 -54"><span class='ocrx_word' id='word_1_357' title='bbox 208 3216 360 3320; x_wconf 53' lang='lat' dir='ltr'><strong>ria-‘1;</strong></span> <span class='ocrx_word' id='word_1_358' title='bbox 390 3239 408 3269; x_wconf 84' lang='grc'><strong>‹</strong></span> <span class='ocrx_word' id='word_1_359' title='bbox 438 3218 1001 3320; x_wconf 37' lang='lat' dir='ltr'><strong>Eadem-q’uippe-res,</strong></span> <span class='ocrx_word' id='word_1_360' title='bbox 1031 3227 1107 3281; x_wconf 89' lang='lat' dir='ltr'><strong>ait</strong></span> <span class='ocrx_word' id='word_1_361' title='bbox 1130 3226 1283 3300; x_wconf 78' lang='lat' dir='ltr'><strong>[Iugo</strong></span> <span class='ocrx_word' id='word_1_362' title='bbox 1304 3227 1713 3320; x_wconf 30' lang='lat' dir='ltr'><strong>Etherianus-(l.</strong></span> <span class='ocrx_word' id='word_1_363' title='bbox 1741 3247 1793 3299; x_wconf 88' lang='grc' dir='ltr'><strong>ι,</strong></span> <span class='ocrx_word' id='word_1_364' title='bbox 1827 3263 1870 3320; x_wconf 75' lang='lat' dir='ltr'><strong>c</strong></span> 
     </span>
    </p>
   </div>
   <div class='ocr_carea' id='block_1_49' title="bbox 209 3306 1799 3387">
    <p class='ocr_par' dir='ltr' id='par_1_49' title="bbox 209 3306 1799 3387">
     <span class='ocr_line' id='line_1_49' title="bbox 209 3306 1799 3387; baseline 0.007 -27"><span class='ocrx_word' id='word_1_365' title='bbox 209 3321 263 3360; x_wconf 89' lang='lat' dir='ltr'><strong>c.</strong></span> <span class='ocrx_word' id='word_1_366' title='bbox 296 3306 395 3371; x_wconf 86' lang='grc'><strong>10,</strong></span> <span class='ocrx_word' id='word_1_367' title='bbox 430 3323 484 3377; x_wconf 92' lang='lat' dir='ltr'><strong>p.</strong></span> <span class='ocrx_word' id='word_1_368' title='bbox 519 3309 659 3365; x_wconf 70' lang='grc'>1201</span> <span class='ocrx_word' id='word_1_369' title='bbox 692 3310 782 3379; x_wconf 75' lang='lat' dir='ltr'><strong>G.)</strong></span> <span class='ocrx_word' id='word_1_370' title='bbox 813 3312 903 3367; x_wconf 87' lang='lat' dir='ltr'><strong>alii</strong></span> <span class='ocrx_word' id='word_1_371' title='bbox 935 3323 1116 3383; x_wconf 88' lang='lat' dir='ltr'><strong>potest</strong></span> <span class='ocrx_word' id='word_1_372' title='bbox 1152 3331 1274 3370; x_wconf 90' lang='lat' dir='ltr'><strong>esse</strong></span> <span class='ocrx_word' id='word_1_373' title='bbox 1301 3331 1464 3371; x_wconf 84' lang='lat' dir='ltr'><strong>causa</strong></span> <span class='ocrx_word' id='word_1_374' title='bbox 1493 3317 1708 3387; x_wconf 76' lang='lat' dir='ltr'><strong>(at-cia)</strong></span> <span class='ocrx_word' id='word_1_375' title='bbox 1742 3327 1799 3373; x_wconf 90' lang='lat' dir='ltr'><strong>et</strong></span> 
     </span>
    </p>
   </div>
   <div class='ocr_carea' id='block_1_50' title="bbox 210 3395 1802 3478">
    <p class='ocr_par' dir='ltr' id='par_1_50' title="bbox 210 3395 1802 3478">
     <span class='ocr_line' id='line_1_50' title="bbox 210 3395 1802 3478; baseline 0.008 -28"><span class='ocrx_word' id='word_1_376' title='bbox 210 3395 308 3450; x_wconf 87' lang='lat' dir='ltr'><strong>alii</strong></span> <span class='ocrx_word' id='word_1_377' title='bbox 332 3399 673 3455; x_wconf 85' lang='lat' dir='ltr'><strong>causativum</strong></span> <span class='ocrx_word' id='word_1_378' title='bbox 706 3402 1054 3475; x_wconf 67' lang='lat' dir='ltr'><strong>(atrtarév);</strong></span> <span class='ocrx_word' id='word_1_379' title='bbox 1084 3406 1261 3461; x_wconf 90' lang='lat' dir='ltr'><strong>eidem</strong></span> <span class='ocrx_word' id='word_1_380' title='bbox 1295 3422 1429 3462; x_wconf 89' lang='lat' dir='ltr'><strong>vero</strong></span> <span class='ocrx_word' id='word_1_381' title='bbox 1452 3407 1590 3462; x_wconf 91' lang='lat' dir='ltr'><strong>nihil</strong></span> <span class='ocrx_word' id='word_1_382' title='bbox 1621 3417 1802 3478; x_wconf 89' lang='lat' dir='ltr'><strong>potest</strong></span> 
     </span>
    </p>
   </div>
   <div class='ocr_carea' id='block_1_51' title="bbox 212 3494 1806 3570">
    <p class='ocr_par' dir='ltr' id='par_1_51' title="bbox 212 3494 1806 3570">
     <span class='ocr_line' id='line_1_51' title="bbox 212 3494 1806 3570; baseline 0.008 -27"><span class='ocrx_word' id='word_1_383' title='bbox 212 3504 383 3544; x_wconf 88' lang='lat' dir='ltr'><strong>causa</strong></span> <span class='ocrx_word' id='word_1_384' title='bbox 415 3499 469 3547; x_wconf 89' lang='lat' dir='ltr'><strong>et</strong></span> <span class='ocrx_word' id='word_1_385' title='bbox 506 3494 847 3549; x_wconf 90' lang='lat' dir='ltr'><strong>causativum</strong></span> <span class='ocrx_word' id='word_1_386' title='bbox 894 3511 1054 3563; x_wconf 88' lang='lat' dir='ltr'><strong>esse;</strong></span> <span class='ocrx_word' id='word_1_387' title='bbox 1114 3497 1275 3554; x_wconf 86' lang='lat' dir='ltr'><strong>Pater</strong></span> <span class='ocrx_word' id='word_1_388' title='bbox 1316 3500 1537 3570; x_wconf 85' lang='lat' dir='ltr'><strong>quidem</strong></span> <span class='ocrx_word' id='word_1_389' title='bbox 1592 3501 1718 3555; x_wconf 88' lang='lat' dir='ltr'><strong>Filii</strong></span> <span class='ocrx_word' id='word_1_390' title='bbox 1749 3509 1806 3556; x_wconf 89' lang='lat' dir='ltr'><strong>et</strong></span> 
     </span>
    </p>
   </div>
   <div class='ocr_carea' id='block_1_52' title="bbox 213 3582 1806 3665">
    <p class='ocr_par' dir='ltr' id='par_1_52' title="bbox 213 3582 1806 3665">
     <span class='ocr_line' id='line_1_52' title="bbox 213 3582 1806 3665; baseline 0.009 -28"><span class='ocrx_word' id='word_1_391' title='bbox 213 3582 456 3652; x_wconf 85' lang='lat' dir='ltr'><strong>Spiritus</strong></span> <span class='ocrx_word' id='word_1_392' title='bbox 477 3600 640 3641; x_wconf 92' lang='lat' dir='ltr'><strong>causa</strong></span> <span class='ocrx_word' id='word_1_393' title='bbox 670 3588 919 3656; x_wconf 82' lang='lat' dir='ltr'><strong>exsistit;</strong></span> <span class='ocrx_word' id='word_1_394' title='bbox 938 3599 994 3645; x_wconf 90' lang='lat' dir='ltr'><strong>at</strong></span> <span class='ocrx_word' id='word_1_395' title='bbox 1013 3591 1180 3646; x_wconf 89' lang='lat' dir='ltr'><strong>Filius</strong></span> <span class='ocrx_word' id='word_1_396' title='bbox 1198 3608 1541 3663; x_wconf 88' lang='lat' dir='ltr'><strong>nequaquam</strong></span> <span class='ocrx_word' id='word_1_397' title='bbox 1565 3594 1806 3665; x_wconf 89' lang='lat' dir='ltr'><strong>Spiritus</strong></span> 
     </span>
    </p>
   </div>
   <div class='ocr_carea' id='block_1_53' title="bbox 213 3680 1808 3750">
    <p class='ocr_par' dir='ltr' id='par_1_53' title="bbox 213 3680 1808 3750">
     <span class='ocr_line' id='line_1_53' title="bbox 213 3680 1808 3750; baseline 0.008 -18"><span class='ocrx_word' id='word_1_398' title='bbox 213 3693 383 3732; x_wconf 89' lang='lat' dir='ltr'><strong>causa</strong></span> <span class='ocrx_word' id='word_1_399' title='bbox 418 3680 604 3750; x_wconf 86' lang='lat' dir='ltr'><strong>negari</strong></span> <span class='ocrx_word' id='word_1_400' title='bbox 639 3683 817 3735; x_wconf 86' lang='lat' dir='ltr'><strong>debet.</strong></span> <span class='ocrx_word' id='word_1_401' title='bbox 840 3700 859 3733; x_wconf 76' lang='grc' dir='ltr'><strong>ι</strong></span> <span class='ocrx_word' id='word_1_402' title='bbox 907 3682 1065 3737; x_wconf 87' lang='lat' dir='ltr'><strong>Nulla</strong></span> <span class='ocrx_word' id='word_1_403' title='bbox 1100 3700 1230 3740; x_wconf 89' lang='lat' dir='ltr'><strong>sane</strong></span> <span class='ocrx_word' id='word_1_404' title='bbox 1261 3686 1571 3741; x_wconf 89' lang='lat' dir='ltr'><strong>ostenditur</strong></span> <span class='ocrx_word' id='word_1_405' title='bbox 1607 3703 1808 3744; x_wconf 80' lang='lat' dir='ltr'><strong>neces-</strong></span> 
     </span>
    </p>
   </div>
   <div class='ocr_carea' id='block_1_54' title="bbox 216 3770 1805 3849">
    <p class='ocr_par' dir='ltr' id='par_1_54' title="bbox 216 3770 1805 3849">
     <span class='ocr_line' id='line_1_54' title="bbox 216 3770 1805 3849; baseline 0.009 -26"><span class='ocrx_word' id='word_1_406' title='bbox 216 3770 354 3824; x_wconf 82' lang='lat' dir='ltr'><strong>sitas</strong></span> <span class='ocrx_word' id='word_1_407' title='bbox 374 3811 389 3836; x_wconf 94' lang='lat'><strong>,</strong></span> <span class='ocrx_word' id='word_1_408' title='bbox 421 3772 490 3825; x_wconf 89' lang='lat' dir='ltr'><strong>ob</strong></span> <span class='ocrx_word' id='word_1_409' title='bbox 511 3787 671 3842; x_wconf 89' lang='lat' dir='ltr'><strong>quam</strong></span> <span class='ocrx_word' id='word_1_410' title='bbox 702 3772 940 3844; x_wconf 90' lang='lat' dir='ltr'><strong>Spiritus</strong></span> <span class='ocrx_word' id='word_1_411' title='bbox 958 3775 1079 3831; x_wconf 88' lang='lat' dir='ltr'><strong>Filii</strong></span> <span class='ocrx_word' id='word_1_412' title='bbox 1109 3777 1253 3849; x_wconf 78' lang='grc' dir='ltr'><strong>ἁρχὴ</strong></span> <span class='ocrx_word' id='word_1_413' title='bbox 1276 3779 1349 3834; x_wconf 90' lang='lat' dir='ltr'><strong>sit</strong></span> <span class='ocrx_word' id='word_1_414' title='bbox 1368 3779 1805 3849; x_wconf 80' lang='lat' dir='ltr'><strong>existimandus;</strong></span> 
     </span>
    </p>
   </div>
   <div class='ocr_carea' id='block_1_55' title="bbox 218 3862 1808 3942">
    <p class='ocr_par' dir='ltr' id='par_1_55' title="bbox 218 3862 1808 3942">
     <span class='ocr_line' id='line_1_55' title="bbox 218 3862 1808 3942; baseline 0.008 -26"><span class='ocrx_word' id='word_1_415' title='bbox 218 3862 319 3916; x_wconf 84' lang='lat' dir='ltr'><strong>sed</strong></span> <span class='ocrx_word' id='word_1_416' title='bbox 360 3863 516 3932; x_wconf 91' lang='lat' dir='ltr'><strong>plura</strong></span> <span class='ocrx_word' id='word_1_417' title='bbox 554 3864 782 3920; x_wconf 90' lang='lat' dir='ltr'><strong>omnino</strong></span> <span class='ocrx_word' id='word_1_418' title='bbox 817 3866 1112 3933; x_wconf 86' lang='lat' dir='ltr'><strong>evincunt,</strong></span> <span class='ocrx_word' id='word_1_419' title='bbox 1150 3885 1257 3924; x_wconf 92' lang='lat' dir='ltr'><strong>una</strong></span> <span class='ocrx_word' id='word_1_420' title='bbox 1291 3868 1441 3942; x_wconf 72' lang='lat'><strong>[269]</strong></span> <span class='ocrx_word' id='word_1_421' title='bbox 1473 3887 1597 3925; x_wconf 91' lang='lat' dir='ltr'><strong>cum</strong></span> <span class='ocrx_word' id='word_1_422' title='bbox 1647 3871 1808 3929; x_wconf 89' lang='lat' dir='ltr'><strong>Patre</strong></span> 
     </span>
    </p>
   </div>
   <div class='ocr_carea' id='block_1_56' title="bbox 221 3953 1812 4033">
    <p class='ocr_par' dir='ltr' id='par_1_56' title="bbox 221 3953 1812 4033">
     <span class='ocr_line' id='line_1_56' title="bbox 221 3953 1812 4033; baseline 0.009 -26"><span class='ocrx_word' id='word_1_423' title='bbox 221 3953 425 4009; x_wconf 81' lang='lat' dir='ltr'><strong>Filium</strong></span> <span class='ocrx_word' id='word_1_424' title='bbox 445 3955 682 4026; x_wconf 90' lang='lat' dir='ltr'><strong>Spiritus</strong></span> <span class='ocrx_word' id='word_1_425' title='bbox 699 3973 922 4015; x_wconf 90' lang='lat' dir='ltr'><strong>sanctus</strong></span> <span class='ocrx_word' id='word_1_426' title='bbox 946 3961 1261 4033; x_wconf 60' lang='lat' dir='ltr'><strong>apxijvesse</strong></span> <span class='ocrx_word' id='word_1_427' title='bbox 1283 3963 1620 4019; x_wconf 88' lang='lat' dir='ltr'><strong>habendum.</strong></span> <span class='ocrx_word' id='word_1_428' title='bbox 1643 3963 1812 4020; x_wconf 79' lang='lat' dir='ltr'><strong>Recte</strong></span> 
     </span>
    </p>
   </div>
   <div class='ocr_carea' id='block_1_57' title="bbox 220 4048 1810 4123">
    <p class='ocr_par' dir='ltr' id='par_1_57' title="bbox 220 4048 1810 4123">
     <span class='ocr_line' id='line_1_57' title="bbox 220 4048 1810 4123; baseline 0.008 -22"><span class='ocrx_word' id='word_1_429' title='bbox 220 4049 377 4103; x_wconf 82' lang='lat' dir='ltr'><strong>card.</strong></span> <span class='ocrx_word' id='word_1_430' title='bbox 430 4048 715 4106; x_wconf 85' lang='lat' dir='ltr'><strong>Bessarion</strong></span> <span class='ocrx_word' id='word_1_431' title='bbox 770 4053 895 4123; x_wconf 92' lang='lat' dir='ltr'><strong>(ep.</strong></span> <span class='ocrx_word' id='word_1_432' title='bbox 934 4054 1016 4108; x_wconf 80' lang='lat' dir='ltr'><strong>Ad</strong></span> <span class='ocrx_word' id='word_1_433' title='bbox 1052 4057 1205 4110; x_wconf 74' lang='lat' dir='ltr'><strong>Alex.</strong></span> <span class='ocrx_word' id='word_1_434' title='bbox 1241 4057 1394 4112; x_wconf 73' lang='lat' dir='ltr'><strong>Lasc.</strong></span> <span class='ocrx_word' id='word_1_435' title='bbox 1434 4073 1485 4112; x_wconf 93' lang='lat' dir='ltr'><strong>c.</strong></span> <span class='ocrx_word' id='word_1_436' title='bbox 1525 4059 1590 4123; x_wconf 89' lang='lat'><strong>7;</strong></span> <span class='ocrx_word' id='word_1_437' title='bbox 1642 4057 1810 4114; x_wconf 84' lang='lat' dir='ltr'><strong>Hard.</strong></span> 
     </span>
    </p>
   </div>
   <div class='ocr_carea' id='block_1_58' title="bbox 224 4137 1813 4218">
    <p class='ocr_par' dir='ltr' id='par_1_58' title="bbox 224 4137 1813 4218">
     <span class='ocr_line' id='line_1_58' title="bbox 224 4137 1813 4218; baseline 0.008 -28"><span class='ocrx_word' id='word_1_438' title='bbox 224 4137 318 4203; x_wconf 78' lang='lat' dir='ltr'><strong>IX,</strong></span> <span class='ocrx_word' id='word_1_439' title='bbox 377 4138 550 4203; x_wconf 88' lang='grc'>1062,</span> <span class='ocrx_word' id='word_1_440' title='bbox 606 4141 778 4212; x_wconf 76' lang='grc'>1065)</span> <span class='ocrx_word' id='word_1_441' title='bbox 827 4154 1017 4198; x_wconf 91' lang='lat' dir='ltr'><strong>contra</strong></span> <span class='ocrx_word' id='word_1_442' title='bbox 1052 4146 1341 4200; x_wconf 87' lang='lat' dir='ltr'><strong>dicentes:</strong></span> <span class='ocrx_word' id='word_1_443' title='bbox 1381 4166 1399 4198; x_wconf 80' lang='grc' dir='ltr'><strong>ι</strong></span> <span class='ocrx_word' id='word_1_444' title='bbox 1440 4146 1496 4201; x_wconf 90' lang='lat' dir='ltr'><strong>Si</strong></span> <span class='ocrx_word' id='word_1_445' title='bbox 1552 4148 1813 4218; x_wconf 85' lang='lat' dir='ltr'><strong>spirativa</strong></span> 
     </span>
    </p>
   </div>
   <div class='ocr_carea' id='block_1_59' title="bbox 226 4230 1816 4311">
    <p class='ocr_par' dir='ltr' id='par_1_59' title="bbox 226 4230 1816 4311">
     <span class='ocr_line' id='line_1_59' title="bbox 226 4230 1816 4311; baseline 0.008 -28"><span class='ocrx_word' id='word_1_446' title='bbox 226 4230 476 4299; x_wconf 87' lang='lat' dir='ltr'><strong>potentia</strong></span> <span class='ocrx_word' id='word_1_447' title='bbox 515 4240 598 4285; x_wconf 91' lang='lat' dir='ltr'><strong>est</strong></span> <span class='ocrx_word' id='word_1_448' title='bbox 620 4230 759 4287; x_wconf 90' lang='lat' dir='ltr'><strong>Filio</strong></span> <span class='ocrx_word' id='word_1_449' title='bbox 789 4250 914 4288; x_wconf 91' lang='lat' dir='ltr'><strong>cum</strong></span> <span class='ocrx_word' id='word_1_450' title='bbox 945 4234 1105 4290; x_wconf 88' lang='lat' dir='ltr'><strong>Patre</strong></span> <span class='ocrx_word' id='word_1_451' title='bbox 1132 4238 1459 4303; x_wconf 88' lang='lat' dir='ltr'><strong>communis,</strong></span> <span class='ocrx_word' id='word_1_452' title='bbox 1488 4248 1618 4294; x_wconf 88' lang='lat' dir='ltr'><strong>tunc</strong></span> <span class='ocrx_word' id='word_1_453' title='bbox 1645 4255 1816 4311; x_wconf 84' lang='lat' dir='ltr'><strong>gene-</strong></span> 
     </span>
    </p>
   </div>
   <div class='ocr_carea' id='block_1_60' title="bbox 227 4319 1811 4395">
    <p class='ocr_par' dir='ltr' id='par_1_60' title="bbox 227 4319 1811 4395">
     <span class='ocr_line' id='line_1_60' title="bbox 227 4319 1811 4395; baseline 0.005 -23"><span class='ocrx_word' id='word_1_454' title='bbox 227 4319 401 4375; x_wconf 88' lang='lat' dir='ltr'><strong>rativa</strong></span> <span class='ocrx_word' id='word_1_455' title='bbox 434 4322 677 4389; x_wconf 87' lang='lat' dir='ltr'><strong>potentia</strong></span> <span class='ocrx_word' id='word_1_456' title='bbox 708 4337 833 4377; x_wconf 89' lang='lat' dir='ltr'><strong>cum</strong></span> <span class='ocrx_word' id='word_1_457' title='bbox 860 4323 1019 4379; x_wconf 89' lang='lat' dir='ltr'><strong>Patre</strong></span> <span class='ocrx_word' id='word_1_458' title='bbox 1061 4324 1288 4395; x_wconf 88' lang='lat' dir='ltr'><strong>Spiritui</strong></span> <span class='ocrx_word' id='word_1_459' title='bbox 1322 4329 1631 4382; x_wconf 88' lang='lat' dir='ltr'><strong>communis</strong></span> <span class='ocrx_word' id='word_1_460' title='bbox 1650 4339 1754 4395; x_wconf 86' lang='lat' dir='ltr'><strong>est,</strong></span> <span class='ocrx_word' id='word_1_461' title='bbox 1792 4346 1811 4380; x_wconf 75' lang='grc' dir='ltr'><strong>ι</strong></span> 
     </span>
    </p>
   </div>
   <div class='ocr_carea' id='block_1_61' title="bbox 230 4414 1821 4491">
    <p class='ocr_par' dir='ltr' id='par_1_61' title="bbox 230 4414 1821 4491">
     <span class='ocr_line' id='line_1_61' title="bbox 230 4414 1821 4491; baseline 0.006 -24"><span class='ocrx_word' id='word_1_462' title='bbox 230 4414 350 4468; x_wconf 82' lang='lat' dir='ltr'><strong>haec</strong></span> <span class='ocrx_word' id='word_1_463' title='bbox 372 4414 628 4469; x_wconf 87' lang='lat' dir='ltr'><strong>observat</strong></span> <span class='ocrx_word' id='word_1_464' title='bbox 657 4433 670 4468; x_wconf 93' lang='lat'><strong>:</strong></span> <span class='ocrx_word' id='word_1_465' title='bbox 702 4415 1075 4485; x_wconf 84' lang='lat' dir='ltr'><strong>t)Generatio</strong></span> <span class='ocrx_word' id='word_1_466' title='bbox 1103 4419 1454 4474; x_wconf 88' lang='lat' dir='ltr'><strong>constitutiva</strong></span> <span class='ocrx_word' id='word_1_467' title='bbox 1473 4430 1555 4475; x_wconf 90' lang='lat' dir='ltr'><strong>est</strong></span> <span class='ocrx_word' id='word_1_468' title='bbox 1579 4430 1821 4491; x_wconf 71' lang='lat' dir='ltr'><strong>paternae</strong></span> 
     </span>
    </p>
   </div>
   <div class='ocr_carea' id='block_1_62' title="bbox 227 4508 1819 4583">
    <p class='ocr_par' dir='ltr' id='par_1_62' title="bbox 227 4508 1819 4583">
     <span class='ocr_line' id='line_1_62' title="bbox 227 4508 1819 4583; baseline 0.006 -23"><span class='ocrx_word' id='word_1_469' title='bbox 227 4521 485 4575; x_wconf 70' lang='lat' dir='ltr'><strong>persona:</strong></span> <span class='ocrx_word' id='word_1_470' title='bbox 526 4515 580 4561; x_wconf 89' lang='lat' dir='ltr'><strong>ct</strong></span> <span class='ocrx_word' id='word_1_471' title='bbox 623 4508 1180 4577; x_wconf 89' lang='lat' dir='ltr'><strong>incommunicabilis,</strong></span> <span class='ocrx_word' id='word_1_472' title='bbox 1229 4528 1341 4566; x_wconf 91' lang='lat' dir='ltr'><strong>non</strong></span> <span class='ocrx_word' id='word_1_473' title='bbox 1376 4528 1507 4567; x_wconf 88' lang='lat' dir='ltr'><strong>vero</strong></span> <span class='ocrx_word' id='word_1_474' title='bbox 1548 4514 1819 4583; x_wconf 90' lang='lat' dir='ltr'><strong>spiratio;</strong></span> 
     </span>
    </p>
   </div>
   <div class='ocr_carea' id='block_1_63' title="bbox 1890 2010 3489 2084">
    <p class='ocr_par' dir='ltr' id='par_1_63' title="bbox 1890 2010 3489 2084">
     <span class='ocr_line' id='line_1_63' title="bbox 1890 2010 3489 2084; baseline 0.003 -18"><span class='ocrx_word' id='word_1_475' title='bbox 1890 2022 2048 2067; x_wconf 89' lang='lat' dir='ltr'><strong>neret</strong></span> <span class='ocrx_word' id='word_1_476' title='bbox 2068 2012 2287 2066; x_wconf 89' lang='lat' dir='ltr'><strong>Filium.</strong></span> <span class='ocrx_word' id='word_1_477' title='bbox 2342 2010 2639 2081; x_wconf 86' lang='lat' dir='ltr'><strong>Amplius:</strong></span> <span class='ocrx_word' id='word_1_478' title='bbox 2674 2010 2900 2066; x_wconf 87' lang='lat' dir='ltr'><strong>Filiusa</strong></span> <span class='ocrx_word' id='word_1_479' title='bbox 2960 2013 3122 2071; x_wconf 87' lang='lat' dir='ltr'><strong>Patre</strong></span> <span class='ocrx_word' id='word_1_480' title='bbox 3165 2016 3383 2084; x_wconf 90' lang='lat' dir='ltr'><strong>accipit,</strong></span> <span class='ocrx_word' id='word_1_481' title='bbox 3431 2026 3489 2070; x_wconf 89' lang='lat' dir='ltr'><strong>ut</strong></span> 
     </span>
    </p>
   </div>
   <div class='ocr_carea' id='block_1_64' title="bbox 1888 2103 3490 2179">
    <p class='ocr_par' dir='ltr' id='par_1_64' title="bbox 1888 2103 3490 2179">
     <span class='ocr_line' id='line_1_64' title="bbox 1888 2103 3490 2179; baseline 0.001 -15"><span class='ocrx_word' id='word_1_482' title='bbox 1888 2106 2009 2179; x_wconf 86' lang='lat' dir='ltr'><strong>ejus</strong></span> <span class='ocrx_word' id='word_1_483' title='bbox 2068 2105 2143 2160; x_wconf 87' lang='lat' dir='ltr'><strong>sit</strong></span> <span class='ocrx_word' id='word_1_484' title='bbox 2189 2103 2549 2171; x_wconf 86' lang='lat' dir='ltr'><strong>Paracletus;</strong></span> <span class='ocrx_word' id='word_1_485' title='bbox 2598 2118 2770 2173; x_wconf 83' lang='lat' dir='ltr'><strong>quare</strong></span> <span class='ocrx_word' id='word_1_486' title='bbox 2812 2120 2923 2160; x_wconf 85' lang='lat' dir='ltr'><strong>non</strong></span> <span class='ocrx_word' id='word_1_487' title='bbox 2970 2105 3224 2162; x_wconf 91' lang='lat' dir='ltr'><strong>similiter</strong></span> <span class='ocrx_word' id='word_1_488' title='bbox 3257 2109 3490 2179; x_wconf 87' lang='lat' dir='ltr'><strong>accipiat</strong></span> 
     </span>
    </p>
   </div>
   <div class='ocr_carea' id='block_1_65' title="bbox 1893 2195 3486 2271">
    <p class='ocr_par' dir='ltr' id='par_1_65' title="bbox 1893 2195 3486 2271">
     <span class='ocr_line' id='line_1_65' title="bbox 1893 2195 3486 2271; baseline 0.001 -17"><span class='ocrx_word' id='word_1_489' title='bbox 1893 2198 2135 2270; x_wconf 89' lang='lat' dir='ltr'><strong>Spiritus</strong></span> <span class='ocrx_word' id='word_1_490' title='bbox 2186 2205 2247 2251; x_wconf 89' lang='lat' dir='ltr'><strong>ut</strong></span> <span class='ocrx_word' id='word_1_491' title='bbox 2302 2198 2423 2267; x_wconf 86' lang='lat' dir='ltr'><strong>ejus</strong></span> <span class='ocrx_word' id='word_1_492' title='bbox 2481 2197 2697 2252; x_wconf 89' lang='lat' dir='ltr'><strong>dicatur</strong></span> <span class='ocrx_word' id='word_1_493' title='bbox 2734 2195 2978 2253; x_wconf 82' lang='lat' dir='ltr'><strong>Verbum</strong></span> <span class='ocrx_word' id='word_1_494' title='bbox 3002 2200 3029 2252; x_wconf 88' lang='lat'><strong>?</strong></span> <span class='ocrx_word' id='word_1_495' title='bbox 3052 2203 3233 2265; x_wconf 75' lang='lat' dir='ltr'><strong>Quare</strong></span> <span class='ocrx_word' id='word_1_496' title='bbox 3264 2201 3486 2271; x_wconf 86' lang='lat' dir='ltr'><strong>quidem</strong></span> 
     </span>
    </p>
   </div>
   <div class='ocr_carea' id='block_1_66' title="bbox 1891 2290 3489 2363">
    <p class='ocr_par' dir='ltr' id='par_1_66' title="bbox 1891 2290 3489 2363">
     <span class='ocr_line' id='line_1_66' title="bbox 1891 2290 3489 2363; baseline 0.001 -15"><span class='ocrx_word' id='word_1_497' title='bbox 1891 2291 2332 2363; x_wconf 86' lang='lat' dir='ltr'><strong>recompensatio</strong></span> <span class='ocrx_word' id='word_1_498' title='bbox 2359 2300 2414 2345; x_wconf 80' lang='lat' dir='ltr'><strong>et</strong></span> <span class='ocrx_word' id='word_1_499' title='bbox 2442 2291 2726 2361; x_wconf 66' lang='lat' dir='ltr'><strong>aequalitas</strong></span> <span class='ocrx_word' id='word_1_500' title='bbox 2758 2290 2815 2347; x_wconf 90' lang='lat' dir='ltr'><strong>in</strong></span> <span class='ocrx_word' id='word_1_501' title='bbox 2844 2292 2949 2347; x_wconf 85' lang='lat' dir='ltr'><strong>hoc</strong></span> <span class='ocrx_word' id='word_1_502' title='bbox 2984 2293 3218 2358; x_wconf 83' lang='lat' dir='ltr'><strong>exsistit,</strong></span> <span class='ocrx_word' id='word_1_503' title='bbox 3256 2304 3315 2349; x_wconf 92' lang='lat' dir='ltr'><strong>ut</strong></span> <span class='ocrx_word' id='word_1_504' title='bbox 3346 2295 3489 2349; x_wconf 89' lang='lat' dir='ltr'><strong>sicut</strong></span> 
     </span>
    </p>
   </div>
   <div class='ocr_carea' id='block_1_67' title="bbox 1892 2379 3487 2455">
    <p class='ocr_par' dir='ltr' id='par_1_67' title="bbox 1892 2379 3487 2455">
     <span class='ocr_line' id='line_1_67' title="bbox 1892 2379 3487 2455; baseline 0.002 -19"><span class='ocrx_word' id='word_1_505' title='bbox 1892 2381 2124 2437; x_wconf 89' lang='lat' dir='ltr'><strong>Filiusa</strong></span> <span class='ocrx_word' id='word_1_506' title='bbox 2156 2379 2320 2435; x_wconf 84' lang='lat' dir='ltr'><strong>Patre</strong></span> <span class='ocrx_word' id='word_1_507' title='bbox 2368 2381 2568 2450; x_wconf 87' lang='lat' dir='ltr'><strong>accipit</strong></span> <span class='ocrx_word' id='word_1_508' title='bbox 2610 2396 2834 2437; x_wconf 87' lang='lat' dir='ltr'><strong>causam</strong></span> <span class='ocrx_word' id='word_1_509' title='bbox 2874 2397 2997 2436; x_wconf 90' lang='lat' dir='ltr'><strong>esse</strong></span> <span class='ocrx_word' id='word_1_510' title='bbox 3035 2380 3185 2455; x_wconf 85' lang='grc'>[270]</span> <span class='ocrx_word' id='word_1_511' title='bbox 3222 2383 3487 2454; x_wconf 85' lang='lat' dir='ltr'><strong>Spiritus,</strong></span> 
     </span>
    </p>
   </div>
   <div class='ocr_carea' id='block_1_68' title="bbox 1891 2473 3483 2549">
    <p class='ocr_par' dir='ltr' id='par_1_68' title="bbox 1891 2473 3483 2549">
     <span class='ocr_line' id='line_1_68' title="bbox 1891 2473 3483 2549; baseline 0.003 -17"><span class='ocrx_word' id='word_1_512' title='bbox 1891 2477 1974 2532; x_wconf 89' lang='lat' dir='ltr'><strong>sic</strong></span> <span class='ocrx_word' id='word_1_513' title='bbox 2009 2478 2196 2547; x_wconf 91' lang='lat' dir='ltr'><strong>utique</strong></span> <span class='ocrx_word' id='word_1_514' title='bbox 2254 2473 2493 2545; x_wconf 86' lang='lat' dir='ltr'><strong>Spiritus</strong></span> <span class='ocrx_word' id='word_1_515' title='bbox 2531 2476 2598 2529; x_wconf 90' lang='lat' dir='ltr'><strong>ab</strong></span> <span class='ocrx_word' id='word_1_516' title='bbox 2627 2476 2820 2533; x_wconf 90' lang='lat' dir='ltr'><strong>eodem</strong></span> <span class='ocrx_word' id='word_1_517' title='bbox 2869 2475 3028 2532; x_wconf 88' lang='lat' dir='ltr'><strong>Patre</strong></span> <span class='ocrx_word' id='word_1_518' title='bbox 3068 2479 3269 2549; x_wconf 90' lang='lat' dir='ltr'><strong>accipit</strong></span> <span class='ocrx_word' id='word_1_519' title='bbox 3302 2480 3357 2549; x_wconf 88' lang='lat' dir='ltr'><strong>(l.</strong></span> <span class='ocrx_word' id='word_1_520' title='bbox 3392 2497 3483 2536; x_wconf 66' lang='lat' dir='ltr'><strong>ac«</strong></span> 
     </span>
    </p>
   </div>
   <div class='ocr_carea' id='block_1_69' title="bbox 1892 2569 3483 2641">
    <p class='ocr_par' dir='ltr' id='par_1_69' title="bbox 1892 2569 3483 2641">
     <span class='ocr_line' id='line_1_69' title="bbox 1892 2569 3483 2641; baseline 0.003 -17"><span class='ocrx_word' id='word_1_521' title='bbox 1892 2570 2101 2640; x_wconf 91' lang='lat' dir='ltr'><strong>cipiat),</strong></span> <span class='ocrx_word' id='word_1_522' title='bbox 2148 2569 2489 2624; x_wconf 85' lang='lat' dir='ltr'><strong>causativum</strong></span> <span class='ocrx_word' id='word_1_523' title='bbox 2531 2584 2651 2624; x_wconf 85' lang='lat' dir='ltr'><strong>esse</strong></span> <span class='ocrx_word' id='word_1_524' title='bbox 2684 2570 2829 2629; x_wconf 87' lang='lat' dir='ltr'><strong>Filii.</strong></span> <span class='ocrx_word' id='word_1_525' title='bbox 2863 2570 2925 2625; x_wconf 87' lang='lat' dir='ltr'><strong>In</strong></span> <span class='ocrx_word' id='word_1_526' title='bbox 2949 2586 3057 2641; x_wconf 85' lang='lat' dir='ltr'><strong>quo</strong></span> <span class='ocrx_word' id='word_1_527' title='bbox 3095 2587 3203 2626; x_wconf 90' lang='lat' dir='ltr'><strong>non</strong></span> <span class='ocrx_word' id='word_1_528' title='bbox 3231 2588 3483 2628; x_wconf 79' lang='lat' dir='ltr'><strong>carrum-</strong></span> 
     </span>
    </p>
   </div>
   <div class='ocr_carea' id='block_1_70' title="bbox 1894 2662 3487 2736">
    <p class='ocr_par' dir='ltr' id='par_1_70' title="bbox 1894 2662 3487 2736">
     <span class='ocr_line' id='line_1_70' title="bbox 1894 2662 3487 2736; baseline 0.003 -20"><span class='ocrx_word' id='word_1_529' title='bbox 1894 2663 2042 2734; x_wconf 89' lang='lat' dir='ltr'><strong>pitur</strong></span> <span class='ocrx_word' id='word_1_530' title='bbox 2075 2662 2199 2717; x_wconf 86' lang='lat' dir='ltr'><strong>ﬁdei</strong></span> <span class='ocrx_word' id='word_1_531' title='bbox 2228 2663 2393 2730; x_wconf 53' lang='lat' dir='ltr'><strong>{ratio</strong></span> <span class='ocrx_word' id='word_1_532' title='bbox 2432 2663 2599 2717; x_wconf 83' lang='lat' dir='ltr'><strong>salvis</strong></span> <span class='ocrx_word' id='word_1_533' title='bbox 2628 2662 2935 2717; x_wconf 88' lang='lat' dir='ltr'><strong>adinvicem</strong></span> <span class='ocrx_word' id='word_1_534' title='bbox 2973 2665 3159 2734; x_wconf 88' lang='lat' dir='ltr'><strong>utique</strong></span> <span class='ocrx_word' id='word_1_535' title='bbox 3183 2666 3487 2736; x_wconf 83' lang='lat' dir='ltr'><strong>proprieta-</strong></span> 
     </span>
    </p>
   </div>
   <div class='ocr_carea' id='block_1_71' title="bbox 1899 2756 3489 2831">
    <p class='ocr_par' dir='ltr' id='par_1_71' title="bbox 1899 2756 3489 2831">
     <span class='ocr_line' id='line_1_71' title="bbox 1899 2756 3489 2831; baseline 0.003 -22"><span class='ocrx_word' id='word_1_536' title='bbox 1899 2756 2045 2811; x_wconf 89' lang='lat' dir='ltr'><strong>tibus</strong></span> <span class='ocrx_word' id='word_1_537' title='bbox 2099 2757 2304 2826; x_wconf 88' lang='lat' dir='ltr'><strong>pariter</strong></span> <span class='ocrx_word' id='word_1_538' title='bbox 2352 2765 2518 2827; x_wconf 88' lang='lat' dir='ltr'><strong>atque</strong></span> <span class='ocrx_word' id='word_1_539' title='bbox 2566 2756 2868 2831; x_wconf 69' lang='lat' dir='ltr'><strong>aequaliter.</strong></span> <span class='ocrx_word' id='word_1_540' title='bbox 2915 2778 2934 2808; x_wconf 73' lang='grc' dir='ltr'><strong>ι</strong></span> <span class='ocrx_word' id='word_1_541' title='bbox 2974 2756 3109 2812; x_wconf 88' lang='lat' dir='ltr'><strong>Cum</strong></span> <span class='ocrx_word' id='word_1_542' title='bbox 3173 2758 3257 2813; x_wconf 91' lang='lat' dir='ltr'><strong>his</strong></span> <span class='ocrx_word' id='word_1_543' title='bbox 3301 2768 3489 2821; x_wconf 81' lang='lat' dir='ltr'><strong>autem</strong></span> 
     </span>
    </p>
   </div>
   <div class='ocr_carea' id='block_1_72' title="bbox 1895 2849 3493 2920">
    <p class='ocr_par' dir='ltr' id='par_1_72' title="bbox 1895 2849 3493 2920">
     <span class='ocr_line' id='line_1_72' title="bbox 1895 2849 3493 2920; baseline 0.004 -17"><span class='ocrx_word' id='word_1_544' title='bbox 1895 2865 1960 2903; x_wconf 89' lang='lat' dir='ltr'><strong>ea</strong></span> <span class='ocrx_word' id='word_1_545' title='bbox 1985 2850 2135 2920; x_wconf 86' lang='lat' dir='ltr'><strong>jungi</strong></span> <span class='ocrx_word' id='word_1_546' title='bbox 2185 2850 2409 2915; x_wconf 89' lang='lat' dir='ltr'><strong>debent,</strong></span> <span class='ocrx_word' id='word_1_547' title='bbox 2458 2866 2579 2919; x_wconf 81' lang='lat' dir='ltr'><strong>quae</strong></span> <span class='ocrx_word' id='word_1_548' title='bbox 2632 2849 2775 2911; x_wconf 91' lang='lat' dir='ltr'><strong>idem</strong></span> <span class='ocrx_word' id='word_1_549' title='bbox 2810 2859 3002 2905; x_wconf 84' lang='lat' dir='ltr'><strong>auctor</strong></span> <span class='ocrx_word' id='word_1_550' title='bbox 3042 2852 3109 2907; x_wconf 89' lang='lat' dir='ltr'><strong>ad</strong></span> <span class='ocrx_word' id='word_1_551' title='bbox 3145 2852 3352 2908; x_wconf 86' lang='lat' dir='ltr'><strong>Nicolai</strong></span> <span class='ocrx_word' id='word_1_552' title='bbox 3380 2852 3493 2909; x_wconf 77' lang='lat' dir='ltr'><strong>Me-</strong></span> 
     </span>
    </p>
   </div>
   <div class='ocr_carea' id='block_1_73' title="bbox 1900 2941 3489 3013">
    <p class='ocr_par' dir='ltr' id='par_1_73' title="bbox 1900 2941 3489 3013">
     <span class='ocr_line' id='line_1_73' title="bbox 1900 2941 3489 3013; baseline 0.002 -18"><span class='ocrx_word' id='word_1_553' title='bbox 1900 2941 2185 2995; x_wconf 89' lang='lat' dir='ltr'><strong>thonensis</strong></span> <span class='ocrx_word' id='word_1_554' title='bbox 2229 2941 2476 3010; x_wconf 86' lang='lat' dir='ltr'><strong>ejusdem</strong></span> <span class='ocrx_word' id='word_1_555' title='bbox 2532 2941 2751 3012; x_wconf 85' lang='lat' dir='ltr'><strong>generis</strong></span> <span class='ocrx_word' id='word_1_556' title='bbox 2799 2953 3119 3013; x_wconf 82' lang='lat' dir='ltr'><strong>argumenta</strong></span> <span class='ocrx_word' id='word_1_557' title='bbox 3180 2942 3304 3011; x_wconf 91' lang='lat' dir='ltr'><strong>(Ph.</strong></span> <span class='ocrx_word' id='word_1_558' title='bbox 3352 2959 3402 2997; x_wconf 93' lang='lat' dir='ltr'><strong>c.</strong></span> <span class='ocrx_word' id='word_1_559' title='bbox 3433 2945 3489 3006; x_wconf 89' lang='grc'><strong>5.</strong></span> 
     </span>
    </p>
   </div>
   <div class='ocr_carea' id='block_1_74' title="bbox 1900 3034 3491 3108">
    <p class='ocr_par' dir='ltr' id='par_1_74' title="bbox 1900 3034 3491 3108">
     <span class='ocr_line' id='line_1_74' title="bbox 1900 3034 3491 3108; baseline 0.001 -17"><span class='ocrx_word' id='word_1_560' title='bbox 1900 3046 2027 3092; x_wconf 87' lang='lat' dir='ltr'><strong>nota</strong></span> <span class='ocrx_word' id='word_1_561' title='bbox 2055 3037 2108 3106; x_wconf 83' lang='lat'><strong>9)</strong></span> <span class='ocrx_word' id='word_1_562' title='bbox 2139 3038 2249 3108; x_wconf 88' lang='lat' dir='ltr'><strong>jam</strong></span> <span class='ocrx_word' id='word_1_563' title='bbox 2294 3038 2446 3107; x_wconf 91' lang='lat' dir='ltr'><strong>prius</strong></span> <span class='ocrx_word' id='word_1_564' title='bbox 2497 3037 2879 3107; x_wconf 86' lang='lat' dir='ltr'><strong>responderat.</strong></span> <span class='ocrx_word' id='word_1_565' title='bbox 2919 3034 3270 3092; x_wconf 80' lang='lat' dir='ltr'><strong>Metbouensi</strong></span> <span class='ocrx_word' id='word_1_566' title='bbox 3303 3037 3491 3107; x_wconf 86' lang='lat' dir='ltr'><strong>itaque</strong></span> 
     </span>
    </p>
   </div>
   <div class='ocr_carea' id='block_1_75' title="bbox 1900 3130 3493 3202">
    <p class='ocr_par' dir='ltr' id='par_1_75' title="bbox 1900 3130 3493 3202">
     <span class='ocr_line' id='line_1_75' title="bbox 1900 3130 3493 3202; baseline -0.001 -16"><span class='ocrx_word' id='word_1_567' title='bbox 1900 3132 1972 3202; x_wconf 89' lang='lat' dir='ltr'><strong>(c.</strong></span> <span class='ocrx_word' id='word_1_568' title='bbox 2011 3132 2064 3201; x_wconf 85' lang='lat'><strong>5)</strong></span> <span class='ocrx_word' id='word_1_569' title='bbox 2116 3134 2385 3202; x_wconf 89' lang='lat' dir='ltr'><strong>arguenti,</strong></span> <span class='ocrx_word' id='word_1_570' title='bbox 2433 3130 2487 3184; x_wconf 93' lang='lat' dir='ltr'><strong>in</strong></span> <span class='ocrx_word' id='word_1_571' title='bbox 2536 3130 2853 3186; x_wconf 85' lang='lat' dir='ltr'><strong>Latinorum</strong></span> <span class='ocrx_word' id='word_1_572' title='bbox 2897 3131 3143 3186; x_wconf 88' lang='lat' dir='ltr'><strong>doctrina</strong></span> <span class='ocrx_word' id='word_1_573' title='bbox 3185 3131 3493 3185; x_wconf 88' lang='lat' dir='ltr'><strong>conceden-</strong></span> 
     </span>
    </p>
   </div>
   <div class='ocr_carea' id='block_1_76' title="bbox 1902 3222 3493 3295">
    <p class='ocr_par' dir='ltr' id='par_1_76' title="bbox 1902 3222 3493 3295">
     <span class='ocr_line' id='line_1_76' title="bbox 1902 3222 3493 3295; baseline -0.003 -15"><span class='ocrx_word' id='word_1_574' title='bbox 1902 3226 2033 3281; x_wconf 89' lang='lat' dir='ltr'><strong>dum</strong></span> <span class='ocrx_word' id='word_1_575' title='bbox 2059 3224 2299 3284; x_wconf 85' lang='lat' dir='ltr'><strong>.-omniuo</strong></span> <span class='ocrx_word' id='word_1_576' title='bbox 2350 3240 2490 3289; x_wconf 88' lang='lat' dir='ltr'><strong>esse,</strong></span> <span class='ocrx_word' id='word_1_577' title='bbox 2531 3232 2589 3278; x_wconf 86' lang='lat' dir='ltr'><strong>et</strong></span> <span class='ocrx_word' id='word_1_578' title='bbox 2618 3222 2818 3279; x_wconf 89' lang='lat' dir='ltr'><strong>Filium</strong></span> <span class='ocrx_word' id='word_1_579' title='bbox 2852 3240 2919 3279; x_wconf 79' lang='lat' dir='ltr'><strong>ex</strong></span> <span class='ocrx_word' id='word_1_580' title='bbox 2964 3224 3172 3294; x_wconf 89' lang='lat' dir='ltr'><strong>Spiritu</strong></span> <span class='ocrx_word' id='word_1_581' title='bbox 3218 3224 3493 3295; x_wconf 82' lang='lat' dir='ltr'><strong>generari,</strong></span> 
     </span>
    </p>
   </div>
   <div class='ocr_carea' id='block_1_77' title="bbox 1904 3316 3495 3387">
    <p class='ocr_par' dir='ltr' id='par_1_77' title="bbox 1904 3316 3495 3387">
     <span class='ocr_line' id='line_1_77' title="bbox 1904 3316 3495 3387; baseline -0.001 -14"><span class='ocrx_word' id='word_1_582' title='bbox 1904 3320 2047 3373; x_wconf 87' lang='lat' dir='ltr'><strong>sicut</strong></span> <span class='ocrx_word' id='word_1_583' title='bbox 2074 3334 2137 3371; x_wconf 82' lang='lat' dir='ltr'><strong>ex</strong></span> <span class='ocrx_word' id='word_1_584' title='bbox 2168 3318 2347 3381; x_wconf 87' lang='lat' dir='ltr'><strong>Patre,</strong></span> <span class='ocrx_word' id='word_1_585' title='bbox 2371 3318 2498 3387; x_wconf 90' lang='lat' dir='ltr'><strong>quia</strong></span> <span class='ocrx_word' id='word_1_586' title='bbox 2530 3316 2693 3371; x_wconf 87' lang='lat' dir='ltr'><strong>Pater</strong></span> <span class='ocrx_word' id='word_1_587' title='bbox 2723 3325 2778 3372; x_wconf 90' lang='lat' dir='ltr'><strong>et</strong></span> <span class='ocrx_word' id='word_1_588' title='bbox 2826 3316 3068 3387; x_wconf 89' lang='lat' dir='ltr'><strong>Spiritus</strong></span> <span class='ocrx_word' id='word_1_589' title='bbox 3119 3317 3229 3371; x_wconf 87' lang='lat' dir='ltr'><strong>sint</strong></span> <span class='ocrx_word' id='word_1_590' title='bbox 3254 3317 3495 3371; x_wconf 89' lang='lat' dir='ltr'><strong>consub-</strong></span> 
     </span>
    </p>
   </div>
   <div class='ocr_carea' id='block_1_78' title="bbox 1903 3407 3496 3470">
    <p class='ocr_par' dir='ltr' id='par_1_78' title="bbox 1903 3407 3496 3470">
     <span class='ocr_line' id='line_1_78' title="bbox 1903 3407 3496 3470; baseline -0.001 -7"><span class='ocrx_word' id='word_1_591' title='bbox 1903 3410 2205 3470; x_wconf 85' lang='lat' dir='ltr'><strong>stantiales.</strong></span> <span class='ocrx_word' id='word_1_592' title='bbox 2274 3409 2383 3463; x_wconf 87' lang='lat' dir='ltr'><strong>nisi</strong></span> <span class='ocrx_word' id='word_1_593' title='bbox 2412 3409 2466 3462; x_wconf 92' lang='lat' dir='ltr'><strong>in</strong></span> <span class='ocrx_word' id='word_1_594' title='bbox 2512 3407 2817 3463; x_wconf 81' lang='lat' dir='ltr'><strong>Macedonii</strong></span> <span class='ocrx_word' id='word_1_595' title='bbox 2856 3408 3088 3462; x_wconf 67' lang='lat' dir='ltr'><strong>haeresin</strong></span> <span class='ocrx_word' id='word_1_596' title='bbox 3124 3408 3369 3463; x_wconf 89' lang='lat' dir='ltr'><strong>incidere</strong></span> <span class='ocrx_word' id='word_1_597' title='bbox 3401 3424 3496 3461; x_wconf 89' lang='lat' dir='ltr'><strong>ve-</strong></span> 
     </span>
    </p>
   </div>
   <div class='ocr_carea' id='block_1_79' title="bbox 1905 3498 3495 3572">
    <p class='ocr_par' dir='ltr' id='par_1_79' title="bbox 1905 3498 3495 3572">
     <span class='ocr_line' id='line_1_79' title="bbox 1905 3498 3495 3572; baseline -0.001 -17"><span class='ocrx_word' id='word_1_598' title='bbox 1905 3501 2087 3567; x_wconf 89' lang='lat' dir='ltr'><strong>limus,</strong></span> <span class='ocrx_word' id='word_1_599' title='bbox 2135 3499 2289 3571; x_wconf 84' lang='lat' dir='ltr'><strong>Hugo</strong></span> <span class='ocrx_word' id='word_1_600' title='bbox 2322 3500 2380 3572; x_wconf 93' lang='lat' dir='ltr'><strong>(l.</strong></span> <span class='ocrx_word' id='word_1_601' title='bbox 2408 3515 2468 3564; x_wconf 91' lang='grc' dir='ltr'><strong>ιι,</strong></span> <span class='ocrx_word' id='word_1_602' title='bbox 2503 3514 2557 3557; x_wconf 76' lang='lat' dir='ltr'><strong>c.</strong></span> <span class='ocrx_word' id='word_1_603' title='bbox 2591 3500 2679 3564; x_wconf 83' lang='grc'>18,</span> <span class='ocrx_word' id='word_1_604' title='bbox 2721 3515 2776 3569; x_wconf 93' lang='lat' dir='ltr'><strong>p.</strong></span> <span class='ocrx_word' id='word_1_605' title='bbox 2806 3498 2945 3553; x_wconf 82' lang='grc'>1212</span> <span class='ocrx_word' id='word_1_606' title='bbox 2973 3498 3038 3562; x_wconf 91' lang='lat' dir='ltr'><strong>D,</strong></span> <span class='ocrx_word' id='word_1_607' title='bbox 3074 3498 3158 3567; x_wconf 84' lang='grc' dir='ltr'><strong>Ε).</strong></span> <span class='ocrx_word' id='word_1_608' title='bbox 3198 3500 3271 3553; x_wconf 89' lang='lat' dir='ltr'><strong>ita</strong></span> <span class='ocrx_word' id='word_1_609' title='bbox 3296 3515 3495 3553; x_wconf 82' lang='lat' dir='ltr'><strong>occur-</strong></span> 
     </span>
    </p>
   </div>
   <div class='ocr_carea' id='block_1_80' title="bbox 1907 3591 3498 3662">
    <p class='ocr_par' dir='ltr' id='par_1_80' title="bbox 1907 3591 3498 3662">
     <span class='ocr_line' id='line_1_80' title="bbox 1907 3591 3498 3662; baseline -0.003 -14"><span class='ocrx_word' id='word_1_610' title='bbox 1907 3593 1978 3648; x_wconf 86' lang='lat' dir='ltr'><strong>rit</strong></span> <span class='ocrx_word' id='word_1_611' title='bbox 2011 3612 2024 3647; x_wconf 93' lang='lat'><strong>:</strong></span> <span class='ocrx_word' id='word_1_612' title='bbox 2055 3612 2073 3644; x_wconf 76' lang='grc' dir='ltr'><strong>ι</strong></span> <span class='ocrx_word' id='word_1_613' title='bbox 2107 3592 2178 3648; x_wconf 86' lang='lat' dir='ltr'><strong>At</strong></span> <span class='ocrx_word' id='word_1_614' title='bbox 2206 3592 2295 3647; x_wconf 90' lang='lat' dir='ltr'><strong>hic</strong></span> <span class='ocrx_word' id='word_1_615' title='bbox 2321 3592 2543 3662; x_wconf 88' lang='lat' dir='ltr'><strong>quidem</strong></span> <span class='ocrx_word' id='word_1_616' title='bbox 2571 3592 2656 3646; x_wconf 88' lang='lat' dir='ltr'><strong>vir</strong></span> <span class='ocrx_word' id='word_1_617' title='bbox 2683 3591 2893 3647; x_wconf 81' lang='lat' dir='ltr'><strong>veritati</strong></span> <span class='ocrx_word' id='word_1_618' title='bbox 2942 3591 3166 3645; x_wconf 85' lang='lat' dir='ltr'><strong>minime</strong></span> <span class='ocrx_word' id='word_1_619' title='bbox 3194 3592 3498 3661; x_wconf 82' lang='lat' dir='ltr'><strong>appropin-</strong></span> 
     </span>
    </p>
   </div>
   <div class='ocr_carea' id='block_1_81' title="bbox 1909 3680 3497 3756">
    <p class='ocr_par' dir='ltr' id='par_1_81' title="bbox 1909 3680 3497 3756">
     <span class='ocr_line' id='line_1_81' title="bbox 1909 3680 3497 3756; baseline -0.003 -16"><span class='ocrx_word' id='word_1_620' title='bbox 1909 3696 2060 3756; x_wconf 89' lang='lat' dir='ltr'><strong>quat.</strong></span> <span class='ocrx_word' id='word_1_621' title='bbox 2090 3685 2268 3740; x_wconf 88' lang='lat' dir='ltr'><strong>Latini</strong></span> <span class='ocrx_word' id='word_1_622' title='bbox 2320 3686 2525 3756; x_wconf 88' lang='lat' dir='ltr'><strong>quippe</strong></span> <span class='ocrx_word' id='word_1_623' title='bbox 2574 3700 2684 3739; x_wconf 91' lang='lat' dir='ltr'><strong>non</strong></span> <span class='ocrx_word' id='word_1_624' title='bbox 2723 3684 2846 3739; x_wconf 91' lang='lat' dir='ltr'><strong>ideo</strong></span> <span class='ocrx_word' id='word_1_625' title='bbox 2879 3683 3072 3738; x_wconf 89' lang='lat' dir='ltr'><strong>dicunt</strong></span> <span class='ocrx_word' id='word_1_626' title='bbox 3137 3680 3403 3751; x_wconf 87' lang='lat' dir='ltr'><strong>Spiritum</strong></span> <span class='ocrx_word' id='word_1_627' title='bbox 3431 3696 3497 3736; x_wconf 79' lang='lat' dir='ltr'><strong>ex</strong></span> 
     </span>
    </p>
   </div>
   <div class='ocr_carea' id='block_1_82' title="bbox 1912 3773 3499 3848">
    <p class='ocr_par' dir='ltr' id='par_1_82' title="bbox 1912 3773 3499 3848">
     <span class='ocr_line' id='line_1_82' title="bbox 1912 3773 3499 3848; baseline -0.003 -16"><span class='ocrx_word' id='word_1_628' title='bbox 1912 3777 2049 3833; x_wconf 85' lang='lat' dir='ltr'><strong>Filio</strong></span> <span class='ocrx_word' id='word_1_629' title='bbox 2103 3778 2245 3843; x_wconf 89' lang='lat' dir='ltr'><strong>esse,</strong></span> <span class='ocrx_word' id='word_1_630' title='bbox 2304 3777 2451 3848; x_wconf 91' lang='lat' dir='ltr'><strong>quod</strong></span> <span class='ocrx_word' id='word_1_631' title='bbox 2517 3775 2681 3831; x_wconf 90' lang='lat' dir='ltr'><strong>Pater</strong></span> <span class='ocrx_word' id='word_1_632' title='bbox 2728 3785 2784 3831; x_wconf 92' lang='lat' dir='ltr'><strong>et</strong></span> <span class='ocrx_word' id='word_1_633' title='bbox 2818 3775 2991 3830; x_wconf 89' lang='lat' dir='ltr'><strong>Filius</strong></span> <span class='ocrx_word' id='word_1_634' title='bbox 3034 3790 3176 3830; x_wconf 89' lang='lat' dir='ltr'><strong>unus</strong></span> <span class='ocrx_word' id='word_1_635' title='bbox 3206 3773 3349 3829; x_wconf 89' lang='lat' dir='ltr'><strong>Deus</strong></span> <span class='ocrx_word' id='word_1_636' title='bbox 3388 3773 3499 3828; x_wconf 88' lang='lat' dir='ltr'><strong>sint</strong></span> 
     </span>
    </p>
   </div>
   <div class='ocr_carea' id='block_1_83' title="bbox 1916 3866 3500 3942">
    <p class='ocr_par' dir='ltr' id='par_1_83' title="bbox 1916 3866 3500 3942">
     <span class='ocr_line' id='line_1_83' title="bbox 1916 3866 3500 3942; baseline -0.004 -16"><span class='ocrx_word' id='word_1_637' title='bbox 1916 3870 2014 3942; x_wconf 87' lang='lat' dir='ltr'><strong>(sc.</strong></span> <span class='ocrx_word' id='word_1_638' title='bbox 2047 3870 2094 3926; x_wconf 89' lang='lat' dir='ltr'><strong>si</strong></span> <span class='ocrx_word' id='word_1_639' title='bbox 2125 3870 2179 3926; x_wconf 92' lang='lat' dir='ltr'><strong>id</strong></span> <span class='ocrx_word' id='word_1_640' title='bbox 2200 3870 2322 3924; x_wconf 87' lang='lat' dir='ltr'><strong>sine</strong></span> <span class='ocrx_word' id='word_1_641' title='bbox 2354 3869 2467 3923; x_wconf 92' lang='lat' dir='ltr'><strong>ullo</strong></span> <span class='ocrx_word' id='word_1_642' title='bbox 2494 3869 2602 3925; x_wconf 83' lang='lat' dir='ltr'><strong>alio</strong></span> <span class='ocrx_word' id='word_1_643' title='bbox 2645 3878 2902 3938; x_wconf 85' lang='lat' dir='ltr'><strong>respectu</strong></span> <span class='ocrx_word' id='word_1_644' title='bbox 2934 3884 3026 3939; x_wconf 88' lang='lat' dir='ltr'><strong>per</strong></span> <span class='ocrx_word' id='word_1_645' title='bbox 3054 3884 3107 3922; x_wconf 79' lang='lat' dir='ltr'><strong>se</strong></span> <span class='ocrx_word' id='word_1_646' title='bbox 3141 3875 3204 3921; x_wconf 92' lang='lat' dir='ltr'><strong>ut</strong></span> <span class='ocrx_word' id='word_1_647' title='bbox 3233 3866 3372 3920; x_wconf 91' lang='lat' dir='ltr'><strong>ratio</strong></span> <span class='ocrx_word' id='word_1_648' title='bbox 3400 3866 3500 3919; x_wconf 78' lang='lat' dir='ltr'><strong>ha-</strong></span> 
     </span>
    </p>
   </div>
   <div class='ocr_carea' id='block_1_84' title="bbox 1912 3955 3499 4028">
    <p class='ocr_par' dir='ltr' id='par_1_84' title="bbox 1912 3955 3499 4028">
     <span class='ocr_line' id='line_1_84' title="bbox 1912 3955 3499 4028; baseline -0.003 -14"><span class='ocrx_word' id='word_1_649' title='bbox 1912 3958 2120 4027; x_wconf 86' lang='lat' dir='ltr'><strong>betur),</strong></span> <span class='ocrx_word' id='word_1_650' title='bbox 2173 3973 2279 4012; x_wconf 85' lang='lat' dir='ltr'><strong>nec</strong></span> <span class='ocrx_word' id='word_1_651' title='bbox 2307 3972 2403 4028; x_wconf 90' lang='lat' dir='ltr'><strong>per</strong></span> <span class='ocrx_word' id='word_1_652' title='bbox 2435 3957 2672 4028; x_wconf 89' lang='lat' dir='ltr'><strong>aliquam</strong></span> <span class='ocrx_word' id='word_1_653' title='bbox 2696 3958 2802 4012; x_wconf 89' lang='lat' dir='ltr'><strong>hoc</strong></span> <span class='ocrx_word' id='word_1_654' title='bbox 2840 3957 3024 4012; x_wconf 90' lang='lat' dir='ltr'><strong>dicere</strong></span> <span class='ocrx_word' id='word_1_655' title='bbox 3064 3955 3499 4027; x_wconf 89' lang='lat' dir='ltr'><strong>disputationem</strong></span> 
     </span>
    </p>
   </div>
   <div class='ocr_carea' id='block_1_85' title="bbox 1914 4047 3502 4121">
    <p class='ocr_par' dir='ltr' id='par_1_85' title="bbox 1914 4047 3502 4121">
     <span class='ocr_line' id='line_1_85' title="bbox 1914 4047 3502 4121; baseline -0.001 -16"><span class='ocrx_word' id='word_1_656' title='bbox 1914 4051 2087 4106; x_wconf 88' lang='lat' dir='ltr'><strong>coacti</strong></span> <span class='ocrx_word' id='word_1_657' title='bbox 2134 4059 2304 4115; x_wconf 90' lang='lat' dir='ltr'><strong>sunt;</strong></span> <span class='ocrx_word' id='word_1_658' title='bbox 2358 4051 2452 4107; x_wconf 91' lang='lat' dir='ltr'><strong>sed</strong></span> <span class='ocrx_word' id='word_1_659' title='bbox 2498 4059 2787 4121; x_wconf 84' lang='lat' dir='ltr'><strong>prepterea</strong></span> <span class='ocrx_word' id='word_1_660' title='bbox 2832 4066 2902 4106; x_wconf 78' lang='lat' dir='ltr'><strong>ex</strong></span> <span class='ocrx_word' id='word_1_661' title='bbox 2954 4059 3191 4120; x_wconf 89' lang='lat' dir='ltr'><strong>utroque</strong></span> <span class='ocrx_word' id='word_1_662' title='bbox 3237 4047 3502 4119; x_wconf 89' lang='lat' dir='ltr'><strong>Spiritum</strong></span> 
     </span>
    </p>
   </div>
   <div class='ocr_carea' id='block_1_86' title="bbox 1917 4141 3506 4216">
    <p class='ocr_par' dir='ltr' id='par_1_86' title="bbox 1917 4141 3506 4216">
     <span class='ocr_line' id='line_1_86' title="bbox 1917 4141 3506 4216; baseline -0.001 -17"><span class='ocrx_word' id='word_1_663' title='bbox 1917 4145 2217 4216; x_wconf 89' lang='lat' dir='ltr'><strong>procedere</strong></span> <span class='ocrx_word' id='word_1_664' title='bbox 2254 4144 2514 4205; x_wconf 80' lang='lat' dir='ltr'><strong>fatentur,</strong></span> <span class='ocrx_word' id='word_1_665' title='bbox 2542 4145 2669 4214; x_wconf 88' lang='lat' dir='ltr'><strong>quia</strong></span> <span class='ocrx_word' id='word_1_666' title='bbox 2699 4143 2980 4214; x_wconf 76' lang='lat' dir='ltr'><strong>zequaliter</strong></span> <span class='ocrx_word' id='word_1_667' title='bbox 3012 4142 3133 4198; x_wconf 87' lang='lat' dir='ltr'><strong>Filii</strong></span> <span class='ocrx_word' id='word_1_668' title='bbox 3152 4151 3316 4213; x_wconf 87' lang='lat' dir='ltr'><strong>atque</strong></span> <span class='ocrx_word' id='word_1_669' title='bbox 3334 4141 3506 4197; x_wconf 84' lang='lat' dir='ltr'><strong>Patris</strong></span> 
     </span>
    </p>
   </div>
   <div class='ocr_carea' id='block_1_87' title="bbox 1918 4235 3507 4306">
    <p class='ocr_par' dir='ltr' id='par_1_87' title="bbox 1918 4235 3507 4306">
     <span class='ocr_line' id='line_1_87' title="bbox 1918 4235 3507 4306; baseline -0.003 -12"><span class='ocrx_word' id='word_1_670' title='bbox 1918 4237 2266 4305; x_wconf 84' lang='lat' dir='ltr'><strong>exsistit,non</strong></span> <span class='ocrx_word' id='word_1_671' title='bbox 2278 4235 2641 4301; x_wconf 89' lang='lat' dir='ltr'><strong>condibiliter,</strong></span> <span class='ocrx_word' id='word_1_672' title='bbox 2662 4250 2770 4291; x_wconf 82' lang='lat' dir='ltr'><strong>non</strong></span> <span class='ocrx_word' id='word_1_673' title='bbox 2788 4235 3142 4301; x_wconf 90' lang='lat' dir='ltr'><strong>nascibiliter,</strong></span> <span class='ocrx_word' id='word_1_674' title='bbox 3161 4250 3271 4290; x_wconf 89' lang='lat' dir='ltr'><strong>non</strong></span> <span class='ocrx_word' id='word_1_675' title='bbox 3289 4249 3507 4306; x_wconf 81' lang='lat' dir='ltr'><strong>posses-</strong></span> 
     </span>
    </p>
   </div>
   <div class='ocr_carea' id='block_1_88' title="bbox 1920 4327 3510 4397">
    <p class='ocr_par' dir='ltr' id='par_1_88' title="bbox 1920 4327 3510 4397">
     <span class='ocr_line' id='line_1_88' title="bbox 1920 4327 3510 4397; baseline -0.002 -14"><span class='ocrx_word' id='word_1_676' title='bbox 1920 4327 2056 4393; x_wconf 90' lang='lat' dir='ltr'><strong>sive,</strong></span> <span class='ocrx_word' id='word_1_677' title='bbox 2078 4328 2175 4383; x_wconf 91' lang='lat' dir='ltr'><strong>sed</strong></span> <span class='ocrx_word' id='word_1_678' title='bbox 2197 4328 2444 4382; x_wconf 90' lang='lat' dir='ltr'><strong>similiter</strong></span> <span class='ocrx_word' id='word_1_679' title='bbox 2468 4328 2752 4382; x_wconf 88' lang='lat' dir='ltr'><strong>amborum</strong></span> <span class='ocrx_word' id='word_1_680' title='bbox 2779 4337 2885 4390; x_wconf 87' lang='lat' dir='ltr'><strong>est,</strong></span> <span class='ocrx_word' id='word_1_681' title='bbox 2911 4342 3254 4397; x_wconf 88' lang='lat' dir='ltr'><strong>nequaquam</strong></span> <span class='ocrx_word' id='word_1_682' title='bbox 3277 4337 3335 4380; x_wconf 94' lang='lat' dir='ltr'><strong>ut</strong></span> <span class='ocrx_word' id='word_1_683' title='bbox 3356 4336 3510 4380; x_wconf 89' lang='lat' dir='ltr'><strong>actus</strong></span> 
     </span>
    </p>
   </div>
   <div class='ocr_carea' id='block_1_89' title="bbox 1920 4417 3509 4489">
    <p class='ocr_par' dir='ltr' id='par_1_89' title="bbox 1920 4417 3509 4489">
     <span class='ocr_line' id='line_1_89' title="bbox 1920 4417 3509 4489; baseline -0.002 -15"><span class='ocrx_word' id='word_1_684' title='bbox 1920 4426 1978 4474; x_wconf 89' lang='lat' dir='ltr'><strong>et</strong></span> <span class='ocrx_word' id='word_1_685' title='bbox 1998 4433 2137 4489; x_wconf 86' lang='lat' dir='ltr'><strong>opus</strong></span> <span class='ocrx_word' id='word_1_686' title='bbox 2170 4426 2253 4472; x_wconf 88' lang='lat' dir='ltr'><strong>est</strong></span> <span class='ocrx_word' id='word_1_687' title='bbox 2282 4418 2541 4484; x_wconf 90' lang='lat' dir='ltr'><strong>hominis,</strong></span> <span class='ocrx_word' id='word_1_688' title='bbox 2574 4418 2669 4473; x_wconf 87' lang='lat' dir='ltr'><strong>sed</strong></span> <span class='ocrx_word' id='word_1_689' title='bbox 2697 4419 3097 4489; x_wconf 90' lang='lat' dir='ltr'><strong>quodammodo</strong></span> <span class='ocrx_word' id='word_1_690' title='bbox 3133 4426 3193 4473; x_wconf 93' lang='lat' dir='ltr'><strong>ut</strong></span> <span class='ocrx_word' id='word_1_691' title='bbox 3209 4417 3341 4472; x_wconf 88' lang='lat' dir='ltr'><strong>radii</strong></span> <span class='ocrx_word' id='word_1_692' title='bbox 3367 4418 3509 4471; x_wconf 89' lang='lat' dir='ltr'><strong>alma</strong></span> 
     </span>
    </p>
   </div>
   <div class='ocr_carea' id='block_1_90' title="bbox 1924 4507 3510 4581">
    <p class='ocr_par' dir='ltr' id='par_1_90' title="bbox 1924 4507 3510 4581">
     <span class='ocr_line' id='line_1_90' title="bbox 1924 4507 3510 4581; baseline -0.002 -16"><span class='ocrx_word' id='word_1_693' title='bbox 1924 4510 2019 4565; x_wconf 81' lang='lat' dir='ltr'><strong>lux</strong></span> <span class='ocrx_word' id='word_1_694' title='bbox 2051 4510 2266 4565; x_wconf 82' lang='lat' dir='ltr'><strong>exsistit</strong></span> <span class='ocrx_word' id='word_1_695' title='bbox 2298 4518 2354 4565; x_wconf 85' lang='lat' dir='ltr'><strong>et</strong></span> <span class='ocrx_word' id='word_1_696' title='bbox 2380 4509 2532 4565; x_wconf 90' lang='lat' dir='ltr'><strong>solis.</strong></span> <span class='ocrx_word' id='word_1_697' title='bbox 2572 4527 2591 4560; x_wconf 74' lang='grc' dir='ltr'><strong>ι</strong></span> <span class='ocrx_word' id='word_1_698' title='bbox 2626 4510 2695 4565; x_wconf 90' lang='lat' dir='ltr'><strong>Et</strong></span> <span class='ocrx_word' id='word_1_699' title='bbox 2743 4512 2904 4581; x_wconf 89' lang='lat' dir='ltr'><strong>paulo</strong></span> <span class='ocrx_word' id='word_1_700' title='bbox 2932 4520 3055 4581; x_wconf 91' lang='lat' dir='ltr'><strong>post</strong></span> <span class='ocrx_word' id='word_1_701' title='bbox 3096 4512 3274 4581; x_wconf 88' lang='lat' dir='ltr'><strong>pergit</strong></span> <span class='ocrx_word' id='word_1_702' title='bbox 3307 4528 3320 4564; x_wconf 90' lang='lat'><strong>:</strong></span> <span class='ocrx_word' id='word_1_703' title='bbox 3358 4527 3377 4560; x_wconf 79' lang='grc' dir='ltr'><strong>ι</strong></span> <span class='ocrx_word' id='word_1_704' title='bbox 3406 4507 3510 4579; x_wconf 82' lang='lat' dir='ltr'><strong>0p-</strong></span> 
     </span>
    </p>
   </div>
   <div class='ocr_carea' id='block_1_91' title="bbox 230 4600 3509 4679">
    <p class='ocr_par' dir='ltr' id='par_1_91' title="bbox 230 4600 3509 4679">
     <span class='ocr_line' id='line_1_91' title="bbox 230 4600 3509 4679; baseline 0.002 -27"><span class='ocrx_word' id='word_1_705' title='bbox 230 4600 296 4667; x_wconf 84' lang='grc'>2)</span> <span class='ocrx_word' id='word_1_706' title='bbox 322 4600 569 4670; x_wconf 88' lang='lat' dir='ltr'><strong>implicat</strong></span> <span class='ocrx_word' id='word_1_707' title='bbox 608 4604 1115 4671; x_wconf 88' lang='lat' dir='ltr'><strong>contradictionem,</strong></span> <span class='ocrx_word' id='word_1_708' title='bbox 1139 4604 1403 4675; x_wconf 85' lang='lat' dir='ltr'><strong>Spiritum</strong></span> <span class='ocrx_word' id='word_1_709' title='bbox 1443 4608 1512 4660; x_wconf 78' lang='lat' dir='ltr'><strong>ad</strong></span> <span class='ocrx_word' id='word_1_710' title='bbox 1550 4608 1686 4660; x_wconf 88' lang='lat' dir='ltr'><strong>idem</strong></span> <span class='ocrx_word' id='word_1_711' title='bbox 1726 4605 1825 4679; x_wconf 86' lang='lat' dir='ltr'><strong>(ad</strong></span> <span class='ocrx_word' id='word_1_712' title='bbox 1857 4615 1900 4670; x_wconf 82' lang='grc' dir='ltr'>ι)</span> <span class='ocrx_word' id='word_1_713' title='bbox 1932 4614 2098 4674; x_wconf 89' lang='lat' dir='ltr'><strong>ponet</strong></span> <span class='ocrx_word' id='word_1_714' title='bbox 2157 4611 2340 4656; x_wconf 88' lang='lat' dir='ltr'><strong>autem</strong></span> <span class='ocrx_word' id='word_1_715' title='bbox 2397 4602 2637 4672; x_wconf 89' lang='lat' dir='ltr'><strong>aliquis:</strong></span> <span class='ocrx_word' id='word_1_716' title='bbox 2682 4601 2917 4672; x_wconf 90' lang='lat' dir='ltr'><strong>Spiritus</strong></span> <span class='ocrx_word' id='word_1_717' title='bbox 2966 4618 3065 4673; x_wconf 89' lang='lat' dir='ltr'><strong>par</strong></span> <span class='ocrx_word' id='word_1_718' title='bbox 3118 4611 3206 4657; x_wconf 90' lang='lat' dir='ltr'><strong>est</strong></span> <span class='ocrx_word' id='word_1_719' title='bbox 3260 4616 3509 4672; x_wconf 73' lang='lat' dir='ltr'><strong>persona:</strong></span> 
     </span>
    </p>
   </div>
   <div class='ocr_carea' id='block_1_92' title="bbox 237 4689 1824 4769">
    <p class='ocr_par' dir='ltr' id='par_1_92' title="bbox 237 4689 1824 4769">
     <span class='ocr_line' id='line_1_92' title="bbox 237 4689 1824 4769; baseline 0.006 -26"><span class='ocrx_word' id='word_1_720' title='bbox 237 4689 476 4762; x_wconf 78' lang='lat' dir='ltr'><strong>Filium)</strong></span> <span class='ocrx_word' id='word_1_721' title='bbox 513 4708 634 4747; x_wconf 90' lang='lat' dir='ltr'><strong>esse</strong></span> <span class='ocrx_word' id='word_1_722' title='bbox 666 4694 827 4748; x_wconf 91' lang='lat' dir='ltr'><strong>simul</strong></span> <span class='ocrx_word' id='word_1_723' title='bbox 868 4696 1198 4766; x_wconf 88' lang='lat' dir='ltr'><strong>principium</strong></span> <span class='ocrx_word' id='word_1_724' title='bbox 1223 4707 1278 4751; x_wconf 88' lang='lat' dir='ltr'><strong>et</strong></span> <span class='ocrx_word' id='word_1_725' title='bbox 1315 4697 1699 4767; x_wconf 88' lang='lat' dir='ltr'><strong>priucipiatum</strong></span> <span class='ocrx_word' id='word_1_726' title='bbox 1723 4699 1824 4769; x_wconf 85' lang='grc'><strong>;5)</strong></span> 
     </span>
    </p>
   </div>
   <div class='ocr_carea' id='block_1_93' title="bbox 237 4783 1829 4857">
    <p class='ocr_par' dir='ltr' id='par_1_93' title="bbox 237 4783 1829 4857">
     <span class='ocr_line' id='line_1_93' title="bbox 237 4783 1829 4857; baseline 0.008 -21"><span class='ocrx_word' id='word_1_727' title='bbox 237 4783 524 4853; x_wconf 85' lang='lat' dir='ltr'><strong>generatio</strong></span> <span class='ocrx_word' id='word_1_728' title='bbox 567 4795 649 4840; x_wconf 87' lang='lat' dir='ltr'><strong>est</strong></span> <span class='ocrx_word' id='word_1_729' title='bbox 690 4787 864 4856; x_wconf 88' lang='lat' dir='ltr'><strong>prima</strong></span> <span class='ocrx_word' id='word_1_730' title='bbox 905 4797 960 4843; x_wconf 89' lang='lat' dir='ltr'><strong>et</strong></span> <span class='ocrx_word' id='word_1_731' title='bbox 1001 4789 1311 4845; x_wconf 89' lang='lat' dir='ltr'><strong>immediata</strong></span> <span class='ocrx_word' id='word_1_732' title='bbox 1355 4791 1529 4846; x_wconf 86' lang='lat' dir='ltr'><strong>Patris</strong></span> <span class='ocrx_word' id='word_1_733' title='bbox 1574 4793 1829 4857; x_wconf 78' lang='lat' dir='ltr'><strong>actio,et</strong></span> 
     </span>
    </p>
   </div>
   <div class='ocr_carea' id='block_1_94' title="bbox 239 4876 1829 4956">
    <p class='ocr_par' dir='ltr' id='par_1_94' title="bbox 239 4876 1829 4956">
     <span class='ocr_line' id='line_1_94' title="bbox 239 4876 1829 4956; baseline 0.008 -27"><span class='ocrx_word' id='word_1_734' title='bbox 239 4876 364 4931; x_wconf 86' lang='lat' dir='ltr'><strong>ideo</strong></span> <span class='ocrx_word' id='word_1_735' title='bbox 406 4893 515 4932; x_wconf 90' lang='lat' dir='ltr'><strong>nou</strong></span> <span class='ocrx_word' id='word_1_736' title='bbox 550 4888 731 4948; x_wconf 86' lang='lat' dir='ltr'><strong>potest</strong></span> <span class='ocrx_word' id='word_1_737' title='bbox 767 4890 1080 4951; x_wconf 81' lang='lat' dir='ltr'><strong>competere</strong></span> <span class='ocrx_word' id='word_1_738' title='bbox 1115 4882 1375 4954; x_wconf 87' lang='lat' dir='ltr'><strong>Spiritui,</strong></span> <span class='ocrx_word' id='word_1_739' title='bbox 1416 4886 1572 4951; x_wconf 86' lang='lat' dir='ltr'><strong>cujus</strong></span> <span class='ocrx_word' id='word_1_740' title='bbox 1600 4886 1829 4956; x_wconf 91' lang='lat' dir='ltr'><strong>spiratio</strong></span> 
     </span>
    </p>
   </div>
   <div class='ocr_carea' id='block_1_95' title="bbox 239 4971 951 5042">
    <p class='ocr_par' dir='ltr' id='par_1_95' title="bbox 239 4971 951 5042">
     <span class='ocr_line' id='line_1_95' title="bbox 239 4971 951 5042; baseline 0.006 -17"><span class='ocrx_word' id='word_1_741' title='bbox 239 4971 493 5039; x_wconf 84' lang='lat' dir='ltr'><strong>sequitur</strong></span> <span class='ocrx_word' id='word_1_742' title='bbox 518 4975 951 5042; x_wconf 88' lang='lat' dir='ltr'><strong>generationem.</strong></span> 
     </span>
    </p>
   </div>
   <div class='ocr_carea' id='block_1_96' title="bbox 308 5063 1827 5145">
    <p class='ocr_par' dir='ltr' id='par_1_96' title="bbox 308 5063 1827 5145">
     <span class='ocr_line' id='line_1_96' title="bbox 308 5063 1827 5145; baseline 0.008 -29"><span class='ocrx_word' id='word_1_743' title='bbox 308 5063 366 5117; x_wconf 85' lang='grc'>2.</span> <span class='ocrx_word' id='word_1_744' title='bbox 396 5064 473 5117; x_wconf 90' lang='lat' dir='ltr'><strong>De</strong></span> <span class='ocrx_word' id='word_1_745' title='bbox 502 5067 755 5134; x_wconf 59' lang='lat' dir='ltr'><strong>praisenti</strong></span> <span class='ocrx_word' id='word_1_746' title='bbox 799 5066 976 5123; x_wconf 90' lang='lat' dir='ltr'><strong>Photii</strong></span> <span class='ocrx_word' id='word_1_747' title='bbox 1006 5080 1325 5141; x_wconf 88' lang='lat' dir='ltr'><strong>argumento</strong></span> <span class='ocrx_word' id='word_1_748' title='bbox 1374 5071 1612 5127; x_wconf 88' lang='lat' dir='ltr'><strong>breviter</strong></span> <span class='ocrx_word' id='word_1_749' title='bbox 1642 5074 1751 5145; x_wconf 85' lang='lat' dir='ltr'><strong>agit</strong></span> <span class='ocrx_word' id='word_1_750' title='bbox 1776 5073 1827 5129; x_wconf 75' lang='grc'><strong>¹1.</strong></span> 
     </span>
    </p>
   </div>
   <div class='ocr_carea' id='block_1_97' title="bbox 243 5157 1827 5235">
    <p class='ocr_par' dir='ltr' id='par_1_97' title="bbox 243 5157 1827 5235">
     <span class='ocr_line' id='line_1_97' title="bbox 243 5157 1827 5235; baseline 0.008 -26"><span class='ocrx_word' id='word_1_751' title='bbox 243 5158 456 5211; x_wconf 71' lang='lat' dir='ltr'><strong>Beecus</strong></span> <span class='ocrx_word' id='word_1_752' title='bbox 498 5157 596 5229; x_wconf 79' lang='lat' dir='ltr'><strong>(De</strong></span> <span class='ocrx_word' id='word_1_753' title='bbox 623 5175 711 5213; x_wconf 85' lang='lat' dir='ltr'><strong>tm.</strong></span> <span class='ocrx_word' id='word_1_754' title='bbox 747 5159 892 5214; x_wconf 81' lang='lat' dir='ltr'><strong>Eccl.</strong></span> <span class='ocrx_word' id='word_1_755' title='bbox 949 5178 999 5215; x_wconf 91' lang='lat' dir='ltr'><strong>c.</strong></span> <span class='ocrx_word' id='word_1_756' title='bbox 1049 5162 1139 5228; x_wconf 77' lang='grc'>45,</span> <span class='ocrx_word' id='word_1_757' title='bbox 1170 5163 1277 5229; x_wconf 85' lang='grc'><strong>65;</strong></span> <span class='ocrx_word' id='word_1_758' title='bbox 1333 5164 1395 5221; x_wconf 84' lang='lat' dir='ltr'><strong>G.</strong></span> <span class='ocrx_word' id='word_1_759' title='bbox 1431 5162 1497 5217; x_wconf 92' lang='lat'><strong>0.</strong></span> <span class='ocrx_word' id='word_1_760' title='bbox 1528 5164 1584 5234; x_wconf 69' lang='grc' dir='ltr'><strong>ξΙ,</strong></span> <span class='ocrx_word' id='word_1_761' title='bbox 1614 5181 1671 5235; x_wconf 91' lang='lat' dir='ltr'><strong>p.</strong></span> <span class='ocrx_word' id='word_1_762' title='bbox 1704 5167 1827 5233; x_wconf 67' lang='grc'>166,</span> 
     </span>
    </p>
   </div>
   <div class='ocr_carea' id='block_1_98' title="bbox 244 5250 1830 5325">
    <p class='ocr_par' dir='ltr' id='par_1_98' title="bbox 244 5250 1830 5325">
     <span class='ocr_line' id='line_1_98' title="bbox 244 5250 1830 5325; baseline 0.006 -20"><span class='ocrx_word' id='word_1_763' title='bbox 244 5250 371 5315; x_wconf 84' lang='grc'>165,</span> <span class='ocrx_word' id='word_1_764' title='bbox 394 5250 545 5319; x_wconf 86' lang='grc'>206).</span> <span class='ocrx_word' id='word_1_765' title='bbox 566 5250 673 5307; x_wconf 91' lang='lat' dir='ltr'><strong>Sed</strong></span> <span class='ocrx_word' id='word_1_766' title='bbox 696 5262 917 5322; x_wconf 63' lang='lat' dir='ltr'><strong>praestat</strong></span> <span class='ocrx_word' id='word_1_767' title='bbox 935 5254 1215 5325; x_wconf 82' lang='lat' dir='ltr'><strong>ilugoncm</strong></span> <span class='ocrx_word' id='word_1_768' title='bbox 1239 5257 1594 5313; x_wconf 86' lang='lat' dir='ltr'><strong>Etherianum</strong></span> <span class='ocrx_word' id='word_1_769' title='bbox 1619 5259 1830 5323; x_wconf 78' lang='lat' dir='ltr'><strong>audire,</strong></span> 
     </span>
    </p>
   </div>
   <div class='ocr_carea' id='block_1_99' title="bbox 244 5342 1834 5421">
    <p class='ocr_par' dir='ltr' id='par_1_99' title="bbox 244 5342 1834 5421">
     <span class='ocr_line' id='line_1_99' title="bbox 244 5342 1834 5421; baseline 0.006 -25"><span class='ocrx_word' id='word_1_770' title='bbox 244 5343 407 5410; x_wconf 85' lang='lat' dir='ltr'><strong>cujus</strong></span> <span class='ocrx_word' id='word_1_771' title='bbox 451 5342 499 5397; x_wconf 90' lang='lat' dir='ltr'><strong>si</strong></span> <span class='ocrx_word' id='word_1_772' title='bbox 552 5358 663 5396; x_wconf 89' lang='lat' dir='ltr'><strong>non</strong></span> <span class='ocrx_word' id='word_1_773' title='bbox 711 5344 895 5398; x_wconf 89' lang='lat' dir='ltr'><strong>omnia</strong></span> <span class='ocrx_word' id='word_1_774' title='bbox 929 5346 1091 5415; x_wconf 89' lang='lat' dir='ltr'><strong>plane</strong></span> <span class='ocrx_word' id='word_1_775' title='bbox 1143 5348 1507 5414; x_wconf 81' lang='lat' dir='ltr'><strong>satisfaciunt,</strong></span> <span class='ocrx_word' id='word_1_776' title='bbox 1570 5351 1834 5421; x_wconf 89' lang='lat' dir='ltr'><strong>pleraque</strong></span> 
     </span>
    </p>
   </div>
   <div class='ocr_carea' id='block_1_100' title="bbox 246 5433 1834 5508">
    <p class='ocr_par' dir='ltr' id='par_1_100' title="bbox 246 5433 1834 5508">
     <span class='ocr_line' id='line_1_100' title="bbox 246 5433 1834 5508; baseline 0.007 -22"><span class='ocrx_word' id='word_1_777' title='bbox 246 5433 441 5487; x_wconf 87' lang='lat' dir='ltr'><strong>saltem</strong></span> <span class='ocrx_word' id='word_1_778' title='bbox 495 5434 656 5504; x_wconf 87' lang='lat' dir='ltr'><strong>digna</strong></span> <span class='ocrx_word' id='word_1_779' title='bbox 685 5444 813 5489; x_wconf 88' lang='lat' dir='ltr'><strong>sunt</strong></span> <span class='ocrx_word' id='word_1_780' title='bbox 848 5436 1223 5508; x_wconf 84' lang='lat' dir='ltr'><strong>theologorum</strong></span> <span class='ocrx_word' id='word_1_781' title='bbox 1260 5440 1701 5496; x_wconf 87' lang='lat' dir='ltr'><strong>consideratione</strong></span> <span class='ocrx_word' id='word_1_782' title='bbox 1732 5458 1834 5497; x_wconf 90' lang='lat' dir='ltr'><strong>nec</strong></span> 
     </span>
    </p>
   </div>
   <div class='ocr_carea' id='block_1_101' title="bbox 246 5530 1833 5605">
    <p class='ocr_par' dir='ltr' id='par_1_101' title="bbox 246 5530 1833 5605">
     <span class='ocr_line' id='line_1_101' title="bbox 246 5530 1833 5605; baseline 0.005 -23"><span class='ocrx_word' id='word_1_783' title='bbox 246 5530 398 5582; x_wconf 89' lang='lat' dir='ltr'><strong>omni</strong></span> <span class='ocrx_word' id='word_1_784' title='bbox 429 5544 655 5598; x_wconf 85' lang='lat' dir='ltr'><strong>prorsus</strong></span> <span class='ocrx_word' id='word_1_785' title='bbox 688 5531 735 5584; x_wconf 88' lang='lat' dir='ltr'><strong>vi</strong></span> <span class='ocrx_word' id='word_1_786' title='bbox 762 5530 1151 5588; x_wconf 77' lang='lat' dir='ltr'><strong>destituuntur.</strong></span> <span class='ocrx_word' id='word_1_787' title='bbox 1186 5534 1372 5604; x_wconf 84' lang='lat' dir='ltr'><strong>Itaque</strong></span> <span class='ocrx_word' id='word_1_788' title='bbox 1407 5534 1475 5589; x_wconf 91' lang='lat' dir='ltr'><strong>ad</strong></span> <span class='ocrx_word' id='word_1_789' title='bbox 1518 5535 1622 5589; x_wconf 89' lang='lat' dir='ltr'><strong>hoc</strong></span> <span class='ocrx_word' id='word_1_790' title='bbox 1654 5536 1833 5605; x_wconf 90' lang='lat' dir='ltr'><strong>ipsum</strong></span> 
     </span>
    </p>
   </div>
   <div class='ocr_carea' id='block_1_102' title="bbox 248 5621 1827 5700">
    <p class='ocr_par' dir='ltr' id='par_1_102' title="bbox 248 5621 1827 5700">
     <span class='ocr_line' id='line_1_102' title="bbox 248 5621 1827 5700; baseline 0.004 -26"><span class='ocrx_word' id='word_1_791' title='bbox 248 5621 435 5675; x_wconf 80' lang='lat' dir='ltr'><strong>Photii</strong></span> <span class='ocrx_word' id='word_1_792' title='bbox 464 5632 628 5692; x_wconf 89' lang='lat' dir='ltr'><strong>caput</strong></span> <span class='ocrx_word' id='word_1_793' title='bbox 655 5624 772 5679; x_wconf 72' lang='lat' dir='ltr'><strong>haec</strong></span> <span class='ocrx_word' id='word_1_794' title='bbox 797 5624 885 5679; x_wconf 87' lang='lat' dir='ltr'><strong>ille</strong></span> <span class='ocrx_word' id='word_1_795' title='bbox 916 5626 1210 5694; x_wconf 82' lang='lat' dir='ltr'><strong>respondet</strong></span> <span class='ocrx_word' id='word_1_796' title='bbox 1240 5628 1300 5698; x_wconf 86' lang='lat' dir='ltr'><strong>(l.</strong></span> <span class='ocrx_word' id='word_1_797' title='bbox 1336 5644 1397 5693; x_wconf 92' lang='grc' dir='ltr'><strong>ιι,</strong></span> <span class='ocrx_word' id='word_1_798' title='bbox 1419 5644 1469 5683; x_wconf 92' lang='lat' dir='ltr'><strong>c.</strong></span> <span class='ocrx_word' id='word_1_799' title='bbox 1497 5628 1587 5693; x_wconf 85' lang='grc'><strong>16,</strong></span> <span class='ocrx_word' id='word_1_800' title='bbox 1612 5646 1669 5700; x_wconf 91' lang='lat' dir='ltr'><strong>p.</strong></span> <span class='ocrx_word' id='word_1_801' title='bbox 1696 5629 1827 5683; x_wconf 87' lang='grc'>1251</span> 
     </span>
    </p>
   </div>
   <div class='ocr_carea' id='block_1_103' title="bbox 323 5780 1834 5855">
    <p class='ocr_par' dir='ltr' id='par_1_103' title="bbox 323 5780 1834 5855">
     <span class='ocr_line' id='line_1_103' title="bbox 323 5780 1834 5855; baseline 0.003 -23"><span class='ocrx_word' id='word_1_802' title='bbox 323 5780 583 5855; x_wconf 50' lang='lat' dir='ltr'><strong>(1‘2)_Sic_</strong></span> <span class='ocrx_word' id='word_1_803' title='bbox 606 5781 1073 5855; x_wconf 18' lang='lat' dir='ltr'><strong>inieritohNiceph.</strong></span> <span class='ocrx_word' id='word_1_804' title='bbox 1122 5783 1293 5839; x_wconf 79' lang='lat' dir='ltr'><strong>Blem.</strong></span> <span class='ocrx_word' id='word_1_805' title='bbox 1336 5786 1501 5855; x_wconf 87' lang='lat' dir='ltr'><strong>(orat.</strong></span> <span class='ocrx_word' id='word_1_806' title='bbox 1545 5786 1598 5846; x_wconf 88' lang='grc'><strong>1,</strong></span> <span class='ocrx_word' id='word_1_807' title='bbox 1645 5785 1834 5845; x_wconf 75' lang='lat' dir='ltr'><strong>c.17;</strong></span> 
     </span>
    </p>
   </div>
   <div class='ocr_carea' id='block_1_104' title="bbox 248 5850 1836 5927">
    <p class='ocr_par' dir='ltr' id='par_1_104' title="bbox 248 5850 1836 5927">
     <span class='ocr_line' id='line_1_104' title="bbox 248 5850 1836 5927; baseline 0.001 -21"><span class='ocrx_word' id='word_1_808' title='bbox 344 5850 485 5927; x_wconf 69' lang='lat'><strong>0.1,</strong></span> <span class='ocrx_word' id='word_1_809' title='bbox 521 5853 612 5917; x_wconf 83' lang='grc'><strong>22,</strong></span> <span class='ocrx_word' id='word_1_810' title='bbox 646 5850 1035 5927; x_wconf 14' lang='grc' dir='ltr'><strong>25))ΔὮσπείρί</strong></span> <span class='ocrx_word' id='word_1_811' title='bbox 1068 5855 1100 5925; x_wconf 80' lang='grc' dir='ltr'>ἡ</span> <span class='ocrx_word' id='word_1_812' title='bbox 1134 5856 1263 5927; x_wconf 3' lang='grc' dir='ltr'><strong>,τῶν</strong></span> <span class='ocrx_word' id='word_1_813' title='bbox 1318 5850 1487 5927; x_wconf 76' lang='grc' dir='ltr'><strong>τ’ριῶν</strong></span> <span class='ocrx_word' id='word_1_814' title='bbox 1522 5858 1704 5926; x_wconf 73' lang='grc' dir='ltr'><strong>ἰσότης</strong></span> <span class='ocrx_word' id='word_1_815' title='bbox 1735 5857 1836 5908; x_wconf 79' lang='grc' dir='ltr'>οὐκ</span> 
     </span>
    </p>
   </div>
   <div class='ocr_carea' id='block_1_105' title="bbox 250 5922 1836 5999">
    <p class='ocr_par' dir='ltr' id='par_1_105' title="bbox 250 5922 1836 5999">
     <span class='ocr_line' id='line_1_105' title="bbox 250 5922 1836 5999; baseline 0.004 -25"><span class='ocrx_word' id='word_1_816' title='bbox 250 5922 571 5993; x_wconf 67' lang='grc' dir='ltr'><strong>ἀφαιρεῖται</strong></span> <span class='ocrx_word' id='word_1_817' title='bbox 603 5922 699 5977; x_wconf 79' lang='grc' dir='ltr'><strong>τοῦ</strong></span> <span class='ocrx_word' id='word_1_818' title='bbox 735 5922 854 5986; x_wconf 79' lang='grc' dir='ltr'><strong>ἑνὸς</strong></span> <span class='ocrx_word' id='word_1_819' title='bbox 879 5922 1213 5997; x_wconf 55' lang='grc' dir='ltr'><strong>τὴνάρχὴν,</strong></span> <span class='ocrx_word' id='word_1_820' title='bbox 1248 5922 1392 5981; x_wconf 71' lang='grc' dir='ltr'><strong>οὔτὸ)</strong></span> <span class='ocrx_word' id='word_1_821' title='bbox 1425 5928 1521 5981; x_wconf 71' lang='grc' dir='ltr'><strong>καὶ</strong></span> <span class='ocrx_word' id='word_1_822' title='bbox 1555 5929 1589 5999; x_wconf 78' lang='grc' dir='ltr'>ἡ</span> <span class='ocrx_word' id='word_1_823' title='bbox 1626 5922 1737 5983; x_wconf 68' lang='grc' dir='ltr'><strong>τῶν</strong></span> <span class='ocrx_word' id='word_1_824' title='bbox 1776 5928 1836 5994; x_wconf 77' lang='grc' dir='ltr'>ἐξ</span> 
     </span>
    </p>
   </div>
   <div class='ocr_carea' id='block_1_106' title="bbox 1931 4692 3511 4763">
    <p class='ocr_par' dir='ltr' id='par_1_106' title="bbox 1931 4692 3511 4763">
     <span class='ocr_line' id='line_1_106' title="bbox 1931 4692 3511 4763; baseline -0.003 -16"><span class='ocrx_word' id='word_1_825' title='bbox 1931 4694 2143 4759; x_wconf 88' lang='lat' dir='ltr'><strong>Patris;</strong></span> <span class='ocrx_word' id='word_1_826' title='bbox 2180 4703 2235 4747; x_wconf 87' lang='lat' dir='ltr'><strong>at</strong></span> <span class='ocrx_word' id='word_1_827' title='bbox 2268 4709 2399 4748; x_wconf 90' lang='lat' dir='ltr'><strong>vero</strong></span> <span class='ocrx_word' id='word_1_828' title='bbox 2442 4694 2509 4749; x_wconf 93' lang='lat' dir='ltr'><strong>de</strong></span> <span class='ocrx_word' id='word_1_829' title='bbox 2536 4709 2771 4763; x_wconf 88' lang='lat' dir='ltr'><strong>persona</strong></span> <span class='ocrx_word' id='word_1_830' title='bbox 2815 4693 2991 4748; x_wconf 87' lang='lat' dir='ltr'><strong>Patris</strong></span> <span class='ocrx_word' id='word_1_831' title='bbox 3046 4692 3364 4748; x_wconf 89' lang='lat' dir='ltr'><strong>enuntiatur</strong></span> <span class='ocrx_word' id='word_1_832' title='bbox 3412 4692 3511 4744; x_wconf 86' lang='lat' dir='ltr'><strong>ha-</strong></span> 
     </span>
    </p>
   </div>
   <div class='ocr_carea' id='block_1_107' title="bbox 1930 4783 3509 4856">
    <p class='ocr_par' dir='ltr' id='par_1_107' title="bbox 1930 4783 3509 4856">
     <span class='ocr_line' id='line_1_107' title="bbox 1930 4783 3509 4856; baseline -0.004 -13"><span class='ocrx_word' id='word_1_833' title='bbox 1930 4788 2061 4843; x_wconf 87' lang='lat' dir='ltr'><strong>bere</strong></span> <span class='ocrx_word' id='word_1_834' title='bbox 2103 4786 2337 4852; x_wconf 88' lang='lat' dir='ltr'><strong>Filium;</strong></span> <span class='ocrx_word' id='word_1_835' title='bbox 2367 4802 2537 4856; x_wconf 90' lang='lat' dir='ltr'><strong>quare</strong></span> <span class='ocrx_word' id='word_1_836' title='bbox 2590 4787 2733 4842; x_wconf 90' lang='lat' dir='ltr'><strong>idem</strong></span> <span class='ocrx_word' id='word_1_837' title='bbox 2760 4787 2827 4843; x_wconf 89' lang='lat' dir='ltr'><strong>de</strong></span> <span class='ocrx_word' id='word_1_838' title='bbox 2858 4787 3063 4856; x_wconf 88' lang='lat' dir='ltr'><strong>Spiritu</strong></span> <span class='ocrx_word' id='word_1_839' title='bbox 3092 4783 3509 4856; x_wconf 68' lang='lat' dir='ltr'><strong>praidicabitur,</strong></span> 
     </span>
    </p>
   </div>
   <div class='ocr_carea' id='block_1_108' title="bbox 1931 4875 3511 4949">
    <p class='ocr_par' dir='ltr' id='par_1_108' title="bbox 1931 4875 3511 4949">
     <span class='ocr_line' id='line_1_108' title="bbox 1931 4875 3511 4949; baseline -0.004 -14"><span class='ocrx_word' id='word_1_840' title='bbox 1931 4889 1987 4935; x_wconf 91' lang='lat' dir='ltr'><strong>et</strong></span> <span class='ocrx_word' id='word_1_841' title='bbox 2008 4879 2112 4934; x_wconf 89' lang='lat' dir='ltr'><strong>erit</strong></span> <span class='ocrx_word' id='word_1_842' title='bbox 2148 4878 2317 4933; x_wconf 85' lang='lat' dir='ltr'><strong>Filius</strong></span> <span class='ocrx_word' id='word_1_843' title='bbox 2379 4879 2522 4933; x_wconf 80' lang='lat' dir='ltr'><strong>[ilius</strong></span> <span class='ocrx_word' id='word_1_844' title='bbox 2554 4878 2791 4949; x_wconf 90' lang='lat' dir='ltr'><strong>Spiritus</strong></span> <span class='ocrx_word' id='word_1_845' title='bbox 2841 4877 3034 4933; x_wconf 91' lang='lat' dir='ltr'><strong>sancti.</strong></span> <span class='ocrx_word' id='word_1_846' title='bbox 3079 4875 3186 4929; x_wconf 89' lang='lat' dir='ltr'><strong>Sed</strong></span> <span class='ocrx_word' id='word_1_847' title='bbox 3218 4875 3363 4940; x_wconf 91' lang='lat' dir='ltr'><strong>dico,</strong></span> <span class='ocrx_word' id='word_1_848' title='bbox 3398 4890 3511 4929; x_wconf 88' lang='lat' dir='ltr'><strong>non</strong></span> 
     </span>
    </p>
   </div>
   <div class='ocr_carea' id='block_1_109' title="bbox 1931 4967 3512 5042">
    <p class='ocr_par' dir='ltr' id='par_1_109' title="bbox 1931 4967 3512 5042">
     <span class='ocr_line' id='line_1_109' title="bbox 1931 4967 3512 5042; baseline -0.004 -15"><span class='ocrx_word' id='word_1_849' title='bbox 1931 4987 2053 5027; x_wconf 89' lang='lat' dir='ltr'><strong>esse</strong></span> <span class='ocrx_word' id='word_1_850' title='bbox 2102 4971 2412 5042; x_wconf 90' lang='lat' dir='ltr'><strong>hujusmodi</strong></span> <span class='ocrx_word' id='word_1_851' title='bbox 2447 4972 2888 5041; x_wconf 61' lang='lat' dir='ltr'><strong>aequipollentem</strong></span> <span class='ocrx_word' id='word_1_852' title='bbox 2918 4967 3411 5038; x_wconf 87' lang='lat' dir='ltr'><strong>comparationem,</strong></span> <span class='ocrx_word' id='word_1_853' title='bbox 3444 4982 3512 5021; x_wconf 91' lang='lat' dir='ltr'><strong>eo</strong></span> 
     </span>
    </p>
   </div>
   <div class='ocr_carea' id='block_1_110' title="bbox 1931 5061 3516 5135">
    <p class='ocr_par' dir='ltr' id='par_1_110' title="bbox 1931 5061 3516 5135">
     <span class='ocr_line' id='line_1_110' title="bbox 1931 5061 3516 5135; baseline -0.003 -15"><span class='ocrx_word' id='word_1_854' title='bbox 1931 5065 2074 5134; x_wconf 87' lang='lat' dir='ltr'><strong>quod</strong></span> <span class='ocrx_word' id='word_1_855' title='bbox 2114 5081 2394 5135; x_wconf 90' lang='lat' dir='ltr'><strong>nunquam</strong></span> <span class='ocrx_word' id='word_1_856' title='bbox 2454 5066 2642 5119; x_wconf 88' lang='lat' dir='ltr'><strong>datum</strong></span> <span class='ocrx_word' id='word_1_857' title='bbox 2688 5066 2780 5129; x_wconf 89' lang='lat' dir='ltr'><strong>sit,</strong></span> <span class='ocrx_word' id='word_1_858' title='bbox 2839 5062 3047 5115; x_wconf 81' lang='lat' dir='ltr'><strong>Filium</strong></span> <span class='ocrx_word' id='word_1_859' title='bbox 3087 5061 3368 5132; x_wconf 59' lang='lat' dir='ltr'><strong>aequaliter</strong></span> <span class='ocrx_word' id='word_1_860' title='bbox 3404 5077 3516 5115; x_wconf 80' lang='lat' dir='ltr'><strong>esse</strong></span> 
     </span>
    </p>
   </div>
   <div class='ocr_carea' id='block_1_111' title="bbox 1932 5153 3517 5227">
    <p class='ocr_par' dir='ltr' id='par_1_111' title="bbox 1932 5153 3517 5227">
     <span class='ocr_line' id='line_1_111' title="bbox 1932 5153 3517 5227; baseline -0.002 -16"><span class='ocrx_word' id='word_1_861' title='bbox 1932 5157 2118 5211; x_wconf 84' lang='lat' dir='ltr'><strong>Patris</strong></span> <span class='ocrx_word' id='word_1_862' title='bbox 2136 5175 2200 5211; x_wconf 84' lang='lat' dir='ltr'><strong>ac</strong></span> <span class='ocrx_word' id='word_1_863' title='bbox 2241 5159 2501 5227; x_wconf 79' lang='lat' dir='ltr'><strong>Spiritus,</strong></span> <span class='ocrx_word' id='word_1_864' title='bbox 2536 5174 2659 5213; x_wconf 89' lang='lat' dir='ltr'><strong>cum</strong></span> <span class='ocrx_word' id='word_1_865' title='bbox 2690 5171 2885 5211; x_wconf 88' lang='lat' dir='ltr'><strong>omnes</strong></span> <span class='ocrx_word' id='word_1_866' title='bbox 2920 5155 3288 5211; x_wconf 82' lang='lat' dir='ltr'><strong>conﬁteantur</strong></span> <span class='ocrx_word' id='word_1_867' title='bbox 3343 5153 3517 5225; x_wconf 83' lang='lat' dir='ltr'><strong>Spiri-</strong></span> 
     </span>
    </p>
   </div>
   <div class='ocr_carea' id='block_1_112' title="bbox 1931 5246 3519 5320">
    <p class='ocr_par' dir='ltr' id='par_1_112' title="bbox 1931 5246 3519 5320">
     <span class='ocr_line' id='line_1_112' title="bbox 1931 5246 3519 5320; baseline -0.003 -15"><span class='ocrx_word' id='word_1_868' title='bbox 1931 5261 2047 5306; x_wconf 87' lang='lat' dir='ltr'><strong>tum</strong></span> <span class='ocrx_word' id='word_1_869' title='bbox 2103 5265 2223 5305; x_wconf 90' lang='lat' dir='ltr'><strong>esse</strong></span> <span class='ocrx_word' id='word_1_870' title='bbox 2273 5251 2557 5320; x_wconf 82' lang='lat' dir='ltr'><strong>aequaliter</strong></span> <span class='ocrx_word' id='word_1_871' title='bbox 2613 5247 2731 5303; x_wconf 90' lang='lat' dir='ltr'><strong>Filii</strong></span> <span class='ocrx_word' id='word_1_872' title='bbox 2793 5257 2958 5318; x_wconf 89' lang='lat' dir='ltr'><strong>atque</strong></span> <span class='ocrx_word' id='word_1_873' title='bbox 3019 5247 3215 5303; x_wconf 90' lang='lat' dir='ltr'><strong>Patris.</strong></span> <span class='ocrx_word' id='word_1_874' title='bbox 3250 5246 3431 5314; x_wconf 87' lang='lat' dir='ltr'><strong>Quare</strong></span> <span class='ocrx_word' id='word_1_875' title='bbox 3461 5247 3519 5301; x_wconf 90' lang='lat' dir='ltr'><strong>in</strong></span> 
     </span>
    </p>
   </div>
   <div class='ocr_carea' id='block_1_113' title="bbox 1932 5340 3516 5416">
    <p class='ocr_par' dir='ltr' id='par_1_113' title="bbox 1932 5340 3516 5416">
     <span class='ocr_line' id='line_1_113' title="bbox 1932 5340 3516 5416; baseline -0.004 -17"><span class='ocrx_word' id='word_1_876' title='bbox 1932 5345 2130 5414; x_wconf 87' lang='lat' dir='ltr'><strong>quibus</strong></span> <span class='ocrx_word' id='word_1_877' title='bbox 2166 5345 2386 5416; x_wconf 89' lang='lat' dir='ltr'><strong>quidem</strong></span> <span class='ocrx_word' id='word_1_878' title='bbox 2412 5343 2547 5397; x_wconf 90' lang='lat' dir='ltr'><strong>nihil</strong></span> <span class='ocrx_word' id='word_1_879' title='bbox 2570 5342 2856 5411; x_wconf 81' lang='lat' dir='ltr'><strong>indignum</strong></span> <span class='ocrx_word' id='word_1_880' title='bbox 2886 5357 2988 5397; x_wconf 88' lang='lat' dir='ltr'><strong>nec</strong></span> <span class='ocrx_word' id='word_1_881' title='bbox 3014 5342 3275 5397; x_wconf 88' lang='lat' dir='ltr'><strong>indecens</strong></span> <span class='ocrx_word' id='word_1_882' title='bbox 3304 5340 3516 5396; x_wconf 87' lang='lat' dir='ltr'><strong>divinas</strong></span> 
     </span>
    </p>
   </div>
   <div class='ocr_carea' id='block_1_114' title="bbox 1934 5435 3515 5507">
    <p class='ocr_par' dir='ltr' id='par_1_114' title="bbox 1934 5435 3515 5507">
     <span class='ocr_line' id='line_1_114' title="bbox 1934 5435 3515 5507; baseline -0.003 -17"><span class='ocrx_word' id='word_1_883' title='bbox 1934 5453 2193 5507; x_wconf 89' lang='lat' dir='ltr'><strong>personas</strong></span> <span class='ocrx_word' id='word_1_884' title='bbox 2230 5437 2602 5507; x_wconf 89' lang='lat' dir='ltr'><strong>consequitur,</strong></span> <span class='ocrx_word' id='word_1_885' title='bbox 2654 5435 2710 5489; x_wconf 91' lang='lat' dir='ltr'><strong>in</strong></span> <span class='ocrx_word' id='word_1_886' title='bbox 2742 5436 2829 5491; x_wconf 89' lang='lat' dir='ltr'><strong>his</strong></span> <span class='ocrx_word' id='word_1_887' title='bbox 2880 5435 3094 5491; x_wconf 90' lang='lat' dir='ltr'><strong>Patrem</strong></span> <span class='ocrx_word' id='word_1_888' title='bbox 3126 5435 3359 5491; x_wconf 88' lang='lat' dir='ltr'><strong>dicimus</strong></span> <span class='ocrx_word' id='word_1_889' title='bbox 3383 5449 3515 5487; x_wconf 88' lang='lat' dir='ltr'><strong>cau-</strong></span> 
     </span>
    </p>
   </div>
   <div class='ocr_carea' id='block_1_115' title="bbox 1934 5524 3517 5599">
    <p class='ocr_par' dir='ltr' id='par_1_115' title="bbox 1934 5524 3517 5599">
     <span class='ocr_line' id='line_1_115' title="bbox 1934 5524 3517 5599; baseline -0.003 -18"><span class='ocrx_word' id='word_1_890' title='bbox 1934 5544 2047 5582; x_wconf 89' lang='lat' dir='ltr'><strong>sam</strong></span> <span class='ocrx_word' id='word_1_891' title='bbox 2078 5536 2135 5583; x_wconf 91' lang='lat' dir='ltr'><strong>et</strong></span> <span class='ocrx_word' id='word_1_892' title='bbox 2165 5528 2361 5583; x_wconf 90' lang='lat' dir='ltr'><strong>Filium</strong></span> <span class='ocrx_word' id='word_1_893' title='bbox 2392 5543 2745 5595; x_wconf 88' lang='lat' dir='ltr'><strong>concausam,</strong></span> <span class='ocrx_word' id='word_1_894' title='bbox 2791 5543 2898 5583; x_wconf 90' lang='lat' dir='ltr'><strong>nec</strong></span> <span class='ocrx_word' id='word_1_895' title='bbox 2934 5528 3112 5599; x_wconf 88' lang='lat' dir='ltr'><strong>aliqua</strong></span> <span class='ocrx_word' id='word_1_896' title='bbox 3149 5526 3347 5597; x_wconf 83' lang='lat' dir='ltr'><strong>injuria</strong></span> <span class='ocrx_word' id='word_1_897' title='bbox 3378 5524 3517 5579; x_wconf 81' lang='lat' dir='ltr'><strong>Filio</strong></span> 
     </span>
    </p>
   </div>
   <div class='ocr_carea' id='block_1_116' title="bbox 1934 5614 3516 5693">
    <p class='ocr_par' dir='ltr' id='par_1_116' title="bbox 1934 5614 3516 5693">
     <span class='ocr_line' id='line_1_116' title="bbox 1934 5614 3516 5693; baseline -0.004 -18"><span class='ocrx_word' id='word_1_898' title='bbox 1934 5620 2151 5676; x_wconf 86' lang='lat' dir='ltr'><strong>Patrive</strong></span> <span class='ocrx_word' id='word_1_899' title='bbox 2224 5629 2319 5675; x_wconf 89' lang='lat' dir='ltr'><strong>aut</strong></span> <span class='ocrx_word' id='word_1_900' title='bbox 2370 5629 2560 5687; x_wconf 81' lang='lat' dir='ltr'><strong>sancto</strong></span> <span class='ocrx_word' id='word_1_901' title='bbox 2616 5621 2843 5693; x_wconf 90' lang='lat' dir='ltr'><strong>Spiritui</strong></span> <span class='ocrx_word' id='word_1_902' title='bbox 2894 5628 3234 5692; x_wconf 85' lang='lat' dir='ltr'><strong>corrogatur.</strong></span> <span class='ocrx_word' id='word_1_903' title='bbox 3276 5617 3413 5672; x_wconf 80' lang='lat' dir='ltr'><strong>Nam</strong></span> <span class='ocrx_word' id='word_1_904' title='bbox 3460 5614 3516 5670; x_wconf 89' lang='lat' dir='ltr'><strong>in</strong></span> 
     </span>
    </p>
   </div>
   <div class='ocr_carea' id='block_1_117' title="bbox 1936 5771 3521 5907">
    <p class='ocr_par' dir='ltr' id='par_1_117' title="bbox 1936 5771 3521 5907">
     <span class='ocr_line' id='line_1_117' title="bbox 1936 5771 3521 5907; baseline -0.008 -71"><span class='ocrx_word' id='word_1_905' title='bbox 2133 5781 2332 5863; x_wconf 55' lang='lat' dir='ltr'><strong>ierim;</strong></span> <span class='ocrx_word' id='word_1_906' title='bbox 2354 5782 2465 5861; x_wconf 59' lang='grc' dir='ltr'><strong>οὐκ⁹</strong></span> <span class='ocrx_word' id='word_1_907' title='bbox 2483 5780 2630 5834; x_wconf 78' lang='grc' dir='ltr'><strong>ἔστιν</strong></span> <span class='ocrx_word' id='word_1_908' title='bbox 2654 5781 3004 5878; x_wconf 48' lang='grc' dir='ltr'><strong>ἁφαιρετικῇ</strong></span> <span class='ocrx_word' id='word_1_909' title='bbox 3018 5779 3123 5877; x_wconf 44' lang='grc' dir='ltr'><strong>ἰξοῦ</strong></span> <span class='ocrx_word' id='word_1_910' title='bbox 3145 5819 3161 5844; x_wconf 94' lang='grc'><strong>,</strong></span> <span class='ocrx_word' id='word_1_911' title='bbox 3200 5775 3263 5829; x_wconf 78' lang='grc' dir='ltr'><strong>τὸ</strong></span> <span class='ocrx_word' id='word_1_912' title='bbox 3295 5771 3521 5873; x_wconf 49' lang='grc' dir='ltr'><strong>Πιιειῖμα</strong></span> 
     </span>
     <span class='ocr_line' id='line_1_118' title="bbox 1938 5844 3521 5907; baseline -0.005 0"><span class='ocrx_word' id='word_1_913' title='bbox 1938 5868 1985 5907; x_wconf 86' lang='grc' dir='ltr'>οι</span> <span class='ocrx_word' id='word_1_914' title='bbox 2081 5872 2159 5907; x_wconf 75' lang='grc' dir='ltr'><strong>ιου</strong></span> <span class='ocrx_word' id='word_1_915' title='bbox 2194 5854 2347 5907; x_wconf 74' lang='grc' dir='ltr'><strong>παρὰ</strong></span> <span class='ocrx_word' id='word_1_916' title='bbox 2375 5870 2470 5904; x_wconf 84' lang='grc' dir='ltr'><strong>του</strong></span> <span class='ocrx_word' id='word_1_917' title='bbox 2528 5852 2742 5907; x_wconf 64' lang='lat' dir='ltr'><strong>{lambe</strong></span> <span class='ocrx_word' id='word_1_918' title='bbox 2772 5849 3189 5907; x_wconf 59' lang='grc' dir='ltr'><strong>ἐκπορςυςσθαι.</strong></span> <span class='ocrx_word' id='word_1_919' title='bbox 3223 5878 3291 5889; x_wconf 88' lang='grc'><strong><em>-</em></strong></span> <span class='ocrx_word' id='word_1_920' title='bbox 3314 5844 3443 5900; x_wconf 63' lang='lat' dir='ltr'><strong>Han.</strong></span> <span class='ocrx_word' id='word_1_921' title='bbox 3469 5857 3521 5899; x_wconf 80' lang='lat' dir='ltr'><strong>et</strong></span> 
     </span>
    </p>
   </div>
   <div class='ocr_carea' id='block_1_118' title="bbox 1938 5844 3526 5923">
    <p class='ocr_par' dir='ltr' id='par_1_118' title="bbox 1938 5844 3526 5923">
     <span class='ocr_line' id='line_1_119' title="bbox 1938 5844 3526 5923; baseline -0.005 -16"><span class='ocrx_word' id='word_1_922' title='bbox 1938 5844 2159 5907; x_wconf 67' lang='grc' dir='ltr'><strong>δί’Ύὶὀῧ</strong></span> <span class='ocrx_word' id='word_1_923' title='bbox 2194 5844 2347 5922; x_wconf 70' lang='grc' dir='ltr'>παρὰ</span> <span class='ocrx_word' id='word_1_924' title='bbox 2375 5852 2470 5904; x_wconf 83' lang='grc' dir='ltr'><strong>τοῦ</strong></span> <span class='ocrx_word' id='word_1_925' title='bbox 2528 5844 2742 5923; x_wconf 57' lang='lat' dir='ltr'><strong>Harpe;</strong></span> <span class='ocrx_word' id='word_1_926' title='bbox 2772 5844 3189 5923; x_wconf 63' lang='grc' dir='ltr'><strong>ὲὶςζιεορεῦεᾳθαι.</strong></span> <span class='ocrx_word' id='word_1_927' title='bbox 3223 5878 3291 5889; x_wconf 88' lang='grc'><strong><em>-</em></strong></span> <span class='ocrx_word' id='word_1_928' title='bbox 3314 5844 3443 5900; x_wconf 69' lang='lat' dir='ltr'><strong>Haec</strong></span> <span class='ocrx_word' id='word_1_929' title='bbox 3469 5857 3526 5899; x_wconf 77' lang='lat' dir='ltr'><strong>et</strong></span> 
     </span>
    </p>
   </div>
   <div class='ocr_carea' id='block_1_119' title="bbox 1940 5920 3282 5997">
    <p class='ocr_par' dir='ltr' id='par_1_119' title="bbox 1940 5920 3282 5997">
     <span class='ocr_line' id='line_1_120' title="bbox 1940 5920 3282 5997; baseline -0.004 -20"><span class='ocrx_word' id='word_1_930' title='bbox 1940 5942 2060 5997; x_wconf 83' lang='lat' dir='ltr'><strong>qua:</strong></span> <span class='ocrx_word' id='word_1_931' title='bbox 2086 5920 2393 5994; x_wconf 83' lang='lat' dir='ltr'><strong>sequuntur</strong></span> <span class='ocrx_word' id='word_1_932' title='bbox 2423 5924 2562 5979; x_wconf 83' lang='lat' dir='ltr'><strong>infra</strong></span> <span class='ocrx_word' id='word_1_933' title='bbox 2586 5920 2811 5979; x_wconf 84' lang='lat' dir='ltr'><strong>uberius</strong></span> <span class='ocrx_word' id='word_1_934' title='bbox 2841 5920 3282 5977; x_wconf 88' lang='lat' dir='ltr'><strong>illustrabuutur.</strong></span> 
     </span>
    </p>
   </div>
  </div>
