4002 6412
542 386 652 456 499

1691 385 1954 448 ΡΗΟΤΙΙ
1993 384 2501 446 PATRIARCHIE
2532 380 2643 446 CP.

3716 386 3831 452 500

542 500 907 571 legationibus
932 508 988 554 et
1012 496 1397 554 donationibus
1432 496 1669 567 Spiritus
1704 512 1921 567 semper
1953 494 2132 550 Patris
2158 503 2206 557 Α
2235 494 2421 548 omnia
2464 493 2729 549 naturalia
2760 494 3043 560 attributa,
3074 494 3172 551 sed
3206 497 3434 553 minime
3462 497 3731 555 idiomata
3764 516 3830 556 ac

548 587 720 645 Filius
753 606 980 647 consors
1005 600 1123 655 est;
1175 600 1231 645 at
1277 588 1542 659 Spiritum
1574 589 1758 644 dicere
1789 599 1999 657 patrem
2030 605 2127 645 seu

545 680 746 738 Filium
784 683 1017 754 Spiritus
1049 682 1215 738 tilium
1256 682 1531 752 appellare
1580 684 1917 738 exsecrabile
1949 684 2129 753 profa-

548 791 789 845 numque
820 784 921 831 est.
963 776 1071 830 Sed
1099 791 1278 845 neque
1318 776 1623 845 propositio
1662 776 1772 841 illa,
1817 793 1938 846 quae
1997 777 2130 831 dicit

548 869 894 923 emissionem
921 865 1070 921 Patri
1122 879 1178 922 et
1207 867 1347 922 Filio
1398 883 1748 924 communem
1796 885 1937 932 esse,
1980 868 2129 943 [271]

548 961 827 1030 proprium
880 969 1121 1029 paternae
1170 975 1438 1031 personae,
1489 978 1598 1031 quo
1647 973 1807 1033 aptus
1854 974 2013 1019 natus
2046 977 2130 1022 est

549 1053 794 1123 insigniri
844 1051 1006 1107 Pater
1052 1054 1219 1117 solus,
1288 1054 1553 1111 interimit
1598 1058 1757 1127 (sicut
1787 1058 2129 1115 interimeret

548 1145 934 1214 prOprietatem
966 1146 1336 1217 insignitivam
1366 1148 1485 1203 Filii
1522 1151 1800 1219 processio
1822 1168 1887 1206 ex
1920 1149 2127 1222 Spiritu

546 1239 781 1306 sancto).
840 1256 859 1288 ι
929 1237 1135 1293 Deinde
1197 1240 1265 1294 ad
1295 1241 1460 1295 alium
1497 1242 1870 1299 Methonensis
1909 1246 2127 1317 syllogi-

546 1344 725 1382 smum
784 1330 856 1401 (c.
888 1331 966 1400 6),
1018 1333 1111 1403 qui
1172 1335 1428 1403 praesenti
1460 1334 1637 1391 Photii
1688 1350 2010 1409 argumento
2059 1343 2127 1397 ad

544 1422 771 1475 verbum
801 1422 917 1478 fere
958 1426 1265 1494 respondet,
1297 1426 1584 1491 accedens,
1620 1438 1908 1499 postquam
1939 1434 2128 1487 sedulo

545 1511 838 1568 inculcavit
868 1533 883 1569 :
917 1534 935 1566 ‹
970 1516 1282 1573 Genitorem
1318 1523 1607 1575 secundum
1666 1524 1833 1577 aliam
1884 1526 2125 1595 proprie-

545 1612 705 1657 tatem
741 1621 1025 1677 generare,
1056 1616 1111 1662 et
1140 1611 1425 1663 secundum
1470 1613 1636 1665 aliam
1668 1613 1919 1669 emittere
1953 1614 2127 1685 Spiri-

544 1706 681 1763 tum,
719 1719 737 1750 ι
798 1700 871 1753 ita
923 1702 1307 1770 prosequitur:
1369 1726 1385 1755 4
1429 1705 1492 1759 Et
1522 1708 1933 1771 attendendum,
1986 1726 2123 1779 quo-

541 1790 689 1843 niam
717 1808 824 1844 non
851 1804 1070 1863 propter
1087 1797 1309 1851 honoris
1332 1799 1658 1865 parilitatem
1692 1800 1869 1856 Patris
1892 1814 1946 1857 et
1978 1804 2120 1868 Filii,

544 1893 602 1938 ut
636 1900 700 1938 ex
738 1886 915 1953 Patre,
950 1888 1029 1941 sic
1058 1904 1123 1941 ex
1156 1889 1292 1944 Filio
1322 1891 1557 1960 Spiritus
1590 1896 1855 1963 procedit.
1886 1897 1940 1953 Si
1970 1900 2117 1954 enim

542 1986 764 2045 prOpter
823 1979 1046 2035 honoris
1104 1982 1430 2051 parilitatem
1480 2002 1545 2041 ex
1579 1989 1845 2044 ambobus
1885 1990 2119 2061 Spiritus

542 2077 840 2132 emanaret,
898 2072 1159 2141 consequi
1219 2073 1518 2140 videretur,
1580 2085 1639 2131 ut
1702 2078 1872 2136 Filius
1899 2094 2120 2153 propter

543 2156 769 2213 honoris
825 2160 1175 2229 parilitatem,
1239 2166 1383 2221 sicut
1429 2178 1513 2224 est
1564 2185 1628 2225 ex
1652 2171 1835 2238 Patre,
1867 2175 1939 2229 ita
1975 2186 2032 2231 et
2054 2194 2120 2233 ex

544 2248 749 2318 Spiritu
814 2262 987 2322 esset;
1038 2256 1182 2326 quod
1214 2257 1486 2316 Methone:
1527 2266 2053 2339 astruitepiscopus.
2095 2291 2113 2323 ι

541 2339 714 2411 llujus
736 2342 923 2398 relatis
952 2346 1154 2414 verbis,
1184 2368 1201 2397 ι
1234 2348 1333 2405 llic
1357 2352 1577 2420 quidem
1606 2356 1707 2422 vir,
1741 2356 1916 2427 inquit
1943 2359 2121 2430 Hugo,

539 2442 594 2486 et
622 2434 798 2488 omnis
825 2435 1127 2508 intelligere
1162 2441 1350 2497 volens
1385 2459 1574 2500 verum
1594 2462 1717 2502 esse
1745 2451 1887 2518 quod
1918 2452 2123 2508 dictum

540 2532 623 2578 est
655 2527 891 2595 reperiet
922 2547 935 2583 :
974 2528 1210 2600 Spiritus
1271 2549 1404 2589 sane
1450 2535 1588 2591 Filio
1625 2540 1849 2608 aequalis
1885 2552 1944 2595 ut
1982 2542 2125 2600 Deus

537 2614 651 2672 Deo
676 2616 904 2688 gratiam
933 2624 1130 2679 reddit.
1166 2624 1301 2680 Nam
1329 2628 1544 2697 qualem
1571 2632 1800 2701 gratiam
1828 2631 1974 2689 Patri
2012 2638 2122 2706 (ed.

536 2707 717 2780 Pater)
778 2723 845 2766 ex
916 2715 1033 2784 ipso
1082 2718 1339 2786 prodiens
1388 2722 1663 2787 retribuit,
1712 2728 1961 2783 eamdem
1988 2730 2125 2787 Filio

538 2814 923 2873 recompensat
976 2824 1044 2861 ex
1087 2809 1206 2878 ipso
1248 2814 1586 2881 procedens;
1625 2827 1916 2891 utrumque
1976 2825 2121 2879 enim

536 2890 797 2946 emissum
830 2892 1027 2950 dicitur
1078 2908 1132 2953 et
1163 2911 1267 2955 est.
1307 2923 1325 2955 ι
1362 2902 1606 2960 Tandem
1641 2890 1863 2964 notetur
1898 2914 2122 2971 minime

537 2992 688 3038 recte
727 2986 830 3040 dici
861 3005 890 3041 a
919 2989 1098 3046 Marco
1131 2992 1366 3063 Ephesio
1395 2998 1508 3068 (75)
1544 3017 1561 3055 :
1594 3001 1749 3057 Sicut
1779 3005 2013 3074 Spiritus
2044 3011 2119 3065 nil

537 3076 752 3131 confert
785 3079 851 3134 ad
880 3086 1312 3153 generationem,
1349 3090 1423 3144 ita
1458 3108 1561 3147 nec
1591 3094 1763 3151 Filius
1788 3102 1857 3154 ad
1891 3118 2116 3170 proces-

2232 584 2530 640 relationes
2582 586 2875 656 opposita;
2908 586 3055 641 unde
3093 587 3252 643 sicuti
3306 589 3473 645 Filius
3507 607 3619 645 non
3655 592 3831 647 habet

2232 677 2613 745 paternitatem
2673 692 2771 731 seu
2827 678 3063 732 activam
3090 679 3523 748 generationem.
3572 682 3648 736 ita
3674 682 3830 749 quod

2232 768 2472 837 spiratur
2526 770 2717 839 nequit
2760 771 2997 826 activam
3029 771 3233 827 habere
3262 775 3641 845 spirationem.
3669 776 3830 832 lianc

2234 861 2462 930 Spiritui
2520 862 2721 925 inesse,
2755 864 2831 917 ait
2870 863 3159 921 Bessarion
3189 868 3324 937 i(ep.
3353 868 3438 921 Ad
3468 870 3623 923 Alex.
3656 870 3825 925 Last.

2231 969 2281 1007 c.
2322 954 2379 1020 7;
2450 954 2616 1009 Hard.
2674 956 2764 1023 IX,
2801 957 2961 1029 1062)
2992 958 3330 1029 impossibile
3359 972 3439 1015 est
3467 979 3527 1016 eo
3553 965 3695 1034 quod
3731 981 3828 1033 op-

2230 1044 2444 1111 ponitur
2497 1045 2611 1115 ejus
2669 1050 2999 1125 proprietati.
3064 1050 3232 1106 Recte
3270 1052 3477 1109 Natalis
3508 1056 3829 1111 Alexander

2230 1150 2375 1204 resp.
2440 1136 2529 1208 (11.
2586 1136 2655 1193 E.
2720 1154 2952 1206 sat-c.1x,
2984 1142 3117 1198 diss.
3151 1144 3239 1209 18,
3272 1161 3379 1201 ass.
3414 1148 3438 1200 1
3474 1164 3527 1217 p.
3565 1148 3693 1213 551,
3735 1148 3825 1203 ed.

2230 1226 2393 1292 1788,
2425 1228 2479 1297 4)
2539 1247 2554 1283 :
2612 1230 2860 1287 absoluta
2896 1235 3079 1289 omnia
3118 1237 3379 1291 attributa
3415 1240 3591 1295 tribus
3624 1256 3826 1310 perso—

2228 1322 2316 1375 nis
2350 1325 2662 1378 communia
2694 1335 2885 1395 etquae
2912 1328 2979 1383 ad
3006 1340 3290 1386 creaturas
3312 1332 3555 1387 ordinem
3585 1335 3822 1397 habent,

2229 1420 2287 1464 ut
2314 1422 2547 1478 creator,
2586 1415 2859 1479 dominus.
2912 1430 3044 1485 etc.,
3093 1439 3201 1476 non
3234 1435 3417 1479 autem
3450 1429 3825 1497 proprietates

2228 1519 2610 1572 personarum.
2631 1506 2833 1563 Harum
2850 1511 2997 1567 enim
3025 1516 3271 1583 quadam
3296 1528 3425 1573 sunt
3447 1520 3822 1590 hypostatiae,

2227 1612 2364 1666 quas
2390 1598 2545 1670 Hugo
2586 1600 2915 1658 Etherianus
2941 1606 3003 1675 (1.
3030 1622 3067 1672 ι,
3096 1624 3148 1663 c.
3175 1609 3227 1674 8,
3264 1610 3329 1663 12
3359 1620 3415 1665 et
3448 1616 3673 1683 passim)
3724 1632 3824 1671 vo-

2228 1699 2315 1744 cat
2345 1708 2692 1759 personarum
2718 1696 3067 1766 insignitivas.
3105 1702 3219 1756 sive
3236 1719 3357 1772 quae
3388 1718 3650 1775 personas
3679 1724 3826 1763 con-

2228 1782 2481 1846 stituunt,
2517 1787 2823 1856 cujusmodi
2854 1800 2964 1845 tres
3014 1793 3141 1847 sola:
3171 1794 3224 1847 in
3280 1796 3393 1851 Deo
3441 1800 3821 1869 reperiuntur,

2225 1877 2341 1931 scil.
2376 1880 2697 1947 paternitas,
2734 1882 2923 1938 ﬁliatio
2951 1894 3006 1939 et
3033 1890 3327 1956 processio.
3366 1892 3497 1947 Alia:
3539 1905 3671 1949 sunt
3725 1913 3823 1949 no-

2222 1969 2465 2037 tiouales,
2502 1988 2623 2041 quae
2655 1989 2768 2028 non
2792 1979 3153 2043 constituunt,
3195 1982 3289 2036 sed
3342 1983 3583 2040 indicant
3616 2003 3823 2055 pet-so.

2220 2075 2340 2119 nas.
2371 2069 2426 2115 et
2450 2062 2642 2118 harum
2675 2067 2954 2122 nonnulla:
2975 2070 3066 2123 uni
3095 2087 3343 2140 personre
3368 2083 3575 2129 tantum
3605 2092 3821 2132 consev

2221 2151 2398 2218 niunt,
2438 2162 2498 2207 ut
2528 2170 2648 2211 esse
2680 2157 2979 2228 ingenitum
3011 2161 3179 2227 Patri,
3209 2166 3329 2220 alia:
3347 2168 3578 2235 duobus,
3614 2179 3672 2223 ut
3701 2173 3822 2240 spi-

2224 2246 2361 2299 ratio
2396 2247 2571 2303 activa
2596 2250 2743 2304 Patri
2770 2260 2824 2306 et
2847 2250 2983 2307 Filio
3014 2254 3147 2325 (74).
3172 2255 3285 2312 Nec
3314 2274 3443 2313 vero
3463 2275 3820 2332 conseqmzns

2226 2350 2310 2390 est
2386 2338 2549 2394 etiam
2600 2340 2865 2411 Spiritum
2929 2357 3181 2401 sanctum
3264 2365 3375 2405 suae
3442 2355 3822 2421 processionis

2225 2439 2503 2485 auctorem
2539 2433 2804 2501 futurum,
2838 2438 2964 2506 quia
3008 2440 3256 2494 eamdem
3308 2441 3469 2496 habet
3514 2444 3821 2499 essentiam

2227 2536 2349 2575 cum
2381 2522 2540 2578 Patre
2570 2535 2625 2579 et
2657 2527 2814 2582 Filio.
2840 2528 3118 2599 Siquidem
3149 2550 3257 2587 non
3282 2536 3505 2604 praecise
3528 2537 3583 2592 id
3614 2552 3823 2593 essen-

2225 2614 2314 2668 tia:
2340 2615 2537 2671 divina:
2572 2621 2845 2686 convenit,
2891 2640 2995 2693 qua
3031 2627 3265 2681 essentia
3302 2638 3409 2694 est,
3450 2638 3508 2683 ut
3542 2630 3825 2700 producat

2228 2706 2493 2779 Spiritum
2523 2724 2796 2780 sanctum,
2824 2719 2919 2773 sed
2945 2719 3096 2792 [275]
3144 2724 3404 2787 essentiw,
3432 2740 3533 2795 qua
3567 2726 3824 2794 paterni-

2224 2812 2333 2856 tute
2368 2815 2414 2857 et
2431 2806 2693 2872 ﬁliatione
2716 2811 2901 2879 a/fecta
2930 2823 3007 2866 est
3035 2824 3084 2867 et
3112 2816 3435 2885 modiﬁcata,
3482 2820 3823 2888 quibuscum

2224 2896 2466 2965 spirandi
2520 2902 2827 2970 proprietas
2860 2906 3138 2976 complexa
3174 2917 3279 2974 est,
3313 2918 3371 2963 ut
3412 2909 3687 2981 theologia
3718 2910 3825 2965 do-

2222 2997 2329 3043 cet.
2370 3010 2390 3042 ι
2419 2990 2540 3047 Jam
2580 2992 2734 3065 Hugo
2774 2994 3104 3055 Etherianus
3136 3000 3414 3058 Photiana:
3438 3005 3823 3060 ratiocinatio-

2222 3083 2310 3136 nis
2345 3083 2535 3139 vitium
2566 3087 2699 3141 satis
2724 3088 2879 3155 vidit,
2906 3090 3036 3144 dum
3069 3092 3174 3147 hoc
3196 3104 3354 3163 pacto
3385 3095 3436 3148 in
3466 3095 3641 3165 ipsum
3674 3094 3825 3151 Pho-

539 3168 789 3236 sionem;
845 3174 1134 3244 disparitas
1199 3190 1284 3234 est
1326 3183 1651 3253 manifesta;
1693 3190 1819 3257 quia
1848 3168 1973 3247 ante
2001 3212 2121 3264 pro-

2231 3176 2365 3230 tium
2398 3178 2693 3235 insurrexit
2733 3182 2789 3253 (Ι.
2818 3200 2880 3247 ιι,
2917 3199 2966 3238 c.
3042 3186 3128 3251 18,
3162 3203 3218 3257 p.
3264 3188 3493 3258 125211)
3524 3207 3537 3243 :
3592 3211 3612 3241 ι
3643 3190 3823 3245 Acuti

540 3262 842 3318 cessionem
894 3271 1194 3338 generatio,
1247 3282 1374 3327 ante
1402 3274 1664 3345 Spiritum
1693 3280 1863 3336 Filius
1892 3262 2123 3354 cogitari

538 3354 766 3412 omnino
820 3360 1001 3427 debet,
1051 3363 1175 3420 licet
1226 3376 1440 3438 tempus
1470 3385 1566 3426 eos
1606 3388 1713 3427 non
1740 3374 1963 3438 dividat,
1996 3380 2124 3449 quia

536 3450 723 3506 divina
770 3458 1007 3512 essentia
1030 3461 1144 3529 jam
1172 3460 1310 3517 Filio
1340 3470 1745 3523 communicata
1789 3473 2121 3542 concipitur,

536 3542 667 3635 dum
726 3545 961 3615 Spiritus
1004 3567 1035 3605 a
1088 3550 1249 3609 Patre
1306 3559 1602 3627 procedere
1662 3560 2004 3635 intelligitur.
2035 3566 2119 3621 Cf.

533 3630 561 3703 §
590 3632 657 3689 50
688 3650 802 3707 seq.

608 3726 760 3800 [272]
776 3732 828 3785 5.
846 3731 978 3802 Cap.
999 3734 1032 3788 6
1058 3747 1235 3809 arguit
1252 3738 1478 3797 Photius
1490 3759 1554 3798 ex
1577 3759 1663 3809 eo,
1682 3747 1825 3816 quod
1844 3748 1917 3804 sis
1931 3749 2124 3818 piratio

538 3819 777 3889 Spiritus
801 3827 974 3880 sancti
1003 3832 1313 3886 communis
1348 3835 1421 3889 sit
1449 3834 1593 3890 Patri
1628 3849 1684 3893 et
1722 3840 1879 3908 Filio,
1925 3843 2125 3899 debeat

535 3923 591 3967 et
636 3911 872 3983 Spiritus
899 3930 1121 3975 sanctus
1165 3923 1286 3991 ejus
1315 3942 1439 3981 esse
1474 3930 1768 4001 particeps,
1800 3934 1874 3989 ita
1909 3945 1970 3991 ut
1996 3952 2123 4006 pars

534 4004 656 4072 ejus
683 4000 752 4061 sit
782 4010 1136 4081 principium,
1182 4031 1309 4085 pars
1355 4000 1740 4088 principiatum
1772 4034 1827 4078 et
1853 4000 2123 4097 ipse.Spi-

537 4098 678 4153 ritus
715 4116 745 4153 a
778 4119 837 4155 se
870 4103 988 4172 ipso
1014 4107 1294 4175 procedat.
1322 4108 1401 4163 Ac
1428 4110 1475 4164 si
1519 4112 1730 4169 diceret
1761 4133 1774 4168 :
1810 4116 1987 4173 Latini
2016 4120 2119 4191 τὴν

536 4184 810 4265 προβολὴν
846 4197 969 4251 ideo
1007 4214 1357 4258 communem
1410 4203 1597 4259 volunt
1649 4206 1795 4262 Patri
1858 4221 1913 4265 et
1958 4212 2116 4281 Filio,

535 4278 665 4353 quia
724 4293 1063 4357 qumcunque
1109 4289 1273 4345 habet
1326 4291 1510 4357 Pater,
1576 4293 1741 4349 habet
1805 4305 1861 4351 et
1919 4278 2117 4367 Filius;

535 4378 633 4432 sed
696 4379 931 4448 Spiritus
1011 4395 1236 4439 sanctus
1305 4387 1499 4442 eodem
1546 4390 1708 4445 modo
1771 4391 1935 4446 habet
1997 4409 2120 4463 qua:

534 4480 667 4526 sunt
725 4471 899 4561 Patris
959 4484 1015 4529 et
1067 4476 1227 4542 Filii;
1279 4478 1512 4551 ideoque
1539 4481 1594 4536 in
1624 4498 1815 4537 eorum
1843 4488 2116 4542 sententia

2228 3268 2487 3336 SOphlSla}
2549 3286 2613 3324 ac
2661 3272 2820 3341 periti
2857 3274 3085 3330 artificis
3115 3279 3439 3346 complexio,
3469 3290 3524 3333 ut
3566 3280 3820 3345 videtur,

2226 3375 2335 3413 non
2365 3361 2683 3417 inviolatam
2716 3375 2898 3419 servat
2927 3366 3110 3433 ﬁdem,
3159 3370 3427 3425 dictiones
3476 3372 3827 3441 proferendo

2227 3453 2280 3506 in
2307 3453 2432 3508 dolo
2459 3464 2515 3509 et
2544 3457 2763 3518 astutia,
2795 3468 2851 3512 et
2883 3458 2939 3512 in
2967 3460 3236 3516 hmretica:
3262 3463 3553 3532 impietatis
3588 3482 3820 3519 veneno

2225 3546 2520 3601 obnoxium
2554 3549 2957 3606 invectionibus
2990 3568 3049 3608 se
3080 3554 3257 3625 ipsum
3300 3556 3449 3618 fecit.
3478 3558 3603 3612 licet
3642 3560 3823 3626 nolit,

2226 3652 2349 3691 cum
2383 3654 2495 3693 non
2521 3640 2721 3696 habeat
2746 3642 2989 3698 divinam
3010 3646 3407 3703 advocatricem
3446 3648 3824 3719 Seripturam,

2226 3730 2419 3786 miscet
2462 3747 2573 3787 non
2600 3734 2881 3790 miscenda
2938 3746 2994 3792 et
3029 3751 3312 3810 comparat
3341 3757 3450 3794 non
3484 3757 3827 3811 comparan-

2225 3823 2311 3887 da,
2347 3831 2402 3878 et
2427 3826 2552 3893 quia
2584 3842 2693 3882 non
2717 3828 2983 3898 diiudicat
3010 3833 3281 3886 naturales
3309 3834 3593 3903 qualitates
3614 3851 3643 3887 a
3694 3854 3832 3905 pro—

2224 3916 2537 3983 prietatibus
2578 3918 2633 3972 in
2674 3918 3035 3976 Acherusiam
3094 3925 3347 3994 paludem
3410 3927 3826 3996 przecipitatur.

2224 4004 2341 4060 Non
2366 4008 2510 4062 enim
2544 4008 2689 4065 idem
2717 4021 2801 4067 est
2850 4017 3161 4085 proprietas
3190 4019 3423 4071 naturali
3456 4028 3508 4073 et
3541 4020 3820 4074 substan-

2225 4100 2336 4155 tiali
2363 4102 2608 4171 qualitati
2633 4104 2766 4175 (75).
2806 4125 2824 4157 ι
2865 4107 3069 4164 Deinde
3091 4112 3335 4165 ostendit
3385 4112 3502 4166 illas
3526 4113 3824 4169 naturales

2221 4195 2512 4263 qualitates
2573 4196 2749 4251 tribus
2805 4201 3056 4269 personis
3111 4217 3233 4257 esse
3292 4218 3628 4268 communes,
3699 4220 3826 4259 non

2220 4301 2354 4342 vero
2385 4287 2774 4358 proprietates.
2808 4290 2865 4345 ld
2883 4291 3049 4347 etiam
3075 4292 3231 4348 Joan.
3272 4294 3519 4350 Phurnes
3549 4312 3833 4367 agnosce-

2222 4380 2314 4434 bat
2373 4382 2538 4452 (apud
2595 4381 2827 4438 Beccum
2890 4386 2926 4439 l.
2992 4403 3043 4442 c.
3096 4403 3151 4458 p.
3200 4388 3347 4456 180),
3403 4390 3496 4458 qui
3556 4402 3832 4459 propter-

2223 4487 2288 4527 ea
2368 4476 2435 4531 ad
2494 4476 2826 4546 principium
2907 4477 3041 4532 illud
3099 4479 3379 4544 recurrit,
3439 4480 3498 4533 τὸ
3567 4481 3833 4549 προϐάλ-

534 4565 714 4619 cidcm
774 4550 862 4620 sui
918 4568 1092 4638 ipsius
1160 4572 1392 4642 spiratio
1462 4575 1785 4633 vindicanda
1825 4587 1948 4645 est;
2010 4581 2117 4636 erit

2228 4565 2336 4620 λειν
2392 4582 2513 4622 esse
2566 4571 2742 4625 Patris
2824 4573 3213 4641 proprietatem
3290 4589 3389 4628 seu
3464 4574 3829 4644 personalem

535 4659 721 4727 itaque
790 4658 1030 4729 Spiritus
1110 4681 1177 4720 ex
1240 4682 1347 4721 una
1414 4678 1570 4737 parte
1650 4673 1992 4740 producens,
2052 4690 2118 4729 ex

536 4752 701 4805 altera
773 4768 904 4808 vero
951 4757 1270 4824 productus.
1333 4759 1403 4813 At
1446 4762 1595 4815 enim
1666 4764 1782 4818 hzec
1833 4780 1947 4820 rem
2008 4782 2118 4821 non

536 4845 787 4911 probant.
828 4844 1100 4916 Supponit
1127 4850 1302 4917 primo
1352 4850 1583 4907 Photius
1608 4853 1738 4908 illud
1790 4857 2117 4926 principium

532 4936 642 5007 jam
697 4938 1015 5006 refutatum,
1070 4942 1205 4996 nihil
1265 4959 1386 4999 esse
1435 4962 1594 5015 posse
1639 4948 1849 5003 duabus
1872 4952 2121 5019 personis

534 5044 848 5098 commune,
878 5034 1023 5102 quod
1052 5050 1161 5087 non
1182 5046 1454 5107 competat
1485 5039 1647 5092 etiam
1686 5040 1889 5108 tertia};
1922 5043 2121 5101 deinde

535 5124 822 5179 confundit
870 5127 1130 5183 idiomata
1191 5147 1254 5183 ac
1308 5148 1656 5201 personarum
1714 5143 1938 5191 tesseras
1994 5154 2120 5193 cum

534 5216 902 5270 essentialibus
932 5221 1228 5286 attributis,
1268 5231 1328 5275 ut
1348 5222 1461 5291 jam
1489 5224 1650 5278 Joan.
1676 5223 1883 5282 Beccus
1916 5227 2003 5299 (ϐ.
2050 5230 2116 5284 0.

538 5306 579 5370 l,
608 5323 665 5377 p.
730 5304 985 5381 466-168)
1039 5315 1377 5371 observavit.
1439 5317 1761 5375 Communia
1812 5338 1945 5378 sane
1990 5332 2120 5378 sunt

606 5511 722 5587 (75)
751 5514 1039 5587 tionfessio
1074 5516 1240 5570 Marci
1280 5533 1370 5587 ap.
1412 5516 1575 5587 Greg.
1620 5517 1739 5586 Cpl.
1789 5517 1934 5587 (cod.
1971 5519 2114 5575 Mon.

533 5583 675 5670 271..
704 5585 806 5677 “fi
844 5593 897 5653 a)
927 5604 940 5639 :
985 5587 1170 5669 Μηδὲν
1204 5583 1958 5677 105.1101dirimentopévou‘
1981 5591 2118 5677 πρρς

532 5655 632 5726 τὴν
659 5656 1003 5727 ἐκπόρευσιν,
1044 5655 1233 5728 ὥσπερ
1263 5659 1498 5712 οὐδὲτοῦ
1526 5655 1839 5729 nissum;
1865 5661 1998 5728 πρὸς
2019 5655 2118 5732 ’ἑὴν

534 5741 939 5871 γθῖῃῖῢξειίῃε
954 5799 1133 5853 dices:
1160 5800 1352 5856 harum
1376 5819 1478 5856 una
1510 5801 1598 5856 uni
1626 5818 1873 5871 persona:
1904 5811 2115 5857 tantum

530 5870 811 5936 convenit,
846 5869 950 5925 alia
982 5870 1218 5928 duobus.

2226 4668 2510 4725 tesseram,
2535 4661 2601 4715 de
2631 4680 2740 4732 quo
2781 4665 2893 4734 jam
2928 4665 3059 4719 satis
3087 4666 3348 4721 diximus.

2292 4751 2346 4806 4.
2387 4753 2647 4823 Sequitur
2675 4771 2795 4825 cap.
2856 4759 2886 4811 7
2909 4757 3171 4812 dilemma
3214 4778 3228 4810 :
3267 4760 3375 4813 Aut
3409 4759 3650 4830 Spiritus
3685 4777 3835 4815 san-

2222 4854 2343 4899 ctus
2374 4860 2473 4914 per
2524 4848 2929 4915 processionem
2970 4866 3000 4904 a
3032 4849 3169 4904 Filio
3198 4850 3272 4903 nil
3304 4852 3507 4921 accipit
3530 4852 3830 4907 diversum

2221 4937 2290 4992 ab
2324 4953 2391 4992 eo
2440 4939 2585 5008 quod
2655 4942 2851 5011 accipit
2897 4944 3247 5011 procedendo
3285 4960 3313 4998 a
3360 4943 3519 4998 Patre
3554 4987 3568 5009 ,
3597 4952 3651 4997 et
3688 4953 3840 4999 tunc

2223 5032 2503 5101 processio
2533 5048 2563 5086 a
2594 5031 2728 5089 Filio
2756 5044 2843 5089 est
2875 5035 3085 5091 inutilis
3118 5054 3183 5091 ac
3227 5052 3639 5107 supervacanea
3667 5053 3681 5101 ;
3722 5049 3840 5091 aut

2223 5125 2421 5195 accipit
2442 5126 2569 5196 quid
2599 5127 2667 5181 ab
2694 5126 2784 5181 illo
2808 5128 3106 5194 diversum,
3148 5140 3202 5183 et
3229 5139 3362 5183 tunc
3385 5128 3640 5197 sequitur
3664 5144 3840 5184 com-

2222 5219 2442 5288 positio.
2476 5218 2828 5289 Respondent
2854 5221 3085 5291 theologi
3138 5221 3213 5274 nil
3248 5222 3528 5275 diversum
3561 5220 3840 5290 accipere

2222 5310 2485 5383 Spiritum
2515 5322 2763 5368 sanctum
2790 5329 2887 5384 per
2918 5314 3325 5383 processionem
3370 5330 3401 5367 a
3434 5311 3578 5367 Filio
3610 5323 3665 5369 et
3687 5312 3841 5370 hinc

2299 5522 2410 5593 (75)
2454 5523 2545 5577 Sic
2594 5524 2823 5577 omnino
2872 5520 3198 5589 legendum;
3257 5520 3530 5593 editiones
3565 5520 3789 5576 habent
3820 5541 3838 5576 :

2228 5614 2246 5646 ι
2288 5592 2405 5647 Νοη
2437 5595 2582 5649 enim
2626 5596 2769 5648 idem
2796 5601 2881 5647 est
2929 5593 3232 5661 proprietas
3290 5592 3524 5645 naturali
3591 5602 3645 5646 et
3678 5594 3840 5647 sub-

2221 5666 2420 5719 stantia
2463 5664 2783 5734 :equalitati.
2821 5682 2839 5715 ι
2876 5661 3079 5745 Textus
3105 5663 3285 5745 editus
3311 5663 3367 5715 in
3394 5662 3586 5717 multis
3616 5663 3741 5745 adii
3756 5682 3839 5745 uc:

2220 5733 2564 5791 correctione
2597 5736 2825 5812 indiget,
2859 5750 2966 5812 qua
2997 5733 3142 5812 facta
3170 5733 3333 5799 hujus
3364 5735 3843 5812 praestantissimi

2220 5807 2459 5876 theologi
2498 5824 2652 5862 mens
2680 5808 2841 5879 longe
2873 5803 3139 5861 illustrius
3170 5803 3477 5874 apparebit.
