4008 6404
253 408 360 475 501

978 414 1073 477 DE
1114 419 1177 481 S.
1221 412 1416 478 SPIR.
1458 418 1961 478 MYSTAGOGIA.
1991 442 2061 452 -·
2100 417 2848 481 ANIMADVERSIONES.

3425 413 3530 481 502

251 527 469 605 nullam
520 530 674 597 sequi
731 531 1202 600 compositionem,
1244 531 1337 585 scd
1392 532 1640 601 accipere
1686 533 1841 593 idem,

1960 547 2043 582 σει
2102 530 2198 584 καὶ
2244 532 2343 599 μιᾷ
2394 530 2677 603 χορηγίᾳ),
2736 530 3023 601 imojuxta
3051 531 3415 586 Athanasium
3446 542 3534 585 est

250 635 445 688 neque
490 620 625 675 duas
682 637 803 675 esse
839 624 1244 692 processiones,
1310 625 1403 677 sed
1436 641 1619 686 uuam,
1672 640 1853 694 neque

255 712 670 778 proccssiouem
721 731 751 767 a
804 715 940 768 Filio
998 716 1103 769 dici
1140 732 1298 784 posse
1330 716 1600 770 inutiletu.
1636 716 1849 770 Manuel

252 802 486 857 Caleeas
513 805 570 874 (Ι.
603 821 682 868 ιιι,
736 820 787 874 p.
821 806 943 874 459)
978 816 1031 860 et
1074 807 1359 862 Bcssariou
1411 808 1526 876 (lib.
1579 809 1653 860 De
1706 824 1849 874 proc.

255 896 453 965 Spirit.
487 900 682 959 sancti,
724 916 777 968 p.
830 899 958 969 9.354)
989 900 1302 964 advertunt,
1335 899 1469 954 falso
1495 901 1583 955 hic
1632 916 1851 955 rursum

258 992 373 1045 duo
408 992 638 1061 supponi
664 993 928 1062 principia
965 992 1108 1062 (vide
1128 995 1365 1062 praeced.
1394 1005 1498 1048 art.
1538 994 1564 1066 §
1604 994 1625 1047 Vl
1670 1011 1765 1065 seq
1796 996 1849 1064 );

255 1082 420 1157 {274]
456 1086 652 1139 deinde
671 1098 1051 1158 argumentum
1075 1089 1276 1158 duplici
1303 1090 1463 1143 modo
1492 1099 1810 1158 retorquent
1837 1107 1850 1144 :

261 1176 578 1244 Productio,
640 1194 745 1247 qua
778 1180 1013 1233 mundus
1069 1191 1154 1235 est
1199 1197 1227 1235 a
1264 1183 1446 1245 Patre,
1484 1190 1578 1235 aut
1610 1181 1850 1251 perfecta

261 1278 351 1323 est
379 1277 433 1322 et
474 1279 601 1324 tunc
633 1271 940 1325 frustranea
964 1281 1050 1327 est
1079 1272 1197 1326 Filii
1238 1289 1302 1327 ac
1336 1274 1575 1343 Spiritus
1611 1274 1849 1328 efficien-

264 1359 378 1425 tia;
411 1373 503 1413 aut
538 1361 853 1431 imperfecta
902 1373 956 1418 et
1006 1375 1137 1418 tunc
1209 1364 1619 1433 blasphematur
1668 1366 1847 1421 Pater.

263 1448 367 1506 Vel
396 1454 509 1507 sic:
544 1454 585 1507 si
619 1456 859 1523 perfecte
886 1472 915 1509 a
950 1455 1111 1510 Patre
1140 1458 1372 1511 mittitur
1428 1458 1663 1527 Spiritus
1722 1477 1851 1514 san-

261 1556 410 1610 ctus,
454 1547 789 1615 superfluum
831 1550 956 1613 crit,
1000 1559 1054 1603 et
1080 1566 1109 1602 a
1150 1550 1287 1603 Filio
1320 1552 1495 1617 mitti;
1551 1553 1631 1605 sin
1667 1563 1848 1607 autem

262 1636 607 1705 imperfecte,
671 1654 780 1691 non
842 1654 970 1709 ergo
1011 1639 1285 1707 perfectus
1334 1651 1415 1695 est
1476 1642 1655 1696 Pater.
1695 1644 1850 1709 Quod

260 1743 397 1779 vero
456 1728 545 1782 hic
598 1729 760 1795 valet,
828 1730 880 1784 id
941 1731 1083 1785 valet
1112 1749 1325 1803 quoque
1364 1735 1431 1787 de
1474 1738 1846 1804 processione,

262 1818 376 1872 imo
409 1820 578 1873 multo
606 1822 790 1892 magis.
846 1843 864 1873 ι
911 1824 1176 1890 Perfecta,
1220 1836 1277 1879 ut
1310 1828 1563 1895 arbitror,
1597 1830 1849 1886 aitCale-

256 1925 378 1973 cas,
418 1921 591 1965 estex
624 1912 781 1968 Patre
812 1919 1019 1971 entium
1054 1921 1365 1989 productio,
1397 1940 1501 1977 una
1555 1934 1611 1979 ct
1656 1927 1847 1981 eadem

259 2018 495 2057 numero
544 2004 667 2059 Filii
707 2014 762 2061 et
810 2008 1049 2078 Spiritus
1080 2013 1145 2066 ad
1180 2029 1240 2067 ea
1275 2014 1623 2083 producenda
1653 2034 1847 2087 opera-

254 2094 358 2157 tio,
389 2112 567 2165 neque
601 2097 705 2151 alia
740 2101 1017 2170 estillius,
1052 2105 1157 2159 alia
1212 2107 1430 2161 horum.
1475 2109 1564 2163 Sic
1620 2128 1749 2183 ergo
1791 2122 1847 2167 et

258 2188 312 2239 in
341 2187 426 2241 his
459 2188 660 2243 evenit.
696 2188 941 2247 Perfecta
971 2204 1075 2259 est,
1111 2206 1166 2253 et
1196 2201 1366 2270 magis
1407 2218 1567 2272 quam
1604 2204 1844 2273 perfecta

253 2284 346 2333 est
374 2295 441 2333 ex
464 2281 620 2335 Patre
636 2279 875 2351 Spiritus
900 2289 1071 2343 sancti
1103 2294 1402 2360 processio,
1429 2312 1537 2349 una
1571 2305 1625 2351 et
1652 2299 1845 2353 eadem

252 2392 489 2433 numero
514 2392 614 2447 est,
644 2403 765 2455 qua:
817 2398 900 2441 est
938 2403 1005 2443 ε(
1053 2389 1247 2442 eodem
1294 2388 1430 2445 Filio
1497 2395 1841 2461 processio...

250 2483 382 2523 cum
411 2488 515 2527 una
542 2485 595 2531 et
625 2479 813 2534 eadem
858 2497 1088 2535 numero
1139 2492 1408 2551 potestate
1460 2495 1686 2555 uterque
1718 2504 1845 2557 pro-

251 2561 472 2619 ducat.»
506 2568 767 2625 Similiter
794 2574 1095 2629 retorsione
1113 2575 1224 2643 jam
1251 2592 1383 2630 usus
1412 2577 1589 2632 fuerat
1614 2579 1839 2645 Beccus,

255 2655 413 2706 Orat.
450 2656 513 2709 de
544 2676 634 2713 un.
670 2660 812 2716 Eccl.
860 2680 917 2716 η.
951 2663 1023 2717 40
1058 2663 1147 2731 (G.
1180 2665 1241 2720 0.
1291 2667 1333 2731 Ι,
1371 2667 1493 2733 160,
1529 2668 1693 2739 161);
1729 2689 1748 2721 ι
1785 2670 1842 2723 Si

255 2757 481 2816 propter
506 2752 805 2819 perfectum
832 2757 1195 2825 proccssionis
1228 2774 1291 2813 ex
1327 2760 1485 2813 Patre
1516 2776 1844 2830 supervaca-

256 2850 417 2890 neam
478 2854 597 2893 esse
624 2840 781 2897 ducis
835 2845 1243 2913 processionem
1290 2862 1354 2899 ex
1393 2846 1708 2917 Filio,quid
1752 2864 1841 2902 re-

255 2929 555 2995 spondebis
620 2934 933 3007 dicentibus
987 2954 999 2988 :
1064 2935 1119 2991 Si
1182 2938 1552 3008 suppeditatio
1604 2937 1843 3009 Spiritus

254 3023 433 3076 sancti
465 3040 528 3077 ex
586 3025 744 3081 Patre
777 3029 1017 3097 perfecta
1062 3039 1165 3097 est,
1227 3046 1631 3101 supervacanea
1678 3033 1843 3104 igitur

252 3116 363 3169 erit
388 3134 509 3186 qua:
541 3136 608 3173 ex
652 3119 831 3174 Filio?
863 3120 1245 3178 Verumtamen
1295 3135 1349 3180 et
1392 3126 1686 3195 perfectam
1720 3142 1841 3181 esse

1960 625 2118 694 μόνος
2142 623 2238 676 τοῦ
2276 622 2597 693 Πνεύματος
2628 624 2864 696 χορηγὸς
2892 625 2921 676 ὁ
2949 624 3076 685 Υἱός
3102 623 3234 694 (77).
3256 623 3331 677 Ita
3362 622 3534 676 Maxi-

1954 732 2076 770 mus
2118 714 2488 785 Chrysoberga
2548 714 2581 768 l.
2610 731 2658 768 c.
2697 731 2747 770 c.
2780 715 2812 767 5
2844 714 2920 784 (ρ.
2958 714 3142 781 1085).
3187 712 3296 768 Νεε
3325 714 3536 769 abludit

1954 809 2021 861 ab
2059 807 2140 861 his
2170 806 2321 877 llugo
2374 805 2717 869 litlteriauus,
2753 804 2845 872 qui
2898 804 2958 870 χι.
2998 821 3034 870 t,
3062 822 3112 858 c.
3154 805 3237 862 H.
3273 820 3327 873 p.
3371 800 3529 865 1207,

1956 898 2115 967 1208)
2169 898 2243 951 ita
2293 900 2473 967 arguit
2538 906 2726 951 contra
2782 896 3066 950 Nicolaum
3119 896 3530 949 hlethouenscm

1954 992 2025 1057 (c.
2059 991 2168 1055 Η).
2204 1010 2221 1040 ι
2262 991 2318 1043 Si
2350 991 2515 1060 igitur
2547 990 2821 1057 perfectus
2852 989 2995 1043 Deus
3025 999 3109 1043 est
3137 989 3304 1042 Filius
3329 1005 3395 1043 ex
3420 989 3533 1042 Deo

1956 1082 2113 1136 Patre
2168 1083 2431 1151 perfecto,
2484 1083 2634 1151 quid,
2694 1083 2940 1153 inquam,
2987 1081 3222 1153 Spiritus
3252 1084 3318 1136 ad
3344 1082 3535 1151 hujus-

1953 1176 2096 1231 modi
2130 1176 2373 1230 conferat
2402 1176 2836 1246 perfectionem?
2861 1177 2963 1243 Qui
2993 1176 3038 1231 si
3077 1176 3307 1239 confert,
3337 1183 3531 1230 neuter

1951 1279 2034 1324 est
2064 1270 2358 1339 perfectus,
2384 1284 2561 1338 neque
2591 1267 2771 1332 Pater,
2809 1284 2987 1339 neque
3025 1268 3215 1323 Filius.
3249 1267 3535 1333 Quomodo

1952 1367 2094 1417 enim
2129 1363 2402 1433 perfectus
2427 1365 2471 1418 si
2505 1365 2638 1419 tanti
2673 1373 2818 1434 eget,
2849 1364 3038 1433 quanti
3092 1363 3329 1434 Spiritus
3371 1363 3533 1416 dator

1952 1456 2072 1509 est?
2105 1454 2197 1509 Sin
2231 1472 2361 1510 vero
2395 1472 2537 1511 unus
2562 1456 2705 1511 Deus
2735 1456 3011 1526 perfectus
3038 1466 3141 1518 est,
3178 1454 3340 1510 Pater
3366 1464 3422 1509 et
3454 1454 3536 1507 Fi-

1956 1548 2082 1611 lius,
2116 1558 2170 1601 et
2200 1548 2334 1600 nihil
2366 1548 2600 1617 amplius
2626 1557 2709 1602 est
2751 1548 3004 1603 invenire
3038 1563 3216 1617 neque
3258 1547 3439 1601 dicere
3464 1547 3533 1600 ad

1954 1640 2448 1694 manifestatiouem
2496 1649 2739 1710 paternae
2797 1639 3169 1709 perfectionis,
3223 1640 3532 1709 superﬂuus

1954 1734 2139 1801 utique
2164 1733 2233 1787 sit
2268 1731 2522 1800 Spiritus.
2555 1730 2707 1797 Quod
2733 1731 2968 1801 cogitare
2997 1730 3225 1798 impium
3259 1739 3362 1783 est.
3398 1729 3531 1782 Nam

1952 1826 2093 1880 sicut
2121 1824 2447 1879 universitas
2478 1824 2693 1877 videtur
2719 1823 2893 1877 Patris
2945 1831 3000 1876 et
3031 1821 3148 1875 Filii
3202 1835 3342 1886 esse,
3372 1820 3446 1873 ita
3478 1828 3534 1873 et

1954 1919 2191 1988 Spiritus
2246 1918 2421 1972 sancti
2448 1934 2463 1983 ;
2513 1926 2681 1985 atque
2710 1931 2847 1985 quos
2877 1922 3035 1968 vocat
3063 1914 3223 1968 Pater
3251 1923 3307 1967 et
3341 1911 3532 1977 Filius,

1951 2012 2053 2067 hos
2090 2020 2248 2065 vocat
2274 2011 2444 2065 Filius
2475 2018 2529 2063 et
2559 2008 2833 2077 Spiritus;
2862 2024 3000 2078 quos
3029 2006 3331 2063 sanctiﬁcat
3350 2006 3532 2073 Pater,

1951 2104 2050 2158 hos
2095 2102 2399 2157 sanctificat
2454 2112 2509 2155 et
2571 2101 2904 2171 Spiritus....
2938 2098 3237 2169 Propterea
3288 2096 3531 2169 perfecta

1952 2196 2189 2264 Spiritus
2212 2210 2275 2248 ex
2327 2193 2486 2248 Patre
2535 2194 2811 2263 processio
2867 2208 2974 2247 non
3030 2192 3192 2246 debet
3235 2190 3532 2260 prohibere

1947 2303 2066 2342 eam
2124 2304 2246 2357 qua:
2313 2302 2378 2341 ex
2418 2286 2553 2340 Filio
2589 2285 2739 2358 [9.76]
2771 2301 2892 2340 esse
2937 2285 3157 2347 dicitur,
3194 2298 3322 2338 cum
3348 2298 3531 2353 neque

1949 2380 2213 2449 perfectio
2242 2380 2362 2434 Filii
2394 2395 2456 2433 ex
2486 2378 2646 2434 Patre
2675 2378 2965 2450 prohibeat
2991 2377 3387 2447 perfectionem
3404 2392 3531 2431 san-

1946 2474 2020 2528 cti
2042 2474 2281 2543 Spiritus
2311 2489 2376 2527 ex
2411 2473 2599 2527 eodem
2629 2490 2643 2537 ;
2676 2487 2845 2542 quare
2875 2471 3097 2540 planum
3141 2479 3244 2535 est,
3278 2470 3425 2539 quod
3461 2484 3531 2523 ex

1948 2576 2181 2635 utroque
2211 2565 2601 2635 perfectionem
2626 2574 2680 2618 et
2708 2579 2831 2633 esse
2873 2550 3071 2618 habeat
3100 2562 3356 2632 Spiritus.
3391 2581 3410 2613 ι
3443 2562 3526 2615 Ad

1948 2676 2189 2730 praesens
2210 2675 2340 2714 vero
2365 2659 2543 2713 Photii
2564 2669 2729 2729 caput
2752 2658 2894 2713 idem
2929 2667 3121 2712 auctor
3163 2657 3223 2727 tl.
3258 2670 3317 2713 Il.
3347 2671 3399 2710 c.
3434 2656 3525 2719 18,

1946 2768 1998 2821 p.
2032 2752 2190 2819 1255)
2220 2754 2293 2805 ita
2322 2751 2649 2820 respondet:
2702 2769 2720 2802 ι
2758 2749 2919 2804 Pater
2978 2748 3109 2804 facit
3158 2764 3251 2816 per
3301 2744 3523 2809 Filium,

1944 2844 2147 2913 aliquid
2192 2844 2493 2913 accipiens,
2532 2844 2653 2897 sine
2681 2859 2789 2912 quo
2822 2857 3011 2896 creare
3058 2841 3333 2911 impotens
3383 2846 3527 2901 erat,

1943 2939 2036 3007 qui
2095 2946 2352 3008 operatur
2384 2938 2569 2991 omnia
2599 2937 2652 2990 in
2702 2936 2976 2991 omnibus.
3011 2932 3268 3002 Nunquid
3321 2932 3528 3000 imper-

1944 3031 2086 3085 fecta
2116 3040 2198 3085 est
2230 3031 2475 3100 operatio
2504 3029 2682 3084 Patris
2710 3041 2805 3084 aut
2837 3029 2954 3083 Filii
2976 3036 3071 3082 aut
3098 3025 3371 3096 Spiritus?
3404 3022 3527 3078 Non

1944 3122 2151 3193 indiget
2199 3123 2359 3177 Pater
2406 3123 2660 3191 alicujus,
2718 3120 2990 3191 perfectus
3037 3136 3161 3174 cum
3210 3119 3281 3173 sit
3326 3133 3391 3172 ac
3425 3117 3529 3173 sibi

249 3222 322 3260 ex
350 3207 513 3263 Patre
540 3210 773 3279 Spiritus
796 3215 970 3268 sancti
1014 3217 1504 3286 suppeditationem
1537 3228 1592 3273 et
1641 3218 1843 3273 nihilo-
1868 3206 1913 3267 C
1947 3216 2243 3273 sufficiens.
2308 3214 2698 3269 Verumtamen
2729 3215 2914 3268 omnia
2965 3230 3063 3283 per
3091 3211 3286 3266 Filium
3315 3210 3524 3276 condit,

250 3299 440 3353 minus
480 3317 588 3355 non
623 3318 1085 3373 supervacaneam
1132 3310 1272 3376 (eam
1301 3325 1421 3378 qua:
1450 3308 1555 3379 est)
1600 3326 1667 3365 ex
1706 3309 1843 3367 Filio

250 3404 481 3463 propter
507 3396 916 3464 perfectionem.
964 3418 1125 3471 quam
1158 3418 1224 3457 ex
1258 3402 1417 3459 Patre
1463 3406 1647 3472 habet,
1682 3408 1844 3463 indu-

253 3485 487 3541 bitatum
537 3498 618 3543 est
649 3488 785 3561 (76).
827 3511 845 3543 ι
900 3492 1162 3547 Maximus
1224 3494 1620 3568 Chrysoherga,
1682 3496 1840 3553 Orat.

257 3576 323 3628 de
346 3593 492 3645 proc.
519 3577 708 3649 Spirit.
736 3597 785 3637 c.
823 3584 857 3637 4
892 3582 1039 3656 [9.75]
1089 3585 1171 3655 (G.
1232 3585 1296 3641 0.
1336 3587 1401 3652 ll,
1458 3586 1612 3659 1085)
1650 3590 1842 3645 obser-

258 3680 369 3733 vat,
396 3683 718 3738 argumento
748 3674 924 3730 Photii
960 3696 972 3730 :
1014 3698 1031 3727 ‹
1067 3677 1119 3730 Si
1152 3678 1397 3747 perfecte
1426 3695 1492 3733 ex
1523 3680 1685 3735 Patre
1713 3698 1842 3751 pro—

254 3764 405 3817 cedit
441 3765 695 3833 Spiritus,
724 3784 831 3821 non
864 3770 1095 3840 amplius
1125 3788 1350 3826 necesse
1377 3783 1460 3828 est
1491 3789 1614 3827 eum
1649 3792 1841 3845 proce-

254 3855 389 3909 dere
415 3873 633 3927 quoque
659 3877 722 3913 ex
748 3860 902 3926 Filio,
938 3882 956 3913 ι
984 3865 1211 3917 omnino
1231 3865 1361 3919 illud
1393 3867 1700 3928 assimilari,
1731 3885 1841 3939 quo

257 3950 446 4004 Ariani
476 3952 551 4006 uti
581 3953 678 4007 visi
711 3964 840 4009 sunt
886 3972 898 4008 :
939 3954 995 4009 Si
1040 3954 1180 4010 Dens
1214 3957 1487 4027 perfectus
1537 3970 1621 4013 est
1658 3960 1839 4026 Pater,

253 4042 387 4109 quid
432 4059 571 4112 opus
618 4055 721 4111 est,
777 4056 833 4100 et
882 4046 1076 4101 Filium
1124 4048 1425 4117 perfectum
1500 4049 1671 4105 Deum
1719 4067 1841 4107 esse

256 4135 529 4189 credere?
575 4134 629 4191 Si
681 4139 921 4208 perfecta
976 4139 1153 4193 Patris
1207 4140 1387 4196 Deitas
1428 4158 1538 4197 non
1588 4143 1837 4213 impedit,

255 4229 552 4295 quominus
591 4245 654 4285 ea
680 4239 735 4285 et
764 4231 902 4285 Filio
933 4239 1228 4301 competat,
1264 4249 1367 4287 nec
1411 4234 1650 4304 perfecta
1674 4235 1844 4306 Spiri-

256 4330 347 4375 tus
382 4336 448 4375 ει
483 4320 643 4377 Patre
672 4324 949 4393 processio
1002 4324 1276 4394 prohibet,
1308 4342 1378 4381 ne
1408 4336 1462 4380 et
1490 4327 1660 4381 Filius
1695 4329 1751 4381 in
1776 4345 1840 4383 ea

254 4427 381 4465 enm
411 4409 570 4467 Patre
598 4416 987 4470 communicet.
1031 4414 1300 4471 Praeterea
1362 4418 1555 4473 eodem
1584 4420 1710 4489 jure
1738 4437 1841 4476 ne-

253 4504 368 4572 gari
428 4515 608 4575 potest
652 4506 847 4561 Filium
914 4525 1036 4563 esse
1103 4511 1352 4566 datorem
1419 4511 1679 4581 Spiritus,
1707 4515 1836 4584 quia

254 4597 495 4666 perfecte
525 4600 685 4654 datur
717 4616 747 4655 a
778 4600 971 4667 Patre;
1003 4612 1059 4658 et
1109 4613 1311 4665 tamen,
1339 4603 1556 4671 Basilio,
1595 4615 1754 4674 teste,
1782 4618 1838 4663 et

253 4689 416 4742 Pater
446 4698 500 4744 et
556 4690 724 4746 Filius
755 4709 862 4746 uno
893 4703 1018 4748 actu
1050 4694 1183 4748 dant
1242 4693 1508 4763 Spiritum
1548 4698 1659 4767 (διὰ
1680 4699 1839 4752 τοῦτο

250 4779 486 4844 διδόντος
513 4782 647 4835 αὐτὸ
676 4781 768 4835 τοῦ
800 4784 1015 4855 Ila-cpe;
1040 4786 1069 4838 ὁ
1103 4784 1231 4850 Υἱὸς
1254 4786 1387 4840 αὐτὸ
1405 4786 1592 4841 δίδωσι
1623 4792 1723 4861 μιᾷ
1752 4790 1838 4845 δό-

326 4959 442 5029 (76)
470 4961 532 5035 ΕΞ
562 4959 671 5030 γὰρ
709 4960 796 5014 διὰ
836 4961 897 5035 το
944 4962 1149 5035 τέλειον
1188 4963 1290 5035 τῆς
1339 4965 1403 5016 ἐκ
1464 4963 1558 5017 τοῦ
1622 4965 1838 5035 Πατρὸς

250 5032 634 5100 ὲκπορεύσεως
674 5032 941 5104 περιττὴν,
974 5030 1114 5086 εἶναι
1148 5030 1327 5100 λέγεις
1356 5035 1455 5104 τὴν
1484 5036 1549 5089 ὲκ
1579 5036 1673 5089 τοῦ
1708 5030 1837 5091 rio;

251 5104 611 5180 ᾆδε-πόρευσον,
643 5102 696 5154 τί
725 5105 788 5154 σὺ
824 5103 1144 5180 exclama!)
1172 5109 1283 5180 70:;
1324 5102 1510 5180 ἐροῦσὶ
1539 5124 1642 5160 σοι’
1675 5108 1837 5180 εἴπερ

251 5175 286 5242 ἡ
309 5173 375 5224 ἐκ
402 5173 611 5249 [Ia—cpi);
641 5172 875 5249 χορηγία
901 5172 1183 5249 pgilice
1204 5248 1209 5249 γ
1228 5172 1547 5249 Πνεῦγματος
1570 5179 1790 5249 ἐντελὴς
1806 5172 1834 5242 ’,

253 5241 487 5319 περιττὴ
509 5244 624 5319 ’ἄρα
669 5245 701 5313 ἠ
736 5244 799 5319 ea
835 5243 931 5295 τοῦ
947 5244 1137 5319 _T_io~'a:
1197 5248 1278 5298 ὅτι
1322 5241 1429 5319 γὰρ
1465 5250 1557 5300 καὶ
1587 5241 1833 5319 τελείοὶῆ

253 5315 321 5387 ἐκ
349 5313 564 5387 [ἰατρὸς
596 5314 832 5387 χορηγία
878 5313 973 5365 τοῦ
1004 5316 1161 5387 ᾁγίου
1198 5313 1517 5385 Πνεύμὰτος
1559 5321 1654 5372 καὶ
1686 5313 1834 5387 ὄμωέ

250 5386 315 5459 οςι
343 5384 572 5459 περιττῇ
611 5386 718 5459 ita).
830 5388 895 5459 tat
944 5384 1038 5436 τοῦ
1075 5386 1224 5459 ’Υξοῦ
1270 5384 1358 5439 διὰ
1384 5388 1482 5457 τὴν
1522 5384 1835 5459 τελειόέητα

251 5452 443 5531 τὴν-ἐκ
468 5452 567 5531 τοῦ
607 5452 843 5531 ῌοιςρέ,
873 5456 1263 5531 ἀιίαμφίᾳὸολον.
1303 5459 1389 5531 -Σὺ
1416 5452 1471 5511 δὲ
1507 5463 1557 5512 εξ
1604 5461 1704 5528 μὲν
1733 5452 1832 5531 οὐχ

252 5524 539 5600 ὁμολογεῖς
567 5527 659 5578 καὶ
689 5527 753 5579 ἐκ
776 5526 986 5600 Bappo;
1002 5526 1229 5600 falcium
1272 5525 1407 5600 sivetu
1442 5530 1540 5589 τὴν
1568 5524 1833 5600 χορηγίαι)

250 5596 352 5649 τοῦ
396 5597 712 5670 Πγεύμαῖος
738 5637 751 5659 ,
798 5597 892 5650 καὶ
933 5597 1027 5649 τοῦ
1075 5598 1205 5650 Υὶοῦ
1266 5598 1321 5650 δὲ
1368 5596 1597 5670 ὁμοίως,
1624 5596 1727 5652 {cui
1756 5602 1833 5670 μὴ

254 5665 563 5750 περιττὴν,
602 5665 841 5750 οὖτιυλεὰ
877 5670 1104 5750 περιεζτὰ
1154 5665 1424 5750 ’ξῆς1κατὰ
1466 5669 1525 5721 σὲ
1541 5665 1832 5748 ’περιττῆέ

253 5737 653 5809 ὲκιιορι-εύσεως⁸
704 5737 875 5791 λάλει·
912 5742 959 5790 εἰ
1008 5737 1065 5809 δὲ
1099 5739 1189 5791 καὶ
1233 5738 1334 5808 τὴν
1382 5740 1447 5791 ἐκ
1472 5738 1567 5791 τοῦ
1620 5741 1833 5809 Harpe;

254 5807 522 5915 χορηγίαν
565 5807 659 5860 τοῦ
712 5808 870 5875 ἁγίου
912 5807 1224 5877 Πνεύματος
1281 5807 1494 5861 ἰελείαν
1549 5807 1833 5879 ὁμολογεῖς

255 5895 325 5915 νη
384 5882 444 5915 ἓν
488 5878 580 5915 τῆξ
646 5878 763 5915 (im:
794 5878 847 5915 λὶ·
877 5879 1086 5915 pelei-nu
1110 5880 1240 5915 λένῃ
1272 5882 1361 5915 νινί
1396 5882 1659 5915 «ven-vain”
1695 5879 1828 5915 cf..."

255 5878 350 5932 καὶ
382 5882 447 5932 ἐκ
488 5878 580 5931 τοῖ
641 5878 677 5930 1‘
685 5878 763 5931 ἰοῦ
794 5878 850 5931 δὲ
877 5879 1086 5933 τελείαν
1110 5880 1243 5951 δέχῃ
1272 5882 1365 5935 καὶ
1396 5878 1659 5954 περιττὴν
1693 5879 1835 5938 εἶναι

1946 3311 2083 3365 nihil
2116 3310 2413 3380 accipiens,
2444 3310 2590 3379 quod
2622 3325 2730 3363 non
2777 3308 2985 3363 habuit.
3023 3305 3133 3361 Sed
3191 3317 3248 3361 ct
3290 3304 3528 3376 Spiritus

1946 3422 2012 3458 ex
2040 3402 2176 3457 Filio
2208 3414 2262 3458 et
2297 3419 2392 3471 per
2420 3402 2615 3457 Filium
2662 3402 2931 3472 procedit,
2986 3401 3125 3455 nihil
3174 3402 3244 3454 ab
3297 3400 3416 3471 ipso
3445 3416 3532 3455 su-

1945 3511 2123 3561 mens,
2178 3495 2281 3548 nisi
2309 3495 2453 3564 quod
2487 3510 2515 3547 a
2545 3494 2704 3547 Patre
2749 3494 2988 3563 accipit;
3028 3493 3307 3563 perfectus
3341 3494 3532 3562 utique

1949 3589 2088 3642 Deus
2113 3602 2175 3641 ac
2202 3587 2404 3640 nullius
2428 3586 2643 3656 indigus
2668 3601 2791 3641 cum
2813 3586 2884 3639 sit
2902 3585 3075 3649 Pater,
3098 3592 3322 3654 generat
3344 3594 3527 3638 tamen

1943 3696 2009 3734 ex
2048 3678 2353 3735 substantia
2415 3678 2634 3743 Filium,
2690 3694 2788 3749 per
2815 3694 2978 3749 quem
3010 3678 3196 3732 condit
3249 3679 3527 3738 universa.

1943 3790 2099 3844 aeque
2131 3774 2231 3828 sibi
2257 3780 2555 3843 potentem.
2587 3771 2701 3827 Nec
2729 3773 2867 3828 adeo
2902 3771 3315 3842 superabundat
3346 3769 3523 3839 Spiri-

1947 3875 2032 3920 tus
2057 3881 2123 3919 ex
2152 3877 2383 3934 utroque
2413 3864 2744 3935 progressio,
2782 3880 2908 3921 cum
2936 3879 3112 3933 neque
3141 3846 3525 3934 imperfectum

1946 3956 2209 4028 Spiritum
2260 3958 2483 4021 indicet,
2539 3972 2716 4027 neque
2780 3957 3137 4027 impotentem
3186 3955 3401 4011 Patrem
3440 3954 3530 4011 vel

1943 4047 2140 4101 Filium
2163 4048 2521 4111 demonstret,
2563 4061 2742 4116 neque
2768 4046 3003 4116 aliquam
3048 4047 3275 4101 inducat
3304 4062 3528 4116 compo-

1943 4138 2218 4191 sitionem.
2263 4136 2318 4191 Si
2342 4139 2654 4192 substantia:
2685 4155 2811 4207 pars
2843 4138 2985 4193 foret
3013 4152 3175 4193 causa
3205 4148 3261 4191 et
3291 4138 3529 4192 causati-

1943 4247 2091 4296 vum,
2141 4231 2368 4286 haberet
2424 4232 2609 4301 utique
2667 4232 2847 4286 locum
2895 4230 3035 4285 ratio
3092 4230 3526 4301 compositionis.

1943 4323 2097 4380 Nunc
2134 4340 2263 4379 vero
2294 4332 2456 4379 natus
2486 4325 2591 4394 (ed.
2622 4326 2839 4393 natura)
2863 4323 3061 4379 dicitur
3080 4323 3269 4389 Filius,
3294 4322 3527 4378 emissus

1942 4432 2072 4471 vero
2127 4415 2387 4485 Spiritus,
2444 4432 2555 4470 non
2613 4417 2666 4470 in
2699 4432 2767 4470 eo
2790 4416 2935 4485 quod
2982 4414 3311 4481 substantia,
3342 4415 3440 4470 sed
3471 4414 3525 4468 in

1943 4522 2009 4562 eo
2061 4508 2207 4577 quod
2247 4508 2337 4562 hic
2385 4507 2605 4576 quidem
2651 4507 2910 4579 gignitur,
2960 4507 3048 4562 ille
3096 4523 3227 4562 vero
3255 4506 3522 4578 procedit.

1871 4564 1914 4619 D
1944 4598 2051 4653 Sed
2081 4564 2189 4653 hoc
2210 4600 2280 4653 ad
2346 4564 2594 4652 naturam
2630 4564 2740 4653 nvo;
2786 4564 2996 4670 spectat
3050 4564 3355 4653 Divinitatis
3386 4598 3519 4668 (78).

1940 4689 2187 4759 Amplius
2241 4708 2254 4743 :
2307 4688 2546 4745 Verbum
2589 4689 2685 4744 Dei
2716 4706 2840 4746 cum
2887 4690 2959 4745 sit
2987 4691 3289 4761 perfectum
3319 4697 3375 4744 et
3399 4690 3523 4742 nul-

1941 4784 2046 4838 lius
2076 4784 2345 4856 indigens,
2372 4783 2501 4854 quid
2531 4786 2741 4854 accepit
2765 4800 2795 4837 a
2826 4784 3030 4854 Spiritu
3056 4792 3267 4847 sancto,
3299 4781 3519 4851 quando

1938 4965 1999 5037 οὑ
2020 4964 2201 5031 λέγεις
2226 5003 2241 5027 ,
2283 4964 2391 5037 ἴνειῑ⁸
2420 4964 2494 5035 μὴ
2530 4967 2655 5037 τοὺς
2712 4963 3199 5037 ἐκκλησιαστικοξις
3228 4962 3518 5037 ὑπερϐἡοῃ

1937 5036 2131 5106 ὅρους,
2170 5034 2401 5105 περιττά
2450 5034 2534 5088 σοι
2581 5035 2767 5088 λοιπὸν
2824 5040 2892 5087 τὰ
2926 5035 3054 5103 περὶ
3102 5034 3201 5104 τῆς
3247 5034 3517 5104 ἐκπορεύῖ

1940 5123 2094 5168 σεως.

2010 5176 2121 5245 (77)
2152 5176 2225 5231 De
2262 5176 2367 5231 hoc
2405 5176 2686 5232 Athanasii
2721 5175 2867 5229 dicto
2904 5188 2991 5240 (ex
3018 5184 3159 5229 orat.
3195 5176 3246 5237 1,
3273 5190 3323 5230 c.
3360 5175 3515 5228 Aria-

1936 5263 2057 5311 nos,
2091 5247 2203 5301 sive
2233 5248 2413 5315 potius
2436 5288 2450 5305 .
2501 5258 2559 5300 ut
2588 5245 2953 5299 communiter
2988 5262 3131 5300 nunc
3171 5257 3417 5310 vocatur,
3445 5261 3513 5301 ex

1936 5334 2023 5385 ep.
2055 5320 2327 5388 encyclica
2384 5318 2449 5371 ad
2496 5317 2655 5370 Afros
2704 5316 2897 5388 cpisc_.)
2932 5315 3229 5388 disputant
3279 5316 3507 5385 Niceph.

1937 5386 2235 5443 Bleunuida
2271 5398 2409 5441 orat.
2442 5389 2532 5449 9.4,
2562 5402 2611 5439 (ι.
2646 5389 2679 5439 6
2710 5387 2795 5454 (ϐ.
2828 5386 2888 5441 0.
2930 5386 2969 5447 Ι,
3001 5386 3116 5455 44),
3146 5388 3341 5455 G‘eorg.
3394 5388 3511 5441 Me-

1938 5460 2143 5513 tochita
2167 5468 2358 5513 contra
2418 5457 2648 5511 Manuel.
2704 5459 2954 5512 tlretens.
2982 5474 3031 5511 c.
3070 5460 3158 5519 19,
3201 5462 3269 5513 ‘20
3300 5458 3416 5527 (lib.
3444 5474 3508 5523 tt,

1936 5531 2073 5585 1051
2111 5530 2285 5599 seq.),
2318 5528 2549 5583 Allatius
2580 5528 2633 5582 iu
2683 5527 2882 5583 Vindic.
2931 5546 3046 5599 ειμι.
3093 5529 3281 5599 ΕρΙιεε.
3321 5545 3370 5581 c.
3415 5528 3507 5596 55,

1975 5641 1989 5655 .
2022 5602 2127 5655 544
2148 5616 2263 5655 εειι.

1934 5618 1989 5670 p.
2022 5616 2127 5655 ou
2148 5616 2263 5669 seq.

2005 5672 2117 5740 (78)
2152 5670 2263 5724 Hoc
2285 5670 2362 5724 nil
2393 5670 2538 5725 aliud
2567 5670 2671 5726 sibi
2699 5670 2848 5733 vult,
2892 5670 2996 5724 nisi
3040 5669 3101 5722 τὸ
3134 5668 3414 5739 γεννητὸν,
3446 5668 3509 5722 τὸ

1934 5742 2264 5811 ὲκπορευτδν
2286 5783 2301 5806 ,
2344 5742 2487 5796 sicut
2526 5758 2704 5811 neque
2728 5743 2789 5793 τὸ
2826 5742 3118 5811 ἀγέννητον
3143 5782 3158 5805 ,
3214 5741 3508 5811 essentiam

1935 5827 2043 5934 nep
2076 5809 2429 5934 cqustituere,
2452 5812 2597 5884 quod
2616 5809 2811 5869 contra
2843 5809 3171 5866 Eunomium
3211 5809 3398 5865 Patres
3422 5811 3508 5866 in-

1935 5896 1999 5934 eu
2023 5898 2122 5934 can
2155 5920 2168 5934 .

1928 5889 2168 5939 .culcaut.
