4008 6406
460 362 565 425 503

1598 352 1862 415 PIlOTlI
1914 354 2423 416 PATRIARClLE
2458 358 2568 419 (ΣΡ.

3638 345 3737 411 504

462 470 759 543 assumpsit
785 484 1003 524 carnem
1034 464 1187 523 carni
1221 464 1589 529 aSsistcntem,
1624 467 2049 538 unctionemquc
2080 466 2123 522 Α
2155 465 2359 520 amoris
2406 465 2812 536 processionem
2869 458 3263 531 intelligibilem
3303 457 3601 532 prteexigat
3627 472 3682 515 et
3706 478 3735 516 ο

463 566 605 620 illius
638 564 857 629 factam,
891 564 1035 617 sicut
1064 564 1327 631 scriptum
1359 570 1442 615 est
1476 578 1487 613 :
1542 578 1559 610 ι
1600 556 1784 615 Jesum
1819 579 1849 617 a
1882 561 2049 616 Naza—

464 661 609 717 rcth,
639 673 801 727 quem
843 656 997 710 unxit
1029 655 1173 710 Deus
1202 654 1407 726 Spiritu
1449 662 1639 707 sancto
1674 667 1729 709 et
1759 655 1995 708 virtute?
2025 674 2041 703 ι

464 750 584 804 Non
628 750 791 820 igitur
847 749 1200 820 indigentiam
1254 749 1493 817 aliquam
1534 748 1619 801 vel
1660 746 2048 817 imperfectum

463 842 743 912 quidpiam
773 840 943 895 Filius
971 843 1231 911 supplcns
1279 840 1517 912 Spiritus
1549 839 1782 893 emissor
1810 839 2045 893 exsistit.

462 935 535 988 At
593 946 724 987 vero
751 931 1005 985 emittere
1058 932 1199 985 Deus
1229 931 1342 999 (79)
1382 928 1535 1002 [ξπ]
1568 946 1690 985 cum
1731 931 1889 985 Patre
1924 932 2049 984 nul-

464 1025 572 1077 lius
620 1022 822 1093 indigo,
864 1030 977 1074 tum
1007 1020 1149 1090 quod
1207 1019 1493 1073 amborum
1560 1018 1937 1072 indiﬂ’erenter
1966 1025 2049 1073 est

467 1115 723 1185 Spiritus,
757 1123 869 1168 tum
904 1113 1047 1184 quod
1081 1112 1201 1167 sine
1230 1113 1409 1167 medio
1439 1112 1509 1166 de
1542 1112 1701 1165 Patre
1723 1110 1894 1165 Filius
1922 1127 2048 1181 pro-

463 1206 653 1271 venit;
689 1205 893 1260 idcirco
916 1221 1026 1259 non
1081 1221 1147 1261 ex
1175 1204 1293 1260 solo
1334 1203 1493 1259 Patre
1526 1205 1783 1275 Spiritus.
1822 1204 1916 1257 sed
1950 1204 2047 1273 (et)

465 1315 533 1355 ex
586 1299 738 1365 Filio,
770 1298 861 1369 qui
892 1298 1039 1352 solus
1063 1297 1275 1354 fructus
1319 1296 1529 1353 exsistit
1554 1296 1727 1351 Patris
1747 1296 2047 1351 secundum

463 1390 709 1445 eamdem
743 1388 1144 1451 habitudinem,
1168 1404 1289 1458 qua:
1313 1404 1377 1443 ex
1403 1389 1563 1442 Patre
1592 1388 1856 1457 procedit.
1894 1406 1912 1439 ι
1949 1388 2049 1441 De-

463 1496 611 1535 mum
664 1496 841 1551 neque
905 1482 1008 1535 hoc
1071 1481 1550 1550 praetereundum,
1598 1482 1741 1549 quod
1817 1481 2047 1535 similem

462 1573 823 1642 objectionem
882 1582 1104 1628 sanctus
1150 1572 1387 1627 Thomas
1441 1572 1543 1625 sibi
1601 1572 1881 1641 proposuit
1913 1587 2048 1627 eno-

464 1665 748 1721 dandam:
809 1685 827 1716 ‹
864 1665 1103 1736 Spiritus
1155 1673 1380 1719 sanctus
1430 1664 1671 1734 perfecte
1723 1666 1969 1735 procedit
2018 1681 2049 1720 a

462 1755 659 1823 Patre;
686 1774 818 1829 ergo
850 1757 1183 1827 superﬂuum
1229 1765 1313 1810 est
1346 1755 1551 1821 dicere,
1602 1759 1749 1827 quod
1787 1758 2050 1827 procedat

465 1867 495 1905 a
531 1850 687 1905 Filio.
750 1870 767 1900 ι
806 1849 981 1916 Quam
1030 1852 1103 1903 ita
1152 1849 1314 1903 solvit
1342 1850 1417 1918 (l,
1478 1866 1533 1920 q.
1572 1850 1660 1914 56,
1694 1867 1745 1905 a.
1777 1852 1811 1903 ‘2
1845 1851 1913 1905 ad
1937 1851 1992 1920 6)
2031 1870 2044 1905 :

470 1960 491 1993 ι
512 1994 517 2011 ,
542 1943 642 1997 Per
674 1944 797 2006 hoc,
825 1943 972 2013 quod
1002 1941 1237 2010 Spiritus
1280 1952 1501 1997 sanctus
1534 1942 1773 2014 perfecte
1803 1945 2050 2015 procedit

467 2050 495 2087 a
524 2034 701 2100 Patre,
729 2050 838 2089 non
873 2035 1049 2088 solum
1083 2051 1191 2090 non
1212 2038 1545 2110 superﬂuum
1570 2038 1876 2102 estdicere,
1901 2038 2049 2109 quod

468 2126 709 2196 Spiritus
741 2137 967 2182 sanctus
1008 2132 1271 2197 procedat
1315 2147 1345 2185 a
1378 2131 1535 2195 Filio,
1569 2131 1664 2185 sed
1697 2130 1923 2185 omnino
1952 2146 2051 2185 ne-

467 2219 786 2285 cessariutu,
855 2219 983 2290 quia
1038 2236 1147 2276 una
1185 2224 1360 2279 virtus
1392 2236 1475 2279 est
1505 2226 1680 2279 Patris
1703 2234 1759 2279 et
1808 2223 1955 2279 Filii.
1986 2223 2052 2279 Et

466 2310 725 2396 quidquid
768 2319 853 2365 est
890 2327 920 2365 a
952 2308 1131 2379 Patre,
1163 2329 1391 2371 necesse
1423 2325 1507 2371 est
1537 2332 1660 2371 esse
1689 2332 1718 2369 a
1751 2316 1907 2380 Filio,
1945 2317 2050 2371 nisi

467 2404 787 2474 proprietati
819 2406 1094 2464 ﬁliationis
1123 2418 1408 2480 repugnet.
1445 2408 1564 2464 Non
1602 2410 1747 2464 cnim
1777 2410 1948 2465 Filius
1970 2420 2053 2465 est

467 2517 497 2555 a
525 2518 585 2558 se
618 2504 754 2574 ipso,
782 2506 953 2561 liceta
988 2507 1167 2564 Patre.
1205 2528 1223 2559 ι
1253 2509 1336 2563 Cl.
1370 2510 1536 2565 etiam
1564 2509 1755 2566 Petav.
1790 2511 1858 2565 de
1891 2511 2048 2566 Trin.

467 2613 565 2661 vn,
606 2601 690 2665 16,
742 2600 795 2653 2.

538 2691 591 2743 5.
637 2692 815 2762 Pergit
842 2691 1166 2758 Photius(c.
1200 2691 1296 2761 8):
1333 2689 1483 2746 Nova
1518 2692 1699 2761 aliqua
1736 2692 1926 2747 relatio
1955 2692 2053 2747 de-

470 2786 623 2840 beret
660 2785 711 2837 in
744 2786 1062 2839 Latinorum
1106 2786 1397 2855 hypothesi
1439 2786 1772 2857 excogitari,
1812 2786 1863 2840 vi
1895 2786 2055 2856 cujus

469 2879 707 2948 Spiritus
738 2888 961 2932 sanctus
985 2876 1122 2931 Filio
1152 2879 1637 2934 consubstantialis
1659 2882 1825 2934 etiam
1845 2881 2053 2951 princi-

468 2970 651 3040 piandi
698 2969 927 3023 haberet
974 2970 1391 3039 praerogativam
1432 2971 1501 3025 ad
1548 2986 1701 3026 suam
1738 2973 2055 3044 dignitatem

471 3060 816 3117 servandam.
846 3060 957 3115 Hoc
986 3072 1172 3131 caput,
1207 3063 1312 3117 etsi
1342 3063 1869 3127 brevissimum,etsi
1896 3065 2055 3121 aliine

472 3168 593 3223 cap.
626 3152 661 3207 5
688 3153 832 3221 (vide
858 3168 1022 3222 supra
1060 3151 1160 3222 §l,
1182 3152 1237 3224 2)
1268 3163 1431 3224 atque
1460 3169 1526 3209 ex
1549 3165 1703 3225 parte
1732 3157 1785 3210 in
1808 3172 1874 3211 co
1910 3157 2058 3212 refu-
2082 3182 2127 3245 ρ

472 3255 683 3307 tatum,
725 3244 824 3300 etsi
871 3246 1205 3301 assertioncs
1233 3249 1607 3319 complectens
1648 3266 1679 3306 a
1726 3250 1921 3308 Photio
1948 3270 2059 3308 non

475 3338 753 3407 probatas,
789 3345 968 3391 tamen
1007 3338 1191 3408 plures
1234 3340 1744 3399 animadversiones
1789 3346 2059 3415 exposcit,

474 3445 596 3499 quae
624 3439 680 3484 et
728 3429 873 3484 circa
910 3430 1045 3485 alios
1090 3431 1335 3501 ejusdem
1389 3432 1726 3505 syllogismos
1779 3438 2057 3495 valebunt.

476 3518 519 3573 1.
558 3520 781 3575 Certum
812 3528 986 3576 estex
1014 3521 1250 3577 revelata
1288 3524 1537 3578 doctrina
1558 3566 1573 3591 ,
1606 3524 1870 3597 Spiritum
1928 3546 2060 3586 sane

476 3621 623 3667 ctum
660 3627 782 3668 esse
826 3612 1120 3667 terminum
1160 3622 1493 3668 aeternarum
1541 3624 1595 3669 et
1645 3616 2062 3675 immanent‘am

476 3705 747 3784 originum
792 3714 848 3761 et
885 3704 1027 3761 ultra
1079 3714 1192 3761 tres
1240 3720 1505 3776 personas
1560 3708 1913 3766 Divinitatem
1952 3728 2062 3767 non

477 3800 720 3855 extendi.
748 3800 988 3853 Thomas
1012 3799 1070 3870 (ι.
1092 3814 1143 3854 c.
1174 3814 1230 3869 q.
1253 3800 1344 3865 27,
1370 3815 1422 3853 a.
1448 3802 1503 3869 5)
1536 3817 1548 3853 :
1581 3820 1599 3853 ‹
1637 3801 1696 3856 ln
1719 3803 1924 3859 divinis
1954 3822 2065 3861 non

477 3899 561 3945 est
601 3883 902 3961 processio,
957 3890 1065 3945 nisi
1101 3891 1403 3945 secundum
1453 3894 1751 3959 actionem,
1802 3913 1923 3966 quae
1953 3914 2066 3952 non

479 3984 656 4039 tendit
705 3985 759 4037 in
804 3983 1010 4052 aliquid
1046 3982 1440 4051 cxtrinsecum,
1479 3987 1577 4041 sed
1624 3999 1811 4043 manet
1849 3991 1902 4043 in
1951 3990 2068 4060 ipso

480 4085 696 4147 agente.
727 4074 1052 4144 Hujusmodi
1076 4084 1257 4129 autem
1286 4077 1429 4131 actio
1464 4079 1520 4133 in
1563 4080 1919 4137 intellectuali
1967 4100 2068 4138 na-

480 4179 604 4224 tura
621 4179 706 4223 est
727 4171 871 4222 actio
889 4167 1180 4222 intellectus
1209 4180 1265 4223 et
1285 4172 1429 4225 actio
1449 4174 1761 4228 voluntatis.
1790 4174 2069 4230 Processio

483 4271 662 4316 autem
700 4256 848 4315 Verbi
881 4260 1179 4315 attenditur
1207 4264 1509 4319 secundum
1551 4268 1823 4321 actionem
1870 4269 2073 4324 inteli-

484 4355 728 4427 gibilem.
766 4354 1079 4409 Secundum
1118 4361 1301 4409 autem
1348 4360 1729 4429 operationem
1774 4362 2072 4419 voluntatis

483 4457 763 4508 invenitur
816 4453 869 4507 in
915 4453 1075 4507 nobis
1122 4455 1373 4527 qumdam
1423 4453 1528 4506 alia
1580 4454 1887 4523 processio,
1948 4456 2067 4511 scil.

2155 558 2331 614 Verbo
2351 559 2557 613 oriatur
2578 558 2763 621 Amor,
2790 565 2851 611 ut
2874 556 3015 610 idem
3034 554 3224 609 doctor
3246 550 3473 623 (Opusc.
3502 569 3589 618 Ill,
3610 569 3661 609 c.
3683 556 3737 620 δι

2152 653 2413 707 ostendit.
2466 651 2580 706 Hoc
2617 650 2850 705 sublime
2889 655 3273 719 argumentum
3322 647 3433 714 jam
3484 647 3739 717 exposui'
3786 720 3793 729 ‘

2152 748 2491 820 Augustinus
2516 746 2613 816 (De
2639 746 2781 799 Trin.
2807 762 2897 806 xv,
2931 745 2997 799 17
3024 744 3167 813 seq.)
3205 758 3381 811 eoque
3420 742 3599 796 utitur
3625 751 3738 796 tum

2156 842 2486 895 Hatramnus
2515 841 2570 900 (ν
2598 854 2760 907 supra
2789 854 2849 901 ιι,
2882 837 2910 909 §
2941 838 3019 905 7).
3054 847 3171 891 tum
3203 834 3353 906 llugo
3385 833 3739 897 Etherianus,

2150 934 2243 1004 qui
2277 933 2353 1004 (l.
2391 949 2429 995 I,
2455 948 2506 986 c.
2534 931 2620 995 ll,
2661 948 2715 1000 ν.
2754 929 2913 999 1208)
2938 928 3189 983 adductis
3220 926 3533 998 Hieronymi
3556 927 3742 982 verbis

2154 1027 2233 1093 (iu
2264 1025 2399 1095 psal.
2434 1024 2545 1091 xw)
2573 1042 2584 1076 :
2628 1043 2645 1074 ‹
2678 1022 2915 1094 Spiritus
2945 1030 3167 1076 sanctus
3198 1035 3303 1075 nec
3326 1018 3489 1073 Pater
3519 1028 3608 1073 est
3640 1034 3743 1074 nec

2152 1115 2342 1179 Filius,
2370 1116 2463 1168 scd
2498 1115 2740 1176 dilectio,
2770 1128 2933 1183 quam
2972 1112 3137 1167 habet
3174 1112 3334 1166 Pater
3362 1111 3415 1164 in
3453 1110 3658 1165 Filium
3688 1120 3743 1165 et

2154 1207 2325 1263 Filius
2358 1208 2411 1260 in
2440 1206 2676 1269 Patrem,
2709 1225 2727 1257 ι
2767 1205 2839 1259 ita
2863 1205 3251 1276 prosequitur:
3283 1223 3304 1256 ι
3334 1202 3612 1270 Quoniam
3646 1203 3743 1275 igi-

2153 1311 2243 1355 tur
2295 1300 2553 1370 Spiritus,
2603 1308 2663 1351 ut
2696 1308 2781 1352 est
2825 1313 2979 1352 amor
3017 1295 3212 1356 Patris,
3266 1296 3337 1349 ita
3378 1307 3433 1350 et
3478 1294 3626 1360 Filii,
3686 1305 3744 1351 ut

2153 1393 2397 1464 procedit
2426 1407 2493 1447 ex
2543 1390 2699 1445 Patre
2725 1429 2742 1455 ,
2790 1390 3039 1461 procedit
3074 1406 3142 1444 ex
3177 1388 3343 1453 Filio,
3388 1387 3743 1443 manifesrum

2153 1486 2319 1557 igitur
2347 1492 2431 1538 est
2459 1498 2523 1538 ex
2544 1480 2730 1545 dictis,
2758 1480 2904 1550 quod
2923 1495 3033 1534 non
3066 1481 3362 1535 exsistente
3378 1478 3497 1533 Filii
3531 1478 3743 1549 Spiritu

2151 1595 2329 1649 neque
2361 1594 2425 1631 ex
2457 1576 2577 1646 ipso
2615 1575 2945 1645 procedente
2994 1574 3328 1647 impossibile
3356 1583 3441 1629 est
3484 1574 3742 1629 eumdem

2151 1670 2419 1741 Spiritum
2453 1667 2634 1721 Patris
2662 1681 2783 1721 esse
2828 1667 2911 1721 vel
2958 1680 3024 1721 ex
3057 1664 3215 1720 Patre
3268 1665 3588 1735 procedere.
3626 1684 3645 1715 ι
3689 1664 3745 1718 Id

2153 1762 2357 1834 pariter
2386 1760 2581 1831 probat
2618 1758 2776 1815 Joan.
2810 1759 3181 1829 Argyropulus
3226 1756 3329 1820 (De
3373 1774 3517 1826 proc.
3551 1756 3743 1826 Spirit.

2155 1856 2348 1917 sancti,
2381 1870 2431 1909 c.
2466 1853 2500 1907 5
2529 1867 2647 1921 seq.
2683 1849 2746 1907 ϐ.
2779 1851 2845 1905 0.
2886 1852 2925 1912 Ι,
2966 1851 3069 1905 401
3101 1850 3241 1920 seq.)
3266 1893 3279 1915 ,
3316 1849 3743 1905 occidentalium

2156 1962 2375 2018 quoque
2401 1946 2686 2001 doctorum
2718 1942 3005 2015 principiis
3033 1942 3297 2001 imbutus,
3329 1940 3383 1994 in
3421 1940 3746 1995 nominibus

2157 2041 2317 2109 λόγου
2345 2049 2400 2093 et
2428 2038 2648 2108 ἀγάπης
2680 2037 2960 2092 insistens.
2989 2034 3053 2088 ll.
3087 2032 3431 2103 lnaequalitas
3461 2032 3746 2104 dignitatis

2159 2146 2515 2204 personarum
2543 2130 2669 2184 inde
2692 2128 2865 2198 repeti
2901 2126 3111 2197 nequit,
3132 2125 3278 2195 quod
3300 2140 3406 2179 una
3430 2133 3514 2179 est
3536 2124 3746 2193 absque

2159 2226 2464 2301 principio,
2510 2223 2680 2278 altera
2738 2237 2771 2277 a
2818 2222 3089 2292 principio
3138 2228 3303 2291 atque
3369 2218 3744 2287 principians,

2162 2322 2323 2379 tertia
2365 2336 2396 2374 a
2446 2316 2750 2389 principio,
2793 2330 2973 2385 neque
3037 2324 3221 2368 tamen
3278 2311 3638 2382 principians.
3690 2310 3747 2363 ω

2160 2415 2391 2472 Photius
2415 2412 2630 2475 statuit,
2657 2411 2787 2464 dum
2816 2407 3077 2478 supponit
3100 2406 3361 2477 Spiritum
3382 2421 3491 2459 non
3523 2418 3747 2457 servare

2159 2508 2479 2580 dignitatem
2518 2517 2695 2565 suam,
2739 2501 2785 2554 si
2824 2514 2935 2553 non
2973 2508 3057 2553 est
3106 2499 3223 2568 ipse
3264 2512 3481 2567 quoque
3514 2495 3751 2563 alicujus

2160 2597 2525 2672 principium,
2582 2590 3045 2663 quemadmodum
3072 2588 3263 2647 Filius.
3316 2588 3523 2642 Revera
3563 2593 3752 2657 posset

2162 2695 2314 2763 ipse,
2375 2687 2466 2757 qui
2508 2693 2589 2739 tot
2654 2684 2937 2738 hareseon
2986 2680 3213 2735 Latinos
3270 2680 3505 2742 incusat,
3562 2676 3754 2731 Euno-

2162 2780 2439 2839 mianismi
2500 2773 2693 2846 argui,
2748 2772 2877 2828 dum
2948 2772 3036 2827 hic
3098 2779 3154 2827 et
3200 2771 3331 2825 alibi
3392 2787 3460 2825 ex
3519 2768 3753 2840 originis

2162 2877 2521 2933 relationibus
2586 2871 2842 2931 essentia:
2901 2866 3266 2937 aequalitatem
3332 2864 3471 2918 allici
3539 2872 3751 2917 censet.

2169 2991 2187 3024 ι
2223 2970 2554 3039 Aiqualitas,
2581 2969 2660 3023 ait
2692 2966 2960 3027 Thomas,
2994 2959 3047 3013 in
3098 2958 3303 3013 divinis
3347 2967 3401 3011 et
3449 2956 3754 3011 similitudo

2164 3062 2463 3117 attenditur
2493 3059 2794 3115 secundum
2828 3051 3165 3118 essentialia,
3191 3066 3294 3106 nec
3324 3058 3506 3121 potest
3549 3063 3755 3104 secun-

2164 3158 2293 3213 dum
2350 3156 2647 3210 dictionem
2708 3150 3031 3207 relationum
3086 3146 3426 3216 inmqualitas
3466 3142 3623 3217 [2'79]
3670 3141 3758 3197 vel

2162 3247 2550 3303 dissimilitudo
2567 3245 2693 3300 dici.
2721 3242 2879 3299 Unde
2896 3240 3035 3309 Aug.
3059 3254 3109 3293 c.
3138 3235 3356 3292 Maxim.
3379 3253 3464 3301 ιιι,
3491 3237 3557 3291 18
3575 3236 3713 3291 dicit
3738 3251 3756 3289 ε

2164 3340 2404 3411 Originis
2452 3338 2685 3409 quaastio
2720 3343 2825 3397 est,
2866 3331 3011 3403 quod
3048 3331 3113 3384 de
3135 3332 3261 3401 [quo
3301 3330 3393 3395 sit,
3431 3329 3759 3401 arqualitatis

2164 3442 2374 3495 autem,
2406 3431 2581 3501 qualis
2611 3438 2707 3483 aut
2739 3437 2968 3497 quantus
3012 3422 3200 3479 sit.....
3236 3423 3391 3479 Sicut
3430 3425 3624 3480 eadem
3666 3440 3762 3480 es-

2166 3526 2366 3589 sentia,
2413 3539 2534 3595 quae
2576 3530 2660 3577 est
2706 3522 2759 3574 in
2811 3518 2972 3575 Patre
3016 3518 3339 3592 paternitas,
3387 3516 3443 3571 in
3489 3517 3629 3572 Filio
3678 3527 3766 3572 est

2168 3615 2378 3681 ﬁliatio,
2418 3616 2492 3670 ita
2533 3614 2722 3669 eadem
2752 3611 3009 3679 dignitas,
3042 3628 3163 3683 qum
3188 3614 3239 3665 in
3274 3611 3434 3666 Patre
3463 3620 3549 3665 est
3577 3620 3765 3681 pater-

2169 3710 2335 3775 nitas,
2393 3709 2446 3763 in
2496 3708 2635 3763 Filio
2679 3717 2764 3763 est
2809 3704 3020 3763 ﬁliatio.
3062 3726 3080 3758 ι
3120 3706 3206 3776 (ρ.
3248 3705 3338 3767 42,
3386 3720 3438 3759 a.
3489 3704 3523 3759 4
3579 3704 3647 3758 ad
3681 3702 3763 3771 2.)

2168 3801 2296 3860 Pari
2324 3803 2485 3858 modo
2506 3804 2571 3858 ad
2603 3812 2986 3874 argumentum
3008 3800 3138 3854 illud
3174 3818 3186 3852 :
3212 3819 3229 3850 ι
3260 3796 3430 3853 Filius
3446 3814 3561 3852 non
3590 3797 3765 3867 magis

2171 3897 2433 3951 convenit
2460 3912 2587 3951 cum
2632 3895 2813 3962 Patre,
2859 3912 3025 3966 quam
3074 3892 3314 3963 Spiritus
3362 3905 3627 3958 sanctus;
3667 3891 3765 3946 szd

2175 3986 2415 4059 Spiritus
2464 3996 2686 4042 sanctus
2714 4000 2771 4043 et
2814 3987 2976 4042 Pater
3013 4001 3124 4041 non
3178 3994 3308 4039 sunt
3336 4000 3509 4039 unum
3560 3983 3766 4055 princi-

2174 4082 2325 4152 pium
2398 4090 2649 4151 respectu
2719 4080 2951 4153 alicujus
3007 4079 3210 4135 divina:
3276 4092 3570 4149 personae;
3636 4090 3767 4147 ergo

2175 4190 2357 4246 neque
2386 4175 2546 4230 Pater
2569 4184 2626 4229 et
2664 4173 2854 4235 Filius,
2888 4194 2905 4226 ι
2936 4174 3007 4228 ita
3048 4175 3345 4246 respondet
3375 4189 3451 4243 (ει.
3510 4172 3607 4237 36,
3646 4186 3699 4224 a.
3732 4170 3767 4223 4

2175 4269 2244 4323 ad
2279 4267 2377 4338 3):
2422 4287 2439 4319 ι
2486 4266 2569 4321 Ad
2609 4269 2833 4323 tertium
2879 4267 3210 4335 dicendum,
3267 4268 3413 4339 quod
3459 4266 3766 4322 secundum

2178 4363 2437 4417 relativas
2483 4363 2846 4433 proprietates
2910 4379 3019 4418 non
3082 4363 3383 4419 attenditur
3442 4362 3499 4417 in
3568 4359 3767 4416 divinis

2178 4456 2478 4511 similitudo
2495 4454 2998 4520 veldissimilitudo,
3015 4456 3109 4511 sed
3127 4456 3429 4510 secundum
3446 4454 3763 4510 essentiam.

484 4549 745 4615 processio
771 4549 978 4603 Amoris
1004 4590 1017 4613 ,
1055 4548 1356 4604 secundum
1405 4561 1570 4617 quam
1618 4555 1858 4601 amatum
1894 4558 1979 4603 est
2011 4550 2065 4603 in
2104 4569 2146 4625 υ
2184 4548 2340 4604 Unde
2370 4548 2512 4603 sicut
2540 4548 2700 4602 Pater
2733 4564 2842 4602 non
2869 4557 2953 4603 est
2982 4548 3212 4603 similior
3244 4548 3372 4613 sibi,
3417 4562 3584 4617 quam
3610 4546 3767 4612 Filio,

485 4651 723 4706 amante,
748 4643 891 4697 sicut
907 4660 1002 4714 per
1018 4642 1434 4712 conceptionem
1463 4638 1615 4711 [278]
1640 4642 1791 4695 verbi
1817 4657 1906 4696 res
1924 4642 2070 4698 dicta

485 4734 572 4788 vel
624 4735 894 4791 intellecta
943 4746 1028 4791 est
1088 4736 1143 4790 in
1204 4732 1563 4802 intelligente.
1602 4731 1759 4787 Unde
1794 4743 2077 4804 etpmater

484 4823 892 4898 processionem
912 4829 1074 4883 Verbi
1098 4830 1319 4901 ponitur
1338 4824 1440 4877 alia
1459 4824 1739 4892 processio
1767 4825 1819 4878 in
1846 4826 2073 4893 divinis,

486 4934 607 4989 qua:
641 4929 726 4975 est
764 4924 1026 4989 processio
1067 4924 1294 4976 Amoris.
1334 4939 1351 4971 ι
1399 4916 1609 4971 Exinde
1663 4918 1824 4972 etiam
1882 4920 2080 4990 probat

489 5013 564 5069 (a.
599 5013 651 5083 5)
676 5014 730 5069 in
759 5016 960 5071 divinis
984 5032 1092 5071 non
1122 5017 1308 5086 plures
1334 5026 1496 5082 quam
1522 5011 1658 5067 duas
1696 5015 2080 5082 processiones

488 5119 632 5169 esse,
672 5114 727 5160 et
757 5109 829 5176 (a.
850 5108 903 5162 5.
933 5107 1000 5161 ad
1035 5108 1088 5175 l)
1119 5108 1280 5161 docet
1318 5124 1334 5156 ι
1359 5101 1505 5176 quod
1543 5118 1653 5157 non
1692 5112 1781 5159 est
1822 5121 2078 5161 necessa-

491 5198 636 5251 rium
669 5199 970 5269 procedere
1015 5201 1069 5254 in
1119 5199 1319 5254 divinis
1356 5197 1802 5273 processionibus
1847 5199 1899 5252 in
1954 5200 2079 5254 inti-

492 5288 689 5343 nitum.
716 5289 1004 5345 Processio
1022 5292 1193 5357 enim,
1216 5310 1337 5363 quae
1362 5306 1455 5351 est
1478 5294 1547 5348 ad
1573 5294 1737 5355 intra,
1767 5292 1823 5346 in
1858 5292 2079 5346 intelle-

492 5382 656 5436 ctuali
677 5395 893 5447 natura,
919 5384 1245 5440 terminatur
1263 5388 1316 5441 in
1340 5386 1689 5458 proccssione
1709 5386 2026 5440 voluntatis.
2058 5404 2076 5437 ι

493 5474 571 5529 Ex
608 5474 709 5529 hac
738 5477 952 5547 egregia
996 5477 1244 5533 doctrina
1287 5480 1451 5534 etiam
1494 5495 1591 5549 per
1622 5494 1681 5533 se
1727 5478 2083 5548 consequitur

495 5571 777 5641 processio
804 5569 1038 5641 Spiritus
1070 5573 1241 5626 sancti
1287 5589 1355 5627 ex
1405 5573 1563 5637 Filio,
1626 5588 1751 5627 cum
1801 5572 2083 5643 processio

566 5706 680 5781 (79)
710 5710 777 5767 Et
821 5710 911 5766 hic
962 5711 1141 5785 lectio
1169 5723 1426 5782 corrupta
1486 5713 1738 5779 videtur;
1791 5713 2082 5785 legendum

496 5778 751 5845 Tor'taSsc,
784 5784 855 5837 At
882 5799 1010 5837 vero
1040 5783 1241 5837 emittit
1274 5778 1422 5837 cum.

572 5851 685 5921 (80)
708 5853 788 5908 (ΞΓ.
819 5853 978 5925 Greg.
1019 5854 1142 5909 Νυι.
1175 5865 1311 5910 orat.
1340 5856 1428 5920 3'2,
1461 5872 1513 5926 ν.
1565 5855 1688 5920 510,
1718 5855 1803 5909 ed.
1830 5854 1952 5910 Bill.
1986 5854 2082 5909 Ba-

2181 4644 2256 4698 ita
2285 4658 2387 4697 nec
2412 4640 2582 4696 Filius
2604 4642 2835 4697 similior
2861 4640 3007 4696 Patri
3024 4658 3186 4712 quam
3215 4641 3454 4714 Spiritus
3470 4654 3716 4698 sanctus.
3745 4660 3764 4694 ι

2182 4733 2322 4808 Ergo
2352 4751 2460 4789 non
2495 4734 2696 4789 amittit
2724 4734 2962 4802 Spiritus
2994 4741 3219 4789 sanctus
3250 4749 3407 4787 suam
3447 4733 3771 4804 dignitatem

2181 4842 2248 4881 eo
2276 4826 2420 4896 quod
2464 4825 2610 4879 nulla
2638 4824 2709 4879 ab
2734 4841 2799 4879 eo
2825 4840 3057 4894 persona
3096 4826 3358 4897 procedat
3386 4834 3443 4879 et
3466 4824 3509 4879 si
3542 4822 3773 4877 Photius

2180 4921 2235 4975 id
2279 4917 2584 4980 contendit,
2643 4932 2767 4971 cum
2830 4917 3100 4973 Eunomia
3150 4919 3476 4974 'contendat
3532 4924 3771 4987 oportet.

2181 5013 2519 5086 ingenitum,
2555 5013 2825 5087 genitum,
2856 5028 2922 5067 ac
2968 5013 3272 5086 generatim
3320 5012 3381 5064 τὸ
3419 5011 3601 5081 ἀρχήν
3633 5024 3775 5069 τινος

2182 5107 2321 5165 εἶναι
2354 5111 2526 5180 ipsam
2570 5108 2909 5164 constituere
2954 5121 3205 5165 naturam
3230 5148 3245 5171 ,
3273 5106 3419 5178 quod
3460 5121 3491 5159 a
3517 5103 3777 5159 Patribus

2182 5206 2348 5260 toties
2390 5203 2817 5258 condemnatum
2868 5211 2955 5256 est
3003 5202 3135 5273 (80).
3194 5200 3287 5256 Ill.
3352 5201 3511 5270 Apud
3552 5198 3773 5253 Latinos

2182 5298 2444 5367 quaelibet
2490 5308 2725 5365 persona
2768 5293 2836 5347 ab
2878 5296 3048 5351 altera
3106 5294 3348 5365 qualibet
3419 5292 3779 5348 relationibus

2183 5390 2558 5461 distinguitur,
2590 5387 2729 5442 adeo
2764 5399 2826 5443 ut
2849 5388 2995 5443 nulla
3020 5406 3161 5444 nova
3188 5389 3452 5443 relatione
3489 5402 3629 5456 opus
3662 5386 3733 5441 sit
3759 5403 3777 5453 ;

2187 5485 2361 5540 Latini
2394 5502 2497 5541 nec
2530 5486 2736 5557 plures,
2771 5501 2875 5543 nec
2900 5484 3189 5554 pauciores
3211 5482 3426 5553 σχέσεις
3454 5481 3777 5547 admittunt,

2186 5596 2349 5638 uuam
2384 5579 2575 5641 Patres
2608 5579 2803 5636 Grzeci.
2831 5579 2987 5645 Quod
3011 5578 3055 5632 si
3084 5575 3263 5631 activa
3288 5575 3515 5646 spiratio
3553 5584 3610 5630 et
3643 5574 3778 5629 Filio

2187 5718 2366 5844 ῗίἐλβ.
2403 5718 2543 5776 Eun.
2581 5736 2619 5784 ι,
2650 5719 2683 5777 5
2717 5734 2834 5789 seq.
2888 5715 3074 5789 Cyrill.
3126 5713 3291 5769 Thes.
3332 5725 3466 5768 xvut
3492 5753 3509 5778 ,
3552 5726 3609 5781 p.
3652 5708 3776 5775 184,

2260 5811 2312 5844 ἱ).

2260 5811 2312 5845 ἰ).
