4008 6416
167 404 280 467 505

892 404 989 464 DE
1027 404 1089 463 S.
1141 402 1333 465 SPIR.
1379 404 1885 475 MYSTAGOGIA.
1920 437 1990 451 ·--
2016 415 2771 480 ANIMADVERSIONES.

3337 423 3446 489 506

164 522 461 589 tribuitur,
495 524 597 580 hac
628 523 739 594 ipsa
776 519 1109 577 discernitur
1148 513 1317 572 Filius
1348 534 1378 573 a
1407 519 1611 593 Spiritu
1638 540 1761 585 tan-
1785 538 1833 595 Α
1860 545 1988 586 nam
2036 546 2161 588 cum
2205 531 2368 589 Pater
2410 543 2467 589 et
2504 532 2676 591 Filius
2722 551 2785 591 se
2826 532 3061 596 invicem
3102 540 3343 599 habeant
3384 556 3445 599 ut

166 630 338 683 quam
371 616 616 685 opposita
650 612 935 675 relatione,
959 611 1137 666 ethoc
1168 610 1406 680 ipsarum
1430 616 1759 678 relationnm

165 720 350 763 nexus
376 722 442 762 ac
458 705 700 761 conditio
727 702 983 773 postulat.
1017 700 1131 755 imo
1164 699 1491 759 Photianum
1522 719 1759 779 systema

166 794 277 849 hac
331 795 386 849 in
442 805 599 865 parte
644 807 930 858 mancum,
991 790 1399 864 imperfectum,
1454 814 1519 853 ac
1570 799 1757 858 debita

163 885 506 941 cohaerentia
552 885 874 941 destitutum
933 885 1145 939 ostendi
1198 900 1399 960 potest.
1452 890 1607 958 Quod
1669 895 1757 951 his

163 978 435 1047 subjecta:
489 978 865 1045 theologorum
927 981 1421 1037 demonstrationes
1456 984 1588 1040 satis
1635 988 1754 1043 evi-

160 1071 370 1123 denter
407 1071 700 1127 docebunt.

238 1162 294 1215 6.
335 1159 388 1215 .l.
417 1160 482 1217 G.
520 1161 805 1219 Walchius
855 1179 922 1218 ex
959 1164 1152 1219 ordine
1197 1164 1358 1221 trium
1394 1185 1755 1240 personarum

159 1254 433 1309 divinitus
478 1255 677 1310 tradito
720 1255 985 1325 consequi
1034 1254 1269 1326 Spiritus
1311 1264 1486 1318 sancti
1530 1280 1753 1335 proces-

159 1348 382 1402 sionem
430 1347 598 1402 etiam
661 1364 691 1402 a
747 1348 884 1403 Filio
936 1349 1043 1402 hoc
1098 1361 1257 1419 pacto
1302 1353 1536 1410 inculcat
1583 1357 1750 1427 (Hist.

159 1448 401 1493 controv.
436 1455 487 1495 c.
525 1440 626 1505 10,
654 1440 681 1512 §
708 1441 765 1504 2,
795 1456 849 1510 p.
887 1440 1010 1505 167,
1060 1442 1184 1513 163)
1212 1460 1226 1497 :
1258 1445 1409 1518 [9.80]
1459 1466 1477 1499 ι
1513 1448 1666 1515 Quod
1707 1451 1751 1505 si

157 1534 351 1597 enim,
398 1531 594 1601 inquit,
651 1532 887 1603 Spiritus
933 1539 1183 1603 procedit
1233 1555 1264 1593 a
1317 1539 1507 1595 Patre.
1555 1557 1751 1611 quem-

156 1622 462 1705 admodum
494 1622 770 1689 Christus,
789 1623 949 1685 Joan.
984 1630 1185 1695 “.26,
1222 1640 1477 1699 testatur,
1498 1634 1752 1705 idemque

158 1715 343 1770 Graeci
374 1696 599 1779 docent,
635 1712 808 1771 Filius
854 1729 1037 1776 autem
1078 1721 1219 1777 inter
1238 1724 1452 1779 divinas
1489 1741 1752 1795 personas

1862 623 2088 695 gignens
2116 634 2171 680 et
2199 627 2437 697 genitus,
2461 635 2516 680 et
2544 626 2671 681 iteu-
2700 626 2860 683 Pater
2878 638 2934 684 et
2955 630 3195 701 Spiritus
3219 645 3445 691 sanctus

1862 724 1924 771 ut
1946 716 2180 772 emissor
2211 724 2268 771 et
2294 717 2550 785 emissus,
2580 728 2636 773 et
2660 729 2717 772 ut
2743 719 2974 775 donator
2996 735 3053 778 et
3073 725 3300 794 donum,
3329 727 3442 791 die,

1859 826 2064 881 quaeso,
2112 812 2360 882 nunquid
2414 828 2523 867 non
2559 828 2811 884 magnatn
2841 813 3095 884 injuriam
3126 818 3258 876 facis
3304 821 3445 876 Filio

1859 912 1909 960 et
1943 903 2171 973 Spiritui
2212 914 2415 967 sancto,
2464 905 2663 973 quibus
2707 904 2913 959 nullam
2961 909 3255 965 adinvicem
3298 914 3444 968 rela-

1859 995 2053 1049 tionem
2085 995 2306 1061 tribuis,
2321 995 2569 1065 quinituo
2589 1011 2748 1065 quos,
2777 1004 2835 1051 ut
2861 997 2932 1051 ita
2958 997 3211 1065 dixerim,
3236 1016 3268 1057 a
3290 1004 3443 1059 socia

1858 1086 2226 1156 processionis
2272 1087 2661 1143 communione
2733 1088 3037 1160 disjungis?
3094 1091 3238 1159 Quid
3292 1096 3442 1153 enim

1857 1186 1963 1243 est,
2002 1180 2147 1249 quod
2199 1178 2368 1234 Filius
2412 1180 2593 1250 aliqua
2641 1180 2823 1235 media
2867 1182 3130 1239 relatione
3183 1189 3445 1258 respiciat

1859 1270 2124 1342 Spiritum
2168 1282 2419 1328 sanctum
2459 1288 2555 1327 seu
2604 1271 2841 1341 Spiritus
2874 1284 3103 1333 sanctus
3139 1276 3363 1346 Filium,
3393 1282 3442 1336 si

1854 1366 2266 1435 processionem
2296 1367 2454 1422 istius
2481 1369 2549 1423 ah
2572 1369 2663 1425 illo
2688 1373 2756 1425 de
2788 1372 2973 1426 medio
2998 1374 3285 1429 amborum
3312 1376 3443 1430 abs-

1855 1458 2086 1513 tuleris?
2119 1478 2137 1509 ι
2160 1459 2366 1514 Eodem
2398 1460 2674 1530 pertinent
2688 1469 2745 1517 et
2764 1461 2865 1518 ista
2888 1464 3133 1535 llugonis
3153 1465 3441 1522 Etheriani

1857 1548 1919 1620 (l.
1950 1565 2007 1616 ιι,
2030 1567 2081 1606 c.
2118 1550 2170 1615 5,
2204 1566 2260 1620 p.
2294 1549 2453 1620 1220)
2484 1569 2499 1605 :
2534 1569 2555 1603 ι
2584 1552 2823 1622 Spiritus
2874 1572 2939 1609 ex
2973 1554 3133 1611 Patre
3180 1557 3440 1627 prodiens

1853 1651 1948 1697 aut
1972 1642 2237 1714 contingit
2266 1643 2465 1698 Filium
2500 1653 2596 1699 aut
2627 1662 2740 1704 non
2763 1648 3061 1720 contingit;
3096 1649 3141 1705 si
3172 1666 3281 1705 non
3307 1666 3443 1707 con-

1855 1733 2032 1804 tingit,
2074 1748 2187 1788 non
2221 1740 2306 1788 est
2332 1733 2539 1803 aliquid
2579 1738 2727 1805 quod
2772 1736 3073 1809 coniungat
3119 1749 3173 1795 et
3222 1742 3443 1811 copulet

158 1807 469 1902 secundum
510 1807 692 1902 locum
739 1817 889 1865 tenet
936 1814 1073 1902 (8t),
1124 1824 1286 1886 atque
1338 1817 1584 1886 ejusdem
1622 1833 1749 1875 cum
1851 1825 1989 1880 Filio
2020 1824 2306 1895 Spiritum.
2332 1842 2351 1876 ›
2384 1825 2621 1881 Prmtera
2648 1830 2921 1898 ordinem,
2952 1807 3044 1902 qui
3069 1843 3148 1886 est
3173 1832 3228 1886 in
3251 1807 3442 1888 sancta

162 1896 325 1950 I’atre
369 1905 453 1950 est
479 1897 756 1969 essentne,
800 1901 1071 1970 sequitur,
1104 1910 1163 1956 ut
1203 1903 1482 1972 processio
1512 1903 1750 1974 Spiritus
1787 1904 1826 1957 Β
1852 1916 2150 1983 Τιοίηίωιθ,
2216 1918 2508 1988 perspicue
2563 1923 2764 1978 assem
2812 1941 2878 1982 ac
2908 1896 3177 1981 ’d'eclarat
3234 1924 3445 1981 Beccus

159 1990 339 2043 sancti
364 1992 529 2046 etiam
567 1993 661 2051 ﬁat
689 2013 719 2049 a
755 1993 915 2049 Filio.
960 1994 1103 2050 Sane
1150 1996 1242 2065 qui
1283 1996 1389 2051 hoc
1418 2007 1641 2070 negant,
1693 1998 1750 2054 in

161 2081 436 2150 ejusmodi
461 2101 519 2139 se
552 2088 854 2156 conjiciunt
882 2085 1248 2154 difﬁcultates,
1283 2097 1340 2144 ut
1368 2102 1463 2145 aut
1501 2091 1749 2146 ordinem

162 2172 219 2226 in
237 2174 527 2233 divinitate
550 2196 907 2249 personarum
929 2195 1034 2233 una
1055 2196 1180 2236 cum
1206 2185 1436 2248 ratione,
1455 2201 1561 2255 qua
1580 2186 1751 2242 altera

162 2266 334 2322 refert
363 2284 422 2325 se
457 2272 523 2326 ad
556 2273 806 2338 alteram,
834 2272 1021 2336 tollere
1053 2288 1147 2334 aut
1178 2276 1448 2332 afﬁrmare
1491 2279 1748 2343 debeant,

162 2360 298 2413 istas
329 2375 430 2416 sua
472 2373 673 2418 natura
726 2364 869 2419 inter
918 2384 977 2425 se
1017 2370 1223 2425 distare
1256 2383 1319 2423 ac
1360 2378 1574 2421 remoto
1612 2366 1750 2423 Filio

161 2477 285 2513 cum
346 2458 592 2526 ejusdem
634 2458 875 2515 essentia
925 2461 1189 2533 Spiritum
1237 2468 1485 2515 sanctum
1536 2476 1566 2515 a
1634 2461 1750 2517 solo

160 2552 324 2607 Patre
346 2549 645 2621 procedere
669 2569 854 2622 posse.
892 2551 1157 2611 Neutrum
1186 2569 1308 2609 esse
1345 2554 1749 2611 admittendum

156 2641 411 2712 quisquis
442 2642 723 2711 perspicit,
752 2646 846 2716 qui
872 2662 985 2702 rem
1026 2661 1094 2701 ex
1123 2644 1373 2705 veritate,
1398 2660 1508 2698 non
1533 2660 1599 2699 ex
1630 2661 1750 2715 per-

157 2754 316 2793 versa
337 2737 597 2807 opinione
618 2752 682 2791 ac
700 2755 865 2808 prava
890 2740 1169 2793 voluntate
1191 2736 1460 2802 zestimat;
1491 2747 1749 2809 recteque

158 2840 361 2900 praeter
389 2830 524 2885 alios
555 2828 711 2885 Joau.
742 2833 1118 2888 Alfelmannus
1162 2830 1477 2903 (Syntagma
1529 2835 1744 2887 exercit.

158 2924 457 2979 academic.
505 2943 559 2996 p.
590 2945 634 2993 ι,
672 2944 725 2996 p.
759 2924 886 2995 416)
925 2925 1101 2981 dicit:
1143 2922 1199 2978 Si
1247 2922 1484 2992 Spiritus
1523 2932 1749 2980 sanctus

157 3031 266 3069 nou
289 3018 617 3086 procederet
634 3034 665 3073 a
688 3017 847 3084 Filio,
872 3019 1053 3074 omnis
1074 3018 1233 3089 plane
1250 3018 1553 3091 personalis
1575 3034 1749 3074 nexus

155 3124 219 3163 ac
242 3110 438 3165 relatio
455 3110 598 3167 inter
612 3110 809 3166 Filium
825 3119 881 3166 et
898 3110 1160 3181 Spiritum
1174 3123 1423 3168 sanctum
1439 3112 1745 3169 tolleretur.

156 3200 414 3271 Requirit
450 3219 581 3261 vero
615 3204 866 3259 absoluta
896 3202 1184 3259 Trinitatis
1204 3206 1493 3275 perfectio,
1528 3215 1590 3262 ut
1617 3222 1745 3278 per-

152 3311 307 3349 sona:
331 3296 450 3350 suis
485 3297 908 3367 productionutu
944 3297 1287 3369 respectibus
1303 3307 1359 3353 et
1383 3300 1742 3370 hypostaticis

156 3387 518 3444 relationibus
550 3389 629 3444 sic
657 3404 850 3445 omnes
876 3388 945 3444 ad
978 3403 1041 3444 se
1080 3399 1303 3452 mutuo,
1349 3390 1596 3460 adeoque
1625 3390 1741 3444 sin-

153 3480 293 3549 gulae
327 3480 395 3535 ad
448 3482 691 3553 singulas
738 3482 849 3538 sint
881 3481 1169 3548 devinctae,
1206 3490 1268 3537 ut
1314 3480 1478 3538 Pater
1520 3481 1743 3553 quidem

156 3570 429 3625 referatur
460 3572 799 3643 hypostatica
830 3574 1094 3631 relatione
1128 3574 1198 3629 ad
1244 3574 1439 3629 Filium
1484 3585 1742 3645 tanquam

152 3664 218 3716 ad
248 3664 519 3734 genitum,
545 3666 716 3722 Filius
744 3666 810 3721 ad
840 3666 1056 3722 Patrem
1082 3676 1143 3721 ut
1171 3669 1460 3739 progenies
1491 3668 1559 3724 ad
1581 3684 1743 3724 suum

152 3756 485 3824 genitorem,
505 3755 667 3813 Pater
688 3758 755 3812 ad
789 3756 1057 3827 Spiritum
1078 3768 1329 3814 sanctum
1354 3770 1413 3814 ut
1437 3759 1655 3830 spirans
1672 3762 1742 3815 ad

152 3860 312 3897 suutu
337 3847 697 3917 spiraculum,
732 3849 965 3919 Spiritus
987 3860 1213 3906 sanctus
1236 3852 1362 3906 item
1388 3853 1457 3907 ad
1494 3850 1737 3921 Patrem,

150 3953 415 4017 tanquam
444 3959 603 3998 suutn
645 3943 994 4011 spiratorem.
1038 3942 1386 4012 Relinqmtur
1424 3967 1555 4023 ergo
1593 3954 1740 4009 inter

148 4039 329 4093 solum
362 4038 558 4092 Filium
580 4046 637 4092 et
654 4036 918 4107 Spiritum
940 4049 1191 4095 sanctum
1215 4042 1462 4112 quaedam
1496 4046 1737 4104 solitudo

149 4142 203 4186 et
259 4132 471 4199 hiatus,
522 4130 567 4185 si
617 4129 763 4184 nulla
810 4131 1118 4200 personalis
1151 4134 1295 4191 inter
1325 4136 1418 4189 τοῦ
1460 4137 1638 4207 Λόγου
1681 4149 1739 4195 et

148 4222 389 4293 Spiritus
449 4222 624 4279 sancti
696 4220 1017 4292 hypostasin
1083 4224 1445 4281 interveniret
1519 4231 1736 4286 relatio.

145 4315 319 4381 Quale
359 4315 636 4384 διάστημα
670 4315 785 4370 sive
825 4313 1045 4389 qualem
1094 4316 1303 4372 hiatum
1354 4321 1601 4377 absoluta
1650 4324 1737 4379 illa

143 4422 207 4461 ac
229 4405 452 4461 infinita
474 4404 758 4461 Trinitatis
786 4406 1048 4475 perfectio
1068 4411 1220 4468 nullo
1245 4413 1408 4468 modo
1428 4412 1685 4467 admittit.
1711 4432 1731 4464 ι

145 4498 253 4554 Sed
284 4499 396 4554 ista
426 4498 538 4568 jam
583 4498 1017 4557 luculentissime
1057 4515 1342 4561 versarant
1386 4520 1453 4560 ac
1503 4505 1735 4561 demon-

1769 3254 1815 3317 C

1856 2011 1954 2081 (De
1999 2028 2144 2080 proc.
2186 2011 2375 2078 Spirit.
2414 2022 2585 2067 sanet.
2621 2029 2672 2069 c.
2714 2018 2789 2084 8;
2825 2018 2889 2075 ϐ.
2922 2017 2990 2074 0.
3031 2017 3072 2085 l,
3114 2017 3214 2073 50i
3262 2018 3438 2088 seq.);

1856 2106 1945 2161 hic
1976 2122 2106 2161 vero
2136 2107 2271 2161 ordo
2296 2120 2356 2162 ut
2379 2107 2750 2175 necessarius,
2778 2120 3021 2166 aeternus
3050 2121 3215 2182 atque
3244 2111 3445 2166 immu-

1859 2198 2040 2253 tabilis
2060 2214 2125 2253 ex
2149 2200 2486 2272 contingenti
2517 2216 2580 2255 ac
2604 2201 2940 2271 temporaria
2969 2202 3233 2258 missione
3267 2202 3442 2274 repeti

1852 2289 2063 2358 nequit,
2097 2304 2275 2359 neque
2303 2291 2656 2357 ex1essentia,
2673 2305 2796 2361 quae
2828 2290 3017 2344 eadem
3044 2290 3097 2344 in
3120 2292 3295 2346 tribus
3317 2307 3442 2361 per-

1854 2382 2002 2437 sonis
2053 2392 2169 2448 est;
2218 2383 2394 2438 solum
2440 2384 2604 2454 igitur
2644 2400 2711 2439 ex
2760 2383 2989 2452 originis
3040 2383 3305 2437 relatione
3346 2399 3441 2452 pe-

1856 2473 2053 2528 tendus
2083 2472 2179 2539 (cf.
2212 2473 2402 2527 Petav.
2437 2473 2514 2526 De
2541 2471 2688 2527 Trin.
2719 2489 2816 2537 vu,
2848 2472 2903 2534 6,
2926 2488 2983 2525 n.
3018 2472 3072 2535 6,
3103 2470 3180 2536 7).
3204 2470 3443 2525 Uberius

1853 2565 2093 2620 ostendit
2124 2565 2289 2633 hujus
2332 2565 2541 2620 ordinis
2568 2572 2822 2619 naturam
2862 2572 2919 2617 et
2951 2562 3263 2627 relationes,
3303 2576 3442 2629 quas

1853 2658 1941 2713 ille
1965 2658 2187 2729 flagitat,
2209 2657 2474 2728 Georgius
2504 2658 2907 2728 Trapezuntius
2932 2655 3034 2728 (De
3058 2670 3205 2724 proc.
3245 2652 3439 2722 Spirit.

1850 2760 2021 2805 sanet.
2051 2751 2121 2806 ad
2154 2750 2313 2806 Joan.
2346 2751 2573 2806 Cubocl.
2595 2749 2659 2807 G.
2678 2749 2745 2806 0.
2777 2749 2819 2815 l,
2839 2750 2944 2806 470
2965 2748 3106 2818 seq.)
3131 2767 3146 2803 :
3175 2766 3195 2799 ι
3221 2744 3440 2801 Triadis

1854 2844 2027 2915 ipsius
2058 2859 2283 2910 nomen,
2314 2844 2513 2913 inquit,
2548 2842 2795 2898 ordinem
2842 2842 3038 2913 signat,
3069 2853 3124 2895 et
3178 2839 3297 2893 ﬁeri
3335 2851 3439 2891 ue-

1850 2938 1990 3009 quit,
2020 2946 2081 2991 ut
2113 2936 2275 2992 Trias
2313 2951 2444 2992 vere
2471 2946 2527 2992 et
2556 2951 2617 2991 re
2650 2935 2767 3005 ipsa
2805 2935 3041 2995 dicatur,
3067 2930 3174 2987 nisi
3215 2930 3444 2987 relatio-

1852 3046 1978 3084 nem
2012 3028 2113 3083 tria
2156 3028 2249 3083 illa
2298 3028 2443 3083 inter
2488 3042 2548 3082 se
2596 3026 2868 3091 habeant;
2921 3038 3050 3079 nam
3086 3022 3132 3077 si
3172 3022 3281 3076 duo
3312 3020 3439 3091 quis

1852 3121 2219 3192 supposuerit,
2254 3136 2378 3190 qua:
2410 3118 2672 3174 relatione
2694 3121 2840 3173 inter
2870 3131 2931 3171 se
2961 3131 3076 3171 non
3106 3113 3434 3177 referantur,

1850 3223 2013 3271 erunt
2040 3215 2151 3271 duo
2178 3214 2266 3268 illa
2296 3227 2521 3284 prorsus
2551 3220 2608 3266 et
2643 3226 2758 3265 non
2785 3210 3041 3266 dualitas.
3068 3207 3225 3274 Quod
3254 3206 3300 3261 si
3331 3204 3438 3261 tria

1851 3315 1979 3362 sunt
2005 3322 2129 3376 quae
2157 3312 2563 3375 supponuntur,
2597 3303 2642 3355 si
2664 3300 3099 3372 unumquodque
3127 3298 3195 3353 ad
3225 3296 3440 3365 reliqua

1851 3401 1955 3457 tria
1986 3398 2304 3455 relationem
2341 3397 2585 3461 habebit,
2614 3398 2724 3452 erit
2750 3396 2928 3457 Trias,
2960 3392 3043 3446 sin
3075 3390 3275 3448 minus.
3307 3388 3434 3442 tria.

1846 3491 2014 3563 Igitur
2041 3491 2086 3546 si
2109 3489 2270 3545 Pater
2291 3506 2418 3561 erga
2440 3487 2638 3543 Filium
2663 3498 2718 3543 et
2736 3500 2864 3557 erga
2888 3481 3155 3552 Spiritum
3184 3486 3436 3534 sanctum

1848 3583 2168 3638 relationem
2198 3581 2367 3637 habet
2413 3581 2753 3645 naturalem,
2799 3590 2920 3632 eam
2962 3588 3084 3644 quae
3127 3570 3435 3627 secundum

1846 3689 2069 3729 causam
2116 3684 2220 3737 est,
2257 3674 2425 3730 Filius
2451 3690 2583 3731 vero
2619 3690 2749 3726 erga
2794 3668 3033 3730 Patrem,
3084 3671 3227 3740 quod
3267 3686 3331 3722 ex
3366 3681 3437 3721 eo

1845 3774 1950 3830 est,
1981 3765 2078 3820 sed
2113 3765 2182 3820 ad
2219 3764 2485 3837 Spiritum
2531 3767 2759 3833 nullam,
2798 3776 2976 3832 neque
3021 3760 3259 3833 Spiritus
3304 3774 3435 3830 erga

1845 3857 2068 3923 Filium,
2134 3866 2232 3912 aut
2287 3858 2522 3913 dualitas
2560 3858 2726 3914 fuerit
2772 3869 2867 3912 aut
2910 3868 3024 3914 tres
3070 3854 3179 3919 dii,
3225 3859 3282 3908 et
3320 3866 3434 3907 non

1846 3948 2112 4015 Trinitas,
2138 3948 2305 4005 Deus.
2337 3950 2511 4017 Quam
2536 3950 2874 4021 impietatem
2901 3949 3089 4005 sedula
3118 3944 3434 4017 provisione

1847 4043 2187 4099 declinantes
2238 4042 2494 4098 doctores
2550 4045 2757 4113 Optime
2795 4041 3160 4100 alhrmarunt,
3193 4032 3346 4107 [282]
3378 4041 3436 4088 et

1845 4134 2232 4192 communibus
2276 4132 2713 4190 Christianorum
2779 4132 3096 4189 notionihus
3168 4125 3432 4190 creditur,

1845 4228 2061 4283 divinas
2090 4227 2413 4297 hypostases
2442 4228 2667 4282 alteram
2705 4227 2863 4283 alteri
2894 4224 3177 4279 adhterere
3206 4235 3261 4280 et
3295 4237 3433 4278 con-

1840 4320 2028 4392 jungi;
2061 4319 2209 4389 quod
2244 4319 2389 4390 apud
2415 4318 2635 4374 Gra’cos
2670 4321 2829 4391 plane
2862 4320 3206 4393 antiquatum
3233 4324 3338 4378 est,
3373 4322 3435 4369 ut

1838 4412 1955 4482 jam
1983 4418 2272 4466 versentur
2295 4410 2349 4464 in
2380 4410 2626 4481 periculo
2647 4453 2661 4475 ,
2695 4428 2765 4467 ne
2791 4410 2859 4465 de
2887 4409 2993 4467 ﬁde
3022 4414 3078 4468 in
3110 4414 3433 4470 Trinitatem

1844 4504 2101 4560 decidant
2127 4503 2262 4574 (82).
2286 4502 2541 4559 Profecto
2571 4503 2626 4557 in
2653 4516 2947 4575 systemate
2977 4506 3248 4563 Photiano
3271 4506 3436 4562 Pater

139 4598 466 4645 straverant
490 4589 817 4647 vetustiores
853 4594 1112 4668 theologi.
1144 4595 1413 4652 Praeclare
1441 4597 1735 4651 Anselmus
1761 4606 1815 4665 1)
1842 4596 2061 4667 quidem
2089 4594 2257 4649 habet
2279 4594 2598 4649 relationem
2629 4596 2696 4650 ad
2730 4594 2930 4653 Filium
2960 4607 3017 4653 et
3054 4599 3123 4653 ad
3162 4598 3431 4670 Spiritum

142 4679 610 4750 ﬂavelbergensis
644 4681 816 4743 episc.
862 4682 981 4753 (lib.
1026 4703 1065 4740 ιι
1111 4684 1259 4741 Dial.
1296 4702 1343 4742 c.
1384 4687 1469 4750 il,
1515 4704 1573 4757 p.
1609 4687 1730 4751 179,

1838 4698 2113 4749 sanctum,
2138 4687 2308 4742 Filius
2338 4696 2393 4742 et
2419 4687 2660 4763 Spiritus
2694 4701 2921 4747 sanctus
2963 4690 3281 4745 relationem
3329 4689 3433 4743 ha-

138 4772 234 4825 ed.
274 4769 453 4834 Paris,
488 4771 690 4839 1723):
730 4789 749 4822 ι
781 4774 919 4829 Cum
960 4776 1078 4831 hac
1110 4776 1248 4831 dicis
1285 4776 1574 4847 (Spiritum
1601 4794 1734 4834 san-
1837 4781 2066 4836 hentad
2116 4778 2355 4845 Patrem,
2408 4781 2503 4836 sed
2555 4781 2759 4836 nullam
2812 4782 2880 4835 ad
2926 4780 3188 4851 Spiritum
3236 4778 3428 4841 Filius,

138 4876 292 4920 ctum
310 4882 423 4920 non
446 4869 745 4936 procedere
766 4886 797 4924 a
818 4869 1467 4944 Filio),[281)maximam
1491 4873 1731 4942 utrique,
1836 4872 2041 4927 nullam
2062 4871 2132 4926 ad
2169 4869 2365 4926 Filium
2393 4871 2634 4944 Spiritus
2664 4873 2986 4928 relationem
3033 4870 3224 4937 habet;
3273 4870 3431 4924 deest

138 4958 285 5013 Filio
337 4959 549 5015 scilicet
583 4961 635 5016 ei
688 4960 916 5032 Spiritui
963 4972 1195 5031 sancto,
1252 4964 1511 5036 injuriam
1562 4965 1729 5032 iacis;

212 5173 332 5251 (Si)
365 5173 485 5230 Huc
506 5187 773 5251 spectant
814 5181 969 5248 plura
1023 5180 1347 5251 testimonia,
1383 5182 1527 5251 apud
1564 5182 1728 5239 Allat.

138 5243 298 5322 Vind.
319 5243 692 5322 _syr_t:_Epl_ie_s.
716 5264 787 5322 _c.
816 5243 907 5311 67,
940 5268 993 5319 p.
1026 5252 1124 5306 501
1176 5268 1292 5322 seq.
1320 5250 1403 5307 Cf.
1420 5243 1607 5309 'Graac.
1640 5272 1730 5309 or-

136 5321 288 5370 thod.
316 5314 377 5379 l,’
398 5318 523 5383 474,
548 5314 690 5384 H5;
716 5319 784 5385 ll,
810 5314 1075 5376 725-728.

211 5388 328 5464 (βξ)
354 5388 419 5464 L.
448 5404 497 5443 c.
529 5405 585 5442 ιι.
618 5390 747 5464 3_,_p.
772 5392 880 5464 {i7}!
916 5411 929 5445 :
976 5391 1121 5462 Πρὸς
1174 5392 1388 5457 τούτοις
1414 5395 1509 5449 καὶ
1540 5394 1602 5448 τὸ
1632 5397 1730 5464 τῆς

133 5458 372 5535 Τριάδος
393 5458 568 5535 ὄνομα
591 5458 745 5535 regna
773 5461 925 5530 δηλοῖ
949 5479 966 5494 ο
1008 5458 1104 5535 uicit
1134 5464 1393 5517 ἀδύνατον
1425 5466 1617 5535 τριάδα
1642 5458 1732 5519 )3-

134 5528 530 5607 “premes;
560 5531 662 5607 οιαὶ
690 5528 1194 5607 ’προιγματιιςῶς-ςὶ
1229 5535 1303 5605 μὴ
1341 5528 1534 5607 Ασχέὰιν
1576 5537 1730 5607 πρὸς

130 5598 347 5677 ἄλληλα
370 5598 485 5677 ἔχει
515 5600 585 5653 τὰ
611 5598 848 5677 τρία-ξ
866 5598 950 5677 τις
975 5602 1085 5677 γᾴρ
1108 5604 1207 5677 δύο
1229 5598 1365 5677 ’τίνᾲ
1382 5598 1728 5677 ’ὖποθείη’μῆ

134 5668 328 5743 οχέσιν
367 5668 723 5743 {Axenus-cpe;
748 5673 955 5743 ἄλληλα
986 5668 1207 5728 cluvon
1236 5715 1252 5742 ,
1301 5674 1396 5729 δύο
1424 5716 1438 5739 ,
1490 5678 1551 5730 οὐ
1595 5668 1729 5740 δυ’ὰξ

129 5741 313 5816 ἐσται*
344 5741 470 5816 eis:
497 5741 744 5816 τρίᾳξεῐη
773 5744 841 5816 τὰ
873 5741 1231 5816 ὑποκείμενα,
1268 5748 1317 5799 si
1350 5749 1450 5816 μὲν
1498 5747 1730 5802 ἕκαστον

304 5812 381 5889 τ-ίξ
401 5811 567 5889 λοιπὰ
584 5812 682 5889 ῥύο
703 5811 888 5889 etiam
909 5815 1053 5889 lixa,
1075 5811 1240 5889 τριὰς
1262 5811 1441 5889 ἕστάι,
1467 5820 1516 5872 εἰ
1544 5818 1600 5872 δὲ
1628 5819 1727 5889 μὴ,

130 5882 282 5952 τρία.
321 5882 384 5935 Ei
424 5884 529 5954 ἄρα
582 5884 695 5955 ἔχει
726 5882 977 5958 ὅπωςὴρ
1005 5882 1143 5956 πρὸς
1199 5889 1292 5943 τὸν
1344 5888 1470 5944 Υὶὸν
1518 5882 1640 5945 καῖ
1666 5882 1729 5943 τὸ

1835 4964 2061 5020 omnino
2116 4973 2339 5020 mutuus
2373 4981 2546 5022 nexus
2577 4966 2723 5023 inter
2749 4966 2885 5020 duas
2918 4970 3223 5034 postremas
3248 4961 3428 5033 hypo-

1832 5181 2060 5259 Ilvsiijtat
2086 5180 2184 5259 τὴν
2208 5178 2329 5259 κοτ’
2360 5179 2541 5259 ιιίτίαν
2587 5179 2826 5259 φυκσικῂν
2855 5179 3076 5259 σχέσιν,
3106 5177 3134 5230 ὁ
3187 5176 3246 5259 se
3282 5176 3429 5259 “Tib;

1835 5248 2097 5330 σξρὸέμὲν
2254 5250 2473 5330 Ιξατέρς
2504 5250 2618 5320 ἔχει
2644 5252 2731 5330 et:
2766 5248 2827 5330 ἐξ
2854 5248 3066 5330 ξύῖοῦ,
3112 5250 3248 5330 πρὸς
3276 5248 3333 5301 δὲ
3365 5248 3428 5330 τὸ

1835 5318 2061 5410 Euathlo.
2105 5321 2359 5410 οὑξεμῐέιν
2409 5318 2564 5410 οῠτῃέ
2598 5320 2703 5410 μὴφν
2756 5321 2821 5410 τὸ
2853 5321 3110 5410 [Ινεῦιὶιαῖ
3146 5318 3285 5410 τερος
3334 5319 3428 5399 τρν

1835 5390 2053 5463 Υἱὸνζῆ
2113 5393 2247 5454 δυὰς
2284 5392 2437 5444 ἔσται
2487 5390 2519 5460 ἢ
2561 5395 2714 5461 τρεῖς
2755 5390 2971 5444 ἔσονται
3004 5390 3119 5444 Θεοὶ
3145 5390 3270 5461 (φεῦ
3324 5390 3427 5473 τῆς

1831 5464 2061 5527 ἀτοπίας
2082 5464 2121 5532 l)
2158 5464 2251 5515 καὶ
2273 5461 2332 5512 οὐ
2371 5460 2543 5532 Τριὰς
2575 5460 2881 5532 ὁλθεόςογῆν
2910 5462 2976 5532 δὴ
3003 5462 3263 5515 ἀσέϐειαν
3292 5477 3427 5527 φευ-

1831 5552 1990 5603 γουσι
2018 5530 2129 5597 τοῖς
2148 5531 2499 5603 ,διδασκάλοις
2526 5530 2709 5603 καλῶς
2750 5530 2995 5600 λέγεται,
3027 5534 3126 5586 καὶ
3152 5534 3274 5603 ταᾼῖς
3304 5547 3425 5603 κοι-

1830 5598 1951 5668 ναῖς
1974 5605 2082 5658 τῶν
2118 5601 2463 5681 Χριςτξανῷν
2505 5600 2739 5681 ἐννοίαις
2789 5598 3107 5681 ετιστεύὶται
3134 5644 3150 5668 ,
3191 5598 3427 5681 *ἔχεοραι

1831 5676 2077 5748 ἀλλήλων
2101 5670 2200 5736 τὰς
2227 5672 2378 5733 θείας
2406 5671 2755 5735 ὑποστάσειςο
2787 5673 2816 5726 ὂ
2842 5676 2954 5737 τοῖς
2985 5674 3245 5751 Γραικοίξ
3268 5670 3426 5723 οὐδα-

1837 5747 1952 5793 ιιῶε
2008 5745 2244 5793 σώζεται
2274 5782 2290 5793 .
2347 5740 2490 5793 ὥστε
2543 5742 2880 5793 κινδυνεύειν
2930 5743 3132 5793 αὐτοὺς
3185 5757 3286 5793 της
3341 5742 3425 5793 εἰς

1876 5742 1966 5807 ὦς’
2008 5745 2290 5809 σώζεται,
2347 5742 2490 5795 ὥστε
2543 5742 2880 5798 κινδυνεύειν
2930 5742 3132 5806 αὐτοὺς
3185 5742 3286 5809 τῆς
3341 5742 3425 5804 εις

1830 5764 2040 5887 ἕῖριὰδα
2065 5816 2302 5877 πίστεως
2332 5813 2685 5867 ἀποπίπτειν.
2731 5813 2815 5869 Cf.
2855 5822 2913 5870 et
2940 5814 3230 5870 Constant.
3265 5811 3422 5871 Meli-

1832 5898 1944 5943 ten.
1985 5903 2023 5955 I,
2063 5901 2114 5942 c.
2136 5884 2229 5941 35.
2254 5882 2341 5957 (ϐ.
2374 5882 2439 5940 ο.
2473 5883 2540 5951 Il,
2565 5883 2672 5941 724
2705 5885 2848 5954 seq.)

1832 5898 1944 5943 ten.
1985 5903 2023 5955 ι,
2063 5901 2114 5942 c.
2136 5898 2229 5941 eo.
2254 5898 2341 5955 (ti.
2374 5898 2439 5940 υ.
2474 5898 2540 5951 ιι,
2575 5898 2672 5941 tu
2705 5900 2820 5954 seq.
