4002 6402
152 418 256 483 509

845 421 944 483 DE
982 422 1043 483 S.
1085 420 1280 483 SPIR.
1326 416 1832 482 MYSTAGf)GIA-'
1862 441 1935 456 --
1968 413 2720 479 ANIMADVERSIONES.

3318 415 3425 484 διο

154 528 499 584 materialem
530 527 962 590 distinctionem,
1004 530 1151 599 quod
1194 536 1279 583 est
1324 528 1685 599 impossibile.
1721 545 1740 580 ι
1772 525 1825 586 Α
1850 526 1946 579 καὶ
1971 526 2197 596 Πνεῦμα
2230 541 2339 580 non
2367 525 2602 594 amplius
2632 538 2820 579 verum
2856 524 3011 591 fore;
3049 525 3177 581 hinc
3214 535 3268 581 et
3292 527 3428 584 Bes-

152 622 267 675 lmo
312 636 475 675 secus
517 636 621 675 nec
663 620 793 691 ipsa:
826 620 1207 691 processioues
1243 619 1736 690 distinguerentur,

148 724 207 767 ut
242 712 491 768 Thomas
519 713 618 781 (ib.
648 714 714 767 ad
742 714 797 781 7)
828 714 987 768 docet
1020 732 1032 767 :
1063 733 1081 764 ι
1118 710 1355 781 Spiritus
1384 720 1607 766 sanctus
1629 711 1740 766 dis-

147 808 424 877 tinguitur
460 808 819 877 personaliter
870 823 900 861 a
948 806 1086 861 Filio
1138 808 1193 861 in
1234 808 1371 869 hoc,
1406 805 1551 876 quod
1589 804 1739 873 origo

147 902 315 953 unius
347 900 706 970 distinguitur
736 901 804 954 ab
835 900 1044 970 origine
1074 900 1319 953 alterius.
1352 897 1460 953 Sed
1494 899 1606 968 ipsa
1637 897 1741 953 dif-

145 992 387 1047 ferentia
420 993 647 1063 originis
675 1002 758 1047 est
783 1008 878 1062 per
909 993 1031 1055 hoc,
1066 992 1207 1061 quod
1252 990 1424 1045 Filius
1453 1001 1537 1046 est
1562 990 1738 1045 solum

145 1098 175 1134 a
206 1080 397 1147 Patre,
446 1081 683 1149 Spiritus
730 1092 954 1137 sanctus
997 1097 1129 1135 vero
1170 1099 1199 1135 a
1251 1080 1409 1135 Patre
1452 1091 1508 1135 et
1575 1081 1737 1135 Filio.

144 1174 265 1228 Non
298 1176 450 1229 enim
479 1175 638 1229 aliter
659 1176 1039 1245 processiones
1062 1175 1552 1246 distinguerentur,
1599 1176 1740 1230 sicut

146 1283 318 1336 supra
384 1276 669 1323 ostensum
723 1278 827 1324 est.
863 1288 882 1319 ι
949 1267 1120 1322 Simili
1198 1268 1361 1323 modo
1401 1268 1513 1338 jam
1583 1269 1740 1339 [iugo

148 1359 487 1413 l‘ltherianus
546 1360 853 1429 disputarat
889 1360 972 1418 ’(ι.
1024 1377 1106 1424 tu,
1162 1377 1211 1415 c.
1270 1360 1359 1424 ιε,
1414 1377 1469 1431 p.
1531 1359 1737 1425 1247):

153 1474 170 1504 ι
212 1452 382 1507 Pater
411 1469 441 1506 a
479 1452 615 1507 Filio
641 1454 746 1507 alia
788 1470 1021 1524 persona
1071 1463 1174 1518 est,
1208 1469 1276 1509 eo
1329 1454 1473 1523 quod
1515 1469 1613 1523 per
1642 1469 1737 1523 ge-

150 1544 493 1598 nerationem
525 1545 574 1599 ei
622 1560 741 1598 esse
774 1555 1012 1615 prtestat.
1058 1544 1111 1599 In
1159 1548 1261 1600 hoc
1302 1546 1450 1600 enim
1492 1544 1679 1599 differt
1706 1560 1737 1599 a

148 1638 304 1695 Filio.
338 1637 483 1706 quod
526 1638 574 1691 ei
619 1654 739 1691 esse
787 1639 879 1692 dat
927 1654 1025 1708 per
1069 1640 1444 1699 nativitatem;
1487 1655 1676 1693 rursus
1704 1654 1735 1693 a

149 1728 403 1797 genitore
450 1726 623 1782 Filius
665 1728 865 1794 differt,
911 1729 1054 1799 quod
1107 1730 1385 1784 nascendo
1434 1728 1631 1798 accipit
1667 1728 1736 1783 ab

150 1819 268 1886 ipso
302 1820 724 1875 exsistentiam.
761 1820 891 1874 Item
930 1837 960 1874 a
1004 1821 1207 1891 Spiritu
1253 1831 1439 1875 sancto
1460 1819 1608 1893 [286]
1640 1836 1738 1891 per

152 1912 254 1966 hoe
283 1912 474 1966 diﬂ’ert
524 1911 703 1975 Pater,
751 1914 876 1984 quia
920 1930 1042 1969 esse
1087 1915 1158 1968 illi
1206 1915 1317 1979 dat,
1372 1916 1500 1969 dum
1556 1916 1735 1985 ipsum

150 2005 374 2060 emittit.
400 2008 472 2059 At
493 2022 623 2060 vero
644 2006 876 2076 Spiritus
901 2016 1121 2061 sanctus
1145 2024 1252 2061 non
1275 2009 1345 2062 ob
1360 2009 1504 2063 aliud
1522 2009 1737 2065 exsistit

152 2100 250 2153 alia
284 2116 313 2153 a
350 2099 511 2154 Patre
534 2116 786 2168 persona,
814 2101 916 2154 nisi
948 2102 1074 2170 quia
1125 2117 1190 2156 ex
1228 2102 1345 2172 ipso
1388 2104 1735 2172 procedendo

150 2193 371 2261 accipit.
409 2193 577 2260 igitur
609 2203 663 2247 et
695 2210 725 2247 a
764 2193 899 2247 Filio
922 2195 1052 2247 dum
1074 2194 1177 2249 alia
1208 2196 1279 2249 sit
1302 2211 1557 2265 persona,
1591 2196 1733 2250 idem

153 2285 391 2354 Spiritus
431 2295 527 2339 aut
556 2285 631 2338 illi
669 2286 914 2341 essedat
950 2296 1045 2341 aut
1089 2287 1157 2340 ab
1198 2286 1317 2356 ipso
1350 2288 1568 2357 accipit.
1614 2286 1733 2342 Non

150 2387 332 2431 autem
368 2379 483 2442 dat,
520 2388 577 2431 ut
614 2378 789 2446 palam
818 2387 934 2442 est;
976 2378 1347 2448 accipitergo.
1380 2378 1539 2433 Circa
1573 2394 1732 2433 unam

150 2469 296 2522 enim
346 2478 402 2524 et
455 2470 758 2539 simplicem
802 2470 1164 2524 substantiam
1213 2469 1391 2525 Patris
1424 2481 1478 2525 et
1528 2470 1645 2525 Filii
1679 2481 1735 2525 et

152 2562 395 2631 Spiritus
429 2563 601 2617 sancti
638 2563 797 2616 aliam
832 2574 1029 2632 przeter
1066 2579 1159 2617 eas
1199 2579 1322 2632 qua:
1374 2564 1535 2619 dictae
1583 2574 1732 2628 sunt,

153 2670 382 2708 causam
410 2654 623 2709 tlill'erre
652 2655 721 2708 ad
753 2655 985 2710 invicem
1008 2655 1253 2725 viquuis
1275 2656 1573 2724 rectaﬁlidei
1600 2657 1737 2711 assi-

156 2747 368 2817 gnabit.
403 2745 574 2811 Quare
603 2746 645 2800 si
679 2746 781 2799 alia
814 2755 898 2800 est
940 2762 969 2799 a
1018 2745 1154 2801 Filio
1190 2763 1428 2816 persona
1474 2747 1731 2815 Spiritus,

152 2838 423 2891 dictarunt
447 2837 678 2907 aliquam
707 2837 1083 2891 habitudinum
1121 2838 1186 2891 ad
1211 2839 1387 2907 ipsum
1421 2839 1606 2893 habet.
1638 2839 1734 2894 Sin

151 2942 336 2985 autem
360 2946 490 2994 non,
534 2931 602 2983 ab
630 2930 747 2999 ipso
780 2947 887 2983 non
923 2940 1007 2984 est
1040 2930 1143 2983 alia
1166 2947 1415 2999 persona.
1452 2952 1469 2982 ι
1512 2932 1650 2988 Hinc
1680 2944 1735 2988 et

151 3022 498 3092 Nicephorus
527 3021 824 3077 Blemmida
860 3022 1021 3091 (orat.
1065 3022 1119 3087 ἓ,
1149 3039 1200 3078 c.
1240 3026 1335 3089 l4;
1370 3024 1433 3081 G.
1466 3026 1529 3081 0.
1559 3026 1598 3091 Ι,
1644 3029 1733 3095 58)

153 3126 349 3186 praeter
403 3115 510 3169 alia
562 3116 799 3170 absurda
870 3132 935 3169 ex
991 3115 1379 3170 Photianorum
1442 3128 1735 3189 systemate

1843 618 2024 675 sarion
2056 617 2157 689 (De
2196 634 2341 686 proc.
2373 616 2559 686 Spirit.
2584 618 2780 678 sancti,
2813 618 2957 686 apud
2996 619 3196 674 Arcud.
3221 618 3423 689 Opusc.

1843 713 2013 768 theol.
2043 728 2161 766 aur.
2196 710 2377 781 p.252
2414 709 2557 779 seq.)
2587 710 2815 764 omnino
2831 707 3056 765 Thomze
3090 711 3429 768 concordans

1842 805 1985 860 hanc
2012 802 2443 874 propositionem
2487 811 2794 873 propugnat
2828 820 2842 855 :
2880 802 2940 855 Ei
2979 802 3148 873 μὴτὸ
3198 802 3429 873 11νεῦμά

1840 898 1988 949 ἐστιν
2018 896 2076 961 ἐξ
2105 895 2255 958 Υἱοῦ,
2272 896 2371 948 οὖν
2393 894 2458 948 ἂν
2482 894 2647 948 αὖτοῦ
2671 895 3044 966 προσωπικῶς
3072 896 3427 965 διακρίνοιτο.

1841 988 1973 1055 Quae
1995 988 2295 1052 conclusio,
2327 988 2452 1042 licet
2502 987 2752 1043 St-otista:
2789 1004 2908 1042 eam
2944 989 3264 1056 negaverint
3291 988 3425 1059 (89),

1841 1086 2099 1153 spectatis
2130 1093 2184 1135 et
2223 1082 2507 1152 perpensis
2529 1080 2752 1135 Patrum
2790 1081 2941 1153 [9.87]
2969 1081 3255 1152 principiis
3286 1082 3426 1136 vali-

1841 1175 2065 1229 dissima
2135 1174 2437 1228 existimari
2509 1174 2691 1228 debet.
2755 1173 3023 1229 Caeterum
3090 1175 3161 1228 cf.
3236 1173 3423 1228 Petav.

1840 1267 1917 1320 De
1946 1266 2090 1320 Trin.
2123 1283 2219 1328 vit,
2249 1282 2298 1321 c.
2325 1266 2378 1329 6,
2413 1282 2469 1318 ιι.
2517 1268 2569 1329 ϐ,
2602 1266 2669 1331 7;
2706 1282 2755 1320 c.
2806 1265 2858 1331 9,
2912 1282 2968 1321 ιι.
3018 1266 3052 1320 5
3088 1282 3203 1336 seq.
3251 1263 3422 1320 Henr.

1840 1356 2029 1411 Kilber
2058 1356 2111 1411 in
2149 1356 2301 1429 [288]
2338 1356 2530 1411 Theol.
2572 1356 2811 1413 Wirceb.
2860 1367 3020 1411 tract.
3065 1358 3139 1411 De
3174 1357 3284 1412 Deo
3321 1374 3426 1412 ano

1839 1451 2073 1516 ettrino,
2116 1450 2259 1520 disp.
2287 1451 2340 1515 6,
2387 1466 2437 1505 c.
2468 1449 2524 1514 2,
2573 1466 2629 1503 ιι.
2661 1449 2787 1503 407.
2818 1449 2949 1515 Quae
2995 1466 3118 1505 cum
3167 1450 3243 1504 ita
3292 1449 3422 1514 sint,

1838 1550 1988 1611 patet
2011 1552 2219 1596 tantum
2246 1543 2436 1597 abesse
2492 1552 2549 1595 ut
2604 1542 2811 1596 Latinis
2834 1542 3014 1611 aliqua
3061 1557 3199 1596 nova
3232 1542 3426 1596 relatio

1838 1634 2141 1706 eﬂingenda
2164 1635 2258 1696 sit,
2282 1650 2387 1704 qua
2420 1635 2663 1705 ipsorum
2705 1644 2940 1704 systetna
2982 1634 3314 1703 perficiatur,
3364 1644 3426 1691 ut

1838 1743 1950 1798 pra:
1972 1727 2363 1781 Photianorum
2386 1727 2633 1781 doctrina
2660 1727 2789 1781 illud
2812 1726 3053 1796 undique
3088 1726 3422 1789 absolutum,

1839 1820 2141 1891 perfectum
2184 1820 2400 1890 sibique
2444 1820 2731 1874 cohaerens
2772 1819 3121 1884 ostendatur;
3147 1829 3293 1887 patet
3321 1834 3424 1873 nee

1840 1910 2135 1965 cessariam
2168 1911 2459 1980 quamdam
2501 1909 2687 1980 σχέσιν
2720 1908 2947 1962 omnino
3005 1908 3058 1960 in
3113 1906 3425 1962 Schismati-

1838 2018 2028 2058 eorum
2079 2002 2292 2058 theoria
2332 2001 2653 2065 desiderari,
2702 2015 2883 2069 neque
2912 2000 3091 2054 solum
3132 1997 3425 2053 Photiiar—

1837 2107 2153 2167 gumentum
2176 2095 2382 2165 optime
2399 2093 2724 2164 retorqueri,
2741 2109 2928 2148 verum
2948 2092 3110 2147 simul
3126 2091 3423 2163 oppugnati

1835 2190 1904 2243 ab
1920 2205 1986 2244 eo
2004 2188 2269 2259 dogmatis
2282 2188 2567 2242 veritatem
2586 2186 3016 2241 luculentissime
3035 2184 3421 2241 demonstrari.

1905 2282 1959 2336 8.
2028 2280 2136 2335 Sed
2180 2281 2247 2334 ad
2299 2278 2556 2333 Photium
2604 2285 2966 2333 revertamur.
3017 2277 3168 2332 Nova
3216 2277 3424 2347 eliingit

1834 2386 2099 2437 monstra,
2138 2391 2259 2445 qme
2298 2374 2619 2427 Latinorum
2641 2373 2889 2428 doctrina
2921 2370 3233 2427 necessario
3258 2371 3423 2425 indu-

1835 2480 1941 2524 cat.
1999 2489 2016 2520 ι
2060 2470 2129 2523 At
2161 2469 2441 2523 enimvero
2483 2466 2779 2521 concidunt
2826 2465 3187 2535 proprietates
3231 2479 3425 2535 perso-

1835 2580 2028 2617 narmn
2065 2582 2083 2613 ι
2129 2563 2269 2632 (cap.
2300 2563 2380 2628 9).
2416 2561 2680 2615 Videlicet
2712 2577 2725 2613 :
2760 2559 2933 2613 Patris
2957 2558 3262 2628 proprietas
3288 2572 3423 2611 con-

1836 2656 2080 2712 stitutiva
2122 2666 2207 2710 est
2249 2654 2459 2724 spirare
2514 2653 2812 2723 Spiritum;
2849 2651 2965 2706 haec
3009 2665 3139 2705 vero
3190 2650 3418 2714 tollitur,

1837 2750 1879 2802 si
1923 2748 2231 2803 communis
2265 2748 2335 2802 sit
2366 2747 2590 2817 spiralio
2620 2756 2675 2801 et
2706 2745 2862 2799 Filio.
2900 2744 3005 2798 Sed
3039 2744 3169 2797 illud
3205 2758 3421 2798 assum-

1838 2853 1987 2912 ptum
2018 2841 2455 2907 jantrefutatum
2482 2849 2567 2893 est
2604 2840 2657 2892 in
2692 2839 2863 2892 altero
2896 2837 3074 2890 Photii
3104 2836 3268 2890 eli'ato
3296 2836 3413 2907 (suo

1836 2952 1932 3007 pra
1985 2935 2072 2998 ΠΙ,
2120 2934 2172 3001 §§
2198 2936 2251 2998 5,
2301 2935 2378 3003 6).
2414 2933 2569 2989 Unde
2603 2934 2749 2988 cadit
2776 2942 2830 2987 et
2854 2933 2997 3002 quod
3034 2932 3162 2986 inde
3184 2930 3419 2987 deduci-

1838 3037 1925 3082 tur
1983 3046 1995 3080 :
2060 3046 2078 3077 ι
2136 3027 2297 3082 Pater
2350 3037 2405 3081 et
2454 3026 2622 3081 Filius
2676 3027 2730 3080 iu
2784 3042 2947 3080 unam
3012 3026 3424 3081 contrahuntur

1836 3134 2145 3189 personam,
2205 3119 2350 3188 quod
2386 3119 2760 3173 Sabellianum
2788 3118 2875 3173 vel
2904 3117 3421 3173 Semisabellianum

152 3208 305 3279 sequi
337 3217 392 3262 et
423 3207 554 3261 illud
579 3207 830 3272 aﬂirmat,
869 3207 930 3261 τὸ
950 3208 1376 3279 ἀντιδιῃρημένα
1407 3204 1735 3280 εἶναιΛόγον

1843 3222 1943 3268 est.
1992 3234 2009 3265 ι
2047 3244 2119 3253 -
2154 3210 2274 3267 Non
2326 3213 2594 3283 sequitur,
2651 3214 2728 3267 ait
2764 3211 3020 3267 Petavius
3074 3212 3133 3283 (Ι.
3166 3227 3217 3267 c.
3249 3226 3301 3267 c.
3329 3211 3421 3277 10,

223 3357 339 3421 (89)
368 3354 625 3409 Photium
658 3356 737 3423 (ut
759 3354 1043 3414 Scotistas)
1075 3356 1382 3421 censuisse,
1407 3357 1739 3414 sufﬁcienter

157 3427 427 3497 Spiritum
462 3436 715 3480 sanctum
739 3443 768 3479 a
802 3423 936 3479 Filio
960 3428 1238 3497 distingui,
1272 3428 1373 3481 etsi
1407 3444 1514 3481 non
1540 3430 1738 3485 haheat

155 3502 222 3553 ab
254 3513 325 3551 eo
356 3497 625 3567 originem
653 3538 667 3559 ,
702 3497 913 3567 scilicet
956 3514 1023 3550 ex
1080 3514 1164 3562 eo,
1198 3500 1342 3567 quod
1373 3515 1481 3551 non
1548 3500 1736 3554 eadem

155 3570 373 3623 ratione
406 3566 568 3622 ambo
604 3581 667 3621 ex
716 3566 875 3621 Patre
928 3566 1264 3636 procedant,
1324 3579 1437 3621 tum
1466 3585 1532 3623 ex
1576 3586 1739 3639 opere

158 3649 351 3695 nostro
381 3639 562 3709 colligi
591 3647 803 3709 potest.
837 3648 951 3691 tum
984 3655 1047 3692 ex
1080 3640 1144 3693 iis
1190 3639 1541 3693 ritatiifestiitit
1574 3642 1740 3695 ellici-

158 3722 264 3774 tur,
298 3728 423 3779 quae
476 3707 535 3763 ili
587 3707 913 3775 Amp/tiloclt.
959 3719 1151 3777 quzest.
1185 3710 1255 3764 28
1283 3725 1313 3762 a
1362 3708 1547 3764 Scotto
1593 3712 1739 3767 edita

156 3783 445 3848 (Quaedam
496 3796 561 3833 ex
615 3779 793 3833 Photii
838 3780 1166 3847 Amphiloch.
1216 3779 1438 3849 Neapoli
1492 3781 1648 3843 1814,
1684 3784 1734 3847 4,

159 3870 212 3920 p.
236 3850 435 3917 iii-Eii)
466 3851 534 3905 de
588 3850 677 3904 illa
704 3850 1006 3919 quiestioue
1047 3851 1322 3920 disputat:
1360 3850 1416 3904 Si
1444 3866 1513 3905 ex
1548 3853 1740 3909 eodem

156 3919 434 3993 principio
466 3919 636 3993 Filius
674 3930 728 3975 et
751 3920 988 3993 Spiritus
1016 3919 1239 3975 sanetus
1260 3923 1581 3991 procedunt,
1607 3940 1742 3992 quo-

158 3991 329 4047 modo
372 4008 477 4046 nec
526 3992 753 4044 fratrum
810 3991 1232 4059 appellationem
1277 3994 1587 4060 accipient,
1626 3991 1742 4049 inec

155 4065 253 4117 filii
297 4078 500 4116 nomen
530 4062 763 4131 Spiritus
793 4074 1014 4116 sanctus
1051 4063 1336 4131 acquiret?
1364 4063 1441 4117 lbi
1474 4064 1524 4116 in
1557 4080 1623 4118 eo
1647 4082 1743 4134 po-

158 4134 440 4188 tissimum
471 4133 708 4199 insistit,
764 4134 908 4201 quod
940 4142 1168 4201 uterque
1196 4134 1267 4187 sit
1313 4134 1501 4186 ἐκοτοῦ
1526 4133 1690 4202 αὐτῷ
1722 4176 1737 4201 ,

155 4204 275 4258 ἀλλ’
305 4204 407 4272 οὐχ
431 4203 714 4275 ὡσαύτως,
754 4204 893 4275 hanc
926 4219 1054 4256 vero
1083 4204 1455 4275 diversitatem
1488 4221 1742 4275 progres-

155 4275 339 4329 sionis
376 4274 660 4342 utriusque
692 4274 936 4326 intimius
968 4274 1296 4343 perscrutari
1326 4274 1514 4328 sedqu
1550 4274 1738 4341 evitat,

156 4347 339 4401 solum
394 4359 506 4397 rem
554 4345 817 4413 exemplis
861 4343 1185 4413 quibusdam
1232 4360 1299 4398 ex
1351 4346 1515 4400 rebus
1544 4349 1742 4402 creatis

158 4416 472 4485 desumptis
517 4416 789 4469 illustrare
844 4416 1224 4483 quadautenus
1272 4423 1523 4469 conatur.
1572 4436 1590 4467 ι
1624 4416 1742 4472 Jam

156 4503 311 4549 vero,
352 4487 664 4539 aitScottus
699 4488 774 4554 (p.
810 4487 897 4540 5|.
933 4503 989 4539 ιι.
1024 4485 1098 4553 ιι),
1134 4486 1361 4555 quisque
1394 4487 1558 4546 videt.
1581 4504 1741 4556 quam

1842 3373 1955 3415 tum
1984 3372 2038 3415 et
2063 3358 2258 3413 Filium
2283 3358 2626 3413 solummodo
2658 3357 2917 3427 distingui
2944 3369 3137 3427 putant
3164 3359 3289 3421 ταῖς
3313 3357 3425 3411 ἀπὸ

1840 3432 2051 3502 Πατρὺς
2077 3428 2655 3502 διαφόροιςᾉπροόδοις.
2687 3426 2809 3502 καθ’
2839 3427 2903 3502 ἃς
2936 3428 2997 3479 τὸ
3032 3429 3130 3495 μὲν
3163 3430 3426 3497 γεγέννη-

1839 3499 2035 3562 una
2059 3501 2114 3554 δὲ
2151 3500 2507 3569 ἐκπορεύεται
2533 3540 2548 3560 ,
2584 3499 2779 3569 σμιξετίι
2811 3542 2824 3560 ,
2878 3499 3097 3565 inquam
3126 3540 3140 3561 ,
3188 3515 3424 3567 quanam

1842 3573 2053 3627 ratione
2079 3572 2309 3626 diversae
2362 3571 2663 3623 habeantur
2695 3569 3105 3639 progressiones
3145 3569 3249 3623 illae
3279 3570 3423 3639 duae,

1840 3661 1946 3713 qua
1976 3643 2030 3696 in
2062 3659 2121 3697 re
2144 3642 2259 3713 luec
2291 3641 2599 3713 differentia
2638 3638 2923 3713 cousiSIat.
2959 3640 3016 3713 Si
3047 3639 3102 3692 in
3144 3656 3209 3694 eo
3230 3677 3243 3701 ,
3278 3638 3425 3713 quod

1843 3709 2123 3786 generatio
2176 3711 2488 3786 immediate
2530 3719 2615 3764 est
2654 3726 2684 3764 a
2713 3711 2881 3786 Patre
2914 3709 3031 3765 solo
3073 3753 3087 3775 ,
3124 3709 3426 3786 processio

1844 3779 1973 3839 vero
2006 3799 2102 3851 per
2142 3782 2547 3853 generationem
2608 3790 2685 3853 et
2710 3780 2945 3853 Spiritus
2996 3794 3091 3849 per
3112 3779 3340 3853 Filium.
3371 3780 3425 3834 id

1843 3871 1942 3926 pro
1970 3850 2126 3909 nobis
2147 3850 2261 3917 est,
2285 3853 2407 3926 ait,
2438 3853 2490 3905 id
2526 3851 2640 3926 fere
2678 3852 2730 3905 in
2767 3851 2991 3926 Thoma}
3023 3850 3288 3926 rationem
3339 3866 3428 3903 re-

1843 3921 1994 3981 cidit.
2025 3926 2081 3980 Si
2115 3939 2245 3979 vero
2284 3924 2337 3977 in
2361 3939 2446 3987 eo,
2473 3923 2614 3991 quod
2642 3933 2869 3992 utraque
2897 3937 2926 3975 a
2951 3921 3109 3975 Patre
3131 3922 3428 3992 solo.tunc

1844 4014 1953 4052 non
1980 3996 2213 4064 amplius
2252 4003 2479 4063 possunt
2524 3992 2692 4046 Filius
2727 3991 2790 4046 et
2827 3991 3161 4064 Spiritusab
3193 3991 3426 4045 invicem

1842 4063 2121 4137 distingui.
2144 4064 2278 4137 Nam
2302 4064 2896 4137 diverswquorumdam
2935 4063 3149 4137 πρόοδοι
3186 4070 3312 4117 sunt
3333 4069 3429 4116 aut

1844 4141 1996 4207 παρὰ
2011 4134 2074 4189 ib
2090 4136 2262 4189 αἴτιον
2278 4144 2371 4189 aut
2392 4135 2544 4204 παρὰ
2560 4136 2621 4207 to
2643 4136 2885 4207 αἰςιατόν
2903 4150 2925 4207 Ἀ
2943 4134 3216 4207 posterius
3236 4148 3427 4207 rursus

1844 4202 2046 4278 duplici
2061 4206 2222 4261 modo
2238 4222 2359 4278 esse
2377 4202 2557 4278 potest
2579 4204 2786 4278 (διχῶς)
2809 4223 2822 4258 :
2847 4204 2929 4278 vel
2948 4202 3428 4278 quia__principiata

1844 4280 1911 4334 ad
1925 4274 2173 4333 diversas
2188 4274 2400 4347 species
2420 4274 2695 4345 pertinent
2712 4277 2793 4328 vel
2814 4274 2940 4347 quia
2959 4275 3024 4347 in,
3047 4274 3259 4347 diversa
3295 4289 3428 4347 sup-

1847 4350 2017 4420 posita
2036 4344 2396 4420 secernuntur
2412 4346 2851 4420 et.term_inantu_r
2870 4344 2923 4420 (ἢ
2954 4344 3129 4420 διαΑτὸ
3155 4345 3222 4397 τὰ
3252 4346 3429 4420 uirga.

1844 4410 1913 4495 ῗτᾲ
1958 4420 2228 4495 διαφόρῳν
2252 4418 2415 4495 εἱδῶν
2446 4410 2751 4495 εἶναικῆιᾷιὰ
2779 4416 2841 4468 τὸ
2868 4410 2957 4495 εἰς
2985 4415 3215 4495 ᾃιάιραρα
3249 4414 3428 4495 optge-

1847 4490 1970 4543 σθαι
1998 4486 2219 4558 ἄτομα).
2243 4486 2363 4541 Jam
2403 4503 2533 4541 vero
2584 4486 2751 4540 Filius
2783 4496 2840 4540 et
2868 4486 3101 4555 Spiritus
3134 4486 3277 4539 haud
3336 4500 3425 4539 se-

156 4560 273 4612 sint
300 4558 504 4625 inepr
546 4559 981 4640 comparationes
1002 4596 1016 4618 ,
1076 4559 1287 4640 quibus.
1315 4557 1402 4610 ille
1451 4556 1739 4640 innititur,
1769 4580 1822 4640 Β
1848 4556 2355 4625 οιιιιᾱυηιδυεοὶριιι
2394 4558 2655 4640 dilferuut
2678 4596 2692 4620 ,
2746 4573 2911 4637 unam
2939 4567 2993 4611 et
3026 4558 3271 4640 eamdem
3325 4572 3428 4609 nu-

153 4644 285 4681 cum
319 4644 429 4691 res,
466 4642 601 4695 quas
640 4629 691 4679 in
714 4626 1023 4695 exemplum
1054 4628 1306 4692 adducit',
1358 4643 1469 4681 non
1528 4644 1625 4696 per
1656 4630 1739 4683 di-

157 4714 385 4753 versum
430 4698 798 4766 processionis
822 4697 1069 4761 modum,
1094 4699 1187 4752 sed
1219 4715 1316 4767 per
1351 4702 1632 4753 materiem
1663 4700 1747 4753 in-

154 4769 553 4839 dividuantetn
579 4776 634 4821 et
675 4769 861 4823 formae
892 4768 1265 4823 diversitatem
1307 4769 1744 4839 distinguantur,

154 4857 281 4909 qua:
327 4838 512 4892 omnia
544 4838 599 4891 in
629 4839 833 4892 divinis
863 4840 1112 4908 personis
1151 4841 1328 4893 locum
1363 4838 1743 4909 nonhabeut;

155 4912 271 4965 imo
298 4910 689 4980 interdum,ut
713 4910 899 4963 videre
935 4921 1015 4963 est
1052 4910 1196 4979 apud
1232 4911 1290 4963 ι).
1324 4909 1591 4964 Thomam
1624 4928 1678 4980 p.
1706 4928 1744 4975 ι,

153 5000 215 5047 «ι.
250 4982 361 5043 56,
403 4997 455 5033 a.
497 4978 620 5033 5ad
663 4980 715 5043 l,
782 4978 1168 5033 similitudines
1217 4983 1505 5048 prouosita:
1557 4978 1747 5036 contra

154 5052 421 5107 Pliotium
456 5051 643 5119 potius
694 5051 921 5104 faciunt.
965 5070 982 5101 ι
1026 5049 1180 5105 Patet
1220 5064 1332 5105 tum
1374 5067 1439 5105 ex
1478 5054 1749 5120 principio

156 5135 279 5175 tum
302 5138 371 5175 ex
402 5121 510 5174 fine
538 5121 703 5186 hujus
743 5121 1127 5189 disputationis
1157 5121 1455 5182 Photianze,
1481 5126 1748 5191 quosdam

155 5193 510 5245 urthoiloxos
531 5192 901 5245 diﬂicultatem
930 5193 1183 5254 movisse,
1215 5210 1377 5262 qualn
1404 5194 1520 5262 ipse
1545 5194 1747 5249 frustra

155 5278 434 5317 enervare
459 5263 763 5330 contendit.
810 5262 1081 5317 Caeterum
1116 5264 1259 5317 inter
1292 5264 1511 5318 (irier-os
1555 5274 1747 5317 ain-to-

158 5349 274 5397 res,
301 5333 397 5402 qui
428 5334 620 5403 dogma
643 5333 971 5388 catholicum
1010 5334 1302 5388 tuebantur
1325 5376 1339 5398 ,
1368 5335 1553 5403 plures
1596 5336 1748 5388 inve-

154 5404 284 5458 nire
310 5412 419 5467 est,
448 5402 541 5472 qui
581 5402 805 5457 Thom-.1:
847 5413 1228 5473 argumentum
1269 5402 1381 5458 non
1420 5406 1744 5468 admittant;

156 5477 369 5543 quibus
412 5475 720 5544 suffragari)
748 5473 960 5527 videtur
1006 5474 1269 5543 Georgius
1319 5476 1632 5530 Scholarius
1692 5478 1746 5531 in

159 5546 527 5616 Responsione
559 5543 629 5598 ad
668 5543 834 5616 Merci
885 5544 1098 5616 Ephesii
1152 5546 1499 5616 syllogismos,
1535 5563 1655 5616 cap.
1690 5547 1742 5600 ti.

156 5617 326 5683 (Cod.
363 5615 580 5669 Monac.
609 5616 673 5667 :7
711 5614 750 5669 Ι.
800 5615 901 5670 194
931 5633 981 5668 a.
1018 5616 1157 5683 seq.)
1193 5614 1301 5670 late
1332 5634 1450 5670 eam
1474 5614 1749 5684 rem—per-

158 5697 434 5742 tractans.
471 5686 734 5741 Przeclare
764 5703 895 5739 vero
926 5688 1167 5742 ostendit
1195 5688 1502 5749 Bessarion,
1544 5688 1747 5743 doctri-

159 5775 297 5823 nam
347 5757 493 5811 illam
524 5756 702 5811 Photii
735 5766 829 5810 aut
858 5756 992 5810 nihil
1021 5758 1233 5812 ellieere
1288 5768 1381 5813 aut
1419 5759 1476 5811 in
1522 5759 1749 5813 Thomas

160 5829 439 5884 rationem
474 5829 707 5881 refundi.
743 5827 949 5893 Quaerit
981 5829 1126 5882 enirn
1156 5828 1429 5898 (Respons.
1455 5832 1526 5883 ad
1555 5828 1743 5897 Epltes.

160 5901 358 5971 sgllog.
393 5900 487 5965 l8;
523 5900 643 5955 eod.
670 5900 821 5954 citat.
856 5900 892 5953 f.
926 5898 1032 5957 230
1062 5918 1112 5954 a.
1151 5901 1229 5971 b.)
1258 5917 1321 5956 ex
1350 5900 1415 5957 iis
1441 5901 1533 5971 qui
1576 5902 1747 5971 Spirio

1854 4646 2008 4685 mero
2042 4639 2290 4683 naturain
2329 4638 2383 4682 et
2419 4629 2659 4682 divinam
2713 4628 3004 4681 essentiam
3036 4643 3064 4678 a
3095 4630 3251 4680 Patre
3301 4642 3428 4694 pro-

1850 4700 2146 4767 grediendo
2171 4699 2533 4769 accipientes;
2574 4714 2753 4767 neque
2783 4698 2859 4751 sic
2886 4697 3145 4769 dilferunt
3184 4699 3327 4769 κατὰ
3356 4696 3428 4769 vi

1849 4766 2057 4841 ἇτομα’
2094 4766 2329 4839 primum
2352 4771 2572 4841 quidem
2606 4766 2731 4837 quia
2777 4769 2850 4823 ibi
2885 4768 3029 4841 nulla
3074 4766 3298 4841 materia
3339 4766 3428 4819 ni-

1850 4838 2037 4909 hilque
2067 4838 2305 4895 materire
2346 4838 2687 4911 analogicum
2712 4880 2726 4902 ,
2775 4855 2882 4908 qua
2930 4838 3174 4911 ejusdem
3214 4847 3426 4911 natura:

1850 4905 2132 4981 sup-posita
2150 4913 2217 4965 ab
2250 4911 2485 4965 invicem
2510 4905 2874 4978 'separantur
2906 4948 2921 4973 ,
2969 4907 3168 4981 deinde
3190 4905 3321 4981 quia
3371 4916 3427 4961 et

1850 4978 2257 5052 suppositurum
2299 4998 2361 5037 ex
2390 4983 2585 5035 iisdem
2618 4981 2813 5052 causis
2834 4978 3245 5048 progressiones
3274 4979 3425 5052 ejus-

1850 5049 1974 5108 dem
2003 5055 2203 5122 speciei
2230 5053 2536 5122 (ὁμοειδεῖς)
2568 5061 2729 5115 sunt;
2766 5050 2853 5102 hic
2881 5064 3011 5103 vero
3043 5064 3221 5117 neque
3252 5049 3427 5122 amba:

1850 5134 1982 5178 sunt
2010 5119 2413 5195 generationes.
2444 5122 2823 5195 nequeambae
2873 5123 3291 5195 processiones._
3313 5119 3425 5195 Re-

1850 5204 1958 5249 stat
1986 5190 2116 5263 ergo
2143 5190 2583 5265 progressionum
2612 5191 2975 5265 differentiam
3002 5190 3305 5265 esse__xardt
3334 5193 3427 5265 τὴν

1847 5264 1944 5317 τοῦ
1973 5260 2158 5317 ultimi
2196 5260 2371 5331 λό’γον.
2407 5264 2512 5318 Sed
2546 5264 2587 5316 si
2620 5260 2907 5330 utrobique
2950 5278 3090 5314 untts
3131 5260 3289 5315 Pater
3322 5262 3428 5315 erit

1849 5338 2045 5398 αἴτιος,
2080 5346 2209 5389 tunc
2232 5345 2381 5390 certe
2402 5350 2467 5388 ex
2496 5343 2647 5403 parte
2663 5333 2767 5403 306
2788 5332 2971 5403 αἰτίου
3013 5333 3157 5385 nulla
3202 5348 3424 5401 prorsus

1849 5407 2176 5467 dill‘erentia,
2226 5418 2281 5461 et
2327 5401 2606 5459 distinctio
2657 5401 2892 5472 Spiritus
2930 5412 2986 5456 et
3032 5404 3150 5457 Filii
3203 5403 3426 5457 omnino

1850 5479 2017 5540 cadit,
2052 5478 2123 5530 ita
2159 5487 2217 5531 ut
2246 5492 2349 5528 una
2414 5485 2624 5529 tantum
2664 5488 2895 5542 persona
2946 5475 3220 5537 evadant,
3278 5472 3424 5541 quod

1849 5548 2143 5601 absurdutn
2173 5557 2229 5601 et
2269 5546 2390 5601 lidei
2427 5559 2753 5614 repugnans.
2801 5543 3034 5599 Necesse
3073 5555 3157 5600 est
3182 5559 3329 5612 ergo,
3379 5542 3425 5596 si

1850 5619 2048 5671 divime
2083 5633 2326 5686 persona:
2349 5616 2417 5669 ab
2452 5617 2685 5669 invicem
2713 5616 3110 5685 distinguenda:
3150 5624 3299 5677 sunt,
3332 5629 3426 5686 eas

1849 5685 2117 5759 Oppositis
2142 5688 2495 5741 relationibus
2517 5688 2814 5759 secundum
2838 5687 3184 5759 principium
3197 5691 3251 5737 et
3273 5685 3428 5759 prin:-

1850 5756 2109 5828 t'ipiatum
2140 5759 2400 5827 distingui
2436 5766 2491 5811 et.
2536 5758 2795 5827 Spiritum
2834 5756 3033 5828 arFilio
3063 5765 3119 5809 et
3164 5757 3329 5828 Patre
3356 5757 3425 5828 ’ςῇ

1848 5826 1943 5882 τοῦ
1970 5826 2411 5900 προὸαλλομένου
2444 5828 2705 5900 πρὸςᾼτὸν
2732 5826 3115 5900 ,πρᾳβάλλοντα
3156 5826 3422 5897 δίαφορᾷ,

1850 5901 1944 5954 καὶ
1981 5900 2059 5972 μὴ
2087 5898 2262 5963 ἄλλως
2298 5898 2690 5972 διακρίέαεσθαι.
2726 5900 2814 5953 Sic
2842 5898 3145 5954 Bessarion.

3542 5862 3568 5889 θ
