4002 6466
531 436 635 503 511

1677 431 1943 493 ΡΗΟΤΙΙ
1985 429 2494 492 ΡΑΤΒΙΛΒΕΗᾸΕ
2536 432 2647 493 CP.

3709 427 3808 491 512

526 560 560 628 ᾗ
590 557 678 627 17)
712 574 728 611 :
767 573 788 608 ι
832 555 967 611 Nam
990 570 1238 625 persona:
1264 554 1386 609 dote
1416 567 1512 608 sua
1537 550 1767 623 singulae
1791 549 2121 620 proprietate
2146 551 2201 611 Α
2224 547 2366 607 illos.
2410 547 2540 618 quia
2582 546 2777 601 Filium
2817 543 3003 599 omnia
3037 542 3215 600 Patris
3244 545 3619 616 possidentem
3647 560 3676 598 a
3706 545 3810 614 spi-

532 642 846 699 eonstitutze
888 650 1037 709 sunt,
1082 659 1204 713 qua:
1250 653 1381 697 sunt
1414 642 1447 711 ἡ
1480 639 1759 711 corp/i=1};
1790 640 1885 693 καὶ
1911 640 2117 710 υἱότης,

530 735 732 805 quibus
763 735 971 806 integre
999 746 1054 789 et
1088 734 1320 791 invicem
1343 732 1610 787 distincta:
1638 733 1929 803 hypotases
1978 734 2122 786 exsi-

533 838 709 885 stunt.
732 828 825 883 llis
851 830 963 899 jam
989 827 1303 883 constitutis
1332 826 1437 881 alia
1460 842 1583 896 qua
1613 834 1697 881 est
1726 825 1966 895 spirandi
1994 842 2121 895 pro-

539 918 742 988 prietas
785 917 1017 979 accedit,
1072 931 1246 985 eaque
1299 915 1541 971 divinam
1584 915 1898 979 essentiam,
1946 924 2005 969 ut
2036 925 2122 969 est

539 1010 596 1063 in
624 1009 782 1064 Patre
810 1025 875 1064 ac
906 1007 1060 1070 Filio,
1093 1007 1208 1062 sive
1237 1016 1296 1061 ut
1332 1008 1388 1061 in
1425 1006 1584 1061 Patre
1611 1016 1666 1061 et
1699 1022 1729 1059 a
1753 1006 1913 1060 Patre
1952 1015 2036 1061 est
2066 1006 2121 1060 in

537 1100 708 1162 Filio,
738 1100 1071 1170 consequitur
1101 1114 1165 1153 ac
1195 1099 1490 1153 morliiicat.
1520 1097 1597 1151 lta
1625 1097 1704 1163 iit,
1740 1106 1801 1151 ut
1830 1112 1999 1152 unum
2033 1097 2123 1151 ﬁat

535 1210 605 1249 ex
648 1194 916 1247 ambobus
964 1192 1336 1261 principium,
1381 1206 1635 1261 unusque
1683 1190 1959 1260 spirator,
2013 1205 2122 1243 non

538 1297 720 1342 tamen
764 1301 870 1339 una
917 1299 1187 1355 persona;
1222 1284 1267 1339 si
1306 1283 1528 1354 quidem
1562 1286 1594 1355 ἡ
1632 1282 1874 1354 προϐολὴ
1900 1298 2013 1336 non
2040 1290 2125 1337 est

533 1379 840 1452 personalis
863 1378 1188 1449 proprietas,
1213 1376 1331 1432 sive
1359 1378 1419 1430 τὸ
1447 1378 1578 1431 ἴδιον
1606 1376 1993 1438 ὑποπτατικὸν,
2020 1376 2126 1431 hoc

535 1484 657 1541 est,
707 1488 998 1544 personam
1048 1471 1415 1528 constituens.
1454 1489 1473 1521 3
1524 1469 1876 1533 Gennadius,
1916 1469 1972 1523 in
2018 1468 2126 1523 Ex-

535 1568 692 1637 posit.
739 1582 884 1619 conc.
934 1563 1085 1618 Flor.
1138 1580 1193 1634 p.
1259 1580 1298 1626 ι,
1348 1572 1486 1619 sect.
1533 1563 1621 1626 10,
1652 1562 1756 1617 hoc
1786 1570 2124 1632 postremum

539 1658 737 1712 merito
780 1657 1019 1712 inculcat
1069 1674 1084 1711 :
1143 1677 1161 1707 ι
1211 1655 1267 1709 Si
1303 1655 1705 1725 hypostatieum
1738 1670 1989 1723 personae
2024 1653 2127 1707 Pa-

538 1749 638 1804 tris
690 1750 1028 1819 producendi
1080 1758 1262 1804 actum
1301 1763 1652 1820 poneremus,
1693 1757 1821 1803 tunc
1848 1748 2035 1818 utique
2076 1748 2127 1802 id

540 1842 941 1900 inconveniens
984 1854 1332 1914 sequeretur,
1376 1860 1615 1915 vereque
1637 1855 1784 1900 esset
1820 1843 1987 1899 Filius
2018 1860 2126 1899 una

542 1952 669 1992 eum
719 1936 878 1993 Patre
919 1953 1184 2008 persona,
1217 1910 1587 1994 constitutiva:
1618 1938 1967 2008 proprietatis
1999 1952 2124 1992 cum
2160 1910 2201 1968 Β

539 2043 609 2083 eo
640 2030 1078 2085 communicaris.
1107 2031 1214 2086 Sed
1242 2031 1368 2100 quia
1393 2046 1642 2102 persona:
1664 2032 1837 2087 Patris
1858 2033 2129 2087 constitu-

545 2123 654 2177 tiva
715 2123 1019 2193 proprietas
1074 2124 1375 2194 paternitas
1420 2134 1476 2178 et
1524 2124 1806 2196 generatio
1851 2124 1997 2179 dicta
2046 2133 2132 2181 est

542 2230 689 2280 esse,
734 2214 884 2289 [289]
944 2218 1248 2287 producere
1292 2230 1421 2271 vero
1463 2219 1772 2287 proprietas
1811 2218 1927 2272 sive
1953 2216 2128 2281 notio,

544 2321 670 2374 qua:
720 2307 968 2376 sequitur
1010 2324 1292 2376 personam
1344 2309 1687 2361 constitutam
1737 2308 1947 2377 ipsius,
2010 2324 2131 2377 quae

548 2400 850 2454 necessitas
873 2409 979 2464 est,
1010 2415 1138 2454 eum
1168 2401 1261 2470 qui
1298 2416 1425 2456 cum
1459 2400 1551 2453 illo
1582 2384 1934 2455 communem
1968 2402 2133 2455 habet

546 2505 667 2546 eam
713 2493 1122 2561 proprietatem,
1171 2508 1292 2562 quae
1332 2508 1583 2563 personae
1621 2495 1744 2564 ejus
1772 2493 2133 2549 constitutiva

547 2599 656 2639 non
685 2593 796 2649 cst,
830 2600 991 2639 unam
1026 2600 1147 2641 esse
1175 2602 1301 2641 cum
1343 2602 1408 2641 eo
1438 2587 1776 2656 personam?
1813 2583 1949 2641 Nam
1973 2585 2133 2641 siculi

545 2676 957 2733 communicatis
1004 2693 1132 2732 cum
1170 2679 1331 2733 Patre
1377 2679 1570 2744 Filius,
1610 2679 1821 2733 scilicet
1867 2678 2132 2747 Spiritum

545 2768 665 2837 ejus
704 2784 846 2835 esse,
879 2770 1342 2838 quemadmodum
1376 2780 1432 2826 et
1468 2769 1665 2831 Patris.
1696 2780 1753 2825 et
1783 2770 1924 2826 mitti
1949 2771 2017 2824 ab
2044 2786 2130 2835 eo,

546 2861 1007 2929 quemadmodum
1053 2872 1109 2916 et
1134 2878 1166 2916 a
1195 2863 1375 2926 Patre,
1410 2872 1590 2916 tamen
1624 2877 1737 2915 non
1770 2876 1895 2915 cum
1920 2876 1987 2915 eo
2013 2875 2136 2930 pcr-

547 2970 714 3008 smias
763 2957 1152 3019 communicat,
1207 2956 1335 3024 quia
1388 2953 1653 3024 Spiritum
1697 2954 1804 3009 diei
1843 2954 2019 3008 Patris
2050 2953 2137 3008 vel

549 3045 619 3099 ah
649 3062 715 3101 eo
746 3045 889 3100 mitti
910 3063 1021 3101 non
1042 3056 1126 3101 est
1152 3056 1387 3117 paternae
1416 3062 1662 3116 personae
1683 3046 2132 3112 constitutivum;

552 3138 633 3192 sic
664 3152 843 3207 neque
872 3138 963 3208 qui
994 3139 1414 3209 productionem
1444 3155 1795 3194 communem
1822 3155 1950 3203 cum
1976 3138 2137 3194 Patre

2221 640 2433 696 ratione
2460 639 2779 703 excludunt,
2804 637 2924 692 Filii
2953 637 3311 692 coellieientia
3338 637 3521 692 Patris
3548 638 3809 691 honorem

2220 734 2396 788 minui
2427 740 2716 787 autumant
2746 738 2801 786 et
2827 731 2989 786 anxie
3026 731 3192 785 nimis
3221 731 3398 785 Patris
3422 730 3809 801 pratrogativas

2221 826 2523 889 inculcant,
2557 824 2849 878 Arianismi
2880 840 3133 896 arguere.
3163 822 3283 888 Quo
3314 822 3656 876 Ratramnus
3688 822 3747 891 (l.
3774 840 3807 886 i,

2221 933 2273 972 c.
2307 918 2362 981 5,
2388 916 2567 987 p.229
2592 933 2607 981 ;
2637 918 2674 971 l.
2710 930 2793 979 Ill,
2837 932 2887 970 c.
2918 917 2971 979 6,
3006 932 3059 985 p.
3091 915 3219 985 298)
3246 933 3262 981 ;
3294 913 3490 969 Petrus
3521 912 3807 967 Mediolan.

2223 1010 2312 1079 (ad
2356 1009 2490 1078 imp.
2514 1009 2668 1063 Alex.
2706 1008 2771 1061 (ἱ.
2803 1008 2865 1063 0.
2901 1006 2941 1071 Ι,
2969 1008 3075 1063 580
3104 1007 3288 1077 scq.);
3321 1006 3535 1060 Beccus
3602 1004 3681 1069 (in
3712 1004 3807 1059 Tc-

2223 1112 2384 1165 stam,
2418 1102 2494 1156 ib.
2526 1118 2581 1172 p.
2615 1101 2739 1166 577)
2768 1101 2971 1170 aliique
3002 1110 3282 1170 spectasse
3314 1099 3597 1154 videntur.
3631 1097 3810 1165 Neque

2223 1204 2499 1266 postremo
2553 1195 2604 1249 id
2647 1193 2950 1249 advertissc
2999 1194 3234 1263 amplius
3276 1208 3417 1263 opus
3466 1202 3576 1254 est,
3612 1190 3806 1244 nullam

2223 1289 2351 1343 hinc
2410 1289 2734 1343 divisionem
2784 1288 3324 1357 discerptionernque
3372 1284 3574 1355 sequi,
3640 1299 3809 1353 neque

2225 1395 2394 1433 unum
2441 1377 2618 1433 Patris
2655 1378 2855 1433 idioma
2886 1377 2988 1447 ipsi
3020 1376 3287 1447 integrum
3321 1374 3554 1430 servari.
3584 1372 3807 1427 alterum

2226 1486 2354 1528 vero
2386 1470 2617 1535 destrui,
2665 1486 2787 1541 qua:
2821 1486 2888 1524 ex
2920 1469 3082 1525 dictis
3105 1470 3217 1539 jam
3242 1467 3376 1523 satis
3404 1467 3647 1521 refutata
3669 1476 3806 1521 sunt.

2293 1566 2348 1619 9.
2389 1565 2627 1619 Rursum
2659 1564 2928 1619 declamat
2958 1562 3189 1617 Photius
3214 1560 3356 1632 (cap.
3384 1561 3445 1615 11
3483 1578 3498 1612 :
3531 1578 3552 1612 ι
3586 1559 3809 1614 Praeter-

2226 1674 2289 1711 ea
2331 1657 2375 1711 si
2424 1658 2534 1712 duo
2573 1655 2840 1727 principia
2884 1656 2941 1709 in
2991 1654 3306 1710 thearehica
3346 1663 3401 1708 et
3446 1667 3811 1722 superessen-

2228 1750 2341 1804 tiali
2380 1747 2652 1805 Trinitate
2688 1748 3121 1818 conspiciuntur,
3162 1748 3254 1802 ubi
3271 1746 3377 1802 erit
3404 1747 3634 1800 tandem
3662 1745 3809 1799 toties

2228 1844 2513 1899 decantata
2556 1843 2777 1913 Deoque
2823 1842 2983 1914 digna
3022 1841 3353 1896 monarchiae
3383 1840 3508 1895 vis?
3538 1840 3811 1905 Quomodo

2232 1956 2338 1995 non
2374 1938 2718 2010 polytheismi
2749 1936 2999 2007 impietas
3020 1952 3171 1990 nunc
3197 1937 3467 2006 irrumpet
3490 1935 3515 1989 ?
3536 1932 3810 1999 Quomodo

2230 2048 2339 2088 non
2388 2032 2491 2087 sub
2520 2029 2923 2088 Christianismi
2945 2030 3130 2099 specie
3154 2028 3359 2084 ethnici
3387 2027 3601 2081 erroris
3630 2041 3810 2096 super-

2232 2126 2380 2181 stitio
2409 2126 2476 2181 ah
2510 2126 2575 2181 iis
2597 2126 2689 2196 qui
2726 2124 2851 2179 talia
2875 2123 3081 2178 audent
3110 2122 3295 2177 dicere
3334 2120 3761 2175 introducetur?
3790 2137 3807 2169 ι

2233 2220 2341 2274 Sed
2382 2235 2621 2290 quonam
2666 2227 2825 2289 pacto
2868 2218 3187 2272 monarehia
3228 2215 3539 2271 deStruitur
3583 2225 3641 2267 et
3666 2212 3812 2267 indu-

2232 2313 2375 2367 citur
2416 2309 2855 2382 polytheismus?
2888 2330 2905 2362 r
2945 2311 3063 2363 Duo
3088 2307 3359 2379 principia
3390 2307 3756 2362 inducuntur.
3788 2324 3805 2356 ι

2236 2404 2342 2460 Sed
2370 2406 2472 2460 hoc
2502 2405 2845 2475 probandum
2876 2403 3073 2458 Photio
3093 2410 3231 2468 erat,
3264 2418 3375 2456 non
3400 2402 3810 2463 assumendum,

2236 2509 2295 2555 ut
2323 2500 2517 2554 merito
2549 2499 2843 2569 respondet
2872 2497 3079 2553 Beccus
3105 2496 3217 2569 (0r.
3252 2498 3315 2549 de
3335 2512 3428 2549 un.
3460 2510 3512 2550 c.
3539 2494 3644 2560 58;
3674 2493 3734 2549 G.
3756 2492 3809 2548 0.

2235 2592 2277 2654 Ι,
2327 2593 2449 2651 158.
2495 2592 2659 2661 159);
2701 2592 2810 2645 imo
2835 2591 3175 2645 contrarium
3202 2605 3367 2660 supra
3398 2588 3700 2659 probatum
3738 2593 3813 2640 est

2238 2685 2351 2756 (lli,
2405 2685 2480 2756 §i
2517 2685 2681 2756 seq.).
2718 2704 2736 2737 ι
2788 2685 3011 2739 Etiamsi
3045 2685 3214 2750 enim,
3251 2685 3327 2738 ait
3356 2682 3657 2737 Bessarion
3692 2680 3811 2749 (91).

2235 2777 2397 2833 Pater
2440 2787 2495 2832 et
2522 2777 2691 2832 Filius
2720 2793 2830 2831 non
2862 2793 3032 2831 unum
3068 2777 3177 2831 sint
3207 2775 3563 2846 principium,
3589 2792 3697 2845 qua
3722 2772 3815 2825 Pa-

2238 2879 2321 2926 ter
2357 2880 2411 2925 et
2438 2870 2628 2933 Filius,
2667 2879 2847 2925 tamen
2878 2886 3046 2924 unum
3080 2879 3209 2923 sunt
3237 2871 3288 2922 in
3315 2868 3597 2939 principio
3621 2864 3812 2934 εἰδικῴ,

2235 2961 2380 3030 quod
2422 2971 2503 3017 est
2536 2962 2719 3016 divina
2744 2962 3003 3027 essentia,
3036 2962 3337 3015 secundum
3371 2976 3538 3029 quam
3576 2972 3740 3011 unam
3768 2966 3817 3009 et

2236 3054 2483 3108 eamdem
2518 3069 2747 3108 numero
2784 3054 2837 3107 in
2877 3054 3142 3108 ambobus
3164 3055 3523 3108 exsistentem
3562 3049 3818 3120 Spiritum

2238 3145 2587 3215 producunt;
2643 3143 2793 3217 [9.9I']
2848 3153 2903 3199 et
2957 3144 3061 3199 hoc
3117 3140 3314 3198 sollicit
3372 3143 3441 3197 ad
3498 3143 3630 3206 hoc,
3686 3140 3818 3210 quod

553 3231 737 3297 habet,
766 3231 821 3286 in
863 3248 1026 3287 unam
1052 3247 1343 3303 personam
1370 3232 1746 3303 conjungitur,
1773 3234 1900 3301 quia
1929 3232 2134 3303 produ-
2161 3268 2205 3325 α
2241 3253 2409 3292 unum
2439 3236 2510 3292 sit
2540 3238 2868 3308 principium
2909 3236 3223 3291 Divinitatis
3250 3252 3264 3301 ;
3296 3234 3439 3289 sicut
3460 3234 3635 3289 etiam
3665 3248 3819 3286 unum

550 3342 679 3381 cere
700 3342 810 3382 non
836 3335 921 3381 est
954 3334 1192 3396 paternae
1221 3340 1471 3396 personae
1489 3324 1930 3380 constitutivum.
1970 3323 2129 3389 Quod

553 3419 600 3475 si
627 3419 822 3474 mirum
869 3429 953 3474 est
982 3419 1118 3474 duas
1156 3433 1419 3490 personas
1448 3433 1570 3473 esse
1600 3434 1769 3472 unum
1805 3417 2137 3489 principium

551 3524 609 3571 et
647 3530 756 3568 non
783 3514 1036 3585 conjungi
1064 3512 1393 3587 (confundi),
1418 3512 1590 3583 magis
1612 3510 1812 3567 mirum
1845 3512 1969 3575 erit,
1995 3510 2141 3581 quod

556 3620 667 3663 tres
700 3622 947 3677 personae
973 3608 1081 3662 sint
1111 3623 1279 3661 unum
1306 3606 1636 3676 principium
1670 3622 1774 3661 nec
1797 3606 2141 3677 conjungan-

556 3709 644 3754 tur
677 3700 1154 3771 (confundantur).
1206 3718 1224 3751 ι
1278 3698 1594 3767 Bessarion,
1645 3698 1812 3770 epist.
1867 3699 1935 3753 ad
1984 3698 2139 3751 Alex.

556 3790 713 3848 Lasc.
764 3809 814 3849 c.
862 3793 918 3848 8.
962 3792 1149 3863 (llard.
1199 3792 1292 3858 ιχ,
1339 3793 1497 3864 1070)
1546 3811 1559 3846 :
1612 3811 1631 3844 ι
1680 3791 1839 3857 Quod
1865 3791 1909 3845 si
1945 3805 2144 3859 opera-

558 3886 766 3947 tionem
825 3884 1110 3955 spirandi,
1180 3872 1397 3956 inquit,
1435 3884 1848 3941 constitutivam
1893 3898 2145 3953 personae

557 3987 801 4050 paternae
841 3994 1191 4049 poneremus,
1239 3988 1371 4033 tunc
1398 3986 1724 4048 sequeretur
1750 3976 1855 4029 hoc
1888 3976 2145 4028 inconve-

562 4071 811 4126 niens....
864 4071 1076 4126 Ponere
1109 4081 1292 4125 autem
1330 4070 1630 4140 potentiam
1664 4067 1913 4138 spirandi
1941 4066 2148 4122 consti-

565 4163 791 4219 tutivam
851 4178 972 4218 esse
1028 4178 1279 4233 personae
1326 4162 1524 4227 Patris,
1578 4177 1645 4216 ex
1687 4175 1755 4215 ex
1804 4160 1922 4215 solo
1984 4158 2147 4214 Patre

561 4252 828 4323 Spiritum
885 4252 1198 4323 procedere,
1254 4267 1417 4305 unum
1462 4259 1512 4304 et
1546 4251 1685 4303 idem
1714 4259 1817 4303 est.
1850 4248 2029 4315 Quare
2054 4248 2148 4319 qui

561 4346 671 4399 hoc
721 4345 873 4411 dicit,
919 4346 1046 4414 petit
1082 4344 1425 4415 principium.
1481 4362 1500 4394 ι
1555 4341 1689 4408 Quae
1739 4339 1789 4396 J.
1840 4340 2049 4396 Beceus
2092 4341 2147 4395 in

564 4430 707 4495 hanc
754 4455 869 4493 rem
903 4439 1220 4509 respondet,
1272 4453 1335 4492 ea
1387 4436 1570 4507 potius
1598 4435 1651 4489 in
1680 4434 2019 4505 posteriores
2052 4433 2152 4487 La-

512 4602 515 4603 ν
562 4531 908 4587 tinomaehos
964 4532 1268 4602 quadrant,
1315 4529 1645 4598 quibuscum
1699 4526 1788 4582 ille
1850 4527 2149 4597 pugnabat,

2243 3332 2571 3403 principium
2623 3331 2916 3387 creationis
2974 3330 3237 3394 Trinitas,
3281 3330 3408 3383 licet
3443 3328 3692 3382 Trinitas
3736 3326 3818 3391 sit,

2243 3432 2467 3495 propter
2525 3440 2687 3477 unam
2743 3432 2798 3477 et
2849 3422 3098 3476 eamdem
3151 3422 3315 3475 trium
3376 3421 3743 3475 voluntatem.
3802 3437 3817 3469 ο

2245 3517 2448 3572 Eodem
2471 3517 2614 3586 jure,
2644 3519 2721 3570 ait
2757 3516 2887 3570 alibi
2919 3515 3027 3586 (ep.
3063 3514 3132 3567 ad
3161 3513 3311 3567 Alex.
3337 3510 3499 3567 Lasc.
3536 3511 3712 3566 ilard.
3744 3510 3822 3573 IX,

2244 3610 2403 3674 1071)
2439 3609 2698 3680 praefatus
2730 3607 3046 3669 cardiu-alis,
3085 3621 3195 3676 quo
3237 3607 3470 3677 gentiles
3506 3605 3642 3659 olim
3677 3602 3825 3657 Chri-

2245 3701 2452 3755 stianos
2493 3707 2844 3763 accusarunt,
2890 3698 3035 3768 quod
3081 3707 3194 3751 tres
3245 3703 3494 3750 statuant
3531 3695 3692 3756 deos,
3738 3694 3825 3747 Iria

2246 3795 2531 3867 principia,
2581 3794 2712 3848 dum
2755 3792 3039 3861 mqualiter
3080 3788 3229 3843 Patri
3264 3797 3318 3844 et
3349 3788 3491 3843 Filio
3530 3798 3588 3842 et
3610 3786 3826 3857 Spiritui

2246 3899 2436 3942 sancto
2480 3887 2731 3941 tribuunt
2770 3899 2953 3938 rerum
2992 3882 3330 3938 creationem
3369 3896 3434 3934 ac
3477 3878 3829 3951 gubernatio-

2247 3998 2394 4046 nem,
2430 3981 2518 4036 hic
2547 3979 2719 4035 Graeci
2754 3985 3016 4033 accusant
3048 3977 3307 4041 Latinos;
3342 3984 3397 4030 et
3426 3975 3627 4029 eodem
3656 3973 3827 4034 modo,

2246 4092 2356 4147 quo
2422 4075 2522 4132 SS.
2576 4075 2763 4129 Patres
2812 4072 2933 4127 illos
2976 4072 3228 4125 ethnicos
3263 4068 3581 4123 refutarunt
3618 4082 3829 4122 monar-

2248 4172 2387 4227 ehize
2428 4171 2621 4240 dogma
2659 4177 3019 4240 exponentes,
3053 4167 3246 4221 eodem
3278 4174 3335 4220 et
3366 4165 3420 4218 hi
3451 4166 3831 4219 criminatores

2250 4264 2594 4327 refelluntur,
2625 4262 2885 4332 quoniam
2926 4261 2994 4315 ad
3024 4260 3240 4315 Patrem
3270 4259 3454 4314 omnia
3498 4259 3830 4319 referuntur,

2250 4359 2319 4413 ab
2355 4372 2422 4412 eo
2443 4354 2707 4426 quidquid
2740 4355 2927 4414 habet,
2958 4353 3125 4407 habet
3152 4352 3343 4416 Filius,
3376 4360 3434 4404 et
3462 4367 3576 4404 una
3627 4349 3836 4405 eadem-

2250 4465 2356 4519 que
2384 4450 2435 4501 in
2461 4446 2717 4516 spirando
2748 4452 2831 4499 est
2855 4445 2996 4498 actio
3019 4443 3198 4498 Patris
3223 4452 3387 4511 atque
3416 4438 3563 4495 Filii.

2326 4544 2412 4599 19.
2473 4541 2584 4596 Nec
2632 4540 2817 4595 minus
2860 4539 3122 4592 fallaciter
3175 4536 3537 4592 ratiocinator
3592 4534 3835 4598 Photius,

563 4640 726 4693 quam
763 4624 814 4677 in
855 4626 1031 4694 ipsum
1074 4622 1325 4677 Pliotium
1358 4621 1492 4692 (90).
1524 4620 1751 4675 Demum
1781 4620 1974 4673 eodem
1999 4618 2140 4687 jure,

2255 4656 2305 4693 c.
2356 4637 2423 4691 12
2465 4656 2477 4691 :
2526 4635 2581 4690 Si
2626 4635 2812 4690 duoin
2848 4632 3114 4687 Trinitale
3146 4630 3415 4701 principia
3449 4631 3837 4693 admittuntur,

567 4715 717 4789 [2290]
752 4733 859 4785 quo
888 4716 1058 4772 Graeci
1097 4712 1349 4769 Photiani
1377 4713 1616 4775 Latinos,
1644 4712 1770 4781 quia
1797 4725 2145 4766 communem

565 4810 774 4865 faciunt
817 4809 963 4866 Patri
1011 4810 1255 4878 Filioque
1285 4807 1643 4878 spirationem
1674 4806 1932 4869 activam,
1961 4803 2153 4858 Sabel-

566 4902 805 4960 lianismi
846 4905 1125 4966 incusant,
1171 4902 1387 4968 eodem,
1438 4900 1547 4955 imo
1586 4898 1780 4968 majori
1825 4907 2056 4968 possunt
2099 4896 2157 4950 hi

642 5088 753 5155 (90)
777 5085 1044 5141 Nimirum
1069 5082 1189 5155 (0r.
1220 5084 1395 5155 denu.
1421 5099 1472 5137 e.
1499 5083 1606 5149 '56;
1634 5082 1697 5138 ϐ.
1729 5082 1792 5137 0.
1834 5081 1873 5146 Ι,
1893 5080 2154 5155 15βτ158)

570 5160 702 5214 illud
732 5151 916 5224 urget:
948 5157 1022 5210 Τὸ
1068 5151 1467 5227 ἐκπορεύεσθαι
1519 5154 1927 5227 signiﬁcarefx
1962 5151 2155 5227 Photio

568 5232 669 5299 τὴν
694 5231 759 5281 ὲκ
792 5223 936 5292 ιΘεοῦ
980 5223 1223 5299 φυσικὴγξ
1268 5227 1373 5299 καὶ*
1414 5223 1651 5299 οὑσιῴδη
1685 5223 1781 5277 τοῦ
1839 5223 2158 5299 Πν-εύματος

570 5295 830 5371 ὓτὶαρξιν,
865 5295 1470 5371 hancAvero'ﬁrropEw‘,
1505 5295 1671 5350 etiam
1687 5312 1794 5371 per
1816 5295 1979 5349 verba
2019 5310 2156 5362 προ-

572 5367 738 5429 ῖέναί.
764 5367 1113 5440 προχεῖσθαι,
1146 5367 1516 5440 προέρχεσΘ-αι
1545 5367 1802 5436 exprimi.
1838 5382 1964 5440 quas
1991 5378 2158 5440 voca:-

572 5442 700 5496 bula
723 5457 788 5495 ex
810 5435 1086 5494 sententia
1117 5435 1373 5493 EchCSiie
1430 5435 1633 5493 Graue
1687 5441 1750 5490 ὲκ
1798 5436 2009 5505 Harpe;
2064 5435 2158 5487 καὶ

574 5509 708 5565 Υἱοῦ
759 5514 851 5563 ἐπὶ
882 5510 977 5563 τοῦ
1010 5509 1185 5563 ἁπλοῦ
1217 5508 1532 5578 “vetitum;
1590 5506 1874 5578 léyeoﬂac
1905 5515 2153 5578 constet;

573 5597 756 5651 neque
787 5592 968 5635 tamen
1002 5595 1347 5651 quemquam
1367 5575 1563 5651 putare
1584 5622 1598 5643 ,
1638 5579 1777 5651 inde
1796 5577 1889 5651 vel
1919 5575 2158 5651 Spiritus

573 5646 981 5721 simplicitatem
1020 5646 1229 5707 destrui
1271 5646 1715 5721 νθιξσυναλοιφὴν
1750 5646 2011 5721 Patriset
2039 5646 2158 5721 ij‘ilii

575 5716 867 5777 insinuari.
904 5721 1059 5778 Unde
1088 5723 1306 5792 arguit:
1339 5720 1432 5774 Vel
1472 5716 1898 5792 dum‘simplex”
1921 5716 2160 5792 Spiritus

575 5808 642 5847 ex
670 5795 834 5850 Patre
853 5803 909 5849 et
929 5795 1063 5848 Filio
1085 5786 1283 5849 dicitur
1308 5793 1376 5847 ab
1394 5791 1631 5847 Ecclesia
1651 5786 1920 5859 profundi,
1943 5786 2159 5841 Patrem

576 5873 634 5917 et
655 5862 846 5920 Filium
890 5866 948 5920 in
984 5882 1145 5919 unam
1189 5865 1339 5918 dices
1378 5862 1628 5917 contrahi
1666 5875 1979 5931 personam,
2011 5859 2159 5928 quod

576 5937 851 5993 communi
876 5947 1141 6010 repugnat
1166 5937 1350 5993 Sensui
1375 5952 1390 6002 ;
1416 5934 1503 5989 vel
1526 5934 1571 5989 si
1595 5934 1699 5989 hoc
1722 5947 1829 5987 non
1854 5931 1955 6001 vis,
1980 5945 2160 5996 neque

2255 4730 2417 4785 etiam
2459 4728 2677 4783 tertium
2719 4725 3117 4780 admittendum
3151 4730 3261 4785 est,
3307 4739 3433 4777 cum
3481 4723 3692 4777 trinum
3730 4737 3840 4773 ma-

2256 4824 2338 4895 gis
2380 4821 2559 4877 locum
2598 4820 2795 4874 habeat
2826 4819 2878 4872 in
2911 4817 3178 4871 'l‘rinitate
3206 4832 3369 4886 quam
3404 4816 3669 4870 dualitas.
3740 4814 3841 4868 Re-

2259 4912 2521 4985 sponderi
2571 4921 2753 4983 potest
2786 4911 2987 4982 primo,
3028 4909 3166 4965 falso
3195 4908 3451 4980 supponi,
3484 4909 3597 4963 duo
3634 4907 3842 4962 admitti

2261 5071 2595 5126 contendere
2626 5077 2799 5139 potes,
2825 5069 3047 5138 quando
3082 5067 3313 5124 Romani
3346 5066 3559 5139 dicunt
3582 5064 3845 5134 Spiritum

2259 5158 2326 5197 ex
2356 5143 2515 5195 Patre
2540 5137 2786 5209 Filioque
2828 5137 3136 5209 procedere,
3185 5149 3299 5194 tum
3351 5137 3739 5192 confusionem
3797 5142 3851 5188 ct

2258 5208 2707 5269 contractionem
2727 5210 2901 5263 Patris
2931 5220 2985 5263 ct
3008 5208 3125 5263 Filii
3156 5209 3451 5264 introduci.

2335 5288 2445 5347 illi)
2474 5283 2760 5335 llessarion
2788 5300 2838 5334 c.
2877 5282 2943 5334 19
2971 5290 3159 5333 contra
3194 5281 3356 5333 Marci
3402 5278 3610 5347 Ephes.
3658 5278 3844 5347 syllog.

2260 5346 2347 5413 56.
2388 5352 2544 5420 (Cod.
2578 5350 2724 5405 Mon.
2778 5352 2843 5404 27
2880 5353 2918 5405 1⁸.
2949 5350 3078 5412 252,
3138 5351 3264 5413 253)
3292 5368 3319 5420 :_
3357 5351 3416 5401 Ei
3448 5346 3583 5419 ίγὰρ
3625 5346 3851 5420 καξιημὴ

2261 5425 2372 5480 εἷεν
2394 5414 2464 5477 ’ἓν
2492 5424 2668 5477 αἴτιον
2697 5425 2725 5474 ὀ
2754 5422 2944 5493 Πατὴρ
2974 5422 3069 5474 καὶ
3090 5425 3118 5474 ό
3142 5414 3323 5491 Υἱὸςῇ
3353 5414 3850 5493 Ιιατὴράᾳὶῃγξὸς.

2261 5498 2381 5552 ἀλλ’
2429 5496 2571 5550 εἰσὶν
2616 5493 2675 5547 ἓν
2706 5497 2772 5563 τῇ
2806 5487 2981 5563 εἰδίῦιῇ
3009 5495 3173 5564 ἀρχῇ,
3205 5487 3324 5561 ῆτιξ
3357 5493 3508 5564 {ortv
3542 5494 3575 5564 ᾖ
3612 5489 3735 5564 θεία
3766 5487 3855 5564 oi!-

2264 5574 2373 5631 σία,
2404 5568 2528 5622 καθ’
2560 5566 2627 5637 ἢν
2657 5559 2786 5634 pinu
2818 5565 2914 5617 καὶ
2940 5559 3238 5634 ’ἔὴνᾶὖέεὴύ
3277 5559 3498 5637 ἀριθμῷ
3531 5562 3603 5637 Δὲν
3648 5559 3855 5637 quque-E1

2261 5629 2430 5695 οὖσάν
2457 5640 2519 5692 τὸ
2560 5629 2789 5704 ιῖνέῦμλα.
2818 5629 3123 5704 προάγόυσι
3154 5650 3168 5663 ·
3190 5629 3294 5704 ’κᾳι
3317 5629 3476 5686 coiit"
3519 5633 3682 5704 ἀρκεῖ
3718 5629 3856 5704 πρὸς

2263 5715 2323 5766 τὸ
2356 5712 2487 5782 μίαν
2516 5707 2691 5782 ἀρχὴν
2712 5700 3136 5782 ὲξναίθειότητρς
3168 5721 3188 5782 '_
3223 5703 3413 5782 ὅθενπερ
3442 5705 3538 5782 afui
3562 5700 3672 5782 pia
3712 5700 3855 5779 ἁρχὴ

2264 5770 2497 5843 micam;
2545 5770 2826 5848 ἧ”¹1’ριὰς,
2854 5770 3233 5848 καίῖοίίζριὰς
3258 5770 3416 5840 οὖσά,
3447 5774 3539 5827 διὰ
3572 5772 3671 5843 τὴν
3722 5770 3857 5840 μίαν

2264 5857 2360 5909 καὶ
2387 5853 2487 5924 τὴν
2516 5845 2689 5921 αὐτὴιί
2714 5849 2823 5903 τῶν
2845 5846 3016 5919 τριῶν
3037 5845 3277 5916 θέλησιν.
