  <div class='ocr_page' id='page_1' title='image "/cluster/home/n/w/nwhite01/storage/ocr_20150623/102/hvd.32044012543948/264.png"; bbox 0 0 4052 6420; ppageno 0'>
   <div class='ocr_carea' id='block_1_1' title="bbox 192 386 308 453">
    <p class='ocr_par' dir='ltr' id='par_1_1' title="bbox 192 386 308 453">
     <span class='ocr_line' id='line_1_1' title="bbox 192 386 308 453; baseline -0.017 0"><span class='ocrx_word' id='word_1_1' title='bbox 192 386 308 453; x_wconf 78' lang='lat'><strong>513</strong></span> 
     </span>
    </p>
   </div>
   <div class='ocr_carea' id='block_1_2' title="bbox 882 381 2734 452">
    <p class='ocr_par' dir='ltr' id='par_1_2' title="bbox 882 381 2734 452">
     <span class='ocr_line' id='line_1_2' title="bbox 882 381 2734 452; baseline 0.004 -7"><span class='ocrx_word' id='word_1_2' title='bbox 882 385 980 446; x_wconf 91' lang='lat' dir='ltr'><strong>DE</strong></span> <span class='ocrx_word' id='word_1_3' title='bbox 1015 387 1074 446; x_wconf 93' lang='lat' dir='ltr'><strong>S.</strong></span> <span class='ocrx_word' id='word_1_4' title='bbox 1116 385 1310 449; x_wconf 77' lang='lat' dir='ltr'><strong>SPIR.</strong></span> <span class='ocrx_word' id='word_1_5' title='bbox 1351 381 1856 446; x_wconf 79' lang='lat' dir='ltr'><strong>MYSTAGOGIA.</strong></span> <span class='ocrx_word' id='word_1_6' title='bbox 1908 411 1952 420; x_wconf 95' lang='lat'><em>-</em></span> <span class='ocrx_word' id='word_1_7' title='bbox 1983 385 2734 452; x_wconf 80' lang='lat' dir='ltr'><strong>ANIMADVERSIONES.</strong></span> 
     </span>
    </p>
   </div>
   <div class='ocr_carea' id='block_1_3' title="bbox 3352 397 3460 464">
    <p class='ocr_par' dir='ltr' id='par_1_3' title="bbox 3352 397 3460 464">
     <span class='ocr_line' id='line_1_3' title="bbox 3352 397 3460 464; baseline -0.046 0"><span class='ocrx_word' id='word_1_8' title='bbox 3352 397 3460 464; x_wconf 70' lang='grc' dir='ltr'><strong>Σ)Ῑὲ</strong></span> 
     </span>
    </p>
   </div>
   <div class='ocr_carea' id='block_1_4' title="bbox 181 495 3465 585">
    <p class='ocr_par' dir='ltr' id='par_1_4' title="bbox 181 495 3465 585">
     <span class='ocr_line' id='line_1_4' title="bbox 181 495 3465 585; baseline 0.008 -42"><span class='ocrx_word' id='word_1_9' title='bbox 181 499 459 572; x_wconf 67' lang='lat' dir='ltr'><strong>principia</strong></span> <span class='ocrx_word' id='word_1_10' title='bbox 513 497 730 552; x_wconf 68' lang='lat' dir='ltr'><strong>diversa</strong></span> <span class='ocrx_word' id='word_1_11' title='bbox 767 512 800 550; x_wconf 91' lang='lat' dir='ltr'><strong>a</strong></span> <span class='ocrx_word' id='word_1_12' title='bbox 836 495 1080 564; x_wconf 78' lang='lat' dir='ltr'><strong>Latinis;</strong></span> <span class='ocrx_word' id='word_1_13' title='bbox 1114 497 1610 564; x_wconf 76' lang='lat' dir='ltr'><strong>secundo,&#39;nullam</strong></span> <span class='ocrx_word' id='word_1_14' title='bbox 1645 515 1767 557; x_wconf 89' lang='lat' dir='ltr'><strong>esse</strong></span> <span class='ocrx_word' id='word_1_15' title='bbox 1793 503 1843 563; x_wconf 81' lang='grc' dir='ltr'><strong>Α</strong></span> <span class='ocrx_word' id='word_1_16' title='bbox 1871 501 2059 556; x_wconf 82' lang='lat' dir='ltr'><strong>eadem</strong></span> <span class='ocrx_word' id='word_1_17' title='bbox 2111 503 2321 556; x_wconf 76' lang='lat' dir='ltr'><strong>ratione</strong></span> <span class='ocrx_word' id='word_1_18' title='bbox 2367 512 2443 557; x_wconf 84' lang='lat' dir='ltr'><strong>est</strong></span> <span class='ocrx_word' id='word_1_19' title='bbox 2487 520 2653 559; x_wconf 80' lang='lat' dir='ltr'><strong>causa</strong></span> <span class='ocrx_word' id='word_1_20' title='bbox 2682 504 2804 574; x_wconf 82' lang='lat' dir='ltr'><strong>filii,</strong></span> <span class='ocrx_word' id='word_1_21' title='bbox 2836 523 2941 575; x_wconf 84' lang='lat' dir='ltr'><strong>qua</strong></span> <span class='ocrx_word' id='word_1_22' title='bbox 2967 524 3160 578; x_wconf 79' lang='lat' dir='ltr'><strong>parens</strong></span> <span class='ocrx_word' id='word_1_23' title='bbox 3188 512 3465 585; x_wconf 79' lang='lat' dir='ltr'><strong>utriusque</strong></span> 
     </span>
    </p>
   </div>
   <div class='ocr_carea' id='block_1_5' title="bbox 177 592 1772 663">
    <p class='ocr_par' dir='ltr' id='par_1_5' title="bbox 177 592 1772 663">
     <span class='ocr_line' id='line_1_5' title="bbox 177 592 1772 663; baseline 0.001 -15"><span class='ocrx_word' id='word_1_24' title='bbox 177 595 482 659; x_wconf 74' lang='lat' dir='ltr'><strong>rationem,</strong></span> <span class='ocrx_word' id='word_1_25' title='bbox 532 607 631 644; x_wconf 80' lang='lat' dir='ltr'><strong>cur</strong></span> <span class='ocrx_word' id='word_1_26' title='bbox 681 601 791 644; x_wconf 87' lang='lat' dir='ltr'><strong>tres</strong></span> <span class='ocrx_word' id='word_1_27' title='bbox 831 606 1077 660; x_wconf 67' lang='lat' dir='ltr'><strong>personae</strong></span> <span class='ocrx_word' id='word_1_28' title='bbox 1106 592 1499 663; x_wconf 70' lang='lat' dir='ltr'><strong>principia-otes</strong></span> <span class='ocrx_word' id='word_1_29' title='bbox 1533 593 1602 648; x_wconf 85' lang='lat' dir='ltr'><strong>ad</strong></span> <span class='ocrx_word' id='word_1_30' title='bbox 1630 594 1772 650; x_wconf 89' lang='lat' dir='ltr'><strong>intra</strong></span> 
     </span>
    </p>
   </div>
   <div class='ocr_carea' id='block_1_6' title="bbox 174 684 1775 757">
    <p class='ocr_par' dir='ltr' id='par_1_6' title="bbox 174 684 1775 757">
     <span class='ocr_line' id='line_1_6' title="bbox 174 684 1775 757; baseline 0 -14"><span class='ocrx_word' id='word_1_31' title='bbox 174 695 526 749; x_wconf 73' lang='lat' dir='ltr'><strong>statuantur,</strong></span> <span class='ocrx_word' id='word_1_32' title='bbox 580 684 690 739; x_wconf 89' lang='lat' dir='ltr'><strong>imo</strong></span> <span class='ocrx_word' id='word_1_33' title='bbox 738 684 948 739; x_wconf 82' lang='lat' dir='ltr'><strong>admitti</strong></span> <span class='ocrx_word' id='word_1_34' title='bbox 990 700 1083 740; x_wconf 89' lang='lat' dir='ltr'><strong>cas</strong></span> <span class='ocrx_word' id='word_1_35' title='bbox 1128 701 1240 740; x_wconf 89' lang='lat' dir='ltr'><strong>non</strong></span> <span class='ocrx_word' id='word_1_36' title='bbox 1279 702 1461 757; x_wconf 81' lang='lat' dir='ltr'><strong>posse,</strong></span> <span class='ocrx_word' id='word_1_37' title='bbox 1488 703 1614 742; x_wconf 88' lang='lat' dir='ltr'><strong>esse</strong></span> <span class='ocrx_word' id='word_1_38' title='bbox 1642 703 1775 743; x_wconf 92' lang='lat' dir='ltr'><strong>vero</strong></span> 
     </span>
    </p>
   </div>
   <div class='ocr_carea' id='block_1_7' title="bbox 183 778 1774 852">
    <p class='ocr_par' dir='ltr' id='par_1_7' title="bbox 183 778 1774 852">
     <span class='ocr_line' id='line_1_7' title="bbox 183 778 1774 852; baseline 0.002 -17"><span class='ocrx_word' id='word_1_39' title='bbox 183 781 486 842; x_wconf 82' lang='lat' dir='ltr'><strong>rationem,</strong></span> <span class='ocrx_word' id='word_1_40' title='bbox 535 794 636 833; x_wconf 93' lang='lat' dir='ltr'><strong>cur</strong></span> <span class='ocrx_word' id='word_1_41' title='bbox 662 778 875 833; x_wconf 86' lang='lat' dir='ltr'><strong>duabus</strong></span> <span class='ocrx_word' id='word_1_42' title='bbox 915 779 1165 850; x_wconf 86' lang='lat' dir='ltr'><strong>personis</strong></span> <span class='ocrx_word' id='word_1_43' title='bbox 1192 781 1446 852; x_wconf 81' lang='lat' dir='ltr'><strong>principii</strong></span> <span class='ocrx_word' id='word_1_44' title='bbox 1481 783 1621 838; x_wconf 84' lang='lat' dir='ltr'><strong>ratio</strong></span> <span class='ocrx_word' id='word_1_45' title='bbox 1649 783 1774 838; x_wconf 87' lang='lat' dir='ltr'><strong>vin-</strong></span> 
     </span>
    </p>
   </div>
   <div class='ocr_carea' id='block_1_8' title="bbox 163 872 1772 948">
    <p class='ocr_par' dir='ltr' id='par_1_8' title="bbox 163 872 1772 948">
     <span class='ocr_line' id='line_1_8' title="bbox 163 872 1772 948; baseline 0.007 -26"><span class='ocrx_word' id='word_1_46' title='bbox 163 875 441 939; x_wconf 78' lang='lat' dir='ltr'><strong>.dicetur,</strong></span> <span class='ocrx_word' id='word_1_47' title='bbox 494 872 622 948; x_wconf 83' lang='lat' dir='ltr'><strong>licet</strong></span> <span class='ocrx_word' id='word_1_48' title='bbox 669 887 779 925; x_wconf 90' lang='lat' dir='ltr'><strong>non</strong></span> <span class='ocrx_word' id='word_1_49' title='bbox 837 882 898 927; x_wconf 91' lang='lat' dir='ltr'><strong>ut</strong></span> <span class='ocrx_word' id='word_1_50' title='bbox 952 889 1201 944; x_wconf 58' lang='lat' dir='ltr'><strong>persona:</strong></span> <span class='ocrx_word' id='word_1_51' title='bbox 1234 876 1507 931; x_wconf 61' lang='lat' dir='ltr'><strong>distinctw</strong></span> <span class='ocrx_word' id='word_1_52' title='bbox 1547 876 1604 932; x_wconf 83' lang='lat' dir='ltr'><strong>in</strong></span> <span class='ocrx_word' id='word_1_53' title='bbox 1645 893 1772 948; x_wconf 86' lang='lat' dir='ltr'><strong>pro-</strong></span> 
     </span>
    </p>
   </div>
   <div class='ocr_carea' id='block_1_9' title="bbox 161 947 1771 1040">
    <p class='ocr_par' dir='ltr' id='par_1_9' title="bbox 161 947 1771 1040">
     <span class='ocr_line' id='line_1_9' title="bbox 161 947 1771 1040; baseline 0.002 -18"><span class='ocrx_word' id='word_1_54' title='bbox 161 969 444 1024; x_wconf 81' lang='lat' dir='ltr'><strong>.cessione</strong></span> <span class='ocrx_word' id='word_1_55' title='bbox 495 947 879 1035; x_wconf 73' lang='lat' dir='ltr'><strong>concipiantur</strong></span> <span class='ocrx_word' id='word_1_56' title='bbox 926 963 1020 1035; x_wconf 90' lang='lat' dir='ltr'><strong>(cf.</strong></span> <span class='ocrx_word' id='word_1_57' title='bbox 1073 982 1236 1038; x_wconf 89' lang='lat' dir='ltr'><strong>supra</strong></span> <span class='ocrx_word' id='word_1_58' title='bbox 1285 968 1377 1034; x_wconf 92' lang='lat' dir='ltr'><strong>lll,</strong></span> <span class='ocrx_word' id='word_1_59' title='bbox 1429 968 1565 1040; x_wconf 68' lang='lat'><strong>§4).</strong></span> <span class='ocrx_word' id='word_1_60' title='bbox 1611 947 1771 1037; x_wconf 85' lang='lat' dir='ltr'><strong>Quod</strong></span> 
     </span>
    </p>
   </div>
   <div class='ocr_carea' id='block_1_10' title="bbox 164 1059 1775 1135">
    <p class='ocr_par' dir='ltr' id='par_1_10' title="bbox 164 1059 1775 1135">
     <span class='ocr_line' id='line_1_10' title="bbox 164 1059 1775 1135; baseline 0.001 -19"><span class='ocrx_word' id='word_1_61' title='bbox 164 1063 257 1117; x_wconf 87' lang='lat' dir='ltr'><strong>.ad</strong></span> <span class='ocrx_word' id='word_1_62' title='bbox 309 1061 583 1132; x_wconf 77' lang='lat' dir='ltr'><strong>posterius</strong></span> <span class='ocrx_word' id='word_1_63' title='bbox 618 1059 833 1122; x_wconf 82' lang='lat' dir='ltr'><strong>attinet,</strong></span> <span class='ocrx_word' id='word_1_64' title='bbox 866 1059 919 1114; x_wconf 90' lang='lat' dir='ltr'><strong>id</strong></span> <span class='ocrx_word' id='word_1_65' title='bbox 951 1061 1034 1115; x_wconf 90' lang='lat' dir='ltr'><strong>vel</strong></span> <span class='ocrx_word' id='word_1_66' title='bbox 1055 1061 1172 1132; x_wconf 88' lang='lat' dir='ltr'><strong>ipsa</strong></span> <span class='ocrx_word' id='word_1_67' title='bbox 1206 1062 1378 1117; x_wconf 82' lang='lat' dir='ltr'><strong>Patris</strong></span> <span class='ocrx_word' id='word_1_68' title='bbox 1401 1063 1643 1118; x_wconf 81' lang='lat' dir='ltr'><strong>ostendit</strong></span> <span class='ocrx_word' id='word_1_69' title='bbox 1676 1080 1775 1135; x_wconf 89' lang='lat' dir='ltr'><strong>ap-</strong></span> 
     </span>
    </p>
   </div>
   <div class='ocr_carea' id='block_1_11' title="bbox 166 1153 1773 1230">
    <p class='ocr_par' dir='ltr' id='par_1_11' title="bbox 166 1153 1773 1230">
     <span class='ocr_line' id='line_1_11' title="bbox 166 1153 1773 1230; baseline 0.001 -20"><span class='ocrx_word' id='word_1_70' title='bbox 166 1157 432 1226; x_wconf 56' lang='lat' dir='ltr'><strong>,peliatio,</strong></span> <span class='ocrx_word' id='word_1_71' title='bbox 475 1169 582 1224; x_wconf 89' lang='lat' dir='ltr'><strong>qua</strong></span> <span class='ocrx_word' id='word_1_72' title='bbox 619 1153 811 1226; x_wconf 73' lang='grc' dir='ltr'><strong>πρώτη</strong></span> <span class='ocrx_word' id='word_1_73' title='bbox 848 1155 996 1208; x_wconf 77' lang='grc' dir='ltr'>αἰτία</span> <span class='ocrx_word' id='word_1_74' title='bbox 1024 1157 1120 1210; x_wconf 74' lang='grc' dir='ltr'>καὶ</span> <span class='ocrx_word' id='word_1_75' title='bbox 1143 1155 1284 1227; x_wconf 81' lang='grc' dir='ltr'><strong>ἀρχῆ</strong></span> <span class='ocrx_word' id='word_1_76' title='bbox 1319 1159 1773 1230; x_wconf 75' lang='grc' dir='ltr'><strong>προκαταρκτικὴ</strong></span> 
     </span>
    </p>
   </div>
   <div class='ocr_carea' id='block_1_12' title="bbox 181 1248 1774 1322">
    <p class='ocr_par' dir='ltr' id='par_1_12' title="bbox 181 1248 1774 1322">
     <span class='ocr_line' id='line_1_12' title="bbox 181 1248 1774 1322; baseline 0.001 -18"><span class='ocrx_word' id='word_1_77' title='bbox 181 1258 559 1318; x_wconf 84' lang='lat' dir='ltr'><strong>nuncupatur,</strong></span> <span class='ocrx_word' id='word_1_78' title='bbox 598 1248 854 1302; x_wconf 89' lang='lat' dir='ltr'><strong>nimirum</strong></span> <span class='ocrx_word' id='word_1_79' title='bbox 901 1256 961 1302; x_wconf 90' lang='lat' dir='ltr'><strong>nt</strong></span> <span class='ocrx_word' id='word_1_80' title='bbox 999 1249 1102 1304; x_wconf 90' lang='lat' dir='ltr'><strong>hac</strong></span> <span class='ocrx_word' id='word_1_81' title='bbox 1127 1249 1484 1322; x_wconf 68' lang='lat' dir='ltr'><strong>praarogativa</strong></span> <span class='ocrx_word' id='word_1_82' title='bbox 1511 1265 1774 1306; x_wconf 77' lang='lat' dir='ltr'><strong>secerna-</strong></span> 
     </span>
    </p>
   </div>
   <div class='ocr_carea' id='block_1_13' title="bbox 174 1340 1772 1414">
    <p class='ocr_par' dir='ltr' id='par_1_13' title="bbox 174 1340 1772 1414">
     <span class='ocr_line' id='line_1_13' title="bbox 174 1340 1772 1414; baseline 0.003 -21"><span class='ocrx_word' id='word_1_83' title='bbox 174 1352 280 1398; x_wconf 76' lang='lat' dir='ltr'><strong>tur</strong></span> <span class='ocrx_word' id='word_1_84' title='bbox 324 1343 396 1396; x_wconf 88' lang='lat' dir='ltr'><strong>ab</strong></span> <span class='ocrx_word' id='word_1_85' title='bbox 436 1341 548 1406; x_wconf 89' lang='lat' dir='ltr'><strong>illa,</strong></span> <span class='ocrx_word' id='word_1_86' title='bbox 592 1355 715 1410; x_wconf 68' lang='lat' dir='ltr'><strong>quae</strong></span> <span class='ocrx_word' id='word_1_87' title='bbox 751 1348 836 1395; x_wconf 87' lang='lat' dir='ltr'><strong>est</strong></span> <span class='ocrx_word' id='word_1_88' title='bbox 873 1340 1018 1413; x_wconf 85' lang='grc' dir='ltr'><strong>ἀρχὴ</strong></span> <span class='ocrx_word' id='word_1_89' title='bbox 1051 1341 1108 1408; x_wconf 79' lang='grc' dir='ltr'>ἐξ</span> <span class='ocrx_word' id='word_1_90' title='bbox 1139 1342 1315 1414; x_wconf 81' lang='grc' dir='ltr'><strong>ἀρχῆς</strong></span> <span class='ocrx_word' id='word_1_91' title='bbox 1353 1359 1582 1414; x_wconf 65' lang='lat' dir='ltr'><strong>qumque</strong></span> <span class='ocrx_word' id='word_1_92' title='bbox 1608 1344 1772 1398; x_wconf 87' lang='lat' dir='ltr'><strong>etiam</strong></span> 
     </span>
    </p>
   </div>
   <div class='ocr_carea' id='block_1_14' title="bbox 184 1433 1772 1508">
    <p class='ocr_par' dir='ltr' id='par_1_14' title="bbox 184 1433 1772 1508">
     <span class='ocr_line' id='line_1_14' title="bbox 184 1433 1772 1508; baseline 0.003 -21"><span class='ocrx_word' id='word_1_93' title='bbox 184 1433 334 1504; x_wconf 72' lang='grc' dir='ltr'><strong>ἀρχὴ</strong></span> <span class='ocrx_word' id='word_1_94' title='bbox 387 1433 712 1503; x_wconf 87' lang='lat' dir='ltr'><strong>simpliciter</strong></span> <span class='ocrx_word' id='word_1_95' title='bbox 771 1433 972 1488; x_wconf 90' lang='lat' dir='ltr'><strong>dicitur</strong></span> <span class='ocrx_word' id='word_1_96' title='bbox 1022 1435 1167 1506; x_wconf 87' lang='lat' dir='ltr'><strong>(vide</strong></span> <span class='ocrx_word' id='word_1_97' title='bbox 1219 1435 1360 1491; x_wconf 89' lang='lat' dir='ltr'><strong>infra</strong></span> <span class='ocrx_word' id='word_1_98' title='bbox 1426 1436 1588 1508; x_wconf 84' lang='lat' dir='ltr'><strong>Greg.</strong></span> <span class='ocrx_word' id='word_1_99' title='bbox 1640 1436 1772 1492; x_wconf 84' lang='lat' dir='ltr'><strong>Naz.</strong></span> 
     </span>
    </p>
   </div>
   <div class='ocr_carea' id='block_1_15' title="bbox 171 1525 1774 1600">
    <p class='ocr_par' dir='ltr' id='par_1_15' title="bbox 171 1525 1774 1600">
     <span class='ocr_line' id='line_1_15' title="bbox 171 1525 1774 1600; baseline 0.006 -23"><span class='ocrx_word' id='word_1_100' title='bbox 171 1525 212 1596; x_wconf 60' lang='grc' dir='ltr'>ᾗ</span> <span class='ocrx_word' id='word_1_101' title='bbox 236 1525 367 1596; x_wconf 71' lang='grc'>24);</span> <span class='ocrx_word' id='word_1_102' title='bbox 419 1525 573 1596; x_wconf 90' lang='lat' dir='ltr'><strong>prius</strong></span> <span class='ocrx_word' id='word_1_103' title='bbox 622 1542 754 1580; x_wconf 86' lang='lat' dir='ltr'><strong>vero</strong></span> <span class='ocrx_word' id='word_1_104' title='bbox 784 1543 893 1581; x_wconf 88' lang='lat' dir='ltr'><strong>non</strong></span> <span class='ocrx_word' id='word_1_105' title='bbox 924 1528 1106 1583; x_wconf 92' lang='lat' dir='ltr'><strong>minus</strong></span> <span class='ocrx_word' id='word_1_106' title='bbox 1134 1545 1200 1583; x_wconf 81' lang='lat' dir='ltr'><strong>ex</strong></span> <span class='ocrx_word' id='word_1_107' title='bbox 1232 1530 1392 1586; x_wconf 82' lang='lat' dir='ltr'><strong>dictis</strong></span> <span class='ocrx_word' id='word_1_108' title='bbox 1420 1540 1590 1600; x_wconf 89' lang='lat' dir='ltr'><strong>patet.</strong></span> <span class='ocrx_word' id='word_1_109' title='bbox 1627 1531 1774 1587; x_wconf 86' lang='lat' dir='ltr'><strong>Scite</strong></span> 
     </span>
    </p>
   </div>
   <div class='ocr_carea' id='block_1_16' title="bbox 185 1613 1776 1691">
    <p class='ocr_par' dir='ltr' id='par_1_16' title="bbox 185 1613 1776 1691">
     <span class='ocr_line' id='line_1_16' title="bbox 185 1613 1776 1691; baseline 0.004 -22"><span class='ocrx_word' id='word_1_110' title='bbox 185 1623 415 1670; x_wconf 88' lang='lat' dir='ltr'><strong>sanctus</strong></span> <span class='ocrx_word' id='word_1_111' title='bbox 453 1613 692 1671; x_wconf 85' lang='lat' dir='ltr'><strong>Thomas</strong></span> <span class='ocrx_word' id='word_1_112' title='bbox 737 1617 814 1687; x_wconf 84' lang='lat' dir='ltr'><strong>(q.</strong></span> <span class='ocrx_word' id='word_1_113' title='bbox 865 1619 957 1680; x_wconf 83' lang='lat'><strong>50,</strong></span> <span class='ocrx_word' id='word_1_114' title='bbox 1008 1627 1113 1673; x_wconf 90' lang='lat' dir='ltr'><strong>art.</strong></span> <span class='ocrx_word' id='word_1_115' title='bbox 1143 1618 1179 1672; x_wconf 80' lang='grc'><strong>2</strong></span> <span class='ocrx_word' id='word_1_116' title='bbox 1203 1621 1272 1675; x_wconf 93' lang='lat' dir='ltr'><strong>ad</strong></span> <span class='ocrx_word' id='word_1_117' title='bbox 1300 1619 1354 1688; x_wconf 74' lang='grc'>4)</span> <span class='ocrx_word' id='word_1_118' title='bbox 1383 1638 1396 1675; x_wconf 92' lang='lat'><strong>:</strong></span> <span class='ocrx_word' id='word_1_119' title='bbox 1438 1640 1457 1672; x_wconf 80' lang='grc' dir='ltr'><strong>ι</strong></span> <span class='ocrx_word' id='word_1_120' title='bbox 1491 1619 1776 1691; x_wconf 87' lang='lat' dir='ltr'><strong>Oppositio</strong></span> 
     </span>
    </p>
   </div>
   <div class='ocr_carea' id='block_1_17' title="bbox 185 1706 1774 1783">
    <p class='ocr_par' dir='ltr' id='par_1_17' title="bbox 185 1706 1774 1783">
     <span class='ocr_line' id='line_1_17' title="bbox 185 1706 1774 1783; baseline 0.004 -23"><span class='ocrx_word' id='word_1_121' title='bbox 185 1706 470 1762; x_wconf 83' lang='lat' dir='ltr'><strong>relationis</strong></span> <span class='ocrx_word' id='word_1_122' title='bbox 509 1723 616 1761; x_wconf 90' lang='lat' dir='ltr'><strong>non</strong></span> <span class='ocrx_word' id='word_1_123' title='bbox 654 1708 942 1779; x_wconf 88' lang='lat' dir='ltr'><strong>permittit,</strong></span> <span class='ocrx_word' id='word_1_124' title='bbox 981 1717 1043 1764; x_wconf 88' lang='lat' dir='ltr'><strong>ut</strong></span> <span class='ocrx_word' id='word_1_125' title='bbox 1089 1725 1212 1765; x_wconf 92' lang='lat' dir='ltr'><strong>cum</strong></span> <span class='ocrx_word' id='word_1_126' title='bbox 1243 1711 1508 1768; x_wconf 83' lang='lat' dir='ltr'><strong>relatione</strong></span> <span class='ocrx_word' id='word_1_127' title='bbox 1537 1712 1774 1783; x_wconf 81' lang='lat' dir='ltr'><strong>Spiritus</strong></span> 
     </span>
    </p>
   </div>
   <div class='ocr_carea' id='block_1_18' title="bbox 187 1799 1769 1875">
    <p class='ocr_par' dir='ltr' id='par_1_18' title="bbox 187 1799 1769 1875">
     <span class='ocr_line' id='line_1_18' title="bbox 187 1799 1769 1875; baseline 0.004 -22"><span class='ocrx_word' id='word_1_128' title='bbox 187 1799 362 1853; x_wconf 87' lang='lat' dir='ltr'><strong>sancti</strong></span> <span class='ocrx_word' id='word_1_129' title='bbox 399 1799 466 1853; x_wconf 93' lang='lat' dir='ltr'><strong>sit</strong></span> <span class='ocrx_word' id='word_1_130' title='bbox 502 1800 692 1854; x_wconf 86' lang='lat' dir='ltr'><strong>relatio</strong></span> <span class='ocrx_word' id='word_1_131' title='bbox 713 1800 966 1872; x_wconf 87' lang='lat' dir='ltr'><strong>principii</strong></span> <span class='ocrx_word' id='word_1_132' title='bbox 999 1813 1252 1874; x_wconf 88' lang='lat' dir='ltr'><strong>respectu</strong></span> <span class='ocrx_word' id='word_1_133' title='bbox 1273 1804 1473 1859; x_wconf 65' lang='lat' dir='ltr'><strong>divinae</strong></span> <span class='ocrx_word' id='word_1_134' title='bbox 1498 1820 1769 1875; x_wconf 64' lang='lat' dir='ltr'><strong>personae,</strong></span> 
     </span>
    </p>
   </div>
   <div class='ocr_carea' id='block_1_19' title="bbox 185 1892 1774 1968">
    <p class='ocr_par' dir='ltr' id='par_1_19' title="bbox 185 1892 1774 1968">
     <span class='ocr_line' id='line_1_19' title="bbox 185 1892 1774 1968; baseline 0.004 -22"><span class='ocrx_word' id='word_1_135' title='bbox 185 1892 317 1964; x_wconf 89' lang='lat' dir='ltr'><strong>quia</strong></span> <span class='ocrx_word' id='word_1_136' title='bbox 351 1893 462 1963; x_wconf 76' lang='lat' dir='ltr'><strong>ipse</strong></span> <span class='ocrx_word' id='word_1_137' title='bbox 502 1894 736 1962; x_wconf 83' lang='lat' dir='ltr'><strong>procedit</strong></span> <span class='ocrx_word' id='word_1_138' title='bbox 769 1895 837 1948; x_wconf 87' lang='lat' dir='ltr'><strong>ab</strong></span> <span class='ocrx_word' id='word_1_139' title='bbox 874 1895 997 1948; x_wconf 81' lang='lat' dir='ltr'><strong>aliis</strong></span> <span class='ocrx_word' id='word_1_140' title='bbox 1044 1899 1302 1964; x_wconf 77' lang='lat' dir='ltr'><strong>personis,</strong></span> <span class='ocrx_word' id='word_1_141' title='bbox 1351 1914 1468 1968; x_wconf 70' lang='lat' dir='ltr'><strong>qum</strong></span> <span class='ocrx_word' id='word_1_142' title='bbox 1497 1899 1551 1952; x_wconf 87' lang='lat' dir='ltr'><strong>in</strong></span> <span class='ocrx_word' id='word_1_143' title='bbox 1586 1898 1774 1953; x_wconf 79' lang='lat' dir='ltr'><strong>divinis</strong></span> 
     </span>
    </p>
   </div>
   <div class='ocr_carea' id='block_1_20' title="bbox 177 1985 1774 2062">
    <p class='ocr_par' dir='ltr' id='par_1_20' title="bbox 177 1985 1774 2062">
     <span class='ocr_line' id='line_1_20' title="bbox 177 1985 1774 2062; baseline 0.004 -22"><span class='ocrx_word' id='word_1_144' title='bbox 177 2001 300 2040; x_wconf 71' lang='lat' dir='ltr'><strong>esse</strong></span> <span class='ocrx_word' id='word_1_145' title='bbox 339 1996 573 2053; x_wconf 72' lang='lat' dir='ltr'><strong>possunt.</strong></span> <span class='ocrx_word' id='word_1_146' title='bbox 612 2003 632 2036; x_wconf 74' lang='grc' dir='ltr'><strong>ο</strong></span> <span class='ocrx_word' id='word_1_147' title='bbox 663 1985 852 2057; x_wconf 85' lang='lat' dir='ltr'><strong>Neque</strong></span> <span class='ocrx_word' id='word_1_148' title='bbox 886 1990 1257 2061; x_wconf 75' lang='lat' dir='ltr'><strong>congruentia:</strong></span> <span class='ocrx_word' id='word_1_149' title='bbox 1288 1993 1430 2046; x_wconf 87' lang='lat' dir='ltr'><strong>ratio</strong></span> <span class='ocrx_word' id='word_1_150' title='bbox 1456 1991 1582 2047; x_wconf 91' lang='lat' dir='ltr'><strong>inde</strong></span> <span class='ocrx_word' id='word_1_151' title='bbox 1605 1991 1774 2062; x_wconf 87' lang='lat' dir='ltr'><strong>petita</strong></span> 
     </span>
    </p>
   </div>
   <div class='ocr_carea' id='block_1_21' title="bbox 176 2077 1773 2153">
    <p class='ocr_par' dir='ltr' id='par_1_21' title="bbox 176 2077 1773 2153">
     <span class='ocr_line' id='line_1_21' title="bbox 176 2077 1773 2153; baseline 0.005 -21"><span class='ocrx_word' id='word_1_152' title='bbox 176 2079 363 2149; x_wconf 82' lang='lat' dir='ltr'><strong>juvat,</strong></span> <span class='ocrx_word' id='word_1_153' title='bbox 407 2077 552 2148; x_wconf 92' lang='lat' dir='ltr'><strong>quod</strong></span> <span class='ocrx_word' id='word_1_154' title='bbox 595 2077 657 2131; x_wconf 84' lang='grc' dir='ltr'><strong>τὸ</strong></span> <span class='ocrx_word' id='word_1_155' title='bbox 697 2079 975 2150; x_wconf 83' lang='grc' dir='ltr'><strong>τριαδικὸν</strong></span> <span class='ocrx_word' id='word_1_156' title='bbox 1028 2082 1201 2153; x_wconf 86' lang='lat' dir='ltr'><strong>magis</strong></span> <span class='ocrx_word' id='word_1_157' title='bbox 1247 2083 1425 2138; x_wconf 92' lang='lat' dir='ltr'><strong>locum</strong></span> <span class='ocrx_word' id='word_1_158' title='bbox 1476 2082 1675 2140; x_wconf 88' lang='lat' dir='ltr'><strong>haheat</strong></span> <span class='ocrx_word' id='word_1_159' title='bbox 1717 2084 1773 2140; x_wconf 91' lang='lat' dir='ltr'><strong>in</strong></span> 
     </span>
    </p>
   </div>
   <div class='ocr_carea' id='block_1_22' title="bbox 189 2170 1773 2248">
    <p class='ocr_par' dir='ltr' id='par_1_22' title="bbox 189 2170 1773 2248">
     <span class='ocr_line' id='line_1_22' title="bbox 189 2170 1773 2248; baseline 0.005 -22"><span class='ocrx_word' id='word_1_160' title='bbox 189 2170 480 2234; x_wconf 84' lang='lat' dir='ltr'><strong>Trinitate,</strong></span> <span class='ocrx_word' id='word_1_161' title='bbox 504 2185 665 2240; x_wconf 87' lang='lat' dir='ltr'><strong>quam</strong></span> <span class='ocrx_word' id='word_1_162' title='bbox 692 2171 754 2226; x_wconf 85' lang='grc' dir='ltr'><strong>τδ</strong></span> <span class='ocrx_word' id='word_1_163' title='bbox 785 2172 1057 2238; x_wconf 57' lang='lat' dir='ltr'><strong>suasum,</strong></span> <span class='ocrx_word' id='word_1_164' title='bbox 1093 2177 1373 2231; x_wconf 87' lang='lat' dir='ltr'><strong>ternarius</strong></span> <span class='ocrx_word' id='word_1_165' title='bbox 1401 2177 1574 2248; x_wconf 86' lang='lat' dir='ltr'><strong>magis</strong></span> <span class='ocrx_word' id='word_1_166' title='bbox 1608 2193 1773 2248; x_wconf 88' lang='lat' dir='ltr'><strong>quam</strong></span> 
     </span>
    </p>
   </div>
   <div class='ocr_carea' id='block_1_23' title="bbox 192 2261 1776 2342">
    <p class='ocr_par' dir='ltr' id='par_1_23' title="bbox 192 2261 1776 2342">
     <span class='ocr_line' id='line_1_23' title="bbox 192 2261 1776 2342; baseline 0.003 -21"><span class='ocrx_word' id='word_1_167' title='bbox 192 2265 461 2322; x_wconf 84' lang='lat' dir='ltr'><strong>biuarius.</strong></span> <span class='ocrx_word' id='word_1_168' title='bbox 514 2261 706 2319; x_wconf 87' lang='lat' dir='ltr'><strong>Nonne</strong></span> <span class='ocrx_word' id='word_1_169' title='bbox 751 2274 808 2321; x_wconf 89' lang='lat' dir='ltr'><strong>et</strong></span> <span class='ocrx_word' id='word_1_170' title='bbox 849 2281 879 2321; x_wconf 90' lang='lat' dir='ltr'><strong>a</strong></span> <span class='ocrx_word' id='word_1_171' title='bbox 918 2267 1202 2324; x_wconf 87' lang='lat' dir='ltr'><strong>Photianis</strong></span> <span class='ocrx_word' id='word_1_172' title='bbox 1241 2269 1304 2323; x_wconf 71' lang='grc' dir='ltr'><strong>τὸ</strong></span> <span class='ocrx_word' id='word_1_173' title='bbox 1341 2267 1491 2342; x_wconf 76' lang='grc'>[292]</span> <span class='ocrx_word' id='word_1_174' title='bbox 1521 2269 1776 2326; x_wconf 75' lang='grc' dir='ltr'><strong>δυαδικδν</strong></span> 
     </span>
    </p>
   </div>
   <div class='ocr_carea' id='block_1_24' title="bbox 181 2357 1776 2434">
    <p class='ocr_par' dir='ltr' id='par_1_24' title="bbox 181 2357 1776 2434">
     <span class='ocr_line' id='line_1_24' title="bbox 181 2357 1776 2434; baseline 0.001 -20"><span class='ocrx_word' id='word_1_175' title='bbox 181 2357 522 2421; x_wconf 71' lang='lat' dir='ltr'><strong>admittitur,</strong></span> <span class='ocrx_word' id='word_1_176' title='bbox 558 2358 686 2412; x_wconf 90' lang='lat' dir='ltr'><strong>dum</strong></span> <span class='ocrx_word' id='word_1_177' title='bbox 729 2360 952 2422; x_wconf 86' lang='lat' dir='ltr'><strong>docent,</strong></span> <span class='ocrx_word' id='word_1_178' title='bbox 986 2361 1041 2415; x_wconf 90' lang='lat' dir='ltr'><strong>in</strong></span> <span class='ocrx_word' id='word_1_179' title='bbox 1075 2360 1342 2416; x_wconf 87' lang='lat' dir='ltr'><strong>Trinitate</strong></span> <span class='ocrx_word' id='word_1_180' title='bbox 1370 2377 1492 2416; x_wconf 89' lang='lat' dir='ltr'><strong>esse</strong></span> <span class='ocrx_word' id='word_1_181' title='bbox 1515 2361 1576 2416; x_wconf 79' lang='grc' dir='ltr'><strong>τὸ</strong></span> <span class='ocrx_word' id='word_1_182' title='bbox 1605 2363 1776 2434; x_wconf 79' lang='grc' dir='ltr'>ἄναρ-</span> 
     </span>
    </p>
   </div>
   <div class='ocr_carea' id='block_1_25' title="bbox 190 2453 1770 2526">
    <p class='ocr_par' dir='ltr' id='par_1_25' title="bbox 190 2453 1770 2526">
     <span class='ocr_line' id='line_1_25' title="bbox 190 2453 1770 2526; baseline 0.001 -19"><span class='ocrx_word' id='word_1_183' title='bbox 190 2471 288 2524; x_wconf 87' lang='grc' dir='ltr'>χον</span> <span class='ocrx_word' id='word_1_184' title='bbox 324 2455 418 2509; x_wconf 77' lang='grc' dir='ltr'>καὶ</span> <span class='ocrx_word' id='word_1_185' title='bbox 454 2454 522 2508; x_wconf 66' lang='grc' dir='ltr'><strong>τὰ</strong></span> <span class='ocrx_word' id='word_1_186' title='bbox 571 2454 638 2520; x_wconf 76' lang='grc' dir='ltr'>ἐξ</span> <span class='ocrx_word' id='word_1_187' title='bbox 671 2455 869 2526; x_wconf 77' lang='grc' dir='ltr'><strong>ἀρχῆς,</strong></span> <span class='ocrx_word' id='word_1_188' title='bbox 915 2453 1050 2510; x_wconf 88' lang='lat' dir='ltr'><strong>duas</strong></span> <span class='ocrx_word' id='word_1_189' title='bbox 1082 2468 1349 2523; x_wconf 84' lang='lat' dir='ltr'><strong>personas</strong></span> <span class='ocrx_word' id='word_1_190' title='bbox 1373 2468 1496 2509; x_wconf 91' lang='lat' dir='ltr'><strong>esse</strong></span> <span class='ocrx_word' id='word_1_191' title='bbox 1526 2454 1770 2520; x_wconf 78' lang='grc' dir='ltr'><strong>αἱτιατὰ,</strong></span> 
     </span>
    </p>
   </div>
   <div class='ocr_carea' id='block_1_26' title="bbox 189 2546 1776 2618">
    <p class='ocr_par' dir='ltr' id='par_1_26' title="bbox 189 2546 1776 2618">
     <span class='ocr_line' id='line_1_26' title="bbox 189 2546 1776 2618; baseline 0.001 -18"><span class='ocrx_word' id='word_1_192' title='bbox 189 2546 468 2616; x_wconf 88' lang='lat' dir='ltr'><strong>duplicem</strong></span> <span class='ocrx_word' id='word_1_193' title='bbox 497 2562 619 2602; x_wconf 82' lang='lat' dir='ltr'><strong>esse</strong></span> <span class='ocrx_word' id='word_1_194' title='bbox 649 2546 896 2616; x_wconf 85' lang='grc' dir='ltr'><strong>πρόοδον,</strong></span> <span class='ocrx_word' id='word_1_195' title='bbox 937 2546 1347 2617; x_wconf 77' lang='lat' dir='ltr'><strong>generationem</strong></span> <span class='ocrx_word' id='word_1_196' title='bbox 1380 2557 1436 2601; x_wconf 90' lang='lat' dir='ltr'><strong>et</strong></span> <span class='ocrx_word' id='word_1_197' title='bbox 1469 2548 1776 2618; x_wconf 87' lang='lat' dir='ltr'><strong>processio-</strong></span> 
     </span>
    </p>
   </div>
   <div class='ocr_carea' id='block_1_27' title="bbox 190 2638 1774 2710">
    <p class='ocr_par' dir='ltr' id='par_1_27' title="bbox 190 2638 1774 2710">
     <span class='ocr_line' id='line_1_27' title="bbox 190 2638 1774 2710; baseline 0.003 -19"><span class='ocrx_word' id='word_1_198' title='bbox 190 2639 358 2692; x_wconf 84' lang='lat' dir='ltr'><strong>nem?</strong></span> <span class='ocrx_word' id='word_1_199' title='bbox 390 2638 548 2694; x_wconf 89' lang='lat' dir='ltr'><strong>Nulla</strong></span> <span class='ocrx_word' id='word_1_200' title='bbox 581 2639 781 2694; x_wconf 80' lang='lat' dir='ltr'><strong>exhinc</strong></span> <span class='ocrx_word' id='word_1_201' title='bbox 821 2640 1068 2710; x_wconf 87' lang='lat' dir='ltr'><strong>sequitur</strong></span> <span class='ocrx_word' id='word_1_202' title='bbox 1093 2639 1350 2694; x_wconf 87' lang='lat' dir='ltr'><strong>dissectio</strong></span> <span class='ocrx_word' id='word_1_203' title='bbox 1384 2654 1447 2694; x_wconf 90' lang='lat' dir='ltr'><strong>ac</strong></span> <span class='ocrx_word' id='word_1_204' title='bbox 1480 2640 1675 2695; x_wconf 82' lang='lat' dir='ltr'><strong>divisio</strong></span> <span class='ocrx_word' id='word_1_205' title='bbox 1717 2641 1774 2695; x_wconf 91' lang='lat' dir='ltr'><strong>in</strong></span> 
     </span>
    </p>
   </div>
   <div class='ocr_carea' id='block_1_28' title="bbox 191 2729 1774 2803">
    <p class='ocr_par' dir='ltr' id='par_1_28' title="bbox 191 2729 1774 2803">
     <span class='ocr_line' id='line_1_28' title="bbox 191 2729 1774 2803; baseline 0.002 -19"><span class='ocrx_word' id='word_1_206' title='bbox 191 2729 485 2796; x_wconf 81' lang='lat' dir='ltr'><strong>Trinitate,</strong></span> <span class='ocrx_word' id='word_1_207' title='bbox 527 2746 708 2802; x_wconf 86' lang='lat' dir='ltr'><strong>neque</strong></span> <span class='ocrx_word' id='word_1_208' title='bbox 743 2729 924 2786; x_wconf 79' lang='lat' dir='ltr'><strong>Patris</strong></span> <span class='ocrx_word' id='word_1_209' title='bbox 954 2731 1316 2803; x_wconf 57' lang='lat' dir='ltr'><strong>praerogativa</strong></span> <span class='ocrx_word' id='word_1_210' title='bbox 1342 2731 1636 2802; x_wconf 86' lang='lat' dir='ltr'><strong>quidquam</strong></span> <span class='ocrx_word' id='word_1_211' title='bbox 1668 2733 1774 2787; x_wconf 90' lang='lat' dir='ltr'><strong>mi-</strong></span> 
     </span>
    </p>
   </div>
   <div class='ocr_carea' id='block_1_29' title="bbox 190 2821 1770 2894">
    <p class='ocr_par' dir='ltr' id='par_1_29' title="bbox 190 2821 1770 2894">
     <span class='ocr_line' id='line_1_29' title="bbox 190 2821 1770 2894; baseline 0.003 -18"><span class='ocrx_word' id='word_1_212' title='bbox 190 2823 404 2884; x_wconf 83' lang='lat' dir='ltr'><strong>nuitur,</strong></span> <span class='ocrx_word' id='word_1_213' title='bbox 445 2832 501 2878; x_wconf 88' lang='lat' dir='ltr'><strong>et</strong></span> <span class='ocrx_word' id='word_1_214' title='bbox 546 2839 612 2878; x_wconf 78' lang='lat' dir='ltr'><strong>ex</strong></span> <span class='ocrx_word' id='word_1_215' title='bbox 654 2823 819 2878; x_wconf 89' lang='lat' dir='ltr'><strong>dictis</strong></span> <span class='ocrx_word' id='word_1_216' title='bbox 869 2832 1039 2894; x_wconf 91' lang='lat' dir='ltr'><strong>patet.</strong></span> <span class='ocrx_word' id='word_1_217' title='bbox 1084 2821 1452 2890; x_wconf 84' lang='lat' dir='ltr'><strong>Quamobrem</strong></span> <span class='ocrx_word' id='word_1_218' title='bbox 1487 2839 1596 2879; x_wconf 90' lang='lat' dir='ltr'><strong>non</strong></span> <span class='ocrx_word' id='word_1_219' title='bbox 1631 2835 1770 2893; x_wconf 90' lang='lat' dir='ltr'><strong>erat,</strong></span> 
     </span>
    </p>
   </div>
   <div class='ocr_carea' id='block_1_30' title="bbox 182 2914 1775 2974">
    <p class='ocr_par' dir='ltr' id='par_1_30' title="bbox 182 2914 1775 2974">
     <span class='ocr_line' id='line_1_30' title="bbox 182 2914 1775 2974; baseline 0.006 -10"><span class='ocrx_word' id='word_1_220' title='bbox 182 2929 295 2968; x_wconf 69' lang='lat' dir='ltr'><strong>cur</strong></span> <span class='ocrx_word' id='word_1_221' title='bbox 320 2914 564 2970; x_wconf 86' lang='lat' dir='ltr'><strong>lPhotins</strong></span> <span class='ocrx_word' id='word_1_222' title='bbox 607 2933 620 2969; x_wconf 93' lang='lat'>:</span> <span class='ocrx_word' id='word_1_223' title='bbox 657 2933 676 2966; x_wconf 76' lang='grc' dir='ltr'><strong>ι</strong></span> <span class='ocrx_word' id='word_1_224' title='bbox 718 2914 1154 2970; x_wconf 87' lang='lat' dir='ltr'><strong>Christianorum</strong></span> <span class='ocrx_word' id='word_1_225' title='bbox 1199 2916 1424 2971; x_wconf 88' lang='lat' dir='ltr'><strong>auribus</strong></span> <span class='ocrx_word' id='word_1_226' title='bbox 1457 2915 1775 2974; x_wconf 88' lang='lat' dir='ltr'><strong>intolerabi-</strong></span> 
     </span>
    </p>
   </div>
   <div class='ocr_carea' id='block_1_31' title="bbox 196 3006 1772 3082">
    <p class='ocr_par' dir='ltr' id='par_1_31' title="bbox 196 3006 1772 3082">
     <span class='ocr_line' id='line_1_31' title="bbox 196 3006 1772 3082; baseline 0.003 -20"><span class='ocrx_word' id='word_1_227' title='bbox 196 3008 292 3070; x_wconf 87' lang='lat' dir='ltr'><strong>lia,</strong></span> <span class='ocrx_word' id='word_1_228' title='bbox 344 3006 681 3061; x_wconf 87' lang='lat' dir='ltr'><strong>iracundiam</strong></span> <span class='ocrx_word' id='word_1_229' title='bbox 712 3023 864 3078; x_wconf 60' lang='lat' dir='ltr'><strong>atque</strong></span> <span class='ocrx_word' id='word_1_230' title='bbox 909 3023 972 3062; x_wconf 91' lang='lat' dir='ltr'><strong>ac</strong></span> <span class='ocrx_word' id='word_1_231' title='bbox 1020 3008 1226 3063; x_wconf 89' lang='lat' dir='ltr'><strong>luctum</strong></span> <span class='ocrx_word' id='word_1_232' title='bbox 1251 3009 1546 3064; x_wconf 80' lang='lat' dir='ltr'><strong>exeitantia</strong></span> <span class='ocrx_word' id='word_1_233' title='bbox 1575 3030 1593 3062; x_wconf 76' lang='grc' dir='ltr'><strong>ι</strong></span> <span class='ocrx_word' id='word_1_234' title='bbox 1627 3011 1772 3082; x_wconf 89' lang='lat' dir='ltr'><strong>(cap.</strong></span> 
     </span>
    </p>
   </div>
   <div class='ocr_carea' id='block_1_32' title="bbox 194 3097 1776 3172">
    <p class='ocr_par' dir='ltr' id='par_1_32' title="bbox 194 3097 1776 3172">
     <span class='ocr_line' id='line_1_32' title="bbox 194 3097 1776 3172; baseline 0.002 -18"><span class='ocrx_word' id='word_1_235' title='bbox 194 3100 308 3167; x_wconf 73' lang='grc'>13),</span> <span class='ocrx_word' id='word_1_236' title='bbox 341 3114 463 3169; x_wconf 74' lang='lat' dir='ltr'><strong>qua:</strong></span> <span class='ocrx_word' id='word_1_237' title='bbox 495 3097 809 3154; x_wconf 86' lang='lat' dir='ltr'><strong>Latinorum</strong></span> <span class='ocrx_word' id='word_1_238' title='bbox 838 3099 1101 3154; x_wconf 68' lang='lat' dir='ltr'><strong>doctrina:</strong></span> <span class='ocrx_word' id='word_1_239' title='bbox 1139 3100 1480 3156; x_wconf 88' lang='lat' dir='ltr'><strong>consectaria</strong></span> <span class='ocrx_word' id='word_1_240' title='bbox 1515 3101 1687 3172; x_wconf 87' lang='lat' dir='ltr'><strong>logice</strong></span> <span class='ocrx_word' id='word_1_241' title='bbox 1713 3117 1776 3157; x_wconf 89' lang='lat' dir='ltr'><strong>ac</strong></span> 
     </span>
    </p>
   </div>
   <div class='ocr_carea' id='block_1_33' title="bbox 1877 596 3464 674">
    <p class='ocr_par' dir='ltr' id='par_1_33' title="bbox 1877 596 3464 674">
     <span class='ocr_line' id='line_1_33' title="bbox 1877 596 3464 674; baseline 0.008 -26"><span class='ocrx_word' id='word_1_242' title='bbox 1877 611 2038 650; x_wconf 78' lang='lat' dir='ltr'><strong>causa</strong></span> <span class='ocrx_word' id='word_1_243' title='bbox 2073 596 2300 661; x_wconf 74' lang='lat' dir='ltr'><strong>exsistit,</strong></span> <span class='ocrx_word' id='word_1_244' title='bbox 2336 596 2564 652; x_wconf 88' lang='lat' dir='ltr'><strong>minime</strong></span> <span class='ocrx_word' id='word_1_245' title='bbox 2595 597 2710 667; x_wconf 89' lang='lat' dir='ltr'><strong>ipsa</strong></span> <span class='ocrx_word' id='word_1_246' title='bbox 2736 598 2789 651; x_wconf 93' lang='lat' dir='ltr'><strong>in</strong></span> <span class='ocrx_word' id='word_1_247' title='bbox 2829 609 3070 671; x_wconf 68' lang='lat' dir='ltr'><strong>paterna:</strong></span> <span class='ocrx_word' id='word_1_248' title='bbox 3101 605 3464 674; x_wconf 89' lang='lat' dir='ltr'><strong>compositio-</strong></span> 
     </span>
    </p>
   </div>
   <div class='ocr_carea' id='block_1_34' title="bbox 1872 688 3461 770">
    <p class='ocr_par' dir='ltr' id='par_1_34' title="bbox 1872 688 3461 770">
     <span class='ocr_line' id='line_1_34' title="bbox 1872 688 3461 770; baseline 0.008 -30"><span class='ocrx_word' id='word_1_249' title='bbox 1872 702 2000 741; x_wconf 88' lang='lat' dir='ltr'><strong>nem</strong></span> <span class='ocrx_word' id='word_1_250' title='bbox 2031 702 2278 758; x_wconf 73' lang='lat' dir='ltr'><strong>personaa</strong></span> <span class='ocrx_word' id='word_1_251' title='bbox 2303 688 2557 759; x_wconf 81' lang='lat' dir='ltr'><strong>adigitur.</strong></span> <span class='ocrx_word' id='word_1_252' title='bbox 2597 711 2616 743; x_wconf 72' lang='grc' dir='ltr'><strong>ι</strong></span> <span class='ocrx_word' id='word_1_253' title='bbox 2652 689 2848 747; x_wconf 87' lang='lat' dir='ltr'><strong>Photio</strong></span> <span class='ocrx_word' id='word_1_254' title='bbox 2877 708 3007 747; x_wconf 92' lang='lat' dir='ltr'><strong>vero</strong></span> <span class='ocrx_word' id='word_1_255' title='bbox 3035 695 3108 750; x_wconf 90' lang='lat' dir='ltr'><strong>ita</strong></span> <span class='ocrx_word' id='word_1_256' title='bbox 3131 695 3290 770; x_wconf 84' lang='lat' dir='ltr'><strong>llugo</strong></span> <span class='ocrx_word' id='word_1_257' title='bbox 3311 699 3370 769; x_wconf 92' lang='lat' dir='ltr'><strong>(l.</strong></span> <span class='ocrx_word' id='word_1_258' title='bbox 3396 715 3461 762; x_wconf 81' lang='grc' dir='ltr'>ιι,</span> 
     </span>
    </p>
   </div>
   <div class='ocr_carea' id='block_1_35' title="bbox 1872 781 3468 861">
    <p class='ocr_par' dir='ltr' id='par_1_35' title="bbox 1872 781 3468 861">
     <span class='ocr_line' id='line_1_35' title="bbox 1872 781 3468 861; baseline 0.009 -27"><span class='ocrx_word' id='word_1_259' title='bbox 1872 796 1922 835; x_wconf 92' lang='lat' dir='ltr'><strong>c.</strong></span> <span class='ocrx_word' id='word_1_260' title='bbox 1946 781 2030 844; x_wconf 88' lang='grc'><strong>18,</strong></span> <span class='ocrx_word' id='word_1_261' title='bbox 2052 781 2292 850; x_wconf 71' lang='lat' dir='ltr'><strong>p.1235)</strong></span> <span class='ocrx_word' id='word_1_262' title='bbox 2315 783 2550 838; x_wconf 87' lang='lat' dir='ltr'><strong>breviter</strong></span> <span class='ocrx_word' id='word_1_263' title='bbox 2576 785 2869 855; x_wconf 85' lang='lat' dir='ltr'><strong>respondet</strong></span> <span class='ocrx_word' id='word_1_264' title='bbox 2903 804 2915 840; x_wconf 92' lang='lat'><strong>:</strong></span> <span class='ocrx_word' id='word_1_265' title='bbox 2951 787 3101 861; x_wconf 81' lang='grc'>[295]</span> <span class='ocrx_word' id='word_1_266' title='bbox 3135 789 3350 846; x_wconf 64' lang='lat' dir='ltr'><strong>«Vanus</strong></span> <span class='ocrx_word' id='word_1_267' title='bbox 3377 803 3468 848; x_wconf 87' lang='lat' dir='ltr'><strong>est</strong></span> 
     </span>
    </p>
   </div>
   <div class='ocr_carea' id='block_1_36' title="bbox 1872 873 3461 949">
    <p class='ocr_par' dir='ltr' id='par_1_36' title="bbox 1872 873 3461 949">
     <span class='ocr_line' id='line_1_36' title="bbox 1872 873 3461 949; baseline 0.007 -23"><span class='ocrx_word' id='word_1_268' title='bbox 1872 887 2054 927; x_wconf 86' lang='lat' dir='ltr'><strong>sermo</strong></span> <span class='ocrx_word' id='word_1_269' title='bbox 2094 884 2148 928; x_wconf 91' lang='lat' dir='ltr'><strong>et</strong></span> <span class='ocrx_word' id='word_1_270' title='bbox 2179 873 2447 940; x_wconf 73' lang='lat' dir='ltr'><strong>inefﬁcax,</strong></span> <span class='ocrx_word' id='word_1_271' title='bbox 2484 877 2575 946; x_wconf 91' lang='lat' dir='ltr'><strong>qui</strong></span> <span class='ocrx_word' id='word_1_272' title='bbox 2611 887 2840 949; x_wconf 87' lang='lat' dir='ltr'><strong>propter</strong></span> <span class='ocrx_word' id='word_1_273' title='bbox 2866 893 3088 935; x_wconf 88' lang='lat' dir='ltr'><strong>causam</strong></span> <span class='ocrx_word' id='word_1_274' title='bbox 3129 891 3186 938; x_wconf 90' lang='lat' dir='ltr'><strong>et</strong></span> <span class='ocrx_word' id='word_1_275' title='bbox 3215 887 3461 939; x_wconf 87' lang='lat' dir='ltr'><strong>causati-</strong></span> 
     </span>
    </p>
   </div>
   <div class='ocr_carea' id='block_1_37' title="bbox 1872 966 3465 1048">
    <p class='ocr_par' dir='ltr' id='par_1_37' title="bbox 1872 966 3465 1048">
     <span class='ocr_line' id='line_1_37' title="bbox 1872 966 3465 1048; baseline 0.01 -33"><span class='ocrx_word' id='word_1_276' title='bbox 1872 979 1999 1016; x_wconf 92' lang='lat' dir='ltr'><strong>vum</strong></span> <span class='ocrx_word' id='word_1_277' title='bbox 2046 979 2336 1034; x_wconf 90' lang='lat' dir='ltr'><strong>personam</strong></span> <span class='ocrx_word' id='word_1_278' title='bbox 2382 966 2559 1022; x_wconf 87' lang='lat' dir='ltr'><strong>Patris</strong></span> <span class='ocrx_word' id='word_1_279' title='bbox 2589 968 2644 1022; x_wconf 91' lang='lat' dir='ltr'><strong>in</strong></span> <span class='ocrx_word' id='word_1_280' title='bbox 2681 969 2790 1024; x_wconf 90' lang='lat' dir='ltr'><strong>duo</strong></span> <span class='ocrx_word' id='word_1_281' title='bbox 2817 969 3013 1026; x_wconf 90' lang='lat' dir='ltr'><strong>dividit</strong></span> <span class='ocrx_word' id='word_1_282' title='bbox 3044 982 3140 1028; x_wconf 89' lang='lat' dir='ltr'><strong>aut</strong></span> <span class='ocrx_word' id='word_1_283' title='bbox 3171 975 3293 1030; x_wconf 86' lang='lat' dir='ltr'><strong>Filii</strong></span> <span class='ocrx_word' id='word_1_284' title='bbox 3331 992 3465 1048; x_wconf 59' lang='lat' dir='ltr'><strong>per»</strong></span> 
     </span>
    </p>
   </div>
   <div class='ocr_carea' id='block_1_38' title="bbox 1871 1057 3464 1134">
    <p class='ocr_par' dir='ltr' id='par_1_38' title="bbox 1871 1057 3464 1134">
     <span class='ocr_line' id='line_1_38' title="bbox 1871 1057 3464 1134; baseline 0.007 -23"><span class='ocrx_word' id='word_1_285' title='bbox 1871 1072 2063 1112; x_wconf 87' lang='lat' dir='ltr'><strong>sonam</strong></span> <span class='ocrx_word' id='word_1_286' title='bbox 2105 1057 2282 1114; x_wconf 82' lang='lat' dir='ltr'><strong>Patris</strong></span> <span class='ocrx_word' id='word_1_287' title='bbox 2334 1074 2588 1129; x_wconf 63' lang='lat' dir='ltr'><strong>personae</strong></span> <span class='ocrx_word' id='word_1_288' title='bbox 2631 1074 2853 1116; x_wconf 88' lang='lat' dir='ltr'><strong>causam</strong></span> <span class='ocrx_word' id='word_1_289' title='bbox 2888 1062 2948 1134; x_wconf 81' lang='grc' dir='ltr'><strong>(Ι.</strong></span> <span class='ocrx_word' id='word_1_290' title='bbox 2979 1067 3215 1134; x_wconf 80' lang='lat' dir='ltr'><strong>partem)</strong></span> <span class='ocrx_word' id='word_1_291' title='bbox 3250 1070 3464 1122; x_wconf 90' lang='lat' dir='ltr'><strong>consti-</strong></span> 
     </span>
    </p>
   </div>
   <div class='ocr_carea' id='block_1_39' title="bbox 1872 1150 3461 1224">
    <p class='ocr_par' dir='ltr' id='par_1_39' title="bbox 1872 1150 3461 1224">
     <span class='ocr_line' id='line_1_39' title="bbox 1872 1150 3461 1224; baseline 0.004 -18"><span class='ocrx_word' id='word_1_292' title='bbox 1872 1151 1998 1206; x_wconf 90' lang='lat' dir='ltr'><strong>tuit.</strong></span> <span class='ocrx_word' id='word_1_293' title='bbox 2067 1150 2242 1206; x_wconf 87' lang='lat' dir='ltr'><strong>Causa</strong></span> <span class='ocrx_word' id='word_1_294' title='bbox 2298 1151 2424 1223; x_wconf 91' lang='lat' dir='ltr'><strong>(ed.</strong></span> <span class='ocrx_word' id='word_1_295' title='bbox 2474 1154 2728 1224; x_wconf 89' lang='lat' dir='ltr'><strong>causam)</strong></span> <span class='ocrx_word' id='word_1_296' title='bbox 2786 1156 2933 1209; x_wconf 88' lang='lat' dir='ltr'><strong>enim</strong></span> <span class='ocrx_word' id='word_1_297' title='bbox 3000 1166 3057 1211; x_wconf 93' lang='lat' dir='ltr'><strong>et</strong></span> <span class='ocrx_word' id='word_1_298' title='bbox 3119 1160 3461 1215; x_wconf 83' lang='lat' dir='ltr'><strong>causativum</strong></span> 
     </span>
    </p>
   </div>
   <div class='ocr_carea' id='block_1_40' title="bbox 1874 1241 3461 1315">
    <p class='ocr_par' dir='ltr' id='par_1_40' title="bbox 1874 1241 3461 1315">
     <span class='ocr_line' id='line_1_40' title="bbox 1874 1241 3461 1315; baseline 0.003 -17"><span class='ocrx_word' id='word_1_299' title='bbox 1874 1241 2129 1298; x_wconf 87' lang='lat' dir='ltr'><strong>nesciunt</strong></span> <span class='ocrx_word' id='word_1_300' title='bbox 2172 1257 2465 1314; x_wconf 82' lang='lat' dir='ltr'><strong>personam</strong></span> <span class='ocrx_word' id='word_1_301' title='bbox 2496 1243 2761 1308; x_wconf 89' lang='lat' dir='ltr'><strong>dividere,</strong></span> <span class='ocrx_word' id='word_1_302' title='bbox 2789 1259 2971 1315; x_wconf 89' lang='lat' dir='ltr'><strong>neque</strong></span> <span class='ocrx_word' id='word_1_303' title='bbox 2997 1245 3051 1299; x_wconf 94' lang='lat' dir='ltr'><strong>in</strong></span> <span class='ocrx_word' id='word_1_304' title='bbox 3081 1247 3461 1303; x_wconf 84' lang='lat' dir='ltr'><strong>inferioribus.</strong></span> 
     </span>
    </p>
   </div>
   <div class='ocr_carea' id='block_1_41' title="bbox 1871 1333 3466 1410">
    <p class='ocr_par' dir='ltr' id='par_1_41' title="bbox 1871 1333 3466 1410">
     <span class='ocr_line' id='line_1_41' title="bbox 1871 1333 3466 1410; baseline 0.005 -20"><span class='ocrx_word' id='word_1_305' title='bbox 1871 1333 1992 1390; x_wconf 86' lang='lat' dir='ltr'><strong>Non</strong></span> <span class='ocrx_word' id='word_1_306' title='bbox 2022 1349 2152 1406; x_wconf 90' lang='lat' dir='ltr'><strong>ergo</strong></span> <span class='ocrx_word' id='word_1_307' title='bbox 2178 1349 2342 1390; x_wconf 89' lang='lat' dir='ltr'><strong>causa</strong></span> <span class='ocrx_word' id='word_1_308' title='bbox 2371 1335 2643 1390; x_wconf 86' lang='lat' dir='ltr'><strong>exsistens</strong></span> <span class='ocrx_word' id='word_1_309' title='bbox 2669 1351 2793 1390; x_wconf 87' lang='lat' dir='ltr'><strong>cum</strong></span> <span class='ocrx_word' id='word_1_310' title='bbox 2821 1337 2982 1392; x_wconf 89' lang='lat' dir='ltr'><strong>Patre</strong></span> <span class='ocrx_word' id='word_1_311' title='bbox 3005 1338 3244 1410; x_wconf 90' lang='lat' dir='ltr'><strong>Spiritus</strong></span> <span class='ocrx_word' id='word_1_312' title='bbox 3268 1341 3466 1398; x_wconf 89' lang='lat' dir='ltr'><strong>dividit</strong></span> 
     </span>
    </p>
   </div>
   <div class='ocr_carea' id='block_1_42' title="bbox 1874 1427 3466 1501">
    <p class='ocr_par' dir='ltr' id='par_1_42' title="bbox 1874 1427 3466 1501">
     <span class='ocr_line' id='line_1_42' title="bbox 1874 1427 3466 1501; baseline 0.004 -19"><span class='ocrx_word' id='word_1_313' title='bbox 1874 1427 2088 1501; x_wconf 81' lang='lat' dir='ltr'><strong>(Filius)</strong></span> <span class='ocrx_word' id='word_1_314' title='bbox 2121 1438 2406 1499; x_wconf 87' lang='lat' dir='ltr'><strong>paternam</strong></span> <span class='ocrx_word' id='word_1_315' title='bbox 2442 1444 2756 1498; x_wconf 89' lang='lat' dir='ltr'><strong>personam.</strong></span> <span class='ocrx_word' id='word_1_316' title='bbox 2800 1447 2820 1481; x_wconf 70' lang='grc' dir='ltr'><strong>ι</strong></span> <span class='ocrx_word' id='word_1_317' title='bbox 2857 1429 3126 1486; x_wconf 62' lang='lat' dir='ltr'><strong>Praeterea</strong></span> <span class='ocrx_word' id='word_1_318' title='bbox 3156 1433 3306 1488; x_wconf 86' lang='lat' dir='ltr'><strong>card.</strong></span> <span class='ocrx_word' id='word_1_319' title='bbox 3336 1432 3466 1488; x_wconf 67' lang='lat' dir='ltr'><strong>Bcso</strong></span> 
     </span>
    </p>
   </div>
   <div class='ocr_carea' id='block_1_43' title="bbox 1873 1517 3466 1596">
    <p class='ocr_par' dir='ltr' id='par_1_43' title="bbox 1873 1517 3466 1596">
     <span class='ocr_line' id='line_1_43' title="bbox 1873 1517 3466 1596; baseline 0.004 -22"><span class='ocrx_word' id='word_1_320' title='bbox 1873 1519 2079 1588; x_wconf 91' lang='lat' dir='ltr'><strong>sarion,</strong></span> <span class='ocrx_word' id='word_1_321' title='bbox 2116 1535 2204 1589; x_wconf 90' lang='lat' dir='ltr'><strong>ep.</strong></span> <span class='ocrx_word' id='word_1_322' title='bbox 2238 1521 2309 1573; x_wconf 86' lang='lat' dir='ltr'><strong>ad</strong></span> <span class='ocrx_word' id='word_1_323' title='bbox 2339 1519 2495 1574; x_wconf 76' lang='lat' dir='ltr'><strong>Alex.</strong></span> <span class='ocrx_word' id='word_1_324' title='bbox 2523 1517 2748 1574; x_wconf 75' lang='lat' dir='ltr'><strong>Losrar.</strong></span> <span class='ocrx_word' id='word_1_325' title='bbox 2777 1536 2826 1577; x_wconf 93' lang='lat' dir='ltr'><strong>c.</strong></span> <span class='ocrx_word' id='word_1_326' title='bbox 2857 1523 2887 1576; x_wconf 91' lang='lat'><strong>7</strong></span> <span class='ocrx_word' id='word_1_327' title='bbox 2917 1522 2979 1593; x_wconf 91' lang='lat' dir='ltr'><strong>(l.</strong></span> <span class='ocrx_word' id='word_1_328' title='bbox 3008 1539 3059 1577; x_wconf 93' lang='lat' dir='ltr'><strong>c.</strong></span> <span class='ocrx_word' id='word_1_329' title='bbox 3090 1539 3145 1594; x_wconf 92' lang='lat' dir='ltr'><strong>p.</strong></span> <span class='ocrx_word' id='word_1_330' title='bbox 3171 1524 3330 1596; x_wconf 81' lang='grc'>1065)</span> <span class='ocrx_word' id='word_1_331' title='bbox 3359 1524 3466 1580; x_wconf 91' lang='lat' dir='ltr'><strong>hoc</strong></span> 
     </span>
    </p>
   </div>
   <div class='ocr_carea' id='block_1_44' title="bbox 1873 1611 3464 1685">
    <p class='ocr_par' dir='ltr' id='par_1_44' title="bbox 1873 1611 3464 1685">
     <span class='ocr_line' id='line_1_44' title="bbox 1873 1611 3464 1685; baseline 0.004 -20"><span class='ocrx_word' id='word_1_332' title='bbox 1873 1619 2034 1680; x_wconf 90' lang='lat' dir='ltr'><strong>pacto</strong></span> <span class='ocrx_word' id='word_1_333' title='bbox 2087 1621 2475 1683; x_wconf 80' lang='lat' dir='ltr'><strong>argumentum</strong></span> <span class='ocrx_word' id='word_1_334' title='bbox 2526 1613 2582 1666; x_wconf 91' lang='lat' dir='ltr'><strong>in</strong></span> <span class='ocrx_word' id='word_1_335' title='bbox 2635 1611 2934 1669; x_wconf 89' lang='lat' dir='ltr'><strong>Photianos</strong></span> <span class='ocrx_word' id='word_1_336' title='bbox 2979 1623 3306 1685; x_wconf 88' lang='lat' dir='ltr'><strong>retorquet:</strong></span> <span class='ocrx_word' id='word_1_337' title='bbox 3350 1637 3369 1670; x_wconf 83' lang='grc' dir='ltr'><strong>ι</strong></span> <span class='ocrx_word' id='word_1_338' title='bbox 3405 1616 3464 1672; x_wconf 92' lang='lat' dir='ltr'><strong>Si</strong></span> 
     </span>
    </p>
   </div>
   <div class='ocr_carea' id='block_1_45' title="bbox 1873 1706 3464 1782">
    <p class='ocr_par' dir='ltr' id='par_1_45' title="bbox 1873 1706 3464 1782">
     <span class='ocr_line' id='line_1_45' title="bbox 1873 1706 3464 1782; baseline 0.006 -25"><span class='ocrx_word' id='word_1_339' title='bbox 1873 1706 2154 1775; x_wconf 83' lang='lat' dir='ltr'><strong>generatio</strong></span> <span class='ocrx_word' id='word_1_340' title='bbox 2196 1715 2253 1762; x_wconf 87' lang='lat' dir='ltr'><strong>et</strong></span> <span class='ocrx_word' id='word_1_341' title='bbox 2291 1706 2520 1778; x_wconf 79' lang='lat' dir='ltr'><strong>Spiratio</strong></span> <span class='ocrx_word' id='word_1_342' title='bbox 2569 1706 2643 1761; x_wconf 89' lang='lat' dir='ltr'><strong>ita</strong></span> <span class='ocrx_word' id='word_1_343' title='bbox 2694 1719 2880 1762; x_wconf 87' lang='lat' dir='ltr'><strong>essent</strong></span> <span class='ocrx_word' id='word_1_344' title='bbox 2934 1709 3171 1779; x_wconf 59' lang='lat' dir='ltr'><strong>propria</strong></span> <span class='ocrx_word' id='word_1_345' title='bbox 3214 1727 3464 1782; x_wconf 74' lang='lat' dir='ltr'><strong>persona:</strong></span> 
     </span>
    </p>
   </div>
   <div class='ocr_carea' id='block_1_46' title="bbox 1875 1803 3467 1876">
    <p class='ocr_par' dir='ltr' id='par_1_46' title="bbox 1875 1803 3467 1876">
     <span class='ocr_line' id='line_1_46' title="bbox 1875 1803 3467 1876; baseline 0.006 -25"><span class='ocrx_word' id='word_1_346' title='bbox 1875 1807 2121 1868; x_wconf 67' lang='lat' dir='ltr'><strong>paterna:</strong></span> <span class='ocrx_word' id='word_1_347' title='bbox 2156 1840 2172 1864; x_wconf 91' lang='lat'><strong>,</strong></span> <span class='ocrx_word' id='word_1_348' title='bbox 2237 1809 2301 1856; x_wconf 93' lang='lat' dir='ltr'><strong>ut</strong></span> <span class='ocrx_word' id='word_1_349' title='bbox 2348 1809 2583 1871; x_wconf 90' lang='lat' dir='ltr'><strong>utraque</strong></span> <span class='ocrx_word' id='word_1_350' title='bbox 2629 1815 2730 1871; x_wconf 92' lang='lat' dir='ltr'><strong>per</strong></span> <span class='ocrx_word' id='word_1_351' title='bbox 2799 1815 2858 1854; x_wconf 89' lang='lat' dir='ltr'><strong>se</strong></span> <span class='ocrx_word' id='word_1_352' title='bbox 2917 1803 3276 1858; x_wconf 81' lang='lat' dir='ltr'><strong>constitueret</strong></span> <span class='ocrx_word' id='word_1_353' title='bbox 3347 1805 3467 1876; x_wconf 86' lang='lat' dir='ltr'><strong>ejus</strong></span> 
     </span>
    </p>
   </div>
   <div class='ocr_carea' id='block_1_47' title="bbox 1877 1893 3468 1968">
    <p class='ocr_par' dir='ltr' id='par_1_47' title="bbox 1877 1893 3468 1968">
     <span class='ocr_line' id='line_1_47' title="bbox 1877 1893 3468 1968; baseline 0.005 -24"><span class='ocrx_word' id='word_1_354' title='bbox 1877 1905 2198 1961; x_wconf 87' lang='lat' dir='ltr'><strong>personam,</strong></span> <span class='ocrx_word' id='word_1_355' title='bbox 2249 1893 2682 1964; x_wconf 87' lang='lat' dir='ltr'><strong>uniuscujusque</strong></span> <span class='ocrx_word' id='word_1_356' title='bbox 2743 1909 2874 1952; x_wconf 87' lang='lat' dir='ltr'><strong>vero</strong></span> <span class='ocrx_word' id='word_1_357' title='bbox 2916 1896 3258 1964; x_wconf 85' lang='lat' dir='ltr'><strong>operationis</strong></span> <span class='ocrx_word' id='word_1_358' title='bbox 3315 1899 3468 1968; x_wconf 87' lang='lat' dir='ltr'><strong>prin-</strong></span> 
     </span>
    </p>
   </div>
   <div class='ocr_carea' id='block_1_48' title="bbox 1878 1983 3468 2060">
    <p class='ocr_par' dir='ltr' id='par_1_48' title="bbox 1878 1983 3468 2060">
     <span class='ocr_line' id='line_1_48' title="bbox 1878 1983 3468 2060; baseline 0.004 -23"><span class='ocrx_word' id='word_1_359' title='bbox 1878 1983 2076 2055; x_wconf 85' lang='lat' dir='ltr'><strong>cipium</strong></span> <span class='ocrx_word' id='word_1_360' title='bbox 2115 1993 2200 2040; x_wconf 88' lang='lat' dir='ltr'><strong>est</strong></span> <span class='ocrx_word' id='word_1_361' title='bbox 2237 1987 2431 2056; x_wconf 76' lang='lat' dir='ltr'><strong>forma,</strong></span> <span class='ocrx_word' id='word_1_362' title='bbox 2480 1987 2605 2043; x_wconf 67' lang='lat' dir='ltr'><strong>duae</strong></span> <span class='ocrx_word' id='word_1_363' title='bbox 2638 1987 2827 2044; x_wconf 68' lang='lat' dir='ltr'><strong>formae</strong></span> <span class='ocrx_word' id='word_1_364' title='bbox 2867 1989 2990 2060; x_wconf 88' lang='lat' dir='ltr'><strong>(per</strong></span> <span class='ocrx_word' id='word_1_365' title='bbox 3036 1989 3268 2044; x_wconf 87' lang='lat' dir='ltr'><strong>formam</strong></span> <span class='ocrx_word' id='word_1_366' title='bbox 3305 1990 3468 2045; x_wconf 90' lang='lat' dir='ltr'><strong>intel-</strong></span> 
     </span>
    </p>
   </div>
   <div class='ocr_carea' id='block_1_49' title="bbox 1877 2073 3466 2151">
    <p class='ocr_par' dir='ltr' id='par_1_49' title="bbox 1877 2073 3466 2151">
     <span class='ocr_line' id='line_1_49' title="bbox 1877 2073 3466 2151; baseline 0.004 -23"><span class='ocrx_word' id='word_1_367' title='bbox 1877 2073 2098 2146; x_wconf 89' lang='lat' dir='ltr'><strong>ligimus</strong></span> <span class='ocrx_word' id='word_1_368' title='bbox 2146 2075 2480 2147; x_wconf 89' lang='lat' dir='ltr'><strong>principium</strong></span> <span class='ocrx_word' id='word_1_369' title='bbox 2525 2078 2723 2132; x_wconf 89' lang='lat' dir='ltr'><strong>harum</strong></span> <span class='ocrx_word' id='word_1_370' title='bbox 2776 2078 3010 2134; x_wconf 90' lang='lat' dir='ltr'><strong>duarum</strong></span> <span class='ocrx_word' id='word_1_371' title='bbox 3057 2080 3466 2151; x_wconf 89' lang='lat' dir='ltr'><strong>operationum)</strong></span> 
     </span>
    </p>
   </div>
   <div class='ocr_carea' id='block_1_50' title="bbox 1876 2167 3464 2240">
    <p class='ocr_par' dir='ltr' id='par_1_50' title="bbox 1876 2167 3464 2240">
     <span class='ocr_line' id='line_1_50' title="bbox 1876 2167 3464 2240; baseline 0.005 -21"><span class='ocrx_word' id='word_1_372' title='bbox 1876 2175 2066 2220; x_wconf 88' lang='lat' dir='ltr'><strong>essent</strong></span> <span class='ocrx_word' id='word_1_373' title='bbox 2111 2167 2401 2239; x_wconf 89' lang='lat' dir='ltr'><strong>principia.</strong></span> <span class='ocrx_word' id='word_1_374' title='bbox 2458 2167 2567 2224; x_wconf 89' lang='lat' dir='ltr'><strong>Sed</strong></span> <span class='ocrx_word' id='word_1_375' title='bbox 2621 2184 2969 2240; x_wconf 71' lang='lat' dir='ltr'><strong>unaquzeque</strong></span> <span class='ocrx_word' id='word_1_376' title='bbox 3017 2169 3218 2238; x_wconf 87' lang='lat' dir='ltr'><strong>forma,</strong></span> <span class='ocrx_word' id='word_1_377' title='bbox 3271 2171 3324 2226; x_wconf 93' lang='lat' dir='ltr'><strong>id</strong></span> <span class='ocrx_word' id='word_1_378' title='bbox 3358 2181 3464 2235; x_wconf 87' lang='lat' dir='ltr'><strong>est,</strong></span> 
     </span>
    </p>
   </div>
   <div class='ocr_carea' id='block_1_51' title="bbox 1877 2259 3466 2333">
    <p class='ocr_par' dir='ltr' id='par_1_51' title="bbox 1877 2259 3466 2333">
     <span class='ocr_line' id='line_1_51' title="bbox 1877 2259 3466 2333; baseline 0.005 -21"><span class='ocrx_word' id='word_1_379' title='bbox 1877 2259 2306 2330; x_wconf 88' lang='lat' dir='ltr'><strong>unumquodque</strong></span> <span class='ocrx_word' id='word_1_380' title='bbox 2387 2261 2716 2332; x_wconf 90' lang='lat' dir='ltr'><strong>principium</strong></span> <span class='ocrx_word' id='word_1_381' title='bbox 2797 2263 3139 2333; x_wconf 86' lang='lat' dir='ltr'><strong>operationis</strong></span> <span class='ocrx_word' id='word_1_382' title='bbox 3199 2267 3466 2320; x_wconf 79' lang='lat' dir='ltr'><strong>constitu-</strong></span> 
     </span>
    </p>
   </div>
   <div class='ocr_carea' id='block_1_52' title="bbox 1878 2350 3469 2424">
    <p class='ocr_par' dir='ltr' id='par_1_52' title="bbox 1878 2350 3469 2424">
     <span class='ocr_line' id='line_1_52' title="bbox 1878 2350 3469 2424; baseline 0.004 -20"><span class='ocrx_word' id='word_1_383' title='bbox 1878 2350 2005 2406; x_wconf 75' lang='lat' dir='ltr'><strong>tivae</strong></span> <span class='ocrx_word' id='word_1_384' title='bbox 2046 2367 2172 2407; x_wconf 89' lang='lat' dir='ltr'><strong>cum</strong></span> <span class='ocrx_word' id='word_1_385' title='bbox 2202 2353 2290 2407; x_wconf 89' lang='lat' dir='ltr'><strong>illa</strong></span> <span class='ocrx_word' id='word_1_386' title='bbox 2319 2354 2639 2424; x_wconf 89' lang='lat' dir='ltr'><strong>operatione</strong></span> <span class='ocrx_word' id='word_1_387' title='bbox 2672 2353 2909 2424; x_wconf 87' lang='lat' dir='ltr'><strong>aliquam</strong></span> <span class='ocrx_word' id='word_1_388' title='bbox 2937 2370 3229 2424; x_wconf 87' lang='lat' dir='ltr'><strong>personam</strong></span> <span class='ocrx_word' id='word_1_389' title='bbox 3258 2359 3469 2413; x_wconf 89' lang='lat' dir='ltr'><strong>consti-</strong></span> 
     </span>
    </p>
   </div>
   <div class='ocr_carea' id='block_1_53' title="bbox 1880 2443 3470 2518">
    <p class='ocr_par' dir='ltr' id='par_1_53' title="bbox 1880 2443 3470 2518">
     <span class='ocr_line' id='line_1_53' title="bbox 1880 2443 3470 2518; baseline 0.004 -20"><span class='ocrx_word' id='word_1_390' title='bbox 1880 2443 2004 2511; x_wconf 86' lang='lat' dir='ltr'><strong>tuit,</strong></span> <span class='ocrx_word' id='word_1_391' title='bbox 2040 2444 2184 2500; x_wconf 83' lang='lat' dir='ltr'><strong>sicut</strong></span> <span class='ocrx_word' id='word_1_392' title='bbox 2228 2445 2486 2510; x_wconf 71' lang='lat' dir='ltr'><strong>essentia,</strong></span> <span class='ocrx_word' id='word_1_393' title='bbox 2520 2460 2642 2516; x_wconf 63' lang='lat' dir='ltr'><strong>quae</strong></span> <span class='ocrx_word' id='word_1_394' title='bbox 2670 2457 2757 2501; x_wconf 90' lang='lat' dir='ltr'><strong>est</strong></span> <span class='ocrx_word' id='word_1_395' title='bbox 2786 2447 3121 2518; x_wconf 89' lang='lat' dir='ltr'><strong>principium</strong></span> <span class='ocrx_word' id='word_1_396' title='bbox 3155 2449 3470 2518; x_wconf 77' lang='lat' dir='ltr'><strong>generatio-</strong></span> 
     </span>
    </p>
   </div>
   <div class='ocr_carea' id='block_1_54' title="bbox 1881 2535 3468 2609">
    <p class='ocr_par' dir='ltr' id='par_1_54' title="bbox 1881 2535 3468 2609">
     <span class='ocr_line' id='line_1_54' title="bbox 1881 2535 3468 2609; baseline 0.003 -19"><span class='ocrx_word' id='word_1_397' title='bbox 1881 2535 1966 2592; x_wconf 91' lang='lat' dir='ltr'><strong>nis</strong></span> <span class='ocrx_word' id='word_1_398' title='bbox 2018 2536 2232 2602; x_wconf 70' lang='lat' dir='ltr'><strong>activae,</strong></span> <span class='ocrx_word' id='word_1_399' title='bbox 2287 2553 2412 2592; x_wconf 91' lang='lat' dir='ltr'><strong>cum</strong></span> <span class='ocrx_word' id='word_1_400' title='bbox 2451 2538 2568 2608; x_wconf 88' lang='lat' dir='ltr'><strong>ipsa</strong></span> <span class='ocrx_word' id='word_1_401' title='bbox 2622 2537 2972 2609; x_wconf 78' lang='lat' dir='ltr'><strong>generatione</strong></span> <span class='ocrx_word' id='word_1_402' title='bbox 3011 2537 3231 2593; x_wconf 90' lang='lat' dir='ltr'><strong>Patrem</strong></span> <span class='ocrx_word' id='word_1_403' title='bbox 3262 2541 3468 2596; x_wconf 85' lang='lat' dir='ltr'><strong>consti-</strong></span> 
     </span>
    </p>
   </div>
   <div class='ocr_carea' id='block_1_55' title="bbox 1883 2629 3470 2702">
    <p class='ocr_par' dir='ltr' id='par_1_55' title="bbox 1883 2629 3470 2702">
     <span class='ocr_line' id='line_1_55' title="bbox 1883 2629 3470 2702; baseline 0.001 -17"><span class='ocrx_word' id='word_1_404' title='bbox 1883 2630 2024 2697; x_wconf 89' lang='lat' dir='ltr'><strong>tuit;</strong></span> <span class='ocrx_word' id='word_1_405' title='bbox 2066 2639 2122 2686; x_wconf 90' lang='lat' dir='ltr'><strong>et</strong></span> <span class='ocrx_word' id='word_1_406' title='bbox 2163 2630 2243 2687; x_wconf 90' lang='lat' dir='ltr'><strong>sic</strong></span> <span class='ocrx_word' id='word_1_407' title='bbox 2289 2629 2457 2686; x_wconf 70' lang='lat' dir='ltr'><strong>Pater</strong></span> <span class='ocrx_word' id='word_1_408' title='bbox 2506 2641 2675 2686; x_wconf 65' lang='lat' dir='ltr'><strong>essent</strong></span> <span class='ocrx_word' id='word_1_409' title='bbox 2705 2633 2825 2686; x_wconf 77' lang='lat' dir='ltr'><strong>duce</strong></span> <span class='ocrx_word' id='word_1_410' title='bbox 2854 2648 3110 2702; x_wconf 64' lang='lat' dir='ltr'><strong>personae.</strong></span> <span class='ocrx_word' id='word_1_411' title='bbox 3147 2630 3262 2688; x_wconf 90' lang='lat' dir='ltr'><strong>lloc</strong></span> <span class='ocrx_word' id='word_1_412' title='bbox 3285 2642 3470 2687; x_wconf 86' lang='lat' dir='ltr'><strong>autem</strong></span> 
     </span>
    </p>
   </div>
   <div class='ocr_carea' id='block_1_56' title="bbox 1881 2723 2464 2780">
    <p class='ocr_par' dir='ltr' id='par_1_56' title="bbox 1881 2723 2464 2780">
     <span class='ocr_line' id='line_1_56' title="bbox 1881 2723 2464 2780; baseline 0.002 -2"><span class='ocrx_word' id='word_1_413' title='bbox 1881 2723 2276 2779; x_wconf 86' lang='lat' dir='ltr'><strong>inconveniens</strong></span> <span class='ocrx_word' id='word_1_414' title='bbox 2299 2734 2404 2780; x_wconf 91' lang='lat' dir='ltr'><strong>est.</strong></span> <span class='ocrx_word' id='word_1_415' title='bbox 2444 2744 2464 2779; x_wconf 73' lang='grc' dir='ltr'><strong>ι</strong></span> 
     </span>
    </p>
   </div>
   <div class='ocr_carea' id='block_1_57' title="bbox 1955 2817 3468 2892">
    <p class='ocr_par' dir='ltr' id='par_1_57' title="bbox 1955 2817 3468 2892">
     <span class='ocr_line' id='line_1_57' title="bbox 1955 2817 3468 2892; baseline 0.001 -20"><span class='ocrx_word' id='word_1_416' title='bbox 1955 2818 2042 2874; x_wconf 75' lang='grc'>12.</span> <span class='ocrx_word' id='word_1_417' title='bbox 2119 2818 2286 2874; x_wconf 89' lang='lat' dir='ltr'><strong>Docet</strong></span> <span class='ocrx_word' id='word_1_418' title='bbox 2315 2817 2543 2876; x_wconf 88' lang='lat' dir='ltr'><strong>Photius</strong></span> <span class='ocrx_word' id='word_1_419' title='bbox 2574 2823 2716 2892; x_wconf 89' lang='lat' dir='ltr'><strong>(cap.</strong></span> <span class='ocrx_word' id='word_1_420' title='bbox 2750 2821 2840 2890; x_wconf 88' lang='grc'>17)</span> <span class='ocrx_word' id='word_1_421' title='bbox 2869 2829 2926 2877; x_wconf 90' lang='lat' dir='ltr'><strong>et</strong></span> <span class='ocrx_word' id='word_1_422' title='bbox 2947 2821 3039 2892; x_wconf 90' lang='lat' dir='ltr'><strong>qui</strong></span> <span class='ocrx_word' id='word_1_423' title='bbox 3072 2837 3197 2876; x_wconf 89' lang='lat' dir='ltr'><strong>eum</strong></span> <span class='ocrx_word' id='word_1_424' title='bbox 3220 2835 3468 2891; x_wconf 86' lang='lat' dir='ltr'><strong>sequun-</strong></span> 
     </span>
    </p>
   </div>
   <div class='ocr_carea' id='block_1_58' title="bbox 1881 2910 3470 2985">
    <p class='ocr_par' dir='ltr' id='par_1_58' title="bbox 1881 2910 3470 2985">
     <span class='ocr_line' id='line_1_58' title="bbox 1881 2910 3470 2985; baseline 0.003 -23"><span class='ocrx_word' id='word_1_425' title='bbox 1881 2917 1989 2975; x_wconf 88' lang='lat' dir='ltr'><strong>tur,</strong></span> <span class='ocrx_word' id='word_1_426' title='bbox 2021 2918 2082 2966; x_wconf 89' lang='lat' dir='ltr'><strong>ut</strong></span> <span class='ocrx_word' id='word_1_427' title='bbox 2120 2910 2375 2966; x_wconf 86' lang='lat' dir='ltr'><strong>Nicolaus</strong></span> <span class='ocrx_word' id='word_1_428' title='bbox 2421 2911 2797 2968; x_wconf 87' lang='lat' dir='ltr'><strong>Methonensis</strong></span> <span class='ocrx_word' id='word_1_429' title='bbox 2824 2912 2896 2984; x_wconf 92' lang='lat' dir='ltr'><strong>(c.</strong></span> <span class='ocrx_word' id='word_1_430' title='bbox 2929 2914 3021 2985; x_wconf 77' lang='grc'>24)</span> <span class='ocrx_word' id='word_1_431' title='bbox 3059 2931 3072 2966; x_wconf 91' lang='lat'><strong>:</strong></span> <span class='ocrx_word' id='word_1_432' title='bbox 3112 2911 3289 2967; x_wconf 90' lang='lat' dir='ltr'><strong>Omne</strong></span> <span class='ocrx_word' id='word_1_433' title='bbox 3326 2911 3470 2982; x_wconf 88' lang='lat' dir='ltr'><strong>quod</strong></span> 
     </span>
    </p>
   </div>
   <div class='ocr_carea' id='block_1_59' title="bbox 1875 3003 3476 3077">
    <p class='ocr_par' dir='ltr' id='par_1_59' title="bbox 1875 3003 3476 3077">
     <span class='ocr_line' id='line_1_59' title="bbox 1875 3003 3476 3077; baseline 0.001 -21"><span class='ocrx_word' id='word_1_434' title='bbox 1875 3003 2162 3072; x_wconf 84' lang='lat' dir='ltr'><strong>preprium</strong></span> <span class='ocrx_word' id='word_1_435' title='bbox 2217 3003 2380 3058; x_wconf 88' lang='lat' dir='ltr'><strong>unius</strong></span> <span class='ocrx_word' id='word_1_436' title='bbox 2426 3013 2529 3071; x_wconf 88' lang='lat' dir='ltr'><strong>est,</strong></span> <span class='ocrx_word' id='word_1_437' title='bbox 2588 3005 2736 3076; x_wconf 91' lang='lat' dir='ltr'><strong>quod</strong></span> <span class='ocrx_word' id='word_1_438' title='bbox 2765 3005 3100 3077; x_wconf 63' lang='lat' dir='ltr'><strong>(translatum</strong></span> <span class='ocrx_word' id='word_1_439' title='bbox 3146 3006 3215 3060; x_wconf 90' lang='lat' dir='ltr'><strong>de</strong></span> <span class='ocrx_word' id='word_1_440' title='bbox 3257 3005 3476 3060; x_wconf 90' lang='lat' dir='ltr'><strong>duobus</strong></span> 
     </span>
    </p>
   </div>
   <div class='ocr_carea' id='block_1_60' title="bbox 1879 3095 3471 3170">
    <p class='ocr_par' dir='ltr' id='par_1_60' title="bbox 1879 3095 3471 3170">
     <span class='ocr_line' id='line_1_60' title="bbox 1879 3095 3471 3170; baseline 0.001 -23"><span class='ocrx_word' id='word_1_441' title='bbox 1879 3095 2002 3148; x_wconf 90' lang='lat' dir='ltr'><strong>aliis</strong></span> <span class='ocrx_word' id='word_1_442' title='bbox 2030 3097 2252 3161; x_wconf 91' lang='lat' dir='ltr'><strong>dicitur,</strong></span> <span class='ocrx_word' id='word_1_443' title='bbox 2296 3098 2340 3152; x_wconf 91' lang='lat' dir='ltr'><strong>si</strong></span> <span class='ocrx_word' id='word_1_444' title='bbox 2381 3099 2449 3153; x_wconf 91' lang='lat' dir='ltr'><strong>de</strong></span> <span class='ocrx_word' id='word_1_445' title='bbox 2493 3108 2724 3170; x_wconf 90' lang='lat' dir='ltr'><strong>utroque</strong></span> <span class='ocrx_word' id='word_1_446' title='bbox 2760 3099 2877 3170; x_wconf 90' lang='lat' dir='ltr'><strong>pari</strong></span> <span class='ocrx_word' id='word_1_447' title='bbox 2924 3099 3088 3154; x_wconf 91' lang='lat' dir='ltr'><strong>modo</strong></span> <span class='ocrx_word' id='word_1_448' title='bbox 3133 3098 3471 3159; x_wconf 85' lang='lat' dir='ltr'><strong>verificatur,</strong></span> 
     </span>
    </p>
   </div>
   <div class='ocr_carea' id='block_1_61' title="bbox 194 3191 3470 3291">
    <p class='ocr_par' dir='ltr' id='par_1_61' title="bbox 194 3191 3470 3291">
     <span class='ocr_line' id='line_1_61' title="bbox 194 3191 3470 3291; baseline -0.001 -45"><span class='ocrx_word' id='word_1_449' title='bbox 194 3207 326 3247; x_wconf 81' lang='lat' dir='ltr'><strong>vere</strong></span> <span class='ocrx_word' id='word_1_450' title='bbox 360 3191 668 3248; x_wconf 87' lang='lat' dir='ltr'><strong>necessaria</strong></span> <span class='ocrx_word' id='word_1_451' title='bbox 715 3202 862 3258; x_wconf 83' lang='lat' dir='ltr'><strong>sunt,</strong></span> <span class='ocrx_word' id='word_1_452' title='bbox 893 3193 1232 3260; x_wconf 87' lang='lat' dir='ltr'><strong>traduceret;</strong></span> <span class='ocrx_word' id='word_1_453' title='bbox 1261 3194 1472 3248; x_wconf 92' lang='lat' dir='ltr'><strong>nullum</strong></span> <span class='ocrx_word' id='word_1_454' title='bbox 1507 3210 1574 3250; x_wconf 78' lang='lat' dir='ltr'><strong>ex</strong></span> <span class='ocrx_word' id='word_1_455' title='bbox 1601 3194 1778 3250; x_wconf 88' lang='lat' dir='ltr'><strong>allatis</strong></span> <span class='ocrx_word' id='word_1_456' title='bbox 1804 3229 1850 3291; x_wconf 65' lang='grc' dir='ltr'>Ο</span> <span class='ocrx_word' id='word_1_457' title='bbox 1883 3191 2374 3247; x_wconf 87' lang='lat' dir='ltr'><strong>consubstantiales</strong></span> <span class='ocrx_word' id='word_1_458' title='bbox 2393 3208 2486 3247; x_wconf 88' lang='lat' dir='ltr'><strong>eos</strong></span> <span class='ocrx_word' id='word_1_459' title='bbox 2508 3192 2780 3258; x_wconf 88' lang='lat' dir='ltr'><strong>ostendit;</strong></span> <span class='ocrx_word' id='word_1_460' title='bbox 2805 3192 2849 3246; x_wconf 92' lang='lat' dir='ltr'><strong>si</strong></span> <span class='ocrx_word' id='word_1_461' title='bbox 2871 3207 3000 3246; x_wconf 88' lang='lat' dir='ltr'><strong>vero</strong></span> <span class='ocrx_word' id='word_1_462' title='bbox 3023 3192 3090 3246; x_wconf 91' lang='lat' dir='ltr'><strong>de</strong></span> <span class='ocrx_word' id='word_1_463' title='bbox 3106 3206 3216 3244; x_wconf 92' lang='lat' dir='ltr'><strong>uno</strong></span> <span class='ocrx_word' id='word_1_464' title='bbox 3237 3197 3470 3252; x_wconf 91' lang='lat' dir='ltr'><strong>tantum,</strong></span> 
     </span>
    </p>
   </div>
   <div class='ocr_carea' id='block_1_62' title="bbox 193 3282 1528 3357">
    <p class='ocr_par' dir='ltr' id='par_1_62' title="bbox 193 3282 1528 3357">
     <span class='ocr_line' id='line_1_62' title="bbox 193 3282 1528 3357; baseline 0.003 -21"><span class='ocrx_word' id='word_1_465' title='bbox 193 3283 449 3338; x_wconf 85' lang='lat' dir='ltr'><strong>absurdis</strong></span> <span class='ocrx_word' id='word_1_466' title='bbox 487 3282 742 3338; x_wconf 79' lang='lat' dir='ltr'><strong>Ecclesiae</strong></span> <span class='ocrx_word' id='word_1_467' title='bbox 778 3284 1133 3340; x_wconf 87' lang='lat' dir='ltr'><strong>occidentalis</strong></span> <span class='ocrx_word' id='word_1_468' title='bbox 1163 3286 1358 3357; x_wconf 81' lang='lat' dir='ltr'><strong>dogma</strong></span> <span class='ocrx_word' id='word_1_469' title='bbox 1383 3285 1528 3340; x_wconf 86' lang='lat' dir='ltr'><strong>ferit.</strong></span> 
     </span>
    </p>
   </div>
   <div class='ocr_carea' id='block_1_63' title="bbox 269 3375 1780 3448">
    <p class='ocr_par' dir='ltr' id='par_1_63' title="bbox 269 3375 1780 3448">
     <span class='ocr_line' id='line_1_63' title="bbox 269 3375 1780 3448; baseline 0.003 -21"><span class='ocrx_word' id='word_1_470' title='bbox 269 3375 357 3428; x_wconf 85' lang='grc'>11.</span> <span class='ocrx_word' id='word_1_471' title='bbox 407 3375 537 3429; x_wconf 84' lang='lat' dir='ltr'><strong>Post</strong></span> <span class='ocrx_word' id='word_1_472' title='bbox 576 3377 679 3430; x_wconf 85' lang='lat' dir='ltr'><strong>alia</strong></span> <span class='ocrx_word' id='word_1_473' title='bbox 725 3377 832 3430; x_wconf 91' lang='lat' dir='ltr'><strong>duo</strong></span> <span class='ocrx_word' id='word_1_474' title='bbox 875 3387 1194 3448; x_wconf 87' lang='lat' dir='ltr'><strong>argumenta</strong></span> <span class='ocrx_word' id='word_1_475' title='bbox 1224 3377 1334 3447; x_wconf 85' lang='lat' dir='ltr'><strong>jam</strong></span> <span class='ocrx_word' id='word_1_476' title='bbox 1365 3379 1623 3448; x_wconf 87' lang='lat' dir='ltr'><strong>superius</strong></span> <span class='ocrx_word' id='word_1_477' title='bbox 1653 3393 1780 3448; x_wconf 87' lang='lat' dir='ltr'><strong>per-</strong></span> 
     </span>
    </p>
   </div>
   <div class='ocr_carea' id='block_1_64' title="bbox 194 3465 1780 3541">
    <p class='ocr_par' dir='ltr' id='par_1_64' title="bbox 194 3465 1780 3541">
     <span class='ocr_line' id='line_1_64' title="bbox 194 3465 1780 3541; baseline 0.002 -20"><span class='ocrx_word' id='word_1_478' title='bbox 194 3482 366 3537; x_wconf 87' lang='lat' dir='ltr'><strong>pensa</strong></span> <span class='ocrx_word' id='word_1_479' title='bbox 396 3467 510 3532; x_wconf 89' lang='lat' dir='ltr'><strong>(lll,</strong></span> <span class='ocrx_word' id='word_1_480' title='bbox 543 3465 596 3539; x_wconf 50' lang='grc' dir='ltr'>ᾖ</span> <span class='ocrx_word' id='word_1_481' title='bbox 620 3469 673 3532; x_wconf 74' lang='grc'><strong>4,</strong></span> <span class='ocrx_word' id='word_1_482' title='bbox 701 3469 734 3523; x_wconf 89' lang='grc'>8</span> <span class='ocrx_word' id='word_1_483' title='bbox 757 3469 923 3540; x_wconf 62' lang='lat' dir='ltr'><strong>seq),</strong></span> <span class='ocrx_word' id='word_1_484' title='bbox 959 3471 1029 3524; x_wconf 90' lang='lat' dir='ltr'><strong>ita</strong></span> <span class='ocrx_word' id='word_1_485' title='bbox 1057 3469 1286 3524; x_wconf 84' lang='lat' dir='ltr'><strong>Photius</strong></span> <span class='ocrx_word' id='word_1_486' title='bbox 1315 3479 1438 3540; x_wconf 89' lang='lat' dir='ltr'><strong>(cap</strong></span> <span class='ocrx_word' id='word_1_487' title='bbox 1468 3470 1556 3539; x_wconf 86' lang='grc'><strong>16)</strong></span> <span class='ocrx_word' id='word_1_488' title='bbox 1585 3485 1780 3541; x_wconf 89' lang='lat' dir='ltr'><strong>prose-</strong></span> 
     </span>
    </p>
   </div>
   <div class='ocr_carea' id='block_1_65' title="bbox 195 3559 1781 3632">
    <p class='ocr_par' dir='ltr' id='par_1_65' title="bbox 195 3559 1781 3632">
     <span class='ocr_line' id='line_1_65' title="bbox 195 3559 1781 3632; baseline 0.004 -22"><span class='ocrx_word' id='word_1_489' title='bbox 195 3559 385 3627; x_wconf 87' lang='lat' dir='ltr'><strong>quitur</strong></span> <span class='ocrx_word' id='word_1_490' title='bbox 431 3577 445 3612; x_wconf 90' lang='lat'>:</span> <span class='ocrx_word' id='word_1_491' title='bbox 490 3578 507 3609; x_wconf 85' lang='grc' dir='ltr'><strong>ι</strong></span> <span class='ocrx_word' id='word_1_492' title='bbox 557 3559 743 3630; x_wconf 81' lang='lat' dir='ltr'><strong>Neque</strong></span> <span class='ocrx_word' id='word_1_493' title='bbox 780 3561 884 3617; x_wconf 85' lang='lat' dir='ltr'><strong>hoc</strong></span> <span class='ocrx_word' id='word_1_494' title='bbox 921 3563 1384 3631; x_wconf 63' lang='lat' dir='ltr'><strong>praetereundum,</strong></span> <span class='ocrx_word' id='word_1_495' title='bbox 1432 3563 1577 3632; x_wconf 90' lang='lat' dir='ltr'><strong>quod</strong></span> <span class='ocrx_word' id='word_1_496' title='bbox 1608 3565 1781 3632; x_wconf 90' lang='lat' dir='ltr'><strong>ipsam</strong></span> 
     </span>
    </p>
   </div>
   <div class='ocr_carea' id='block_1_66' title="bbox 193 3651 1784 3726">
    <p class='ocr_par' dir='ltr' id='par_1_66' title="bbox 193 3651 1784 3726">
     <span class='ocr_line' id='line_1_66' title="bbox 193 3651 1784 3726; baseline 0.005 -24"><span class='ocrx_word' id='word_1_497' title='bbox 193 3665 488 3720; x_wconf 84' lang='lat' dir='ltr'><strong>personam</strong></span> <span class='ocrx_word' id='word_1_498' title='bbox 522 3651 698 3708; x_wconf 87' lang='lat' dir='ltr'><strong>Patris</strong></span> <span class='ocrx_word' id='word_1_499' title='bbox 732 3653 783 3706; x_wconf 94' lang='lat' dir='ltr'><strong>in</strong></span> <span class='ocrx_word' id='word_1_500' title='bbox 815 3655 951 3708; x_wconf 90' lang='lat' dir='ltr'><strong>duas</strong></span> <span class='ocrx_word' id='word_1_501' title='bbox 984 3655 1147 3726; x_wconf 88' lang='lat' dir='ltr'><strong>impia</strong></span> <span class='ocrx_word' id='word_1_502' title='bbox 1179 3657 1268 3711; x_wconf 88' lang='lat' dir='ltr'><strong>illa</strong></span> <span class='ocrx_word' id='word_1_503' title='bbox 1300 3657 1550 3713; x_wconf 88' lang='lat' dir='ltr'><strong>doctrina</strong></span> <span class='ocrx_word' id='word_1_504' title='bbox 1587 3657 1784 3712; x_wconf 88' lang='lat' dir='ltr'><strong>dividit</strong></span> 
     </span>
    </p>
   </div>
   <div class='ocr_carea' id='block_1_67' title="bbox 194 3743 1782 3821">
    <p class='ocr_par' dir='ltr' id='par_1_67' title="bbox 194 3743 1782 3821">
     <span class='ocr_line' id='line_1_67' title="bbox 194 3743 1782 3821; baseline 0.008 -27"><span class='ocrx_word' id='word_1_505' title='bbox 194 3743 282 3796; x_wconf 88' lang='lat' dir='ltr'><strong>vel</strong></span> <span class='ocrx_word' id='word_1_506' title='bbox 343 3744 570 3799; x_wconf 90' lang='lat' dir='ltr'><strong>omnino</strong></span> <span class='ocrx_word' id='word_1_507' title='bbox 621 3745 743 3800; x_wconf 87' lang='lat' dir='ltr'><strong>Filii</strong></span> <span class='ocrx_word' id='word_1_508' title='bbox 801 3763 1092 3816; x_wconf 87' lang='lat' dir='ltr'><strong>personam</strong></span> <span class='ocrx_word' id='word_1_509' title='bbox 1155 3749 1209 3802; x_wconf 92' lang='lat' dir='ltr'><strong>in</strong></span> <span class='ocrx_word' id='word_1_510' title='bbox 1268 3760 1478 3821; x_wconf 90' lang='lat' dir='ltr'><strong>partem</strong></span> <span class='ocrx_word' id='word_1_511' title='bbox 1534 3761 1782 3821; x_wconf 72' lang='lat' dir='ltr'><strong>paternae</strong></span> 
     </span>
    </p>
   </div>
   <div class='ocr_carea' id='block_1_68' title="bbox 191 3833 1782 3914">
    <p class='ocr_par' dir='ltr' id='par_1_68' title="bbox 191 3833 1782 3914">
     <span class='ocr_line' id='line_1_68' title="bbox 191 3833 1782 3914; baseline 0.007 -25"><span class='ocrx_word' id='word_1_512' title='bbox 191 3833 557 3906; x_wconf 78' lang='lat' dir='ltr'><strong>liypostaseos</strong></span> <span class='ocrx_word' id='word_1_513' title='bbox 595 3851 931 3910; x_wconf 86' lang='lat' dir='ltr'><strong>assumptam</strong></span> <span class='ocrx_word' id='word_1_514' title='bbox 983 3841 1252 3897; x_wconf 88' lang='lat' dir='ltr'><strong>decernit.</strong></span> <span class='ocrx_word' id='word_1_515' title='bbox 1314 3861 1333 3895; x_wconf 77' lang='grc' dir='ltr'><strong>ι</strong></span> <span class='ocrx_word' id='word_1_516' title='bbox 1387 3840 1553 3914; x_wconf 87' lang='lat' dir='ltr'><strong>quue</strong></span> <span class='ocrx_word' id='word_1_517' title='bbox 1605 3860 1672 3899; x_wconf 84' lang='lat' dir='ltr'><strong>ex</strong></span> <span class='ocrx_word' id='word_1_518' title='bbox 1715 3860 1782 3900; x_wconf 89' lang='lat' dir='ltr'><strong>eo</strong></span> 
     </span>
    </p>
   </div>
   <div class='ocr_carea' id='block_1_69' title="bbox 195 3929 1785 4003">
    <p class='ocr_par' dir='ltr' id='par_1_69' title="bbox 195 3929 1785 4003">
     <span class='ocr_line' id='line_1_69' title="bbox 195 3929 1785 4003; baseline 0.006 -22"><span class='ocrx_word' id='word_1_519' title='bbox 195 3929 549 3999; x_wconf 89' lang='lat' dir='ltr'><strong>potissimum</strong></span> <span class='ocrx_word' id='word_1_520' title='bbox 603 3931 818 4002; x_wconf 84' lang='lat' dir='ltr'><strong>probat,</strong></span> <span class='ocrx_word' id='word_1_521' title='bbox 853 3934 1000 4003; x_wconf 89' lang='lat' dir='ltr'><strong>quod</strong></span> <span class='ocrx_word' id='word_1_522' title='bbox 1047 3953 1069 3987; x_wconf 73' lang='grc' dir='ltr'><strong>ι</strong></span> <span class='ocrx_word' id='word_1_523' title='bbox 1108 3933 1276 3990; x_wconf 87' lang='lat' dir='ltr'><strong>Pater</strong></span> <span class='ocrx_word' id='word_1_524' title='bbox 1317 3951 1429 3991; x_wconf 88' lang='lat' dir='ltr'><strong>non</strong></span> <span class='ocrx_word' id='word_1_525' title='bbox 1458 3937 1671 3992; x_wconf 90' lang='lat' dir='ltr'><strong>ratione</strong></span> <span class='ocrx_word' id='word_1_526' title='bbox 1695 3953 1785 3993; x_wconf 89' lang='lat' dir='ltr'><strong>es-</strong></span> 
     </span>
    </p>
   </div>
   <div class='ocr_carea' id='block_1_70' title="bbox 195 4024 1784 4104">
    <p class='ocr_par' dir='ltr' id='par_1_70' title="bbox 195 4024 1784 4104">
     <span class='ocr_line' id='line_1_70' title="bbox 195 4024 1784 4104; baseline 0.008 -28"><span class='ocrx_word' id='word_1_527' title='bbox 195 4024 418 4090; x_wconf 70' lang='lat' dir='ltr'><strong>sentiaa,</strong></span> <span class='ocrx_word' id='word_1_528' title='bbox 463 4026 559 4080; x_wconf 88' lang='lat' dir='ltr'><strong>sed</strong></span> <span class='ocrx_word' id='word_1_529' title='bbox 608 4028 821 4083; x_wconf 87' lang='lat' dir='ltr'><strong>ratione</strong></span> <span class='ocrx_word' id='word_1_530' title='bbox 865 4046 1111 4100; x_wconf 69' lang='lat' dir='ltr'><strong>persona:</strong></span> <span class='ocrx_word' id='word_1_531' title='bbox 1151 4033 1221 4086; x_wconf 89' lang='lat' dir='ltr'><strong>sit</strong></span> <span class='ocrx_word' id='word_1_532' title='bbox 1249 4047 1411 4087; x_wconf 88' lang='lat' dir='ltr'><strong>causa</strong></span> <span class='ocrx_word' id='word_1_533' title='bbox 1441 4047 1633 4087; x_wconf 89' lang='lat' dir='ltr'><strong>eorum</strong></span> <span class='ocrx_word' id='word_1_534' title='bbox 1660 4049 1784 4104; x_wconf 72' lang='lat' dir='ltr'><strong>quae</strong></span> 
     </span>
    </p>
   </div>
   <div class='ocr_carea' id='block_1_71' title="bbox 185 4116 1782 4195">
    <p class='ocr_par' dir='ltr' id='par_1_71' title="bbox 185 4116 1782 4195">
     <span class='ocr_line' id='line_1_71' title="bbox 185 4116 1782 4195; baseline 0.008 -25"><span class='ocrx_word' id='word_1_535' title='bbox 185 4132 262 4171; x_wconf 75' lang='lat' dir='ltr'><strong>ex</strong></span> <span class='ocrx_word' id='word_1_536' title='bbox 299 4116 442 4186; x_wconf 89' lang='lat' dir='ltr'><strong>ipso,</strong></span> <span class='ocrx_word' id='word_1_537' title='bbox 487 4136 506 4168; x_wconf 70' lang='grc' dir='ltr'><strong>ι</strong></span> <span class='ocrx_word' id='word_1_538' title='bbox 541 4119 685 4188; x_wconf 88' lang='lat' dir='ltr'><strong>quod</strong></span> <span class='ocrx_word' id='word_1_539' title='bbox 729 4120 961 4188; x_wconf 74' lang='lat' dir='ltr'><strong>axioma,</strong></span> <span class='ocrx_word' id='word_1_540' title='bbox 995 4132 1160 4193; x_wconf 91' lang='lat' dir='ltr'><strong>prout</strong></span> <span class='ocrx_word' id='word_1_541' title='bbox 1191 4124 1281 4179; x_wconf 89' lang='lat' dir='ltr'><strong>hic</strong></span> <span class='ocrx_word' id='word_1_542' title='bbox 1312 4124 1558 4195; x_wconf 90' lang='lat' dir='ltr'><strong>ponitur,</strong></span> <span class='ocrx_word' id='word_1_543' title='bbox 1583 4125 1782 4182; x_wconf 88' lang='lat' dir='ltr'><strong>falsum</strong></span> 
     </span>
    </p>
   </div>
   <div class='ocr_carea' id='block_1_72' title="bbox 194 4215 1782 4293">
    <p class='ocr_par' dir='ltr' id='par_1_72' title="bbox 194 4215 1782 4293">
     <span class='ocr_line' id='line_1_72' title="bbox 194 4215 1782 4293; baseline 0.008 -28"><span class='ocrx_word' id='word_1_544' title='bbox 194 4226 319 4266; x_wconf 86' lang='lat' dir='ltr'><strong>esse</strong></span> <span class='ocrx_word' id='word_1_545' title='bbox 347 4215 791 4279; x_wconf 63' lang='lat' dir='ltr'><strong>demonstratum</strong></span> <span class='ocrx_word' id='word_1_546' title='bbox 835 4225 920 4270; x_wconf 83' lang='lat' dir='ltr'><strong>est</strong></span> <span class='ocrx_word' id='word_1_547' title='bbox 970 4217 1088 4287; x_wconf 94' lang='lat' dir='ltr'><strong>(lll,</strong></span> <span class='ocrx_word' id='word_1_548' title='bbox 1126 4217 1297 4289; x_wconf 74' lang='lat' dir='ltr'><strong>§H).</strong></span> <span class='ocrx_word' id='word_1_549' title='bbox 1329 4217 1446 4274; x_wconf 89' lang='lat' dir='ltr'><strong>Non</strong></span> <span class='ocrx_word' id='word_1_550' title='bbox 1481 4221 1782 4293; x_wconf 88' lang='lat' dir='ltr'><strong>incongrue</strong></span> 
     </span>
    </p>
   </div>
   <div class='ocr_carea' id='block_1_73' title="bbox 196 4303 1780 4370">
    <p class='ocr_par' dir='ltr' id='par_1_73' title="bbox 196 4303 1780 4370">
     <span class='ocr_line' id='line_1_73' title="bbox 196 4303 1780 4370; baseline 0.009 -14"><span class='ocrx_word' id='word_1_551' title='bbox 196 4314 389 4358; x_wconf 77' lang='lat' dir='ltr'><strong>contra</strong></span> <span class='ocrx_word' id='word_1_552' title='bbox 432 4303 720 4361; x_wconf 69' lang='lat' dir='ltr'><strong>Nicolaum</strong></span> <span class='ocrx_word' id='word_1_553' title='bbox 765 4307 1177 4365; x_wconf 82' lang='lat' dir='ltr'><strong>Methonensem</strong></span> <span class='ocrx_word' id='word_1_554' title='bbox 1213 4312 1413 4367; x_wconf 88' lang='lat' dir='ltr'><strong>similia</strong></span> <span class='ocrx_word' id='word_1_555' title='bbox 1441 4313 1780 4370; x_wconf 81' lang='lat' dir='ltr'><strong>effutientem</strong></span> 
     </span>
    </p>
   </div>
   <div class='ocr_carea' id='block_1_74' title="bbox 189 4396 1779 4476">
    <p class='ocr_par' dir='ltr' id='par_1_74' title="bbox 189 4396 1779 4476">
     <span class='ocr_line' id='line_1_74' title="bbox 189 4396 1779 4476; baseline 0.008 -26"><span class='ocrx_word' id='word_1_556' title='bbox 189 4396 270 4450; x_wconf 83' lang='lat' dir='ltr'><strong>ita</strong></span> <span class='ocrx_word' id='word_1_557' title='bbox 308 4397 533 4452; x_wconf 79' lang='lat' dir='ltr'><strong>disserit</strong></span> <span class='ocrx_word' id='word_1_558' title='bbox 568 4399 724 4471; x_wconf 89' lang='lat' dir='ltr'><strong>Hugo</strong></span> <span class='ocrx_word' id='word_1_559' title='bbox 758 4401 1091 4458; x_wconf 87' lang='lat' dir='ltr'><strong>Etherianus</strong></span> <span class='ocrx_word' id='word_1_560' title='bbox 1119 4401 1184 4473; x_wconf 83' lang='lat' dir='ltr'><strong>(.l.</strong></span> <span class='ocrx_word' id='word_1_561' title='bbox 1218 4420 1276 4469; x_wconf 88' lang='grc' dir='ltr'>ιι,</span> <span class='ocrx_word' id='word_1_562' title='bbox 1311 4419 1360 4459; x_wconf 93' lang='lat' dir='ltr'><strong>c.</strong></span> <span class='ocrx_word' id='word_1_563' title='bbox 1385 4405 1442 4472; x_wconf 70' lang='grc'><strong>4,</strong></span> <span class='ocrx_word' id='word_1_564' title='bbox 1480 4421 1534 4476; x_wconf 88' lang='lat' dir='ltr'><strong>p.</strong></span> <span class='ocrx_word' id='word_1_565' title='bbox 1571 4405 1732 4475; x_wconf 84' lang='grc'>1218)</span> <span class='ocrx_word' id='word_1_566' title='bbox 1765 4425 1779 4462; x_wconf 89' lang='lat'><strong>:</strong></span> 
     </span>
    </p>
   </div>
   <div class='ocr_carea' id='block_1_75' title="bbox 203 4487 1782 4570">
    <p class='ocr_par' dir='ltr' id='par_1_75' title="bbox 203 4487 1782 4570">
     <span class='ocr_line' id='line_1_75' title="bbox 203 4487 1782 4570; baseline 0.008 -30"><span class='ocrx_word' id='word_1_567' title='bbox 203 4507 221 4540; x_wconf 79' lang='grc' dir='ltr'><strong>ι</strong></span> <span class='ocrx_word' id='word_1_568' title='bbox 258 4487 612 4545; x_wconf 74' lang='lat' dir='ltr'><strong>Manifestum</strong></span> <span class='ocrx_word' id='word_1_569' title='bbox 659 4495 806 4562; x_wconf 90' lang='lat' dir='ltr'><strong>quod</strong></span> <span class='ocrx_word' id='word_1_570' title='bbox 858 4493 1030 4550; x_wconf 85' lang='lat' dir='ltr'><strong>Filius</strong></span> <span class='ocrx_word' id='word_1_571' title='bbox 1071 4495 1248 4551; x_wconf 85' lang='lat' dir='ltr'><strong>Patris</strong></span> <span class='ocrx_word' id='word_1_572' title='bbox 1284 4512 1574 4566; x_wconf 87' lang='lat' dir='ltr'><strong>personam</strong></span> <span class='ocrx_word' id='word_1_573' title='bbox 1602 4508 1782 4570; x_wconf 88' lang='lat' dir='ltr'><strong>utpa-</strong></span> 
     </span>
    </p>
   </div>
   <div class='ocr_carea' id='block_1_76' title="bbox 1885 3284 3476 3350">
    <p class='ocr_par' dir='ltr' id='par_1_76' title="bbox 1885 3284 3476 3350">
     <span class='ocr_line' id='line_1_76' title="bbox 1885 3284 3476 3350; baseline -0.001 -13"><span class='ocrx_word' id='word_1_574' title='bbox 1885 3299 1994 3338; x_wconf 84' lang='lat' dir='ltr'><strong>non</strong></span> <span class='ocrx_word' id='word_1_575' title='bbox 2039 3293 2221 3338; x_wconf 86' lang='lat' dir='ltr'><strong>autem</strong></span> <span class='ocrx_word' id='word_1_576' title='bbox 2265 3285 2333 3339; x_wconf 88' lang='lat' dir='ltr'><strong>de</strong></span> <span class='ocrx_word' id='word_1_577' title='bbox 2383 3286 2557 3339; x_wconf 89' lang='lat' dir='ltr'><strong>altero</strong></span> <span class='ocrx_word' id='word_1_578' title='bbox 2598 3301 2788 3340; x_wconf 86' lang='lat' dir='ltr'><strong>verum</strong></span> <span class='ocrx_word' id='word_1_579' title='bbox 2831 3285 2956 3350; x_wconf 90' lang='lat' dir='ltr'><strong>erit,</strong></span> <span class='ocrx_word' id='word_1_580' title='bbox 2993 3284 3221 3338; x_wconf 56' lang='lat' dir='ltr'><strong>diversae</strong></span> <span class='ocrx_word' id='word_1_581' title='bbox 3261 3291 3476 3336; x_wconf 70' lang='lat' dir='ltr'><strong>natura:</strong></span> 
     </span>
    </p>
   </div>
   <div class='ocr_carea' id='block_1_77' title="bbox 1884 3375 3475 3445">
    <p class='ocr_par' dir='ltr' id='par_1_77' title="bbox 1884 3375 3475 3445">
     <span class='ocr_line' id='line_1_77' title="bbox 1884 3375 3475 3445; baseline -0.001 -15"><span class='ocrx_word' id='word_1_582' title='bbox 1884 3392 1980 3431; x_wconf 90' lang='lat' dir='ltr'><strong>eos</strong></span> <span class='ocrx_word' id='word_1_583' title='bbox 2012 3392 2132 3430; x_wconf 89' lang='lat' dir='ltr'><strong>esse</strong></span> <span class='ocrx_word' id='word_1_584' title='bbox 2163 3377 2492 3432; x_wconf 81' lang='lat' dir='ltr'><strong>manifestat.</strong></span> <span class='ocrx_word' id='word_1_585' title='bbox 2539 3377 2695 3442; x_wconf 89' lang='lat' dir='ltr'><strong>Quod</strong></span> <span class='ocrx_word' id='word_1_586' title='bbox 2732 3377 2996 3431; x_wconf 91' lang='lat' dir='ltr'><strong>continuo</strong></span> <span class='ocrx_word' id='word_1_587' title='bbox 3036 3375 3303 3445; x_wconf 83' lang='lat' dir='ltr'><strong>exemplis</strong></span> <span class='ocrx_word' id='word_1_588' title='bbox 3347 3375 3475 3429; x_wconf 84' lang='lat' dir='ltr'><strong>illu-</strong></span> 
     </span>
    </p>
   </div>
   <div class='ocr_carea' id='block_1_78' title="bbox 1885 3467 3477 3540">
    <p class='ocr_par' dir='ltr' id='par_1_78' title="bbox 1885 3467 3477 3540">
     <span class='ocr_line' id='line_1_78' title="bbox 1885 3467 3477 3540; baseline -0.001 -18"><span class='ocrx_word' id='word_1_589' title='bbox 1885 3479 2057 3524; x_wconf 81' lang='lat' dir='ltr'><strong>strare</strong></span> <span class='ocrx_word' id='word_1_590' title='bbox 2088 3469 2343 3533; x_wconf 83' lang='lat' dir='ltr'><strong>student;</strong></span> <span class='ocrx_word' id='word_1_591' title='bbox 2389 3469 2598 3524; x_wconf 86' lang='lat' dir='ltr'><strong>risibile</strong></span> <span class='ocrx_word' id='word_1_592' title='bbox 2640 3486 2692 3524; x_wconf 79' lang='grc' dir='ltr'><strong>γ.</strong></span> <span class='ocrx_word' id='word_1_593' title='bbox 2729 3485 2811 3540; x_wconf 81' lang='lat' dir='ltr'><strong>gr.</strong></span> <span class='ocrx_word' id='word_1_594' title='bbox 2844 3469 2913 3522; x_wconf 90' lang='lat' dir='ltr'><strong>de</strong></span> <span class='ocrx_word' id='word_1_595' title='bbox 2952 3469 3194 3530; x_wconf 81' lang='lat' dir='ltr'><strong>homine,</strong></span> <span class='ocrx_word' id='word_1_596' title='bbox 3243 3483 3352 3521; x_wconf 90' lang='lat' dir='ltr'><strong>non</strong></span> <span class='ocrx_word' id='word_1_597' title='bbox 3403 3467 3477 3520; x_wconf 86' lang='lat' dir='ltr'><strong>de</strong></span> 
     </span>
    </p>
   </div>
   <div class='ocr_carea' id='block_1_79' title="bbox 1884 3561 3473 3634">
    <p class='ocr_par' dir='ltr' id='par_1_79' title="bbox 1884 3561 3473 3634">
     <span class='ocr_line' id='line_1_79' title="bbox 1884 3561 3473 3634; baseline 0.001 -18"><span class='ocrx_word' id='word_1_598' title='bbox 1884 3563 2100 3634; x_wconf 79' lang='lat' dir='ltr'><strong>angelo,</strong></span> <span class='ocrx_word' id='word_1_599' title='bbox 2130 3563 2198 3618; x_wconf 91' lang='lat' dir='ltr'><strong>de</strong></span> <span class='ocrx_word' id='word_1_600' title='bbox 2221 3563 2445 3619; x_wconf 88' lang='lat' dir='ltr'><strong>Socrate</strong></span> <span class='ocrx_word' id='word_1_601' title='bbox 2472 3581 2536 3619; x_wconf 89' lang='lat' dir='ltr'><strong>ac</strong></span> <span class='ocrx_word' id='word_1_602' title='bbox 2554 3563 2801 3626; x_wconf 84' lang='lat' dir='ltr'><strong>Platone,</strong></span> <span class='ocrx_word' id='word_1_603' title='bbox 2821 3579 2933 3617; x_wconf 92' lang='lat' dir='ltr'><strong>non</strong></span> <span class='ocrx_word' id='word_1_604' title='bbox 2969 3578 3100 3618; x_wconf 87' lang='lat' dir='ltr'><strong>vero</strong></span> <span class='ocrx_word' id='word_1_605' title='bbox 3129 3563 3196 3618; x_wconf 90' lang='lat' dir='ltr'><strong>de</strong></span> <span class='ocrx_word' id='word_1_606' title='bbox 3228 3561 3473 3617; x_wconf 82' lang='lat' dir='ltr'><strong>Socratis</strong></span> 
     </span>
    </p>
   </div>
   <div class='ocr_carea' id='block_1_80' title="bbox 1885 3655 3473 3729">
    <p class='ocr_par' dir='ltr' id='par_1_80' title="bbox 1885 3655 3473 3729">
     <span class='ocr_line' id='line_1_80' title="bbox 1885 3655 3473 3729; baseline -0.003 -17"><span class='ocrx_word' id='word_1_607' title='bbox 1885 3657 2121 3728; x_wconf 82' lang='lat' dir='ltr'><strong>imagine</strong></span> <span class='ocrx_word' id='word_1_608' title='bbox 2153 3658 2436 3728; x_wconf 62' lang='lat' dir='ltr'><strong>praedicari</strong></span> <span class='ocrx_word' id='word_1_609' title='bbox 2466 3667 2668 3729; x_wconf 90' lang='lat' dir='ltr'><strong>potest.</strong></span> <span class='ocrx_word' id='word_1_610' title='bbox 2697 3658 2788 3712; x_wconf 89' lang='lat' dir='ltr'><strong>Sic</strong></span> <span class='ocrx_word' id='word_1_611' title='bbox 2819 3656 2982 3728; x_wconf 81' lang='lat' dir='ltr'><strong>igitur</strong></span> <span class='ocrx_word' id='word_1_612' title='bbox 3009 3655 3153 3727; x_wconf 91' lang='lat' dir='ltr'><strong>quod</strong></span> <span class='ocrx_word' id='word_1_613' title='bbox 3183 3655 3473 3726; x_wconf 85' lang='lat' dir='ltr'><strong>proprium</strong></span> 
     </span>
    </p>
   </div>
   <div class='ocr_carea' id='block_1_81' title="bbox 1884 3749 3469 3825">
    <p class='ocr_par' dir='ltr' id='par_1_81' title="bbox 1884 3749 3469 3825">
     <span class='ocr_line' id='line_1_81' title="bbox 1884 3749 3469 3825; baseline -0.003 -18"><span class='ocrx_word' id='word_1_614' title='bbox 1884 3760 1968 3807; x_wconf 89' lang='lat' dir='ltr'><strong>est</strong></span> <span class='ocrx_word' id='word_1_615' title='bbox 2026 3751 2221 3816; x_wconf 87' lang='lat' dir='ltr'><strong>Patris,</strong></span> <span class='ocrx_word' id='word_1_616' title='bbox 2271 3752 2343 3807; x_wconf 90' lang='lat' dir='ltr'><strong>ita</strong></span> <span class='ocrx_word' id='word_1_617' title='bbox 2396 3763 2651 3825; x_wconf 88' lang='lat' dir='ltr'><strong>arguunt,</strong></span> <span class='ocrx_word' id='word_1_618' title='bbox 2699 3751 2958 3806; x_wconf 84' lang='lat' dir='ltr'><strong>videlicet</strong></span> <span class='ocrx_word' id='word_1_619' title='bbox 3013 3750 3240 3820; x_wconf 87' lang='lat' dir='ltr'><strong>spiratio</strong></span> <span class='ocrx_word' id='word_1_620' title='bbox 3271 3749 3469 3814; x_wconf 89' lang='lat' dir='ltr'><strong>activa,</strong></span> 
     </span>
    </p>
   </div>
   <div class='ocr_carea' id='block_1_82' title="bbox 1883 3843 3470 3915">
    <p class='ocr_par' dir='ltr' id='par_1_82' title="bbox 1883 3843 3470 3915">
     <span class='ocr_line' id='line_1_82' title="bbox 1883 3843 3470 3915; baseline -0.001 -17"><span class='ocrx_word' id='word_1_621' title='bbox 1883 3843 2012 3899; x_wconf 92' lang='lat' dir='ltr'><strong>dum</strong></span> <span class='ocrx_word' id='word_1_622' title='bbox 2049 3845 2260 3900; x_wconf 90' lang='lat' dir='ltr'><strong>duabus</strong></span> <span class='ocrx_word' id='word_1_623' title='bbox 2305 3846 2518 3900; x_wconf 78' lang='lat' dir='ltr'><strong>caeteris</strong></span> <span class='ocrx_word' id='word_1_624' title='bbox 2549 3845 2800 3915; x_wconf 87' lang='lat' dir='ltr'><strong>personis</strong></span> <span class='ocrx_word' id='word_1_625' title='bbox 2836 3843 3213 3899; x_wconf 82' lang='lat' dir='ltr'><strong>transferendo</strong></span> <span class='ocrx_word' id='word_1_626' title='bbox 3243 3843 3470 3911; x_wconf 82' lang='lat' dir='ltr'><strong>adapta-</strong></span> 
     </span>
    </p>
   </div>
   <div class='ocr_carea' id='block_1_83' title="bbox 1887 3935 3468 4009">
    <p class='ocr_par' dir='ltr' id='par_1_83' title="bbox 1887 3935 3468 4009">
     <span class='ocr_line' id='line_1_83' title="bbox 1887 3935 3468 4009; baseline -0.004 -17"><span class='ocrx_word' id='word_1_627' title='bbox 1887 3949 1995 4002; x_wconf 91' lang='lat' dir='ltr'><strong>tur,</strong></span> <span class='ocrx_word' id='word_1_628' title='bbox 2022 3950 2184 4009; x_wconf 88' lang='lat' dir='ltr'><strong>atque</strong></span> <span class='ocrx_word' id='word_1_629' title='bbox 2212 3939 2280 3994; x_wconf 90' lang='lat' dir='ltr'><strong>de</strong></span> <span class='ocrx_word' id='word_1_630' title='bbox 2295 3939 2432 3993; x_wconf 84' lang='lat' dir='ltr'><strong>Filio</strong></span> <span class='ocrx_word' id='word_1_631' title='bbox 2449 3939 2668 4009; x_wconf 88' lang='lat' dir='ltr'><strong>quidem</strong></span> <span class='ocrx_word' id='word_1_632' title='bbox 2692 3953 2820 3993; x_wconf 87' lang='lat' dir='ltr'><strong>vere</strong></span> <span class='ocrx_word' id='word_1_633' title='bbox 2845 3935 3125 4008; x_wconf 59' lang='lat' dir='ltr'><strong>praedicari</strong></span> <span class='ocrx_word' id='word_1_634' title='bbox 3151 3935 3468 3998; x_wconf 85' lang='lat' dir='ltr'><strong>affirmatur,</strong></span> 
     </span>
    </p>
   </div>
   <div class='ocr_carea' id='block_1_84' title="bbox 1884 4027 3473 4102">
    <p class='ocr_par' dir='ltr' id='par_1_84' title="bbox 1884 4027 3473 4102">
     <span class='ocr_line' id='line_1_84' title="bbox 1884 4027 3473 4102; baseline -0.004 -16"><span class='ocrx_word' id='word_1_635' title='bbox 1884 4047 1995 4086; x_wconf 90' lang='lat' dir='ltr'><strong>non</strong></span> <span class='ocrx_word' id='word_1_636' title='bbox 2028 4043 2209 4087; x_wconf 87' lang='lat' dir='ltr'><strong>autem</strong></span> <span class='ocrx_word' id='word_1_637' title='bbox 2236 4033 2303 4087; x_wconf 93' lang='lat' dir='ltr'><strong>de</strong></span> <span class='ocrx_word' id='word_1_638' title='bbox 2349 4031 2555 4102; x_wconf 83' lang='lat' dir='ltr'><strong>Spiritu</strong></span> <span class='ocrx_word' id='word_1_639' title='bbox 2597 4042 2825 4099; x_wconf 88' lang='lat' dir='ltr'><strong>sancto,</strong></span> <span class='ocrx_word' id='word_1_640' title='bbox 2875 4031 3107 4087; x_wconf 65' lang='lat' dir='ltr'><strong>diversae</strong></span> <span class='ocrx_word' id='word_1_641' title='bbox 3151 4027 3473 4083; x_wconf 72' lang='lat' dir='ltr'><strong>substantia:</strong></span> 
     </span>
    </p>
   </div>
   <div class='ocr_carea' id='block_1_85' title="bbox 1883 4118 3469 4194">
    <p class='ocr_par' dir='ltr' id='par_1_85' title="bbox 1883 4118 3469 4194">
     <span class='ocr_line' id='line_1_85' title="bbox 1883 4118 3469 4194; baseline -0.003 -15"><span class='ocrx_word' id='word_1_642' title='bbox 1883 4139 2007 4180; x_wconf 86' lang='lat' dir='ltr'><strong>esse</strong></span> <span class='ocrx_word' id='word_1_643' title='bbox 2050 4123 2244 4178; x_wconf 85' lang='lat' dir='ltr'><strong>Filium</strong></span> <span class='ocrx_word' id='word_1_644' title='bbox 2277 4139 2340 4179; x_wconf 92' lang='lat' dir='ltr'><strong>ac</strong></span> <span class='ocrx_word' id='word_1_645' title='bbox 2370 4125 2634 4194; x_wconf 87' lang='lat' dir='ltr'><strong>Spiritum</strong></span> <span class='ocrx_word' id='word_1_646' title='bbox 2670 4124 2896 4179; x_wconf 91' lang='lat' dir='ltr'><strong>omnino</strong></span> <span class='ocrx_word' id='word_1_647' title='bbox 2928 4121 3229 4178; x_wconf 92' lang='lat' dir='ltr'><strong>convincit.</strong></span> <span class='ocrx_word' id='word_1_648' title='bbox 3268 4118 3469 4174; x_wconf 87' lang='lat' dir='ltr'><strong>Verum</strong></span> 
     </span>
    </p>
   </div>
   <div class='ocr_carea' id='block_1_86' title="bbox 1885 4211 3474 4283">
    <p class='ocr_par' dir='ltr' id='par_1_86' title="bbox 1885 4211 3474 4283">
     <span class='ocr_line' id='line_1_86' title="bbox 1885 4211 3474 4283; baseline -0.006 -12"><span class='ocrx_word' id='word_1_649' title='bbox 1885 4216 2065 4271; x_wconf 88' lang='lat' dir='ltr'><strong>inanis</strong></span> <span class='ocrx_word' id='word_1_650' title='bbox 2095 4225 2179 4271; x_wconf 91' lang='lat' dir='ltr'><strong>est</strong></span> <span class='ocrx_word' id='word_1_651' title='bbox 2211 4231 2299 4270; x_wconf 91' lang='lat' dir='ltr'><strong>res</strong></span> <span class='ocrx_word' id='word_1_652' title='bbox 2328 4217 2620 4280; x_wconf 86' lang='lat' dir='ltr'><strong>universa;</strong></span> <span class='ocrx_word' id='word_1_653' title='bbox 2657 4231 2765 4270; x_wconf 92' lang='lat' dir='ltr'><strong>non</strong></span> <span class='ocrx_word' id='word_1_654' title='bbox 2800 4214 2973 4269; x_wconf 89' lang='lat' dir='ltr'><strong>solum</strong></span> <span class='ocrx_word' id='word_1_655' title='bbox 2998 4211 3124 4283; x_wconf 82' lang='lat' dir='ltr'><strong>quia</strong></span> <span class='ocrx_word' id='word_1_656' title='bbox 3162 4212 3474 4281; x_wconf 88' lang='lat' dir='ltr'><strong>proprieta-</strong></span> 
     </span>
    </p>
   </div>
   <div class='ocr_carea' id='block_1_87' title="bbox 1884 4304 3473 4378">
    <p class='ocr_par' dir='ltr' id='par_1_87' title="bbox 1884 4304 3473 4378">
     <span class='ocr_line' id='line_1_87' title="bbox 1884 4304 3473 4378; baseline -0.004 -17"><span class='ocrx_word' id='word_1_657' title='bbox 1884 4315 2024 4370; x_wconf 91' lang='lat' dir='ltr'><strong>tum,</strong></span> <span class='ocrx_word' id='word_1_658' title='bbox 2048 4322 2169 4376; x_wconf 64' lang='lat' dir='ltr'><strong>quae</strong></span> <span class='ocrx_word' id='word_1_659' title='bbox 2189 4306 2255 4361; x_wconf 88' lang='lat' dir='ltr'><strong>ad</strong></span> <span class='ocrx_word' id='word_1_660' title='bbox 2283 4322 2450 4361; x_wconf 90' lang='lat' dir='ltr'><strong>unum</strong></span> <span class='ocrx_word' id='word_1_661' title='bbox 2471 4305 2677 4378; x_wconf 71' lang='grc' dir='ltr'><strong>κυρίως</strong></span> <span class='ocrx_word' id='word_1_662' title='bbox 2709 4313 2959 4376; x_wconf 86' lang='lat' dir='ltr'><strong>spectant</strong></span> <span class='ocrx_word' id='word_1_663' title='bbox 2988 4304 3221 4374; x_wconf 90' lang='lat' dir='ltr'><strong>aliisque</strong></span> <span class='ocrx_word' id='word_1_664' title='bbox 3252 4317 3473 4356; x_wconf 80' lang='lat' dir='ltr'><strong>accom-</strong></span> 
     </span>
    </p>
   </div>
   <div class='ocr_carea' id='block_1_88' title="bbox 1886 4399 3473 4471">
    <p class='ocr_par' dir='ltr' id='par_1_88' title="bbox 1886 4399 3473 4471">
     <span class='ocr_line' id='line_1_88' title="bbox 1886 4399 3473 4471; baseline -0.005 -14"><span class='ocrx_word' id='word_1_665' title='bbox 1886 4403 2093 4457; x_wconf 90' lang='lat' dir='ltr'><strong>modari</strong></span> <span class='ocrx_word' id='word_1_666' title='bbox 2142 4409 2392 4471; x_wconf 72' lang='lat' dir='ltr'><strong>possunt,</strong></span> <span class='ocrx_word' id='word_1_667' title='bbox 2452 4399 2598 4454; x_wconf 87' lang='lat' dir='ltr'><strong>varia</strong></span> <span class='ocrx_word' id='word_1_668' title='bbox 2661 4407 2791 4454; x_wconf 88' lang='lat' dir='ltr'><strong>sunt</strong></span> <span class='ocrx_word' id='word_1_669' title='bbox 2851 4413 3048 4470; x_wconf 84' lang='lat' dir='ltr'><strong>genera</strong></span> <span class='ocrx_word' id='word_1_670' title='bbox 3119 4411 3221 4450; x_wconf 88' lang='lat' dir='ltr'><strong>nec</strong></span> <span class='ocrx_word' id='word_1_671' title='bbox 3278 4410 3473 4449; x_wconf 88' lang='lat' dir='ltr'><strong>onmes</strong></span> 
     </span>
    </p>
   </div>
   <div class='ocr_carea' id='block_1_89' title="bbox 1887 4489 3473 4548">
    <p class='ocr_par' dir='ltr' id='par_1_89' title="bbox 1887 4489 3473 4548">
     <span class='ocr_line' id='line_1_89' title="bbox 1887 4489 3473 4548; baseline -0.005 -2"><span class='ocrx_word' id='word_1_672' title='bbox 1887 4493 2185 4548; x_wconf 89' lang='lat' dir='ltr'><strong>illationem</strong></span> <span class='ocrx_word' id='word_1_673' title='bbox 2227 4491 2295 4546; x_wconf 85' lang='lat' dir='ltr'><strong>ad</strong></span> <span class='ocrx_word' id='word_1_674' title='bbox 2345 4491 2685 4546; x_wconf 87' lang='lat' dir='ltr'><strong>identitatem</strong></span> <span class='ocrx_word' id='word_1_675' title='bbox 2719 4489 2804 4544; x_wconf 89' lang='lat' dir='ltr'><strong>vel</strong></span> <span class='ocrx_word' id='word_1_676' title='bbox 2842 4490 3215 4544; x_wconf 82' lang='lat' dir='ltr'><strong>diversitatem</strong></span> <span class='ocrx_word' id='word_1_677' title='bbox 3261 4496 3473 4540; x_wconf 78' lang='lat' dir='ltr'><strong>naturae</strong></span> 
     </span>
    </p>
   </div>
   <div class='ocr_carea' id='block_1_90' title="bbox 197 4575 3470 4660">
    <p class='ocr_par' dir='ltr' id='par_1_90' title="bbox 197 4575 3470 4660">
     <span class='ocr_line' id='line_1_90' title="bbox 197 4575 3470 4660; baseline -0.001 -27"><span class='ocrx_word' id='word_1_678' title='bbox 197 4580 431 4636; x_wconf 88' lang='lat' dir='ltr'><strong>tientem</strong></span> <span class='ocrx_word' id='word_1_679' title='bbox 479 4583 756 4637; x_wconf 85' lang='lat' dir='ltr'><strong>defectum</strong></span> <span class='ocrx_word' id='word_1_680' title='bbox 805 4584 1041 4654; x_wconf 89' lang='lat' dir='ltr'><strong>aliquem</strong></span> <span class='ocrx_word' id='word_1_681' title='bbox 1097 4601 1207 4641; x_wconf 83' lang='lat' dir='ltr'><strong>non</strong></span> <span class='ocrx_word' id='word_1_682' title='bbox 1256 4589 1550 4660; x_wconf 89' lang='lat' dir='ltr'><strong>adimplet;</strong></span> <span class='ocrx_word' id='word_1_683' title='bbox 1601 4605 1782 4659; x_wconf 86' lang='lat' dir='ltr'><strong>neque</strong></span> <span class='ocrx_word' id='word_1_684' title='bbox 1808 4579 1862 4638; x_wconf 78' lang='grc' dir='ltr'>Ι)</span> <span class='ocrx_word' id='word_1_685' title='bbox 1886 4584 2386 4658; x_wconf 69' lang='lat' dir='ltr'><strong>permitttnnt(92),</strong></span> <span class='ocrx_word' id='word_1_686' title='bbox 2415 4583 2511 4639; x_wconf 85' lang='lat' dir='ltr'><strong>sed</strong></span> <span class='ocrx_word' id='word_1_687' title='bbox 2549 4583 2720 4637; x_wconf 91' lang='lat' dir='ltr'><strong>multo</strong></span> <span class='ocrx_word' id='word_1_688' title='bbox 2751 4585 2923 4654; x_wconf 85' lang='lat' dir='ltr'><strong>magis</strong></span> <span class='ocrx_word' id='word_1_689' title='bbox 2949 4583 3076 4654; x_wconf 89' lang='lat' dir='ltr'><strong>quia</strong></span> <span class='ocrx_word' id='word_1_690' title='bbox 3103 4580 3279 4635; x_wconf 89' lang='lat' dir='ltr'><strong>Photii</strong></span> <span class='ocrx_word' id='word_1_691' title='bbox 3319 4575 3470 4650; x_wconf 69' lang='grc'>[291]</span> 
     </span>
    </p>
   </div>
   <div class='ocr_carea' id='block_1_91' title="bbox 194 4672 1784 4750">
    <p class='ocr_par' dir='ltr' id='par_1_91' title="bbox 194 4672 1784 4750">
     <span class='ocr_line' id='line_1_91' title="bbox 194 4672 1784 4750; baseline 0.006 -25"><span class='ocrx_word' id='word_1_692' title='bbox 194 4672 472 4743; x_wconf 90' lang='lat' dir='ltr'><strong>quispiam</strong></span> <span class='ocrx_word' id='word_1_693' title='bbox 525 4673 704 4744; x_wconf 78' lang='lat' dir='ltr'><strong>ipsum</strong></span> <span class='ocrx_word' id='word_1_694' title='bbox 746 4672 942 4730; x_wconf 85' lang='lat' dir='ltr'><strong>Filium</strong></span> <span class='ocrx_word' id='word_1_695' title='bbox 990 4687 1204 4746; x_wconf 83' lang='lat' dir='ltr'><strong>partem</strong></span> <span class='ocrx_word' id='word_1_696' title='bbox 1245 4693 1366 4733; x_wconf 84' lang='lat' dir='ltr'><strong>esse</strong></span> <span class='ocrx_word' id='word_1_697' title='bbox 1392 4694 1643 4750; x_wconf 68' lang='lat' dir='ltr'><strong>personae</strong></span> <span class='ocrx_word' id='word_1_698' title='bbox 1676 4677 1784 4734; x_wconf 87' lang='lat' dir='ltr'><strong>Pa-</strong></span> 
     </span>
    </p>
   </div>
   <div class='ocr_carea' id='block_1_92' title="bbox 198 4765 1782 4841">
    <p class='ocr_par' dir='ltr' id='par_1_92' title="bbox 198 4765 1782 4841">
     <span class='ocr_line' id='line_1_92' title="bbox 198 4765 1782 4841; baseline 0.005 -20"><span class='ocrx_word' id='word_1_699' title='bbox 198 4765 319 4827; x_wconf 86' lang='lat' dir='ltr'><strong>tris,</strong></span> <span class='ocrx_word' id='word_1_700' title='bbox 359 4781 427 4820; x_wconf 90' lang='lat' dir='ltr'><strong>eo</strong></span> <span class='ocrx_word' id='word_1_701' title='bbox 454 4767 599 4835; x_wconf 89' lang='lat' dir='ltr'><strong>quod</strong></span> <span class='ocrx_word' id='word_1_702' title='bbox 637 4767 879 4838; x_wconf 89' lang='lat' dir='ltr'><strong>Spiritus</strong></span> <span class='ocrx_word' id='word_1_703' title='bbox 913 4783 978 4823; x_wconf 83' lang='lat' dir='ltr'><strong>ex</strong></span> <span class='ocrx_word' id='word_1_704' title='bbox 1009 4769 1127 4840; x_wconf 90' lang='lat' dir='ltr'><strong>ipso</strong></span> <span class='ocrx_word' id='word_1_705' title='bbox 1157 4769 1436 4841; x_wconf 86' lang='lat' dir='ltr'><strong>procedat,</strong></span> <span class='ocrx_word' id='word_1_706' title='bbox 1467 4771 1652 4828; x_wconf 90' lang='lat' dir='ltr'><strong>dicere</strong></span> <span class='ocrx_word' id='word_1_707' title='bbox 1684 4789 1782 4829; x_wconf 53' lang='lat' dir='ltr'><strong>co-</strong></span> 
     </span>
    </p>
   </div>
   <div class='ocr_carea' id='block_1_93' title="bbox 193 4858 1784 4930">
    <p class='ocr_par' dir='ltr' id='par_1_93' title="bbox 193 4858 1784 4930">
     <span class='ocr_line' id='line_1_93' title="bbox 193 4858 1784 4930; baseline 0.007 -18"><span class='ocrx_word' id='word_1_708' title='bbox 193 4858 364 4930; x_wconf 80' lang='lat' dir='ltr'><strong>gitur.</strong></span> <span class='ocrx_word' id='word_1_709' title='bbox 398 4858 685 4925; x_wconf 83' lang='lat' dir='ltr'><strong>Quomodo</strong></span> <span class='ocrx_word' id='word_1_710' title='bbox 718 4862 865 4916; x_wconf 90' lang='lat' dir='ltr'><strong>enim</strong></span> <span class='ocrx_word' id='word_1_711' title='bbox 893 4862 937 4916; x_wconf 90' lang='lat' dir='ltr'><strong>si</strong></span> <span class='ocrx_word' id='word_1_712' title='bbox 969 4859 1142 4918; x_wconf 87' lang='lat' dir='ltr'><strong>Filius</strong></span> <span class='ocrx_word' id='word_1_713' title='bbox 1166 4864 1364 4919; x_wconf 84' lang='lat' dir='ltr'><strong>eadem</strong></span> <span class='ocrx_word' id='word_1_714' title='bbox 1401 4865 1614 4921; x_wconf 90' lang='lat' dir='ltr'><strong>ratione</strong></span> <span class='ocrx_word' id='word_1_715' title='bbox 1649 4882 1784 4923; x_wconf 91' lang='lat' dir='ltr'><strong>con-</strong></span> 
     </span>
    </p>
   </div>
   <div class='ocr_carea' id='block_1_94' title="bbox 192 4952 1784 5031">
    <p class='ocr_par' dir='ltr' id='par_1_94' title="bbox 192 4952 1784 5031">
     <span class='ocr_line' id='line_1_94' title="bbox 192 4952 1784 5031; baseline 0.008 -25"><span class='ocrx_word' id='word_1_716' title='bbox 192 4961 524 5007; x_wconf 88' lang='lat' dir='ltr'><strong>numeratur</strong></span> <span class='ocrx_word' id='word_1_717' title='bbox 567 4952 737 5018; x_wconf 89' lang='lat' dir='ltr'><strong>Patri,</strong></span> <span class='ocrx_word' id='word_1_718' title='bbox 787 4970 894 5024; x_wconf 90' lang='lat' dir='ltr'><strong>qua</strong></span> <span class='ocrx_word' id='word_1_719' title='bbox 944 4953 1182 5025; x_wconf 88' lang='lat' dir='ltr'><strong>Spiritus</strong></span> <span class='ocrx_word' id='word_1_720' title='bbox 1232 4957 1488 5027; x_wconf 88' lang='lat' dir='ltr'><strong>utrique,</strong></span> <span class='ocrx_word' id='word_1_721' title='bbox 1531 4975 1784 5031; x_wconf 65' lang='lat' dir='ltr'><strong>personae</strong></span> 
     </span>
    </p>
   </div>
   <div class='ocr_carea' id='block_1_95' title="bbox 187 5046 1783 5118">
    <p class='ocr_par' dir='ltr' id='par_1_95' title="bbox 187 5046 1783 5118">
     <span class='ocr_line' id='line_1_95' title="bbox 187 5046 1783 5118; baseline 0.006 -17"><span class='ocrx_word' id='word_1_722' title='bbox 187 5046 380 5102; x_wconf 76' lang='lat' dir='ltr'><strong>Patris</strong></span> <span class='ocrx_word' id='word_1_723' title='bbox 419 5048 596 5118; x_wconf 90' lang='lat' dir='ltr'><strong>portio</strong></span> <span class='ocrx_word' id='word_1_724' title='bbox 641 5048 951 5104; x_wconf 87' lang='lat' dir='ltr'><strong>inveniatur</strong></span> <span class='ocrx_word' id='word_1_725' title='bbox 986 5049 1201 5106; x_wconf 86' lang='lat' dir='ltr'><strong>Filius?</strong></span> <span class='ocrx_word' id='word_1_726' title='bbox 1239 5051 1385 5107; x_wconf 88' lang='lat' dir='ltr'><strong>Sane</strong></span> <span class='ocrx_word' id='word_1_727' title='bbox 1425 5051 1468 5108; x_wconf 90' lang='lat' dir='ltr'><strong>si</strong></span> <span class='ocrx_word' id='word_1_728' title='bbox 1515 5064 1644 5108; x_wconf 87' lang='lat' dir='ltr'><strong>nata</strong></span> <span class='ocrx_word' id='word_1_729' title='bbox 1686 5054 1783 5110; x_wconf 85' lang='lat' dir='ltr'><strong>Lat</strong></span> 
     </span>
    </p>
   </div>
   <div class='ocr_carea' id='block_1_96' title="bbox 271 5227 1788 5305">
    <p class='ocr_par' dir='ltr' id='par_1_96' title="bbox 271 5227 1788 5305">
     <span class='ocr_line' id='line_1_96' title="bbox 271 5227 1788 5305; baseline 0.006 -24"><span class='ocrx_word' id='word_1_730' title='bbox 271 5227 390 5305; x_wconf 77' lang='grc'>(92)</span> <span class='ocrx_word' id='word_1_731' title='bbox 440 5227 574 5305; x_wconf 69' lang='lat' dir='ltr'><strong>Quae</strong></span> <span class='ocrx_word' id='word_1_732' title='bbox 623 5231 752 5305; x_wconf 88' lang='lat' dir='ltr'><strong>_bue_</strong></span> <span class='ocrx_word' id='word_1_733' title='bbox 784 5232 1204 5305; x_wconf 77' lang='lat' dir='ltr'><strong>quodammodo</strong></span> <span class='ocrx_word' id='word_1_734' title='bbox 1244 5242 1491 5303; x_wconf 89' lang='lat' dir='ltr'><strong>spectant</strong></span> <span class='ocrx_word' id='word_1_735' title='bbox 1545 5233 1788 5305; x_wconf 84' lang='lat' dir='ltr'><strong>llugonis</strong></span> 
     </span>
    </p>
   </div>
   <div class='ocr_carea' id='block_1_97' title="bbox 197 5298 1786 5374">
    <p class='ocr_par' dir='ltr' id='par_1_97' title="bbox 197 5298 1786 5374">
     <span class='ocr_line' id='line_1_97' title="bbox 197 5298 1786 5374; baseline 0.004 -21"><span class='ocrx_word' id='word_1_736' title='bbox 197 5298 487 5353; x_wconf 84' lang='lat' dir='ltr'><strong>Etheriani</strong></span> <span class='ocrx_word' id='word_1_737' title='bbox 524 5303 687 5374; x_wconf 80' lang='lat' dir='ltr'><strong>verba</strong></span> <span class='ocrx_word' id='word_1_738' title='bbox 719 5302 778 5371; x_wconf 88' lang='grc' dir='ltr'><strong>(Ι.</strong></span> <span class='ocrx_word' id='word_1_739' title='bbox 805 5298 852 5366; x_wconf 79' lang='grc' dir='ltr'><strong>ἰ,</strong></span> <span class='ocrx_word' id='word_1_740' title='bbox 883 5320 933 5358; x_wconf 92' lang='lat' dir='ltr'><strong>c.</strong></span> <span class='ocrx_word' id='word_1_741' title='bbox 972 5303 1058 5365; x_wconf 81' lang='grc'>12,</span> <span class='ocrx_word' id='word_1_742' title='bbox 1103 5320 1157 5373; x_wconf 86' lang='lat' dir='ltr'><strong>p.</strong></span> <span class='ocrx_word' id='word_1_743' title='bbox 1191 5298 1347 5372; x_wconf 77' lang='grc'>1206)</span> <span class='ocrx_word' id='word_1_744' title='bbox 1378 5305 1432 5358; x_wconf 84' lang='grc' dir='ltr'>ἱιι</span> <span class='ocrx_word' id='word_1_745' title='bbox 1462 5298 1786 5374; x_wconf 70' lang='lat' dir='ltr'><strong>quibusdam</strong></span> 
     </span>
    </p>
   </div>
   <div class='ocr_carea' id='block_1_98' title="bbox 195 5371 1784 5444">
    <p class='ocr_par' dir='ltr' id='par_1_98' title="bbox 195 5371 1784 5444">
     <span class='ocr_line' id='line_1_98' title="bbox 195 5371 1784 5444; baseline 0.005 -23"><span class='ocrx_word' id='word_1_746' title='bbox 195 5379 463 5444; x_wconf 83' lang='lat' dir='ltr'><strong>corrupta</strong></span> <span class='ocrx_word' id='word_1_747' title='bbox 497 5371 773 5428; x_wconf 87' lang='lat' dir='ltr'><strong>videntur.</strong></span> <span class='ocrx_word' id='word_1_748' title='bbox 807 5374 1032 5444; x_wconf 84' lang='lat' dir='ltr'><strong>Legitur</strong></span> <span class='ocrx_word' id='word_1_749' title='bbox 1055 5371 1201 5443; x_wconf 83' lang='lat' dir='ltr'><strong>apud</strong></span> <span class='ocrx_word' id='word_1_750' title='bbox 1253 5371 1506 5430; x_wconf 84' lang='lat' dir='ltr'><strong>eumdem</strong></span> <span class='ocrx_word' id='word_1_751' title='bbox 1534 5394 1547 5428; x_wconf 91' lang='lat'><strong>:</strong></span> <span class='ocrx_word' id='word_1_752' title='bbox 1608 5396 1626 5428; x_wconf 82' lang='grc' dir='ltr'><strong>ι</strong></span> <span class='ocrx_word' id='word_1_753' title='bbox 1665 5376 1784 5429; x_wconf 85' lang='lat' dir='ltr'><strong>Non</strong></span> 
     </span>
    </p>
   </div>
   <div class='ocr_carea' id='block_1_99' title="bbox 197 5439 1786 5513">
    <p class='ocr_par' dir='ltr' id='par_1_99' title="bbox 197 5439 1786 5513">
     <span class='ocr_line' id='line_1_99' title="bbox 197 5439 1786 5513; baseline 0.005 -21"><span class='ocrx_word' id='word_1_754' title='bbox 197 5439 385 5493; x_wconf 86' lang='lat' dir='ltr'><strong>omnis</strong></span> <span class='ocrx_word' id='word_1_755' title='bbox 415 5443 718 5513; x_wconf 80' lang='lat' dir='ltr'><strong>proprietas</strong></span> <span class='ocrx_word' id='word_1_756' title='bbox 769 5439 1056 5513; x_wconf 71' lang='lat' dir='ltr'><strong>personam</strong></span> <span class='ocrx_word' id='word_1_757' title='bbox 1087 5439 1372 5507; x_wconf 81' lang='lat' dir='ltr'><strong>describit,</strong></span> <span class='ocrx_word' id='word_1_758' title='bbox 1428 5446 1480 5499; x_wconf 91' lang='lat' dir='ltr'><strong>id</strong></span> <span class='ocrx_word' id='word_1_759' title='bbox 1511 5457 1593 5500; x_wconf 90' lang='lat' dir='ltr'><strong>est</strong></span> <span class='ocrx_word' id='word_1_760' title='bbox 1648 5446 1786 5500; x_wconf 88' lang='lat' dir='ltr'><strong>sicut</strong></span> 
     </span>
    </p>
   </div>
   <div class='ocr_carea' id='block_1_100' title="bbox 197 5511 1787 5587">
    <p class='ocr_par' dir='ltr' id='par_1_100' title="bbox 197 5511 1787 5587">
     <span class='ocr_line' id='line_1_100' title="bbox 197 5511 1787 5587; baseline 0.005 -24"><span class='ocrx_word' id='word_1_761' title='bbox 197 5526 265 5564; x_wconf 86' lang='lat' dir='ltr'><strong>ea</strong></span> <span class='ocrx_word' id='word_1_762' title='bbox 288 5511 572 5587; x_wconf 61' lang='lat' dir='ltr'><strong>aequaliter</strong></span> <span class='ocrx_word' id='word_1_763' title='bbox 601 5515 666 5587; x_wconf 5' lang='lat' dir='ltr'><strong>(q?)</strong></span> <span class='ocrx_word' id='word_1_764' title='bbox 709 5511 781 5577; x_wconf 73' lang='lat' dir='ltr'><strong>ei,</strong></span> <span class='ocrx_word' id='word_1_765' title='bbox 809 5532 930 5585; x_wconf 69' lang='lat' dir='ltr'><strong>qua:</strong></span> <span class='ocrx_word' id='word_1_766' title='bbox 964 5531 1249 5585; x_wconf 84' lang='lat' dir='ltr'><strong>segregare</strong></span> <span class='ocrx_word' id='word_1_767' title='bbox 1284 5526 1535 5570; x_wconf 85' lang='lat' dir='ltr'><strong>naturam</strong></span> <span class='ocrx_word' id='word_1_768' title='bbox 1565 5526 1787 5587; x_wconf 87' lang='lat' dir='ltr'><strong>putatur</strong></span> 
     </span>
    </p>
   </div>
   <div class='ocr_carea' id='block_1_101' title="bbox 197 5583 1787 5658">
    <p class='ocr_par' dir='ltr' id='par_1_101' title="bbox 197 5583 1787 5658">
     <span class='ocr_line' id='line_1_101' title="bbox 197 5583 1787 5658; baseline 0.006 -25"><span class='ocrx_word' id='word_1_769' title='bbox 197 5596 253 5640; x_wconf 32' lang='lat' dir='ltr'><strong>a,</strong></span> <span class='ocrx_word' id='word_1_770' title='bbox 286 5583 536 5658; x_wconf 76' lang='lat' dir='ltr'><strong>reliquis,</strong></span> <span class='ocrx_word' id='word_1_771' title='bbox 582 5585 662 5638; x_wconf 88' lang='lat' dir='ltr'><strong>sic</strong></span> <span class='ocrx_word' id='word_1_772' title='bbox 687 5583 933 5658; x_wconf 70' lang='lat' dir='ltr'><strong>quaedam</strong></span> <span class='ocrx_word' id='word_1_773' title='bbox 965 5583 1329 5658; x_wconf 76' lang='lat' dir='ltr'><strong>proprietates</strong></span> <span class='ocrx_word' id='word_1_774' title='bbox 1355 5588 1410 5641; x_wconf 93' lang='lat' dir='ltr'><strong>in</strong></span> <span class='ocrx_word' id='word_1_775' title='bbox 1450 5588 1533 5642; x_wconf 91' lang='lat' dir='ltr'><strong>his</strong></span> <span class='ocrx_word' id='word_1_776' title='bbox 1565 5583 1787 5658; x_wconf 80' lang='lat' dir='ltr'><strong>quidem</strong></span> 
     </span>
    </p>
   </div>
   <div class='ocr_carea' id='block_1_102' title="bbox 198 5653 1788 5728">
    <p class='ocr_par' dir='ltr' id='par_1_102' title="bbox 198 5653 1788 5728">
     <span class='ocr_line' id='line_1_102' title="bbox 198 5653 1788 5728; baseline 0.006 -26"><span class='ocrx_word' id='word_1_777' title='bbox 198 5666 324 5718; x_wconf 77' lang='lat' dir='ltr'><strong>quze</strong></span> <span class='ocrx_word' id='word_1_778' title='bbox 352 5653 1158 5728; x_wconf 73' lang='lat' dir='ltr'><strong>diversarumsubstantiarum</strong></span> <span class='ocrx_word' id='word_1_779' title='bbox 1191 5667 1341 5719; x_wconf 88' lang='lat' dir='ltr'><strong>sunt,</strong></span> <span class='ocrx_word' id='word_1_780' title='bbox 1375 5653 1660 5728; x_wconf 76' lang='lat' dir='ltr'><strong>segregant</strong></span> <span class='ocrx_word' id='word_1_781' title='bbox 1687 5675 1788 5712; x_wconf 82' lang='lat' dir='ltr'><strong>na—</strong></span> 
     </span>
    </p>
   </div>
   <div class='ocr_carea' id='block_1_103' title="bbox 198 5725 1791 5798">
    <p class='ocr_par' dir='ltr' id='par_1_103' title="bbox 198 5725 1791 5798">
     <span class='ocr_line' id='line_1_103' title="bbox 198 5725 1791 5798; baseline 0.004 -22"><span class='ocrx_word' id='word_1_782' title='bbox 198 5729 384 5776; x_wconf 89' lang='lat' dir='ltr'><strong>turam</strong></span> <span class='ocrx_word' id='word_1_783' title='bbox 419 5740 436 5798; x_wconf 90' lang='lat'><strong>;_</strong></span> <span class='ocrx_word' id='word_1_784' title='bbox 469 5725 545 5798; x_wconf 84' lang='lat' dir='ltr'><strong>in_</strong></span> <span class='ocrx_word' id='word_1_785' title='bbox 568 5726 1147 5793; x_wconf 62' lang='lat' dir='ltr'><strong>consubstantialibus,</strong></span> <span class='ocrx_word' id='word_1_786' title='bbox 1206 5729 1260 5782; x_wconf 88' lang='lat' dir='ltr'><strong>id</strong></span> <span class='ocrx_word' id='word_1_787' title='bbox 1287 5734 1391 5792; x_wconf 87' lang='lat' dir='ltr'><strong>est,</strong></span> <span class='ocrx_word' id='word_1_788' title='bbox 1442 5725 1500 5782; x_wconf 81' lang='lat' dir='ltr'><strong>in</strong></span> <span class='ocrx_word' id='word_1_789' title='bbox 1538 5725 1639 5783; x_wconf 73' lang='lat' dir='ltr'><strong>his</strong></span> <span class='ocrx_word' id='word_1_790' title='bbox 1670 5745 1791 5798; x_wconf 65' lang='lat' dir='ltr'><strong>quae</strong></span> 
     </span>
    </p>
   </div>
   <div class='ocr_carea' id='block_1_104' title="bbox 197 5795 1790 5871">
    <p class='ocr_par' dir='ltr' id='par_1_104' title="bbox 197 5795 1790 5871">
     <span class='ocr_line' id='line_1_104' title="bbox 197 5795 1790 5871; baseline 0.007 -28"><span class='ocrx_word' id='word_1_791' title='bbox 197 5803 336 5871; x_wconf 81' lang='lat' dir='ltr'><strong>sunt</strong></span> <span class='ocrx_word' id='word_1_792' title='bbox 390 5795 639 5871; x_wconf 79' lang='lat' dir='ltr'><strong>ejusdem</strong></span> <span class='ocrx_word' id='word_1_793' title='bbox 691 5810 930 5871; x_wconf 60' lang='lat' dir='ltr'><strong>naturae,</strong></span> <span class='ocrx_word' id='word_1_794' title='bbox 985 5813 1114 5853; x_wconf 87' lang='lat' dir='ltr'><strong>vero</strong></span> <span class='ocrx_word' id='word_1_795' title='bbox 1172 5814 1464 5871; x_wconf 83' lang='lat' dir='ltr'><strong>personam</strong></span> <span class='ocrx_word' id='word_1_796' title='bbox 1524 5795 1790 5871; x_wconf 82' lang='lat' dir='ltr'><strong>insignire</strong></span> 
     </span>
    </p>
   </div>
   <div class='ocr_carea' id='block_1_105' title="bbox 198 5861 1790 5941">
    <p class='ocr_par' dir='ltr' id='par_1_105' title="bbox 198 5861 1790 5941">
     <span class='ocr_line' id='line_1_105' title="bbox 198 5861 1790 5941; baseline 0.005 -25"><span class='ocrx_word' id='word_1_797' title='bbox 198 5861 477 5931; x_wconf 71' lang='lat' dir='ltr'><strong>videntur,</strong></span> <span class='ocrx_word' id='word_1_798' title='bbox 516 5877 574 5920; x_wconf 91' lang='lat' dir='ltr'><strong>ut</strong></span> <span class='ocrx_word' id='word_1_799' title='bbox 609 5868 660 5921; x_wconf 92' lang='lat' dir='ltr'><strong>in</strong></span> <span class='ocrx_word' id='word_1_800' title='bbox 691 5867 912 5922; x_wconf 88' lang='lat' dir='ltr'><strong>homine</strong></span> <span class='ocrx_word' id='word_1_801' title='bbox 951 5878 1004 5923; x_wconf 84' lang='lat' dir='ltr'><strong>et</strong></span> <span class='ocrx_word' id='word_1_802' title='bbox 1035 5861 1188 5939; x_wconf 58' lang='lat' dir='ltr'><strong>equo&#39;</strong></span> <span class='ocrx_word' id='word_1_803' title='bbox 1217 5868 1417 5924; x_wconf 80' lang='lat' dir='ltr'><strong>risibile</strong></span> <span class='ocrx_word' id='word_1_804' title='bbox 1459 5861 1790 5941; x_wconf 47' lang='lat' dir='ltr'><strong>atquevhin-</strong></span> 
     </span>
    </p>
   </div>
   <div class='ocr_carea' id='block_1_106' title="bbox 1885 4669 3461 4751">
    <p class='ocr_par' dir='ltr' id='par_1_106' title="bbox 1885 4669 3461 4751">
     <span class='ocr_line' id='line_1_106' title="bbox 1885 4669 3461 4751; baseline -0.006 -18"><span class='ocrx_word' id='word_1_805' title='bbox 1885 4680 2095 4734; x_wconf 88' lang='lat' dir='ltr'><strong>theoria</strong></span> <span class='ocrx_word' id='word_1_806' title='bbox 2129 4680 2183 4734; x_wconf 90' lang='lat' dir='ltr'><strong>in</strong></span> <span class='ocrx_word' id='word_1_807' title='bbox 2217 4676 2508 4751; x_wconf 81' lang='lat' dir='ltr'><strong>hypotbesi</strong></span> <span class='ocrx_word' id='word_1_808' title='bbox 2534 4675 2666 4731; x_wconf 82' lang='lat' dir='ltr'><strong>falso</strong></span> <span class='ocrx_word' id='word_1_809' title='bbox 2699 4685 2974 4739; x_wconf 83' lang='lat' dir='ltr'><strong>versatur,</strong></span> <span class='ocrx_word' id='word_1_810' title='bbox 3003 4675 3132 4728; x_wconf 90' lang='lat' dir='ltr'><strong>dum</strong></span> <span class='ocrx_word' id='word_1_811' title='bbox 3164 4669 3424 4743; x_wconf 89' lang='lat' dir='ltr'><strong>supponit</strong></span> <span class='ocrx_word' id='word_1_812' title='bbox 3446 4709 3461 4729; x_wconf 88' lang='lat'><strong>.</strong></span> 
     </span>
    </p>
   </div>
   <div class='ocr_carea' id='block_1_107' title="bbox 1884 4761 3473 4840">
    <p class='ocr_par' dir='ltr' id='par_1_107' title="bbox 1884 4761 3473 4840">
     <span class='ocr_line' id='line_1_107' title="bbox 1884 4761 3473 4840; baseline -0.008 -16"><span class='ocrx_word' id='word_1_813' title='bbox 1884 4769 2069 4825; x_wconf 76' lang='lat' dir='ltr'><strong>Patris</strong></span> <span class='ocrx_word' id='word_1_814' title='bbox 2139 4785 2248 4823; x_wconf 78' lang='lat' dir='ltr'><strong>esse</strong></span> <span class='ocrx_word' id='word_1_815' title='bbox 2287 4769 2562 4840; x_wconf 77' lang='lat' dir='ltr'><strong>proprium</strong></span> <span class='ocrx_word' id='word_1_816' title='bbox 2619 4767 2905 4838; x_wconf 85' lang='lat' dir='ltr'><strong>producere</strong></span> <span class='ocrx_word' id='word_1_817' title='bbox 2960 4763 3253 4833; x_wconf 83' lang='lat' dir='ltr'><strong>Spiritum,</strong></span> <span class='ocrx_word' id='word_1_818' title='bbox 3308 4761 3473 4829; x_wconf 85' lang='lat' dir='ltr'><strong>idque</strong></span> 
     </span>
    </p>
   </div>
   <div class='ocr_carea' id='block_1_108' title="bbox 1886 4853 3470 4931">
    <p class='ocr_par' dir='ltr' id='par_1_108' title="bbox 1886 4853 3470 4931">
     <span class='ocr_line' id='line_1_108' title="bbox 1886 4853 3470 4931; baseline -0.006 -13"><span class='ocrx_word' id='word_1_819' title='bbox 1886 4878 1994 4918; x_wconf 91' lang='lat' dir='ltr'><strong>non</strong></span> <span class='ocrx_word' id='word_1_820' title='bbox 2019 4861 2118 4916; x_wconf 91' lang='lat' dir='ltr'><strong>nisi</strong></span> <span class='ocrx_word' id='word_1_821' title='bbox 2135 4877 2201 4917; x_wconf 83' lang='lat' dir='ltr'><strong>ex</strong></span> <span class='ocrx_word' id='word_1_822' title='bbox 2221 4861 2448 4917; x_wconf 89' lang='lat' dir='ltr'><strong>arbitrio</strong></span> <span class='ocrx_word' id='word_1_823' title='bbox 2466 4859 2709 4931; x_wconf 88' lang='lat' dir='ltr'><strong>adaptari</strong></span> <span class='ocrx_word' id='word_1_824' title='bbox 2726 4869 2782 4913; x_wconf 90' lang='lat' dir='ltr'><strong>et</strong></span> <span class='ocrx_word' id='word_1_825' title='bbox 2798 4853 3197 4912; x_wconf 85' lang='lat' dir='ltr'><strong>accommodari</strong></span> <span class='ocrx_word' id='word_1_826' title='bbox 3221 4869 3470 4922; x_wconf 76' lang='lat' dir='ltr'><strong>persona:</strong></span> 
     </span>
    </p>
   </div>
   <div class='ocr_carea' id='block_1_109' title="bbox 1885 4942 3472 5026">
    <p class='ocr_par' dir='ltr' id='par_1_109' title="bbox 1885 4942 3472 5026">
     <span class='ocr_line' id='line_1_109' title="bbox 1885 4942 3472 5026; baseline -0.01 -14"><span class='ocrx_word' id='word_1_827' title='bbox 1885 4957 2005 5012; x_wconf 87' lang='lat' dir='ltr'><strong>Filii</strong></span> <span class='ocrx_word' id='word_1_828' title='bbox 2037 4966 2200 5026; x_wconf 88' lang='lat' dir='ltr'><strong>atque</strong></span> <span class='ocrx_word' id='word_1_829' title='bbox 2244 4956 2298 5011; x_wconf 91' lang='lat' dir='ltr'><strong>in</strong></span> <span class='ocrx_word' id='word_1_830' title='bbox 2338 4969 2458 5009; x_wconf 88' lang='lat' dir='ltr'><strong>eam</strong></span> <span class='ocrx_word' id='word_1_831' title='bbox 2499 4951 2784 5008; x_wconf 85' lang='lat' dir='ltr'><strong>transferri</strong></span> <span class='ocrx_word' id='word_1_832' title='bbox 2831 4947 2924 5021; x_wconf 86' lang='lat' dir='ltr'><strong>(cf.</strong></span> <span class='ocrx_word' id='word_1_833' title='bbox 2964 4955 3066 5000; x_wconf 89' lang='lat' dir='ltr'><strong>art.</strong></span> <span class='ocrx_word' id='word_1_834' title='bbox 3103 4944 3334 5014; x_wconf 67' lang='lat' dir='ltr'><strong>prreced.</strong></span> <span class='ocrx_word' id='word_1_835' title='bbox 3377 4942 3404 5014; x_wconf 86' lang='lat'>§</span> <span class='ocrx_word' id='word_1_836' title='bbox 3439 4943 3472 4996; x_wconf 82' lang='lat'>5</span> 
     </span>
    </p>
   </div>
   <div class='ocr_carea' id='block_1_110' title="bbox 1885 5035 3470 5123">
    <p class='ocr_par' dir='ltr' id='par_1_110' title="bbox 1885 5035 3470 5123">
     <span class='ocr_line' id='line_1_110' title="bbox 1885 5035 3470 5123; baseline -0.011 -15"><span class='ocrx_word' id='word_1_837' title='bbox 1885 5051 2048 5123; x_wconf 89' lang='lat' dir='ltr'><strong>seq.).</strong></span> <span class='ocrx_word' id='word_1_838' title='bbox 2068 5049 2257 5120; x_wconf 89' lang='lat' dir='ltr'><strong>Neque</strong></span> <span class='ocrx_word' id='word_1_839' title='bbox 2279 5050 2410 5104; x_wconf 90' lang='lat' dir='ltr'><strong>hinc</strong></span> <span class='ocrx_word' id='word_1_840' title='bbox 2434 5047 2684 5117; x_wconf 89' lang='lat' dir='ltr'><strong>sequitur</strong></span> <span class='ocrx_word' id='word_1_841' title='bbox 2699 5045 2807 5099; x_wconf 90' lang='lat' dir='ltr'><strong>ulla</strong></span> <span class='ocrx_word' id='word_1_842' title='bbox 2831 5039 3151 5104; x_wconf 82' lang='lat' dir='ltr'><strong>necessitas,</strong></span> <span class='ocrx_word' id='word_1_843' title='bbox 3172 5054 3276 5109; x_wconf 88' lang='lat' dir='ltr'><strong>qua</strong></span> <span class='ocrx_word' id='word_1_844' title='bbox 3295 5035 3470 5092; x_wconf 89' lang='lat' dir='ltr'><strong>Patris</strong></span> 
     </span>
    </p>
   </div>
   <div class='ocr_carea' id='block_1_111' title="bbox 1888 5221 3473 5303">
    <p class='ocr_par' dir='ltr' id='par_1_111' title="bbox 1888 5221 3473 5303">
     <span class='ocr_line' id='line_1_111' title="bbox 1888 5221 3473 5303; baseline -0.008 -15"><span class='ocrx_word' id='word_1_845' title='bbox 1888 5234 2087 5295; x_wconf 83' lang='lat' dir='ltr'><strong>nibile;</strong></span> <span class='ocrx_word' id='word_1_846' title='bbox 2132 5249 2254 5303; x_wconf 61' lang='lat' dir='ltr'><strong>qua)</strong></span> <span class='ocrx_word' id='word_1_847' title='bbox 2279 5248 2404 5289; x_wconf 91' lang='lat' dir='ltr'><strong>cum</strong></span> <span class='ocrx_word' id='word_1_848' title='bbox 2436 5229 2813 5303; x_wconf 74' lang='lat' dir='ltr'><strong>differentium</strong></span> <span class='ocrx_word' id='word_1_849' title='bbox 2841 5221 3308 5303; x_wconf 84' lang='lat' dir='ltr'><strong>naturarum_sint</strong></span> <span class='ocrx_word' id='word_1_850' title='bbox 3344 5237 3473 5302; x_wconf 84' lang='lat' dir='ltr'><strong>pro-</strong></span> 
     </span>
    </p>
   </div>
   <div class='ocr_carea' id='block_1_112' title="bbox 1887 5294 3471 5376">
    <p class='ocr_par' dir='ltr' id='par_1_112' title="bbox 1887 5294 3471 5376">
     <span class='ocr_line' id='line_1_112' title="bbox 1887 5294 3471 5376; baseline -0.008 -18"><span class='ocrx_word' id='word_1_851' title='bbox 1887 5294 2169 5376; x_wconf 61' lang='lat' dir='ltr'><strong>prietates,</strong></span> <span class='ocrx_word' id='word_1_852' title='bbox 2202 5305 2342 5358; x_wconf 85' lang='lat' dir='ltr'><strong>intra</strong></span> <span class='ocrx_word' id='word_1_853' title='bbox 2385 5303 2630 5376; x_wconf 86' lang='lat' dir='ltr'><strong>eamdem</strong></span> <span class='ocrx_word' id='word_1_854' title='bbox 2667 5297 2907 5368; x_wconf 83' lang='lat' dir='ltr'><strong>Speciem</strong></span> <span class='ocrx_word' id='word_1_855' title='bbox 2948 5309 3058 5349; x_wconf 91' lang='lat' dir='ltr'><strong>non</strong></span> <span class='ocrx_word' id='word_1_856' title='bbox 3109 5294 3471 5376; x_wconf 72' lang='lat' dir='ltr'><strong>substantiam</strong></span> 
     </span>
    </p>
   </div>
   <div class='ocr_carea' id='block_1_113' title="bbox 1891 5366 3474 5440">
    <p class='ocr_par' dir='ltr' id='par_1_113' title="bbox 1891 5366 3474 5440">
     <span class='ocr_line' id='line_1_113' title="bbox 1891 5366 3474 5440; baseline -0.008 -10"><span class='ocrx_word' id='word_1_857' title='bbox 1891 5366 2040 5431; x_wconf 71' lang='lat' dir='ltr'><strong>secat</strong></span> <span class='ocrx_word' id='word_1_858' title='bbox 2087 5376 2366 5434; x_wconf 86' lang='lat' dir='ltr'><strong>alterutra,</strong></span> <span class='ocrx_word' id='word_1_859' title='bbox 2407 5373 2501 5427; x_wconf 87' lang='lat' dir='ltr'><strong>sed</strong></span> <span class='ocrx_word' id='word_1_860' title='bbox 2549 5366 2908 5440; x_wconf 84' lang='lat' dir='ltr'><strong>personarum</strong></span> <span class='ocrx_word' id='word_1_861' title='bbox 2942 5366 3302 5440; x_wconf 84' lang='lat' dir='ltr'><strong>separationis</strong></span> <span class='ocrx_word' id='word_1_862' title='bbox 3329 5366 3474 5417; x_wconf 88' lang='lat' dir='ltr'><strong>indi-</strong></span> 
     </span>
    </p>
   </div>
   <div class='ocr_carea' id='block_1_114' title="bbox 1889 5437 3473 5514">
    <p class='ocr_par' dir='ltr' id='par_1_114' title="bbox 1889 5437 3473 5514">
     <span class='ocr_line' id='line_1_114' title="bbox 1889 5437 3473 5514; baseline -0.012 -13"><span class='ocrx_word' id='word_1_863' title='bbox 1889 5457 2038 5501; x_wconf 79' lang='lat' dir='ltr'><strong>ctum</strong></span> <span class='ocrx_word' id='word_1_864' title='bbox 2071 5447 2286 5514; x_wconf 82' lang='lat' dir='ltr'><strong>adjecto</strong></span> <span class='ocrx_word' id='word_1_865' title='bbox 2314 5437 3030 5514; x_wconf 51' lang='lat' dir='ltr'><strong>nunn-ro&#39;tantntnpraestat</strong></span> <span class='ocrx_word' id='word_1_866' title='bbox 3057 5453 3071 5501; x_wconf 92' lang='lat'><strong>;</strong></span> <span class='ocrx_word' id='word_1_867' title='bbox 3099 5437 3345 5514; x_wconf 69' lang='lat' dir='ltr'><strong>dextrum</strong></span> <span class='ocrx_word' id='word_1_868' title='bbox 3374 5450 3473 5487; x_wconf 88' lang='lat' dir='ltr'><strong>an-</strong></span> 
     </span>
    </p>
   </div>
   <div class='ocr_carea' id='block_1_115' title="bbox 1893 5505 3468 5584">
    <p class='ocr_par' dir='ltr' id='par_1_115' title="bbox 1893 5505 3468 5584">
     <span class='ocr_line' id='line_1_115' title="bbox 1893 5505 3468 5584; baseline -0.01 -14"><span class='ocrx_word' id='word_1_869' title='bbox 1893 5527 2002 5571; x_wconf 79' lang='lat' dir='ltr'><strong>tem</strong></span> <span class='ocrx_word' id='word_1_870' title='bbox 2045 5527 2098 5571; x_wconf 88' lang='lat' dir='ltr'><strong>et</strong></span> <span class='ocrx_word' id='word_1_871' title='bbox 2127 5505 2400 5569; x_wconf 56' lang='lat' dir='ltr'><strong>sinistrum</strong></span> <span class='ocrx_word' id='word_1_872' title='bbox 2433 5523 2486 5567; x_wconf 91' lang='lat' dir='ltr'><strong>et</strong></span> <span class='ocrx_word' id='word_1_873' title='bbox 2516 5509 3192 5584; x_wconf 10' lang='lat' dir='ltr'><strong>ltujrusmodi__1_tec_secant_</strong></span> <span class='ocrx_word' id='word_1_874' title='bbox 3224 5505 3468 5584; x_wconf 58' lang='lat' dir='ltr'><strong>substan-</strong></span> 
     </span>
    </p>
   </div>
   <div class='ocr_carea' id='block_1_116' title="bbox 1892 5575 3472 5657">
    <p class='ocr_par' dir='ltr' id='par_1_116' title="bbox 1892 5575 3472 5657">
     <span class='ocr_line' id='line_1_116' title="bbox 1892 5575 3472 5657; baseline -0.012 -15"><span class='ocrx_word' id='word_1_875' title='bbox 1892 5590 2023 5642; x_wconf 79' lang='lat' dir='ltr'><strong>tiam</strong></span> <span class='ocrx_word' id='word_1_876' title='bbox 2072 5603 2163 5640; x_wconf 80' lang='lat' dir='ltr'><strong>nec</strong></span> <span class='ocrx_word' id='word_1_877' title='bbox 2214 5601 2463 5657; x_wconf 73' lang='lat' dir='ltr'><strong>personas</strong></span> <span class='ocrx_word' id='word_1_878' title='bbox 2516 5575 2790 5657; x_wconf 62' lang='lat' dir='ltr'><strong>(lciiniuut.</strong></span> <span class='ocrx_word' id='word_1_879' title='bbox 2823 5578 3088 5657; x_wconf 77' lang='lat' dir='ltr'><strong>Similiter</strong></span> <span class='ocrx_word' id='word_1_880' title='bbox 3139 5578 3226 5631; x_wconf 89' lang='lat' dir='ltr'><strong>his</strong></span> <span class='ocrx_word' id='word_1_881' title='bbox 3277 5575 3472 5657; x_wconf 58' lang='lat' dir='ltr'><strong>divina!</strong></span> 
     </span>
    </p>
   </div>
   <div class='ocr_carea' id='block_1_117' title="bbox 1892 5652 3469 5729">
    <p class='ocr_par' dir='ltr' id='par_1_117' title="bbox 1892 5652 3469 5729">
     <span class='ocr_line' id='line_1_117' title="bbox 1892 5652 3469 5729; baseline -0.012 -16"><span class='ocrx_word' id='word_1_882' title='bbox 1892 5673 2141 5729; x_wconf 80' lang='lat' dir='ltr'><strong>persona:</strong></span> <span class='ocrx_word' id='word_1_883' title='bbox 2177 5652 2382 5729; x_wconf 75' lang='lat' dir='ltr'><strong>habent</strong></span> <span class='ocrx_word' id='word_1_884' title='bbox 2402 5656 2663 5724; x_wconf 86' lang='lat' dir='ltr'><strong>quasdam</strong></span> <span class='ocrx_word' id='word_1_885' title='bbox 2695 5652 3064 5729; x_wconf 80' lang='lat' dir='ltr'><strong>proprietates,</strong></span> <span class='ocrx_word' id='word_1_886' title='bbox 3089 5665 3204 5719; x_wconf 69' lang='lat' dir='ltr'><strong>qum</strong></span> <span class='ocrx_word' id='word_1_887' title='bbox 3228 5655 3469 5729; x_wconf 67' lang='lat' dir='ltr'><strong>neutrum</strong></span> 
     </span>
    </p>
   </div>
   <div class='ocr_carea' id='block_1_118' title="bbox 1895 5715 3470 5800">
    <p class='ocr_par' dir='ltr' id='par_1_118' title="bbox 1895 5715 3470 5800">
     <span class='ocr_line' id='line_1_118' title="bbox 1895 5715 3470 5800; baseline -0.01 -17"><span class='ocrx_word' id='word_1_888' title='bbox 1895 5715 2142 5800; x_wconf 57' lang='lat' dir='ltr'><strong>eﬁirinnt,</strong></span> <span class='ocrx_word' id='word_1_889' title='bbox 2176 5715 2436 5796; x_wconf 74' lang='lat' dir='ltr'><strong>quasdam</strong></span> <span class='ocrx_word' id='word_1_890' title='bbox 2464 5740 2604 5800; x_wconf 50' lang='lat' dir='ltr'><strong>vero</strong></span> <span class='ocrx_word' id='word_1_891' title='bbox 2657 5715 3072 5800; x_wconf 36' lang='lat' dir='ltr'><strong>quocum-um,</strong></span> <span class='ocrx_word' id='word_1_892' title='bbox 3101 5715 3247 5788; x_wconf 70' lang='lat' dir='ltr'><strong>qua:</strong></span> <span class='ocrx_word' id='word_1_893' title='bbox 3294 5715 3470 5796; x_wconf 77' lang='lat' dir='ltr'><strong>solum</strong></span> 
     </span>
    </p>
   </div>
   <div class='ocr_carea' id='block_1_119' title="bbox 1895 5793 3467 5876">
    <p class='ocr_par' dir='ltr' id='par_1_119' title="bbox 1895 5793 3467 5876">
     <span class='ocr_line' id='line_1_119' title="bbox 1895 5793 3467 5876; baseline -0.01 -22"><span class='ocrx_word' id='word_1_894' title='bbox 1895 5793 2008 5876; x_wconf 57' lang='lat' dir='ltr'><strong>tj‘es</strong></span> <span class='ocrx_word' id='word_1_895' title='bbox 2049 5793 2598 5876; x_wconf 42' lang='lat' dir='ltr'><strong>sunt&#39;:_paternitas,</strong></span> <span class='ocrx_word' id='word_1_896' title='bbox 2640 5793 2842 5876; x_wconf 48' lang='lat' dir='ltr'><strong>_tiliatino</strong></span> <span class='ocrx_word' id='word_1_897' title='bbox 2869 5799 3056 5876; x_wconf 44' lang='lat' dir='ltr'><strong>atque</strong></span> <span class='ocrx_word' id='word_1_898' title='bbox 3099 5793 3400 5860; x_wconf 85' lang='lat' dir='ltr'><strong>processio.</strong></span> <span class='ocrx_word' id='word_1_899' title='bbox 3446 5803 3467 5840; x_wconf 64' lang='grc' dir='ltr'><strong><em>δ</em></strong></span> 
     </span>
    </p>
   </div>
   <div class='ocr_carea' id='block_1_120' title="bbox 1893 5862 3205 5939">
    <p class='ocr_par' dir='ltr' id='par_1_120' title="bbox 1893 5862 3205 5939">
     <span class='ocr_line' id='line_1_120' title="bbox 1893 5862 3205 5939; baseline -0.012 -12"><span class='ocrx_word' id='word_1_900' title='bbox 1893 5869 2166 5927; x_wconf 72' lang='grc' dir='ltr'>Οωῑριιιιιι</span> <span class='ocrx_word' id='word_1_901' title='bbox 2207 5862 2412 5927; x_wconf 74' lang='grc' dir='ltr'><strong>ρι’,ἰιιί.</strong></span> <span class='ocrx_word' id='word_1_902' title='bbox 2445 5865 2676 5939; x_wconf 69' lang='lat' dir='ltr'><strong>praet-ed.</strong></span> <span class='ocrx_word' id='word_1_903' title='bbox 2712 5874 2767 5919; x_wconf 91' lang='lat' dir='ltr'><strong>ct</strong></span> <span class='ocrx_word' id='word_1_904' title='bbox 2801 5862 2829 5933; x_wconf 69' lang='grc' dir='ltr'><strong>ς</strong></span> <span class='ocrx_word' id='word_1_905' title='bbox 2865 5862 2952 5916; x_wconf 75' lang='grc'><strong>15.</strong></span> <span class='ocrx_word' id='word_1_906' title='bbox 3203 5881 3205 5884; x_wconf 91' lang='grc'>·</span> 
     </span>
    </p>
   </div>
  </div>
