4002 6416
571 369 680 438 515

1657 335 1664 338 ’
1738 365 2005 429 PHOTII
2041 364 2549 429 PATRIARCHAE
2579 367 2692 427 CP-

3741 372 3839 440 516

565 499 802 557 persona
854 482 909 536 in
967 491 1218 537 naturam
1265 480 1597 535 dissolvatur
1643 480 1713 548 (c.
1749 478 1860 548 l9);
1923 478 2148 550 spiratio
2173 482 2518 545 Atutorum,
2542 477 2792 546 sequitur
2813 478 2865 533 id
2891 479 3034 550 quod
3052 479 3516 540 diximuszPater
3544 489 3835 545 essetduas

565 578 741 632 activa
766 590 878 629 non
905 573 1156 629 essentia:
1182 589 1285 642 qua
1313 572 1407 626 tali
1435 587 1534 626 nec
1559 580 1617 626 ut
1651 571 1926 642 principio
1963 571 2144 643 agenti

565 667 906 732 vindicatur;
949 664 1126 719 Patris
1167 679 1397 733 persona
1443 677 1598 732 aeque
1639 677 1702 716 ac
1741 677 1973 732 persona
2025 660 2146 714 Filii

563 759 672 830 jam
701 758 996 814 constituta
1024 755 1347 826 supponitur
1383 770 1560 824 neque
1587 754 1786 809 exinde
1814 754 2144 817 destruitur;

565 853 917 910 constitutiva
965 865 1212 921 personas
1269 862 1380 901 non
1435 846 1745 916 eripiuntur
1800 845 1989 910 Patri,
2050 845 2146 899 sed

564 945 767 1001 intacta
785 960 1010 1016 prorsus
1036 951 1278 1006 manent,
1302 951 1361 995 ut
1386 941 1518 996 satis
1539 942 1651 1010 jam
1669 939 2002 994 declaratum
2023 937 2144 993 fuit.

640 1035 732 1090 ιδ.
809 1035 863 1092 Si
893 1035 1174 1106 proprium
1205 1032 1382 1088 Patris
1414 1053 1432 1084 ι
1475 1034 1569 1104 (ita
1615 1031 1841 1086 Photius
1872 1046 1995 1102 cap.
2032 1030 2145 1100 i8),

570 1147 590 1180 ι
622 1127 951 1182 transfertur
983 1127 1039 1181 in
1070 1127 1292 1190 Filium,
1313 1127 1476 1180 etiam
1507 1126 1786 1196 proprium
1812 1123 1932 1177 Filii
1964 1132 2146 1177 trans-

563 1217 738 1273 fertur
800 1218 855 1271 in
900 1219 1136 1281 Patrem,
1177 1220 1251 1272 ita
1307 1229 1366 1272 ut
1423 1227 1479 1272 et
1523 1216 1683 1271 Pater
1731 1215 2145 1285 generationem

562 1310 751 1365 subeat
773 1327 834 1365 ac
852 1312 1066 1382 genitus
1088 1311 1470 1365 censeatur.At
1490 1326 1614 1364 cum
1637 1311 1780 1378 quod
1806 1307 2144 1363 fundamenti

562 1402 684 1458 loco
717 1405 886 1473 ponit,
924 1404 1120 1458 falsum
1151 1419 1271 1459 esse
1296 1404 1407 1474 jam
1437 1403 1569 1457 satis
1601 1410 1834 1467 constet,
1870 1415 2049 1471 neque
2081 1415 2146 1454 ea

562 1496 879 1549 consecutio
928 1495 1225 1566 quidquam
1283 1495 1478 1549 virium
1543 1494 1784 1548 habebit.
1833 1492 1912 1548 Ne
1956 1493 2143 1549 eadem

564 1596 904 1658 repetamus,
950 1587 1292 1643 Bessarionis
1353 1587 1668 1656 praeclaram
1724 1586 2144 1656 disputationem

567 1681 656 1736 hic
710 1680 1095 1736 exhibebimus
1133 1680 1243 1749 jam
1302 1680 1446 1734 dicta
1483 1681 1709 1735 uberius
1761 1679 2141 1732 illustrantem.

563 1772 768 1840 Quaerit
797 1775 980 1843 itaque
1004 1773 1291 1827 Bessarion
1322 1773 1430 1842 (ep.
1462 1773 1529 1828 ad
1557 1773 1710 1827 Alex.
1745 1772 1966 1827 Lascar.
1998 1786 2046 1825 c.
2087 1770 2140 1834 5;

2250 571 2564 640 personales
2591 570 2795 626 formas
2827 572 3060 638 habens,
3091 574 3234 629 sicut
3268 576 3314 630 si
3349 578 3473 647 quis
3501 579 3670 636 homo
3705 583 3834 641 duas

2249 661 2475 718 haberet
2527 660 2677 736 [296]
2731 663 2960 730 animas,
3016 666 3160 736 quod
3216 667 3511 724 absurdum
3564 680 3650 725 est
3701 673 3830 744 (94).

2248 755 2402 823 Quod
2428 757 2472 812 si
2504 774 2634 811 vero
2660 773 2770 812 non
2808 768 3038 828 utraque
3079 777 3176 830 per
3214 777 3293 822 se.
3332 762 3426 817 sed
3469 765 3646 819 ambae
3673 767 3831 821 simul

2251 846 2410 918 (ἅμα)
2461 847 2893 914 constituerent,
2950 864 3128 920 neque
3185 851 3278 920 qui
3346 852 3558 908 diceret
3609 853 3821 912 Patrem

2250 940 2424 994 solum
2447 982 2461 1004 ,
2492 940 2824 1012 significaret
2855 958 3140 1010 personam
3182 953 3463 1014 paternam
3489 930 3716 1018 ,‘neque
3742 952 3831 1020 qui

2248 1032 2535 1102 προϐολέα.
2567 1033 2821 1090 Attamen
2865 1035 3030 1105 hujus
3072 1046 3245 1091 totum
3287 1039 3626 1094 contrarium
3658 1050 3743 1096 est
3779 1043 3828 1095 in

2247 1141 2382 1192 usu;
2419 1141 2610 1181 omnes
2641 1128 2786 1182 enim
2817 1129 3070 1184 doctores
3093 1139 3150 1184 et
3195 1131 3374 1184 omnis
3399 1130 3681 1201 Scriptura
3711 1150 3830 1192 cum

2245 1213 2436 1268 dicunt
2458 1213 2695 1282 Patrem,
2733 1217 2975 1272 divinam
3003 1220 3124 1289 ejus
3154 1235 3442 1289 personam
3475 1223 3787 1293 signiﬁcant
3814 1244 3828 1291 ;

2245 1305 2414 1358 nostri
2454 1305 2615 1360 etiam
2640 1307 2868 1388 (δι-κοί)
2913 1327 3037 1365 cum
3077 1312 3267 1366 dicunt
3323 1315 3615 1384 προϐολέα,
3652 1318 3828 1388 ipsum

2245 1395 2459 1449 Patrem
2492 1385 2665 1450 solum
2696 1408 2889 1468 putant
2929 1401 3261 1470 significare.
3306 1401 3475 1474 Igitur
3517 1423 3622 1462 nec
3659 1385 3831 1465 amba:

2243 1489 2552 1543 rimul’sunt
2574 1490 2944 1547 constitutiva:
2964 1509 3209 1562 persona:
3227 1505 3466 1564 paterna:
3487 1515 3590 1555 nec
3606 1508 3833 1572 atraque

2244 1597 2337 1650 per
2365 1597 2440 1634 se.
2467 1579 2655 1636 Restat
2689 1597 2821 1654 ergo
2860 1595 2956 1639 aut
2989 1588 3373 1656 paternilatem
3407 1605 3532 1646 esse
3565 1595 3833 1649 constitue

2245 1673 2406 1728 tivam
2433 1683 2487 1729 et
2520 1676 2795 1746 propriam
2829 1676 3007 1732 Patris
3039 1679 3291 1744 formam,
3319 1682 3675 1752 spirationcm
3705 1703 3834 1742 vero

2245 1766 2396 1834 sequi
2421 1781 2546 1820 eum
2575 1766 2688 1835 jam
2720 1770 3100 1838 constitutum,
3129 1781 3226 1826 aut
3271 1787 3302 1827 e
3359 1789 3649 1831 converso.
3679 1818 3695 1832 .
3719 1819 3734 1832 .
3767 1779 3836 1833 At

565 1864 731 1920 Hard.
757 1864 851 1927 IX,
878 1864 1059 1935 1060),
1089 1865 1349 1934 quidnam
1387 1866 1457 1919 sit
1495 1880 1741 1935 persona:
1783 1863 1959 1918 Patris
2004 1877 2140 1916 con-

2249 1857 2289 1910 sl
2319 1857 2378 1910 τὸ
2412 1858 2735 1928 προϐάλλειν
2773 1861 2994 1929 quidem
3024 1864 3327 1926 constituit,
3364 1865 3424 1917 τὸ
3463 1869 3664 1938 γεννᾷ-ι
3707 1885 3834 1925 vero

563 1958 872 2014 stitutivum
921 1956 995 2030 (τί
1030 1959 1146 2012 ποτ’
1182 1959 1332 2010 ἐστὶν
1382 1957 1515 2010 ἴδιον
1561 1953 1700 2019 εἶδος
1743 1955 1803 2009 τὸ
1851 1955 2144 2024 πρόσωπον

563 2037 732 2108 αὒτοῦ
773 2049 1081 2121 συνιστῶν).
1126 2049 1205 2104 Ac
1232 2049 1411 2119 primo
1449 2049 1696 2117 inquirit,
1732 2058 1912 2101 utrum
1950 2046 2020 2099 sit
2053 2044 2144 2097 τὸν

564 2145 879 2216 ἀγέννητον.
907 2144 974 2200 At
1003 2159 1110 2198 non
1141 2143 1376 2207 videtur,
1404 2143 1615 2212 inquit;
1648 2142 1750 2194 hoc
1772 2140 1917 2195 enim
1942 2146 2024 2193 est
2043 2151 2136 2191 nc-

563 2239 710 2308 gatio
738 2235 1059 2309 [ἀπόφασις]
1085 2253 1099 2300 ;
1128 2234 1261 2304 (92')
1289 2235 1364 2288 nil
1401 2244 1581 2288 autem
1608 2249 1797 2288 eorum
1833 2248 1955 2302 quae
1993 2240 2142 2296 sunt,

564 2331 864 2387 secundum
887 2330 1229 2401 negationem
1249 2330 1354 2383 hoc
1375 2327 1577 2398 aliquid
1598 2336 1698 2381 est.
1721 2326 1836 2380 lmo
1857 2324 2147 2379 innascibi-

566 2424 689 2478 Iitas
721 2439 833 2477 non
875 2419 1026 2494 [295]
1069 2431 1155 2476 est
1197 2420 1300 2476 nisi
1361 2420 1688 2490 proprietas,
1731 2435 1851 2489 quae
1897 2417 2146 2487 sequitur

557 2517 670 2586 jam
717 2516 1070 2570 constitutam
1110 2514 1228 2584 ejus
1261 2529 1550 2584 personam
1603 2512 1826 2581 (ἰδίωμα
1877 2509 2145 2580 ἑπόμενον

564 2609 822 2662 συστάντι
846 2607 924 2677 τῷ
947 2605 1227 2676 προσώπῳ
1245 2605 1456 2673 αὑτοῦ).
1489 2605 1742 2659 Secundo
1763 2603 2052 2674 disceptet,
2077 2617 2146 2655 au

561 2701 633 2756 sit
659 2701 720 2754 τὸ
741 2701 933 2765 αἴτιον,
952 2700 1058 2753 hoc
1075 2698 1222 2769 quod
1240 2698 1442 2752 dicitur
1457 2713 1620 2752 causa
1646 2701 1763 2751 sive
1789 2695 2141 2766 principium.

552 2789 750 2861 Neque
782 2791 885 2847 hoc
912 2789 1329 2846 admittendum.
1368 2787 1500 2842 Nam
1543 2790 1588 2843 si
1622 2790 1728 2842 hoc
1757 2796 1904 2842 esset
1936 2789 2148 2843 consti-

561 2884 733 2940 tutiva
784 2885 904 2952 ejus
949 2883 1161 2946 forma,
1196 2897 1360 2937 causa
1406 2898 1500 2937 seu
1549 2882 1902 2952 principium,
1949 2879 2143 2945 αἴτιος,

563 2977 746 3048 potius
777 2978 1048 3032 diceretur
1083 2992 1246 3046 quam
1290 2976 1481 3039 Pater;
1520 2982 1576 3029 at
1610 2975 1678 3028 ab
1735 2975 1994 3029 onmibus
2049 2975 2146 3028 do-

565 3071 810 3125 ctoribus
841 3071 1205 3125 communiter
1236 3069 1396 3122 Pater
1420 3069 1757 3122 nominatur.
1781 3066 2046 3122 Prazterea
2066 3068 2146 3122 sic

563 3177 674 3216 non
720 3160 865 3216 reale
924 3160 1242 3231 quidquam,
1300 3161 1393 3214 sed
1448 3159 1622 3213 ideale
1656 3158 1926 3227 quoddam
1983 3157 2144 3218 foret.

562 3253 762 3324 νόημα,
812 3268 922 3307 non
972 3253 1241 3324 πρᾶγμα·
1278 3251 1732 3306 communicabile
1793 3259 1966 3314 esset,
2013 3248 2144 3302 dum

565 3355 745 3400 tamen
787 3345 1238 3400 communicabile
1274 3345 1407 3398 nulli
1441 3346 1534 3400 dat
1565 3344 1865 3399 formaliter
1905 3359 2028 3398 esse
2057 3345 2147 3398 in-

565 3439 1040 3505 communicabile,
1078 3439 1223 3508 quod
1256 3437 1386 3492 facit
1419 3453 1548 3507 erga
1596 3453 1885 3508 personam
1919 3436 2146 3492 formale

565 3531 736 3602 ipsius
772 3532 1184 3587 constitutivuiu
1221 3532 1356 3600 (95).
1391 3531 1575 3586 Restat
1610 3532 1794 3603 igitur,
1832 3540 1925 3584 aut
1956 3539 2140 3600 pater-

564 3624 788 3679 nilatem
807 3625 974 3678 solam
996 3633 1090 3678 aut
1111 3625 1466 3694 spirationem
1491 3625 1610 3695 (τὴν
1633 3622 1926 3694 προϐολὴν)
1950 3623 2143 3684 solam,

563 3720 658 3765 aut
678 3713 867 3766 ambas
891 3727 1014 3766 esse
1045 3714 1458 3768 constitutivum
1484 3730 1729 3784 persome
1754 3723 2012 3783 pateruze.
2038 3713 2145 3766 Sed

564 3803 1072 3874 imprimistertium
1104 3815 1190 3859 est
1210 3805 1565 3875 impossibile,
1587 3807 1702 3860 sive
1732 3807 1777 3873 l)
1809 3806 1878 3859 ita
1900 3805 2144 3875 conripi-

564 3903 672 3960 tur,
704 3904 762 3949 ut
793 3913 890 3966 per
911 3912 969 3950 se
1002 3906 1232 3967 utraque
1263 3899 1597 3952 constituere
1634 3899 1828 3968 possit.
1856 3898 1970 3952 sive
1997 3898 2066 3951 ita
2088 3900 2142 3967 Ξ)

564 3999 625 4043 nt
663 3992 878 4046 nonnisi
903 3993 1076 4046 ambae
1117 3993 1279 4046 simul
1314 3993 1364 4046 id
1393 3994 1626 4047 valeant.
1667 3993 1800 4046 Nam
1833 3993 1876 4047 si
1914 4001 2145 4062 utraque

562 4091 694 4136 nota
745 4099 842 4152 per
875 4099 935 4138 se
987 4084 1140 4158 (ἰδίᾳ)
1190 4087 1556 4152 constituerit,
1615 4087 1724 4156 jam
1775 4087 1912 4142 duas
1944 4088 2145 4144 formas

562 4173 679 4242 (δύο
705 4176 845 4244 εἴδη)
887 4175 1047 4230 Pater
1078 4175 1324 4242 haberet,
1357 4189 1413 4234 et
1433 4189 1834 4248 consequenter
1864 4182 1986 4235 duae
2019 4196 2145 4250 per-

561 4280 710 4319 sona!
732 4275 899 4331 esset,
922 4276 976 4321 et
1000 4272 1136 4322 duas
1163 4285 1422 4339 personas
1451 4283 1506 4326 et
1533 4272 1667 4327 duas
1687 4271 1887 4328 formas
1913 4274 2141 4329 habens.

569 4375 588 4409 ι
619 4357 754 4412 Cum
777 4359 924 4412 enim
957 4360 1060 4414 illae
1091 4362 1200 4416 sint
1232 4364 1471 4419 rationes
1495 4366 1784 4431 distinctae,
1812 4368 1854 4420 si
1885 4368 2145 4437 qmelihet

563 4464 750 4503 earum
779 4462 924 4506 esset
946 4470 1195 4523 personze
1221 4458 1595 4522 constitutiva,
1623 4475 1746 4514 cum
1771 4460 2144 4516 constitutivze

2249 1950 2362 2004 sive
2409 1951 2712 2019 paternitas
2759 1953 3026 2022 sequitur,
3064 1955 3362 2010 absurdum
3410 1958 3544 2028 quid
3589 1970 3646 2014 et
3692 1963 3832 2030 quod

2247 2051 2445 2112 praeter
2465 2045 2708 2098 omnium
2734 2046 3020 2101 doctorum
3053 2048 3398 2103 traditionem
3421 2059 3526 2116 est,
3553 2055 3831 2122 sequitur:

2247 2142 2388 2188 esset
2431 2135 2658 2206 spiratio
2689 2138 2862 2207 prima
2909 2147 2966 2193 et
2991 2139 3307 2195 immediata
3346 2141 3526 2197 Patris
3576 2148 3828 2214 operatio

2249 2227 2458 2299 (πρώτη
2489 2230 2580 2282 καὶ
2607 2228 2810 2299 ἆμεσος
2843 2231 3154 2302 ὲνέργεια);
3189 2249 3313 2288 nam
3349 2234 3464 2290 haec
3490 2253 3520 2290 a
3563 2240 3832 2293 constitu-

2248 2318 2357 2371 tiva
2419 2320 2686 2388 cujusque
2735 2336 2982 2388 persona:
3027 2323 3200 2378 forma
3251 2327 3454 2396 prodit,
3507 2344 3607 2398 per
3661 2330 3834 2400 ipsam

2247 2417 2427 2462 autem
2446 2410 2565 2464 alia:
2598 2414 2947 2479 operationes
2979 2411 3144 2473 fiunt;
3176 2414 3305 2469 hinc
3337 2428 3666 2486 sequeretur
3696 2420 3834 2476 ulte-

2247 2502 2387 2564 rius.
2418 2517 2516 2572 per
2541 2502 2898 2572 spirationem
2929 2504 3047 2561 fieri
3070 2509 3500 2578 generationem,
3535 2512 3606 2565 ita
3635 2522 3697 2567 ut
3724 2529 3833 2568 non

2247 2596 2501 2665 amplius,
2537 2604 2597 2650 ut
2634 2597 2872 2669 theologi
2918 2609 3191 2666 asserunt,
3235 2600 3474 2672 Spiritus
3505 2619 3604 2673 per
3638 2604 3831 2660 Filium

2249 2689 2586 2758 procederet,
2613 2689 2707 2744 sed
2733 2690 2902 2746 Filius
2918 2707 3016 2762 per
3038 2692 3305 2763 Spiritum
3330 2701 3833 2770 generaretur(95).

2247 2779 2384 2835 Cum
2411 2797 2539 2835 vero
2571 2782 2687 2838 haec
2714 2783 2948 2838 absurda
2980 2785 3089 2839 sint
3127 2801 3192 2840 ac
3222 2788 3499 2844 traditioni
3537 2794 3833 2858 contraria,

2251 2881 2420 2926 restat
2465 2874 2838 2943 paternilatem
2857 2877 3190 2932 constituere
3212 2895 3498 2949 personam
3528 2894 3832 2952 paternam,

2249 2974 2302 3018 et
2332 2965 2471 3019 hanc
2504 2965 2623 3034 ejus
2644 2982 2764 3021 esse
2793 2967 3363 3025 incommunicabilem
3387 2972 3645 3038 formam,
3668 2976 3835 3046 spira-

2251 3057 2453 3112 tionem
2480 3075 2612 3113 vero
2641 3060 2791 3130 sequi
2823 3061 2933 3131 jam
2968 3062 3323 3118 constitutam
3365 3063 3520 3138 [297]
3552 3069 3673 3137 ejus
3709 3085 3833 3138 per-

2251 3163 2463 3202 sonam.
2501 3150 2634 3205 Inde
2660 3151 2892 3206 eflicitur
2944 3154 3122 3224 ipsum
3166 3155 3226 3208 τὸ
3268 3159 3464 3228 γεννᾷν
3503 3160 3735 3228 primam
3778 3174 3834 3217 et

2252 3239 2618 3294 immediatam
2663 3242 3036 3312 operationem
3086 3260 3336 3314 personae
3377 3253 3626 3316 paterna:
3671 3266 3832 3316 esse;

2248 3331 2426 3402 ipsum
2456 3343 2600 3388 ’vero
2639 3335 2965 3403 προϐάλλειν
3006 3337 3122 3392 fieri
3172 3338 3262 3392 διὰ
3312 3339 3406 3393 τοῦ
3450 3344 3670 3413 γεννᾷν,
3723 3360 3828 3398 non

2247 3424 2467 3493 quidem
2497 3434 2753 3496 tanquam
2784 3432 2879 3496 per
2911 3429 3262 3500 principium,
3290 3433 3385 3488 sed
3412 3444 3472 3489 ut
3494 3451 3592 3503 per
3631 3437 3830 3508 aliquid

2247 3517 2639 3579 necessarium,
2665 3521 2807 3588 quod
2833 3522 3176 3592 pra'exigitur
3212 3523 3346 3593 (96).
3378 3523 3535 3590 Quod
3559 3528 3605 3581 si
3629 3528 3700 3582 ita
3727 3546 3831 3594 est,

2243 3607 2354 3677 jam
2388 3609 2513 3662 inde
2557 3610 2861 3665 desumitur
2899 3623 3278 3682 argumentum
3302 3657 3316 3681 ,
3350 3619 3498 3686 quod
3545 3617 3737 3675 Filium
3767 3622 3834 3676 ab

2247 3700 2422 3754 activa
2449 3700 2748 3771 Spiratione
2796 3704 3012 3758 excludi
3056 3721 3167 3760 non
3196 3722 3358 3776 posse
3381 3709 3744 3767 demonstrat.
3775 3713 3831 3768 id

2248 3793 2540 3849 Bessarion
2568 3796 2625 3866 (l.
2650 3811 2701 3851 c.
2732 3811 2784 3851 c.
2811 3797 2865 3857 6.
2898 3797 3018 3852 init.
3053 3815 3108 3869 p.
3131 3800 3288 3870 1061)
3315 3803 3421 3857 hoc
3451 3815 3614 3874 pacto
3639 3823 3832 3877 propo-

2246 3887 2328 3940 nit
2370 3905 2382 3940 :
2425 3907 2442 3939 ε
2493 3889 2596 3942 l’er
2646 3890 2876 3960 primam
2925 3901 2979 3945 et
3035 3893 3410 3949 immediatam
3457 3901 3833 3964 Operationem

2247 3982 2677 4055 uniuscujusque
2729 4001 2976 4055 persome
3040 3988 3402 4057 perficiuntur
3464 4007 3663 4049 omnes
3713 3996 3832 4050 alia:

2245 4075 2629 4142 operationes;
2656 4077 2750 4132 sed
2776 4080 2948 4147 prima
2972 4089 3027 4132 et
3057 4079 3372 4136 immediata
3387 4086 3642 4152 operatio
3663 4085 3838 4142 Patris

2245 4172 2330 4219 est
2366 4169 2690 4237 generatio;
2735 4185 2834 4238 per
2876 4171 3287 4240 generationem
3337 4175 3502 4247 igitur
3548 4180 3831 4248 perﬁcitur

2245 4259 2386 4312 actio
2420 4259 2659 4328 spirandi
2694 4279 2707 4315 :
2740 4269 2796 4318 et
2839 4263 2921 4318 sic
2949 4279 3012 4318 ex
3049 4265 3209 4322 Patre
3234 4281 3334 4338 per
3361 4268 3560 4325 Filium
3585 4273 3833 4342 procedit

2246 4350 2482 4420 Spiritus
2511 4363 2752 4409 sanctus.
2789 4373 2808 4406 ι

2318 4443 2406 4499 14.
2482 4443 2613 4499 Post
2649 4446 2866 4518 longam
2898 4447 3046 4502 illam
3104 4448 3175 4505 de
3213 4462 3364 4507 textu
3403 4453 3566 4510 Joan.
3603 4472 3710 4521 xw,
3738 4456 3832 4523 i3,

561 4541 862 4598 formaliter
888 4545 1116 4602 diversae
1146 4549 1256 4602 sint
1283 4561 1533 4622 respectu
1561 4552 1901 4608 diversorum
1932 4554 2138 4610 consti-

2249 4536 2774 4608 M,disputationem
2797 4540 2938 4613 (cap.
2962 4542 3055 4610 ρο,
3087 4543 3176 4616 ΖΟ)
3199 4561 3397 4601 novum
3431 4549 3834 4620 sopbismatum

635 4696 878 4823 (3922102
904 4699 1198 4823 Argiustin.
1239 4703 1312 4759 De
1350 4705 1494 4758 Trin.
1527 4723 1580 4769 v,
1637 4707 1702 4771 7;
1749 4705 1948 4760 Thom.
1987 4705 2139 4761 Sum.

715 4810 730 4823 .
762 4784 815 4822 a.
902 4787 948 4823 at
1042 4810 1057 4823 .

560 4773 730 4839 (1.52,
762 4784 815 4822 a.
844 4773 878 4822 ι
902 4773 966 4824 ad
1009 4776 1057 4826 ι.

630 4840 742 4911 (95)
768 4842 904 4896 Cod.
931 4842 1184 4899 Monach.
1203 4844 1271 4898 27
1291 4844 1328 4900 f.
1349 4846 1408 4899 M
1437 4861 1489 4899 a.
1515 4845 1604 4900 hic
1619 4861 1679 4900 ea
1709 4853 1920 4902 tantum
1940 4849 2132 4904 habet:

561 4911 682 4986 Ἔτι
706 4914 766 4986 τὸ
787 4913 956 4986 αἴτιον
979 4916 1207 4986 καθόλου
1232 4916 1374 4969 κατὰ
1392 4917 1486 4968 τοῦ
1512 4917 1723 4986 Πατρός
1743 4935 1799 4970 τε
1824 4921 1916 4972 καὶ
1939 4921 2134 4984 προόοο

555 4980 692 5062 λέῳις
714 4982 1118 5062 λεγόμενονμνόη
1129 4987 1382 5062 μαῌμὸνον
1403 4987 1574 5062 ἐρ’ταῦ
1597 4980 1861 5062 xamen»;
1878 4980 2131 5062 πρρἷγμα·

555 5050 684 5130 duit-3
726 5050 976 5130 ’τοιοῦίιςόν⁸
1003 5050 1172 5120 ἐστιν,
1205 5050 1356 5130 ἔστιν
1399 5058 1498 5109 οὐκ
1542 5057 1723 5130 δνογτὺ
1760 5059 1817 5130 ᾷὲ
1845 5050 2046 5130 μὴ’ὃν’,’
2069 5063 2132 5115 οὐ

555 5121 780 5195 δύνατμι
820 5126 914 5176 τοῦ
955 5127 1280 5195 ὑπερουσέου
1337 5127 1696 5190 dmonstbe
1740 5121 1919 5182 εἷνάιί
1951 5129 2133 5185 λείπε-

559 5210 650 5245 ται
679 5189 798 5256 οὖν,
833 5211 886 5245 κ.
918 5211 962 5246 τ.
1003 5189 1194 5249 λ.’5υ‹1
1230 5198 1398 5248 multo
1431 5189 1652 5251 uberior
1682 5211 1766 5253 est
1794 5211 1974 5256 textus
2009 5201 2128 5258 Lat.

564 5265 708 5341 apud
741 5262 906 5341 Hard.
939 5265 983 5341 l.
1008 5281 1057 5341 ς).
1091 5283 1110 5315 ι
1146 5265 1276 5341 Item
1309 5283 1432 5341 cum
1467 5284 1631 5323 causa
1675 5286 1769 5324 seu
1802 5273 2127 5341 principium

565 5333 872 5386 universale
896 5334 1149 5402 quiddam
1184 5339 1280 5401 sit;
1323 5338 1423 5391 hoc
1469 5342 1672 5392 dictum
1700 5333 2126 5397 est'set-undum

562 5404 684 5457 illos
727 5403 1096 5476 philosophos,
1138 5408 1230 5476 qui
1279 5418 1462 5462 tenent
1513 5411 1975 5466 universalitatetu
2014 5415 2128 5468 fieri

562 5473 862 5527 secundum
894 5473 1246 5542 intellectum;
1285 5480 1329 5532 si
1370 5489 1547 5534 tamen
1583 5483 1858 5536 diceretur
1906 5486 2128 5537 univer-

561 5543 695 5597 salia
751 5543 901 5621 nullo
944 5547 1105 5621 modo
1147 5548 1215 5602 ab
1268 5550 1538 5604 intellectu
1586 5551 1910 5621 dependere,
1948 5556 2128 5610 adhuc

562 5629 666 5666 non
691 5624 833 5693 esset
853 5614 1162 5693 dicendum.
1180 5622 1321 5688 quod
1341 5622 1468 5693 illud
1497 5614 1770 5676 contniune
1797 5614 2125 5693 principium

559 5692 700 5737 esset
752 5684 990 5760 alicujus
1045 5684 1287 5757 persona:
1333 5691 1638 5746 formaliter
1685 5684 2122 5760 constitutirum,

559 5759 1192 5832 cum_couunut_ticahile,
1220 5779 1249 5832 ί»
1282 5771 1408 5829 etc.,
1441 5774 1498 5816 ut
1528 5780 1713 5832 supra.

628 5825 740 5896 (94)
773 5825 826 5881 In
865 5830 987 5885 cod.
1035 5830 1180 5886 Mon.
1216 5831 1252 5887 Ι.
1287 5847 1338 5890 c.
1392 5825 1610 5889 tantum
1650 5835 1887 5908 legitur:
1922 5835 1983 5890 Εἰ
2025 5838 2124 5910 μὲν

2241 4712 2744 4800 οὗν-καᾈὲκάτερον
2761 4719 2892 4800 iota,
2918 4722 3012 4800 6_tSo
3033 4724 3142 4795 ἄρα
3162 4726 3274 4800 εἴδη
3299 4728 3326 4780 ὁ
3353 4728 3545 4800 Πᾳτὴρ
3571 4731 3707 4796 ἔξει,
3729 4731 3834 4784 καὶ

2243 4787 2554 4872 ἀκολούθέρς
2580 4787 2685 4872 3rd!
2715 4789 2808 4872 δύο
2837 4787 3126 4872 πρόσευπξιῄ
3172 4787 3350 4872 ἐσιτὶξιἱ
3394 4798 3469 4860 ὡς
3495 4787 3634 4872 ’ὂὺοί
3660 4787 3834 4872 προσ-

2241 4859 2426 4942 ῳπιξιὰ
2440 4858 2554 4941 εφη
2579 4859 2738 4942 ἔχεων,
2765 4858 2954 4936 ὥσπερ
2978 4866 3044 4920 ἂν
3069 4866 3126 4919 εἷ
3150 4885 3233 4931 τις
3260 4858 3551 4938 ἄνθρωπος
3579 4870 3671 4924 δύο
3703 4858 3835 4942 ’ἔχοι

2239 4930 2441 4999 ψυχὰς,
2463 4929 2603 4999 ᾗπερ
2630 4930 2850 4987 ἄτοπον.

2319 4947 2441 5053 ξας,
2468 4947 2603 5008 οπερ
2630 4947 2850 4987 ατοπον.

2315 5001 2331 5066 (
2373 4997 2597 5086 ὃῌὶξιιι.
2652 5000 2716 5054 Ἦ
2757 5003 2948 5086 πρώτη
2968 5007 3078 5086 θεαὶ
3111 5009 3315 5078 ἄμεσος
3344 5011 3603 5086 *ἑκάστου
3651 5030 3835 5086 προσς

2239 5068 2413 5148 omo
2441 5069 2694 5148 ἐνέργεια
2746 5068 2998 5148 *τοῦ
3047 5068 3373 5133 συσῖεατωξοῦ
3427 5083 3604 5148 εἴδους
3654 5068 3834 5138 αἰτοῦ

2240 5141 2457 5224 πρεξεισι
2487 5155 2520 5226 ’⁸
2554 5143 2797 5226 adiret?
2822 5145 2980 5226 ἄλλαι
3013 5148 3286 5226 ἐνέργειαι
3314 5152 3406 5226 Qud
3466 5141 3670 5226 πύξ-ης
3721 5155 3835 5222 τῆς

2240 5210 2469 5295 πρώτης
2484 5209 2693 5290 ρηλαδὴ
2718 5214 2998 5295 lavent-tta;
3183 5221 3232 5273 εἰ
3251 5221 3380 5295 γοῦν
3411 5225 3505 5275 καὶ
3533 5209 3835 5295 τοῦ’πρηᾶ;

2237 5280 2390 5357 (lineo
2416 5280 2511 5357 ἰςοῦ
2536 5280 2891 5357 πατριιιοῦέὸ
2927 5289 3246 5357 προϐάλλειν
3261 5280 3386 5346 ἔστι
3407 5295 3467 5346 τὸ
3497 5280 3837 5348 συστστίκὸν

2237 5345 2403 5436 εξδοςζ
2431 5345 2661 5436 ἐστσι”ἧ
2693 5355 2793 5422 μὲν
2820 5345 3047 5436 π“δ.εὖσις
3088 5360 3121 5429 ἦ
3150 5345 3517 5436 Αὲδιπᾴρευσιςί

2237 5421 2440 5514 αὑτοεῆἼ
2455 5425 2555 5502 grai
2584 5421 3121 5514 itte-60;“é’vépYEtﬁ':
3267 5421 3324 5486 δὲ
3374 5421 3484 5514 τος]⁷
3529 5421 3680 5514 τξνεζν
3726 5421 3837 5514 καί

2239 5491 2568 5562 προϐάλλειν
2626 5491 3018 5566 γεννηθήσέτὶιι
3068 5503 3098 5554 ὁ
3151 5503 3316 5565 Υἱόςο
3377 5507 3472 5558 καὶ
3522 5508 3700 5562 οὐκέτι
3766 5511 3837 5560 τὸ

2237 5561 2464 5644 ξξχεῦξσ.
2497 5562 2590 5643 διὲξ
2625 5563 2720 5644 ῖρῦ
2753 5566 2914 5644 fieri,
2942 5569 3019 5633 ὼς
3053 5573 3102 5644 οἱ
3138 5571 3381 5644 θεολόγοι
3413 5577 3600 5644 φασιν,
3639 5576 3769 5632 ἀλλ’
3802 5579 3838 5632 ὁ

2235 5613 2598 5712 1⁸ἱᾷξᾷὂᾷ
2629 5613 2733 5712 llius
2740 5613 3254 5712 oLEéég'épZe

2307 5703 2511 5788 (96)_ld
2527 5703 3306 5788 declarat‘sanetus'Thomas,
3332 5713 3484 5773 Sunt.
3527 5717 3578 5786 1,
3621 5733 3672 5788 q.
3723 5718 3836 5786 53,

2233 5789 2285 5830 a.
2316 5777 2350 5831 4
2377 5775 2448 5831 ad
2479 5775 2545 5842 5;
2581 5786 2637 5831 ct
2669 5793 2724 5847 q.
2752 5779 2841 5846 27,
2867 5795 2921 5834 a.
2957 5783 3012 5838 4.
