4052 6420
229 381 372 464 517'

917 393 1016 453 DE
1057 395 1114 454 S.
1161 397 1356 458 SPIR.
1398 398 1901 462 MYSTAGOGIA.
1941 424 2009 437 -
2042 402 2785 467 ANIMADVERSIONES.

3376 412 3484 478 518

235 501 451 567 cyclum
493 504 805 574 auspicatur
830 507 1078 575 Photius,
1108 511 1161 564 in
1199 527 1307 580 quo
1346 513 1496 582 plura
1531 516 1642 584 jam
1671 516 1814 572 dicta
1838 521 1891 583 Α
1913 516 2016 570 erit
2039 516 2122 570 vel
2147 517 2373 572 similior
2397 519 2480 573 vel
2505 519 2816 576 dissimilior
2837 536 2939 578 avo
2966 524 3263 582 secundum
3291 543 3482 585 essen-

232 593 360 649 aliis
387 597 571 650 verbis
607 599 807 667 repetit
839 615 1089 671 novaque
1123 602 1189 656 iis
1216 604 1482 675 adjungit.
1519 606 1649 671 Quae
1686 623 1807 678 cap.

231 685 297 740 51
339 687 579 750 disserit,
627 692 800 760 reipsa
836 707 958 745 cum
996 693 1060 746 iis
1098 697 1430 749 conveniunt
1457 714 1576 765 quin
1620 713 1740 768 cap.
1776 700 1806 752 7

231 779 542 849 disputarat
573 783 668 852 (cf.
685 783 712 852 §
727 783 800 854 4).
827 782 1160 854 Supponitur
1180 796 1235 840 et
1255 788 1340 842 hic
1358 789 1556 858 duplex
1573 790 1807 862 προϐολὴ

231 880 297 926 ut
339 887 368 925 a
413 872 620 928 Latinis
694 885 1050 946 propugnata,
1093 879 1420 947 supponitur
1471 881 1541 934 ab
1579 889 1808 950 utroque

231 963 478 1030 spirante
510 966 778 1033 peculiare
794 967 923 1036 quid
943 968 1177 1023 conferri
1207 985 1271 1023 ex
1290 987 1478 1025 eorum
1501 973 1788 1039 sententia,

234 1068 302 1106 ex
340 1063 492 1122 parte
522 1055 756 1122 Patrem,
779 1073 843 1112 ex
869 1069 1020 1128 parte
1048 1059 1242 1114 Filium
1266 1063 1490 1131 spirare.
1517 1063 1622 1118 Sed
1645 1083 1663 1115 ι
1696 1081 1806 1119 non

231 1159 303 1196 ex
332 1153 502 1211 parte,
531 1163 549 1196 ›
573 1145 648 1198 ait
687 1146 836 1217 llngo
863 1148 1184 1205 Etherianus
1213 1152 1268 1220 (Ι.
1300 1167 1359 1217 ιι,
1386 1168 1434 1208 c.
1459 1153 1515 1217 2,
1539 1155 1804 1224 p.1260),

238 1248 258 1280 ι
305 1231 465 1286 Pater
497 1243 551 1288 et
596 1234 763 1289 Filius
805 1235 1094 1304 Spiritum,
1134 1241 1230 1295 sed
1260 1258 1324 1296 ea:
1354 1251 1460 1296 toto
1491 1255 1539 1297 et
1579 1247 1804 1316 perfecte

230 1329 454 1391 uterque
480 1324 683 1390 pariter
707 1326 937 1390 emittit;
965 1329 1112 1382 solus
1140 1331 1282 1384 enim
1310 1332 1476 1387 Filius
1499 1335 1710 1389 exsistit
1738 1336 1808 1390 de

232 1413 398 1468 Patre
443 1417 647 1486 absque
707 1420 904 1482 medio,
963 1421 1197 1490 ideoque
1241 1424 1478 1493 perfecte
1538 1427 1802 1496 Spiritum

234 1507 436 1562 emittit
466 1507 606 1561 sicut
634 1509 812 1564 Pater.
837 1531 856 1562 ι
883 1511 1133 1582 Reliqua,
1151 1531 1270 1585 quae
1289 1517 1526 1572 notanda
1555 1520 1804 1586 veniunt,

224 1597 342 1667 jam
375 1597 402 1668 §
424 1599 455 1652 4
477 1601 616 1654 dicta
646 1610 793 1654 sunt.

310 1691 396 1744 15.
435 1692 585 1756 Quod
616 1693 829 1748 adillud
862 1705 1086 1764 spectat,
1118 1697 1359 1767 pluribus
1384 1703 1804 1770 proprietatibus

230 1797 260 1836 a
311 1782 469 1838 Patre
507 1785 824 1841 distinctum
880 1788 996 1842 fore
1051 1791 1312 1860 Spiritum
1356 1809 1516 1863 quam
1566 1795 1799 1862 Filium,

1912 607 2047 660 tiam
2077 623 2237 677 quam
2263 609 2593 684 filius.[299]
2623 611 2778 676 Quod
2802 613 2846 666 si
2871 614 2924 666 in
2952 617 3115 670 rebus
3139 617 3390 674 humanis
3407 620 3482 676 ita

1916 695 2204 766 contingit,
2240 698 2414 751 multo
2441 701 2612 769 magis
2646 702 2699 754 in
2735 702 2933 757 divinis
2960 709 3228 774 personis,
3255 709 3348 763 ubi
3371 727 3479 765 una

1914 788 2176 840 asseritur
2203 797 2398 842 natura
2419 829 2432 852 ,
2462 805 2526 844 ac
2564 802 2760 860 praeter
2783 796 2984 859 solam,
3019 813 3140 866 qua:
3177 801 3479 856 secundum

1917 890 2132 931 causam
2168 887 2222 932 et
2250 881 2463 934 causale
2491 891 2596 941 est.
2640 883 2997 940 differentiam
3041 889 3189 942 nulla
3232 889 3333 944 alia
3367 891 3482 946 dis-

1913 969 2085 1022 cretio
2113 977 2214 1022 est.
2255 987 2274 1019 ›
2315 970 2428 1024 Hoc
2464 971 2671 1027 Calecae
2710 990 2974 1046 responso
3012 990 3202 1034 contra
3233 983 3478 1038 eamdem

1913 1056 2280 1113 dillicultatem
2338 1061 2508 1115 utitur
2551 1061 2756 1118 Natalis
2804 1065 3108 1120 Alexander
3155 1067 3216 1135 (l.
3259 1083 3309 1122 c.
3351 1083 3477 1140 pag.

1915 1146 2039 1210 529.
2071 1149 2218 1216 530).

1985 1240 2070 1293 16,
2099 1238 2256 1305 Quod
2297 1239 2522 1296 Photius
2559 1245 2701 1312 (cap.
2741 1245 2830 1312 53)
2860 1255 3050 1314 urget,
3088 1247 3350 1316 Spiritum
3407 1249 3476 1305 ad

1914 1330 2068 1399 plura
2103 1332 2291 1384 referri
2322 1333 2592 1403 principia
2617 1335 2947 1399 dill'erentia,
2981 1338 3031 1390 id
3051 1338 3160 1406 jam
3187 1340 3319 1393 satis
3349 1341 3479 1410 (art.

1913 1417 2146 1483 praured.
2201 1418 2229 1488 §
2282 1420 2336 1488 4)
2387 1420 2689 1474 discussum
2731 1423 2866 1488 fuit;
2919 1440 3095 1494 neque
3138 1427 3241 1481 dici
3300 1438 3480 1498 potest

1912 1507 2216 1579 πολύαρχον
2242 1511 2416 1580 ἀρχὴν
2445 1513 2679 1572 admitti.
2723 1515 2812 1568 ubi
2844 1532 2952 1570 non
2986 1517 3087 1572 nisi
3122 1535 3288 1573 unum
3325 1522 3478 1590 prin-

1911 1599 2110 1668 cipium
2141 1613 2378 1670 apparet.
2415 1603 2606 1659 Dicant
2643 1617 2904 1675 praeterea
2939 1608 3187 1663 Photiani
3209 1651 3223 1676 ,
3265 1627 3334 1664 an
3366 1621 3480 1668 tres

1910 1707 2155 1760 persona:
2195 1695 2247 1745 in
2283 1697 2663 1750 communibus
2685 1702 2750 1751 ad
2770 1709 2920 1752 extra
2942 1701 3345 1769 Operationibus
3368 1704 3479 1759 sint

1911 1782 2213 1853 πολύαρχος
2263 1787 2424 1855 ἀρχή.
2470 1787 2524 1839 Si
2565 1788 2883 1844 allirmarint
2909 1831 2924 1855 ,
2978 1791 3391 1847 Multamedanis
3423 1803 3479 1848 et

231 1873 484 1944 adeoque
513 1885 566 1930 ρι
594 1893 622 1931 ³
651 1877 809 1934 patre
844 1883 1194 1938 remotiorem
1228 1887 1568 1956 cogitandum
1601 1905 1721 1944 esse
1748 1890 1802 1944 in
1838 1887 1880 1941 Β
1911 1871 2204 1939 gentilibus
2259 1873 2432 1927 victas
2482 1875 2688 1928 dabunt
2732 1892 2926 1930 manus
2955 1895 2970 1943 ;
3040 1879 3084 1933 si
3136 1881 3474 1950 negaverint,

235 1965 355 2018 Lat.
389 1976 676 2037 systemate
714 1972 854 2042 (cap.
887 1975 1001 2044 52),
1028 1975 1078 2029 id
1108 1976 1299 2032 falsum
1335 1994 1456 2034 esse
1481 1997 1584 2035 non
1619 1983 1802 2037 minus

232 2059 491 2126 superius
524 2061 664 2116 dicta
705 2065 1056 2120 convincunt.
1101 2067 1226 2122 Sola
1275 2071 1419 2124 enim
1450 2074 1802 2140 processione

233 2164 332 2203 seu
363 2152 658 2220 spiratione
699 2155 913 2224 passiva
948 2156 1299 2228 distinguitur
1321 2159 1554 2229 Spiritus
1578 2179 1606 2216 a
1643 2163 1801 2218 Patre

231 2239 291 2295 Et
321 2241 488 2306 Filio;
519 2260 620 2298 nec
651 2255 890 2314 paternae
918 2247 1231 2303 substantia:
1269 2249 1438 2304 Filius
1469 2253 1686 2321 propior
1719 2261 1802 2307 est

230 2347 395 2402 quam
428 2332 686 2402 Spiritus;
729 2337 852 2406 quia
882 2338 1056 2408 reipsa
1083 2347 1309 2408 uterque
1330 2351 1412 2394 est
1430 2340 1578 2412 [298]
1604 2343 1798 2398 imme-

231 2425 380 2478 diate
415 2440 444 2478 a
473 2425 629 2480 Patre
659 2435 714 2481 et
748 2429 814 2482 ab
843 2444 908 2483 eo
929 2439 1095 2484 totam
1123 2430 1426 2486 divinitatis
1455 2433 1654 2502 accipit
1682 2435 1798 2504 ple-

232 2516 563 2571 nitudinem.
591 2518 699 2574 Nec
729 2521 906 2575 obstat
955 2523 1095 2591 quod
1119 2522 1308 2578 Patres
1332 2525 1520 2580 dicunt
1541 2524 1800 2594 Spiritum

231 2611 470 2666 mediate
497 2627 617 2666 esse
655 2628 684 2666 a
728 2612 906 2680 Patre,
943 2614 1252 2671 immediate
1294 2633 1324 2671 a
1373 2616 1541 2681 Filio;
1576 2635 1684 2686 quo
1746 2620 1799 2674 id

231 2717 401 2756 sensu
428 2703 658 2768 dicatur,
698 2706 828 2760 satis
851 2708 1026 2775 (artic.
1046 2709 1275 2777 praeced.
1305 2708 1331 2779 §
1359 2710 1424 2762 17
1450 2715 1587 2781 seq.)
1619 2713 1800 2768 decla-

229 2803 411 2849 ratum
442 2795 560 2849 l‘uit.
593 2797 853 2852 Audiatur
881 2815 1028 2854 nunc
1066 2808 1119 2854 et
1161 2801 1373 2856 Manuel
1420 2803 1658 2870 Calecas,
1705 2806 1797 2876 qui

231 2887 293 2958 (l.
321 2902 398 2950 ιιι,
427 2904 482 2957 p.
513 2888 636 2951 458,
666 2891 753 2943 ed.
772 2889 888 2958 cit.)
914 2891 1016 2944 hoc
1045 2901 1201 2960 pacto
1219 2892 1508 2961 objectioni
1531 2898 1796 2951 occurrit:

235 2998 256 3030 ‹
296 2981 367 3032 At
396 2981 496 3033 ista
526 2981 694 3033 sacris
737 2981 1050 3037 doctorilms
1093 2985 1276 3053 potius
1304 2985 1614 3054 imputanda
1648 2997 1796 3050 sunt,

229 3069 496 3139 siquidem
532 3073 767 3126 absurda
797 3073 1098 3127 vidcantur.
1137 3074 1242 3144 Ipsi
1275 3077 1474 3146 quippe
1522 3088 1668 3140 sunt,
1705 3080 1797 3149 qui

230 3160 492 3230 Spiritum
509 3179 537 3216 a
559 3161 716 3216 Patre
732 3163 942 3216 tertium
963 3164 1176 3228 docent,
1199 3175 1410 3234 sumpta
1435 3167 1552 3220 scil.
1573 3168 1639 3220 ab
1676 3167 1796 3235 ipso

227 3252 754 3308 Dominooccasione
776 3252 828 3306 in
849 3253 1095 3307 salutaris
1121 3255 1408 3308 traditione
1428 3256 1787 3324 baptismatis,

228 3362 294 3401 ac
316 3363 411 3417 per
432 3346 622 3400 Filium
648 3347 940 3416 procedere
975 3347 1178 3410 dieunt,
1213 3363 1414 3416 perque
1442 3349 1616 3416 ipsum
1643 3348 1787 3404 Patri

229 3438 507 3508 conjungi.
531 3478 545 3491 .
569 3479 582 3491 .
607 3479 620 3492 .
652 3438 918 3493 Praeterea
969 3439 1204 3508 Spiritus
1243 3450 1479 3503 sanctus,
1505 3441 1549 3495 si
1575 3458 1603 3494 a
1632 3441 1789 3496 Patre

226 3531 448 3600 quidem
474 3531 579 3585 alio
601 3547 854 3600 processu
872 3575 885 3593 ,
906 3547 934 3585 a
954 3529 1090 3586 Filio
1119 3542 1298 3587 autem
1325 3533 1429 3586 alio
1453 3534 1788 3602 procederet,

227 3632 478 3692 essetque
525 3638 811 3692 processus
845 3640 909 3677 ex
956 3625 1218 3680 ambobus
1267 3625 1485 3694 duplex,
1545 3625 1791 3680 fortassis

230 3714 453 3768 haberet
482 3715 764 3775 rationem,
784 3715 1000 3783 culpare
1017 3715 1378 3769 dilIerentiam
1399 3730 1751 3785 processuum
1773 3733 1786 3778 ;

223 3806 369 3876 quod
394 3807 554 3860 etiam
586 3807 900 3861 diﬂerenter
928 3823 958 3861 a
990 3808 1146 3861 Patre
1167 3820 1220 3862 et
1243 3809 1375 3862 Filio
1401 3811 1622 3867 distaret
1665 3814 1790 3884 Spi-

225 3899 386 3960 ritus,
435 3913 497 3951 ac
541 3906 825 3966 propterea
881 3900 1077 3968 gradus
1120 3899 1174 3951 in
1230 3902 1477 3968 personis
1529 3906 1789 3973 quosdam

218 3990 482 4060 cogitare.
523 3987 618 4041 Sin
659 4004 788 4046 vero
818 4005 955 4042 unus
1005 3989 1256 4059 idemque
1305 3992 1406 4046 sibi
1453 3994 1520 4048 ab
1563 4005 1791 4064 utroque

221 4096 516 4152 processus
542 4090 653 4147 est,
701 4082 948 4135 similiter
991 4084 1150 4136 etiam
1204 4084 1269 4137 ad
1310 4097 1598 4156 utrumque
1649 4089 1793 4144 refe-

221 4183 398 4229 retur.
428 4213 442 4226 .
465 4211 478 4223 .
520 4171 986 4236 Quemadmodum
1011 4171 1173 4227 Pater
1193 4191 1299 4228 non
1324 4178 1494 4246 magis
1524 4180 1793 4246 perfectus

218 4272 487 4332 estquam
511 4263 700 4328 Filius,
733 4264 875 4332 quod
909 4265 995 4318 illc
1024 4281 1206 4330 causa,
1241 4267 1341 4320 iste
1378 4269 1608 4322 causalis
1640 4272 1791 4336 (cau-

221 4357 398 4420 satus)
436 4354 533 4418 sit,
570 4369 747 4423 neque
785 4355 905 4408 ideo
942 4355 1009 4408 ab
1043 4355 1134 4408 illo
1165 4356 1346 4418 distat,
1379 4359 1478 4412 etsi
1522 4361 1792 4414 secundus

219 4445 291 4500 ab
307 4459 376 4498 eo
393 4445 602 4498 ratione
619 4461 793 4499 causa:
811 4445 1033 4508 dicitur;
1050 4446 1300 4500 divinitas
1319 4449 1462 4501 enim
1486 4449 1538 4501 in
1566 4459 1792 4520 utroque

1907 1963 2081 2014 multo
2119 1963 2302 2015 minus
2336 1963 2389 2016 id
2444 1963 2498 2016 in
2554 1967 2902 2034 processione
2933 1965 3170 2038 Spiritus
3213 1972 3384 2025 sancti
3409 1987 3476 2026 ex

1903 2051 2062 2107 Patre
2087 2063 2141 2108 et
2185 2055 2319 2108 Filio
2369 2071 2614 2112 asserere
2663 2068 2943 2128 poterunt.
2980 2061 3214 2116 Rursum
3267 2064 3332 2118 ad
3361 2065 3474 2130 jam

1904 2144 2047 2198 dicta
2095 2146 2406 2200 reducimur
2434 2187 2449 2212 ,
2499 2151 2627 2202 dum
2689 2167 2923 2220 sequens
2980 2153 3158 2208 Photii
3203 2157 3475 2225 sophisma

1903 2233 2046 2302 (cap.
2081 2235 2170 2303 54)
2199 2239 2605 2305 perpendimus,
2646 2242 2736 2295 ubi
2774 2243 2952 2312 arguit
3009 2244 3268 2314 Spiritum
3295 2263 3323 2301 a
3349 2264 3478 2303 con-

1903 2326 2358 2384 substantia‘litatc
2391 2345 2515 2384 cum
2554 2332 2715 2386 Patre
2771 2336 3004 2401 excludi,
3051 2353 3176 2391 cum
3230 2355 3476 2394 commu-

1901 2418 1992 2470 nio
2017 2417 2189 2473 Patris
2210 2430 2264 2473 ct
2286 2422 2404 2475 Filii
2431 2423 2502 2477 sit
2533 2426 2830 2480 secundum
2865 2429 3241 2484 substantiam.
3273 2430 3474 2486 Verum

1901 2523 2030 2563 sane
2061 2523 2144 2565 est
2199 2513 2414 2567 Patrem
2454 2525 2509 2568 et
2540 2515 2734 2572 Filium
2780 2522 3220 2576 communionem
3272 2525 3474 2580 habere

1901 2604 2206 2657 secundum
2260 2606 2660 2673 substantiam,
2711 2612 2807 2666 sed
2859 2627 2923 2666 ex
2971 2615 3214 2682 probatis
3254 2631 3473 2687 quoque

1902 2694 2344 2748 con'ununionem
2404 2696 2606 2750 habent
2666 2699 2720 2752 in
2769 2700 3033 2756 relatione
3079 2705 3145 2757 ad
3202 2703 3467 2772 Spiritum

1901 2793 2148 2838 sanctum
2170 2802 2288 2852 quae
2313 2787 2381 2841 ab
2406 2790 2642 2842 essentia
2669 2831 2684 2856 ,
2717 2793 2819 2844 etsi
2850 2809 2960 2846 non
2989 2795 3291 2848 secundum
3329 2810 3467 2864 rem,

1901 2876 1996 2928 scd
2028 2879 2328 2932 secundum
2362 2880 2625 2934 rationem
2674 2883 3042 2953 distinguitur.
3071 2886 3239 2942 Filius
3285 2889 3472 2943 exclu-

1899 2967 2046 3020 ditur
2088 2985 2118 3022 a
2153 2973 2502 3040 generatione
2556 2975 2730 3029 activa
2773 2979 2936 3030 etiam
2977 2980 3121 3048 apud
3170 2982 3388 3036 Grzecos
3417 2992 3473 3038 et

1901 3063 2082 3111 tamen
2115 3061 2440 3114 κατόὑσίαν
2479 3078 2602 3116 cum
2633 3065 2792 3119 Patre
2842 3069 3246 3138 communicat;
3281 3073 3471 3126 eadem

1898 3151 2108 3203 ratione
2154 3151 2461 3207 excluditur
2498 3155 2737 3225 Spiritus
2769 3161 2836 3211 ab
2865 3161 3039 3214 activa
3079 3163 3376 3231 Spiratione
3419 3176 3475 3219 ct

1898 3253 2080 3296 tamen
2111 3260 2141 3298 a
2176 3249 2559 3303 communione
2591 3252 2892 3305 secundum
2936 3254 3295 3310 substantiam
3347 3275 3472 3312 cum

1893 3333 2051 3389 Patre
2079 3345 2135 3390 et
2168 3339 2304 3393 Filio
2345 3356 2452 3394 non
2473 3352 2712 3407 arcetur.
2739 3343 2926 3413 Neque
2948 3347 3094 3400 enim
3145 3350 3284 3402 ratio
3313 3352 3472 3419 prin-

1903 3426 2030 3496 cipii
2060 3439 2115 3482 et
2148 3431 2455 3499 priueipiati
2495 3435 2789 3488 essentiam
2812 3440 3143 3507 constituit,
3203 3451 3262 3495 ut
3309 3445 3472 3498 toties

1896 3519 2222 3574 ‘nculcatum
2268 3532 2391 3587 est,
2438 3539 2540 3578 nec
2598 3526 2863 3580 minorem
2912 3531 3207 3597 potentiam
3261 3533 3471 3587 faciunt

1901 3613 2182 3682 pauciores
2209 3615 2502 3670 relationes
2533 3618 2617 3671 vel
2646 3621 2895 3674 notiones
2917 3621 3008 3690 (cf.
3040 3621 3068 3693 §
3102 3623 3154 3687 5,
3188 3623 3273 3690 ll).
3305 3625 3468 3682 Joau.

1892 3707 2257 3776 Argyropulus
2287 3723 2412 3761 vero
2439 3724 2549 3761 non
2574 3711 2776 3765 absone
2799 3722 2952 3766 notat
2978 3715 3076 3781 (De
3105 3732 3249 3784 proc.
3277 3716 3467 3786 Spirit.

1892 3807 2065 3874 sanet.
2092 3813 2140 3851 c.
2187 3799 2252 3863 9;
2289 3799 2352 3852 (ἱ.
2395 3800 2532 3867 0.1,
2564 3803 2688 3867 415)
2714 3820 2743 3856 a
2789 3804 2949 3859 Patre
2981 3809 3347 3877 generativam
3384 3812 3469 3864 fa-

1893 3871 2147 3941 cultatem
2186 3889 2349 3952 Filio,
2400 3895 2772 3961 generativam
2798 3906 2854 3950 et
2879 3871 3249 3966 productivam
3290 3903 3462 3959 facul-

1893 3989 2056 4034 tatem
2085 3982 2308 4050 Spiritui
2337 4000 2525 4040 saneto
2561 3990 2953 4043 communicari
2979 4008 3081 4044 non
3100 4003 3156 4046 ut
3185 3995 3465 4068 δυνάμεις,

1894 4088 2068 4125 verum
2098 4086 2152 4125 ut
2175 4076 2560 4145 τελειότηταςς
2591 4081 2731 4132 unde
2758 4080 2950 4134 Filium
2997 4099 3108 4138 non
3138 4101 3298 4154 posse
3328 4090 3467 4145 alte-

1895 4181 2014 4219 rum
2050 4166 2244 4219 Filium
2279 4184 2542 4238 generare
2571 4187 2671 4224 nec
2701 4175 2965 4242 Spiritum
2994 4177 3159 4232 alium
3203 4178 3464 4249 Spiritum

1894 4260 2140 4312 emittere
2178 4261 2262 4313 vel
2289 4263 2526 4331 gignere.
2562 4264 2708 4319 Idem
2744 4267 2846 4320 sibi
2889 4270 3002 4322 vult
3035 4271 3189 4342 llugo
3216 4273 3468 4330 Etheriu-

1894 4364 2016 4413 nus,
2049 4350 2178 4402 dum
2219 4353 2408 4406 scribit
2449 4355 2505 4426 (Ι.
2543 4371 2587 4418 ι,
2619 4373 2668 4409 c.
2713 4358 2778 4411 15
2803 4398 2817 4422 ,
2874 4376 2926 4428 p.
2967 4362 3169 4428 1209):
3209 4384 3226 4415 ι
3265 4366 3465 4422 Eadem

1894 4441 2122 4507 potentia
2143 4443 2306 4495 estin
2333 4443 2512 4510 Patre,
2545 4447 2694 4521 [500]
2728 4453 3030 4506 secundum
3065 4472 3226 4524 quam
3281 4469 3466 4528 potest

223 4550 332 4588 una
364 4534 471 4590 :ita
495 4543 550 4588 et
573 4535 806 4604 Spiritus
837 4542 1077 4596 sanctus,
1111 4536 1207 4587 etsi
1237 4535 1388 4603 juxta
1418 4536 1633 4589 unicum
1659 4539 1791 4590 sim-
1825 4561 1865 4613 ι)
1895 4547 2160 4600 generare,
2189 4549 2309 4602 quae
2335 4545 2417 4588 est
2446 4537 2502 4590 in
2543 4538 2680 4592 Filio
2704 4581 2720 4604 ,
2766 4545 3064 4598 secundum
3097 4563 3258 4616 quam
3289 4560 3467 4618 potest

219 4627 531 4698 plicemque
570 4641 878 4695 processum
910 4641 973 4680 ex
1014 4625 1170 4679 Patre
1211 4643 1304 4695 per
1351 4627 1541 4680 Filium
1578 4638 1690 4694 est,
1739 4639 1791 4684 et

219 4717 289 4772 ad
323 4717 538 4771 Patrem
574 4726 627 4771 et
655 4715 846 4771 Filium
893 4717 1058 4771 veluti
1094 4717 1156 4771 ad
1203 4733 1368 4771 unum
1409 4719 1784 4787 productorem

219 4809 630 4880 Spirantemque
670 4807 921 4870 refertur,
974 4823 1203 4878 quorum
1244 4818 1299 4862 et
1326 4810 1559 4878 Spiritus
1605 4822 1688 4864 est
1739 4819 1793 4864 et

221 4896 552 4965 spiraculum
605 4896 829 4956 dicitur;
890 4913 999 4951 non
1038 4907 1218 4952 tamen
1268 4900 1446 4952 minor
1493 4909 1576 4953 est
1630 4899 1786 4964 Filio,

221 5003 404 5056 neque
440 4985 594 5041 Patre
628 4990 806 5041 minor
831 4993 951 5051 erit,
985 4990 1108 5044 licet
1138 5006 1234 5059 per
1259 4989 1447 5043 Filium
1480 4989 1627 5044 Patri
1653 5006 1791 5045 con-

215 5076 511 5145 jungatur;
548 5076 784 5145 alioquin
809 5087 862 5131 et
893 5077 1060 5132 Filius
1093 5081 1195 5132 erit
1224 5079 1500 5134 dissimilis
1529 5079 1692 5144 Patri,
1723 5097 1789 5135 eo

221 5165 370 5234 quod
401 5166 632 5220 causalis
664 5167 752 5231 sit,
785 5167 886 5220 etsi
920 5184 1027 5222 non
1072 5169 1142 5224 ita
1184 5171 1323 5225 sicut
1351 5170 1606 5239 Spiritus,
1635 5172 1788 5240 juxta

228 5265 412 5314 tamen
447 5259 808 5327 proportionis
838 5260 1118 5315 rationem.
1145 5303 1158 5317 .
1188 5303 1202 5318 .
1227 5299 1243 5315 .
1278 5263 1422 5317 Ordo
1442 5272 1622 5318 autem
1647 5276 1701 5318 et
1721 5267 1788 5320 ad

229 5346 435 5415 aliquid
465 5350 621 5418 (πρός
646 5365 696 5401 τι
723 5351 836 5404 sive
867 5351 1105 5420 relative)
1133 5355 1536 5422 quomodolibet
1560 5355 1784 5422 habere,

222 5449 543 5492 naturarum
601 5456 710 5494 non
767 5440 896 5496 facit
942 5443 1324 5499 differentiam.
1368 5446 1500 5500 Nam
1529 5466 1578 5502 ν.
1605 5465 1684 5519 gr.
1722 5465 1788 5504 eo

222 5532 368 5601 quod
399 5531 604 5586 amicus
629 5534 717 5598 sit,
750 5535 836 5588 vel
869 5535 1077 5590 vicinus
1115 5539 1198 5591 vel
1245 5539 1524 5608 magister,
1564 5542 1701 5595 nihil
1732 5543 1786 5596 in

219 5636 284 5678 se
318 5623 495 5691 ipsum
526 5623 685 5678 alicui
711 5625 936 5690 accedit,
963 5635 1022 5680 ut
1047 5637 1267 5698 propter
1325 5631 1568 5686 habitum
1603 5634 1784 5703 perfe-

222 5713 367 5768 ctior
394 5714 451 5768 in
482 5730 540 5770 se
571 5715 688 5785 ipso
724 5719 1020 5772 secundum
1048 5721 1338 5777 essentiam
1388 5725 1491 5788 sit;
1525 5740 1704 5795 neque
1737 5727 1782 5781 si

227 5805 496 5876 quiSpiam
525 5807 689 5862 lilium
725 5825 788 5867 ac
821 5819 1072 5880 nepotem
1099 5813 1317 5882 habeat,
1343 5816 1532 5872 tertius
1550 5818 1786 5875 maxime

1893 4622 2154 4686 generari,
2179 4627 2426 4691 quamvis
2452 4628 2683 4683 diversis
2715 4632 2970 4701 cll‘nlgeat
3017 4641 3465 4709 proprietatibus,

1894 4716 2055 4768 veluti
2095 4733 2197 4771 una
2230 4716 2473 4788 potentia
2505 4733 2588 4778 est
2635 4727 2876 4783 hominis
2909 4731 3207 4800 disciplinae
3279 4751 3464 4802 perce-

1892 4808 2077 4873 ptibile
2095 4828 2114 4859 ι
2141 4821 2247 4865 etc.
2271 4813 2394 4868 Haec
2422 4833 2545 4870 cum
2579 4818 2643 4871 iis
2669 4823 3056 4887 connectenda,
3083 4840 3202 4893 qua:
3230 4825 3464 4880 Thomas

1891 4902 2127 4970 disputat
2163 4905 2213 4964 οὶ,
2241 4922 2295 4976 q.
2330 4908 2418 4975 42,
2465 4927 2514 4963 a.
2540 4912 2571 4965 6
2597 4914 2665 4966 ad
2702 4916 2719 4966 l
2756 4924 2810 4968 et
2846 4916 2912 4968 ad
2940 4916 2991 4970 5.
3023 4916 3137 4971 lloc
3179 4922 3462 4986 posteriori

1893 4992 2008 5046 loco
2040 4995 2154 5050 hac
2191 4998 2385 5054 habet:
2421 5021 2438 5055 ι
2477 5002 2628 5059 Sicut
2652 5005 2844 5059 eadem
2868 5008 3122 5071 essentia,
3155 5025 3275 5078 quae
3305 5023 3387 5066 est
3410 5014 3463 5068 in

1890 5083 2048 5140 Patre
2079 5092 2396 5158 paternitas,
2437 5095 2491 5147 in
2523 5095 2655 5149 Filio
2690 5107 2775 5151 est
2813 5097 3019 5163 ﬁliatio,
3060 5100 3133 5154 ita
3165 5103 3353 5158 eadem
3381 5115 3465 5160 est

1889 5180 2138 5245 petentia,
2155 5197 2259 5252 qua
2282 5182 2440 5237 Pater
2460 5196 2681 5257 generat
2705 5199 2759 5244 et
2783 5187 2950 5244 Filius
2971 5204 3283 5260 generatur.
3311 5196 3465 5254 Unde

1888 5273 2238 5328 manifestum
2270 5289 2373 5342 est,
2404 5282 2544 5348 quod
2577 5283 2839 5352 quidquid
2867 5294 3050 5356 potest
3074 5287 3252 5357 Pater,
3283 5304 3465 5362 potest

1890 5362 2088 5430 Filius;
2121 5383 2228 5420 non
2267 5379 2445 5424 tamen
2487 5374 2751 5443 sequitur,
2785 5379 2928 5446 quod
2969 5381 3140 5450 possit
3167 5399 3460 5453 generare;

1887 5456 1980 5508 sed
2015 5467 2258 5511 mutatur
2289 5461 2415 5529 quid
2445 5463 2497 5515 in
2523 5465 2587 5517 ad
2608 5466 2806 5535 aliquid
2834 5486 2848 5534 ;
2901 5488 3023 5526 nam
3066 5475 3348 5545 generatio
3383 5477 3460 5530 si-

1885 5549 2106 5617 gnilicat
2161 5553 2475 5608 relationem
2518 5557 2573 5609 in
2615 5558 2835 5616 divinis.
2887 5561 3060 5619 Habet
3106 5582 3238 5636 ergo
3286 5567 3456 5622 Filius

1887 5641 2121 5695 eamdem
2145 5646 2452 5712 potentiam,
2491 5664 2653 5717 quam
2684 5650 2861 5721 Pater,
2896 5658 2985 5709 sed
3018 5674 3135 5710 cum
3173 5656 3282 5710 alia
3317 5658 3458 5711 rela-

1887 5732 2044 5797 tione,
2085 5735 2210 5806 quia
2240 5735 2400 5791 Pater
2431 5738 2596 5796 habet
2619 5759 2737 5797 eam
2770 5752 2826 5799 ut
2857 5747 3010 5810 dans,
3051 5760 3105 5804 et
3147 5751 3251 5805 hoc
3291 5749 3459 5819 signi-

1887 5822 2100 5894 ﬁcatur,
2133 5843 2257 5882 cum
2287 5828 2506 5897 dicitur,
2547 5836 2691 5903 quod
2723 5847 2902 5906 potest
2944 5855 3232 5906 generare:
3279 5841 3454 5900 Filius
