4052 6436
149 454 251 521 521

837 464 934 525 DE
973 462 1033 523 S.
1076 463 1272 523 SPIR.
1319 459 1824 521 MYSTAGOGIA.
1864 485 1934 494 -
1966 461 2713 527 ANIMADVERSIONES.

3324 461 3427 527 522

150 572 335 642 ipsum
356 571 474 641 ipse
499 570 846 642 produceret,
870 574 1017 644 quod
1055 574 1170 629 fieri
1194 574 1404 644 nequit,
1429 573 1514 629 vel
1545 572 1734 636 alium,
1767 574 1812 631 Α
1843 569 2034 639 Filius,
2087 572 2327 644 Spiritus
2360 584 2585 631 sanctus
2636 574 2964 646 procederet
2994 576 3063 631 ab
3098 576 3209 630 illo.
3260 596 3275 625 ›
3320 575 3429 631 Sed

152 673 211 719 et
235 667 314 720 sic
344 666 396 718 in
446 665 720 720 infinitum
774 667 1178 734 produceretur
1203 667 1513 737 progressio
1539 704 1554 726 ,
1592 662 1740 734 quod

150 772 268 810 non
333 773 457 812 esse
512 757 866 828 perfectionis
924 769 1041 816 tute
1086 760 1251 815 etiam
1295 759 1508 813 diceres
1544 756 1680 828 (98).
1717 774 1734 807 ι

151 848 431 904 Praeterea
474 848 615 904 idem
662 861 856 906 auctor
885 850 958 921 (c.
992 850 1083 906 26.
1109 868 1162 921 p.
1194 850 1318 919 526)
1352 851 1419 905 ad
1474 849 1745 919 objectio-

153 956 310 1006 nem,
342 941 605 1011 Spiritum
654 953 907 998 sanctum
957 960 1213 999 mancum
1269 952 1323 999 et
1360 942 1742 1012 imperfectum

155 1046 306 1097 esse,
334 1033 377 1086 si
412 1032 562 1087 solus
593 1033 736 1087 inter
768 1043 880 1088 tres
911 1050 1175 1104 personas
1218 1050 1329 1089 non
1368 1042 1515 1088 esset
1542 1031 1745 1103 princi-

154 1123 311 1195 pium
347 1163 364 1188 ,
421 1126 523 1178 hoc
571 1133 731 1194 pacto
783 1124 1107 1195 respondet:
1146 1143 1165 1175 r
1225 1122 1532 1178 Perfectum
1581 1130 1747 1190 atque

159 1216 547 1287 imperfectum
579 1231 691 1270 non
728 1231 794 1271 ex
823 1216 1143 1277 diacriticis.
1178 1216 1273 1272 sed
1304 1231 1373 1271 ex
1403 1213 1747 1269 naturalibus

160 1310 459 1380 colligitur.
482 1308 613 1375 Quae
636 1309 781 1364 enim
820 1310 1135 1364 necessario
1162 1318 1372 1365 naturae
1400 1308 1564 1363 insita
1594 1313 1745 1369 sunt,

160 1402 255 1457 illa
297 1402 344 1457 si
400 1402 727 1469 defuerint,
778 1402 1158 1472 imperfectam
1208 1411 1459 1457 naturam
1507 1401 1750 1457 efficiunt

160 1494 331 1559 illius,
359 1494 447 1549 cui
480 1510 589 1549 non
623 1495 832 1550 insunt.
864 1492 1067 1549 Verum
1099 1511 1221 1565 qua:
1259 1495 1583 1567 hypostases
1619 1509 1749 1549 cou-

161 1584 422 1648 stituunt,
450 1593 505 1639 et
535 1600 801 1656 personas
846 1584 1191 1649 discernunt,
1227 1599 1509 1654 nunquam
1544 1584 1751 1654 imper-

163 1676 369 1731 fectum
393 1677 685 1748 quidquam
717 1676 955 1733 efficient
983 1685 1204 1740 natura,
1230 1692 1354 1731 cum
1382 1685 1608 1731 naturas
1638 1691 1748 1730 non

162 1778 482 1834 secernant,
517 1769 610 1823 sed
641 1767 785 1824 circa
816 1777 1069 1839 naturam
1095 1777 1476 1833 secernantur,
1503 1778 1564 1824 ut
1594 1768 1752 1824 theo-

163 1860 341 1930 logica
369 1875 472 1913 vox
499 1860 736 1915 insonat.
770 1859 847 1914 Ex
876 1861 1322 1916 discernentibus
1354 1876 1484 1916 vero
1512 1870 1599 1915 est
1622 1876 1753 1931 pro-

163 1948 389 2004 ducere.
423 1947 541 2004 Non
580 1965 711 2021 ergo
766 1950 1150 2020 imperfectum
1193 1952 1321 2022 quid
1371 1961 1583 2007 natura:
1629 1951 1757 2021 Spi-
1790 1939 1830 1993 Β

165 2045 311 2100 ritus
342 2045 530 2110 inerit,
564 2047 711 2116 quod
743 2061 854 2100 non
885 2046 1175 2116 producat,
1206 2045 1303 2101 sed
1333 2060 1436 2099 nec
1456 2044 1753 2115 hypostasi.

169 2135 495 2194 Secernitur
525 2138 671 2194 enim
703 2138 1042 2195 sufficienter
1077 2142 1247 2210 magis
1276 2154 1305 2193 a
1336 2138 1501 2194 Patre
1532 2147 1590 2192 et
1613 2137 1756 2191 Filio

166 2249 274 2285 non
297 2233 606 2302 producens,
648 2248 810 2303 quam
850 2240 1241 2288 secerneretur
1268 2246 1298 2285 a
1339 2231 1495 2295 Filio,
1527 2246 1594 2285 ex
1618 2228 1757 2284 Filio

166 2340 275 2379 non
307 2326 593 2394 productus
627 2325 760 2395 (99).
805 2344 824 2376 ι
860 2324 1102 2379 Tandem
1132 2323 1294 2394 digna
1326 2332 1456 2377 sunt
1487 2336 1609 2392 quae
1629 2336 1758 2375 con-

167 2416 483 2473 siderentur
521 2417 747 2472 Thema:
784 2416 935 2490 [504]
973 2418 1136 2472 verba
1163 2457 1177 2481 ,
1215 2416 1415 2486 quibus
1455 2414 1618 2469 solvit
1649 2412 1759 2469 dif-

167 2510 509 2565 ficultatem:
552 2531 570 2562 r
609 2511 919 2582 Cujuslibet
947 2512 1184 2567 amantis
1219 2521 1304 2567 est
1335 2511 1533 2581 aliquis
1562 2524 1756 2571 amor:

168 2602 267 2656 sed
302 2601 542 2671 Spiritus
576 2613 801 2658 sanctus
830 2614 916 2658 est
959 2603 1163 2668 Amor;
1198 2618 1329 2674 ergo
1367 2612 1451 2659 est
1493 2602 1616 2672 ejus
1656 2601 1757 2656 ali-

167 2691 296 2761 quis
319 2708 491 2746 amor.
519 2691 574 2747 Si
602 2692 769 2763 igitur
807 2693 1048 2763 Spiritus
1072 2702 1297 2748 sanctus
1326 2701 1411 2748 est
1439 2692 1628 2756 Amor,
1651 2694 1760 2749 erit

169 2798 328 2838 amor
352 2785 573 2850 amoris,
600 2794 656 2840 et
689 2785 917 2856 spiritus
962 2801 991 2839 a
1054 2786 1266 2855 Spiritu.
1309 2804 1326 2837 ι
1363 2786 1455 2840 Ait
1500 2786 1646 2841 enim
1681 2790 1757 2857 (q.

170 2876 265 2931 57.
316 2892 371 2930 a.
430 2876 523 2947 l):
582 2895 600 2929 r
656 2877 738 2932 Ad
792 2888 1047 2948 quartum
1099 2879 1417 2946 dicendum,
1445 2882 1588 2951 quod
1620 2881 1761 2936 sicut

171 2968 338 3035 Filio,
367 2969 500 3024 licet
526 2970 813 3051 intelligat,
841 2986 951 3025 non
988 2981 1171 3026 tamen
1205 2972 1309 3026 sibi
1339 2973 1602 3043 competit
1632 2990 1760 3044 pro-

171 3063 379 3116 ducere
450 3062 729 3128 Verbum,
787 3065 914 3134 quia
972 3065 1278 3136 intelligere
1331 3067 1585 3121 convenit
1622 3068 1763 3123 eiut

172 3152 357 3210 Verbo
387 3157 737 3225 procedenti:
782 3157 856 3212 ita
892 3159 1017 3213 licet
1062 3157 1300 3229 Spiritus
1333 3168 1558 3215 sanctus
1593 3171 1760 3222 amet.

1851 664 1895 720 si
1936 664 2008 719 ita
2037 676 2139 732 est,
2175 668 2351 738 pergit
2412 669 2676 731 Photins,
2720 668 2865 724 unde
2906 668 2987 732 fit,
3025 686 3044 721 ι
3079 676 3140 722 ut
3171 668 3430 738 Spiritus,

1847 756 1974 812 licet
2006 758 2197 814 iisdem
2232 760 2445 815 fruatur
2481 761 2784 816 honoribus
2816 772 2873 815 et
2903 776 2971 816 ex
3000 776 3062 815 ea
3095 760 3210 831 ipsa
3245 774 3435 815 essen—

1852 848 1925 902 tia
1950 850 2068 919 pari
2101 851 2289 906 ordine
2320 852 2473 925 [505]
2508 868 2572 908 ac
2604 853 2717 923 pari
2742 853 2914 924 gloria
2942 853 3194 923 prodeat,
3225 851 3433 921 princi-

1852 941 2036 1012 piandi
2074 946 2432 1014 prmrogativa
2468 945 2758 1015 privetur?
2799 964 2816 995 ι
2861 944 3017 1011 Quod
3046 960 3155 999 non
3190 943 3437 1011 ejusdem

1852 1034 2131 1103 potentiae,
2166 1051 2270 1090 nec
2318 1045 2402 1091 est
2445 1037 2691 1106 ejusdem
2735 1037 3025 1100 essentia;
3078 1045 3172 1089 aut
3202 1033 3439 1104 Spiritus

1854 1140 1983 1195 ergo
2017 1127 2207 1182 eadem
2247 1127 2484 1183 donatur
2518 1131 2874 1201 praerogativa
2910 1137 3006 1184 aut
3039 1129 3107 1182 ad
3154 1126 3437 1182 homousia

1854 1216 2129 1286 dejicitur.
2161 1217 2305 1275 Sane
2345 1221 2509 1275 simili
2559 1221 2774 1276 ratione
2803 1220 2908 1276 dici
2939 1228 3156 1290 potest:
3184 1218 3240 1273 Si
3268 1217 3438 1270 Filius

1853 1325 1967 1364 non
1992 1320 2220 1381 generat
2249 1312 2465 1379 Filium,
2496 1329 2608 1369 non
2643 1320 2729 1369 est
2755 1312 2901 1367 Patri
2929 1308 3436 1368 consubstantialis.

1856 1401 2197 1459 Becolantur
2237 1421 2301 1462 ea
2334 1423 2456 1477 qua:
2486 1408 2620 1462 alias
2651 1423 2716 1462 ac
2757 1407 3105 1478 potissimum
3136 1420 3257 1475 quae
3287 1403 3315 1475 §
3350 1403 3438 1464 16,

1856 1494 2001 1552 dicta
2038 1506 2167 1552 sunt
2209 1506 2266 1552 et
2322 1499 2523 1555 solutio
2573 1484 2747 1570 plana'
2790 1499 2915 1555 erit.
2954 1498 3219 1554 Nolumus
3260 1507 3441 1552 tamen

1856 1590 2160 1658 prmterire,
2202 1606 2325 1660 quae
2372 1592 2426 1645 in
2474 1591 2618 1647 hanc
2656 1608 2770 1648 rem
2797 1592 3021 1648 disserit
3084 1590 3241 1661 llugo
3271 1590 3443 1647 Ethe—

1858 1681 2066 1749 rianus,
2097 1680 2511 1740 Methonensem
2556 1683 2815 1741 refellens
2847 1685 3137 1754 praesulem
3184 1684 3328 1754 (cap.
3352 1684 3440 1745 16.

1859 1773 1926 1829 ad
1957 1789 2199 1844 praesens
2222 1774 2399 1832 Photii
2424 1787 2590 1848 caput
2648 1786 2776 1832 nota
2814 1778 2890 1848 5).
2950 1777 3012 1832 in
3063 1777 3256 1847 primis
3289 1785 3447 1847 urget

1860 1864 2005 1920 idem
2038 1866 2443 1923 incommodum
2486 1869 2638 1938 sequi
2673 1884 2741 1925 ex
2778 1869 3081 1935 missione;
3111 1869 3312 1924 deinde
3339 1869 3444 1924 alia

1857 1959 2107 2026 quaedam
2136 1960 2403 2031 adjungit.
2447 1980 2466 2012 ι
2501 1960 2636 2016 Nam
2666 1961 2711 2015 si
2735 1962 2936 2029 Filius,
2977 1963 3053 2017 ait
3085 1962 3144 2033 (l.
3179 1979 3239 2027 ιι,
3269 1978 3321 2017 c.
3355 1964 3442 2025 lt,

1859 2064 1915 2117 p.
1954 2049 2135 2119 1225),
2172 2069 2190 2102 ι
2223 2066 2566 2121 quaacunque
2612 2050 2798 2115 habet,
2846 2066 2878 2107 a
2924 2050 3086 2107 Patre
3124 2052 3357 2121 accepit,
3390 2060 3447 2106 et

1859 2140 2099 2212 Spiritus
2124 2144 2442 2199 missionem
2465 2145 2535 2199 ab
2552 2145 2745 2201 eodem
2775 2144 3023 2214 accepit;
3049 2146 3217 2200 mittit
3240 2147 3445 2216 quippe

1862 2235 2124 2304 Spiritum
2164 2247 2413 2292 sanctum
2444 2237 2706 2293 Filius....
2740 2237 2917 2304 Patet,
2941 2239 3087 2308 quod
3116 2237 3289 2292 Filius
3316 2238 3447 2292 mit-

1860 2335 1939 2382 tat
1975 2327 2242 2398 Spiritum
2283 2339 2533 2384 sanctum
2566 2337 2622 2384 et
2648 2330 2793 2399 quod
2822 2345 2853 2385 a
2894 2330 3053 2385 Patre
3087 2330 3227 2384 idem
3261 2332 3447 2384 mitta-

1861 2427 1971 2475 tur.
2023 2419 2306 2486 Quomodo
2346 2421 2513 2492 igitur
2567 2436 2597 2475 a
2656 2421 2817 2476 Patre
2869 2422 3150 2491 accipiens
3209 2421 3446 2498 Spiritus

1861 2511 2183 2566 missionem
2216 2512 2326 2581 (est
2359 2512 2507 2567 enim
2543 2513 2769 2567 mittens
2807 2523 2863 2568 et
2907 2513 3171 2583 missus),
3207 2513 3447 2583 Spiritus

1860 2612 2043 2658 autem
2077 2618 2187 2658 non
2239 2604 2450 2674 accepit
2506 2603 2829 2659 missionem
2882 2619 3060 2675 neque
3100 2605 3221 2659 Filii
3269 2621 3446 2675 neque

1861 2695 2086 2751 alterius
2115 2695 2197 2751 sui
2234 2695 2474 2751 similis?
2507 2695 2762 2752 Privatur
2788 2713 2920 2768 ergo
2954 2697 3110 2769 parili
3143 2698 3354 2752 honore
3377 2727 3447 2741 ——

1863 2786 2163 2841 liberalitas
2194 2786 2329 2841 haec.
2362 2786 2545 2841 Potest
2609 2795 2792 2841 tamen
2835 2796 2891 2840 et
2919 2786 2988 2841 de
3018 2785 3160 2840 facili
3217 2784 3447 2841 $01utio-

1862 2893 1989 2932 nem
2026 2878 2227 2933 habere
2270 2877 2392 2932 talis
2433 2877 2707 2946 objectio,
2750 2893 2873 2932 cum
2919 2877 3314 2932 convenienter
3358 2890 3447 2929 re-

1864 2971 2121 3041 sponderi
2151 2971 2344 3041 possit,
2389 2970 2514 3026 ideo
2542 2986 2653 3025 non
2713 2970 2995 3040 accepisse
3027 2969 3290 3039 Spiritum
3326 2966 3447 3023 Filii

1863 3077 2082 3117 causam
2116 3077 2259 3126 esse,
2283 3063 2411 3133 quia
2434 3062 2606 3118 Filius
2643 3069 2729 3117 est
2760 3062 2931 3131 ipsius
2955 3076 3121 3116 causa
3146 3104 3159 3127 ,
3213 3060 3452 3131 Spiritus

1865 3170 1997 3209 vero
2032 3156 2151 3224 ejus
2195 3170 2359 3211 causa
2392 3170 2516 3211 esse
2561 3170 2833 3224 nusquam
2889 3154 3163 3224 reperitur
3199 3198 3212 3219 ,
3271 3169 3453 3224 neque

173 3248 529 3302 essentialiter
579 3250 902 3319 accipiendo
926 3292 942 3315 ,
999 3265 1111 3304 non
1170 3259 1352 3306 tamen
1400 3253 1659 3306 convenit
1688 3251 1757 3314 ei,
1790 3276 1832 3332 ο
1866 3246 2090 3301 alterius
2120 3248 2203 3300 sui
2230 3247 2443 3305 similis.
2473 3263 2543 3301 ne.
2572 3258 2766 3316 quarta
2799 3247 2854 3300 in
2900 3245 3171 3301 Trinitate
3216 3261 3452 3315 perSona

173 3341 321 3409 quod
355 3341 524 3409 spiret
551 3356 819 3405 amorem,
858 3342 1003 3413 quod
1038 3351 1122 3397 est
1150 3342 1376 3413 diligere
1424 3343 1763 3397 notianaiiter

174 3440 477 3500 sumptum,
497 3432 625 3501 quia
656 3432 736 3488 sic
760 3433 938 3505 diligit
967 3434 1351 3497 essentialiter,
1374 3444 1433 3489 ut
1459 3450 1611 3487 amor
1640 3451 1765 3501 pro-

175 3525 381 3590 cedens,
414 3540 520 3579 non
555 3534 669 3580 uta
700 3542 801 3596 quo
831 3527 1063 3596 procedit
1097 3542 1269 3581 amor.
1318 3545 1336 3578 ι
1375 3526 1467 3582 Sic
1504 3540 1656 3597 ergo,
1685 3525 1763 3580 uti

170 3615 283 3683 jam
316 3632 484 3687 supra
522 3617 728 3673 dictum
756 3629 864 3683 est,
895 3619 952 3671 in
997 3616 1207 3688 Spiritu
1237 3627 1433 3672 sancto
1469 3616 1763 3671 terminum

177 3709 383 3763 habent
421 3710 832 3780 progressiones
871 3710 1235 3765 immanentes
1282 3708 1574 3777 nullusque
1611 3707 1765 3763 locus

176 3811 259 3858 est
282 3818 607 3873 progressus
646 3804 699 3857 in
734 3802 1028 3867 infinitum,
1060 3817 1223 3872 quem
1254 3800 1520 3856 divinitus
1550 3799 1765 3856 revela-

176 3902 267 3949 tus
300 3896 438 3949 ordo
457 3895 744 3965 proscribit
780 3896 1063 3952 radicitus.
1089 3914 1107 3947 ι
1127 3894 1328 3949 Verum
1353 3894 1523 3957 enim,
1549 3894 1626 3947 ait
1656 3892 1768 3946 Ma-

180 3988 553 4044 nuelCalecas
572 3990 712 4061 (l.n,
734 4004 790 4060 p.
812 3988 1206 4057 £2l)ordinem
1236 4001 1458 4041 servare
1489 4000 1626 4054 opus
1660 3993 1764 4052 est,

179 4095 361 4151 neque
406 4080 580 4151 ipsius
623 4080 888 4136 terminos
920 4078 1246 4149 transgredi,
1302 4077 1396 4132 sed
1457 4078 1599 4131 intra
1640 4075 1768 4130 Tri-

180 4173 409 4228 nitatem
446 4183 589 4228 stare
616 4173 769 4242 juxta
803 4172 1059 4227 traditam
1097 4171 1257 4226 nobis
1285 4170 1409 4226 fidei
1438 4170 1701 4241 regulam.
1741 4188 1760 4221 ι

253 4265 346 4321 19.
386 4264 542 4330 Quod
573 4265 731 4320 initio
757 4279 879 4334 cap.
910 4265 978 4320 38
1004 4263 1238 4318 advertit
1266 4262 1515 4325 Photins,
1547 4261 1765 4316 nonnisi

179 4372 211 4411 a
244 4357 406 4411 Patre
441 4358 692 4427 accipere
718 4356 964 4427 potuisse
1000 4354 1218 4417 Filium,
1242 4364 1301 4408 ut
1333 4353 1572 4423 Spiritus
1592 4352 1767 4407 sancti

181 4449 251 4503 sit
291 4449 647 4518 principium,
690 4448 744 4503 id
769 4447 1040 4502 Catholici
1078 4462 1188 4501 uno
1233 4461 1329 4500 ore
1368 4445 1586 4500 docent.
1621 4444 1771 4513 Quos

184 4542 325 4597 inter
358 4540 711 4606 Ratramnus,
738 4541 798 4612 (l.
826 4541 891 4603 ll,
925 4555 973 4593 c.
1006 4540 1063 4604 3,
1111 4554 1166 4609 p.
1191 4538 1291 4593 251
1329 4537 1394 4591 ad
1423 4552 1486 4591 ea
1536 4534 1770 4589 Nazian-

1867 3340 2053 3395 induci
2104 3340 2529 3394 demonstretur.
2582 3339 2861 3407 Amplius:
2912 3338 3202 3403 Quomodo
3252 3340 3454 3408 accipit

1861 3430 2127 3501 judicium
2161 3445 2325 3486 omne
2362 3428 2533 3483 Filius
2576 3444 2605 3483 a
2638 3429 2799 3483 Patre
2848 3437 2904 3483 et
2936 3428 3163 3496 Spiritui
3205 3444 3316 3482 non
3350 3429 3453 3481 im-

1864 3521 2137 3591 pertitur?
2188 3520 2467 3591 Scriptum
2522 3528 2605 3573 est
2636 3519 2819 3572 enim:
2880 3536 2899 3569 ‹
2962 3520 3135 3571 Omne
3183 3517 3453 3585 judicium

1864 3615 2017 3670 dedit
2051 3612 2210 3677 Filio,
2247 3624 2307 3668 ut
2352 3627 2544 3667 omnes
2595 3610 2966 3665 honorificent
3014 3610 3213 3664 Filium
3249 3649 3265 3671 ,
3310 3611 3453 3665 sicut

1867 3704 2237 3760 honorificam
2274 3701 2487 3757 Patrem
2516 3702 2696 3772 (Joan.
2726 3719 2782 3764 v,
2832 3700 2947 3770 ἥ).
2980 3719 2998 3752 ι
3034 3700 3313 3772 Suspicor,
3345 3701 3455 3755 imo

1866 3796 2032 3851 credo
2059 3795 2307 3860 ﬁrmiter,
2339 3794 2484 3864 quod
2529 3793 2752 3849 emissio
2786 3791 3060 3863 Spiritus,
3109 3793 3154 3846 si
3183 3793 3248 3846 ad
3279 3794 3453 3847 hono-

1868 3903 1984 3943 rem
2015 3886 2195 3943 Patris
2232 3887 2491 3957 pertinet,
2520 3886 2586 3941 ad
2616 3885 2881 3940 honorem
2899 3884 3021 3939 Filii
3046 3884 3337 3950 referatur,
3362 3885 3456 3954 qui

1869 3979 2010 4035 sicut
2041 3995 2071 4033 a
2104 3979 2264 4034 Patre
2294 3979 2463 4034 vitam
2509 3978 2694 4044 habet,
2730 3978 2999 4049 judicium
3030 3977 3225 4041 habet,
3274 3978 3349 4032 ita
3403 3988 3459 4031 et

1873 4072 2113 4142 Spiritus
2162 4071 2516 4127 emissionem
2572 4071 2776 4137 habet;
2813 4079 2870 4125 et
2909 4070 3053 4124 sicut
3114 4069 3460 4123 nascibilitas

1869 4176 1983 4217 non
2025 4160 2251 4231 impedit
2301 4158 2521 4223 Filium,
2557 4159 2689 4229 quin
2730 4158 2929 4213 habeat
2972 4166 3227 4213 naturam
3260 4156 3457 4222 Patris,

1872 4239 2082 4308 imo'ex
2128 4253 2227 4308 hac
2275 4252 2476 4308 habere
2512 4252 2811 4321 probatur:
2854 4250 2933 4305 sic
2963 4249 3189 4304 emissio
3222 4248 3463 4319 Spiritus

1872 4362 1937 4401 ex
1977 4346 2138 4401 Patre
2164 4356 2221 4401 et
2248 4344 2385 4398 Filio
2419 4360 2529 4399 non
2562 4342 2794 4412 impedit
2849 4341 3140 4411 Spiritum,
3196 4340 3329 4411 quin
3360 4340 3461 4393 ha-

1872 4437 1999 4493 heat
2038 4435 2216 4490 Patris
2254 4433 2484 4503 Filiique
2520 4440 2807 4498 naturam;
2842 4430 3085 4501 alioquin
3137 4430 3376 4500 Spiritus
3408 4441 3465 4483 et

1875 4528 2046 4583 Filius
2080 4542 2192 4581 non
2237 4535 2366 4582 sunt
2395 4525 2637 4595 ejusdem
2671 4539 2794 4579 cum
2828 4522 2991 4579 Patre
3026 4532 3235 4577 natura:
3265 4562 3279 4584 ,
3336 4537 3461 4578 cum

185 4634 305 4688 aeni
331 4635 499 4688 verba
527 4652 539 4687 :
573 4652 593 4685 ι
638 4634 707 4688 Et
727 4636 792 4687 ad
822 4632 1052 4702 primam
1081 4630 1326 4685 omnium
1359 4626 1648 4699 originem,
1677 4624 1770 4694 qui
1800 4628 1852 4688 D
1884 4620 2042 4674 Pater
2068 4616 2220 4690 [506]
2260 4618 2413 4673 solus
2450 4626 2713 4688 generet,
2754 4615 3013 4684 solusque
3060 4614 3324 4684 Spiritum
3349 4655 3363 4677 ,
3405 4624 3465 4665 ut

183 4732 269 4778 est
300 4722 486 4785 Pater,
514 4724 673 4778 sicuti
716 4721 991 4793 Unigeniti
1020 4720 1205 4775 omnia
1228 4760 1243 4784 ,
1293 4719 1369 4773 ita
1400 4721 1562 4773 etiam
1594 4716 1767 4771 sancti

183 4816 422 4888 Spiritus
462 4818 650 4874 omnia
698 4818 1016 4872 referuntur
1049 4823 1079 4866 ι’
1108 4817 1398 4869 observat:
1439 4832 1457 4864 ι
1505 4812 1654 4866 Talia
1687 4811 1769 4865 di-

184 4926 315 4964 cens
354 4911 597 4965 ostendit
621 4911 838 4975 omnia,
874 4926 994 4979 qua:
1046 4918 1174 4962 sunt
1214 4906 1333 4960 Filii
1365 4947 1379 4969 ,
1432 4905 1498 4959 ad
1553 4905 1770 4959 Patrem

183 5003 390 5057 habere
417 5003 757 5069 relationem,
791 5011 845 5056 et
873 5002 1076 5065 omnia,
1108 5015 1229 5071 quae
1272 5009 1403 5053 sunt
1440 4998 1613 5054 sancti
1643 4997 1771 5067 Spi-

184 5095 343 5159 ritus,
370 5095 438 5149 ad
466 5094 720 5149 eumdem
770 5093 961 5148 referri
994 5095 1140 5147 velut
1166 5096 1231 5147 ad
1264 5093 1494 5162 primam
1527 5093 1771 5147 omnium

183 5183 493 5254 originem;
529 5182 787 5251 quoniam
830 5182 931 5236 etsi
975 5180 1213 5250 Spiritus
1243 5181 1505 5252 procedat
1546 5196 1575 5235 a
1612 5180 1771 5246 Filio,

185 5280 387 5349 accepit
416 5279 511 5331 hoc
545 5278 708 5331 Filius
737 5295 769 5330 a
819 5277 1010 5341 Patre,
1065 5287 1123 5331 ut
1181 5278 1459 5332 nascendo
1498 5277 1565 5331 de
1612 5276 1772 5331 Patre

259 5426 376 5497 (98)
426 5424 564 5497 Ibid.
612 5440 681 5497 p.77
715 5422 841 5487 5‘28,
1024 5442 1039 5497 :7
1067 5424 1180 5497 flio:
1211 5423 1423 5497 ἐλλιπὲς
1452 5422 1517 5497 τρ
1552 5420 1775 5497 Πνεῦμα

188 5493 838 5567 μὴ’προδάλλονρῷσπξρ
871 5496 1049 5567 obde
1084 5494 1209 5567 Υἱρς
1247 5494 1324 5567 μὴ
1354 5493 1598 5567 γεννᾷ)νῇ
1623 5494 1775 5567 -μᾶλτ

182 5563 274 5622 λοῦ
306 5568 420 5640 γᾲρ
452 5566 757 5640 πρρόἁλλον
785 5563 949 5640 ἦνλᾷγ
977 5564 1234 5640 ἐλλιπές-ο
1330 5565 1441 5640 γὰρ
1461 5564 1591 5640 αὐτὸ
1616 5564 1778 5640 satu-th

184 5631 509 5710 προῦϐἀλεν’
532 5631 819 5710 ἂγηόττςρ
844 5635 1105 5710 dative-50v
1134 5651 1148 5666 ο
1262 5631 1419 5710 ἄλλος
1460 5635 1553 5710 xui.
1600 5631 1777 5710 ρῦτως

184 5704 265 5772 εἷς
294 5710 524 5779 ἄπετρον
546 5708 686 5779 *ἡμῖν
718 5704 905 5779 captat
927 5708 955 5758 ὁ
974 5705 1153 5771 λόγος,
1187 5706 1323 5768 ὅπερ
1350 5706 1409 5756 οὐ
1442 5704 1778 5774 τελειότητος

184 5780 283 5832 καὶ
314 5776 479 5839 αὐτὸς
512 5776 687 5841 εἴποις
711 5776 796 5832 ἄν.

263 5849 374 5917 (99)
404 5847 565 5910 lbid.,
599 5863 653 5916 p.
691 5847 835 5902 526:
870 5846 951 5899 Τὰ
984 5844 1043 5917 δὲ
1078 5844 1416 5917 ὑποστατικὰ
1462 5842 1659 5917 ταῦτα·
1684 5843 1779 5895 καὶ

188 5911 509 5991 διακρὶτικὰ
540 5911 639 5971 οὑόι
674 5917 737 5969 ἄν
771 5934 901 5969 ποτε
931 5914 1122 5978 ἀτελές
1162 5932 1214 5967 τι
1252 5916 1470 5985 ποιήσει
1498 5916 1563 5986 τῇ
1594 5911 1775 5984 φύσει,

565 6010 841 6073 ΡΑτιιοι..
882 6009 1001 6071 Gn.
1047 6009 1149 6073 CII

1880 4711 2107 4767 Graecus
2128 4710 2423 4766 arbitratur
2444 4750 2458 4775 ,
2494 4708 2731 4771 emittat,
2762 4707 2999 4777 Spiritus
3042 4720 3170 4758 vero
3198 4713 3254 4757 et
3290 4702 3465 4755 Filius

1880 4804 2032 4858 nullo
2065 4803 2247 4858 modo.
2289 4820 2307 4853 ι
2337 4832 2406 4842 --
2430 4799 2553 4855 Pari
2575 4801 2736 4855 modo
2760 4798 3077 4868 responderi
3106 4807 3282 4864 potest
3304 4798 3370 4849 ad
3412 4796 3465 4849 id

1880 4896 2027 4968 quod
2073 4911 2190 4966 cap.
2229 4896 2299 4949 40
2348 4895 2574 4949 Photius
2607 4893 2849 4964 profert:
2887 4910 2906 4943 ί
2949 4889 3173 4958 Accepit
3221 4887 3393 4942 Filius
3435 4904 3465 4941 a

1884 4992 2146 5075 Patre.ex
2177 4990 2294 5059 ipso
2335 5004 2433 5059 per
2460 4986 2872 5059 generationem
2904 4982 3164 5053 prodiens
3185 5021 3198 5043 ,
3228 4990 3283 5035 et
3318 4981 3464 5035 aliud

1883 5072 2132 5151 ejusdém
2181 5090 2389 5135 natura:
2422 5079 2747 5151 producere.
2780 5074 3063 5143 Quomodo
3095 5072 3260 5143 igitur
3280 5116 3295 5138 ,
3341 5090 3469 5128 cum

1882 5185 1939 5230 et
1965 5176 2080 5246 ipse
2103 5174 2273 5228 Filius
2301 5172 2823 5229 consubstantialem
2872 5167 3136 5239 producat
3178 5165 3467 5238 Spiritum,

1885 5284 1993 5323 non
2028 5266 2452 5322 communicavit
2482 5265 2582 5336 ipsi
2633 5262 2865 5319 similem
2901 5260 3161 5315 virtutem
3203 5271 3258 5313 et
3292 5260 3473 5314 hono;

1889 5419 1965 5491 μὴ
1992 5414 2577 5491 (διςρθριζςίγτφφύρεξς3
2618 5410 2754 5464 ἀλλὰ
2790 5410 2921 5491 περὶ
2945 5409 3043 5491 sit:
3070 5407 3234 5491 φιξσιν
3280 5408 3469 5487 diceet.

1886 5479 2281 5559 tapaia'ma,
2299 5479 2398 5555 τὴὺ
2424 5484 2673 5559 Οερλόγρν
2698 5479 2883 5559 (pagani;
2912 5498 2928 5559 ς
2964 5480 3074 5532 τῶν
3116 5479 3471 5559 διαπεριτικῶγ

1885 5549 2027 5616 έὲτδ
2056 5549 2385 5629 προϐάλλειᾷ)
2419 5570 2431 5581 ·
2464 5555 2565 5607 οὐκ
2593 5549 2721 5629 ἄρα’
2743 5549 3377 5629 ὲῆλλὶπέςρτξιπροσέσξ-σξι

1889 5634 2049 5697 φύσει
2079 5616 2177 5683 ’ἑοῦ
2233 5627 2547 5697 Πνεύμᾳτος
2592 5616 2671 5697 τῷ
2715 5623 2793 5697 μῂ
2839 5616 3471 5697 πρρόάλλεὶνέηούδξυτῇ

1890 5686 2188 5757 ὗποστὰσει
2214 5716 2229 5731 ·
2253 5686 2728 5766 oux-pharetrae
2754 5686 3309 5766 dipxotivjrtoipénov
3340 5686 3470 5766 ξιρῦ

1889 5753 1983 5825 ita).
2038 5768 2258 5839 Harpe;
2299 5753 2732 5839 μὴ’ξτροὸάλλοῦ,
2776 5753 2809 5835 ἦ
2846 5764 2920 5834 μὴ
2956 5762 3015 5829 ἐξ
3052 5753 3178 5815 Υῖοῖ
3232 5753 3472 5828 προϐαλ·

1889 5786 1983 5825 και
2040 5786 2259 5848 ιιατροξ
2297 5786 2374 5893 gn
2402 5786 2446 5847 ετ

1888 5841 2136 5913 λόμενον,
2166 5856 2261 5894 του
2349 5839 2451 5893 ιου.

3026 5998 3103 6064 17
