  <div class='ocr_page' id='page_1' title='image "/cluster/home/n/w/nwhite01/storage/ocr_20150623/102/hvd.32044012543948/269.png"; bbox 0 0 4052 6420; ppageno 0'>
   <div class='ocr_carea' id='block_1_1' title="bbox 631 481 739 544">
    <p class='ocr_par' dir='ltr' id='par_1_1' title="bbox 631 481 739 544">
     <span class='ocr_line' id='line_1_1' title="bbox 631 481 739 544; baseline 0.009 -1"><span class='ocrx_word' id='word_1_1' title='bbox 631 481 739 544; x_wconf 75' lang='lat'><strong>523</strong></span> 
     </span>
    </p>
   </div>
   <div class='ocr_carea' id='block_1_2' title="bbox 1772 461 2735 537">
    <p class='ocr_par' dir='ltr' id='par_1_2' title="bbox 1772 461 2735 537">
     <span class='ocr_line' id='line_1_2' title="bbox 1772 461 2735 537; baseline 0 -1"><span class='ocrx_word' id='word_1_2' title='bbox 1772 461 2037 536; x_wconf 82' lang='lat' dir='ltr'><strong>PHOTII</strong></span> <span class='ocrx_word' id='word_1_3' title='bbox 2078 475 2586 537; x_wconf 55' lang='lat' dir='ltr'><strong>PATRIARCIL’E</strong></span> <span class='ocrx_word' id='word_1_4' title='bbox 2626 476 2735 536; x_wconf 88' lang='lat' dir='ltr'><strong>CP.</strong></span> 
     </span>
    </p>
   </div>
   <div class='ocr_carea' id='block_1_3' title="bbox 3797 478 3897 544">
    <p class='ocr_par' dir='ltr' id='par_1_3' title="bbox 3797 478 3897 544">
     <span class='ocr_line' id='line_1_3' title="bbox 3797 478 3897 544; baseline -0.03 1"><span class='ocrx_word' id='word_1_5' title='bbox 3797 478 3897 544; x_wconf 66' lang='grc'><strong>524</strong></span> 
     </span>
    </p>
   </div>
   <div class='ocr_carea' id='block_1_4' title="bbox 630 585 3895 658">
    <p class='ocr_par' dir='ltr' id='par_1_4' title="bbox 630 585 3895 658">
     <span class='ocr_line' id='line_1_4' title="bbox 630 585 3895 658; baseline -0.001 -14"><span class='ocrx_word' id='word_1_6' title='bbox 630 606 770 652; x_wconf 91' lang='lat' dir='ltr'><strong>rem,</strong></span> <span class='ocrx_word' id='word_1_7' title='bbox 799 589 938 644; x_wconf 91' lang='lat' dir='ltr'><strong>sicut</strong></span> <span class='ocrx_word' id='word_1_8' title='bbox 962 589 1075 658; x_wconf 82' lang='lat' dir='ltr'><strong>ipse.</strong></span> <span class='ocrx_word' id='word_1_9' title='bbox 1105 587 1334 658; x_wconf 87' lang='lat' dir='ltr'><strong>accepit,</strong></span> <span class='ocrx_word' id='word_1_10' title='bbox 1375 597 1434 642; x_wconf 90' lang='lat' dir='ltr'><strong>ut</strong></span> <span class='ocrx_word' id='word_1_11' title='bbox 1469 597 1522 642; x_wconf 92' lang='lat' dir='ltr'><strong>et</strong></span> <span class='ocrx_word' id='word_1_12' title='bbox 1566 586 1655 641; x_wconf 90' lang='lat' dir='ltr'><strong>ille</strong></span> <span class='ocrx_word' id='word_1_13' title='bbox 1694 587 1944 657; x_wconf 77' lang='lat' dir='ltr'><strong>ejusdem</strong></span> <span class='ocrx_word' id='word_1_14' title='bbox 1990 595 2201 641; x_wconf 66' lang='lat' dir='ltr'><strong>natura:</strong></span> <span class='ocrx_word' id='word_1_15' title='bbox 2235 591 2276 648; x_wconf 80' lang='grc' dir='ltr'><strong>Α</strong></span> <span class='ocrx_word' id='word_1_16' title='bbox 2307 586 2394 640; x_wconf 89' lang='lat' dir='ltr'><strong>nia</strong></span> <span class='ocrx_word' id='word_1_17' title='bbox 2426 585 2610 656; x_wconf 75' lang='lat' dir='ltr'><strong>Cyrilli</strong></span> <span class='ocrx_word' id='word_1_18' title='bbox 2664 586 2816 641; x_wconf 74' lang='lat' dir='ltr'><strong>Alex.</strong></span> <span class='ocrx_word' id='word_1_19' title='bbox 2856 586 2908 640; x_wconf 91' lang='lat' dir='ltr'><strong>in</strong></span> <span class='ocrx_word' id='word_1_20' title='bbox 2943 585 3101 641; x_wconf 83' lang='lat' dir='ltr'><strong>Joan.</strong></span> <span class='ocrx_word' id='word_1_21' title='bbox 3145 600 3256 652; x_wconf 74' lang='lat' dir='ltr'><strong>XVI,</strong></span> <span class='ocrx_word' id='word_1_22' title='bbox 3306 587 3406 654; x_wconf 80' lang='lat' dir='ltr'><strong>l5;</strong></span> <span class='ocrx_word' id='word_1_23' title='bbox 3463 587 3612 644; x_wconf 89' lang='lat' dir='ltr'><strong>Dial.</strong></span> <span class='ocrx_word' id='word_1_24' title='bbox 3661 592 3726 643; x_wconf 81' lang='lat' dir='ltr'><strong>de</strong></span> <span class='ocrx_word' id='word_1_25' title='bbox 3758 591 3895 644; x_wconf 83' lang='lat' dir='ltr'><strong>Trin.</strong></span> 
     </span>
    </p>
   </div>
   <div class='ocr_carea' id='block_1_5' title="bbox 627 678 2204 751">
    <p class='ocr_par' dir='ltr' id='par_1_5' title="bbox 627 678 2204 751">
     <span class='ocr_line' id='line_1_5' title="bbox 627 678 2204 751; baseline -0.003 -15"><span class='ocrx_word' id='word_1_26' title='bbox 627 696 875 751; x_wconf 70' lang='lat' dir='ltr'><strong>personae</strong></span> <span class='ocrx_word' id='word_1_27' title='bbox 903 695 1192 750; x_wconf 85' lang='lat' dir='ltr'><strong>progressu</strong></span> <span class='ocrx_word' id='word_1_28' title='bbox 1214 688 1268 733; x_wconf 91' lang='lat' dir='ltr'><strong>et</strong></span> <span class='ocrx_word' id='word_1_29' title='bbox 1302 678 1657 733; x_wconf 74' lang='lat' dir='ltr'><strong>subsistentia</strong></span> <span class='ocrx_word' id='word_1_30' title='bbox 1686 679 1855 734; x_wconf 69' lang='lat' dir='ltr'><strong>lzetari</strong></span> <span class='ocrx_word' id='word_1_31' title='bbox 1900 689 1955 734; x_wconf 90' lang='lat' dir='ltr'><strong>et</strong></span> <span class='ocrx_word' id='word_1_32' title='bbox 1985 679 2204 750; x_wconf 86' lang='lat' dir='ltr'><strong>gloriari</strong></span> 
     </span>
    </p>
   </div>
   <div class='ocr_carea' id='block_1_6' title="bbox 627 769 2210 842">
    <p class='ocr_par' dir='ltr' id='par_1_6' title="bbox 627 769 2210 842">
     <span class='ocr_line' id='line_1_6' title="bbox 627 769 2210 842; baseline -0.002 -17"><span class='ocrx_word' id='word_1_33' title='bbox 627 773 838 842; x_wconf 79' lang='lat' dir='ltr'><strong>possit?</strong></span> <span class='ocrx_word' id='word_1_34' title='bbox 882 791 899 822; x_wconf 74' lang='grc' dir='ltr'><strong><em>ι</em></strong></span> <span class='ocrx_word' id='word_1_35' title='bbox 934 770 1121 840; x_wconf 78' lang='lat' dir='ltr'><strong>Neque</strong></span> <span class='ocrx_word' id='word_1_36' title='bbox 1154 790 1172 821; x_wconf 73' lang='grc' dir='ltr'><strong><em>ι</em></strong></span> <span class='ocrx_word' id='word_1_37' title='bbox 1214 771 1280 824; x_wconf 86' lang='lat' dir='ltr'><strong>ad</strong></span> <span class='ocrx_word' id='word_1_38' title='bbox 1318 770 1639 824; x_wconf 84' lang='lat' dir='ltr'><strong>imitandum</strong></span> <span class='ocrx_word' id='word_1_39' title='bbox 1684 769 1924 832; x_wconf 81' lang='lat' dir='ltr'><strong>Patrem,</strong></span> <span class='ocrx_word' id='word_1_40' title='bbox 1963 790 1980 822; x_wconf 75' lang='grc' dir='ltr'>ι</span> <span class='ocrx_word' id='word_1_41' title='bbox 2015 780 2072 823; x_wconf 92' lang='lat' dir='ltr'><strong>ut</strong></span> <span class='ocrx_word' id='word_1_42' title='bbox 2107 769 2210 824; x_wconf 87' lang='lat' dir='ltr'><strong>ibi-</strong></span> 
     </span>
    </p>
   </div>
   <div class='ocr_carea' id='block_1_7' title="bbox 607 861 2210 932">
    <p class='ocr_par' dir='ltr' id='par_1_7' title="bbox 607 861 2210 932">
     <span class='ocr_line' id='line_1_7' title="bbox 607 861 2210 932; baseline 0 -16"><span class='ocrx_word' id='word_1_43' title='bbox 607 865 752 917; x_wconf 81' lang='lat' dir='ltr'><strong>dem</strong></span> <span class='ocrx_word' id='word_1_44' title='bbox 778 862 945 924; x_wconf 82' lang='lat' dir='ltr'><strong>addit,</strong></span> <span class='ocrx_word' id='word_1_45' title='bbox 975 862 1024 915; x_wconf 90' lang='lat' dir='ltr'><strong>id</strong></span> <span class='ocrx_word' id='word_1_46' title='bbox 1056 862 1294 918; x_wconf 87' lang='lat' dir='ltr'><strong>tribuere</strong></span> <span class='ocrx_word' id='word_1_47' title='bbox 1321 861 1544 932; x_wconf 72' lang='lat' dir='ltr'><strong>Spiritui</strong></span> <span class='ocrx_word' id='word_1_48' title='bbox 1570 863 1653 917; x_wconf 88' lang='lat' dir='ltr'><strong>vel</strong></span> <span class='ocrx_word' id='word_1_49' title='bbox 1692 863 1870 932; x_wconf 90' lang='lat' dir='ltr'><strong>potuit</strong></span> <span class='ocrx_word' id='word_1_50' title='bbox 1898 862 1980 916; x_wconf 86' lang='lat' dir='ltr'><strong>vel</strong></span> <span class='ocrx_word' id='word_1_51' title='bbox 2016 861 2210 917; x_wconf 81' lang='lat' dir='ltr'><strong>debuit</strong></span> 
     </span>
    </p>
   </div>
   <div class='ocr_carea' id='block_1_8' title="bbox 630 950 2207 1023">
    <p class='ocr_par' dir='ltr' id='par_1_8' title="bbox 630 950 2207 1023">
     <span class='ocr_line' id='line_1_8' title="bbox 630 950 2207 1023; baseline -0.002 -15"><span class='ocrx_word' id='word_1_52' title='bbox 630 953 842 1017; x_wconf 87' lang='lat' dir='ltr'><strong>Filius;</strong></span> <span class='ocrx_word' id='word_1_53' title='bbox 871 950 1109 1023; x_wconf 77' lang='lat' dir='ltr'><strong>perfecte</strong></span> <span class='ocrx_word' id='word_1_54' title='bbox 1154 952 1398 1007; x_wconf 80' lang='lat' dir='ltr'><strong>imitatur</strong></span> <span class='ocrx_word' id='word_1_55' title='bbox 1432 952 1646 1008; x_wconf 86' lang='lat' dir='ltr'><strong>Patrem</strong></span> <span class='ocrx_word' id='word_1_56' title='bbox 1688 953 1857 1008; x_wconf 88' lang='lat' dir='ltr'><strong>Filius</strong></span> <span class='ocrx_word' id='word_1_57' title='bbox 1879 994 1892 1016; x_wconf 90' lang='lat'><strong>,</strong></span> <span class='ocrx_word' id='word_1_58' title='bbox 1940 953 2068 1007; x_wconf 88' lang='lat' dir='ltr'><strong>licet</strong></span> <span class='ocrx_word' id='word_1_59' title='bbox 2096 967 2207 1006; x_wconf 90' lang='lat' dir='ltr'><strong>non</strong></span> 
     </span>
    </p>
   </div>
   <div class='ocr_carea' id='block_1_9' title="bbox 631 1043 2211 1116">
    <p class='ocr_par' dir='ltr' id='par_1_9' title="bbox 631 1043 2211 1116">
     <span class='ocr_line' id='line_1_9' title="bbox 631 1043 2211 1116; baseline 0 -19"><span class='ocrx_word' id='word_1_60' title='bbox 631 1053 855 1113; x_wconf 78' lang='lat' dir='ltr'><strong>generet</strong></span> <span class='ocrx_word' id='word_1_61' title='bbox 883 1052 936 1098; x_wconf 90' lang='lat' dir='ltr'><strong>et</strong></span> <span class='ocrx_word' id='word_1_62' title='bbox 971 1045 1084 1114; x_wconf 91' lang='lat' dir='ltr'><strong>ipse</strong></span> <span class='ocrx_word' id='word_1_63' title='bbox 1117 1043 1423 1107; x_wconf 84' lang='lat' dir='ltr'><strong>Filium,‘et</strong></span> <span class='ocrx_word' id='word_1_64' title='bbox 1463 1045 1578 1115; x_wconf 88' lang='lat' dir='ltr'><strong>pari</strong></span> <span class='ocrx_word' id='word_1_65' title='bbox 1608 1045 1776 1116; x_wconf 77' lang='lat' dir='ltr'><strong>gloria</strong></span> <span class='ocrx_word' id='word_1_66' title='bbox 1802 1044 2004 1100; x_wconf 78' lang='lat' dir='ltr'><strong>fruitur</strong></span> <span class='ocrx_word' id='word_1_67' title='bbox 2035 1043 2211 1114; x_wconf 88' lang='lat' dir='ltr'><strong>Spiri-</strong></span> 
     </span>
    </p>
   </div>
   <div class='ocr_carea' id='block_1_10' title="bbox 609 1134 2213 1207">
    <p class='ocr_par' dir='ltr' id='par_1_10' title="bbox 609 1134 2213 1207">
     <span class='ocr_line' id='line_1_10' title="bbox 609 1134 2213 1207; baseline 0.002 -21"><span class='ocrx_word' id='word_1_68' title='bbox 609 1143 739 1196; x_wconf 70' lang='lat' dir='ltr'><strong>tus,</strong></span> <span class='ocrx_word' id='word_1_69' title='bbox 775 1134 902 1188; x_wconf 89' lang='lat' dir='ltr'><strong>licet</strong></span> <span class='ocrx_word' id='word_1_70' title='bbox 931 1149 1033 1189; x_wconf 89' lang='lat' dir='ltr'><strong>nec</strong></span> <span class='ocrx_word' id='word_1_71' title='bbox 1056 1135 1320 1205; x_wconf 86' lang='lat' dir='ltr'><strong>producat</strong></span> <span class='ocrx_word' id='word_1_72' title='bbox 1363 1151 1466 1190; x_wconf 92' lang='lat' dir='ltr'><strong>nec</strong></span> <span class='ocrx_word' id='word_1_73' title='bbox 1504 1145 1761 1207; x_wconf 80' lang='lat' dir='ltr'><strong>generet;</strong></span> <span class='ocrx_word' id='word_1_74' title='bbox 1811 1135 2048 1205; x_wconf 65' lang='lat' dir='ltr'><strong>aequales</strong></span> <span class='ocrx_word' id='word_1_75' title='bbox 2081 1144 2213 1190; x_wconf 83' lang='lat' dir='ltr'><strong>sunt</strong></span> 
     </span>
    </p>
   </div>
   <div class='ocr_carea' id='block_1_11' title="bbox 630 1225 2209 1297">
    <p class='ocr_par' dir='ltr' id='par_1_11' title="bbox 630 1225 2209 1297">
     <span class='ocr_line' id='line_1_11' title="bbox 630 1225 2209 1297; baseline 0.002 -19"><span class='ocrx_word' id='word_1_76' title='bbox 630 1234 740 1279; x_wconf 86' lang='lat' dir='ltr'><strong>tres</strong></span> <span class='ocrx_word' id='word_1_77' title='bbox 770 1225 1120 1296; x_wconf 84' lang='lat' dir='ltr'><strong>hypostases,</strong></span> <span class='ocrx_word' id='word_1_78' title='bbox 1171 1228 1298 1282; x_wconf 91' lang='lat' dir='ltr'><strong>licet</strong></span> <span class='ocrx_word' id='word_1_79' title='bbox 1352 1244 1460 1282; x_wconf 88' lang='lat' dir='ltr'><strong>una</strong></span> <span class='ocrx_word' id='word_1_80' title='bbox 1509 1229 1580 1282; x_wconf 89' lang='lat' dir='ltr'><strong>sit</strong></span> <span class='ocrx_word' id='word_1_81' title='bbox 1641 1227 1845 1296; x_wconf 85' lang='lat' dir='ltr'><strong>absque</strong></span> <span class='ocrx_word' id='word_1_82' title='bbox 1899 1226 2209 1297; x_wconf 90' lang='lat' dir='ltr'><strong>principio,</strong></span> 
     </span>
    </p>
   </div>
   <div class='ocr_carea' id='block_1_12' title="bbox 632 1317 2214 1390">
    <p class='ocr_par' dir='ltr' id='par_1_12' title="bbox 632 1317 2214 1390">
     <span class='ocr_line' id='line_1_12' title="bbox 632 1317 2214 1390; baseline 0.001 -20"><span class='ocrx_word' id='word_1_83' title='bbox 632 1318 800 1371; x_wconf 90' lang='lat' dir='ltr'><strong>altera</strong></span> <span class='ocrx_word' id='word_1_84' title='bbox 829 1318 896 1372; x_wconf 91' lang='lat' dir='ltr'><strong>de</strong></span> <span class='ocrx_word' id='word_1_85' title='bbox 923 1318 1195 1390; x_wconf 90' lang='lat' dir='ltr'><strong>principio</strong></span> <span class='ocrx_word' id='word_1_86' title='bbox 1225 1319 1557 1390; x_wconf 86' lang='lat' dir='ltr'><strong>principium</strong></span> <span class='ocrx_word' id='word_1_87' title='bbox 1587 1359 1601 1385; x_wconf 96' lang='lat'><strong>,</strong></span> <span class='ocrx_word' id='word_1_88' title='bbox 1640 1319 1798 1373; x_wconf 90' lang='lat' dir='ltr'><strong>tertia</strong></span> <span class='ocrx_word' id='word_1_89' title='bbox 1833 1317 2100 1372; x_wconf 90' lang='lat' dir='ltr'><strong>terminus</strong></span> <span class='ocrx_word' id='word_1_90' title='bbox 2127 1318 2214 1372; x_wconf 90' lang='lat' dir='ltr'><strong>di-</strong></span> 
     </span>
    </p>
   </div>
   <div class='ocr_carea' id='block_1_13' title="bbox 609 1409 2216 1482">
    <p class='ocr_par' dir='ltr' id='par_1_13' title="bbox 609 1409 2216 1482">
     <span class='ocr_line' id='line_1_13' title="bbox 609 1409 2216 1482; baseline 0.003 -23"><span class='ocrx_word' id='word_1_91' title='bbox 609 1409 885 1464; x_wconf 84' lang='lat' dir='ltr'><strong>.vinarum</strong></span> <span class='ocrx_word' id='word_1_92' title='bbox 943 1411 1382 1480; x_wconf 90' lang='lat' dir='ltr'><strong>processionum.</strong></span> <span class='ocrx_word' id='word_1_93' title='bbox 1437 1411 1624 1482; x_wconf 86' lang='lat' dir='ltr'><strong>Neque</strong></span> <span class='ocrx_word' id='word_1_94' title='bbox 1690 1410 2216 1465; x_wconf 83' lang='lat' dir='ltr'><strong>consubstantialitas</strong></span> 
     </span>
    </p>
   </div>
   <div class='ocr_carea' id='block_1_14' title="bbox 632 1503 2216 1575">
    <p class='ocr_par' dir='ltr' id='par_1_14' title="bbox 632 1503 2216 1575">
     <span class='ocr_line' id='line_1_14' title="bbox 632 1503 2216 1575; baseline 0.003 -22"><span class='ocrx_word' id='word_1_95' title='bbox 632 1516 726 1568; x_wconf 86' lang='lat' dir='ltr'><strong>per</strong></span> <span class='ocrx_word' id='word_1_96' title='bbox 752 1518 806 1554; x_wconf 84' lang='lat' dir='ltr'><strong>se</strong></span> <span class='ocrx_word' id='word_1_97' title='bbox 831 1511 1070 1571; x_wconf 86' lang='lat' dir='ltr'><strong>spectata</strong></span> <span class='ocrx_word' id='word_1_98' title='bbox 1089 1518 1328 1572; x_wconf 83' lang='lat' dir='ltr'><strong>unquam</strong></span> <span class='ocrx_word' id='word_1_99' title='bbox 1355 1503 1578 1575; x_wconf 85' lang='lat' dir='ltr'><strong>ﬂagitat,</strong></span> <span class='ocrx_word' id='word_1_100' title='bbox 1605 1514 1660 1558; x_wconf 91' lang='lat' dir='ltr'><strong>ut</strong></span> <span class='ocrx_word' id='word_1_101' title='bbox 1689 1512 1743 1558; x_wconf 91' lang='lat' dir='ltr'><strong>et</strong></span> <span class='ocrx_word' id='word_1_102' title='bbox 1771 1504 1943 1558; x_wconf 69' lang='lat' dir='ltr'><strong>tertia:</strong></span> <span class='ocrx_word' id='word_1_103' title='bbox 1968 1518 2216 1574; x_wconf 69' lang='lat' dir='ltr'><strong>personae</strong></span> 
     </span>
    </p>
   </div>
   <div class='ocr_carea' id='block_1_15' title="bbox 631 1593 1557 1663">
    <p class='ocr_par' dir='ltr' id='par_1_15' title="bbox 631 1593 1557 1663">
     <span class='ocr_line' id='line_1_15' title="bbox 631 1593 1557 1663; baseline 0.006 -18"><span class='ocrx_word' id='word_1_104' title='bbox 631 1593 886 1663; x_wconf 88' lang='lat' dir='ltr'><strong>principii</strong></span> <span class='ocrx_word' id='word_1_105' title='bbox 930 1596 1070 1647; x_wconf 83' lang='lat' dir='ltr'><strong>ratio</strong></span> <span class='ocrx_word' id='word_1_106' title='bbox 1096 1605 1395 1650; x_wconf 85' lang='lat' dir='ltr'><strong>asseratur.</strong></span> <span class='ocrx_word' id='word_1_107' title='bbox 1549 1655 1557 1662; x_wconf 43' lang='lat'><strong>,</strong></span> 
     </span>
    </p>
   </div>
   <div class='ocr_carea' id='block_1_16' title="bbox 611 1685 2219 1742">
    <p class='ocr_par' dir='ltr' id='par_1_16' title="bbox 611 1685 2219 1742">
     <span class='ocr_line' id='line_1_16' title="bbox 611 1685 2219 1742; baseline 0.002 -4"><span class='ocrx_word' id='word_1_108' title='bbox 611 1734 614 1738; x_wconf 88' lang='lat'><strong>.</strong></span> <span class='ocrx_word' id='word_1_109' title='bbox 704 1685 794 1739; x_wconf 70' lang='lat'><strong>‘20.</strong></span> <span class='ocrx_word' id='word_1_110' title='bbox 876 1686 1072 1740; x_wconf 87' lang='lat' dir='ltr'><strong>Verum</strong></span> <span class='ocrx_word' id='word_1_111' title='bbox 1135 1687 1236 1741; x_wconf 89' lang='lat' dir='ltr'><strong>hac</strong></span> <span class='ocrx_word' id='word_1_112' title='bbox 1298 1688 1353 1741; x_wconf 91' lang='lat' dir='ltr'><strong>in</strong></span> <span class='ocrx_word' id='word_1_113' title='bbox 1420 1703 1479 1742; x_wconf 90' lang='lat' dir='ltr'><strong>re</strong></span> <span class='ocrx_word' id='word_1_114' title='bbox 1536 1687 1725 1742; x_wconf 85' lang='lat' dir='ltr'><strong>sedulo</strong></span> <span class='ocrx_word' id='word_1_115' title='bbox 1795 1687 2031 1742; x_wconf 85' lang='lat' dir='ltr'><strong>notanda</strong></span> <span class='ocrx_word' id='word_1_116' title='bbox 2089 1695 2219 1742; x_wconf 91' lang='lat' dir='ltr'><strong>sunt</strong></span> 
     </span>
    </p>
   </div>
   <div class='ocr_carea' id='block_1_17' title="bbox 634 1772 2218 1844">
    <p class='ocr_par' dir='ltr' id='par_1_17' title="bbox 634 1772 2218 1844">
     <span class='ocr_line' id='line_1_17' title="bbox 634 1772 2218 1844; baseline 0.001 -18"><span class='ocrx_word' id='word_1_117' title='bbox 634 1788 756 1842; x_wconf 61' lang='lat' dir='ltr'><strong>quae</strong></span> <span class='ocrx_word' id='word_1_118' title='bbox 804 1772 950 1825; x_wconf 87' lang='lat' dir='ltr'><strong>varie</strong></span> <span class='ocrx_word' id='word_1_119' title='bbox 995 1789 1024 1825; x_wconf 94' lang='lat' dir='ltr'><strong>a</strong></span> <span class='ocrx_word' id='word_1_120' title='bbox 1079 1773 1310 1829; x_wconf 82' lang='lat' dir='ltr'><strong>diversis</strong></span> <span class='ocrx_word' id='word_1_121' title='bbox 1367 1773 1738 1844; x_wconf 79' lang='lat' dir='ltr'><strong>proferuntur.</strong></span> <span class='ocrx_word' id='word_1_122' title='bbox 1792 1774 1952 1829; x_wconf 81' lang='lat' dir='ltr'><strong>Joan.</strong></span> <span class='ocrx_word' id='word_1_123' title='bbox 2013 1774 2218 1828; x_wconf 88' lang='lat' dir='ltr'><strong>Beccus</strong></span> 
     </span>
    </p>
   </div>
   <div class='ocr_carea' id='block_1_18' title="bbox 635 1863 2218 1933">
    <p class='ocr_par' dir='ltr' id='par_1_18' title="bbox 635 1863 2218 1933">
     <span class='ocr_line' id='line_1_18' title="bbox 635 1863 2218 1933; baseline 0.002 -18"><span class='ocrx_word' id='word_1_124' title='bbox 635 1863 941 1930; x_wconf 87' lang='lat' dir='ltr'><strong>disputans,</strong></span> <span class='ocrx_word' id='word_1_125' title='bbox 999 1864 1073 1917; x_wconf 80' lang='lat' dir='ltr'><strong>De</strong></span> <span class='ocrx_word' id='word_1_126' title='bbox 1119 1881 1227 1918; x_wconf 85' lang='lat' dir='ltr'><strong>una</strong></span> <span class='ocrx_word' id='word_1_127' title='bbox 1273 1864 1416 1919; x_wconf 87' lang='lat' dir='ltr'><strong>Eccl.</strong></span> <span class='ocrx_word' id='word_1_128' title='bbox 1464 1880 1514 1920; x_wconf 94' lang='lat' dir='ltr'><strong>c.</strong></span> <span class='ocrx_word' id='word_1_129' title='bbox 1550 1864 1607 1918; x_wconf 82' lang='grc'>51</span> <span class='ocrx_word' id='word_1_130' title='bbox 1647 1865 1731 1933; x_wconf 83' lang='lat' dir='ltr'><strong>(G.</strong></span> <span class='ocrx_word' id='word_1_131' title='bbox 1779 1864 1911 1931; x_wconf 77' lang='lat'><strong>0.1,</strong></span> <span class='ocrx_word' id='word_1_132' title='bbox 1959 1863 2218 1927; x_wconf 70' lang='grc'>184-186)</span> 
     </span>
    </p>
   </div>
   <div class='ocr_carea' id='block_1_19' title="bbox 637 1930 2293 2023">
    <p class='ocr_par' dir='ltr' id='par_1_19' title="bbox 637 1930 2293 2023">
     <span class='ocr_line' id='line_1_19' title="bbox 637 1930 2293 2023; baseline 0 -17"><span class='ocrx_word' id='word_1_133' title='bbox 637 1962 826 2006; x_wconf 88' lang='lat' dir='ltr'><strong>contra</strong></span> <span class='ocrx_word' id='word_1_134' title='bbox 868 1951 1124 2012; x_wconf 86' lang='lat' dir='ltr'><strong>Phurnan</strong></span> <span class='ocrx_word' id='word_1_135' title='bbox 1180 1953 1325 2023; x_wconf 92' lang='lat' dir='ltr'><strong>(vide</strong></span> <span class='ocrx_word' id='word_1_136' title='bbox 1379 1968 1500 2023; x_wconf 89' lang='lat' dir='ltr'><strong>cap.</strong></span> <span class='ocrx_word' id='word_1_137' title='bbox 1551 1952 1584 2006; x_wconf 92' lang='lat'>8</span> <span class='ocrx_word' id='word_1_138' title='bbox 1642 1930 1822 2007; x_wconf 88' lang='lat' dir='ltr'><strong>Photii</strong></span> <span class='ocrx_word' id='word_1_139' title='bbox 1866 1961 1984 2008; x_wconf 92' lang='lat' dir='ltr'><strong>not.</strong></span> <span class='ocrx_word' id='word_1_140' title='bbox 2034 1953 2115 2019; x_wconf 66' lang='lat'><strong>2.)</strong></span> <span class='ocrx_word' id='word_1_141' title='bbox 2167 1930 2293 2006; x_wconf 83' lang='lat' dir='ltr'><strong>etB</strong></span> 
     </span>
    </p>
   </div>
   <div class='ocr_carea' id='block_1_20' title="bbox 636 2041 2225 2114">
    <p class='ocr_par' dir='ltr' id='par_1_20' title="bbox 636 2041 2225 2114">
     <span class='ocr_line' id='line_1_20' title="bbox 636 2041 2225 2114; baseline 0 -18"><span class='ocrx_word' id='word_1_142' title='bbox 636 2042 817 2096; x_wconf 73' lang='lat' dir='ltr'><strong>czeteri</strong></span> <span class='ocrx_word' id='word_1_143' title='bbox 881 2041 1056 2098; x_wconf 72' lang='lat' dir='ltr'><strong>Graeci</strong></span> <span class='ocrx_word' id='word_1_144' title='bbox 1114 2047 1214 2114; x_wconf 81' lang='grc' dir='ltr'><strong>τῆς</strong></span> <span class='ocrx_word' id='word_1_145' title='bbox 1249 2043 1498 2107; x_wconf 75' lang='grc' dir='ltr'><strong>ὲνὼσεως</strong></span> <span class='ocrx_word' id='word_1_146' title='bbox 1551 2053 1760 2108; x_wconf 85' lang='lat' dir='ltr'><strong>tenent,</strong></span> <span class='ocrx_word' id='word_1_147' title='bbox 1791 2060 1854 2098; x_wconf 79' lang='lat' dir='ltr'><strong>ex</strong></span> <span class='ocrx_word' id='word_1_148' title='bbox 1889 2044 2225 2098; x_wconf 88' lang='lat' dir='ltr'><strong>immauente</strong></span> 
     </span>
    </p>
   </div>
   <div class='ocr_carea' id='block_1_21' title="bbox 636 2134 2222 2205">
    <p class='ocr_par' dir='ltr' id='par_1_21' title="bbox 636 2134 2222 2205">
     <span class='ocr_line' id='line_1_21' title="bbox 636 2134 2222 2205; baseline 0.001 -18"><span class='ocrx_word' id='word_1_149' title='bbox 636 2134 846 2205; x_wconf 87' lang='lat' dir='ltr'><strong>origine</strong></span> <span class='ocrx_word' id='word_1_150' title='bbox 882 2135 949 2189; x_wconf 91' lang='lat' dir='ltr'><strong>ad</strong></span> <span class='ocrx_word' id='word_1_151' title='bbox 976 2136 1622 2196; x_wconf 83' lang='lat' dir='ltr'><strong>consubstantialitatem.</strong></span> <span class='ocrx_word' id='word_1_152' title='bbox 1646 2137 1740 2192; x_wconf 91' lang='lat' dir='ltr'><strong>sed</strong></span> <span class='ocrx_word' id='word_1_153' title='bbox 1769 2151 1879 2189; x_wconf 86' lang='lat' dir='ltr'><strong>non</strong></span> <span class='ocrx_word' id='word_1_154' title='bbox 1912 2136 2030 2190; x_wconf 85' lang='lat' dir='ltr'><strong>vice</strong></span> <span class='ocrx_word' id='word_1_155' title='bbox 2065 2150 2222 2189; x_wconf 87' lang='lat' dir='ltr'><strong>versa</strong></span> 
     </span>
    </p>
   </div>
   <div class='ocr_carea' id='block_1_22' title="bbox 615 2228 2222 2300">
    <p class='ocr_par' dir='ltr' id='par_1_22' title="bbox 615 2228 2222 2300">
     <span class='ocr_line' id='line_1_22' title="bbox 615 2228 2222 2300; baseline -0.001 -17"><span class='ocrx_word' id='word_1_156' title='bbox 615 2244 717 2289; x_wconf 73' lang='grc' dir='ltr'><strong>,ελ</strong></span> <span class='ocrx_word' id='word_1_157' title='bbox 798 2230 1358 2286; x_wconf 86' lang='lat' dir='ltr'><strong>consubstantialitate</strong></span> <span class='ocrx_word' id='word_1_158' title='bbox 1431 2229 1662 2285; x_wconf 91' lang='lat' dir='ltr'><strong>duarum</strong></span> <span class='ocrx_word' id='word_1_159' title='bbox 1746 2243 2106 2300; x_wconf 89' lang='lat' dir='ltr'><strong>personarum</strong></span> <span class='ocrx_word' id='word_1_160' title='bbox 2156 2228 2222 2282; x_wconf 88' lang='lat' dir='ltr'><strong>ad</strong></span> 
     </span>
    </p>
   </div>
   <div class='ocr_carea' id='block_1_23' title="bbox 630 2318 2224 2394">
    <p class='ocr_par' dir='ltr' id='par_1_23' title="bbox 630 2318 2224 2394">
     <span class='ocr_line' id='line_1_23' title="bbox 630 2318 2224 2394; baseline -0.006 -11"><span class='ocrx_word' id='word_1_161' title='bbox 630 2329 796 2383; x_wconf 85' lang='lat' dir='ltr'><strong>unius</strong></span> <span class='ocrx_word' id='word_1_162' title='bbox 843 2327 912 2380; x_wconf 89' lang='lat' dir='ltr'><strong>ab</strong></span> <span class='ocrx_word' id='word_1_163' title='bbox 963 2325 1131 2378; x_wconf 89' lang='lat' dir='ltr'><strong>altera</strong></span> <span class='ocrx_word' id='word_1_164' title='bbox 1178 2323 1444 2394; x_wconf 86' lang='lat' dir='ltr'><strong>originem</strong></span> <span class='ocrx_word' id='word_1_165' title='bbox 1493 2321 1744 2376; x_wconf 89' lang='lat' dir='ltr'><strong>concludi</strong></span> <span class='ocrx_word' id='word_1_166' title='bbox 1797 2336 1976 2390; x_wconf 91' lang='lat' dir='ltr'><strong>posse.</strong></span> <span class='ocrx_word' id='word_1_167' title='bbox 2029 2339 2049 2371; x_wconf 75' lang='grc' dir='ltr'>ι</span> <span class='ocrx_word' id='word_1_168' title='bbox 2088 2318 2224 2374; x_wconf 82' lang='lat' dir='ltr'><strong>&#39;l‘res</strong></span> 
     </span>
    </p>
   </div>
   <div class='ocr_carea' id='block_1_24' title="bbox 634 2412 2225 2488">
    <p class='ocr_par' dir='ltr' id='par_1_24' title="bbox 634 2412 2225 2488">
     <span class='ocr_line' id='line_1_24' title="bbox 634 2412 2225 2488; baseline -0.005 -13"><span class='ocrx_word' id='word_1_169' title='bbox 634 2419 944 2475; x_wconf 85' lang='lat' dir='ltr'><strong>Divinitatis</strong></span> <span class='ocrx_word' id='word_1_170' title='bbox 987 2431 1253 2488; x_wconf 82' lang='lat' dir='ltr'><strong>personae,</strong></span> <span class='ocrx_word' id='word_1_171' title='bbox 1297 2415 1373 2470; x_wconf 87' lang='lat' dir='ltr'><strong>ait</strong></span> <span class='ocrx_word' id='word_1_172' title='bbox 1403 2415 1610 2470; x_wconf 84' lang='lat' dir='ltr'><strong>Beccus</strong></span> <span class='ocrx_word' id='word_1_173' title='bbox 1648 2412 1710 2486; x_wconf 93' lang='lat' dir='ltr'><strong>(l.</strong></span> <span class='ocrx_word' id='word_1_174' title='bbox 1742 2422 1817 2483; x_wconf 87' lang='lat' dir='ltr'><strong>c.)</strong></span> <span class='ocrx_word' id='word_1_175' title='bbox 1861 2413 2225 2469; x_wconf 84' lang='lat' dir='ltr'><strong>communiter</strong></span> 
     </span>
    </p>
   </div>
   <div class='ocr_carea' id='block_1_25' title="bbox 631 2508 2224 2582">
    <p class='ocr_par' dir='ltr' id='par_1_25' title="bbox 631 2508 2224 2582">
     <span class='ocr_line' id='line_1_25' title="bbox 631 2508 2224 2582; baseline -0.005 -13"><span class='ocrx_word' id='word_1_176' title='bbox 631 2513 776 2569; x_wconf 83' lang='lat' dir='ltr'><strong>inter</strong></span> <span class='ocrx_word' id='word_1_177' title='bbox 801 2527 859 2567; x_wconf 89' lang='lat' dir='ltr'><strong>se</strong></span> <span class='ocrx_word' id='word_1_178' title='bbox 894 2510 1223 2582; x_wconf 88' lang='lat' dir='ltr'><strong>participant</strong></span> <span class='ocrx_word' id='word_1_179' title='bbox 1270 2509 1518 2564; x_wconf 91' lang='lat' dir='ltr'><strong>eamdem</strong></span> <span class='ocrx_word' id='word_1_180' title='bbox 1567 2517 1820 2563; x_wconf 82' lang='lat' dir='ltr'><strong>naturam</strong></span> <span class='ocrx_word' id='word_1_181' title='bbox 1864 2508 2224 2578; x_wconf 82' lang='lat' dir='ltr'><strong>eamdemque</strong></span> 
     </span>
    </p>
   </div>
   <div class='ocr_carea' id='block_1_26' title="bbox 630 2600 2224 2670">
    <p class='ocr_par' dir='ltr' id='par_1_26' title="bbox 630 2600 2224 2670">
     <span class='ocr_line' id='line_1_26' title="bbox 630 2600 2224 2670; baseline -0.006 -10"><span class='ocrx_word' id='word_1_182' title='bbox 630 2605 1003 2668; x_wconf 86' lang='lat' dir='ltr'><strong>Divinitatem,</strong></span> <span class='ocrx_word' id='word_1_183' title='bbox 1053 2609 1110 2656; x_wconf 88' lang='lat' dir='ltr'><strong>et</strong></span> <span class='ocrx_word' id='word_1_184' title='bbox 1140 2601 1284 2670; x_wconf 88' lang='lat' dir='ltr'><strong>quod</strong></span> <span class='ocrx_word' id='word_1_185' title='bbox 1330 2601 1552 2655; x_wconf 91' lang='lat' dir='ltr'><strong>insitum</strong></span> <span class='ocrx_word' id='word_1_186' title='bbox 1577 2608 1662 2654; x_wconf 91' lang='lat' dir='ltr'><strong>est</strong></span> <span class='ocrx_word' id='word_1_187' title='bbox 1689 2600 1783 2653; x_wconf 92' lang='lat' dir='ltr'><strong>uni</strong></span> <span class='ocrx_word' id='word_1_188' title='bbox 1827 2608 2048 2670; x_wconf 85' lang='lat' dir='ltr'><strong>propter</strong></span> <span class='ocrx_word' id='word_1_189' title='bbox 2075 2615 2224 2652; x_wconf 86' lang='lat' dir='ltr'><strong>cam-</strong></span> 
     </span>
    </p>
   </div>
   <div class='ocr_carea' id='block_1_27' title="bbox 629 2692 2223 2766">
    <p class='ocr_par' dir='ltr' id='par_1_27' title="bbox 629 2692 2223 2766">
     <span class='ocr_line' id='line_1_27' title="bbox 629 2692 2223 2766; baseline -0.005 -12"><span class='ocrx_word' id='word_1_190' title='bbox 629 2699 756 2754; x_wconf 87' lang='lat' dir='ltr'><strong>dem</strong></span> <span class='ocrx_word' id='word_1_191' title='bbox 799 2713 927 2753; x_wconf 90' lang='lat' dir='ltr'><strong>cum</strong></span> <span class='ocrx_word' id='word_1_192' title='bbox 960 2696 1186 2766; x_wconf 86' lang='lat' dir='ltr'><strong>reliquis</strong></span> <span class='ocrx_word' id='word_1_193' title='bbox 1219 2703 1495 2760; x_wconf 88' lang='lat' dir='ltr'><strong>naturam,</strong></span> <span class='ocrx_word' id='word_1_194' title='bbox 1543 2695 1648 2748; x_wconf 90' lang='lat' dir='ltr'><strong>erit</strong></span> <span class='ocrx_word' id='word_1_195' title='bbox 1672 2702 1727 2748; x_wconf 86' lang='lat' dir='ltr'><strong>et</strong></span> <span class='ocrx_word' id='word_1_196' title='bbox 1753 2692 1965 2747; x_wconf 86' lang='lat' dir='ltr'><strong>duobus</strong></span> <span class='ocrx_word' id='word_1_197' title='bbox 1991 2692 2126 2746; x_wconf 88' lang='lat' dir='ltr'><strong>aliis.</strong></span> <span class='ocrx_word' id='word_1_198' title='bbox 2157 2693 2223 2746; x_wconf 82' lang='lat' dir='ltr'><strong>Et</strong></span> 
     </span>
    </p>
   </div>
   <div class='ocr_carea' id='block_1_28' title="bbox 632 2782 2222 2859">
    <p class='ocr_par' dir='ltr' id='par_1_28' title="bbox 632 2782 2222 2859">
     <span class='ocr_line' id='line_1_28' title="bbox 632 2782 2222 2859; baseline -0.004 -15"><span class='ocrx_word' id='word_1_199' title='bbox 632 2791 678 2845; x_wconf 87' lang='lat' dir='ltr'><strong>si</strong></span> <span class='ocrx_word' id='word_1_200' title='bbox 710 2789 946 2859; x_wconf 89' lang='lat' dir='ltr'><strong>Spiritus</strong></span> <span class='ocrx_word' id='word_1_201' title='bbox 987 2796 1132 2843; x_wconf 86' lang='lat' dir='ltr'><strong>esset</strong></span> <span class='ocrx_word' id='word_1_202' title='bbox 1161 2802 1224 2842; x_wconf 81' lang='lat' dir='ltr'><strong>ex</strong></span> <span class='ocrx_word' id='word_1_203' title='bbox 1253 2785 1392 2841; x_wconf 88' lang='lat' dir='ltr'><strong>Filio</strong></span> <span class='ocrx_word' id='word_1_204' title='bbox 1448 2795 1673 2856; x_wconf 91' lang='lat' dir='ltr'><strong>pr0pter</strong></span> <span class='ocrx_word' id='word_1_205' title='bbox 1722 2784 1841 2839; x_wconf 85' lang='lat' dir='ltr'><strong>Filii</strong></span> <span class='ocrx_word' id='word_1_206' title='bbox 1883 2801 2008 2839; x_wconf 92' lang='lat' dir='ltr'><strong>cum</strong></span> <span class='ocrx_word' id='word_1_207' title='bbox 2061 2782 2222 2837; x_wconf 83' lang='lat' dir='ltr'><strong>Patre</strong></span> 
     </span>
    </p>
   </div>
   <div class='ocr_carea' id='block_1_29' title="bbox 632 2875 2219 2946">
    <p class='ocr_par' dir='ltr' id='par_1_29' title="bbox 632 2875 2219 2946">
     <span class='ocr_line' id='line_1_29' title="bbox 632 2875 2219 2946; baseline -0.005 -10"><span class='ocrx_word' id='word_1_208' title='bbox 632 2879 1282 2941; x_wconf 85' lang='lat' dir='ltr'><strong>consubstantialitatem,</strong></span> <span class='ocrx_word' id='word_1_209' title='bbox 1359 2889 1506 2933; x_wconf 89' lang='lat' dir='ltr'><strong>esset</strong></span> <span class='ocrx_word' id='word_1_210' title='bbox 1555 2892 1772 2946; x_wconf 85' lang='lat' dir='ltr'><strong>quoque</strong></span> <span class='ocrx_word' id='word_1_211' title='bbox 1822 2884 1878 2931; x_wconf 90' lang='lat' dir='ltr'><strong>et</strong></span> <span class='ocrx_word' id='word_1_212' title='bbox 1935 2875 2107 2929; x_wconf 82' lang='lat' dir='ltr'><strong>Filius</strong></span> <span class='ocrx_word' id='word_1_213' title='bbox 2154 2891 2219 2928; x_wconf 78' lang='lat' dir='ltr'><strong>ex</strong></span> 
     </span>
    </p>
   </div>
   <div class='ocr_carea' id='block_1_30' title="bbox 633 2967 2220 3043">
    <p class='ocr_par' dir='ltr' id='par_1_30' title="bbox 633 2967 2220 3043">
     <span class='ocr_line' id='line_1_30' title="bbox 633 2967 2220 3043; baseline -0.003 -17"><span class='ocrx_word' id='word_1_214' title='bbox 633 2971 840 3043; x_wconf 88' lang='lat' dir='ltr'><strong>Spiritu</strong></span> <span class='ocrx_word' id='word_1_215' title='bbox 894 2984 1118 3041; x_wconf 84' lang='lat' dir='ltr'><strong>prepter</strong></span> <span class='ocrx_word' id='word_1_216' title='bbox 1150 2969 1391 3041; x_wconf 84' lang='lat' dir='ltr'><strong>Spiritus</strong></span> <span class='ocrx_word' id='word_1_217' title='bbox 1435 2970 1682 3024; x_wconf 89' lang='lat' dir='ltr'><strong>eamdem</strong></span> <span class='ocrx_word' id='word_1_218' title='bbox 1712 2985 1834 3023; x_wconf 91' lang='lat' dir='ltr'><strong>cum</strong></span> <span class='ocrx_word' id='word_1_219' title='bbox 1868 2967 2025 3022; x_wconf 87' lang='lat' dir='ltr'><strong>Patre</strong></span> <span class='ocrx_word' id='word_1_220' title='bbox 2058 2977 2220 3022; x_wconf 91' lang='lat' dir='ltr'><strong>natu-</strong></span> 
     </span>
    </p>
   </div>
   <div class='ocr_carea' id='block_1_31' title="bbox 633 3061 2222 3133">
    <p class='ocr_par' dir='ltr' id='par_1_31' title="bbox 633 3061 2222 3133">
     <span class='ocr_line' id='line_1_31' title="bbox 633 3061 2222 3133; baseline -0.004 -14"><span class='ocrx_word' id='word_1_221' title='bbox 633 3081 787 3128; x_wconf 86' lang='lat' dir='ltr'><strong>ram;</strong></span> <span class='ocrx_word' id='word_1_222' title='bbox 820 3064 901 3118; x_wconf 90' lang='lat' dir='ltr'><strong>vel</strong></span> <span class='ocrx_word' id='word_1_223' title='bbox 934 3065 1116 3133; x_wconf 89' lang='lat' dir='ltr'><strong>potius</strong></span> <span class='ocrx_word' id='word_1_224' title='bbox 1145 3063 1260 3118; x_wconf 64' lang='lat' dir='ltr'><strong>haec</strong></span> <span class='ocrx_word' id='word_1_225' title='bbox 1289 3063 1389 3116; x_wconf 85' lang='lat' dir='ltr'><strong>tria</strong></span> <span class='ocrx_word' id='word_1_226' title='bbox 1429 3078 1594 3116; x_wconf 93' lang='lat' dir='ltr'><strong>unum</strong></span> <span class='ocrx_word' id='word_1_227' title='bbox 1633 3072 1777 3117; x_wconf 82' lang='lat' dir='ltr'><strong>esset</strong></span> <span class='ocrx_word' id='word_1_228' title='bbox 1807 3079 1869 3116; x_wconf 77' lang='lat' dir='ltr'><strong>ex</strong></span> <span class='ocrx_word' id='word_1_229' title='bbox 1897 3062 2002 3116; x_wconf 90' lang='lat' dir='ltr'><strong>alio</strong></span> <span class='ocrx_word' id='word_1_230' title='bbox 2032 3061 2062 3133; x_wconf 80' lang='grc' dir='ltr'><strong>ἥ</strong></span> <span class='ocrx_word' id='word_1_231' title='bbox 2087 3061 2222 3133; x_wconf 82' lang='grc' dir='ltr'><strong>μᾶλ-</strong></span> 
     </span>
    </p>
   </div>
   <div class='ocr_carea' id='block_1_32' title="bbox 633 3150 2221 3224">
    <p class='ocr_par' dir='ltr' id='par_1_32' title="bbox 633 3150 2221 3224">
     <span class='ocr_line' id='line_1_32' title="bbox 633 3150 2221 3224; baseline -0.002 -14"><span class='ocrx_word' id='word_1_232' title='bbox 633 3159 726 3210; x_wconf 72' lang='grc' dir='ltr'>λον</span> <span class='ocrx_word' id='word_1_233' title='bbox 773 3156 832 3220; x_wconf 79' lang='grc' dir='ltr'>ἐξ</span> <span class='ocrx_word' id='word_1_234' title='bbox 863 3154 1109 3224; x_wconf 75' lang='grc' dir='ltr'><strong>ἀλλήλων</strong></span> <span class='ocrx_word' id='word_1_235' title='bbox 1162 3153 1227 3207; x_wconf 80' lang='grc' dir='ltr'>ἂν</span> <span class='ocrx_word' id='word_1_236' title='bbox 1253 3150 1396 3224; x_wconf 75' lang='grc' dir='ltr'><strong>ἦσαν</strong></span> <span class='ocrx_word' id='word_1_237' title='bbox 1424 3154 1492 3208; x_wconf 82' lang='grc' dir='ltr'><strong>τὰ</strong></span> <span class='ocrx_word' id='word_1_238' title='bbox 1529 3153 1699 3224; x_wconf 70' lang='grc' dir='ltr'>τρία).</span> <span class='ocrx_word' id='word_1_239' title='bbox 1749 3156 1817 3208; x_wconf 82' lang='lat' dir='ltr'><strong>At</strong></span> <span class='ocrx_word' id='word_1_240' title='bbox 1847 3170 1994 3209; x_wconf 88' lang='lat' dir='ltr'><strong>nunc</strong></span> <span class='ocrx_word' id='word_1_241' title='bbox 2037 3155 2221 3223; x_wconf 83' lang='lat' dir='ltr'><strong>sequi-</strong></span> 
     </span>
    </p>
   </div>
   <div class='ocr_carea' id='block_1_33' title="bbox 2308 678 3895 754">
    <p class='ocr_par' dir='ltr' id='par_1_33' title="bbox 2308 678 3895 754">
     <span class='ocr_line' id='line_1_33' title="bbox 2308 678 3895 754; baseline 0.003 -22"><span class='ocrx_word' id='word_1_242' title='bbox 2308 694 2362 747; x_wconf 90' lang='lat' dir='ltr'><strong>p.</strong></span> <span class='ocrx_word' id='word_1_243' title='bbox 2394 679 2521 743; x_wconf 74' lang='lat'><strong>405.</strong></span> <span class='ocrx_word' id='word_1_244' title='bbox 2554 679 2678 744; x_wconf 70' lang='grc'><strong>408,</strong></span> <span class='ocrx_word' id='word_1_245' title='bbox 2723 680 2935 750; x_wconf 86' lang='lat' dir='ltr'><strong>aliaque</strong></span> <span class='ocrx_word' id='word_1_246' title='bbox 2959 695 2988 733; x_wconf 92' lang='lat' dir='ltr'><strong>a</strong></span> <span class='ocrx_word' id='word_1_247' title='bbox 3020 678 3106 734; x_wconf 84' lang='lat' dir='ltr'><strong>Jo.</strong></span> <span class='ocrx_word' id='word_1_248' title='bbox 3143 680 3340 738; x_wconf 89' lang='lat' dir='ltr'><strong>Becco.</strong></span> <span class='ocrx_word' id='word_1_249' title='bbox 3399 682 3576 754; x_wconf 83' lang='lat' dir='ltr'><strong>cpigr.</strong></span> <span class='ocrx_word' id='word_1_250' title='bbox 3613 700 3689 748; x_wconf 75' lang='lat' dir='ltr'><strong>xi,</strong></span> <span class='ocrx_word' id='word_1_251' title='bbox 3721 682 3808 754; x_wconf 87' lang='lat' dir='ltr'><strong>(G.</strong></span> <span class='ocrx_word' id='word_1_252' title='bbox 3842 683 3895 737; x_wconf 90' lang='lat'><strong>0.</strong></span> 
     </span>
    </p>
   </div>
   <div class='ocr_carea' id='block_1_34' title="bbox 2308 769 3891 844">
    <p class='ocr_par' dir='ltr' id='par_1_34' title="bbox 2308 769 3891 844">
     <span class='ocr_line' id='line_1_34' title="bbox 2308 769 3891 844; baseline 0.003 -21"><span class='ocrx_word' id='word_1_253' title='bbox 2308 769 2374 834; x_wconf 93' lang='lat' dir='ltr'><strong>ll,</strong></span> <span class='ocrx_word' id='word_1_254' title='bbox 2420 770 2522 824; x_wconf 83' lang='grc'>619</span> <span class='ocrx_word' id='word_1_255' title='bbox 2548 770 2690 840; x_wconf 87' lang='lat' dir='ltr'><strong>seq.)</strong></span> <span class='ocrx_word' id='word_1_256' title='bbox 2717 779 2772 825; x_wconf 93' lang='lat' dir='ltr'><strong>et</strong></span> <span class='ocrx_word' id='word_1_257' title='bbox 2805 771 2986 826; x_wconf 88' lang='lat' dir='ltr'><strong>Leone</strong></span> <span class='ocrx_word' id='word_1_258' title='bbox 3029 770 3226 826; x_wconf 81' lang='lat' dir='ltr'><strong>Allatio</strong></span> <span class='ocrx_word' id='word_1_259' title='bbox 3272 772 3500 838; x_wconf 81' lang='lat' dir='ltr'><strong>(Vindic.</strong></span> <span class='ocrx_word' id='word_1_260' title='bbox 3548 791 3668 843; x_wconf 82' lang='lat' dir='ltr'><strong>syn.</strong></span> <span class='ocrx_word' id='word_1_261' title='bbox 3710 775 3891 844; x_wconf 77' lang='lat' dir='ltr'><strong>Ephes.</strong></span> 
     </span>
    </p>
   </div>
   <div class='ocr_carea' id='block_1_35' title="bbox 2310 859 3896 932">
    <p class='ocr_par' dir='ltr' id='par_1_35' title="bbox 2310 859 3896 932">
     <span class='ocr_line' id='line_1_35' title="bbox 2310 859 3896 932; baseline 0.002 -18"><span class='ocrx_word' id='word_1_262' title='bbox 2310 874 2360 914; x_wconf 92' lang='lat' dir='ltr'><strong>c.</strong></span> <span class='ocrx_word' id='word_1_263' title='bbox 2389 859 2480 922; x_wconf 80' lang='lat'><strong>56.</strong></span> <span class='ocrx_word' id='word_1_264' title='bbox 2511 876 2564 930; x_wconf 91' lang='lat' dir='ltr'><strong>p.</strong></span> <span class='ocrx_word' id='word_1_265' title='bbox 2599 859 2701 914; x_wconf 71' lang='lat'><strong>172</strong></span> <span class='ocrx_word' id='word_1_266' title='bbox 2736 876 2877 930; x_wconf 88' lang='lat' dir='ltr'><strong>seq.,</strong></span> <span class='ocrx_word' id='word_1_267' title='bbox 2901 876 2950 916; x_wconf 93' lang='lat' dir='ltr'><strong>c.</strong></span> <span class='ocrx_word' id='word_1_268' title='bbox 2984 861 3075 924; x_wconf 75' lang='grc'><strong>46,</strong></span> <span class='ocrx_word' id='word_1_269' title='bbox 3101 878 3156 932; x_wconf 91' lang='lat' dir='ltr'><strong>p.</strong></span> <span class='ocrx_word' id='word_1_270' title='bbox 3186 862 3294 917; x_wconf 65' lang='lat'><strong>223</strong></span> <span class='ocrx_word' id='word_1_271' title='bbox 3323 871 3462 932; x_wconf 85' lang='lat' dir='ltr'><strong>seq.)</strong></span> <span class='ocrx_word' id='word_1_272' title='bbox 3499 863 3896 921; x_wconf 78' lang='lat' dir='ltr'><strong>coilecta.Nota</strong></span> 
     </span>
    </p>
   </div>
   <div class='ocr_carea' id='block_1_36' title="bbox 2311 952 3896 1026">
    <p class='ocr_par' dir='ltr' id='par_1_36' title="bbox 2311 952 3896 1026">
     <span class='ocr_line' id='line_1_36' title="bbox 2311 952 3896 1026; baseline 0.003 -19"><span class='ocrx_word' id='word_1_273' title='bbox 2311 962 2396 1007; x_wconf 91' lang='lat' dir='ltr'><strong>est</strong></span> <span class='ocrx_word' id='word_1_274' title='bbox 2427 952 2516 1006; x_wconf 90' lang='lat' dir='ltr'><strong>illa</strong></span> <span class='ocrx_word' id='word_1_275' title='bbox 2570 952 2916 1008; x_wconf 87' lang='lat' dir='ltr'><strong>ratiocinatio</strong></span> <span class='ocrx_word' id='word_1_276' title='bbox 2962 955 3263 1026; x_wconf 84' lang='lat' dir='ltr'><strong>theologica</strong></span> <span class='ocrx_word' id='word_1_277' title='bbox 3305 954 3490 1010; x_wconf 81' lang='lat' dir='ltr'><strong>:Filio</strong></span> <span class='ocrx_word' id='word_1_278' title='bbox 3540 957 3896 1011; x_wconf 88' lang='lat' dir='ltr'><strong>consubstan-</strong></span> 
     </span>
    </p>
   </div>
   <div class='ocr_carea' id='block_1_37' title="bbox 2315 1043 3893 1116">
    <p class='ocr_par' dir='ltr' id='par_1_37' title="bbox 2315 1043 3893 1116">
     <span class='ocr_line' id='line_1_37' title="bbox 2315 1043 3893 1116; baseline 0 -18"><span class='ocrx_word' id='word_1_279' title='bbox 2315 1044 2457 1098; x_wconf 86' lang='lat' dir='ltr'><strong>tialis</strong></span> <span class='ocrx_word' id='word_1_280' title='bbox 2507 1053 2592 1098; x_wconf 90' lang='lat' dir='ltr'><strong>est</strong></span> <span class='ocrx_word' id='word_1_281' title='bbox 2629 1043 2883 1114; x_wconf 89' lang='lat' dir='ltr'><strong>Spiritus,</strong></span> <span class='ocrx_word' id='word_1_282' title='bbox 2938 1046 2980 1099; x_wconf 92' lang='lat' dir='ltr'><strong>si</strong></span> <span class='ocrx_word' id='word_1_283' title='bbox 3017 1055 3197 1100; x_wconf 80' lang='lat' dir='ltr'><strong>estex</strong></span> <span class='ocrx_word' id='word_1_284' title='bbox 3228 1047 3346 1116; x_wconf 92' lang='lat' dir='ltr'><strong>ejus</strong></span> <span class='ocrx_word' id='word_1_285' title='bbox 3395 1046 3658 1100; x_wconf 80' lang='lat' dir='ltr'><strong>essentia.</strong></span> <span class='ocrx_word' id='word_1_286' title='bbox 3707 1045 3893 1099; x_wconf 77' lang='lat' dir='ltr'><strong>Verum</strong></span> 
     </span>
    </p>
   </div>
   <div class='ocr_carea' id='block_1_38' title="bbox 2313 1135 3892 1205">
    <p class='ocr_par' dir='ltr' id='par_1_38' title="bbox 2313 1135 3892 1205">
     <span class='ocr_line' id='line_1_38' title="bbox 2313 1135 3892 1205; baseline 0.003 -18"><span class='ocrx_word' id='word_1_287' title='bbox 2313 1135 2584 1205; x_wconf 90' lang='lat' dir='ltr'><strong>posterius</strong></span> <span class='ocrx_word' id='word_1_288' title='bbox 2623 1146 2892 1190; x_wconf 88' lang='lat' dir='ltr'><strong>assertum</strong></span> <span class='ocrx_word' id='word_1_289' title='bbox 2934 1153 3045 1191; x_wconf 90' lang='lat' dir='ltr'><strong>non</strong></span> <span class='ocrx_word' id='word_1_290' title='bbox 3097 1137 3288 1192; x_wconf 87' lang='lat' dir='ltr'><strong>eodem</strong></span> <span class='ocrx_word' id='word_1_291' title='bbox 3340 1137 3504 1191; x_wconf 91' lang='lat' dir='ltr'><strong>modo</strong></span> <span class='ocrx_word' id='word_1_292' title='bbox 3558 1138 3892 1192; x_wconf 83' lang='lat' dir='ltr'><strong>conceditur.</strong></span> 
     </span>
    </p>
   </div>
   <div class='ocr_carea' id='block_1_39' title="bbox 2315 1224 3898 1298">
    <p class='ocr_par' dir='ltr' id='par_1_39' title="bbox 2315 1224 3898 1298">
     <span class='ocr_line' id='line_1_39' title="bbox 2315 1224 3898 1298; baseline -0.001 -18"><span class='ocrx_word' id='word_1_293' title='bbox 2315 1224 2871 1282; x_wconf 86' lang='lat' dir='ltr'><strong>Consubstantialitas</strong></span> <span class='ocrx_word' id='word_1_294' title='bbox 2924 1227 3144 1296; x_wconf 88' lang='lat' dir='ltr'><strong>quidem</strong></span> <span class='ocrx_word' id='word_1_295' title='bbox 3188 1243 3280 1297; x_wconf 83' lang='lat' dir='ltr'><strong>per</strong></span> <span class='ocrx_word' id='word_1_296' title='bbox 3325 1245 3380 1282; x_wconf 86' lang='lat' dir='ltr'><strong>se</strong></span> <span class='ocrx_word' id='word_1_297' title='bbox 3427 1238 3482 1282; x_wconf 90' lang='lat' dir='ltr'><strong>et</strong></span> <span class='ocrx_word' id='word_1_298' title='bbox 3521 1244 3586 1282; x_wconf 72' lang='lat' dir='ltr'><strong>ex</strong></span> <span class='ocrx_word' id='word_1_299' title='bbox 3632 1228 3796 1298; x_wconf 77' lang='lat' dir='ltr'><strong>ipsius</strong></span> <span class='ocrx_word' id='word_1_300' title='bbox 3856 1231 3898 1281; x_wconf 79' lang='lat' dir='ltr'><strong>ri</strong></span> 
     </span>
    </p>
   </div>
   <div class='ocr_carea' id='block_1_40' title="bbox 2317 1321 3897 1392">
    <p class='ocr_par' dir='ltr' id='par_1_40' title="bbox 2317 1321 3897 1392">
     <span class='ocr_line' id='line_1_40' title="bbox 2317 1321 3897 1392; baseline 0.001 -19"><span class='ocrx_word' id='word_1_301' title='bbox 2317 1321 2458 1374; x_wconf 81' lang='lat' dir='ltr'><strong>vocis</strong></span> <span class='ocrx_word' id='word_1_302' title='bbox 2483 1321 2690 1374; x_wconf 91' lang='lat' dir='ltr'><strong>nullum</strong></span> <span class='ocrx_word' id='word_1_303' title='bbox 2736 1321 2869 1375; x_wconf 89' lang='lat' dir='ltr'><strong>dicit</strong></span> <span class='ocrx_word' id='word_1_304' title='bbox 2912 1331 3221 1390; x_wconf 90' lang='lat' dir='ltr'><strong>respectum</strong></span> <span class='ocrx_word' id='word_1_305' title='bbox 3252 1321 3316 1376; x_wconf 87' lang='lat' dir='ltr'><strong>ad</strong></span> <span class='ocrx_word' id='word_1_306' title='bbox 3345 1322 3706 1376; x_wconf 82' lang='lat' dir='ltr'><strong>habitudines</strong></span> <span class='ocrx_word' id='word_1_307' title='bbox 3746 1321 3897 1392; x_wconf 75' lang='lat' dir='ltr'><strong>origi-</strong></span> 
     </span>
    </p>
   </div>
   <div class='ocr_carea' id='block_1_41' title="bbox 2316 1411 3898 1482">
    <p class='ocr_par' dir='ltr' id='par_1_41' title="bbox 2316 1411 3898 1482">
     <span class='ocr_line' id='line_1_41' title="bbox 2316 1411 3898 1482; baseline 0.001 -18"><span class='ocrx_word' id='word_1_308' title='bbox 2316 1411 2423 1476; x_wconf 90' lang='lat' dir='ltr'><strong>nis,</strong></span> <span class='ocrx_word' id='word_1_309' title='bbox 2458 1427 2522 1465; x_wconf 81' lang='lat' dir='ltr'><strong>ex</strong></span> <span class='ocrx_word' id='word_1_310' title='bbox 2564 1411 2788 1466; x_wconf 87' lang='lat' dir='ltr'><strong>notione</strong></span> <span class='ocrx_word' id='word_1_311' title='bbox 2837 1428 2934 1466; x_wconf 90' lang='lat' dir='ltr'><strong>sua</strong></span> <span class='ocrx_word' id='word_1_312' title='bbox 2967 1427 3076 1465; x_wconf 92' lang='lat' dir='ltr'><strong>non</strong></span> <span class='ocrx_word' id='word_1_313' title='bbox 3109 1412 3379 1482; x_wconf 81' lang='lat' dir='ltr'><strong>exposcit,</strong></span> <span class='ocrx_word' id='word_1_314' title='bbox 3409 1421 3470 1466; x_wconf 91' lang='lat' dir='ltr'><strong>ut</strong></span> <span class='ocrx_word' id='word_1_315' title='bbox 3495 1413 3718 1465; x_wconf 87' lang='lat' dir='ltr'><strong>nonnisi</strong></span> <span class='ocrx_word' id='word_1_316' title='bbox 3751 1413 3815 1466; x_wconf 87' lang='lat' dir='ltr'><strong>de</strong></span> <span class='ocrx_word' id='word_1_317' title='bbox 3845 1412 3898 1465; x_wconf 86' lang='lat' dir='ltr'><strong>iis</strong></span> 
     </span>
    </p>
   </div>
   <div class='ocr_carea' id='block_1_42' title="bbox 2317 1503 3900 1574">
    <p class='ocr_par' dir='ltr' id='par_1_42' title="bbox 2317 1503 3900 1574">
     <span class='ocr_line' id='line_1_42' title="bbox 2317 1503 3900 1574; baseline 0 -18"><span class='ocrx_word' id='word_1_318' title='bbox 2317 1503 2665 1573; x_wconf 79' lang='lat' dir='ltr'><strong>przedicetur,</strong></span> <span class='ocrx_word' id='word_1_319' title='bbox 2715 1503 2855 1558; x_wconf 90' lang='lat' dir='ltr'><strong>inter</strong></span> <span class='ocrx_word' id='word_1_320' title='bbox 2901 1519 3038 1573; x_wconf 89' lang='lat' dir='ltr'><strong>quos</strong></span> <span class='ocrx_word' id='word_1_321' title='bbox 3086 1519 3260 1558; x_wconf 83' lang='lat' dir='ltr'><strong>nexus</strong></span> <span class='ocrx_word' id='word_1_322' title='bbox 3311 1503 3565 1574; x_wconf 87' lang='lat' dir='ltr'><strong>principii</strong></span> <span class='ocrx_word' id='word_1_323' title='bbox 3610 1515 3668 1558; x_wconf 91' lang='lat' dir='ltr'><strong>et</strong></span> <span class='ocrx_word' id='word_1_324' title='bbox 3712 1504 3900 1574; x_wconf 85' lang='lat' dir='ltr'><strong>princi-</strong></span> 
     </span>
    </p>
   </div>
   <div class='ocr_carea' id='block_1_43' title="bbox 2318 1596 3898 1668">
    <p class='ocr_par' dir='ltr' id='par_1_43' title="bbox 2318 1596 3898 1668">
     <span class='ocr_line' id='line_1_43' title="bbox 2318 1596 3898 1668; baseline -0.001 -18"><span class='ocrx_word' id='word_1_325' title='bbox 2318 1596 2451 1667; x_wconf 87' lang='lat' dir='ltr'><strong>piati</strong></span> <span class='ocrx_word' id='word_1_326' title='bbox 2513 1597 2837 1660; x_wconf 84' lang='lat' dir='ltr'><strong>intercedat,</strong></span> <span class='ocrx_word' id='word_1_327' title='bbox 2880 1614 3001 1652; x_wconf 91' lang='lat' dir='ltr'><strong>cum</strong></span> <span class='ocrx_word' id='word_1_328' title='bbox 3034 1598 3196 1652; x_wconf 86' lang='lat' dir='ltr'><strong>etiam</strong></span> <span class='ocrx_word' id='word_1_329' title='bbox 3249 1599 3440 1668; x_wconf 78' lang='lat' dir='ltr'><strong>fratres</strong></span> <span class='ocrx_word' id='word_1_330' title='bbox 3491 1598 3604 1651; x_wconf 93' lang='lat' dir='ltr'><strong>sint</strong></span> <span class='ocrx_word' id='word_1_331' title='bbox 3631 1613 3699 1651; x_wconf 87' lang='lat' dir='ltr'><strong>ac</strong></span> <span class='ocrx_word' id='word_1_332' title='bbox 3724 1597 3898 1650; x_wconf 81' lang='lat' dir='ltr'><strong>dican-</strong></span> 
     </span>
    </p>
   </div>
   <div class='ocr_carea' id='block_1_44' title="bbox 2321 1687 3900 1752">
    <p class='ocr_par' dir='ltr' id='par_1_44' title="bbox 2321 1687 3900 1752">
     <span class='ocr_line' id='line_1_44' title="bbox 2321 1687 3900 1752; baseline -0.003 -10"><span class='ocrx_word' id='word_1_333' title='bbox 2321 1698 2410 1742; x_wconf 88' lang='lat' dir='ltr'><strong>tur</strong></span> <span class='ocrx_word' id='word_1_334' title='bbox 2441 1687 2582 1742; x_wconf 91' lang='lat' dir='ltr'><strong>inter</strong></span> <span class='ocrx_word' id='word_1_335' title='bbox 2616 1703 2674 1741; x_wconf 87' lang='lat' dir='ltr'><strong>se</strong></span> <span class='ocrx_word' id='word_1_336' title='bbox 2703 1688 3234 1752; x_wconf 84' lang='lat' dir='ltr'><strong>consubstantiales;</strong></span> <span class='ocrx_word' id='word_1_337' title='bbox 3273 1695 3512 1741; x_wconf 85' lang='lat' dir='ltr'><strong>attamen</strong></span> <span class='ocrx_word' id='word_1_338' title='bbox 3542 1688 3586 1742; x_wconf 91' lang='lat' dir='ltr'><strong>si</strong></span> <span class='ocrx_word' id='word_1_339' title='bbox 3622 1689 3688 1741; x_wconf 87' lang='lat' dir='ltr'><strong>de</strong></span> <span class='ocrx_word' id='word_1_340' title='bbox 3720 1688 3900 1740; x_wconf 62' lang='lat' dir='ltr'><strong>dicina</strong></span> 
     </span>
    </p>
   </div>
   <div class='ocr_carea' id='block_1_45' title="bbox 2327 1780 3896 1850">
    <p class='ocr_par' dir='ltr' id='par_1_45' title="bbox 2327 1780 3896 1850">
     <span class='ocr_line' id='line_1_45' title="bbox 2327 1780 3896 1850; baseline -0.004 -16"><span class='ocrx_word' id='word_1_341' title='bbox 2327 1781 2599 1836; x_wconf 79' lang='lat' dir='ltr'><strong>Trinitatis</strong></span> <span class='ocrx_word' id='word_1_342' title='bbox 2659 1783 2895 1850; x_wconf 73' lang='lat' dir='ltr'><strong>personis</strong></span> <span class='ocrx_word' id='word_1_343' title='bbox 2966 1780 3502 1834; x_wconf 87' lang='lat' dir='ltr'><strong>consubstantialitas</strong></span> <span class='ocrx_word' id='word_1_344' title='bbox 3561 1780 3896 1849; x_wconf 67' lang='lat' dir='ltr'><strong>przt‘tliCatur,</strong></span> 
     </span>
    </p>
   </div>
   <div class='ocr_carea' id='block_1_46' title="bbox 2324 1873 3898 1945">
    <p class='ocr_par' dir='ltr' id='par_1_46' title="bbox 2324 1873 3898 1945">
     <span class='ocr_line' id='line_1_46' title="bbox 2324 1873 3898 1945; baseline -0.002 -18"><span class='ocrx_word' id='word_1_345' title='bbox 2324 1876 2510 1945; x_wconf 84' lang='lat' dir='ltr'><strong>negari</strong></span> <span class='ocrx_word' id='word_1_346' title='bbox 2529 1889 2753 1944; x_wconf 87' lang='lat' dir='ltr'><strong>prorsus</strong></span> <span class='ocrx_word' id='word_1_347' title='bbox 2780 1890 2887 1929; x_wconf 90' lang='lat' dir='ltr'><strong>non</strong></span> <span class='ocrx_word' id='word_1_348' title='bbox 2918 1882 3117 1944; x_wconf 87' lang='lat' dir='ltr'><strong>potest,</strong></span> <span class='ocrx_word' id='word_1_349' title='bbox 3151 1889 3268 1928; x_wconf 90' lang='lat' dir='ltr'><strong>eam</strong></span> <span class='ocrx_word' id='word_1_350' title='bbox 3287 1889 3410 1929; x_wconf 93' lang='lat' dir='ltr'><strong>cum</strong></span> <span class='ocrx_word' id='word_1_351' title='bbox 3438 1873 3667 1943; x_wconf 81' lang='lat' dir='ltr'><strong>originis</strong></span> <span class='ocrx_word' id='word_1_352' title='bbox 3691 1873 3898 1926; x_wconf 84' lang='lat' dir='ltr'><strong>notiOue</strong></span> 
     </span>
    </p>
   </div>
   <div class='ocr_carea' id='block_1_47' title="bbox 2325 1960 3899 2036">
    <p class='ocr_par' dir='ltr' id='par_1_47' title="bbox 2325 1960 3899 2036">
     <span class='ocr_line' id='line_1_47' title="bbox 2325 1960 3899 2036; baseline -0.004 -18"><span class='ocrx_word' id='word_1_353' title='bbox 2325 1963 2601 2019; x_wconf 77' lang='lat' dir='ltr'><strong>colizerere</strong></span> <span class='ocrx_word' id='word_1_354' title='bbox 2639 1974 2696 2019; x_wconf 92' lang='lat' dir='ltr'><strong>et</strong></span> <span class='ocrx_word' id='word_1_355' title='bbox 2733 1979 2762 2018; x_wconf 92' lang='lat' dir='ltr'><strong>a</strong></span> <span class='ocrx_word' id='word_1_356' title='bbox 2788 1963 2934 2036; x_wconf 78' lang='lat'><strong>[508]</strong></span> <span class='ocrx_word' id='word_1_357' title='bbox 2962 1964 3247 2032; x_wconf 88' lang='lat' dir='ltr'><strong>posteriori</strong></span> <span class='ocrx_word' id='word_1_358' title='bbox 3285 1964 3583 2018; x_wconf 89' lang='lat' dir='ltr'><strong>illationem</strong></span> <span class='ocrx_word' id='word_1_359' title='bbox 3634 1960 3899 2015; x_wconf 79' lang='lat' dir='ltr'><strong>habitudi-</strong></span> 
     </span>
    </p>
   </div>
   <div class='ocr_carea' id='block_1_48' title="bbox 2325 2054 3896 2127">
    <p class='ocr_par' dir='ltr' id='par_1_48' title="bbox 2325 2054 3896 2127">
     <span class='ocr_line' id='line_1_48' title="bbox 2325 2054 3896 2127; baseline -0.001 -19"><span class='ocrx_word' id='word_1_360' title='bbox 2325 2054 2410 2109; x_wconf 82' lang='lat' dir='ltr'><strong>nis</strong></span> <span class='ocrx_word' id='word_1_361' title='bbox 2441 2055 2506 2110; x_wconf 89' lang='lat' dir='ltr'><strong>ad</strong></span> <span class='ocrx_word' id='word_1_362' title='bbox 2543 2055 2805 2127; x_wconf 84' lang='lat' dir='ltr'><strong>originem</strong></span> <span class='ocrx_word' id='word_1_363' title='bbox 2845 2056 3141 2126; x_wconf 88' lang='lat' dir='ltr'><strong>spectantis</strong></span> <span class='ocrx_word' id='word_1_364' title='bbox 3167 2071 3233 2110; x_wconf 77' lang='lat' dir='ltr'><strong>ex</strong></span> <span class='ocrx_word' id='word_1_365' title='bbox 3260 2055 3545 2110; x_wconf 87' lang='lat' dir='ltr'><strong>homousia</strong></span> <span class='ocrx_word' id='word_1_366' title='bbox 3581 2054 3700 2107; x_wconf 82' lang='lat' dir='ltr'><strong>fieri</strong></span> <span class='ocrx_word' id='word_1_367' title='bbox 3729 2068 3896 2120; x_wconf 83' lang='lat' dir='ltr'><strong>posse,</strong></span> 
     </span>
    </p>
   </div>
   <div class='ocr_carea' id='block_1_49' title="bbox 2327 2147 3897 2220">
    <p class='ocr_par' dir='ltr' id='par_1_49' title="bbox 2327 2147 3897 2220">
     <span class='ocr_line' id='line_1_49' title="bbox 2327 2147 3897 2220; baseline -0.003 -17"><span class='ocrx_word' id='word_1_368' title='bbox 2327 2164 2434 2203; x_wconf 93' lang='lat' dir='ltr'><strong>non</strong></span> <span class='ocrx_word' id='word_1_369' title='bbox 2477 2163 2576 2218; x_wconf 88' lang='lat' dir='ltr'><strong>pro</strong></span> <span class='ocrx_word' id='word_1_370' title='bbox 2615 2149 2773 2204; x_wconf 84' lang='lat' dir='ltr'><strong>insita</strong></span> <span class='ocrx_word' id='word_1_371' title='bbox 2812 2149 3062 2205; x_wconf 80' lang='lat' dir='ltr'><strong>vocabuli</strong></span> <span class='ocrx_word' id='word_1_372' title='bbox 3104 2149 3277 2220; x_wconf 90' lang='lat' dir='ltr'><strong>ipsius</strong></span> <span class='ocrx_word' id='word_1_373' title='bbox 3313 2149 3389 2212; x_wconf 83' lang='lat' dir='ltr'><strong>vi,</strong></span> <span class='ocrx_word' id='word_1_374' title='bbox 3416 2149 3511 2203; x_wconf 87' lang='lat' dir='ltr'><strong>sed</strong></span> <span class='ocrx_word' id='word_1_375' title='bbox 3565 2163 3664 2218; x_wconf 87' lang='lat' dir='ltr'><strong>pro</strong></span> <span class='ocrx_word' id='word_1_376' title='bbox 3703 2147 3897 2200; x_wconf 78' lang='lat' dir='ltr'><strong>ratione</strong></span> 
     </span>
    </p>
   </div>
   <div class='ocr_carea' id='block_1_50' title="bbox 2325 2238 3896 2310">
    <p class='ocr_par' dir='ltr' id='par_1_50' title="bbox 2325 2238 3896 2310">
     <span class='ocr_line' id='line_1_50' title="bbox 2325 2238 3896 2310; baseline -0.003 -18"><span class='ocrx_word' id='word_1_377' title='bbox 2325 2254 2388 2294; x_wconf 86' lang='lat' dir='ltr'><strong>ac</strong></span> <span class='ocrx_word' id='word_1_378' title='bbox 2413 2251 2606 2294; x_wconf 87' lang='lat' dir='ltr'><strong>natura</strong></span> <span class='ocrx_word' id='word_1_379' title='bbox 2689 2239 2977 2294; x_wconf 87' lang='lat' dir='ltr'><strong>Trinitatis</strong></span> <span class='ocrx_word' id='word_1_380' title='bbox 3051 2239 3204 2310; x_wconf 77' lang='lat' dir='ltr'><strong>juxta</strong></span> <span class='ocrx_word' id='word_1_381' title='bbox 3266 2239 3533 2310; x_wconf 89' lang='lat' dir='ltr'><strong>principia</strong></span> <span class='ocrx_word' id='word_1_382' title='bbox 3610 2238 3896 2306; x_wconf 73' lang='lat' dir='ltr'><strong>theologica</strong></span> 
     </span>
    </p>
   </div>
   <div class='ocr_carea' id='block_1_51' title="bbox 2303 2329 3895 2401">
    <p class='ocr_par' dir='ltr' id='par_1_51' title="bbox 2303 2329 3895 2401">
     <span class='ocr_line' id='line_1_51' title="bbox 2303 2329 3895 2401; baseline -0.002 -17"><span class='ocrx_word' id='word_1_383' title='bbox 2303 2332 2549 2386; x_wconf 83' lang='lat' dir='ltr'><strong>&#39;omnino</strong></span> <span class='ocrx_word' id='word_1_384' title='bbox 2591 2341 2760 2387; x_wconf 90' lang='lat' dir='ltr'><strong>certa.</strong></span> <span class='ocrx_word' id='word_1_385' title='bbox 2787 2331 2907 2398; x_wconf 85' lang='lat' dir='ltr'><strong>Quo</strong></span> <span class='ocrx_word' id='word_1_386' title='bbox 2931 2332 3032 2386; x_wconf 85' lang='lat' dir='ltr'><strong>ista</strong></span> <span class='ocrx_word' id='word_1_387' title='bbox 3059 2331 3342 2385; x_wconf 79' lang='lat' dir='ltr'><strong>Ratramui</strong></span> <span class='ocrx_word' id='word_1_388' title='bbox 3399 2332 3678 2401; x_wconf 86' lang='lat' dir='ltr'><strong>pertinere</strong></span> <span class='ocrx_word' id='word_1_389' title='bbox 3722 2329 3895 2384; x_wconf 77' lang='lat' dir='ltr'><strong>viden-</strong></span> 
     </span>
    </p>
   </div>
   <div class='ocr_carea' id='block_1_52' title="bbox 2326 2423 3894 2494">
    <p class='ocr_par' dir='ltr' id='par_1_52' title="bbox 2326 2423 3894 2494">
     <span class='ocr_line' id='line_1_52' title="bbox 2326 2423 3894 2494; baseline -0.003 -16"><span class='ocrx_word' id='word_1_390' title='bbox 2326 2432 2412 2478; x_wconf 89' lang='lat' dir='ltr'><strong>tur</strong></span> <span class='ocrx_word' id='word_1_391' title='bbox 2441 2424 2475 2492; x_wconf 93' lang='grc'>(1</span> <span class='ocrx_word' id='word_1_392' title='bbox 2511 2441 2571 2486; x_wconf 85' lang='grc' dir='ltr'><strong>ιι,</strong></span> <span class='ocrx_word' id='word_1_393' title='bbox 2601 2440 2652 2478; x_wconf 91' lang='lat' dir='ltr'><strong>c.</strong></span> <span class='ocrx_word' id='word_1_394' title='bbox 2683 2423 2716 2476; x_wconf 78' lang='lat'><strong>3</strong></span> <span class='ocrx_word' id='word_1_395' title='bbox 2754 2440 2807 2494; x_wconf 93' lang='lat' dir='ltr'><strong>p.</strong></span> <span class='ocrx_word' id='word_1_396' title='bbox 2838 2424 2964 2493; x_wconf 71' lang='lat'><strong>25?.)</strong></span> <span class='ocrx_word' id='word_1_397' title='bbox 2992 2443 3006 2478; x_wconf 91' lang='lat'><strong>:</strong></span> <span class='ocrx_word' id='word_1_398' title='bbox 3052 2444 3071 2476; x_wconf 76' lang='grc' dir='ltr'><strong><em>ι</em></strong></span> <span class='ocrx_word' id='word_1_399' title='bbox 3104 2425 3465 2478; x_wconf 86' lang='lat' dir='ltr'><strong>Monstratum</strong></span> <span class='ocrx_word' id='word_1_400' title='bbox 3506 2424 3695 2494; x_wconf 86' lang='lat' dir='ltr'><strong>igitur,</strong></span> <span class='ocrx_word' id='word_1_401' title='bbox 3747 2424 3813 2475; x_wconf 82' lang='lat' dir='ltr'><strong>ab</strong></span> <span class='ocrx_word' id='word_1_402' title='bbox 3839 2437 3894 2474; x_wconf 64' lang='lat' dir='ltr'><strong>uo</strong></span> 
     </span>
    </p>
   </div>
   <div class='ocr_carea' id='block_1_53' title="bbox 2326 2513 3894 2586">
    <p class='ocr_par' dir='ltr' id='par_1_53' title="bbox 2326 2513 3894 2586">
     <span class='ocr_line' id='line_1_53' title="bbox 2326 2513 3894 2586; baseline 0 -18"><span class='ocrx_word' id='word_1_403' title='bbox 2326 2513 2506 2584; x_wconf 87' lang='lat' dir='ltr'><strong>(Filio)</strong></span> <span class='ocrx_word' id='word_1_404' title='bbox 2544 2517 2837 2586; x_wconf 82' lang='lat' dir='ltr'><strong>procedere</strong></span> <span class='ocrx_word' id='word_1_405' title='bbox 2886 2517 3166 2586; x_wconf 90' lang='lat' dir='ltr'><strong>Spiritum,</strong></span> <span class='ocrx_word' id='word_1_406' title='bbox 3222 2517 3379 2586; x_wconf 86' lang='lat' dir='ltr'><strong>cujus</strong></span> <span class='ocrx_word' id='word_1_407' title='bbox 3426 2525 3510 2570; x_wconf 85' lang='lat' dir='ltr'><strong>est</strong></span> <span class='ocrx_word' id='word_1_408' title='bbox 3556 2526 3764 2569; x_wconf 65' lang='lat' dir='ltr'><strong>natura:</strong></span> <span class='ocrx_word' id='word_1_409' title='bbox 3808 2529 3894 2568; x_wconf 80' lang='lat' dir='ltr'><strong>sea</strong></span> 
     </span>
    </p>
   </div>
   <div class='ocr_carea' id='block_1_54' title="bbox 2325 2609 3893 2680">
    <p class='ocr_par' dir='ltr' id='par_1_54' title="bbox 2325 2609 3893 2680">
     <span class='ocr_line' id='line_1_54' title="bbox 2325 2609 3893 2680; baseline -0.002 -18"><span class='ocrx_word' id='word_1_410' title='bbox 2325 2609 2678 2672; x_wconf 75' lang='lat' dir='ltr'><strong>substantize;</strong></span> <span class='ocrx_word' id='word_1_411' title='bbox 2728 2626 2890 2680; x_wconf 74' lang='lat' dir='ltr'><strong>neque</strong></span> <span class='ocrx_word' id='word_1_412' title='bbox 2930 2612 3066 2663; x_wconf 84' lang='lat' dir='ltr'><strong>enim</strong></span> <span class='ocrx_word' id='word_1_413' title='bbox 3103 2620 3270 2679; x_wconf 73' lang='lat' dir='ltr'><strong>potest</strong></span> <span class='ocrx_word' id='word_1_414' title='bbox 3312 2611 3543 2676; x_wconf 80' lang='lat' dir='ltr'><strong>ejusdem</strong></span> <span class='ocrx_word' id='word_1_415' title='bbox 3578 2618 3785 2662; x_wconf 62' lang='lat' dir='ltr'><strong>naturae</strong></span> <span class='ocrx_word' id='word_1_416' title='bbox 3811 2623 3893 2660; x_wconf 74' lang='lat' dir='ltr'><strong>Seu</strong></span> 
     </span>
    </p>
   </div>
   <div class='ocr_carea' id='block_1_55' title="bbox 2323 2700 3895 2771">
    <p class='ocr_par' dir='ltr' id='par_1_55' title="bbox 2323 2700 3895 2771">
     <span class='ocr_line' id='line_1_55' title="bbox 2323 2700 3895 2771; baseline -0.003 -16"><span class='ocrx_word' id='word_1_417' title='bbox 2323 2701 2652 2765; x_wconf 71' lang='lat' dir='ltr'><strong>substantia’,</strong></span> <span class='ocrx_word' id='word_1_418' title='bbox 2690 2702 2840 2771; x_wconf 80' lang='lat' dir='ltr'><strong>cujus</strong></span> <span class='ocrx_word' id='word_1_419' title='bbox 2868 2712 2941 2755; x_wconf 78' lang='lat' dir='ltr'><strong>est</strong></span> <span class='ocrx_word' id='word_1_420' title='bbox 2973 2701 3159 2767; x_wconf 73' lang='lat' dir='ltr'><strong>Fitius,</strong></span> <span class='ocrx_word' id='word_1_421' title='bbox 3193 2718 3301 2756; x_wconf 81' lang='lat' dir='ltr'><strong>esse</strong></span> <span class='ocrx_word' id='word_1_422' title='bbox 3331 2702 3642 2769; x_wconf 72' lang='grc' dir='ltr'><strong>(ὁμοοὺςιον</strong></span> <span class='ocrx_word' id='word_1_423' title='bbox 3678 2701 3754 2770; x_wconf 83' lang='grc' dir='ltr'>τῷ</span> <span class='ocrx_word' id='word_1_424' title='bbox 3795 2700 3895 2768; x_wconf 53' lang='lat' dir='ltr'><strong>ﬁt}</strong></span> 
     </span>
    </p>
   </div>
   <div class='ocr_carea' id='block_1_56' title="bbox 2325 2791 3894 2864">
    <p class='ocr_par' dir='ltr' id='par_1_56' title="bbox 2325 2791 3894 2864">
     <span class='ocr_line' id='line_1_56' title="bbox 2325 2791 3894 2864; baseline 0 -19"><span class='ocrx_word' id='word_1_425' title='bbox 2325 2791 2505 2863; x_wconf 80' lang='grc' dir='ltr'><strong>εἶναι),</strong></span> <span class='ocrx_word' id='word_1_426' title='bbox 2540 2795 2640 2847; x_wconf 86' lang='lat' dir='ltr'><strong>nisi</strong></span> <span class='ocrx_word' id='word_1_427' title='bbox 2671 2794 2920 2864; x_wconf 75' lang='lat' dir='ltr'><strong>procedat</strong></span> <span class='ocrx_word' id='word_1_428' title='bbox 2949 2793 3013 2847; x_wconf 84' lang='lat' dir='ltr'><strong>ab</strong></span> <span class='ocrx_word' id='word_1_429' title='bbox 3046 2795 3156 2848; x_wconf 84' lang='lat' dir='ltr'><strong>illo.</strong></span> <span class='ocrx_word' id='word_1_430' title='bbox 3192 2814 3209 2845; x_wconf 74' lang='grc' dir='ltr'><strong><em>ι</em></strong></span> <span class='ocrx_word' id='word_1_431' title='bbox 3247 2794 3347 2860; x_wconf 87' lang='lat' dir='ltr'><strong>Qui</strong></span> <span class='ocrx_word' id='word_1_432' title='bbox 3377 2795 3520 2848; x_wconf 85' lang='lat' dir='ltr'><strong>hanc</strong></span> <span class='ocrx_word' id='word_1_433' title='bbox 3553 2796 3894 2863; x_wconf 78' lang='lat' dir='ltr'><strong>posteriorem</strong></span> 
     </span>
    </p>
   </div>
   <div class='ocr_carea' id='block_1_57' title="bbox 2324 2885 3895 2949">
    <p class='ocr_par' dir='ltr' id='par_1_57' title="bbox 2324 2885 3895 2949">
     <span class='ocr_line' id='line_1_57' title="bbox 2324 2885 3895 2949; baseline 0 -11"><span class='ocrx_word' id='word_1_434' title='bbox 2324 2885 2618 2939; x_wconf 91' lang='lat' dir='ltr'><strong>illationem</strong></span> <span class='ocrx_word' id='word_1_435' title='bbox 2646 2902 2753 2939; x_wconf 90' lang='lat' dir='ltr'><strong>non</strong></span> <span class='ocrx_word' id='word_1_436' title='bbox 2790 2886 3107 2948; x_wconf 86' lang='lat' dir='ltr'><strong>admittunt,</strong></span> <span class='ocrx_word' id='word_1_437' title='bbox 3131 2887 3263 2941; x_wconf 88' lang='lat' dir='ltr'><strong>illud</strong></span> <span class='ocrx_word' id='word_1_438' title='bbox 3294 2887 3530 2941; x_wconf 75' lang='lat' dir='ltr'><strong>maxime</strong></span> <span class='ocrx_word' id='word_1_439' title='bbox 3554 2898 3828 2949; x_wconf 81' lang='lat' dir='ltr'><strong>verentur,</strong></span> <span class='ocrx_word' id='word_1_440' title='bbox 3846 2896 3895 2938; x_wconf 87' lang='lat' dir='ltr'><strong>ut</strong></span> 
     </span>
    </p>
   </div>
   <div class='ocr_carea' id='block_1_58' title="bbox 2322 2962 3895 3050">
    <p class='ocr_par' dir='ltr' id='par_1_58' title="bbox 2322 2962 3895 3050">
     <span class='ocr_line' id='line_1_58' title="bbox 2322 2962 3895 3050; baseline -0.003 -16"><span class='ocrx_word' id='word_1_441' title='bbox 2322 2995 2388 3034; x_wconf 79' lang='lat' dir='ltr'><strong>ex</strong></span> <span class='ocrx_word' id='word_1_442' title='bbox 2420 2979 2583 3032; x_wconf 79' lang='lat' dir='ltr'><strong>Becco</strong></span> <span class='ocrx_word' id='word_1_443' title='bbox 2615 2979 2801 3033; x_wconf 86' lang='lat' dir='ltr'><strong>videre</strong></span> <span class='ocrx_word' id='word_1_444' title='bbox 2827 2979 2972 3043; x_wconf 88' lang='lat' dir='ltr'><strong>licet,</strong></span> <span class='ocrx_word' id='word_1_445' title='bbox 3005 2995 3074 3032; x_wconf 72' lang='lat' dir='ltr'><strong>ne</strong></span> <span class='ocrx_word' id='word_1_446' title='bbox 3105 2989 3159 3033; x_wconf 91' lang='lat' dir='ltr'><strong>et</strong></span> <span class='ocrx_word' id='word_1_447' title='bbox 3187 2962 3412 3050; x_wconf 75' lang='lat' dir='ltr'><strong>Spiritui</strong></span> <span class='ocrx_word' id='word_1_448' title='bbox 3451 2986 3640 3034; x_wconf 90' lang='lat' dir='ltr'><strong>sancto</strong></span> <span class='ocrx_word' id='word_1_449' title='bbox 3671 2979 3895 3050; x_wconf 70' lang='grc' dir='ltr'><strong>πρῡῦοὶὴ</strong></span> 
     </span>
    </p>
   </div>
   <div class='ocr_carea' id='block_1_59' title="bbox 2323 3071 3896 3141">
    <p class='ocr_par' dir='ltr' id='par_1_59' title="bbox 2323 3071 3896 3141">
     <span class='ocr_line' id='line_1_59' title="bbox 2323 3071 3896 3141; baseline 0 -18"><span class='ocrx_word' id='word_1_450' title='bbox 2323 3071 2630 3124; x_wconf 87' lang='lat' dir='ltr'><strong>ascribatur</strong></span> <span class='ocrx_word' id='word_1_451' title='bbox 2669 3086 2808 3124; x_wconf 87' lang='lat' dir='ltr'><strong>neve</strong></span> <span class='ocrx_word' id='word_1_452' title='bbox 2833 3071 2892 3135; x_wconf 80' lang='grc' dir='ltr'>ἐξ</span> <span class='ocrx_word' id='word_1_453' title='bbox 2929 3071 3178 3141; x_wconf 73' lang='grc' dir='ltr'><strong>ἀλλήλων</strong></span> <span class='ocrx_word' id='word_1_454' title='bbox 3209 3081 3320 3125; x_wconf 89' lang='lat' dir='ltr'><strong>tres</strong></span> <span class='ocrx_word' id='word_1_455' title='bbox 3352 3087 3602 3140; x_wconf 67' lang='lat' dir='ltr'><strong>personae</strong></span> <span class='ocrx_word' id='word_1_456' title='bbox 3631 3073 3701 3124; x_wconf 89' lang='lat' dir='ltr'><strong>ita</strong></span> <span class='ocrx_word' id='word_1_457' title='bbox 3725 3072 3896 3124; x_wconf 70' lang='lat' dir='ltr'><strong>existi—</strong></span> 
     </span>
    </p>
   </div>
   <div class='ocr_carea' id='block_1_60' title="bbox 2324 3163 3901 3233">
    <p class='ocr_par' dir='ltr' id='par_1_60' title="bbox 2324 3163 3901 3233">
     <span class='ocr_line' id='line_1_60' title="bbox 2324 3163 3901 3233; baseline -0.001 -17"><span class='ocrx_word' id='word_1_458' title='bbox 2324 3173 2562 3225; x_wconf 89' lang='lat' dir='ltr'><strong>mentur,</strong></span> <span class='ocrx_word' id='word_1_459' title='bbox 2591 3171 2647 3216; x_wconf 89' lang='lat' dir='ltr'><strong>ut</strong></span> <span class='ocrx_word' id='word_1_460' title='bbox 2674 3163 2928 3232; x_wconf 37' lang='lat' dir='ltr'><strong>quaslibet</strong></span> <span class='ocrx_word' id='word_1_461' title='bbox 2951 3179 3181 3233; x_wconf 89' lang='lat' dir='ltr'><strong>persona</strong></span> <span class='ocrx_word' id='word_1_462' title='bbox 3216 3164 3441 3217; x_wconf 87' lang='lat' dir='ltr'><strong>alterius</strong></span> <span class='ocrx_word' id='word_1_463' title='bbox 3466 3163 3734 3217; x_wconf 82' lang='lat' dir='ltr'><strong>habeatur</strong></span> <span class='ocrx_word' id='word_1_464' title='bbox 3763 3163 3901 3232; x_wconf 80' lang='lat' dir='ltr'><strong>prin-</strong></span> 
     </span>
    </p>
   </div>
   <div class='ocr_carea' id='block_1_61' title="bbox 635 3243 3893 3325">
    <p class='ocr_par' dir='ltr' id='par_1_61' title="bbox 635 3243 3893 3325">
     <span class='ocr_line' id='line_1_61' title="bbox 635 3243 3893 3325; baseline -0.002 -23"><span class='ocrx_word' id='word_1_465' title='bbox 635 3259 726 3302; x_wconf 87' lang='lat' dir='ltr'><strong>tur</strong></span> <span class='ocrx_word' id='word_1_466' title='bbox 783 3246 1002 3316; x_wconf 89' lang='lat' dir='ltr'><strong>quidem</strong></span> <span class='ocrx_word' id='word_1_467' title='bbox 1053 3243 1250 3299; x_wconf 86' lang='lat' dir='ltr'><strong>Filium</strong></span> <span class='ocrx_word' id='word_1_468' title='bbox 1303 3259 1423 3300; x_wconf 92' lang='lat' dir='ltr'><strong>esse</strong></span> <span class='ocrx_word' id='word_1_469' title='bbox 1491 3245 1635 3299; x_wconf 86' lang='lat' dir='ltr'><strong>Patri</strong></span> <span class='ocrx_word' id='word_1_470' title='bbox 1701 3247 2216 3301; x_wconf 86' lang='lat' dir='ltr'><strong>consubstantialem</strong></span> <span class='ocrx_word' id='word_1_471' title='bbox 2249 3266 2290 3323; x_wconf 67' lang='grc' dir='ltr'>ο</span> <span class='ocrx_word' id='word_1_472' title='bbox 2325 3253 2530 3324; x_wconf 83' lang='lat' dir='ltr'><strong>cipium</strong></span> <span class='ocrx_word' id='word_1_473' title='bbox 2552 3261 2606 3307; x_wconf 79' lang='lat' dir='ltr'><strong>et</strong></span> <span class='ocrx_word' id='word_1_474' title='bbox 2624 3254 2898 3324; x_wconf 77' lang='lat' dir='ltr'><strong>reciproca</strong></span> <span class='ocrx_word' id='word_1_475' title='bbox 2924 3255 3210 3325; x_wconf 72' lang='lat' dir='ltr'><strong>productio</strong></span> <span class='ocrx_word' id='word_1_476' title='bbox 3241 3264 3532 3310; x_wconf 64' lang='lat' dir='ltr'><strong>statuatur,</strong></span> <span class='ocrx_word' id='word_1_477' title='bbox 3555 3255 3663 3309; x_wconf 74' lang='lat' dir='ltr'><strong>Sed</strong></span> <span class='ocrx_word' id='word_1_478' title='bbox 3685 3269 3790 3308; x_wconf 79' lang='lat' dir='ltr'><strong>non</strong></span> <span class='ocrx_word' id='word_1_479' title='bbox 3804 3255 3893 3308; x_wconf 71' lang='lat' dir='ltr'><strong>ad.</strong></span> 
     </span>
    </p>
   </div>
   <div class='ocr_carea' id='block_1_62' title="bbox 636 3335 2218 3408">
    <p class='ocr_par' dir='ltr' id='par_1_62' title="bbox 636 3335 2218 3408">
     <span class='ocr_line' id='line_1_62' title="bbox 636 3335 2218 3408; baseline 0.002 -19"><span class='ocrx_word' id='word_1_480' title='bbox 636 3335 920 3408; x_wconf 75' lang='grc' dir='ltr'><strong>(ὁμοφυῆ),</strong></span> <span class='ocrx_word' id='word_1_481' title='bbox 965 3336 1090 3406; x_wconf 85' lang='lat' dir='ltr'><strong>quia</strong></span> <span class='ocrx_word' id='word_1_482' title='bbox 1127 3351 1190 3390; x_wconf 82' lang='lat' dir='ltr'><strong>ex</strong></span> <span class='ocrx_word' id='word_1_483' title='bbox 1225 3336 1461 3390; x_wconf 86' lang='lat' dir='ltr'><strong>essentia</strong></span> <span class='ocrx_word' id='word_1_484' title='bbox 1488 3345 1572 3391; x_wconf 92' lang='lat' dir='ltr'><strong>est</strong></span> <span class='ocrx_word' id='word_1_485' title='bbox 1607 3336 1801 3399; x_wconf 83' lang='lat' dir='ltr'><strong>Patris,</strong></span> <span class='ocrx_word' id='word_1_486' title='bbox 1843 3352 1946 3390; x_wconf 88' lang='lat' dir='ltr'><strong>nec</strong></span> <span class='ocrx_word' id='word_1_487' title='bbox 1973 3336 2095 3392; x_wconf 91' lang='lat' dir='ltr'><strong>ideo</strong></span> <span class='ocrx_word' id='word_1_488' title='bbox 2123 3353 2218 3394; x_wconf 78' lang='lat'><strong>(&#39;0-</strong></span> 
     </span>
    </p>
   </div>
   <div class='ocr_carea' id='block_1_63' title="bbox 633 3427 2214 3499">
    <p class='ocr_par' dir='ltr' id='par_1_63' title="bbox 633 3427 2214 3499">
     <span class='ocr_line' id='line_1_63' title="bbox 633 3427 2214 3499; baseline 0.001 -17"><span class='ocrx_word' id='word_1_489' title='bbox 633 3430 776 3499; x_wconf 85' lang='lat' dir='ltr'><strong>gitur</strong></span> <span class='ocrx_word' id='word_1_490' title='bbox 826 3428 984 3483; x_wconf 88' lang='lat' dir='ltr'><strong>Pater</strong></span> <span class='ocrx_word' id='word_1_491' title='bbox 1024 3443 1146 3482; x_wconf 90' lang='lat' dir='ltr'><strong>esse</strong></span> <span class='ocrx_word' id='word_1_492' title='bbox 1195 3444 1258 3482; x_wconf 79' lang='lat' dir='ltr'><strong>ex</strong></span> <span class='ocrx_word' id='word_1_493' title='bbox 1288 3427 1449 3490; x_wconf 87' lang='lat' dir='ltr'><strong>Filio.</strong></span> <span class='ocrx_word' id='word_1_494' title='bbox 1496 3429 1621 3498; x_wconf 87' lang='lat' dir='ltr'><strong>quia</strong></span> <span class='ocrx_word' id='word_1_495' title='bbox 1672 3429 1919 3484; x_wconf 88' lang='lat' dir='ltr'><strong>eamdem</strong></span> <span class='ocrx_word' id='word_1_496' title='bbox 1961 3440 2214 3484; x_wconf 89' lang='lat' dir='ltr'><strong>naturam</strong></span> 
     </span>
    </p>
   </div>
   <div class='ocr_carea' id='block_1_64' title="bbox 631 3519 2216 3593">
    <p class='ocr_par' dir='ltr' id='par_1_64' title="bbox 631 3519 2216 3593">
     <span class='ocr_line' id='line_1_64' title="bbox 631 3519 2216 3593; baseline 0.001 -17"><span class='ocrx_word' id='word_1_497' title='bbox 631 3521 799 3576; x_wconf 84' lang='lat' dir='ltr'><strong>habet</strong></span> <span class='ocrx_word' id='word_1_498' title='bbox 833 3521 993 3575; x_wconf 87' lang='lat' dir='ltr'><strong>Pater</strong></span> <span class='ocrx_word' id='word_1_499' title='bbox 1021 3536 1145 3575; x_wconf 91' lang='lat' dir='ltr'><strong>cum</strong></span> <span class='ocrx_word' id='word_1_500' title='bbox 1175 3519 1334 3574; x_wconf 89' lang='lat' dir='ltr'><strong>Filio.</strong></span> <span class='ocrx_word' id='word_1_501' title='bbox 1360 3520 1509 3593; x_wconf 74' lang='lat'><strong>{507]</strong></span> <span class='ocrx_word' id='word_1_502' title='bbox 1544 3522 1600 3575; x_wconf 79' lang='lat' dir='ltr'><strong>Si</strong></span> <span class='ocrx_word' id='word_1_503' title='bbox 1628 3522 1755 3592; x_wconf 90' lang='lat' dir='ltr'><strong>quid</strong></span> <span class='ocrx_word' id='word_1_504' title='bbox 1786 3523 1930 3575; x_wconf 93' lang='lat' dir='ltr'><strong>enim</strong></span> <span class='ocrx_word' id='word_1_505' title='bbox 1963 3537 2027 3576; x_wconf 82' lang='lat' dir='ltr'><strong>ex</strong></span> <span class='ocrx_word' id='word_1_506' title='bbox 2059 3522 2216 3577; x_wconf 84' lang='lat' dir='ltr'><strong>Patre</strong></span> 
     </span>
    </p>
   </div>
   <div class='ocr_carea' id='block_1_65' title="bbox 631 3608 2215 3681">
    <p class='ocr_par' dir='ltr' id='par_1_65' title="bbox 631 3608 2215 3681">
     <span class='ocr_line' id='line_1_65' title="bbox 631 3608 2215 3681; baseline -0.001 -15"><span class='ocrx_word' id='word_1_507' title='bbox 631 3610 800 3666; x_wconf 85' lang='lat' dir='ltr'><strong>veluti</strong></span> <span class='ocrx_word' id='word_1_508' title='bbox 849 3608 1038 3675; x_wconf 83' lang='lat' dir='ltr'><strong>Filius,</strong></span> <span class='ocrx_word' id='word_1_509' title='bbox 1092 3611 1143 3666; x_wconf 91' lang='lat' dir='ltr'><strong>id</strong></span> <span class='ocrx_word' id='word_1_510' title='bbox 1173 3620 1226 3664; x_wconf 91' lang='lat' dir='ltr'><strong>et</strong></span> <span class='ocrx_word' id='word_1_511' title='bbox 1251 3610 1395 3665; x_wconf 91' lang='lat' dir='ltr'><strong>Patri</strong></span> <span class='ocrx_word' id='word_1_512' title='bbox 1453 3611 1915 3667; x_wconf 83' lang='lat' dir='ltr'><strong>consubstantiale</strong></span> <span class='ocrx_word' id='word_1_513' title='bbox 1945 3622 2047 3674; x_wconf 91' lang='lat' dir='ltr'><strong>est,</strong></span> <span class='ocrx_word' id='word_1_514' title='bbox 2087 3613 2215 3681; x_wconf 90' lang='lat' dir='ltr'><strong>quia</strong></span> 
     </span>
    </p>
   </div>
   <div class='ocr_carea' id='block_1_66' title="bbox 628 3701 2214 3774">
    <p class='ocr_par' dir='ltr' id='par_1_66' title="bbox 628 3701 2214 3774">
     <span class='ocr_line' id='line_1_66' title="bbox 628 3701 2214 3774; baseline 0 -16"><span class='ocrx_word' id='word_1_515' title='bbox 628 3702 762 3774; x_wconf 82' lang='lat' dir='ltr'><strong>illud</strong></span> <span class='ocrx_word' id='word_1_516' title='bbox 792 3717 858 3756; x_wconf 82' lang='lat' dir='ltr'><strong>ex</strong></span> <span class='ocrx_word' id='word_1_517' title='bbox 891 3702 1130 3756; x_wconf 88' lang='lat' dir='ltr'><strong>essentia</strong></span> <span class='ocrx_word' id='word_1_518' title='bbox 1174 3701 1350 3756; x_wconf 86' lang='lat' dir='ltr'><strong>Patris</strong></span> <span class='ocrx_word' id='word_1_519' title='bbox 1387 3711 1490 3767; x_wconf 90' lang='lat' dir='ltr'><strong>est,</strong></span> <span class='ocrx_word' id='word_1_520' title='bbox 1527 3717 1637 3756; x_wconf 91' lang='lat' dir='ltr'><strong>non</strong></span> <span class='ocrx_word' id='word_1_521' title='bbox 1665 3718 1795 3758; x_wconf 80' lang='lat' dir='ltr'><strong>vero</strong></span> <span class='ocrx_word' id='word_1_522' title='bbox 1835 3703 1880 3758; x_wconf 90' lang='lat' dir='ltr'><strong>si</strong></span> <span class='ocrx_word' id='word_1_523' title='bbox 1915 3705 2044 3773; x_wconf 89' lang='lat' dir='ltr'><strong>quid</strong></span> <span class='ocrx_word' id='word_1_524' title='bbox 2082 3720 2214 3758; x_wconf 91' lang='lat' dir='ltr'><strong>con—</strong></span> 
     </span>
    </p>
   </div>
   <div class='ocr_carea' id='block_1_67' title="bbox 629 3794 2214 3864">
    <p class='ocr_par' dir='ltr' id='par_1_67' title="bbox 629 3794 2214 3864">
     <span class='ocr_line' id='line_1_67' title="bbox 629 3794 2214 3864; baseline 0.002 -16"><span class='ocrx_word' id='word_1_525' title='bbox 629 3795 987 3850; x_wconf 79' lang='lat' dir='ltr'><strong>substantiale</strong></span> <span class='ocrx_word' id='word_1_526' title='bbox 1015 3803 1100 3848; x_wconf 87' lang='lat' dir='ltr'><strong>est</strong></span> <span class='ocrx_word' id='word_1_527' title='bbox 1124 3809 1248 3848; x_wconf 90' lang='lat' dir='ltr'><strong>cum</strong></span> <span class='ocrx_word' id='word_1_528' title='bbox 1293 3795 1496 3864; x_wconf 85' lang='lat' dir='ltr'><strong>aliquo,</strong></span> <span class='ocrx_word' id='word_1_529' title='bbox 1543 3796 1644 3849; x_wconf 92' lang='lat' dir='ltr'><strong>hoc</strong></span> <span class='ocrx_word' id='word_1_530' title='bbox 1675 3795 1842 3849; x_wconf 83' lang='lat' dir='ltr'><strong>veluti</strong></span> <span class='ocrx_word' id='word_1_531' title='bbox 1870 3804 1926 3848; x_wconf 86' lang='lat' dir='ltr'><strong>et</strong></span> <span class='ocrx_word' id='word_1_532' title='bbox 1956 3809 2020 3849; x_wconf 77' lang='lat' dir='ltr'><strong>ex</strong></span> <span class='ocrx_word' id='word_1_533' title='bbox 2054 3794 2214 3851; x_wconf 87' lang='lat' dir='ltr'><strong>Patre</strong></span> 
     </span>
    </p>
   </div>
   <div class='ocr_carea' id='block_1_68' title="bbox 625 3886 2214 3959">
    <p class='ocr_par' dir='ltr' id='par_1_68' title="bbox 625 3886 2214 3959">
     <span class='ocr_line' id='line_1_68' title="bbox 625 3886 2214 3959; baseline 0.001 -18"><span class='ocrx_word' id='word_1_534' title='bbox 625 3887 875 3954; x_wconf 87' lang='lat' dir='ltr'><strong>ejusdem</strong></span> <span class='ocrx_word' id='word_1_535' title='bbox 901 3887 1154 3941; x_wconf 70' lang='lat' dir='ltr'><strong>essentia:</strong></span> <span class='ocrx_word' id='word_1_536' title='bbox 1183 3896 1286 3942; x_wconf 90' lang='lat' dir='ltr'><strong>est.</strong></span> <span class='ocrx_word' id='word_1_537' title='bbox 1317 3887 1409 3941; x_wconf 85' lang='lat' dir='ltr'><strong>Sic</strong></span> <span class='ocrx_word' id='word_1_538' title='bbox 1439 3887 1604 3959; x_wconf 90' lang='lat' dir='ltr'><strong>igitur</strong></span> <span class='ocrx_word' id='word_1_539' title='bbox 1633 3896 1686 3941; x_wconf 85' lang='lat' dir='ltr'><strong>et</strong></span> <span class='ocrx_word' id='word_1_540' title='bbox 1716 3886 1950 3958; x_wconf 84' lang='lat' dir='ltr'><strong>Spiritus</strong></span> <span class='ocrx_word' id='word_1_541' title='bbox 1990 3890 2214 3943; x_wconf 79' lang='lat' dir='ltr'><strong>consub-</strong></span> 
     </span>
    </p>
   </div>
   <div class='ocr_carea' id='block_1_69' title="bbox 621 3977 2213 4048">
    <p class='ocr_par' dir='ltr' id='par_1_69' title="bbox 621 3977 2213 4048">
     <span class='ocr_line' id='line_1_69' title="bbox 621 3977 2213 4048; baseline 0.002 -16"><span class='ocrx_word' id='word_1_542' title='bbox 621 3977 899 4032; x_wconf 75' lang='lat' dir='ltr'><strong>stantialis</strong></span> <span class='ocrx_word' id='word_1_543' title='bbox 929 3987 1004 4031; x_wconf 82' lang='lat' dir='ltr'><strong>est</strong></span> <span class='ocrx_word' id='word_1_544' title='bbox 1034 3977 1206 4041; x_wconf 88' lang='lat' dir='ltr'><strong>Filio;</strong></span> <span class='ocrx_word' id='word_1_545' title='bbox 1237 3979 1360 4048; x_wconf 87' lang='lat' dir='ltr'><strong>quia</strong></span> <span class='ocrx_word' id='word_1_546' title='bbox 1389 3995 1454 4032; x_wconf 75' lang='lat' dir='ltr'><strong>ex</strong></span> <span class='ocrx_word' id='word_1_547' title='bbox 1483 3981 1707 4034; x_wconf 78' lang='lat' dir='ltr'><strong>essentia</strong></span> <span class='ocrx_word' id='word_1_548' title='bbox 1743 3991 1813 4035; x_wconf 84' lang='lat' dir='ltr'><strong>est</strong></span> <span class='ocrx_word' id='word_1_549' title='bbox 1843 3981 1999 4047; x_wconf 81' lang='lat' dir='ltr'><strong>Filii;</strong></span> <span class='ocrx_word' id='word_1_550' title='bbox 2027 3991 2081 4034; x_wconf 85' lang='grc' dir='ltr'><strong>αι</strong></span> <span class='ocrx_word' id='word_1_551' title='bbox 2114 3997 2213 4035; x_wconf 87' lang='lat' dir='ltr'><strong>non</strong></span> 
     </span>
    </p>
   </div>
   <div class='ocr_carea' id='block_1_70' title="bbox 624 4069 2214 4141">
    <p class='ocr_par' dir='ltr' id='par_1_70' title="bbox 624 4069 2214 4141">
     <span class='ocr_line' id='line_1_70' title="bbox 624 4069 2214 4141; baseline 0.003 -18"><span class='ocrx_word' id='word_1_552' title='bbox 624 4071 758 4141; x_wconf 83' lang='lat' dir='ltr'><strong>quia</strong></span> <span class='ocrx_word' id='word_1_553' title='bbox 808 4069 1279 4123; x_wconf 81' lang='lat' dir='ltr'><strong>consubstantiaiis</strong></span> <span class='ocrx_word' id='word_1_554' title='bbox 1324 4070 1484 4137; x_wconf 86' lang='lat' dir='ltr'><strong>Filio,</strong></span> <span class='ocrx_word' id='word_1_555' title='bbox 1534 4072 1650 4126; x_wconf 84' lang='lat' dir='ltr'><strong>ideo</strong></span> <span class='ocrx_word' id='word_1_556' title='bbox 1676 4083 1724 4127; x_wconf 86' lang='lat' dir='ltr'><strong>et</strong></span> <span class='ocrx_word' id='word_1_557' title='bbox 1755 4090 1818 4128; x_wconf 79' lang='lat' dir='ltr'><strong>ea:</strong></span> <span class='ocrx_word' id='word_1_558' title='bbox 1854 4075 2008 4129; x_wconf 76' lang='lat' dir='ltr'><strong>Filio.</strong></span> <span class='ocrx_word' id='word_1_559' title='bbox 2049 4071 2214 4127; x_wconf 80' lang='lat' dir='ltr'><strong>Nam-</strong></span> 
     </span>
    </p>
   </div>
   <div class='ocr_carea' id='block_1_71' title="bbox 628 4158 2214 4230">
    <p class='ocr_par' dir='ltr' id='par_1_71' title="bbox 628 4158 2214 4230">
     <span class='ocr_line' id='line_1_71' title="bbox 628 4158 2214 4230; baseline 0 -16"><span class='ocrx_word' id='word_1_560' title='bbox 628 4174 737 4230; x_wconf 88' lang='lat' dir='ltr'><strong>que</strong></span> <span class='ocrx_word' id='word_1_561' title='bbox 768 4158 811 4212; x_wconf 89' lang='lat' dir='ltr'><strong>si</strong></span> <span class='ocrx_word' id='word_1_562' title='bbox 843 4158 896 4212; x_wconf 93' lang='lat' dir='ltr'><strong>id</strong></span> <span class='ocrx_word' id='word_1_563' title='bbox 935 4167 1104 4228; x_wconf 78' lang='lat' dir='ltr'><strong>esset,</strong></span> <span class='ocrx_word' id='word_1_564' title='bbox 1161 4167 1309 4213; x_wconf 85' lang='lat' dir='ltr'><strong>esset</strong></span> <span class='ocrx_word' id='word_1_565' title='bbox 1354 4167 1412 4214; x_wconf 88' lang='lat' dir='ltr'><strong>et</strong></span> <span class='ocrx_word' id='word_1_566' title='bbox 1447 4175 1512 4214; x_wconf 81' lang='lat' dir='ltr'><strong>ex</strong></span> <span class='ocrx_word' id='word_1_567' title='bbox 1547 4160 1752 4230; x_wconf 88' lang='lat' dir='ltr'><strong>Spiritu</strong></span> <span class='ocrx_word' id='word_1_568' title='bbox 1800 4161 1990 4224; x_wconf 88' lang='lat' dir='ltr'><strong>Filius,</strong></span> <span class='ocrx_word' id='word_1_569' title='bbox 2041 4159 2214 4230; x_wconf 89' lang='lat' dir='ltr'><strong>siqui-</strong></span> 
     </span>
    </p>
   </div>
   <div class='ocr_carea' id='block_1_72' title="bbox 629 4250 2214 4320">
    <p class='ocr_par' dir='ltr' id='par_1_72' title="bbox 629 4250 2214 4320">
     <span class='ocr_line' id='line_1_72' title="bbox 629 4250 2214 4320; baseline -0.001 -13"><span class='ocrx_word' id='word_1_570' title='bbox 629 4253 752 4307; x_wconf 88' lang='lat' dir='ltr'><strong>dem</strong></span> <span class='ocrx_word' id='word_1_571' title='bbox 785 4265 846 4305; x_wconf 83' lang='lat' dir='ltr'><strong>ea</strong></span> <span class='ocrx_word' id='word_1_572' title='bbox 879 4265 1001 4320; x_wconf 69' lang='lat' dir='ltr'><strong>qua:</strong></span> <span class='ocrx_word' id='word_1_573' title='bbox 1045 4250 1290 4320; x_wconf 84' lang='lat' dir='ltr'><strong>ejusdem</strong></span> <span class='ocrx_word' id='word_1_574' title='bbox 1330 4253 1584 4306; x_wconf 68' lang='lat' dir='ltr'><strong>essentia:</strong></span> <span class='ocrx_word' id='word_1_575' title='bbox 1621 4260 1769 4317; x_wconf 88' lang='lat' dir='ltr'><strong>sunt,</strong></span> <span class='ocrx_word' id='word_1_576' title='bbox 1823 4252 1965 4307; x_wconf 87' lang='lat' dir='ltr'><strong>inter</strong></span> <span class='ocrx_word' id='word_1_577' title='bbox 1991 4267 2049 4307; x_wconf 91' lang='lat' dir='ltr'><strong>se</strong></span> <span class='ocrx_word' id='word_1_578' title='bbox 2079 4268 2214 4307; x_wconf 86' lang='lat' dir='ltr'><strong>eon-</strong></span> 
     </span>
    </p>
   </div>
   <div class='ocr_carea' id='block_1_73' title="bbox 628 4342 2211 4412">
    <p class='ocr_par' dir='ltr' id='par_1_73' title="bbox 628 4342 2211 4412">
     <span class='ocr_line' id='line_1_73' title="bbox 628 4342 2211 4412; baseline 0.002 -17"><span class='ocrx_word' id='word_1_579' title='bbox 628 4350 919 4397; x_wconf 86' lang='lat' dir='ltr'><strong>vertuntur</strong></span> <span class='ocrx_word' id='word_1_580' title='bbox 971 4342 1073 4412; x_wconf 87' lang='grc'><strong>(1).</strong></span> <span class='ocrx_word' id='word_1_581' title='bbox 1103 4361 1122 4395; x_wconf 75' lang='grc' dir='ltr'><strong><em>ι</em></strong></span> <span class='ocrx_word' id='word_1_582' title='bbox 1187 4342 1450 4397; x_wconf 86' lang='lat' dir='ltr'><strong>Similiter</strong></span> <span class='ocrx_word' id='word_1_583' title='bbox 1501 4350 1557 4398; x_wconf 90' lang='lat' dir='ltr'><strong>et</strong></span> <span class='ocrx_word' id='word_1_584' title='bbox 1601 4343 1690 4397; x_wconf 90' lang='lat' dir='ltr'><strong>alii</strong></span> <span class='ocrx_word' id='word_1_585' title='bbox 1741 4343 1991 4399; x_wconf 88' lang='lat' dir='ltr'><strong>catholici</strong></span> <span class='ocrx_word' id='word_1_586' title='bbox 2040 4343 2211 4399; x_wconf 68' lang='lat' dir='ltr'><strong>Grmci</strong></span> 
     </span>
    </p>
   </div>
   <div class='ocr_carea' id='block_1_74' title="bbox 629 4433 2214 4508">
    <p class='ocr_par' dir='ltr' id='par_1_74' title="bbox 629 4433 2214 4508">
     <span class='ocr_line' id='line_1_74' title="bbox 629 4433 2214 4508; baseline 0.003 -21"><span class='ocrx_word' id='word_1_587' title='bbox 629 4433 931 4489; x_wconf 90' lang='lat' dir='ltr'><strong>decernunt</strong></span> <span class='ocrx_word' id='word_1_588' title='bbox 971 4433 1069 4505; x_wconf 57' lang='grc' dir='ltr'><strong>(ξ).</strong></span> <span class='ocrx_word' id='word_1_589' title='bbox 1117 4433 1260 4489; x_wconf 83' lang='lat' dir='ltr'><strong>Nulli</strong></span> <span class='ocrx_word' id='word_1_590' title='bbox 1314 4450 1446 4490; x_wconf 88' lang='lat' dir='ltr'><strong>sane</strong></span> <span class='ocrx_word' id='word_1_591' title='bbox 1481 4436 1870 4491; x_wconf 63' lang='lat' dir='ltr'><strong>controversiae</strong></span> <span class='ocrx_word' id='word_1_592' title='bbox 1917 4435 2002 4492; x_wconf 88' lang='lat' dir='ltr'><strong>id’</strong></span> <span class='ocrx_word' id='word_1_593' title='bbox 2034 4444 2214 4508; x_wconf 91' lang='lat' dir='ltr'><strong>potest</strong></span> 
     </span>
    </p>
   </div>
   <div class='ocr_carea' id='block_1_75' title="bbox 628 4524 2214 4599">
    <p class='ocr_par' dir='ltr' id='par_1_75' title="bbox 628 4524 2214 4599">
     <span class='ocr_line' id='line_1_75' title="bbox 628 4524 2214 4599; baseline 0.003 -21"><span class='ocrx_word' id='word_1_594' title='bbox 628 4538 752 4579; x_wconf 85' lang='lat' dir='ltr'><strong>esse</strong></span> <span class='ocrx_word' id='word_1_595' title='bbox 797 4524 1113 4590; x_wconf 84' lang='lat' dir='ltr'><strong>obnoxium,</strong></span> <span class='ocrx_word' id='word_1_596' title='bbox 1157 4526 1676 4581; x_wconf 89' lang='lat' dir='ltr'><strong>consubstantialem</strong></span> <span class='ocrx_word' id='word_1_597' title='bbox 1717 4526 1840 4583; x_wconf 92' lang='lat' dir='ltr'><strong>ideo</strong></span> <span class='ocrx_word' id='word_1_598' title='bbox 1889 4543 2052 4583; x_wconf 86' lang='lat' dir='ltr'><strong>unam</strong></span> <span class='ocrx_word' id='word_1_599' title='bbox 2089 4543 2214 4599; x_wconf 83' lang='lat' dir='ltr'><strong>per-</strong></span> 
     </span>
    </p>
   </div>
   <div class='ocr_carea' id='block_1_76' title="bbox 2322 3345 3902 3417">
    <p class='ocr_par' dir='ltr' id='par_1_76' title="bbox 2322 3345 3902 3417">
     <span class='ocr_line' id='line_1_76' title="bbox 2322 3345 3902 3417; baseline 0 -17"><span class='ocrx_word' id='word_1_600' title='bbox 2322 3353 2542 3400; x_wconf 84' lang='lat' dir='ltr'><strong>vertunt</strong></span> <span class='ocrx_word' id='word_1_601' title='bbox 2575 3345 2800 3400; x_wconf 90' lang='lat' dir='ltr'><strong>minime</strong></span> <span class='ocrx_word' id='word_1_602' title='bbox 2837 3346 2918 3417; x_wconf 87' lang='lat' dir='ltr'><strong>agi</strong></span> <span class='ocrx_word' id='word_1_603' title='bbox 2945 3347 3011 3401; x_wconf 90' lang='lat' dir='ltr'><strong>de</strong></span> <span class='ocrx_word' id='word_1_604' title='bbox 3044 3357 3230 3401; x_wconf 88' lang='lat' dir='ltr'><strong>mutua</strong></span> <span class='ocrx_word' id='word_1_605' title='bbox 3263 3348 3648 3416; x_wconf 87' lang='lat' dir='ltr'><strong>productione,</strong></span> <span class='ocrx_word' id='word_1_606' title='bbox 3681 3364 3799 3416; x_wconf 70' lang='lat' dir='ltr'><strong>qua-</strong></span> <span class='ocrx_word' id='word_1_607' title='bbox 3817 3350 3902 3401; x_wconf 74' lang='lat' dir='ltr'><strong>ah-</strong></span> 
     </span>
    </p>
   </div>
   <div class='ocr_carea' id='block_1_77' title="bbox 2320 3437 3898 3512">
    <p class='ocr_par' dir='ltr' id='par_1_77' title="bbox 2320 3437 3898 3512">
     <span class='ocr_line' id='line_1_77' title="bbox 2320 3437 3898 3512; baseline 0 -20"><span class='ocrx_word' id='word_1_608' title='bbox 2320 3437 2544 3493; x_wconf 90' lang='lat' dir='ltr'><strong>surdum</strong></span> <span class='ocrx_word' id='word_1_609' title='bbox 2574 3437 2824 3501; x_wconf 89' lang='lat' dir='ltr'><strong>includit,</strong></span> <span class='ocrx_word' id='word_1_610' title='bbox 2846 3438 2940 3492; x_wconf 91' lang='lat' dir='ltr'><strong>sed</strong></span> <span class='ocrx_word' id='word_1_611' title='bbox 2970 3440 3037 3493; x_wconf 90' lang='lat' dir='ltr'><strong>de</strong></span> <span class='ocrx_word' id='word_1_612' title='bbox 3063 3439 3380 3494; x_wconf 88' lang='lat' dir='ltr'><strong>habitudine</strong></span> <span class='ocrx_word' id='word_1_613' title='bbox 3405 3456 3468 3493; x_wconf 86' lang='lat' dir='ltr'><strong>ac</strong></span> <span class='ocrx_word' id='word_1_614' title='bbox 3492 3457 3636 3494; x_wconf 80' lang='lat' dir='ltr'><strong>nexu</strong></span> <span class='ocrx_word' id='word_1_615' title='bbox 3659 3440 3898 3512; x_wconf 80' lang='lat' dir='ltr'><strong>originis,</strong></span> 
     </span>
    </p>
   </div>
   <div class='ocr_carea' id='block_1_78' title="bbox 2319 3530 3904 3601">
    <p class='ocr_par' dir='ltr' id='par_1_78' title="bbox 2319 3530 3904 3601">
     <span class='ocr_line' id='line_1_78' title="bbox 2319 3530 3904 3601; baseline 0.001 -18"><span class='ocrx_word' id='word_1_616' title='bbox 2319 3545 2428 3600; x_wconf 93' lang='lat' dir='ltr'><strong>quo</strong></span> <span class='ocrx_word' id='word_1_617' title='bbox 2463 3546 2568 3584; x_wconf 89' lang='lat' dir='ltr'><strong>una</strong></span> <span class='ocrx_word' id='word_1_618' title='bbox 2596 3545 2826 3600; x_wconf 89' lang='lat' dir='ltr'><strong>persona</strong></span> <span class='ocrx_word' id='word_1_619' title='bbox 2849 3530 3094 3595; x_wconf 87' lang='lat' dir='ltr'><strong>alterius,</strong></span> <span class='ocrx_word' id='word_1_620' title='bbox 3119 3546 3240 3601; x_wconf 66' lang='lat' dir='ltr'><strong>quae</strong></span> <span class='ocrx_word' id='word_1_621' title='bbox 3263 3531 3310 3585; x_wconf 92' lang='lat' dir='ltr'><strong>ei</strong></span> <span class='ocrx_word' id='word_1_622' title='bbox 3335 3533 3904 3587; x_wconf 75' lang='lat' dir='ltr'><strong>consubstantialide</strong></span> 
     </span>
    </p>
   </div>
   <div class='ocr_carea' id='block_1_79' title="bbox 2318 3620 3892 3691">
    <p class='ocr_par' dir='ltr' id='par_1_79' title="bbox 2318 3620 3892 3691">
     <span class='ocr_line' id='line_1_79' title="bbox 2318 3620 3892 3691; baseline -0.001 -15"><span class='ocrx_word' id='word_1_623' title='bbox 2318 3621 2569 3686; x_wconf 87' lang='lat' dir='ltr'><strong>citur,vcl</strong></span> <span class='ocrx_word' id='word_1_624' title='bbox 2588 3620 2916 3691; x_wconf 82' lang='lat' dir='ltr'><strong>principiqu</strong></span> <span class='ocrx_word' id='word_1_625' title='bbox 2941 3629 3023 3674; x_wconf 92' lang='lat' dir='ltr'><strong>est</strong></span> <span class='ocrx_word' id='word_1_626' title='bbox 3045 3622 3126 3675; x_wconf 85' lang='lat' dir='ltr'><strong>vel</strong></span> <span class='ocrx_word' id='word_1_627' title='bbox 3144 3623 3211 3676; x_wconf 87' lang='lat' dir='ltr'><strong>ab</strong></span> <span class='ocrx_word' id='word_1_628' title='bbox 3233 3637 3294 3675; x_wconf 88' lang='lat' dir='ltr'><strong>ea</strong></span> <span class='ocrx_word' id='word_1_629' title='bbox 3321 3622 3668 3691; x_wconf 86' lang='lat' dir='ltr'><strong>principiata.</strong></span> <span class='ocrx_word' id='word_1_630' title='bbox 3686 3623 3892 3676; x_wconf 82' lang='lat' dir='ltr'><strong>Manuel</strong></span> 
     </span>
    </p>
   </div>
   <div class='ocr_carea' id='block_1_80' title="bbox 2317 3713 3899 3786">
    <p class='ocr_par' dir='ltr' id='par_1_80' title="bbox 2317 3713 3899 3786">
     <span class='ocr_line' id='line_1_80' title="bbox 2317 3713 3899 3786; baseline 0.001 -20"><span class='ocrx_word' id='word_1_631' title='bbox 2317 3714 2558 3773; x_wconf 76' lang='lat' dir='ltr'><strong>(lalecas.</strong></span> <span class='ocrx_word' id='word_1_632' title='bbox 2590 3713 2876 3768; x_wconf 89' lang='lat' dir='ltr'><strong>Bessarion</strong></span> <span class='ocrx_word' id='word_1_633' title='bbox 2899 3723 2954 3768; x_wconf 81' lang='lat' dir='ltr'><strong>et</strong></span> <span class='ocrx_word' id='word_1_634' title='bbox 2998 3713 3303 3769; x_wconf 88' lang='lat' dir='ltr'><strong>Demetrius</strong></span> <span class='ocrx_word' id='word_1_635' title='bbox 3343 3713 3623 3786; x_wconf 78' lang='lat' dir='ltr'><strong>Cydouius</strong></span> <span class='ocrx_word' id='word_1_636' title='bbox 3649 3717 3899 3786; x_wconf 75' lang='lat' dir='ltr'><strong>dupticem</strong></span> 
     </span>
    </p>
   </div>
   <div class='ocr_carea' id='block_1_81' title="bbox 2317 3805 3902 3878">
    <p class='ocr_par' dir='ltr' id='par_1_81' title="bbox 2317 3805 3902 3878">
     <span class='ocr_line' id='line_1_81' title="bbox 2317 3805 3902 3878; baseline 0.001 -20"><span class='ocrx_word' id='word_1_637' title='bbox 2317 3813 2564 3859; x_wconf 89' lang='lat' dir='ltr'><strong>statuunt</strong></span> <span class='ocrx_word' id='word_1_638' title='bbox 2597 3805 3220 3860; x_wconf 89' lang='lat' dir='ltr'><strong>consubstantialitatem</strong></span> <span class='ocrx_word' id='word_1_639' title='bbox 3246 3805 3359 3875; x_wconf 86' lang='lat' dir='ltr'><strong>jam</strong></span> <span class='ocrx_word' id='word_1_640' title='bbox 3396 3821 3426 3859; x_wconf 91' lang='lat' dir='ltr'><strong>a</strong></span> <span class='ocrx_word' id='word_1_641' title='bbox 3463 3805 3638 3862; x_wconf 87' lang='lat' dir='ltr'><strong>Becco</strong></span> <span class='ocrx_word' id='word_1_642' title='bbox 3660 3807 3740 3878; x_wconf 74' lang='grc' dir='ltr'><strong>(ὅ)</strong></span> <span class='ocrx_word' id='word_1_643' title='bbox 3776 3807 3902 3860; x_wconf 89' lang='lat' dir='ltr'><strong>insi-</strong></span> 
     </span>
    </p>
   </div>
   <div class='ocr_carea' id='block_1_82' title="bbox 2314 3895 3900 3967">
    <p class='ocr_par' dir='ltr' id='par_1_82' title="bbox 2314 3895 3900 3967">
     <span class='ocr_line' id='line_1_82' title="bbox 2314 3895 3900 3967; baseline -0.001 -17"><span class='ocrx_word' id='word_1_644' title='bbox 2314 3905 2558 3960; x_wconf 88' lang='lat' dir='ltr'><strong>nuatam,</strong></span> <span class='ocrx_word' id='word_1_645' title='bbox 2601 3895 2909 3965; x_wconf 82' lang='lat' dir='ltr'><strong>doceatque</strong></span> <span class='ocrx_word' id='word_1_646' title='bbox 2947 3895 3184 3966; x_wconf 91' lang='lat' dir='ltr'><strong>primum</strong></span> <span class='ocrx_word' id='word_1_647' title='bbox 3227 3895 3348 3964; x_wconf 91' lang='lat' dir='ltr'><strong>ejus</strong></span> <span class='ocrx_word' id='word_1_648' title='bbox 3377 3911 3550 3966; x_wconf 85' lang='lat' dir='ltr'><strong>genus</strong></span> <span class='ocrx_word' id='word_1_649' title='bbox 3581 3897 3650 3951; x_wconf 87' lang='lat' dir='ltr'><strong>de</strong></span> <span class='ocrx_word' id='word_1_650' title='bbox 3681 3897 3748 3950; x_wconf 90' lang='lat' dir='ltr'><strong>iis</strong></span> <span class='ocrx_word' id='word_1_651' title='bbox 3772 3912 3900 3967; x_wconf 66' lang='lat' dir='ltr'><strong>prte-</strong></span> 
     </span>
    </p>
   </div>
   <div class='ocr_carea' id='block_1_83' title="bbox 2315 3987 3898 4056">
    <p class='ocr_par' dir='ltr' id='par_1_83' title="bbox 2315 3987 3898 4056">
     <span class='ocr_line' id='line_1_83' title="bbox 2315 3987 3898 4056; baseline -0.001 -14"><span class='ocrx_word' id='word_1_652' title='bbox 2315 3987 2505 4049; x_wconf 77' lang='lat' dir='ltr'><strong>tlicari,</strong></span> <span class='ocrx_word' id='word_1_653' title='bbox 2558 4003 2680 4056; x_wconf 60' lang='lat' dir='ltr'><strong>quae</strong></span> <span class='ocrx_word' id='word_1_654' title='bbox 2711 3987 2957 4041; x_wconf 88' lang='lat' dir='ltr'><strong>eamdem</strong></span> <span class='ocrx_word' id='word_1_655' title='bbox 3021 3987 3223 4041; x_wconf 90' lang='lat' dir='ltr'><strong>habent</strong></span> <span class='ocrx_word' id='word_1_656' title='bbox 3281 3997 3556 4053; x_wconf 80' lang='lat' dir='ltr'><strong>naturam,</strong></span> <span class='ocrx_word' id='word_1_657' title='bbox 3596 3987 3697 4042; x_wconf 89' lang='lat' dir='ltr'><strong>etsi</strong></span> <span class='ocrx_word' id='word_1_658' title='bbox 3745 4005 3898 4041; x_wconf 82' lang='lat' dir='ltr'><strong>unum</strong></span> 
     </span>
    </p>
   </div>
   <div class='ocr_carea' id='block_1_84' title="bbox 2315 4078 3896 4154">
    <p class='ocr_par' dir='ltr' id='par_1_84' title="bbox 2315 4078 3896 4154">
     <span class='ocr_line' id='line_1_84' title="bbox 2315 4078 3896 4154; baseline 0 -22"><span class='ocrx_word' id='word_1_659' title='bbox 2315 4079 2384 4132; x_wconf 90' lang='lat' dir='ltr'><strong>ab</strong></span> <span class='ocrx_word' id='word_1_660' title='bbox 2413 4078 2518 4132; x_wconf 89' lang='lat' dir='ltr'><strong>alio</strong></span> <span class='ocrx_word' id='word_1_661' title='bbox 2546 4087 2866 4148; x_wconf 86' lang='lat' dir='ltr'><strong>prognatum</strong></span> <span class='ocrx_word' id='word_1_662' title='bbox 2913 4093 3022 4131; x_wconf 92' lang='lat' dir='ltr'><strong>non</strong></span> <span class='ocrx_word' id='word_1_663' title='bbox 3056 4078 3240 4144; x_wconf 80' lang='lat' dir='ltr'><strong>fuerit,</strong></span> <span class='ocrx_word' id='word_1_664' title='bbox 3265 4088 3340 4154; x_wconf 85' lang='lat' dir='ltr'><strong>ut</strong></span> <span class='ocrx_word' id='word_1_665' title='bbox 3372 4079 3565 4133; x_wconf 85' lang='lat' dir='ltr'><strong>Petrus</strong></span> <span class='ocrx_word' id='word_1_666' title='bbox 3595 4090 3650 4134; x_wconf 88' lang='lat' dir='ltr'><strong>et</strong></span> <span class='ocrx_word' id='word_1_667' title='bbox 3678 4080 3896 4144; x_wconf 85' lang='lat' dir='ltr'><strong>Paulus;</strong></span> 
     </span>
    </p>
   </div>
   <div class='ocr_carea' id='block_1_85' title="bbox 2315 4169 3894 4240">
    <p class='ocr_par' dir='ltr' id='par_1_85' title="bbox 2315 4169 3894 4240">
     <span class='ocr_line' id='line_1_85' title="bbox 2315 4169 3894 4240; baseline -0.001 -17"><span class='ocrx_word' id='word_1_668' title='bbox 2315 4170 2543 4223; x_wconf 88' lang='lat' dir='ltr'><strong>alterum</strong></span> <span class='ocrx_word' id='word_1_669' title='bbox 2591 4185 2718 4222; x_wconf 84' lang='lat' dir='ltr'><strong>vero</strong></span> <span class='ocrx_word' id='word_1_670' title='bbox 2743 4185 2916 4238; x_wconf 87' lang='lat' dir='ltr'><strong>genus</strong></span> <span class='ocrx_word' id='word_1_671' title='bbox 2955 4185 3124 4223; x_wconf 90' lang='lat' dir='ltr'><strong>unum</strong></span> <span class='ocrx_word' id='word_1_672' title='bbox 3166 4184 3288 4224; x_wconf 91' lang='lat' dir='ltr'><strong>cum</strong></span> <span class='ocrx_word' id='word_1_673' title='bbox 3325 4169 3498 4223; x_wconf 90' lang='lat' dir='ltr'><strong>altero</strong></span> <span class='ocrx_word' id='word_1_674' title='bbox 3529 4169 3603 4224; x_wconf 90' lang='lat' dir='ltr'><strong>ita</strong></span> <span class='ocrx_word' id='word_1_675' title='bbox 3631 4171 3894 4240; x_wconf 84' lang='lat' dir='ltr'><strong>copulare,</strong></span> 
     </span>
    </p>
   </div>
   <div class='ocr_carea' id='block_1_86' title="bbox 2316 4260 3893 4332">
    <p class='ocr_par' dir='ltr' id='par_1_86' title="bbox 2316 4260 3893 4332">
     <span class='ocr_line' id='line_1_86' title="bbox 2316 4260 3893 4332; baseline 0 -18"><span class='ocrx_word' id='word_1_676' title='bbox 2316 4270 2376 4314; x_wconf 91' lang='lat' dir='ltr'><strong>ut</strong></span> <span class='ocrx_word' id='word_1_677' title='bbox 2428 4277 2524 4330; x_wconf 91' lang='lat' dir='ltr'><strong>per</strong></span> <span class='ocrx_word' id='word_1_678' title='bbox 2563 4260 2741 4331; x_wconf 89' lang='lat' dir='ltr'><strong>ipsum</strong></span> <span class='ocrx_word' id='word_1_679' title='bbox 2791 4269 2884 4314; x_wconf 90' lang='lat' dir='ltr'><strong>aut</strong></span> <span class='ocrx_word' id='word_1_680' title='bbox 2929 4276 2995 4315; x_wconf 81' lang='lat' dir='ltr'><strong>ex</strong></span> <span class='ocrx_word' id='word_1_681' title='bbox 3026 4261 3145 4332; x_wconf 90' lang='lat' dir='ltr'><strong>ipso</strong></span> <span class='ocrx_word' id='word_1_682' title='bbox 3199 4262 3525 4316; x_wconf 90' lang='lat' dir='ltr'><strong>naturaliter</strong></span> <span class='ocrx_word' id='word_1_683' title='bbox 3547 4263 3817 4317; x_wconf 78' lang='lat' dir='ltr'><strong>exsisteus</strong></span> <span class='ocrx_word' id='word_1_684' title='bbox 3838 4277 3893 4315; x_wconf 88' lang='lat' dir='ltr'><strong>ac</strong></span> 
     </span>
    </p>
   </div>
   <div class='ocr_carea' id='block_1_87' title="bbox 2316 4354 3892 4426">
    <p class='ocr_par' dir='ltr' id='par_1_87' title="bbox 2316 4354 3892 4426">
     <span class='ocr_line' id='line_1_87' title="bbox 2316 4354 3892 4426; baseline 0.001 -18"><span class='ocrx_word' id='word_1_685' title='bbox 2316 4354 2658 4409; x_wconf 86' lang='lat' dir='ltr'><strong>substantive</strong></span> <span class='ocrx_word' id='word_1_686' title='bbox 2705 4354 2886 4422; x_wconf 83' lang='lat' dir='ltr'><strong>(Allat.</strong></span> <span class='ocrx_word' id='word_1_687' title='bbox 2936 4354 3088 4410; x_wconf 85' lang='lat' dir='ltr'><strong>Vind.</strong></span> <span class='ocrx_word' id='word_1_688' title='bbox 3119 4371 3238 4425; x_wconf 85' lang='lat' dir='ltr'><strong>syn.</strong></span> <span class='ocrx_word' id='word_1_689' title='bbox 3270 4354 3408 4424; x_wconf 86' lang='lat' dir='ltr'><strong>Eph.</strong></span> <span class='ocrx_word' id='word_1_690' title='bbox 3441 4371 3492 4410; x_wconf 91' lang='lat' dir='ltr'><strong>c.</strong></span> <span class='ocrx_word' id='word_1_691' title='bbox 3531 4356 3621 4419; x_wconf 67' lang='lat'><strong>46,</strong></span> <span class='ocrx_word' id='word_1_692' title='bbox 3649 4372 3706 4426; x_wconf 92' lang='lat' dir='ltr'><strong>p.</strong></span> <span class='ocrx_word' id='word_1_693' title='bbox 3743 4356 3892 4423; x_wconf 73' lang='lat'><strong>227);</strong></span> 
     </span>
    </p>
   </div>
   <div class='ocr_carea' id='block_1_88' title="bbox 2315 4445 3892 4518">
    <p class='ocr_par' dir='ltr' id='par_1_88' title="bbox 2315 4445 3892 4518">
     <span class='ocr_line' id='line_1_88' title="bbox 2315 4445 3892 4518; baseline 0.001 -19"><span class='ocrx_word' id='word_1_694' title='bbox 2315 4445 2420 4500; x_wconf 87' lang='lat' dir='ltr'><strong>hoc</strong></span> <span class='ocrx_word' id='word_1_695' title='bbox 2448 4445 2718 4515; x_wconf 92' lang='lat' dir='ltr'><strong>posterius</strong></span> <span class='ocrx_word' id='word_1_696' title='bbox 2745 4461 2919 4517; x_wconf 85' lang='lat' dir='ltr'><strong>genus</strong></span> <span class='ocrx_word' id='word_1_697' title='bbox 2953 4447 3173 4518; x_wconf 91' lang='lat' dir='ltr'><strong>proprie</strong></span> <span class='ocrx_word' id='word_1_698' title='bbox 3197 4445 3334 4501; x_wconf 88' lang='lat' dir='ltr'><strong>illud</strong></span> <span class='ocrx_word' id='word_1_699' title='bbox 3360 4463 3560 4502; x_wconf 89' lang='lat' dir='ltr'><strong>nomen</strong></span> <span class='ocrx_word' id='word_1_700' title='bbox 3590 4448 3696 4504; x_wconf 91' lang='lat' dir='ltr'><strong>sibi</strong></span> <span class='ocrx_word' id='word_1_701' title='bbox 3727 4463 3892 4501; x_wconf 86' lang='lat' dir='ltr'><strong>mere-</strong></span> 
     </span>
    </p>
   </div>
   <div class='ocr_carea' id='block_1_89' title="bbox 2317 4535 3890 4605">
    <p class='ocr_par' dir='ltr' id='par_1_89' title="bbox 2317 4535 3890 4605">
     <span class='ocr_line' id='line_1_89' title="bbox 2317 4535 3890 4605; baseline -0.001 -17"><span class='ocrx_word' id='word_1_702' title='bbox 2317 4535 2385 4600; x_wconf 88' lang='lat' dir='ltr'><strong>ri,</strong></span> <span class='ocrx_word' id='word_1_703' title='bbox 2413 4544 2468 4591; x_wconf 89' lang='lat' dir='ltr'><strong>et</strong></span> <span class='ocrx_word' id='word_1_704' title='bbox 2501 4536 2675 4590; x_wconf 90' lang='lat' dir='ltr'><strong>solum</strong></span> <span class='ocrx_word' id='word_1_705' title='bbox 2713 4536 2888 4591; x_wconf 92' lang='lat' dir='ltr'><strong>locum</strong></span> <span class='ocrx_word' id='word_1_706' title='bbox 2917 4536 3116 4591; x_wconf 85' lang='lat' dir='ltr'><strong>habere</strong></span> <span class='ocrx_word' id='word_1_707' title='bbox 3148 4535 3437 4602; x_wconf 86' lang='lat' dir='ltr'><strong>indivinis,</strong></span> <span class='ocrx_word' id='word_1_708' title='bbox 3469 4547 3529 4591; x_wconf 92' lang='lat' dir='ltr'><strong>ut</strong></span> <span class='ocrx_word' id='word_1_709' title='bbox 3555 4536 3890 4605; x_wconf 84' lang='lat' dir='ltr'><strong>Calccas(lib.</strong></span> 
     </span>
    </p>
   </div>
   <div class='ocr_carea' id='block_1_90' title="bbox 628 4618 3948 4702">
    <p class='ocr_par' dir='ltr' id='par_1_90' title="bbox 628 4618 3948 4702">
     <span class='ocr_line' id='line_1_90' title="bbox 628 4618 3948 4702; baseline 0.002 -30"><span class='ocrx_word' id='word_1_710' title='bbox 628 4633 819 4672; x_wconf 85' lang='lat' dir='ltr'><strong>sonam</strong></span> <span class='ocrx_word' id='word_1_711' title='bbox 847 4633 967 4673; x_wconf 88' lang='lat' dir='ltr'><strong>esse</strong></span> <span class='ocrx_word' id='word_1_712' title='bbox 991 4618 1170 4679; x_wconf 87' lang='lat' dir='ltr'><strong>alteri,</strong></span> <span class='ocrx_word' id='word_1_713' title='bbox 1219 4620 1345 4702; x_wconf 82' lang='lat' dir='ltr'><strong>quia</strong></span> <span class='ocrx_word' id='word_1_714' title='bbox 1370 4619 1514 4674; x_wconf 77' lang='lat' dir='ltr'><strong>illam</strong></span> <span class='ocrx_word' id='word_1_715' title='bbox 1555 4620 1700 4676; x_wconf 77' lang='lat' dir='ltr'><strong>inter</strong></span> <span class='ocrx_word' id='word_1_716' title='bbox 1721 4629 1776 4675; x_wconf 94' lang='lat' dir='ltr'><strong>et</strong></span> <span class='ocrx_word' id='word_1_717' title='bbox 1804 4620 1946 4676; x_wconf 87' lang='lat' dir='ltr'><strong>hanc</strong></span> <span class='ocrx_word' id='word_1_718' title='bbox 1987 4622 2212 4693; x_wconf 89' lang='lat' dir='ltr'><strong>originis</strong></span> <span class='ocrx_word' id='word_1_719' title='bbox 2239 4625 2292 4685; x_wconf 91' lang='lat' dir='ltr'><strong>D</strong></span> <span class='ocrx_word' id='word_1_720' title='bbox 2323 4643 2380 4693; x_wconf 84' lang='grc' dir='ltr'><strong>ιι,</strong></span> <span class='ocrx_word' id='word_1_721' title='bbox 2410 4643 2469 4698; x_wconf 88' lang='lat' dir='ltr'><strong>p.</strong></span> <span class='ocrx_word' id='word_1_722' title='bbox 2503 4627 2628 4697; x_wconf 66' lang='lat'><strong>407)</strong></span> <span class='ocrx_word' id='word_1_723' title='bbox 2651 4629 2873 4697; x_wconf 70' lang='lat' dir='ltr'><strong>eiponit</strong></span> <span class='ocrx_word' id='word_1_724' title='bbox 2919 4629 3016 4699; x_wconf 63' lang='lat'><strong>(4).</strong></span> <span class='ocrx_word' id='word_1_725' title='bbox 3051 4627 3157 4682; x_wconf 89' lang='lat' dir='ltr'><strong>Sed</strong></span> <span class='ocrx_word' id='word_1_726' title='bbox 3198 4629 3575 4683; x_wconf 89' lang='lat' dir='ltr'><strong>necessarium</strong></span> <span class='ocrx_word' id='word_1_727' title='bbox 3625 4644 3729 4682; x_wconf 90' lang='lat' dir='ltr'><strong>non</strong></span> <span class='ocrx_word' id='word_1_728' title='bbox 3759 4626 3894 4681; x_wconf 81' lang='lat' dir='ltr'><strong>vidc-</strong></span> <span class='ocrx_word' id='word_1_729' title='bbox 3943 4661 3948 4668; x_wconf 67' lang='grc' dir='ltr'>ι</span> 
     </span>
    </p>
   </div>
   <div class='ocr_carea' id='block_1_91' title="bbox 628 4713 2211 4784">
    <p class='ocr_par' dir='ltr' id='par_1_91' title="bbox 628 4713 2211 4784">
     <span class='ocr_line' id='line_1_91' title="bbox 628 4713 2211 4784; baseline 0.003 -18"><span class='ocrx_word' id='word_1_730' title='bbox 628 4728 802 4768; x_wconf 82' lang='lat' dir='ltr'><strong>nexus</strong></span> <span class='ocrx_word' id='word_1_731' title='bbox 827 4713 1130 4769; x_wconf 90' lang='lat' dir='ltr'><strong>intercedat</strong></span> <span class='ocrx_word' id='word_1_732' title='bbox 1159 4723 1216 4768; x_wconf 89' lang='lat' dir='ltr'><strong>et</strong></span> <span class='ocrx_word' id='word_1_733' title='bbox 1245 4713 1466 4768; x_wconf 89' lang='lat' dir='ltr'><strong>Patrum</strong></span> <span class='ocrx_word' id='word_1_734' title='bbox 1519 4714 1766 4770; x_wconf 90' lang='lat' dir='ltr'><strong>doctrina</strong></span> <span class='ocrx_word' id='word_1_735' title='bbox 1790 4717 2014 4770; x_wconf 89' lang='lat' dir='ltr'><strong>omnino</strong></span> <span class='ocrx_word' id='word_1_736' title='bbox 2054 4715 2211 4784; x_wconf 87' lang='lat' dir='ltr'><strong>plana</strong></span> 
     </span>
    </p>
   </div>
   <div class='ocr_carea' id='block_1_92' title="bbox 627 4803 2214 4876">
    <p class='ocr_par' dir='ltr' id='par_1_92' title="bbox 627 4803 2214 4876">
     <span class='ocr_line' id='line_1_92' title="bbox 627 4803 2214 4876; baseline 0.001 -18"><span class='ocrx_word' id='word_1_737' title='bbox 627 4817 732 4870; x_wconf 83' lang='lat' dir='ltr'><strong>est,</strong></span> <span class='ocrx_word' id='word_1_738' title='bbox 778 4806 1064 4876; x_wconf 78' lang='grc' dir='ltr'><strong>ὁμοούσιον</strong></span> <span class='ocrx_word' id='word_1_739' title='bbox 1109 4808 1200 4860; x_wconf 79' lang='grc' dir='ltr'><strong>τὸν</strong></span> <span class='ocrx_word' id='word_1_740' title='bbox 1237 4806 1365 4859; x_wconf 78' lang='grc' dir='ltr'>Υἰὸν</span> <span class='ocrx_word' id='word_1_741' title='bbox 1397 4805 1476 4876; x_wconf 82' lang='grc' dir='ltr'><strong>τῷ</strong></span> <span class='ocrx_word' id='word_1_742' title='bbox 1519 4807 1693 4876; x_wconf 79' lang='grc' dir='ltr'>Πατρὶ</span> <span class='ocrx_word' id='word_1_743' title='bbox 1715 4803 1878 4874; x_wconf 77' lang='grc' dir='ltr'><strong>εἶναι,</strong></span> <span class='ocrx_word' id='word_1_744' title='bbox 1913 4808 1994 4861; x_wconf 85' lang='grc' dir='ltr'><strong>ὃτι</strong></span> <span class='ocrx_word' id='word_1_745' title='bbox 2026 4806 2086 4872; x_wconf 79' lang='grc' dir='ltr'>ἐξ</span> <span class='ocrx_word' id='word_1_746' title='bbox 2115 4807 2214 4860; x_wconf 81' lang='grc' dir='ltr'><strong>αὺ-</strong></span> 
     </span>
    </p>
   </div>
   <div class='ocr_carea' id='block_1_93' title="bbox 624 4897 2217 4970">
    <p class='ocr_par' dir='ltr' id='par_1_93' title="bbox 624 4897 2217 4970">
     <span class='ocr_line' id='line_1_93' title="bbox 624 4897 2217 4970; baseline 0.001 -18"><span class='ocrx_word' id='word_1_747' title='bbox 624 4897 720 4952; x_wconf 81' lang='grc' dir='ltr'><strong>τοῦ</strong></span> <span class='ocrx_word' id='word_1_748' title='bbox 757 4899 790 4970; x_wconf 79' lang='grc' dir='ltr'>ἢ</span> <span class='ocrx_word' id='word_1_749' title='bbox 833 4898 892 4963; x_wconf 78' lang='grc' dir='ltr'>ἐξ</span> <span class='ocrx_word' id='word_1_750' title='bbox 927 4899 1116 4962; x_wconf 74' lang='grc' dir='ltr'><strong>οὐσίαις</strong></span> <span class='ocrx_word' id='word_1_751' title='bbox 1135 4897 1301 4952; x_wconf 83' lang='grc' dir='ltr'><strong>αὑτοῦ</strong></span> <span class='ocrx_word' id='word_1_752' title='bbox 1336 4899 1506 4952; x_wconf 74' lang='grc' dir='ltr'><strong>ἐστίν.</strong></span> <span class='ocrx_word' id='word_1_753' title='bbox 1554 4897 1610 4953; x_wconf 91' lang='lat' dir='ltr'><strong>ld</strong></span> <span class='ocrx_word' id='word_1_754' title='bbox 1643 4900 1942 4954; x_wconf 90' lang='lat' dir='ltr'><strong>ostendunt</strong></span> <span class='ocrx_word' id='word_1_755' title='bbox 1973 4900 2217 4954; x_wconf 87' lang='lat' dir='ltr'><strong>testimo-</strong></span> 
     </span>
    </p>
   </div>
   <div class='ocr_carea' id='block_1_94' title="bbox 700 5004 2220 5081">
    <p class='ocr_par' dir='ltr' id='par_1_94' title="bbox 700 5004 2220 5081">
     <span class='ocr_line' id='line_1_94' title="bbox 700 5004 2220 5081; baseline 0.001 -17"><span class='ocrx_word' id='word_1_756' title='bbox 700 5009 776 5081; x_wconf 84' lang='lat' dir='ltr'><strong>(l)</strong></span> <span class='ocrx_word' id='word_1_757' title='bbox 821 5009 888 5063; x_wconf 81' lang='lat' dir='ltr'><strong>Ei.’</strong></span> <span class='ocrx_word' id='word_1_758' title='bbox 920 5029 973 5081; x_wconf 73' lang='lat' dir='ltr'><strong>jrt</strong></span> <span class='ocrx_word' id='word_1_759' title='bbox 1017 5011 1127 5081; x_wconf 74' lang='grc' dir='ltr'><strong>γὰρ</strong></span> <span class='ocrx_word' id='word_1_760' title='bbox 1178 5012 1243 5064; x_wconf 76' lang='grc' dir='ltr'><strong>ἐκ</strong></span> <span class='ocrx_word' id='word_1_761' title='bbox 1291 5011 1386 5065; x_wconf 80' lang='grc' dir='ltr'><strong>τοῦ</strong></span> <span class='ocrx_word' id='word_1_762' title='bbox 1439 5004 1678 5081; x_wconf 52' lang='lat' dir='ltr'><strong>Ila-:96;</strong></span> <span class='ocrx_word' id='word_1_763' title='bbox 1711 5010 1788 5071; x_wconf 80' lang='grc' dir='ltr'><strong>ὡς</strong></span> <span class='ocrx_word' id='word_1_764' title='bbox 1819 5013 1846 5063; x_wconf 84' lang='grc' dir='ltr'>ὁ</span> <span class='ocrx_word' id='word_1_765' title='bbox 1881 5011 2220 5076; x_wconf 64' lang='grc' dir='ltr'><strong>Υἱδςρτοῦτο</strong></span> 
     </span>
    </p>
   </div>
   <div class='ocr_carea' id='block_1_95' title="bbox 627 5079 2218 5152">
    <p class='ocr_par' dir='ltr' id='par_1_95' title="bbox 627 5079 2218 5152">
     <span class='ocr_line' id='line_1_95' title="bbox 627 5079 2218 5152; baseline 0.001 -20"><span class='ocrx_word' id='word_1_766' title='bbox 627 5079 727 5152; x_wconf 59' lang='grc' dir='ltr'><strong>θεαὶ</strong></span> <span class='ocrx_word' id='word_1_767' title='bbox 768 5079 1055 5152; x_wconf 67' lang='grc' dir='ltr'><strong>ὀμοορσιον</strong></span> <span class='ocrx_word' id='word_1_768' title='bbox 1098 5079 1177 5152; x_wconf 61' lang='grc' dir='ltr'><strong>λεῷ</strong></span> <span class='ocrx_word' id='word_1_769' title='bbox 1222 5082 1400 5151; x_wconf 74' lang='grc' dir='ltr'><strong>Πατρὶ</strong></span> <span class='ocrx_word' id='word_1_770' title='bbox 1443 5082 1531 5136; x_wconf 86' lang='grc' dir='ltr'><strong>διὰ</strong></span> <span class='ocrx_word' id='word_1_771' title='bbox 1565 5079 1627 5135; x_wconf 55' lang='grc' dir='ltr'><strong>τὸ</strong></span> <span class='ocrx_word' id='word_1_772' title='bbox 1660 5084 1724 5134; x_wconf 73' lang='grc' dir='ltr'><strong>ἐκ</strong></span> <span class='ocrx_word' id='word_1_773' title='bbox 1771 5082 1871 5151; x_wconf 84' lang='grc' dir='ltr'><strong>τῆς</strong></span> <span class='ocrx_word' id='word_1_774' title='bbox 1905 5083 2092 5152; x_wconf 74' lang='grc' dir='ltr'><strong>οὐσίας</strong></span> <span class='ocrx_word' id='word_1_775' title='bbox 2123 5081 2218 5134; x_wconf 77' lang='grc' dir='ltr'><strong>τοῦ</strong></span> 
     </span>
    </p>
   </div>
   <div class='ocr_carea' id='block_1_96' title="bbox 626 5147 2214 5221">
    <p class='ocr_par' dir='ltr' id='par_1_96' title="bbox 626 5147 2214 5221">
     <span class='ocr_line' id='line_1_96' title="bbox 626 5147 2214 5221; baseline 0 -17"><span class='ocrx_word' id='word_1_776' title='bbox 626 5147 841 5221; x_wconf 54' lang='lat' dir='ltr'><strong>Harpe;</strong></span> <span class='ocrx_word' id='word_1_777' title='bbox 878 5147 1016 5209; x_wconf 75' lang='grc' dir='ltr'>εἶναι</span> <span class='ocrx_word' id='word_1_778' title='bbox 1053 5147 1215 5206; x_wconf 56' lang='lat'><strong>«1066&#39;</strong></span> <span class='ocrx_word' id='word_1_779' title='bbox 1246 5153 1310 5205; x_wconf 80' lang='grc' dir='ltr'>οὐ</span> <span class='ocrx_word' id='word_1_780' title='bbox 1341 5147 1449 5221; x_wconf 68' lang='grc' dir='ltr'><strong>μὴν</strong></span> <span class='ocrx_word' id='word_1_781' title='bbox 1478 5153 1532 5205; x_wconf 88' lang='grc' dir='ltr'>εῐ</span> <span class='ocrx_word' id='word_1_782' title='bbox 1559 5169 1612 5205; x_wconf 83' lang='grc' dir='ltr'><strong>τι</strong></span> <span class='ocrx_word' id='word_1_783' title='bbox 1644 5153 1739 5204; x_wconf 76' lang='grc' dir='ltr'><strong>καὶ</strong></span> <span class='ocrx_word' id='word_1_784' title='bbox 1769 5147 2057 5220; x_wconf 73' lang='grc' dir='ltr'><strong>ὁμοούσιόν</strong></span> <span class='ocrx_word' id='word_1_785' title='bbox 2085 5169 2214 5218; x_wconf 85' lang='grc' dir='ltr'>τινι,</span> 
     </span>
    </p>
   </div>
   <div class='ocr_carea' id='block_1_97' title="bbox 621 5218 2222 5292">
    <p class='ocr_par' dir='ltr' id='par_1_97' title="bbox 621 5218 2222 5292">
     <span class='ocr_line' id='line_1_97' title="bbox 621 5218 2222 5292; baseline 0.002 -19"><span class='ocrx_word' id='word_1_786' title='bbox 621 5218 787 5292; x_wconf 65' lang='grc' dir='ltr'>οξρῦέο</span> <span class='ocrx_word' id='word_1_787' title='bbox 815 5221 912 5272; x_wconf 70' lang='grc' dir='ltr'><strong>καὶ</strong></span> <span class='ocrx_word' id='word_1_788' title='bbox 935 5221 1009 5292; x_wconf 29' lang='grc' dir='ltr'><strong>ὼμς</strong></span> <span class='ocrx_word' id='word_1_789' title='bbox 1039 5221 1103 5274; x_wconf 80' lang='grc' dir='ltr'><strong>ἐκ</strong></span> <span class='ocrx_word' id='word_1_790' title='bbox 1129 5218 1351 5292; x_wconf 60' lang='grc' dir='ltr'><strong>Παζρὸςί</strong></span> <span class='ocrx_word' id='word_1_791' title='bbox 1369 5218 1463 5275; x_wconf 81' lang='grc' dir='ltr'>τὸῦ</span> <span class='ocrx_word' id='word_1_792' title='bbox 1489 5218 1948 5292; x_wconf 20' lang='grc' dir='ltr'><strong>ὁμοουσίοῳλὲστίν</strong></span> <span class='ocrx_word' id='word_1_793' title='bbox 1981 5239 1995 5253; x_wconf 78' lang='grc' dir='ltr'><strong><em>ο</em></strong></span> <span class='ocrx_word' id='word_1_794' title='bbox 2030 5225 2125 5276; x_wconf 79' lang='grc' dir='ltr'><strong>καὶ</strong></span> <span class='ocrx_word' id='word_1_795' title='bbox 2160 5223 2222 5276; x_wconf 79' lang='grc' dir='ltr'><strong>τὸ</strong></span> 
     </span>
    </p>
   </div>
   <div class='ocr_carea' id='block_1_98' title="bbox 623 5288 2220 5362">
    <p class='ocr_par' dir='ltr' id='par_1_98' title="bbox 623 5288 2220 5362">
     <span class='ocr_line' id='line_1_98' title="bbox 623 5288 2220 5362; baseline 0.002 -20"><span class='ocrx_word' id='word_1_796' title='bbox 623 5288 853 5362; x_wconf 65' lang='grc' dir='ltr'><strong>Πνεζιμα</strong></span> <span class='ocrx_word' id='word_1_797' title='bbox 899 5289 1039 5362; x_wconf 17' lang='grc' dir='ltr'><strong>γοϋγν</strong></span> <span class='ocrx_word' id='word_1_798' title='bbox 1071 5288 1358 5362; x_wconf 70' lang='grc' dir='ltr'><strong>ρμοούὰιον</strong></span> <span class='ocrx_word' id='word_1_799' title='bbox 1402 5292 1480 5362; x_wconf 82' lang='grc' dir='ltr'><strong>τῷ</strong></span> <span class='ocrx_word' id='word_1_800' title='bbox 1525 5288 1670 5360; x_wconf 75' lang='grc' dir='ltr'><strong>Ὑὶῷ,</strong></span> <span class='ocrx_word' id='word_1_801' title='bbox 1717 5290 1835 5362; x_wconf 64' lang='grc' dir='ltr'><strong>ἀλλ’</strong></span> <span class='ocrx_word' id='word_1_802' title='bbox 1885 5293 1968 5345; x_wconf 80' lang='grc' dir='ltr'><strong>ὅτι</strong></span> <span class='ocrx_word' id='word_1_803' title='bbox 2009 5293 2082 5362; x_wconf 71' lang='grc' dir='ltr'>ἐκ</span> <span class='ocrx_word' id='word_1_804' title='bbox 2113 5292 2220 5362; x_wconf 55' lang='grc' dir='ltr'><strong>τῆς</strong></span> 
     </span>
    </p>
   </div>
   <div class='ocr_carea' id='block_1_99' title="bbox 624 5359 2217 5441">
    <p class='ocr_par' dir='ltr' id='par_1_99' title="bbox 624 5359 2217 5441">
     <span class='ocr_line' id='line_1_99' title="bbox 624 5359 2217 5441; baseline 0 -29"><span class='ocrx_word' id='word_1_805' title='bbox 624 5359 833 5441; x_wconf 50' lang='lat' dir='ltr'><strong>obfrin-</strong></span> <span class='ocrx_word' id='word_1_806' title='bbox 849 5361 944 5414; x_wconf 84' lang='grc' dir='ltr'><strong>τοῦ</strong></span> <span class='ocrx_word' id='word_1_807' title='bbox 978 5359 1115 5441; x_wconf 40' lang='lat' dir='ltr'><strong>fit»?</strong></span> <span class='ocrx_word' id='word_1_808' title='bbox 1141 5379 1156 5394; x_wconf 79' lang='grc' dir='ltr'><strong>ο</strong></span> <span class='ocrx_word' id='word_1_809' title='bbox 1195 5362 1414 5441; x_wconf 49' lang='lat' dir='ltr'><strong>op“qu</strong></span> <span class='ocrx_word' id='word_1_810' title='bbox 1450 5359 1590 5441; x_wconf 62' lang='grc' dir='ltr'><strong>’ξιόῖι</strong></span> <span class='ocrx_word' id='word_1_811' title='bbox 1623 5359 1918 5441; x_wconf 47' lang='grc' dir='ltr'><strong>ξμοεύσιογ</strong></span> <span class='ocrx_word' id='word_1_812' title='bbox 1950 5361 2028 5441; x_wconf 56' lang='grc' dir='ltr'><strong>τῷ</strong></span> <span class='ocrx_word' id='word_1_813' title='bbox 2047 5359 2217 5441; x_wconf 49' lang='grc' dir='ltr'><strong>ηΥἱῷ,</strong></span> 
     </span>
    </p>
   </div>
   <div class='ocr_carea' id='block_1_100' title="bbox 625 5425 2223 5502">
    <p class='ocr_par' dir='ltr' id='par_1_100' title="bbox 625 5425 2223 5502">
     <span class='ocr_line' id='line_1_100' title="bbox 625 5425 2223 5502; baseline 0 -18"><span class='ocrx_word' id='word_1_814' title='bbox 625 5430 717 5484; x_wconf 81' lang='grc' dir='ltr'><strong>διὰ</strong></span> <span class='ocrx_word' id='word_1_815' title='bbox 741 5430 900 5484; x_wconf 80' lang='grc' dir='ltr'><strong>τοῦτο</strong></span> <span class='ocrx_word' id='word_1_816' title='bbox 932 5431 1027 5485; x_wconf 70' lang='grc' dir='ltr'>καὶ</span> <span class='ocrx_word' id='word_1_817' title='bbox 1052 5432 1115 5484; x_wconf 79' lang='grc' dir='ltr'><strong>ὲκ</strong></span> <span class='ocrx_word' id='word_1_818' title='bbox 1147 5432 1242 5485; x_wconf 80' lang='grc' dir='ltr'><strong>τοῦ</strong></span> <span class='ocrx_word' id='word_1_819' title='bbox 1267 5425 1395 5484; x_wconf 59' lang='grc' dir='ltr'><strong>Υδἱοῦ</strong></span> <span class='ocrx_word' id='word_1_820' title='bbox 1416 5449 1428 5461; x_wconf 80' lang='grc'><em>’</em></span> <span class='ocrx_word' id='word_1_821' title='bbox 1453 5429 1616 5502; x_wconf 80' lang='grc' dir='ltr'><strong>ἦγὰρ</strong></span> <span class='ocrx_word' id='word_1_822' title='bbox 1640 5425 1705 5484; x_wconf 71' lang='grc' dir='ltr'>ἂν</span> <span class='ocrx_word' id='word_1_823' title='bbox 1734 5425 1801 5502; x_wconf 76' lang='grc' dir='ltr'><strong>ἦν</strong></span> <span class='ocrx_word' id='word_1_824' title='bbox 1829 5433 1923 5502; x_wconf 58' lang='grc' dir='ltr'><strong>καὶ</strong></span> <span class='ocrx_word' id='word_1_825' title='bbox 1951 5425 2016 5484; x_wconf 54' lang='lat' dir='ltr'><strong>si</strong></span> <span class='ocrx_word' id='word_1_826' title='bbox 2047 5425 2223 5502; x_wconf 65' lang='lat' dir='ltr'><strong>Ilvati-</strong></span> 
     </span>
    </p>
   </div>
   <div class='ocr_carea' id='block_1_101' title="bbox 625 5501 1745 5574">
    <p class='ocr_par' dir='ltr' id='par_1_101' title="bbox 625 5501 1745 5574">
     <span class='ocr_line' id='line_1_101' title="bbox 625 5501 1745 5574; baseline 0.001 -21"><span class='ocrx_word' id='word_1_827' title='bbox 625 5518 798 5574; x_wconf 67' lang='grc' dir='ltr'><strong>μᾳτρς</strong></span> <span class='ocrx_word' id='word_1_828' title='bbox 839 5502 868 5553; x_wconf 84' lang='grc' dir='ltr'>ὁ</span> <span class='ocrx_word' id='word_1_829' title='bbox 920 5501 1070 5574; x_wconf 63' lang='lat' dir='ltr'><strong>mc,</strong></span> <span class='ocrx_word' id='word_1_830' title='bbox 1117 5504 1278 5572; x_wconf 80' lang='grc' dir='ltr'>εἴπερ</span> <span class='ocrx_word' id='word_1_831' title='bbox 1332 5501 1681 5574; x_wconf 62' lang='grc' dir='ltr'><strong>ἀντιστρέφει</strong></span> <span class='ocrx_word' id='word_1_832' title='bbox 1715 5517 1745 5554; x_wconf 80' lang='grc' dir='ltr'><strong>τ</strong></span> 
     </span>
    </p>
   </div>
   <div class='ocr_carea' id='block_1_102' title="bbox 622 5571 1149 5640">
    <p class='ocr_par' dir='ltr' id='par_1_102' title="bbox 622 5571 1149 5640">
     <span class='ocr_line' id='line_1_102' title="bbox 622 5571 1149 5640; baseline 0 -16"><span class='ocrx_word' id='word_1_833' title='bbox 622 5571 809 5625; x_wconf 81' lang='grc' dir='ltr'><strong>αὐτῶν</strong></span> <span class='ocrx_word' id='word_1_834' title='bbox 832 5572 1149 5640; x_wconf 73' lang='grc' dir='ltr'><strong>ὀμοούαιον.</strong></span> 
     </span>
    </p>
   </div>
   <div class='ocr_carea' id='block_1_103' title="bbox 693 5640 2221 5716">
    <p class='ocr_par' dir='ltr' id='par_1_103' title="bbox 693 5640 2221 5716">
     <span class='ocr_line' id='line_1_103' title="bbox 693 5640 2221 5716; baseline -0.001 -20"><span class='ocrx_word' id='word_1_835' title='bbox 693 5641 770 5709; x_wconf 71' lang='grc'><strong>(2)</strong></span> <span class='ocrx_word' id='word_1_836' title='bbox 819 5642 908 5716; x_wconf 57' lang='lat' dir='ltr'><strong>Cl.</strong></span> <span class='ocrx_word' id='word_1_837' title='bbox 945 5642 1105 5716; x_wconf 77' lang='lat' dir='ltr'><strong>Allat.</strong></span> <span class='ocrx_word' id='word_1_838' title='bbox 1141 5643 1459 5712; x_wconf 79' lang='lat' dir='ltr'><strong>Vindir.syn.</strong></span> <span class='ocrx_word' id='word_1_839' title='bbox 1495 5643 1630 5716; x_wconf 69' lang='lat' dir='ltr'><strong>Eph.</strong></span> <span class='ocrx_word' id='word_1_840' title='bbox 1665 5661 1726 5716; x_wconf 53' lang='grc' dir='ltr'><strong>(ξἒ</strong></span> <span class='ocrx_word' id='word_1_841' title='bbox 1748 5643 1839 5708; x_wconf 69' lang='grc'><strong>45,</strong></span> <span class='ocrx_word' id='word_1_842' title='bbox 1870 5658 1926 5712; x_wconf 92' lang='lat' dir='ltr'><strong>p.</strong></span> <span class='ocrx_word' id='word_1_843' title='bbox 1967 5640 2079 5716; x_wconf 53' lang='lat'><strong>2|?</strong></span> <span class='ocrx_word' id='word_1_844' title='bbox 2106 5657 2221 5716; x_wconf 81' lang='lat' dir='ltr'><strong>seq.</strong></span> 
     </span>
    </p>
   </div>
   <div class='ocr_carea' id='block_1_104' title="bbox 621 5712 2227 5784">
    <p class='ocr_par' dir='ltr' id='par_1_104' title="bbox 621 5712 2227 5784">
     <span class='ocr_line' id='line_1_104' title="bbox 621 5712 2227 5784; baseline -0.001 -19"><span class='ocrx_word' id='word_1_845' title='bbox 621 5713 817 5784; x_wconf 71' lang='lat' dir='ltr'><strong>Georg.</strong></span> <span class='ocrx_word' id='word_1_846' title='bbox 856 5712 1136 5784; x_wconf 63' lang='lat' dir='ltr'><strong>hletochit.</strong></span> <span class='ocrx_word' id='word_1_847' title='bbox 1175 5725 1356 5765; x_wconf 83' lang='lat' dir='ltr'><strong>contra</strong></span> <span class='ocrx_word' id='word_1_848' title='bbox 1399 5712 1638 5770; x_wconf 72' lang='lat' dir='ltr'><strong>Manacl.</strong></span> <span class='ocrx_word' id='word_1_849' title='bbox 1688 5714 1924 5770; x_wconf 71' lang='lat' dir='ltr'><strong>Cretans.</strong></span> <span class='ocrx_word' id='word_1_850' title='bbox 1959 5727 2008 5769; x_wconf 92' lang='lat' dir='ltr'><strong>c.</strong></span> <span class='ocrx_word' id='word_1_851' title='bbox 2048 5713 2102 5767; x_wconf 82' lang='grc'><strong>5.</strong></span> <span class='ocrx_word' id='word_1_852' title='bbox 2137 5712 2227 5782; x_wconf 85' lang='lat' dir='ltr'><strong>(G.</strong></span> 
     </span>
    </p>
   </div>
   <div class='ocr_carea' id='block_1_105' title="bbox 618 5781 1134 5851">
    <p class='ocr_par' dir='ltr' id='par_1_105' title="bbox 618 5781 1134 5851">
     <span class='ocr_line' id='line_1_105' title="bbox 618 5781 1134 5851; baseline -0.002 -14"><span class='ocrx_word' id='word_1_853' title='bbox 618 5781 758 5847; x_wconf 90' lang='lat' dir='ltr'><strong>O.l|,</strong></span> <span class='ocrx_word' id='word_1_854' title='bbox 774 5781 840 5851; x_wconf 62' lang='lat' dir='ltr'><strong>&#39;p.</strong></span> <span class='ocrx_word' id='word_1_855' title='bbox 862 5782 967 5837; x_wconf 73' lang='lat'><strong>972</strong></span> <span class='ocrx_word' id='word_1_856' title='bbox 992 5783 1134 5851; x_wconf 88' lang='lat' dir='ltr'><strong>seq.)</strong></span> 
     </span>
    </p>
   </div>
   <div class='ocr_carea' id='block_1_106' title="bbox 694 5853 2216 5924">
    <p class='ocr_par' dir='ltr' id='par_1_106' title="bbox 694 5853 2216 5924">
     <span class='ocr_line' id='line_1_106' title="bbox 694 5853 2216 5924; baseline 0.001 -19"><span class='ocrx_word' id='word_1_857' title='bbox 694 5853 770 5921; x_wconf 73' lang='grc' dir='ltr'><strong>(ὃ)</strong></span> <span class='ocrx_word' id='word_1_858' title='bbox 798 5853 1001 5924; x_wconf 79' lang='lat' dir='ltr'><strong>Beccus</strong></span> <span class='ocrx_word' id='word_1_859' title='bbox 1033 5853 1240 5924; x_wconf 74' lang='lat' dir='ltr'><strong>(Epigr.</strong></span> <span class='ocrx_word' id='word_1_860' title='bbox 1286 5869 1373 5917; x_wconf 68' lang='lat' dir='ltr'><strong>st;</strong></span> <span class='ocrx_word' id='word_1_861' title='bbox 1409 5853 1473 5907; x_wconf 70' lang='grc' dir='ltr'><strong>(ἓ.</strong></span> <span class='ocrx_word' id='word_1_862' title='bbox 1511 5854 1571 5910; x_wconf 90' lang='grc' dir='ltr'><strong>Ο.</strong></span> <span class='ocrx_word' id='word_1_863' title='bbox 1610 5853 1677 5916; x_wconf 87' lang='lat' dir='ltr'><strong>ll,</strong></span> <span class='ocrx_word' id='word_1_864' title='bbox 1712 5871 1768 5923; x_wconf 91' lang='lat' dir='ltr'><strong>p.</strong></span> <span class='ocrx_word' id='word_1_865' title='bbox 1808 5853 1934 5924; x_wconf 76' lang='grc'>619)</span> <span class='ocrx_word' id='word_1_866' title='bbox 1965 5873 1977 5908; x_wconf 89' lang='lat'><strong>:</strong></span> <span class='ocrx_word' id='word_1_867' title='bbox 2022 5854 2084 5907; x_wconf 79' lang='lat' dir='ltr'><strong>Ei</strong></span> <span class='ocrx_word' id='word_1_868' title='bbox 2110 5853 2216 5922; x_wconf 74' lang='grc' dir='ltr'>γὰρ</span> 
     </span>
    </p>
   </div>
   <div class='ocr_carea' id='block_1_107' title="bbox 620 5921 2218 5995">
    <p class='ocr_par' dir='ltr' id='par_1_107' title="bbox 620 5921 2218 5995">
     <span class='ocr_line' id='line_1_107' title="bbox 620 5921 2218 5995; baseline -0.001 -17"><span class='ocrx_word' id='word_1_869' title='bbox 620 5924 763 5978; x_wconf 61' lang='grc' dir='ltr'><strong>κατὰ</strong></span> <span class='ocrx_word' id='word_1_870' title='bbox 817 5921 973 5974; x_wconf 76' lang='grc' dir='ltr'><strong>ἄλλον</strong></span> <span class='ocrx_word' id='word_1_871' title='bbox 1028 5921 1338 5992; x_wconf 56' lang='grc' dir='ltr'><strong>τινὰλόγον</strong></span> <span class='ocrx_word' id='word_1_872' title='bbox 1368 5921 1816 5995; x_wconf 54' lang='lat' dir='ltr'><strong>amoenam-tog,</strong></span> <span class='ocrx_word' id='word_1_873' title='bbox 1857 5921 2039 5989; x_wconf 68' lang='grc' dir='ltr'><strong>ὁποῖός</strong></span> <span class='ocrx_word' id='word_1_874' title='bbox 2069 5921 2218 5977; x_wconf 53' lang='grc' dir='ltr'><strong>ἐστιν</strong></span> 
     </span>
    </p>
   </div>
   <div class='ocr_carea' id='block_1_108' title="bbox 1820 5500 2218 5572">
    <p class='ocr_par' dir='ltr' id='par_1_108' title="bbox 1820 5500 2218 5572">
     <span class='ocr_line' id='line_1_108' title="bbox 1820 5500 2218 5572; baseline 0 -19"><span class='ocrx_word' id='word_1_875' title='bbox 1820 5500 1958 5572; x_wconf 83' lang='grc' dir='ltr'><strong>πρὸς</strong></span> <span class='ocrx_word' id='word_1_876' title='bbox 2011 5501 2218 5571; x_wconf 81' lang='grc' dir='ltr'>ἄλληλα</span> 
     </span>
    </p>
   </div>
   <div class='ocr_carea' id='block_1_109' title="bbox 2320 4719 3886 4791">
    <p class='ocr_par' dir='ltr' id='par_1_109' title="bbox 2320 4719 3886 4791">
     <span class='ocr_line' id='line_1_109' title="bbox 2320 4719 3886 4791; baseline -0.003 -18"><span class='ocrx_word' id='word_1_877' title='bbox 2320 4730 2426 4785; x_wconf 91' lang='lat' dir='ltr'><strong>tur,</strong></span> <span class='ocrx_word' id='word_1_878' title='bbox 2443 4719 2638 4789; x_wconf 82' lang='lat' dir='ltr'><strong>duplex</strong></span> <span class='ocrx_word' id='word_1_879' title='bbox 2654 4719 2802 4791; x_wconf 80' lang='lat'><strong>[509]</strong></span> <span class='ocrx_word' id='word_1_880' title='bbox 2817 4719 3400 4774; x_wconf 86' lang='lat' dir='ltr'><strong>consubstantialitatis</strong></span> <span class='ocrx_word' id='word_1_881' title='bbox 3412 4735 3585 4790; x_wconf 83' lang='lat' dir='ltr'><strong>genus</strong></span> <span class='ocrx_word' id='word_1_882' title='bbox 3599 4734 3886 4780; x_wconf 67' lang='lat' dir='ltr'><strong>secernere,</strong></span> 
     </span>
    </p>
   </div>
   <div class='ocr_carea' id='block_1_110' title="bbox 2320 4803 3888 4879">
    <p class='ocr_par' dir='ltr' id='par_1_110' title="bbox 2320 4803 3888 4879">
     <span class='ocr_line' id='line_1_110' title="bbox 2320 4803 3888 4879; baseline -0.001 -20"><span class='ocrx_word' id='word_1_883' title='bbox 2320 4823 2507 4862; x_wconf 81' lang='lat' dir='ltr'><strong>verum</strong></span> <span class='ocrx_word' id='word_1_884' title='bbox 2559 4809 2902 4864; x_wconf 88' lang='lat' dir='ltr'><strong>solummodo</strong></span> <span class='ocrx_word' id='word_1_885' title='bbox 2945 4803 3283 4879; x_wconf 76' lang='lat' dir='ltr'><strong>distinguere</strong></span> <span class='ocrx_word' id='word_1_886' title='bbox 3315 4808 3458 4862; x_wconf 88' lang='lat' dir='ltr'><strong>inter</strong></span> <span class='ocrx_word' id='word_1_887' title='bbox 3491 4810 3728 4864; x_wconf 89' lang='lat' dir='ltr'><strong>nativam</strong></span> <span class='ocrx_word' id='word_1_888' title='bbox 3759 4809 3888 4862; x_wconf 80' lang='lat' dir='ltr'><strong>vocis</strong></span> 
     </span>
    </p>
   </div>
   <div class='ocr_carea' id='block_1_111' title="bbox 2321 4899 3886 4972">
    <p class='ocr_par' dir='ltr' id='par_1_111' title="bbox 2321 4899 3886 4972">
     <span class='ocr_line' id='line_1_111' title="bbox 2321 4899 3886 4972; baseline 0.001 -18"><span class='ocrx_word' id='word_1_889' title='bbox 2321 4899 2772 4971; x_wconf 80' lang='lat' dir='ltr'><strong>signiﬁcationem</strong></span> <span class='ocrx_word' id='word_1_890' title='bbox 2802 4910 2857 4956; x_wconf 91' lang='lat' dir='ltr'><strong>et</strong></span> <span class='ocrx_word' id='word_1_891' title='bbox 2883 4917 3022 4966; x_wconf 86' lang='lat' dir='ltr'><strong>eam,</strong></span> <span class='ocrx_word' id='word_1_892' title='bbox 3057 4916 3178 4971; x_wconf 72' lang='lat' dir='ltr'><strong>quae</strong></span> <span class='ocrx_word' id='word_1_893' title='bbox 3204 4917 3268 4956; x_wconf 84' lang='lat' dir='ltr'><strong>ex</strong></span> <span class='ocrx_word' id='word_1_894' title='bbox 3295 4902 3542 4972; x_wconf 89' lang='lat' dir='ltr'><strong>subjecto</strong></span> <span class='ocrx_word' id='word_1_895' title='bbox 3592 4901 3886 4959; x_wconf 86' lang='lat' dir='ltr'><strong>attributio-</strong></span> 
     </span>
    </p>
   </div>
   <div class='ocr_carea' id='block_1_112' title="bbox 2321 5009 3883 5086">
    <p class='ocr_par' dir='ltr' id='par_1_112' title="bbox 2321 5009 3883 5086">
     <span class='ocr_line' id='line_1_112' title="bbox 2321 5009 3883 5086; baseline -0.002 -18"><span class='ocrx_word' id='word_1_896' title='bbox 2321 5017 2348 5086; x_wconf 71' lang='grc' dir='ltr'>ῥ</span> <span class='ocrx_word' id='word_1_897' title='bbox 2380 5015 2508 5084; x_wconf 70' lang='grc' dir='ltr'>περὶ</span> <span class='ocrx_word' id='word_1_898' title='bbox 2532 5013 2624 5067; x_wconf 80' lang='grc' dir='ltr'><strong>δύο</strong></span> <span class='ocrx_word' id='word_1_899' title='bbox 2653 5014 2821 5086; x_wconf 54' lang='grc' dir='ltr'><strong>ξεινῷν</strong></span> <span class='ocrx_word' id='word_1_900' title='bbox 2851 5016 3155 5084; x_wconf 72' lang='grc' dir='ltr'><strong>ὁμοουσίων</strong></span> <span class='ocrx_word' id='word_1_901' title='bbox 3203 5015 3519 5086; x_wconf 29' lang='grc' dir='ltr'><strong>λεγῌόμενος,</strong></span> <span class='ocrx_word' id='word_1_902' title='bbox 3567 5017 3638 5086; x_wconf 18' lang='grc' dir='ltr'><strong>ἐνί</strong></span> <span class='ocrx_word' id='word_1_903' title='bbox 3672 5009 3751 5078; x_wconf 74' lang='grc' dir='ltr'><strong>οἷς</strong></span> <span class='ocrx_word' id='word_1_904' title='bbox 3776 5017 3883 5086; x_wconf 61' lang='grc' dir='ltr'><strong>ρῦκ</strong></span> 
     </span>
    </p>
   </div>
   <div class='ocr_carea' id='block_1_113' title="bbox 2323 5083 3886 5159">
    <p class='ocr_par' dir='ltr' id='par_1_113' title="bbox 2323 5083 3886 5159">
     <span class='ocr_line' id='line_1_113' title="bbox 2323 5083 3886 5159; baseline -0.001 -22"><span class='ocrx_word' id='word_1_905' title='bbox 2323 5083 2558 5159; x_wconf 38' lang='lat' dir='ltr'><strong>Easton;</strong></span> <span class='ocrx_word' id='word_1_906' title='bbox 2575 5084 2678 5159; x_wconf 45' lang='grc' dir='ltr'><strong>ξεοῦ</strong></span> <span class='ocrx_word' id='word_1_907' title='bbox 2707 5083 2898 5159; x_wconf 55' lang='grc' dir='ltr'><strong>ὲῖέρού</strong></span> <span class='ocrx_word' id='word_1_908' title='bbox 2930 5087 2993 5159; x_wconf 62' lang='grc' dir='ltr'><strong>τρ</strong></span> <span class='ocrx_word' id='word_1_909' title='bbox 3034 5087 3246 5159; x_wconf 61' lang='grc' dir='ltr'><strong>ἕτερον,</strong></span> <span class='ocrx_word' id='word_1_910' title='bbox 3501 5085 3731 5159; x_wconf 60' lang='lat' dir='ltr'><strong>[Ivequ</strong></span> <span class='ocrx_word' id='word_1_911' title='bbox 3772 5085 3886 5159; x_wconf 50' lang='grc' dir='ltr'><strong>ἴδιον</strong></span> 
     </span>
    </p>
   </div>
   <div class='ocr_carea' id='block_1_114' title="bbox 2322 5152 3887 5226">
    <p class='ocr_par' dir='ltr' id='par_1_114' title="bbox 2322 5152 3887 5226">
     <span class='ocr_line' id='line_1_114' title="bbox 2322 5152 3887 5226; baseline -0.002 -18"><span class='ocrx_word' id='word_1_912' title='bbox 2322 5154 2420 5226; x_wconf 66' lang='grc' dir='ltr'><strong>τοῦ</strong></span> <span class='ocrx_word' id='word_1_913' title='bbox 2468 5155 2624 5219; x_wconf 80' lang='grc' dir='ltr'><strong>Υἱοῦ,</strong></span> <span class='ocrx_word' id='word_1_914' title='bbox 2676 5155 2775 5226; x_wconf 70' lang='lat' dir='ltr'><strong>xa‘t</strong></span> <span class='ocrx_word' id='word_1_915' title='bbox 2802 5152 2886 5209; x_wconf 64' lang='grc' dir='ltr'><strong>’ὲκ</strong></span> <span class='ocrx_word' id='word_1_916' title='bbox 2921 5157 3020 5226; x_wconf 72' lang='grc' dir='ltr'><strong>τῆς</strong></span> <span class='ocrx_word' id='word_1_917' title='bbox 3050 5152 3239 5219; x_wconf 59' lang='lat' dir='ltr'><strong>obsita;</strong></span> <span class='ocrx_word' id='word_1_918' title='bbox 3271 5152 3367 5211; x_wconf 77' lang='grc' dir='ltr'><strong>τὸῦ</strong></span> <span class='ocrx_word' id='word_1_919' title='bbox 3407 5155 3562 5217; x_wconf 80' lang='grc' dir='ltr'><strong>Υἱοῦ,</strong></span> <span class='ocrx_word' id='word_1_920' title='bbox 3601 5152 3682 5226; x_wconf 62' lang='grc' dir='ltr'><strong>ἦν),</strong></span> <span class='ocrx_word' id='word_1_921' title='bbox 3708 5155 3770 5208; x_wconf 84' lang='grc' dir='ltr'><strong>ἂν</strong></span> <span class='ocrx_word' id='word_1_922' title='bbox 3803 5155 3887 5226; x_wconf 69' lang='lat' dir='ltr'><strong>xui.</strong></span> 
     </span>
    </p>
   </div>
   <div class='ocr_carea' id='block_1_115' title="bbox 2324 5224 3885 5296">
    <p class='ocr_par' dir='ltr' id='par_1_115' title="bbox 2324 5224 3885 5296">
     <span class='ocr_line' id='line_1_115' title="bbox 2324 5224 3885 5296; baseline -0.002 -17"><span class='ocrx_word' id='word_1_923' title='bbox 2324 5227 2353 5279; x_wconf 87' lang='grc' dir='ltr'><strong>ὁ</strong></span> <span class='ocrx_word' id='word_1_924' title='bbox 2382 5225 2504 5296; x_wconf 61' lang='lat' dir='ltr'><strong>re;</strong></span> <span class='ocrx_word' id='word_1_925' title='bbox 2532 5226 2662 5288; x_wconf 71' lang='grc' dir='ltr'><strong>ἴδιος</strong></span> <span class='ocrx_word' id='word_1_926' title='bbox 2691 5224 2786 5296; x_wconf 65' lang='grc' dir='ltr'><strong>τοῦ</strong></span> <span class='ocrx_word' id='word_1_927' title='bbox 2833 5224 3150 5296; x_wconf 72' lang='grc' dir='ltr'>Πνεῦματος</span> <span class='ocrx_word' id='word_1_928' title='bbox 3200 5230 3294 5283; x_wconf 70' lang='grc' dir='ltr'><strong>καὶ</strong></span> <span class='ocrx_word' id='word_1_929' title='bbox 3335 5229 3400 5280; x_wconf 84' lang='grc' dir='ltr'><strong>ὲκ</strong></span> <span class='ocrx_word' id='word_1_930' title='bbox 3443 5227 3544 5294; x_wconf 79' lang='grc' dir='ltr'><strong>τῆς</strong></span> <span class='ocrx_word' id='word_1_931' title='bbox 3577 5224 3762 5288; x_wconf 58' lang='lat' dir='ltr'><strong>aiis-Ia;</strong></span> <span class='ocrx_word' id='word_1_932' title='bbox 3804 5224 3885 5277; x_wconf 77' lang='grc' dir='ltr'><strong>τσῦ</strong></span> 
     </span>
    </p>
   </div>
   <div class='ocr_carea' id='block_1_116' title="bbox 2327 5294 3886 5366">
    <p class='ocr_par' dir='ltr' id='par_1_116' title="bbox 2327 5294 3886 5366">
     <span class='ocr_line' id='line_1_116' title="bbox 2327 5294 3886 5366; baseline -0.002 -18"><span class='ocrx_word' id='word_1_933' title='bbox 2327 5294 2666 5366; x_wconf 13' lang='grc' dir='ltr'><strong>Πνεύγματος,</strong></span> <span class='ocrx_word' id='word_1_934' title='bbox 2693 5294 2780 5348; x_wconf 81' lang='grc' dir='ltr'><strong>διὰ</strong></span> <span class='ocrx_word' id='word_1_935' title='bbox 2818 5296 2878 5349; x_wconf 74' lang='grc' dir='ltr'><strong>τὸ</strong></span> <span class='ocrx_word' id='word_1_936' title='bbox 2904 5294 3284 5366; x_wconf 17' lang='grc' dir='ltr'><strong>νὰντιστρέφον</strong></span> <span class='ocrx_word' id='word_1_937' title='bbox 3325 5298 3425 5366; x_wconf 83' lang='grc' dir='ltr'><strong>τῆς</strong></span> <span class='ocrx_word' id='word_1_938' title='bbox 3473 5296 3730 5366; x_wconf 76' lang='grc' dir='ltr'><strong>τοιαύτης</strong></span> <span class='ocrx_word' id='word_1_939' title='bbox 3773 5297 3886 5364; x_wconf 72' lang='grc' dir='ltr'><strong>ὀμο-</strong></span> 
     </span>
    </p>
   </div>
   <div class='ocr_carea' id='block_1_117' title="bbox 2326 5365 3885 5439">
    <p class='ocr_par' dir='ltr' id='par_1_117' title="bbox 2326 5365 3885 5439">
     <span class='ocr_line' id='line_1_117' title="bbox 2326 5365 3885 5439; baseline -0.001 -23"><span class='ocrx_word' id='word_1_940' title='bbox 2326 5365 2662 5439; x_wconf 57' lang='grc' dir='ltr'><strong>ορσιόῖηῖος,</strong></span> <span class='ocrx_word' id='word_1_941' title='bbox 2690 5366 2827 5439; x_wconf 56' lang='grc' dir='ltr'>ὅπερ</span> <span class='ocrx_word' id='word_1_942' title='bbox 2857 5365 2979 5424; x_wconf 76' lang='grc' dir='ltr'><strong>οὕτε</strong></span> <span class='ocrx_word' id='word_1_943' title='bbox 3004 5365 3207 5439; x_wconf 76' lang='grc' dir='ltr'><strong>ὲρῤέθη</strong></span> <span class='ocrx_word' id='word_1_944' title='bbox 3229 5365 3389 5439; x_wconf 14' lang='lat' dir='ltr'><strong>Ampi</strong></span> <span class='ocrx_word' id='word_1_945' title='bbox 3431 5383 3576 5439; x_wconf 56' lang='lat' dir='ltr'><strong>two;</strong></span> <span class='ocrx_word' id='word_1_946' title='bbox 3606 5367 3716 5419; x_wconf 82' lang='grc' dir='ltr'><strong>τῶν</strong></span> <span class='ocrx_word' id='word_1_947' title='bbox 3734 5367 3885 5439; x_wconf 59' lang='grc' dir='ltr'><strong>ἁγίων</strong></span> 
     </span>
    </p>
   </div>
   <div class='ocr_carea' id='block_1_118' title="bbox 2327 5433 3886 5509">
    <p class='ocr_par' dir='ltr' id='par_1_118' title="bbox 2327 5433 3886 5509">
     <span class='ocr_line' id='line_1_118' title="bbox 2327 5433 3886 5509; baseline 0.005 -23"><span class='ocrx_word' id='word_1_948' title='bbox 2327 5433 2451 5509; x_wconf 61' lang='lat' dir='ltr'><strong>abte</strong></span> <span class='ocrx_word' id='word_1_949' title='bbox 2484 5433 2959 5509; x_wconf 12' lang='grc' dir='ltr'><strong>ρήθῇσετίαϊποτε-</strong></span> <span class='ocrx_word' id='word_1_950' title='bbox 2992 5476 3005 5490; x_wconf 94' lang='grc'><strong>.</strong></span> <span class='ocrx_word' id='word_1_951' title='bbox 3111 5475 3128 5491; x_wconf 89' lang='grc'><strong>.</strong></span> <span class='ocrx_word' id='word_1_952' title='bbox 3159 5433 3530 5509; x_wconf 54' lang='grc' dir='ltr'><strong>ἤδὲῂὲοιαῠτη</strong></span> <span class='ocrx_word' id='word_1_953' title='bbox 3554 5437 3886 5508; x_wconf 74' lang='grc' dir='ltr'><strong>ὀμοουσιότης</strong></span> 
     </span>
    </p>
   </div>
   <div class='ocr_carea' id='block_1_119' title="bbox 2329 5503 3338 5576">
    <p class='ocr_par' dir='ltr' id='par_1_119' title="bbox 2329 5503 3338 5576">
     <span class='ocr_line' id='line_1_119' title="bbox 2329 5503 3338 5576; baseline 0.007 -18"><span class='ocrx_word' id='word_1_954' title='bbox 2329 5503 2452 5576; x_wconf 60' lang='grc' dir='ltr'><strong>οὐδὲ</strong></span> <span class='ocrx_word' id='word_1_955' title='bbox 2484 5503 2686 5576; x_wconf 57' lang='lat' dir='ltr'><strong>29pm;</strong></span> <span class='ocrx_word' id='word_1_956' title='bbox 2707 5507 3084 5576; x_wconf 78' lang='grc' dir='ltr'><strong>ὁμοουσιότης,</strong></span> <span class='ocrx_word' id='word_1_957' title='bbox 3128 5503 3259 5563; x_wconf 66' lang='grc' dir='ltr'><strong>κξτ.</strong></span> <span class='ocrx_word' id='word_1_958' title='bbox 3286 5507 3338 5565; x_wconf 87' lang='grc' dir='ltr'><strong>λ.</strong></span> 
     </span>
    </p>
   </div>
   <div class='ocr_carea' id='block_1_120' title="bbox 2404 5573 3876 5644">
    <p class='ocr_par' dir='ltr' id='par_1_120' title="bbox 2404 5573 3876 5644">
     <span class='ocr_line' id='line_1_120' title="bbox 2404 5573 3876 5644; baseline -0.01 -4"><span class='ocrx_word' id='word_1_959' title='bbox 2404 5573 2634 5644; x_wconf 54' lang='grc' dir='ltr'><strong>(θρίω</strong></span> <span class='ocrx_word' id='word_1_960' title='bbox 2662 5573 2940 5641; x_wconf 86' lang='lat' dir='ltr'><strong>Petavius,</strong></span> <span class='ocrx_word' id='word_1_961' title='bbox 2968 5573 3044 5632; x_wconf 72' lang='lat' dir='ltr'><strong>De</strong></span> <span class='ocrx_word' id='word_1_962' title='bbox 3085 5577 3232 5633; x_wconf 86' lang='lat' dir='ltr'><strong>Trin.</strong></span> <span class='ocrx_word' id='word_1_963' title='bbox 3274 5595 3369 5643; x_wconf 86' lang='lat' dir='ltr'><strong>vn,</strong></span> <span class='ocrx_word' id='word_1_964' title='bbox 3403 5593 3456 5633; x_wconf 93' lang='lat' dir='ltr'><strong>c.</strong></span> <span class='ocrx_word' id='word_1_965' title='bbox 3491 5580 3547 5638; x_wconf 75' lang='grc'><strong>4.</strong></span> <span class='ocrx_word' id='word_1_966' title='bbox 3589 5593 3644 5631; x_wconf 91' lang='lat' dir='ltr'><strong>n.</strong></span> <span class='ocrx_word' id='word_1_967' title='bbox 3683 5576 3767 5639; x_wconf 80' lang='grc'>11,</span> <span class='ocrx_word' id='word_1_968' title='bbox 3805 5573 3876 5644; x_wconf 68' lang='grc'><strong>12,</strong></span> 
     </span>
    </p>
   </div>
   <div class='ocr_carea' id='block_1_121' title="bbox 2331 5643 3878 5717">
    <p class='ocr_par' dir='ltr' id='par_1_121' title="bbox 2331 5643 3878 5717">
     <span class='ocr_line' id='line_1_121' title="bbox 2331 5643 3878 5717; baseline -0.002 -19"><span class='ocrx_word' id='word_1_969' title='bbox 2331 5644 2398 5698; x_wconf 90' lang='lat' dir='ltr'><strong>de</strong></span> <span class='ocrx_word' id='word_1_970' title='bbox 2429 5643 2609 5717; x_wconf 79' lang='lat' dir='ltr'><strong>Basilii</strong></span> <span class='ocrx_word' id='word_1_971' title='bbox 2645 5645 2902 5717; x_wconf 78' lang='lat' dir='ltr'><strong>ctCyrilli</strong></span> <span class='ocrx_word' id='word_1_972' title='bbox 2947 5649 3186 5702; x_wconf 65' lang='lat' dir='ltr'><strong>testibus</strong></span> <span class='ocrx_word' id='word_1_973' title='bbox 3227 5648 3313 5703; x_wconf 85' lang='lat' dir='ltr'><strong>hic</strong></span> <span class='ocrx_word' id='word_1_974' title='bbox 3349 5650 3545 5705; x_wconf 84' lang='lat' dir='ltr'><strong>addtici</strong></span> <span class='ocrx_word' id='word_1_975' title='bbox 3578 5648 3744 5702; x_wconf 87' lang='lat' dir='ltr'><strong>solitis</strong></span> <span class='ocrx_word' id='word_1_976' title='bbox 3780 5643 3878 5697; x_wconf 86' lang='lat' dir='ltr'><strong>dis-</strong></span> 
     </span>
    </p>
   </div>
   <div class='ocr_carea' id='block_1_122' title="bbox 2333 5715 3876 5788">
    <p class='ocr_par' dir='ltr' id='par_1_122' title="bbox 2333 5715 3876 5788">
     <span class='ocr_line' id='line_1_122' title="bbox 2333 5715 3876 5788; baseline -0.001 -19"><span class='ocrx_word' id='word_1_977' title='bbox 2333 5715 2487 5776; x_wconf 86' lang='lat' dir='ltr'><strong>serit.</strong></span> <span class='ocrx_word' id='word_1_978' title='bbox 2526 5730 2588 5769; x_wconf 90' lang='lat' dir='ltr'><strong>ea</strong></span> <span class='ocrx_word' id='word_1_979' title='bbox 2631 5730 2742 5768; x_wconf 89' lang='lat' dir='ltr'><strong>non</strong></span> <span class='ocrx_word' id='word_1_980' title='bbox 2766 5715 3075 5788; x_wconf 59' lang='lat' dir='ltr'><strong>&#39;immerito</strong></span> <span class='ocrx_word' id='word_1_981' title='bbox 3108 5734 3136 5771; x_wconf 89' lang='lat' dir='ltr'><strong>a</strong></span> <span class='ocrx_word' id='word_1_982' title='bbox 3169 5720 3408 5774; x_wconf 88' lang='lat' dir='ltr'><strong>cordatis</strong></span> <span class='ocrx_word' id='word_1_983' title='bbox 3457 5718 3742 5788; x_wconf 86' lang='lat' dir='ltr'><strong>Theologis</strong></span> <span class='ocrx_word' id='word_1_984' title='bbox 3774 5723 3876 5767; x_wconf 86' lang='lat' dir='ltr'><strong>tan-</strong></span> 
     </span>
    </p>
   </div>
   <div class='ocr_carea' id='block_1_123' title="bbox 2332 5787 3871 5857">
    <p class='ocr_par' dir='ltr' id='par_1_123' title="bbox 2332 5787 3871 5857">
     <span class='ocr_line' id='line_1_123' title="bbox 2332 5787 3871 5857; baseline 0.005 -21"><span class='ocrx_word' id='word_1_985' title='bbox 2332 5800 2493 5853; x_wconf 88' lang='lat' dir='ltr'><strong>quam</strong></span> <span class='ocrx_word' id='word_1_986' title='bbox 2550 5801 2658 5857; x_wconf 81' lang='lat' dir='ltr'><strong>non</strong></span> <span class='ocrx_word' id='word_1_987' title='bbox 2699 5787 2830 5841; x_wconf 86' lang='lat' dir='ltr'><strong>satis</strong></span> <span class='ocrx_word' id='word_1_988' title='bbox 2875 5799 3124 5843; x_wconf 89' lang='lat' dir='ltr'><strong>accurata</strong></span> <span class='ocrx_word' id='word_1_989' title='bbox 3180 5789 3448 5857; x_wconf 83' lang='lat' dir='ltr'><strong>expositio</strong></span> <span class='ocrx_word' id='word_1_990' title='bbox 3511 5787 3871 5857; x_wconf 68' lang='lat' dir='ltr'><strong>traducuntur;</strong></span> 
     </span>
    </p>
   </div>
   <div class='ocr_carea' id='block_1_124' title="bbox 2331 5853 3872 5994">
    <p class='ocr_par' dir='ltr' id='par_1_124' title="bbox 2331 5853 3872 5994">
     <span class='ocr_line' id='line_1_124' title="bbox 2331 5853 3872 5994; baseline 0.004 -87"><span class='ocrx_word' id='word_1_991' title='bbox 2331 5870 2528 5994; x_wconf 49' lang='grc' dir='ltr'><strong>ξείνιῗο</strong></span> <span class='ocrx_word' id='word_1_992' title='bbox 2552 5854 2762 5980; x_wconf 58' lang='lat' dir='ltr'><strong>fAlllatio</strong></span> <span class='ocrx_word' id='word_1_993' title='bbox 2807 5857 2940 5913; x_wconf 89' lang='lat' dir='ltr'><strong>locis</strong></span> <span class='ocrx_word' id='word_1_994' title='bbox 2980 5859 3096 5915; x_wconf 88' lang='lat' dir='ltr'><strong>citt.</strong></span> <span class='ocrx_word' id='word_1_995' title='bbox 3147 5853 3326 5918; x_wconf 82' lang='lat' dir='ltr'><strong>debita</strong></span> <span class='ocrx_word' id='word_1_996' title='bbox 3379 5875 3600 5932; x_wconf 85' lang='lat' dir='ltr'><strong>semper</strong></span> <span class='ocrx_word' id='word_1_997' title='bbox 3649 5853 3872 5929; x_wconf 72' lang='grc' dir='ltr'><strong>ἀκρίϐεια</strong></span> 
     </span>
     <span class='ocr_line' id='line_1_125' title="bbox 2374 5941 2672 5980; baseline 0.013 -4"><span class='ocrx_word' id='word_1_998' title='bbox 2374 5941 2471 5980; x_wconf 69' lang='lat' dir='ltr'><strong>rars</strong></span> <span class='ocrx_word' id='word_1_999' title='bbox 2577 5941 2624 5979; x_wconf 78' lang='lat' dir='ltr'><strong>ut</strong></span> <span class='ocrx_word' id='word_1_1000' title='bbox 2659 5965 2672 5980; x_wconf 98' lang='lat'><strong>.</strong></span> 
     </span>
    </p>
   </div>
   <div class='ocr_carea' id='block_1_125' title="bbox 2374 5941 2672 5980">
    <p class='ocr_par' dir='ltr' id='par_1_125' title="bbox 2374 5941 2672 5980">
     <span class='ocr_line' id='line_1_126' title="bbox 2374 5941 2672 5980; baseline 0.013 -4"><span class='ocrx_word' id='word_1_1001' title='bbox 2374 5941 2528 5980; x_wconf 58' lang='lat' dir='ltr'><strong>I&#39;EBSIO</strong></span> <span class='ocrx_word' id='word_1_1002' title='bbox 2552 5941 2672 5980; x_wconf 85' lang='grc' dir='ltr'><strong>ιυιι.</strong></span> 
     </span>
    </p>
   </div>
  </div>
