4052 6458
205 556 313 622 525

910 553 1008 614 DE
1047 553 1109 614 S.
1149 552 1895 623 SPIR.,MYSTAGOG1A.
1939 579 2005 589 -
2029 552 2779 617 ANIMADVERSIONES.

3383 548 3490 612 526

207 678 295 731 nis
328 674 509 730 eidem
541 670 771 729 accedit.
799 670 1061 741 Theologi
1108 669 1390 725 formalem
1430 671 1797 726 consubstan-
1827 678 1871 733 Α
1901 668 2056 723 Patri
2089 669 2342 740 Spiritus.
2371 668 2621 741 Amplius
2654 685 2666 720 :
2701 667 2969 735 Quoniam
3015 666 3493 723 eonsubslantialis

213 767 460 823 tialitatls
479 766 748 822 rationem
764 765 817 819 in
833 764 1089 820 essentia:
1109 764 1316 818 unitate
1330 774 1626 834 reponunt,
1656 781 1757 820 can
1774 797 1790 806 -

205 875 318 916 sam
364 859 702 921 materialem
734 859 789 912 in
822 859 1188 928 hypostaseon
1212 856 1543 925 pluralitate,
1559 856 1796 912 efﬁcien-

205 962 311 1008 tem
339 968 472 1007 vero
498 952 552 1005 in
595 950 916 1006 habitudine
949 949 1205 1021 principii
1233 957 1285 1004 et
1309 949 1641 1020 principiati.
1682 948 1795 1004 Nec

203 1059 389 1098 eorum
422 1042 767 1097 ratiocinatio
814 1042 1146 1113 spernenda,
1178 1057 1283 1112 qua
1324 1041 1398 1096 ita
1432 1042 1787 1098 concludunt:

202 1137 355 1203 Quod
389 1136 433 1191 si
473 1137 618 1191 inter
661 1135 876 1190 divinas
926 1150 1188 1204 personas
1251 1136 1793 1191 consubstantialitas

203 1228 553 1298 praedicatur,
580 1242 643 1282 ea
680 1227 809 1282 inde
832 1227 1027 1294 oritur,
1071 1226 1215 1297 quod
1248 1242 1423 1281 nexus
1450 1226 1674 1299 originis
1705 1228 1793 1282 in-

204 1328 287 1373 ter
329 1333 422 1373 eas
480 1318 805 1385 intercedit};
856 1318 1087 1387 proinde
1134 1317 1181 1372 si
1242 1316 1412 1373 Filius
1463 1326 1517 1372 et
1556 1317 1793 1388 Spiritus

203 1411 345 1465 inter
367 1425 427 1465 se
457 1409 958 1464 consubstantiales
999 1408 1278 1473 dicuntur,
1308 1407 1445 1463 ratio
1468 1421 1537 1462 ex
1568 1408 1794 1480 originis

201 1518 345 1557 nexu
377 1501 450 1556 ita
468 1500 786 1572 repetenda,
821 1510 884 1556 ut
912 1516 1056 1555 unus
1090 1501 1157 1555 ad
1185 1498 1418 1555 alterum
1447 1506 1509 1553 ut
1537 1497 1606 1554 ad
1642 1498 1793 1569 prin-

203 1594 408 1663 cipium
451 1593 743 1649 referatur.
779 1592 916 1647 Cum
964 1606 1117 1658 vero,
1163 1589 1459 1661 quominus
1496 1588 1617 1644 Filii
1648 1589 1796 1644 dica-

203 1703 328 1742 mus
372 1686 701 1757 principium
741 1684 1003 1758 Spiritum
1053 1692 1302 1741 sanctum
1345 1683 1481 1737 ordo
1515 1681 1796 1739 Trinitatis

203 1780 509 1852 prohibeat,
562 1779 760 1834 Filium
808 1778 1045 1850 Spiritus
1112 1775 1286 1834 sancti
1330 1773 1661 1845 principium
1698 1773 1798 1829 ha-

202 1873 430 1929 beamus
485 1882 702 1943 oportct
752 1871 857 1943 (Cf.
896 1870 1206 1926 Bessarion.
1251 1867 1343 1924 0r.
1389 1865 1567 1937 dogm.
1619 1882 1670 1923 c.
1723 1867 1793 1933 6;

202 1965 371 2022 "ard.
399 1966 493 2031 IX,
518 1965 809 2034 553-556).

273 2058 365 2112 2t.
412 2058 489 2111 Ex
518 2056 679 2112 dictis
723 2055 956 2126 iudicari
1010 2064 1189 2127 potest
1237 2055 1305 2111 de
1340 2056 1426 2122 iis,
1477 2071 1599 2127 quae
1646 2052 1800 2124 Hogo

202 2148 538 2205 Etberianns
570 2149 630 2219 (l.
663 2148 727 2216 11,
755 2164 806 2204 c.
835 2148 925 2213 20,
954 2164 1011 2218 p.
1040 2148 1198 2217 1255)
1236 2158 1425 2203 contra
1458 2147 1587 2203 illud
1622 2161 1802 2202 asser-

203 2248 319 2295 tum
348 2256 451 2293 non
478 2241 657 2294 eodem
682 2247 837 2308 pacto
867 2237 1129 2308 Spiritum
1167 2238 1668 2293 consubstantialem
1698 2235 1804 2290 dici

150 2350 165 2363 ³
204 2332 366 2397 Filio,
408 2348 509 2399 quo
538 2332 1000 2387 consubstantialis
1026 2332 1227 2387 dicitur
1263 2331 1438 2397 Patri,
1471 2332 1525 2385 in
1560 2330 1803 2385 medium

205 2424 435 2495 profert.
469 2443 487 2475 ε
525 2423 595 2478 At
622 2438 769 2489 vero,
812 2424 911 2488 ait,
959 2422 1097 2478 mihi
1125 2423 1341 2478 videtur
1368 2439 1480 2478 non
1511 2430 1661 2478 recte
1694 2417 1802 2477 dici

184 2515 670 2570 .eonsubstantiale
714 2514 998 2585 praedicari
1051 2515 1314 2585 wquivoce
1345 2514 1414 2569 de
1457 2514 1630 2570 tribus
1679 2529 1805 2585 per-

203 2607 375 2662 sonis.
409 2607 857 2663 lnconvenientia
891 2607 1040 2663 enim
1075 2616 1381 2677 sequuntur
1407 2614 1462 2661 et
1484 2606 1801 2676 impossibi-

182 2696 277 2755 lia
311 2697 564 2767 quamvis
595 2698 848 2767 plurima.
884 2698 1023 2753 Nam
1055 2699 1102 2753 si
1127 2697 1359 2768 Spiritus
1387 2699 1803 2752 consubstantia.

206 2786 275 2841 lis
300 2797 375 2841 est
400 2786 577 2852 Patri,
605 2804 664 2843 eo
688 2788 826 2857 quod
852 2804 917 2841 ea:
942 2788 1076 2856 ipso.
1106 2786 1407 2857 procedere
1455 2784 1803 2840 substantiola

208 2886 296 2931 cst
337 2876 589 2946 Spiritui.
633 2878 849 2932 Etenim
899 2879 943 2933 si
1001 2879 1258 2933 Socrates
1304 2878 1515 2933 Platoni
1562 2878 1802 2933 consub-

207 2969 499 3035 stantialis,
556 2970 683 3041 quia
726 2971 1006 3027 rationalis
1058 2981 1161 3034 est,
1219 2971 1486 3026 ambobus
1539 2969 1803 3024 rationale

204 3060 643 3117 substantialiter
687 3062 865 3118 inesse
902 3062 1204 3133 contingit;
1241 3070 1297 3115 at
1328 3076 1458 3116 vero
1503 3060 1803 3131 procedere

208 3172 389 3226 neque
436 3155 581 3209 Patri
629 3170 806 3225 neque
856 3154 994 3210 Filio
1054 3154 1418 3210 substantiale
1464 3163 1581 3219 est;
1638 3152 1803 3224 igitur

207 3259 319 3299 non
375 3254 504 3299 sunt
531 3245 777 3314 ejusdem
814 3254 1023 3300 naturas
1066 3260 1191 3300 cum
1227 3245 1382 3300 Patre
1420 3244 1592 3300 Filius
1640 3254 1803 3315 atque

209 3335 473 3405 Spiritus.
515 3336 671 3402 Quod
702 3338 746 3392 si
798 3353 987 3393 verum
1031 3346 1267 3404 constet,
1316 3354 1426 3393 non
1476 3347 1605 3393 sunt
1659 3354 1801 3393 unus

207 3427 378 3492 Deus,
426 3431 684 3497 quoniam
741 3429 1209 3484 consubstantiale
1260 3445 1371 3483 non
1406 3429 1690 3498 aequaliter
1744 3439 1799 3484 et

186 3520 449 3575 ,univoce
464 3519 533 3574 de
563 3519 738 3575 tribus
758 3520 1084 3590 praedicatur
1105 3521 1372 3591 personis.
1392 3519 1547 3588 Quod
1577 3521 1797 3592 quidem

203 3623 264 3667 et
306 3611 504 3667 Pltotio
524 3610 677 3685 [310]
713 3614 854 3683 (cap.
902 3613 995 3682 53)
1040 3612 1255 3668 videtur
1297 3613 1544 3669 dicenti:
1602 3631 1620 3665 ι
1654 3614 1800 3669 Con-

204 3703 585 3761 suostantiale
609 3704 829 3775 quidem
877 3704 1103 3760 omnino
1136 3706 1205 3760 ad
1238 3713 1528 3776 utrumque
1549 3706 1797 3772 vocibus,

202 3804 262 3851 et
283 3812 395 3851 non
426 3795 845 3867 significatione.
878 3795 1157 3867 reddimus
1184 3796 1284 3867 (5),
1318 3815 1337 3849 ι
1373 3796 1471 3852 sed
1502 3812 1609 3852 non
1637 3797 1796 3852 bene.

204 3888 343 3943 Nam
418 3864 796 3944 substantialis
848 3887 909 3958 (1.
954 3864 1467 3958 consubstantialia)
1554 3889 1798 3959 ejusdem

205 3991 341 4036 sunt
371 3980 694 4035 substantiae
738 3991 904 4049 atque
949 3988 1193 4046 natura);
1239 3996 1361 4050 quae
1392 3994 1524 4034 vero
1553 3979 1800 4048 ejusdem

202 4072 529 4127 substantiae
567 4081 732 4142 atque
778 4080 987 4127 natura:
1024 4081 1173 4138 sunt,
1231 4072 1483 4127 eamdem
1530 4071 1797 4126 rationem

202 4166 533 4221 substantiae
570 4165 906 4236 suscipiunt;
950 4180 1120 4235 quare
1174 4164 1285 4235 (ed.
1324 4164 1576 4235 quarum)
1615 4162 1800 4218 omnia

203 4257 695 4313 consubstantialia
727 4257 976 4312 eamdem
1011 4257 1335 4312 substantiae
1377 4255 1685 4326 suscipiunt
1708 4271 1800 4311 ra-

205 4351 440 4406 tionem.
494 4349 615 4416 Quo
669 4351 749 4416 tit,
821 4357 882 4403 ut
914 4349 1381 4406 consubstantiale
1431 4350 1500 4404 de
1546 4349 1800 4404 omnibus

203 4440 770 4496 consubstantialibus
825 4441 1072 4495 similiter
1096 4449 1153 4495 et
1187 4442 1366 4495 eodem
1416 4441 1570 4495 modo
1622 4455 1800 4494 enun-

205 4536 402 4590 tietur.
457 4532 603 4589 Sane
630 4534 771 4589 sicut
798 4533 1189 4605 specialissima
1232 4534 1443 4604 species
1468 4535 1536 4589 de
1556 4535 1669 4588 suis
1714 4535 1800 4588 in-

205 4625 456 4680 dividuis
510 4626 836 4696 praedicatur
865 4642 878 4678 :
912 4626 991 4680 sic
1023 4626 1210 4696 utique
1255 4626 1396 4681 Deus
1417 4636 1473 4681 et
1498 4627 1797 4681 substantia

1898 773 1984 817 est
2009 762 2246 833 Spiritus
2292 762 2461 829 Patri,
2496 779 2604 817 non
2660 762 2903 818 dill'erta
2954 760 3153 827 Patre;
3196 776 3327 832 ergo
3357 777 3493 832 quo—

1898 856 2044 909 niam
2117 856 2386 925 procedit,
2458 872 2565 910 non
2619 865 2716 917 est,
2758 856 2807 911 ei
2860 855 3360 911 consubstantialis.
3425 854 3495 909 At

1897 947 2179 1003 enimvero
2267 948 2520 1017 quamvis
2595 949 2775 1014 detur,
2866 947 3492 1003 eonsubstantialitatem

1896 1039 2123 1110 praecise
2170 1055 2267 1110 per
2294 1055 2353 1095 se
2380 1048 2679 1110 spectatam
2711 1055 2820 1095 non
2852 1041 3037 1094 dicere
3082 1055 3283 1094 nexum
3325 1038 3492 1110 origi—

1896 1133 2005 1198 nis,
2058 1140 2115 1187 et
2167 1146 2292 1187 cum
2350 1146 2456 1186 una
2509 1132 2751 1188 essentia
2796 1132 2955 1191 sitin
2992 1130 3164 1186 tribus
3212 1131 3488 1201 personis,

1864 1260 1868 1264 ο
1895 1224 2076 1295 quoad
2122 1240 2277 1279 suam
2310 1223 2826 1293 quidditatem,eam
2858 1239 2967 1278 non
2992 1222 3271 1291 aaquivoce
3300 1222 3368 1281 de
3398 1222 3494 1277 iis-

1895 1318 2021 1373 dem
2091 1316 2691 1388 prtudicarizattamen
2746 1317 2885 1371 ratio
2936 1317 2998 1371 ob
3050 1331 3211 1387 quam
3262 1314 3494 1369 habetur

1895 1407 2158 1479 distingui
2212 1408 2375 1477 plane
2424 1413 2606 1477 potest
2669 1405 2724 1461 in
2785 1406 3035 1474 singulis,
3102 1414 3159 1462 et
3215 1405 3492 1461 immerito

1896 1516 2127 1572 prorsus
2153 1509 2405 1572 negatur,
2438 1499 2586 1554 illam
2615 1513 2740 1554 cum
2780 1498 3104 1554 habitudine
3131 1497 3388 1569 principii
3437 1506 3496 1553 et

1901 1594 2213 1665 principiati
2265 1593 2517 1648 connecti
2554 1602 2611 1647 et
2642 1607 2709 1647 ex
2739 1592 2842 1646 bac
2886 1592 2954 1646 ad
2994 1592 3137 1646 illam
3182 1590 3493 1646 conclusio-

1899 1701 2023 1741 nem
2051 1683 2202 1759 [3ll]
2235 1684 2349 1739 fieri
2385 1700 2567 1755 posse,
2598 1699 2719 1754 quae
2747 1692 2926 1738 tamen
2954 1683 3008 1737 in
3034 1683 3251 1737 Patrum
3273 1683 3495 1753 scriptis

1898 1794 2278 1849 saepenumero
2323 1778 2563 1834 occurrit
2593 1776 2640 1848 (§
2667 1775 2781 1848 20).
2821 1775 3123 1831 Confundit
3162 1776 3495 1831 Etherianus

1900 1884 2122 1925 causam
2144 1869 2423 1942 formalem
2450 1885 2574 1925 cum
2601 1869 2870 1938 efﬁciente.
2888 1866 2948 1921 In
2971 1868 3221 1937 exemplo
3249 1866 3494 1923 Socratis

1899 1971 1955 2017 et
2009 1962 2267 2028 Platonis,
2337 1962 2482 2032 quod
2541 1960 2723 2025 aﬂ‘ert,
2774 1959 2927 2030 prior
2982 1958 3251 2025 habetur;
3293 1959 3387 2013 sed
3438 1959 3494 2014 in

1904 2053 2280 2124 propositione
2317 2054 2405 2108 illa
2436 2074 2448 2109 :
2486 2052 2752 2124 Spiritum
2782 2067 2906 2109 esse
2951 2051 3095 2107 Patri
3128 2051 3496 2107 consubstan-

1872 2145 2084 2200 tialem
2126 2145 2215 2199 διὰ
2261 2144 2323 2198 τὸ
2365 2144 2423 2212 ἐξ
2466 2144 2634 2198 αὑτοῦ
2689 2140 2852 2209 εἶναι,
2906 2158 3071 2199 causa
3115 2142 3375 2200 elliciens.
3418 2142 3497 2197 Ex

1904 2235 2239 2292 immanente
2282 2237 2429 2292 enim
2483 2236 2691 2308 origine
2718 2236 2804 2301 'ﬁt,
2859 2245 2916 2291 ut
2942 2236 3114 2291 Filius
3152 2250 3218 2291 ac
3258 2234 3496 2305 Spiritus

1901 2328 2150 2383 eamdem
2206 2328 2445 2383 habeant
2490 2342 2615 2382 cum
2675 2327 2837 2382 Patre
2875 2327 3197 2390 essentiam,
3250 2326 3497 2395 adeoque

1903 2422 2013 2478 sint
2061 2420 2110 2476 ei
2162 2420 2675 2476 consubstantiales.
2732 2417 3036 2475 Procedere
3086 2433 3219 2473 vero
3265 2417 3494 2487 Spiritui

1903 2509 2260 2566 substantiale
2290 2523 2431 2574 esse,
2465 2508 2654 2577 nequit
2688 2507 2849 2577 plane
2887 2507 3106 2572 deduci,
3140 2506 3244 2561 nisi
3282 2507 3336 2559 in
3366 2521 3495 2575 pro-

1903 2601 2151 2657 cessione
2197 2600 2442 2655 formalis
2472 2600 2608 2655 ratio
2644 2599 3125 2654 consubstantialis
3174 2606 3492 2667 reponatur,

1902 2690 2045 2760 quod
2084 2689 2455 2745 sanefalsum
2509 2697 2610 2744 est.
2659 2688 2780 2745 lam
2827 2689 2956 2744 satis
3016 2687 3330 2742 monuimus
3383 2703 3493 2742 non

1904 2796 2121 2851 semper
2137 2780 2307 2835 solida
2331 2789 2386 2835 et
2406 2789 2654 2835 accurata
2683 2795 2826 2844 esse,
2851 2796 2973 2850 quae
2999 2779 3198 2835 nobilis
3219 2779 3323 2835 iste
3342 2780 3495 2835 theo-

1905 2876 2058 2945 logus
2102 2876 2322 2945 copiose
2357 2875 2593 2940 disserit,
2629 2875 2757 2931 licet
2787 2876 2841 2929 in
2874 2876 3125 2947 plurimis
3155 2875 3299 2931 felici
3328 2876 3496 2930 Marte

1872 2998 1875 3001 -
1904 2968 2195 3024 dimicasse
2219 2968 2487 3023 videatur.
2521 2967 2622 3023 Hie
2638 2969 2833 3026 Photio
2860 2968 3271 3024 contradicendi
3295 2970 3494 3025 ardore

1904 3071 2196 3133 correptus
2216 3063 2362 3134 justo
2395 3062 2610 3134 longius
2636 3064 2972 3134 processisse
2994 3064 3260 3120 dicendus
3286 3073 3390 3119 est.

1974 3154 2066 3208 9.2.
2095 3153 2301 3220 Quaerit
2323 3153 2570 3218 Pbotius,
2593 3170 2715 3226 cap.
2740 3155 2830 3220 59,
2868 3165 3045 3209 utrum
3074 3155 3243 3228 magis
3277 3171 3495 3210 causam

1904 3260 2028 3301 esse
2079 3254 2340 3301 censeant
2372 3245 2574 3313 Latini,
2625 3246 2912 3302 Patremne
2951 3264 3017 3301 an
3047 3247 3267 3302 Filium.
3316 3248 3371 3303 Si
3398 3246 3498 3302 Pa-

1907 3347 2067 3399 trem,
2119 3338 2298 3392 honor
2322 3338 2411 3392 ille
2443 3338 2579 3394 Filio
2620 3348 2960 3409 praeparatus
2996 3340 3217 3410 spurius
3244 3349 3299 3396 et
3325 3341 3497 3412 magis

1904 3431 2258 3501 opprobrium
2298 3432 2403 3486 erit
2456 3430 2590 3502 ipsi;
2636 3432 2678 3487 si
2717 3448 2848 3487 vero
2888 3432 3105 3495 Filium,
3146 3432 3411 3504 gravioris
3442 3435 3497 3488 id

1904 3522 2222 3578 temeritatis
2265 3534 2370 3578 est.
2410 3521 2595 3594 Neque
2632 3523 2777 3579 enim
2810 3523 3059 3580 sufﬁcere
3088 3525 3222 3594 ipsis
3264 3541 3497 3582 censue-

1902 3613 2013 3667 rint
2068 3613 2137 3668 ad
2182 3613 2493 3683 impietatis,
2562 3630 2725 3684 quam
2806 3614 3125 3683 intendunt,
3205 3631 3496 3673 excessum

1902 3704 2038 3759 Filio
2062 3714 2342 3775 paternam
2373 3706 2749 3762 causalitatem
2796 3708 3073 3764 ascribere
3102 3724 3333 3780 eamque
3352 3710 3497 3765 divi-

1901 3798 2053 3863 dere,
2095 3799 2203 3854 nisi
2235 3808 2290 3854 et
2314 3800 2557 3870 potiores
2599 3808 2785 3869 partes
2816 3791 3067 3856 auferant
3093 3812 3149 3856 et
3169 3801 3289 3857 loco
3317 3800 3496 3857 Patris

1902 3892 2098 3947 Filium
2149 3891 2375 3962 Spiritui
2418 3891 2748 3963 principium
2780 3902 3044 3949 statuant.
3090 3892 3290 3949 Verum
3316 3910 3497 3965 neque

1903 3985 1989 4041 his
2015 3994 2345 4055 premuntur
2376 3983 2574 4052 Latini,
2621 3985 2715 4055 qui
2740 3986 2902 4041 toties
2927 3985 3225 4050 inculcant,
3269 3987 3499 4057 aequali-

1902 4086 1984 4134 ter
2004 4086 2061 4134 et
2085 4078 2203 4149 pari
2238 4078 2400 4134 modo
2443 4076 2662 4133 Patrem
2694 4086 2750 4133 et
2775 4077 2971 4133 Filium
3004 4092 3126 4134 esse
3144 4077 3500 4149 principium,

1901 4182 1957 4228 et
2001 4172 2179 4228 solum
2222 4180 2454 4228 eatenus
2498 4170 2717 4227 Patrem
2776 4172 2984 4242 primas
3035 4180 3220 4244 partes
3270 4172 3496 4237 habere,

1900 4275 2174 4337 quatenus
2212 4275 2297 4321 est
2325 4266 2444 4336 ipse
2466 4266 2640 4337 prima
2691 4280 2881 4331 causa,
2904 4281 2934 4319 a
2961 4281 3065 4335 qua
3098 4277 3153 4322 ct
3176 4266 3349 4322 Filius
3381 4267 3499 4338 ipse

1902 4370 2008 4425 est,
2037 4374 2217 4429 neque
2246 4374 2379 4414 vero
2408 4359 2534 4413 inde
2568 4359 2824 4430 injuriam
2855 4358 2970 4413 fieri
2995 4358 3150 4427 Filio,
3188 4360 3332 4415 sit-tt
3361 4360 3499 4415 nihil

1901 4466 2026 4505 eum
2076 4450 2240 4516 laedit,
2288 4449 2434 4519 quod
2476 4465 2586 4503 non
2641 4450 2762 4505 sine
2810 4464 2973 4506 causa
3026 4450 3128 4508 nec
3158 4450 3498 4507 innascibilis

1903 4551 2004 4599 est.
2053 4541 2240 4612 Neque
2266 4541 2445 4596 honor
2490 4539 2627 4595 Filio
2656 4539 2816 4595 datus
2862 4541 3081 4609 spurius
3111 4551 3167 4596 et
3195 4543 3264 4597 ab
3293 4542 3497 4610 extrin-

1903 4650 2028 4691 seco
2073 4636 2321 4705 adjectus
2368 4634 2579 4688 censeri
2634 4642 2847 4704 potest;
2883 4634 2994 4688 imo
3026 4636 3391 4697 necessarius,
3428 4650 3497 4689 ex

204 4717 279 4772 de
310 4717 488 4773 tribus
520 4718 721 4772 dicitur
778 4719 1046 4788 personis,
1086 4730 1141 4774 et
1167 4718 1625 4789 quemadmodum
1680 4733 1799 4772 om-
1824 4729 1878 4790 D
1906 4726 2117 4781 interna
2177 4726 2455 4796 profectus
2497 4724 2842 4791 necessitate,
2891 4740 2956 4779 ex
3010 4726 3145 4796 ipsis
3184 4727 3496 4783 divinarum

204 4807 323 4873 nia,
355 4824 481 4877 qnze
518 4808 698 4878 specie
735 4809 1083 4879 participant,
1131 4810 1376 4881 ejusdem
1423 4817 1634 4865 naturae
1666 4824 1800 4865 cen-

205 4911 427 4967 sentur,
494 4915 559 4954 ac
621 4901 1104 4957 eonsubstantialia
1160 4902 1296 4957 :sic
1354 4902 1541 4971 utique
1613 4900 1796 4967 Pater,

203 4994 385 5050 Filius
440 5003 601 5063 atque
659 4993 896 5064 Spiritus
952 5003 1173 5051 sanctus
1226 4995 1500 5065 azqualiter
1550 4995 1797 5065 ejusdem

203 5095 422 5141 natura:
458 5086 717 5140 dicuntur
742 5094 904 5156 atque
949 5087 1445 5142 consubstantiales
1494 5087 1797 5142 secundum

203 5178 533 5233 substantia:
580 5194 801 5243 nomen,
830 5187 1025 5232 etnon
1062 5180 1360 5249 tequivoce.
1408 5179 1549 5250 Ergo
1594 5194 1799 5234 secun-

202 5270 340 5325 dum
374 5285 537 5339 quem
591 5270 812 5325 modum
853 5270 1055 5324 dicitur
1087 5269 1324 5341 Spiritus
1356 5271 1800 5327 consubstantia-

205 5362 281 5417 lis
318 5361 489 5425 Patri,
540 5362 840 5417 secundum
883 5364 1135 5419 eumdem
1180 5372 1236 5419 et
1255 5362 1392 5419 Filio
1430 5364 1800 5419 consubstan-

206 5453 356 5508 tialis
439 5461 557 5517 est;
615 5463 669 5508 et
725 5454 869 5509 sicut
938 5452 1105 5509 Filius
1172 5455 1650 5512 eonsubstantialis
1715 5465 1801 5512 est

206 5541 466 5613 Spiritui,
521 5542 595 5598 ita
646 5543 882 5613 Spiritus
920 5542 1056 5599 Filio
1096 5554 1152 5599 et
1188 5544 1357 5602 Patri.
1405 5544 1619 5601 Nullam
1653 5547 1798 5602 enim

204 5635 495 5706 possident
539 5634 904 5691 diﬂ‘erentiam
942 5635 999 5690 in
1045 5651 1132 5702 eo,
1175 5638 1318 5707 quod
1363 5638 1801 5693 consubstantia-

204 5728 328 5795 les;
365 5742 537 5798 quare
579 5744 683 5782 non
708 5729 832 5796 quia
883 5728 1140 5799 procedit,
1201 5729 1668 5785 consubstantialis
1722 5738 1799 5783 est

280 5885 361 5955 (5)
392 5884 528 5957 Cap.
558 5887 618 5942 9i
669 5901 929 5957 expresse
966 5886 1129 5941 docet
1177 5885 1450 5943 Photius:
1502 5906 1521 5939 ι
1562 5886 1799 5956 Spiritus

205 5954 361 6010 Patri
399 5954 901 6020 consubstantialis,
947 5958 1072 6028 quia
1101 5972 1170 6012 ex
1216 5959 1336 6026 ipso
1380 5954 1663 6028 procedit;
1703 5961 1799 6015 sed

210 6040 317 6080 non
344 6042 411 6084 ex
446 6042 513 6084 eo
541 6029 771 6098 procedit
797 6029 925 6097 quia
956 6026 1458 6086 consubstantialis.
1499 6049 1518 6084 ι
1554 6026 1798 6088 Priorem

1902 4833 2259 4890 personarum
2310 4817 2667 4871 relationibus
2721 4816 2990 4871 deductus
3029 4826 3131 4880 est,
3158 4826 3218 4871 ut
3251 4818 3494 4873 Catholi-

1902 4924 2092 4964 corum
2128 4922 2225 4978 pro
2252 4907 2358 4962 hoc
2386 4908 2641 4979 dogmate
2686 4908 2939 4963 universa
2990 4918 3310 4979 argumenta
3341 4924 3494 4964 com-

1902 5010 2230 5055 monstrant.
2261 4998 2458 5055 Nonne
2487 5000 2633 5071 quod
2683 5000 2854 5054 Filius
2889 4998 3030 5053 solus
3063 5000 3127 5053 de
3163 5000 3276 5053 solo
3309 4998 3491 5065 Patre,

1902 5106 2097 5161 magna
2150 5091 2270 5160 ejus
2322 5089 2677 5161 praerogativa
2733 5097 2839 5154 est,
2906 5104 3029 5159 qute
3081 5091 3231 5144 hunc
3269 5092 3495 5149 omnino

1901 5186 2149 5256 exposcit
2181 5187 2484 5243 honorem?
2520 5186 2625 5259 (Cf.
2655 5195 2759 5241 art.
2790 5186 3024 5257 praeced.
3056 5185 3082 5259 θ
3108 5187 3186 5257 6.)

1975 5278 2127 5351 [512]
2149 5278 2237 5333 '23.
2262 5299 2281 5331 ‹
2304 5280 2570 5350 Majorem
2588 5279 2790 5342 dicere,
2810 5278 2910 5332 etsi
2926 5295 3033 5333 non
3054 5289 3245 5333 natura
3267 5282 3491 5352 (apage;

1902 5369 2385 5425 consubstantialis
2435 5370 2581 5425 enim
2611 5378 2694 5424 est
2729 5368 3014 5440 Trinitas),
3058 5387 3245 5426 verum
3287 5374 3494 5426 ratione

1903 5477 2095 5525 cauata,
2126 5460 2313 5533 genito
2343 5462 2665 5533 genitorem,
2705 5461 2866 5516 docet
2898 5462 3116 5532 quidem
3151 5477 3253 5519 nos
3278 5463 3490 5519 Domini

1902 5568 2007 5606 vox
2058 5553 2222 5623 idque
2290 5552 2456 5608 tradit
2503 5552 2699 5608 exinde
2758 5554 3006 5610 initiatus
3051 5570 3206 5611 sacer
3270 5553 3491 5610 Patrum

1902 5654 2215 5701 nostrorum
2275 5645 2509 5710 chorus;
2581 5661 2754 5701 causae
2809 5657 2989 5703 autem
3039 5649 3243 5702 ratione
3297 5647 3491 5702 Filium

1902 5738 2105 5809 Spiritu
2160 5739 2418 5809 majorem
2462 5755 2641 5811 neque
2669 5756 2737 5797 ex
2776 5741 2980 5807 divinis
3028 5741 3274 5815 Eloquiis
3301 5740 3492 5796 audire

1905 5874 2357 5977 propositionem
2392 5904 2561 5977 negat
2607 5896 2783 5977 lingu,
2843 5899 2939 5964 sed
2983 5898 3295 5965 immerito;
3352 5897 3493 5961 alter

1905 5966 2086 6038 potius
2119 5966 2368 6037 neganda
2401 5966 2542 6027 erat.
