3996 6478
532 366 632 433 531

1704 366 1968 436 PHO'I‘II
1996 368 2502 437 PATRIARCHIE
2539 358 2663 441 cr:

3679 371 3781 441 {-32

528 484 677 539 enim
704 482 829 553 est),
856 483 1088 539 alterum
1115 482 1262 557 [5l8]
1298 497 1427 541 vero
1449 496 1514 541 ex
1543 485 1784 541 secundo
1816 492 1873 541 et
1905 484 2105 555 princi-
2130 483 2185 544 A
2206 485 2329 540 dem
2354 486 2567 557 genitor
2623 489 2727 552 est,
2761 495 2871 540 non
2896 481 3211 555 productor,
3246 478 3484 554 Spiritus
3512 496 3777 555 veropro-

529 576 678 644 piato
704 577 903 645 (neque
940 577 1083 632 enim
1112 587 1197 633 est
1249 577 1456 648 absque
1519 576 1807 647 principio)
1852 576 2102 646 spiritum

533 666 822 723 admittere
848 668 1101 739 debent)»
1133 670 1276 739 (cap.
1320 667 1435 738 45).
1477 667 1687 723 Eadem
1727 667 1937 722 ratione
1962 667 2105 737 apud

532 755 768 813 Beccum
803 759 887 828 (de
921 776 1063 828 proc.
1098 758 1284 829 Spirit.
1334 775 1385 815 c.
1420 760 1482 825 6;
1526 760 1588 815 (ἱ.
1629 760 1691 815 0.
1740 760 1782 824 Ι,
1824 760 1931 813 288
1962 760 2103 829 seq.)

533 846 651 901 haec
683 847 949 903 dubitatio
975 849 1287 919 proponitur
1323 869 1336 905 :
1368 849 1425 904 Si
1456 848 1692 919 Spiritus
1746 860 1967 905 sanctus
2008 864 2106 920 per

536 934 731 991 Filium
787 937 1052 1006 procedit,
1093 938 1367 1006 quomodo
1392 954 1502 993 non
1526 938 1798 992 suntduze
1838 938 2107 992 exsistenv

536 1027 622 1082 tite
656 1028 955 1099 (ὑπάρξεις)
1001 1027 1256 1097 Spiritus,
1289 1034 1461 1084 altera
1493 1046 1561 1084 ex
1609 1030 1787 1094 Patre,
1818 1030 1989 1084 altera
2038 1046 2105 1085 ex

538 1118 711 1174 Filio?
742 1120 841 1174 Cui
883 1121 1177 1190 respondet
1248 1121 1338 1176 ille
1376 1121 1430 1176 id
1488 1122 1831 1192 potissimum
1884 1138 2103 1193 urgens,

533 1224 710 1279 neque
737 1210 792 1264 in
838 1212 1000 1266 rebus
1020 1211 1372 1267 inferioribus
1392 1222 1446 1267 et
1497 1213 1683 1269 sensui
1730 1213 2012 1282 subjectis,
2048 1198 2139 1267 in.

532 1303 728 1371 quibus
760 1304 866 1358 duo
910 1303 1135 1359 elTectus
1172 1305 1587 1374 conspiciuntur
1626 1320 1692 1361 ex
1715 1307 1889 1377 prima
1940 1322 2105 1364 causa

533 1395 936 1457 provenientes,
990 1410 1225 1462 quorum
1270 1410 1415 1450 unus
1467 1410 1563 1466 per
1612 1396 1777 1449 alium
1828 1410 1933 1464 est,
1972 1398 2108 1453 duas

532 1482 793 1552 ὑπάρξεις
841 1483 946 1537 dici
972 1498 1131 1553 posse
1158 1485 1324 1549 illius,
1372 1486 1514 1555 quod
1540 1494 1621 1541 est
1653 1486 1867 1540 tertium
1918 1488 2109 1543 ordine

532 1584 587 1629 et
610 1591 720 1628 non
749 1575 1096 1631 continuentur
1129 1579 1457 1648 (προσεχῶς)
1485 1593 1552 1633 ex
1582 1579 1756 1648 prima
1783 1594 1944 1634 causa
1976 1582 2109 1634 sub-

532 1667 695 1724 sistit.
741 1667 942 1723 tDicite
968 1669 1144 1736 nobis,
1178 1671 1254 1724 ait
1284 1668 1509 1735 Beccus,
1536 1685 1605 1723 an
1658 1670 1779 1725 dum
1804 1671 1995 1726 solaris
2025 1671 2108 1726 lu-

532 1764 698 1820 minis
720 1763 1051 1819 exsistentia:
1084 1771 1229 1826 sunt,
1272 1778 1381 1817 una
1428 1778 1496 1816 ex
1544 1762 1714 1830 disco,
1771 1763 1940 1818 altera
2011 1780 2110 1836 per

536 1855 748 1910 radium
784 1856 806 1907 ?
836 1854 1018 1908 Palam
1067 1853 1230 1909 facite
1259 1854 1443 1917 nobis,
1496 1870 1565 1908 an
1606 1854 1727 1911 dum
1774 1857 2105 1914 exsistentiae

537 1946 702 2001 unius
730 1952 856 2000 sunt
886 1942 1058 2008 ﬂuvii,
1115 1957 1222 1997 una
1272 1957 1339 1997 ex
1377 1944 1556 2009 oculo,
1588 1944 1756 1998 altera
1799 1960 1867 1999 ex
1917 1945 2106 2000 fonte?

537 2035 763 2105 (Alludit
820 2036 887 2088 ad
934 2035 1197 2105 imagines
1229 2035 1453 2088 Patrum
1495 2045 1598 2091 art.
1656 2036 1691 2090 2
1721 2076 1737 2103 ,
1778 2036 1807 2108 ς
1846 2038 1923 2106 6.)
1953 2037 2108 2104 Quod

536 2129 580 2182 si
613 2127 669 2181 in
718 2126 986 2181 similibus
1015 2126 1199 2181 sensui
1228 2126 1489 2196 subjectis
1551 2135 1606 2183 et
1662 2137 1873 2183 naturae
1912 2140 2110 2187 creata:

538 2220 737 2275 ﬁnibus
766 2218 1069 2274 terminatis
1096 2235 1205 2272 non
1233 2234 1528 2288 possumus
1581 2219 1765 2275 dicere
1799 2222 1934 2277 duas
1987 2238 2110 2279 esse

538 2313 704 2368 unius
752 2312 829 2366 rei
857 2296 1226 2379 exsiStentias,
1269 2327 1390 2382 qua:
1438 2327 1537 2383 per
1574 2313 1827 2373 eﬂectum
1860 2331 1968 2370 una
2028 2331 2111 2371 se~

537 2421 662 2460 cum
686 2414 1027 2460 emanantem
1062 2420 1124 2459 ex
1157 2405 1329 2474 prima
1353 2419 1515 2460 causa
1557 2407 1928 2463 exsistentiam
1980 2424 2112 2479 pos-

535 2498 695 2564 sidet,
735 2497 1006 2568 quomodo
1036 2498 1103 2551 de
1122 2496 1208 2563 iis,
1248 2497 1316 2552 de
1344 2497 1542 2566 quibus
1586 2508 1796 2555 naturae
1818 2500 1977 2554 'ratio
2005 2516 2111 2555 nu-

537 2597 631 2654 tat,
667 2589 859 2644 similia
897 2597 952 2643 et
978 2602 1316 2658 quaecunque
1349 2587 1439 2642 illa
1464 2589 1601 2656 sint,
1636 2590 1963 2646 dubitatis?»
1993 2592 2112 2648 Alia

535 2696 644 2737 non
684 2681 863 2739 minus
894 2680 1120 2735 evidens
1153 2679 1439 2750 responsio
1469 2694 1535 2734 ex
1566 2679 1791 2752 Hugone
1820 2683 2113 2739 Etheriano

537 2774 647 2843 peti
713 2781 891 2841 potest
948 2773 1008 2841 (l.
1074 2787 1147 2837 ιι,
1211 2787 1263 2840 p.
1316 2770 1457 2826 1255
1514 2771 1600 2841 F.)
1668 2773 1741 2827 ita
1797 2775 2110 2831 scribente:

542 2883 559 2912 ι
582 2862 853 2917 Craterum
882 2862 925 2916 si
955 2862 1095 2929 ideo,
1121 2862 1248 2931 quia
1299 2877 1362 2916 ex
1396 2861 1611 2917 duobus
1646 2865 1917 2933 procedit,
1974 2869 2114 2921 divi-

536 2956 669 3007 duus
718 2953 1065 3022 sitSpiritus,
1111 2953 1330 3007 Patrem
1367 2955 1514 3010 dicat
1545 2957 1670 3026 quis
1699 2957 1893 3012 eodem
1951 2960 2115 3014 modo

536 3046 805 3098 dividuum
836 3044 969 3108 fore,
992 3060 1114 3098 cum
1140 3060 1205 3099 ex
1236 3060 1294 3101 se
1325 3044 1521 3100 Filium
1551 3057 1773 3117 generet
1795 3050 2114 3118 emittatque

2207 578 2420 643 ductor,
2463 583 2517 633 et
2539 592 2648 633 non
2683 578 2917 649 genitor,
2941 577 3083 633 alius
3106 587 3270 647 atque
3307 577 3450 631 alius
3493 592 3524 631 a
3552 590 3613 631 se
3665 577 3775 646 ipso

2207 667 2365 723 Pater
2396 669 2520 732 erit,
2564 668 2797 740 indeque
2826 669 2989 724 etiam
3021 668 3376 738 compositus.
3402 668 3471 722 Et
3500 666 3776 722 nihilomi-

2205 776 2310 816 nus
2336 760 2569 829 Spiritus
2624 775 2692 816 ex
2744 766 2974 831 utroque
3006 775 3325 831 progressus
3348 757 3622 832 (πρόοδος)
3642 775 3777 815 unus

2207 854 2458 922 idemque
2483 865 2585 917 est,
2644 853 2736 907 sed
2758 853 2984 907 facultas
3015 852 3310 924 generandi
3360 865 3413 907 et
3444 851 3774 922 producendi

2206 946 2380 1001 Patris
2401 946 2501 1000 alia
2525 955 2580 1001 et
2630 945 2755 1000 alia.
2807 945 2915 1000 Sed
2972 946 3432 1015 quemadmodum
3494 954 3777 1015 propterea

2205 1037 2363 1092 Pater
2389 1038 2538 1091 nullo
2567 1038 2729 1093 modo
2758 1038 2812 1091 in
2850 1049 3029 1107 partes
3050 1038 3314 1092 scinditur
3339 1051 3518 1107 neque
3559 1050 3777 1107 compo-

2206 1130 2385 1185 sitioni
2418 1130 2704 1199 subjicitur
2737 1129 2819 1199 (οὑ
2845 1128 3097 1199 μεριστὸς
3129 1129 3401 1195 ἐντεῦθεν,
3425 1130 3485 1182 οὑ
3521 1129 3628 1199 μὴν
3658 1128 3779 1182 σὺνο

2208 1218 2404 1288 Θετος),
2448 1220 2574 1288 quia
2625 1218 2712 1273 illa
2765 1220 2987 1274 Deitatis
3042 1229 3218 1289 partes
3277 1220 3498 1274 minime
3533 1229 3679 1280 sunt,
3726 1226 3777 1273 et

2206 1319 2606 1380 consequenter
2645 1324 2823 1380 neque
2851 1306 3155 1379 compositio
3184 1327 3202 1373 ;
3234 1310 3461 1379 simplex
3501 1310 3646 1363 enim
3691 1324 3781 1363 su-

2207 1420 2304 1475 pra
2334 1419 2552 1458 omnem
2592 1403 2997 1472 simplicitatem
3047 1403 3226 1457 Deitas
3256 1409 3338 1456 est
3368 1411 3423 1455 et
3478 1416 3639 1470 supra
3667 1415 3781 1453 oms

2207 1512 2331 1551 nem
2373 1495 2695 1551 divisionem
2719 1495 2951 1549 indivisa
2984 1494 3151 1563 (ἁπλὴ
3190 1493 3298 1563 γὰρ
3333 1494 3364 1563 ἡ
3398 1492 3589 1561 Θεὸτης
3642 1491 3779 1559 ὑπὲρ

2210 1588 2391 1639 πᾶσαν
2425 1587 2725 1655 ἁπλότητα,
2747 1585 2843 1637 καὶ
2863 1584 3077 1657 ἀμερὴς
3101 1584 3240 1653 ὑπὲρ
3266 1583 3445 1635 πᾶσαν
3469 1580 3776 1651 ἁμὲρειαν),

2208 1680 2302 1733 sed
2333 1679 2692 1749 proprietates
2719 1676 2863 1731 circa
2904 1676 3078 1746 ipsam
3104 1674 3464 1729 considerata;
3500 1671 3779 1739 (ἰδιότητες

2209 1772 2337 1842 περὶ
2365 1770 2535 1840 αὑτὴν
2562 1767 2953 1839 θεωρούμεναι)
2985 1785 3001 1824 :
3038 1767 3153 1836 pari
3180 1766 3343 1821 modo
3387 1778 3566 1833 neque
3598 1762 3689 1831 qui
3714 1777 3778 1815 ex

2209 1861 2422 1916 duobus
2471 1870 2553 1915 est
2584 1874 2902 1929 progressus
2930 1857 3163 1927 Spiritus
3186 1910 3189 1915 ,
3216 1871 3246 1910 a
3277 1871 3371 1911 sua
3415 1854 3585 1924 ipsius
3632 1852 3778 1906 iden-

2210 1952 2363 2005 titate
2396 1964 2521 2004 eum
2534 1947 2859 2002 exterminat
2885 1943 3357 2014 autcompositum
3371 1939 3653 1995 constituit
3684 1935 3781 2007 (ἑξδ

2211 2041 2422 2111 ιστησιν
2452 2039 2583 2093 αὑτὸ
2606 2038 2706 2108 τῆς
2732 2037 3055 2108 ταυτότητος
3076 2034 3273 2088 ἑαυτοῦ
3300 2033 3333 2104 ἢ
3367 2030 3621 2085 σύνθετον
3642 2044 3777 2099 παρ·

2211 2133 2457 2203 ιστάνει),
2513 2132 2605 2187 sed
2639 2146 2704 2185 ex
2735 2129 2896 2184 Patre
2938 2137 3025 2183 est
3069 2137 3123 2182 et
3182 2142 3251 2181 ex
3294 2126 3451 2190 Filio,
3491 2138 3559 2178 ex
3622 2120 3779 2175 Patre

2208 2239 2406 2294 nempe
2439 2236 2536 2294 per
2567 2221 2788 2287 Filium,
2817 2220 3049 2290 simplex
3075 2234 3139 2274 ex
3164 2216 3525 2287 simplicibus,
3553 2229 3619 2267 ex
3654 2213 3778 2267 sim‘

2208 2315 2335 2387 plici
2370 2314 2488 2369 scil.
2521 2328 2621 2385 per
2651 2313 2901 2381 simplex,
2956 2319 3015 2365 ut
3040 2309 3346 2365 divinorum
3407 2306 3632 2359 Patrum
3663 2318 3778 2358 sen-

2213 2406 2380 2463 tentia
2424 2414 2558 2460 est.»
2597 2402 2711 2468 Qua
2748 2388 3069 2457 dexteritate
3097 2398 3385 2455 Metochita
3407 2404 3777 2467 argumentari:

2211 2499 2280 2555 ab
2327 2496 2554 2568 Hugone
2589 2495 2887 2550 indicatum
2942 2492 3031 2547 hic
3079 2491 3302 2556 evolvit,
3334 2489 3527 2543 eadem
3564 2486 3776 2540 Patrum

2212 2586 2703 2658 comparationibus
2737 2585 2952 2656 egregie
2977 2584 3147 2637 utitur
3191 2584 3269 2652 (p.
3319 2582 3446 2645 957,
3469 2581 3593 2642 948,
3636 2580 3776 2648 949).

2212 2683 2325 2736 Nec
2383 2679 2566 2733 minus
2623 2686 2845 2732 strenue
2905 2674 3191 2729 Bessarion
3220 2673 3470 2727 eamdem
3534 2670 3778 2724 Planuda:

2213 2770 2680 2826 ratiocinationem
2703 2766 2921 2831 evertit,
2952 2780 3113 2835 quam
3147 2764 3289 2817 haud
3321 2760 3597 2816 immerito
3633 2761 3771 2814 velut

2212 2864 2508 2920 materialia
2543 2877 2605 2916 ac
2638 2860 2909 2915 crassiora
2933 2859 3196 2913 duntaxat
3226 2855 3559 2926 sapientium
3588 2861 3644 2906 et
3668 2867 3778 2906 car-

2212 2957 2426 3012 nalibus
2483 2952 2863 3007 inbairentium
2894 2965 3016 3005 esse
3061 2964 3221 3018 posse
3254 2946 3443 3002 statuit
3472 2944 3607 3014 (ii).
3639 2943 3780 3009 'Qoa:

2214 3062 2338 3103 cum
2367 3046 2440 3099 ita
2482 3044 2609 3108 sint,
2654 3042 2818 3095 inane
2868 3054 3092 3109 prorsus
3123 3047 3207 3092 est
3266 3038 3604 3107 figmentum,
3640 3032 3779 3103 [59.0]

540 3136 821 3204 Spiritum.
859 3134 1141 3200 Quomodo
1166 3136 1311 3190 enim
1340 3152 1407 3191 ex
1450 3137 1768 3193 indivisibili
1818 3140 1925 3193 duo
1953 3143 2105 3210 quasi
2136 3162 2179 3221 α
2213 3138 2357 3208 quod
2382 3135 2607 3191 letius
2630 3133 2753 3187 inde
2771 3131 3011 3197 deducit,
3040 3131 3160 3185 loco
3187 3128 3550 3183 fraternitatis
3569 3134 3779 3195 quater-

538 3228 752 3283 diversa
798 3224 838 3278 F
842 3226 967 3281 ilius
1005 3227 1220 3297 quidem
1278 3243 1375 3297 per
1421 3231 1844 3299 generationem,
1878 3232 2111 3303 Spiritus
2148 3216 2178 3221 Γ
2212 3233 2436 3287 nitatem
2461 3224 2772 3282 Christianis
2804 3224 2921 3278 fore
2949 3222 3253 3284 colendam,
3289 3220 3334 3275 si
3351 3219 3666 3273 Latinorum
3690 3216 3780 3270 do-

544 3334 671 3375 vero
701 3335 798 3388 per
826 3319 1228 3389 processionem
1261 3322 1711 3391 progrediantur?
1748 3324 1982 3381 Fallacia
2017 3341 2112 3394 pro

539 3422 691 3467 certo
720 3412 771 3466 id
809 3420 915 3476 est,
950 3428 1066 3465 cum
1094 3429 1156 3465 ea:
1189 3412 1425 3467 rclativis
1455 3416 1756 3484 compositio
1793 3418 1908 3485 ﬁeri
1953 3430 2112 3487 puta-

541 3512 681 3555 tur.»
732 3501 996 3555 Audiatur
1024 3509 1077 3555 et
1102 3501 1365 3572 Georgius
1385 3502 1675 3557 Metochita
1746 3503 1959 3557 Maximi
1995 3505 2114 3559 l‘la-

539 3595 699 3649 nudae
721 3594 972 3649 refellens
1011 3603 1390 3665 argumentum
1444 3594 1527 3663 (ϐ.
1563 3593 1619 3649 0.
1667 3595 1734 3658 ll,
1784 3596 1909 3661 959,
1935 3596 2060 3666 940)
2098 3614 2110 3650 :

546 3686 727 3741 «Sicut
781 3686 928 3739 enim
969 3686 1131 3740 Pater
1160 3701 1337 3754 neque
1364 3686 1619 3741 dividuus
1648 3695 1731 3742 est
1756 3703 1935 3757 neque
1963 3704 2115 3742 comi

538 3779 769 3848 positus,
799 3778 942 3847 quod
966 3786 1185 3848 generet
1213 3776 1405 3830 Filium
1441 3786 1495 3831 et
1522 3778 1781 3849 Spiritum
1829 3780 2112 3849 producat,

538 3873 666 3927 licet
702 3871 847 3925 aliud
907 3874 1069 3939 atque
1093 3868 1239 3924 aliud
1277 3884 1537 3941 generare
1580 3871 1955 3941 etproducere
1981 3888 2116 3925 con-

540 3964 812 4017 sideretur
845 3978 859 4026 ;
893 3976 960 4015 ex
1017 3960 1283 4015 ambobus
1319 3960 1449 4014 item
1495 3975 1751 4031 egressus
1774 3962 1919 4017 idem
1946 3972 2031 4017 est
2061 3970 2118 4018 et

541 4070 703 4117 unus,
730 4052 874 4123 quod
906 4052 1021 4117 ista;
1051 4060 1230 4119 partes
1254 4066 1360 4104 non
1392 4059 1537 4117 sunt,
1574 4052 1667 4107 sed
1724 4053 2115 4122 proprietates;

540 4158 717 4217 neque
747 4144 1044 4200 secundum
1078 4141 1225 4215 [519]
1280 4142 1515 4213 aliquam
1550 4144 1871 4199 recisionem
1920 4146 2120 4200 utrius-

540 4254 646 4309 que
714 4251 1032 4309 progressus
1079 4236 1421 4306 cognoscitur
1453 4253 1466 4289 :
1494 4236 1611 4305 pari
1669 4235 1879 4291 ratione
1942 4253 2120 4308 neque

544 4330 783 4400 Spiritus
824 4329 1076 4384 dividuus
1118 4336 1203 4383 est
1252 4343 1430 4398 neque
1484 4329 1838 4398 compositus,
1875 4331 2020 4399 quod
2050 4346 2120 4386 ex

540 4421 702 4475 Patre
771 4430 826 4475 et
870 4419 1024 4485 Filio,
1052 4435 1115 4475 ex
1144 4419 1483 4491 simplicibus
1514 4428 1617 4486 est,
1661 4435 1858 4490 nempe
1888 4437 1955 4476 ex
1991 4421 2120 4476 sim-

2212 3324 2386 3381 ctrina
2416 3322 2705 3376 obtineret.

2283 3413 2373 3465 27.
2419 3410 2552 3475 Quae
2580 3424 2699 3477 cap.
2755 3406 2825 3460 44
2870 3410 3198 3473 sequuntur,
3264 3400 3319 3454 in
3366 3396 3639 3453 Trinitate
3674 3394 3781 3450 fore

2217 3502 2539 3572 principium
2566 3498 2964 3568 imperfectum,
2997 3494 3207 3557 inutile,
3256 3507 3530 3555 mancum,
3573 3505 3636 3543 ex
3674 3504 3785 3557 per-

2216 3594 2357 3648 fectu
2384 3602 2440 3646 et
2494 3589 2814 3659 imperfecto
2870 3586 3253 3656 compositum,
3311 3583 3510 3636 Filium
3566 3580 3781 3641 scilicet.

2216 3684 2410 3755 partim
2458 3681 2618 3736 exiis
2672 3696 2793 3750 qua:
2846 3693 2993 3732 nunc
3053 3676 3289 3730 diximus
3339 3674 3391 3745 (ς
3423 3672 3538 3742 26),
3596 3669 3781 3740 partim

2216 3792 2284 3831 ex
2330 3784 2456 3830 ante
2481 3774 2641 3829 dictis
2673 3774 2797 3842 (art,
2840 3772 2895 3835 5,
2926 3770 2951 3840 §
2984 3770 3057 3834 4;
3109 3777 3211 3822 art.
3250 3768 3303 3833 4,
3341 3766 3367 3838 ς
3398 3766 3452 3829 4,
3496 3764 3581 3832 ii)
3638 3761 3783 3816 facile

2217 3868 2445 3924 refutari
2474 3872 2725 3936 possunt.
2758 3863 2840 3917 Ad
2873 3878 2987 3916 rem
3020 3860 3170 3931 llugo
3204 3858 3531 3912 Etherianus
3565 3856 3621 3926 (ι.
3671 3854 3739 3923 c.)
3766 3870 3780 3905 :

2226 3960 2353 4013 «Ast
2377 3959 2709 4018 indubitato,
2738 3956 2934 4025 inquit,
2967 3950 3179 4023 (Filius)
3209 3950 3427 4019 quidem
3466 3957 3602 3999 totus
3632 3961 3782 3998 causa

2220 4062 2274 4108 et
2296 4062 2432 4106 totus
2463 4067 2526 4105 ea:
2552 4066 2715 4104 causa
2767 4058 2879 4112 est,
2921 4063 3044 4101 cum
3086 4043 3396 4098 individuus
3440 4040 3512 4094 sit
3536 4048 3591 4092 et
3614 4040 3784 4092 incor-

2220 4156 2443 4212 porcus.
2508 4138 2775 4205 Quoniam
2826 4152 2956 4192 vero
3006 4151 3166 4187 causa
3198 4141 3246 4194 et
3293 4130 3622 4185 causativum
3654 4144 3785 4182 com-

2221 4233 2528 4303 positionem
2572 4246 2673 4283 nou
2721 4229 2996 4292 inducunt,
3052 4225 3419 4279 manifestum.
3465 4223 3604 4276 Ecce
3645 4236 3785 4274 nam-

2220 4342 2326 4397 que
2352 4322 2519 4377 Filius
2553 4331 2609 4377 et
2641 4320 2876 4391 Spiritus
2907 4318 3236 4390 principium
3274 4326 3506 4371 etcausa
3544 4328 3663 4368 cum
3687 4311 3784 4365 Pa-

2226 4426 2310 4471 tre
2341 4423 2469 4468 sunt
2523 4412 2793 4467 conditrix
2847 4410 3240 4474 universitatis,
3266 4426 3330 4464 ex
3380 4410 3542 4463 Patre
3580 4407 3784 4478 quidem

542 4513 682 4582 plice
710 4526 809 4581 per
839 4512 1141 4582 simplicem
1185 4512 1437 4582 simplex,
1491 4518 1546 4565 et
1578 4526 1645 4566 ex
1702 4510 1996 4567 individuis
2027 4510 2113 4565 in-
2141 4521 2195 4585 Ῑ)
2222 4523 2386 4563 causa
2415 4505 2553 4562 Filio
2604 4515 2659 4561 et
2700 4514 2889 4560 sancto
2934 4503 3137 4573 Spiritu
3186 4504 3485 4557 secundum
3536 4502 3689 4555 aliam
3733 4509 3786 4552 et

541 4603 816 4669 dividuus,
857 4605 1181 4674 et°ejusdem
1225 4612 1436 4658 natura:
1460 4619 1584 4659 cum
1618 4602 1702 4669 iis,
1743 4604 1836 4674 qui
1874 4603 2120 4675 ejusdem

542 4702 751 4748 natura:
772 4709 896 4747 cum
930 4694 1048 4763 ipso
1086 4702 1268 4749 sunt.)
1310 4692 1377 4747 Et
1402 4708 1618 4747 rursum
1650 4692 1748 4761 (ib.
1784 4693 1911 4753 947.
1945 4691 2070 4757 948)
2104 4709 2117 4745 :

548 4783 635 4839 «Si
658 4786 820 4839 Pater
870 4783 1145 4856 ingenitus
1175 4801 1301 4841 cum
1331 4786 1421 4852 sit,
1452 4784 1668 4855 genitor
1704 4790 1786 4837 est
1811 4791 1867 4838 et
1915 4783 2121 4853 produ-

542 4888 679 4941 ctor,
711 4876 816 4933 hoc
867 4877 1086 4946 quidem
1141 4877 1401 4947 Spiritus,
1461 4876 1554 4932 illo
1580 4873 1723 4940 Filii,
1759 4883 1816 4929 et
1840 4872 1962 4929 Filii
1996 4875 2120 4944 qui-

614 5093 727 5163 (ιι)
756 5093 970 5148 Bessar.
1007 5112 1050 5147 ο.
1104 5092 1367 5163 PtcmudL
1401 5092 1530 5162 (ap.
1576 5091 1780 5163 Arcud_.
1813 5098 1869 5147 et
1911 5093 1965 5148 in
1996 5094 2117 5150 cod.

542 5156 688 5217 Non.
711 5156 797 5217 ’27
839 5164 877 5217 f.
910 5164 1059 5235 80b.
1094 5164 1169 5235 75Δ
1196 5178 1246 5235 a.
1275 5156 1560 5235 [Dqu-rat
1587 5200 1601 5223 ,
1634 5156 1983 5235 ὅτινμονὰς
2025 5166 2121 5218 καὶ

540 5235 674 5296 Θεὸς
705 5236 786 5296 εἰς
819 5237 846 5287 ὁ
876 5233 1060 5303 Πατὴρ
1086 5233 1185 5303 acati
1221 5234 1249 5283 ὁ
1285 5230 1413 5303 Υξὸςξ
1458 5230 1556 5286 ήκαὶ
1597 5231 1660 5303 τὸ
1702 5230 1927 5302 Πνεῦμα
1986 5251 2119 5303 προσ

542 5306 736 5370 ἀγουσι
765 5304 856 5356 καὶ
881 5303 970 5355 διὰ
1015 5301 1174 5355 οῐὲοῦτο
1199 5303 1259 5354 οὐ
1289 5301 1510 5355 δύναται
1558 5302 1651 5354 καὶ
1694 5301 1888 5355 ταύτὸν
1923 5301 2118 5357 ἑαυτοῦ

542 5372 682 5427 εἶναι
715 5373 776 5425 τὸ
807 5372 1028 5442 Πνεῦμα
1058 5372 1293 5443 τὸνᾶγιον
1317 5389 1331 5401 ο
1366 5372 1481 5425 ἀλλ’
1511 5372 1722 5442 ἀνάγκη
1756 5373 1953 5443 μᾶλλον
1980 5370 2119 5427 εἶναι

541 5444 736 5499 ταύτὸν
783 5442 961 5512 ἐαυτῷ
996 5458 1011 5473 ο
1054 5442 1141 5494 διὰ
1188 5442 1345 5495 τοῦτο
1398 5443 1643 5511 προϊέναι
1670 5444 1749 5512 ίὲκ
1795 5443 1997 5496 τούτων
2045 5444 2119 5506 ὼς

542 5518 608 5592 εκ
649 5515 890 5592 ’μοναᾷος
917 5528 931 5541 °
991 5513 1051 5592 ge
1102 5512 1209 5592 γὰρ
1253 5512 1451 5592 ἕτερον
1496 5511 1692 5592 ὲαυτρὺ
1736 5515 1829 5592 καὶ
1846 5514 2121 5592 “novenos

544 5581 915 5652 ὑπολαμϐάνει
957 5584 1018 5636 τὸ
1060 5581 1276 5652 πνεῦμα
1316 5581 1377 5635 τὸ
1426 5581 1579 5651 ἅγιον
1620 5583 1706 5635 διὰ
1747 5584 1809 5636 τὸ
1838 5584 1966 5637 ἄλλο
2019 5583 2119 5652 μὲν

542 5655 653 5706 δεῖν
702 5650 841 5706 εἶναι
883 5653 943 5705 τὸ
994 5656 1057 5707 ἐκ
1092 5650 1325 5724 Ιῄιατρὸς,
1376 5653 1500 5707 ἄλλο
1538 5652 1596 5706 δὲ
1625 5653 1685 5706 τὸ
1720 5653 1776 5719 ἐξ
1832 5654 1981 5724 Ποῦ,
2007 5650 2117 5704 *ἐῶν

545 5724 689 5777 πάνυ
728 5723 1055 5790 σωματικῶν
1096 5722 1242 5777 ἔστιν
1292 5725 1490 5777 ἐννοεῖν
1521 5724 1614 5776 καὶ
1663 5723 1784 5776 λίαν
1824 5723 2027 5785 ὑλικῶς
2056 5740 2115 5775 τε

546 5795 643 5845 παὶ
685 5793 958 5864 σαρκικῶς
998 5794 1064 5848 τὰ
1104 5795 1283 5863 ἐκεῖσε
1318 5794 1598 5848 νοούντων·
1628 5795 1688 5846 οὑ
1729 5794 1832 5865 γὰρ
1871 5792 2041 5858 οὕτως
2080 5795 2114 5865 ἡ

2221 4601 2381 4655 aliam
2404 4600 2637 4669 speciem
2660 4637 2674 4661 ,
2710 4599 2763 4652 in
2810 4614 2919 4668 quo
2940 4596 3111 4667 magis
3132 4612 3293 4665 quam
3309 4594 3493 4664 aliquo
3514 4594 3622 4648 alio
3643 4606 3787 4646 com-

2223 4692 2424 4763 positio
2460 4691 2564 4763 (ed.
2623 4688 2950 4760 Composito)
3008 4697 3286 4757 appareat,
3356 4685 3784 4746 assistentibus;

2220 4785 2423 4856 quippe
2446 4790 2821 4838 creaturarum
2854 4781 3116 4835 alteruter
3162 4779 3437 4850 (uterque)
3463 4794 3627 4833 causa
3658 4775 3787 4830 dici-

2222 4885 2330 4943 tur,
2364 4886 2426 4933 ut
2460 4877 2700 4933 elﬁciens
2747 4873 3019 4931 conditrix
3070 4874 3215 4936 scil.,
3274 4856 3577 4926 secundum
3631 4884 3787 4940 quam

2219 5099 2312 5152 τοῦ
2337 5097 2547 5167 ῐῐατρὸς
2569 5095 2820 5167 ἐνέργεια
2846 5095 2942 5167 τῆς
2970 5095 3061 5167 τοῦ
3090 5092 3221 5167 Υἱοῦ
3254 5093 3682 5167 ἀμπεσχοίνισται,
3712 5090 3788 5167 ᾡς

2219 5172 2252 5240 ὴ
2293 5170 2402 5240 εμὴ
2431 5160 2676 5240 εῆςσῆς,
2700 5160 3002 5240 οὐδ’λοῦοῇως
3025 5164 3181 5240 ditio;
3212 5164 3307 5240 ζα).
3338 5160 3496 5240 apio;
3532 5162 3682 5240 siaiv,
3714 5160 3791 5240 ὡς

2218 5229 2336 5308 ἐγῶ
2363 5229 2457 5290 atati
2483 5229 2572 5288 οὐ*
2606 5229 2724 5308 ὲὸτε
2759 5235 2878 5308 ᾲγὰρ
2907 5234 2973 5287 ἂν
3006 5235 3165 5308 μόνος
3188 5230 3302 5308 εἶχε
3339 5233 3525 5308 χ-ᾠραν
3623 5232 3683 5308 ἐν
3700 5229 3791 5308 μτῷ

2219 5300 2622 5375 ἀίποτελέσματι
2651 5300 2899 5366 σύνθεσις
2927 5322 2942 5336 ο
2968 5300 3035 5375 εἰ
3075 5306 3179 5373 γὰρ
3210 5300 3302 5375 {ei
3330 5300 3490 5375 ἄλλος
3516 5303 3609 5375 κα)

2217 5382 2330 5441 τοῖς
2358 5369 2667 5447 προσώποις
2704 5376 2860 5437 εἰσὶν,
2896 5374 3009 5447 ἀλλ’
3037 5369 3187 5447 οὑδξν
3215 5370 3379 5447 ᾗττολν
3411 5369 3493 5447 εἷς
3520 5374 3612 5425 καὶ
3693 5370 3793 5447 αξι-

2217 5439 2441 5511 τὸςήεῐσι
2461 5449 2526 5515 τῇ
2555 5446 2769 5513 Θεότητι
2798 5446 2890 5515 καὶ
2925 5441 3005 5507 εἷς
3034 5439 3252 5513 ἀριθμῷ
3281 5461 3293 5473 ·
3321 5442 3400 5515 ᾡς
3422 5439 3572 5515 εἶναι
3616 5441 3791 5515 αὐτῶν

2220 5507 2311 5601 καὶ
2345 5518 2477 5596 μίαν
2497 5507 2574 5584 ’ἶῴ
2603 5507 2821 5601 ᾁριῦιιῷ
2840 5514 2938 5601 τῂν
2966 5507 3244 5601 summa
3272 5526 3287 5544 ⁸
3314 5507 3390 5601 (by
3413 5513 3524 5601 (is!)
3550 5510 3791 5601 ἐνέρζτεεα

2222 5581 2356 5659 μία,
2403 5587 2519 5648 πῶς
2546 5581 2652 5638 ὀὗθ’
2691 5581 2803 5638 καῖ’
2841 5581 2906 5636 τὸ
2965 5587 3029 5636 ὲκ
3058 5581 3294 5654 ’ταύτης
3350 5582 3409 5636 ἓν
3465 5581 3530 5635 ἂν
3587 5581 3791 5633 ἁπλοῦν

2219 5656 2457 5781 Ξὶτέ),τὲαὶ
2497 5655 2676 5726 πάντη
2727 5653 3023 5709 ἀσύνθετον
3062 5656 3158 5708 καὶ
3201 5655 3262 5720 ἐξ
3305 5655 3551 5725 ἀνάγκης
3595 5649 3792 5706 ταύτὸν

2250 5744 2395 5797 αυτῳ
2414 5743 2427 5791 ;
