4052 6412
162 385 280 451 533

156 490 405 564 speciem
462 484 801 543 habitudinis
840 485 990 539 nullo
1018 482 1178 540 modo
1207 479 1443 549 Spiritus
1469 475 1552 531 rel
1579 472 1751 528 Filius
1780 482 1825 539 Α

155 602 232 642 ex
266 584 427 638 Patre
478 582 791 653 prodeunt;
828 590 1018 632 eorum
1069 574 1213 630 enim
1263 571 1493 641 quisque
1536 576 1748 623 creator

157 690 272 745 est,
302 694 415 732 non
446 684 764 731 creatura...
812 672 976 741 Igitur
1025 670 1069 725 si
1114 683 1281 724 causa
1310 674 1364 721 et
1413 662 1749 721 causativum

159 768 499 840 (causatum)
528 766 826 820 secundum
861 762 1201 817 dill'erentem
1229 756 1603 813 habitudinem
1629 752 1751 822 Spi-

160 864 312 918 ritus
361 860 498 915 Filio
528 855 868 927 Spirituique
905 850 1277 922 competentia
1302 849 1505 902 nullam
1533 847 1587 899 in
1639 844 1752 899 eis—

163 958 295 1010 dem
323 955 533 1010 faciunt
580 951 1050 1020 compositionem,
1082 946 1458 1007 manifestum,
1485 941 1629 1011 quod
1656 954 1753 993 ue-

162 1066 279 1119 que
307 1048 483 1102 Filius
516 1061 583 1101 ex
612 1060 679 1099 eo
699 1044 843 1114 quod
875 1043 1127 1097 similiter
1160 1040 1306 1094 Patri
1336 1036 1570 1107 Spiritus
1597 1048 1756 1089 causa

165 1148 547 1209 nuncupetur,
594 1135 1044 1206 compositionem
1097 1135 1345 1188 habeat.»
1398 1129 1499 1183 Hic
1524 1139 1760 1196 sequens

169 1233 358 1287 Pbotii
415 1240 796 1302 argumentum
847 1232 920 1298 (c.
953 1228 1043 1299 45)
1101 1243 1209 1296 quo
1257 1224 1438 1296 arguit
1466 1233 1755 1277 causarum

170 1325 497 1379 dualitatem
543 1322 770 1375 minime
803 1334 1108 1391 congruere
1133 1318 1327 1372 unitati
1354 1324 1409 1370 et
1429 1309 1760 1383 simplicitati

175 1421 425 1491 Spiritus
479 1418 648 1473 sancti
702 1417 953 1486 hancque
1009 1416 1152 1470 illaut
1202 1412 1509 1473 excludere,
1560 1407 1765 1480 pariter

174 1510 579 1583 expediendum
612 1520 733 1575 est;
775 1524 943 1563 unum
999 1522 1129 1562 sane
1166 1518 1250 1561 est
1281 1502 1627 1575 principium,
1657 1517 1764 1555 una

175 1606 360 1659 virtus
390 1614 447 1659 et
467 1604 608 1658 actio
627 1601 883 1671 spirativa
915 1615 1087 1669 eaque
1112 1598 1363 1667 simplex.
1398 1610 1541 1651 unus
1566 1603 1621 1650 et
1636 1595 1766 1648 sim-

180 1699 307 1767 plex
336 1706 423 1752 est
451 1696 613 1766 hujus
659 1694 889 1749 actionis
932 1692 1219 1747 terminus.
1266 1690 1344 1745 Ad
1387 1690 1439 1743 id
1477 1688 1620 1759 quod
1653 1686 1768 1740 Me-

183 1790 476 1845 thonensis
526 1789 639 1843 ait:
680 1787 863 1853 «Quod
914 1802 982 1840 ex
1011 1785 1224 1840 duobus
1273 1795 1377 1846 est,
1408 1783 1457 1838 ei
1492 1782 1637 1853 quod
1699 1796 1763 1835 ex

182 1898 299 1938 uno
347 1893 583 1946 tantum,
611 1897 888 1950 nunquam
922 1888 1005 1936 est
1031 1876 1290 1948 aequale,»
1321 1878 1457 1931 scite
1477 1874 1771 1945 respondet

184 1978 347 2050 Hugo
366 1977 691 2033 Etherianus
720 1977 779 2043 (Ι.
808 1974 873 2041 ll,
905 1990 954 2028 c.
992 1974 1076 2037 l2,
1107 1988 1163 2041 p.
1201 1968 1360 2038 l226)
1393 1976 1765 2039 argumenluir
1813 2007 1840 2024 με

185 2071 262 2128 ita
314 2081 638 2139 retorquens
675 2088 690 2124 :
730 2087 747 2119 ι
787 2067 942 2133 Quod
969 2081 1036 2120 ex
1086 2080 1215 2129 uno,
1263 2063 1311 2117 ei
1356 2062 1500 2131 quod
1530 2077 1594 2113 ex
1626 2059 1772 2112 nullo

186 2173 297 2227 est,
313 2178 591 2233 nunquam
623 2170 706 2215 est
731 2158 952 2228 aequale.
976 2156 1046 2209 At
1074 2171 1203 2209 vero
1224 2153 1389 2207 Filius
1411 2168 1478 2205 ex
1501 2167 1612 2206 uno
1634 2150 1770 2214 solo,

190 2255 357 2310 Patre
385 2257 531 2322 scil.,
552 2254 641 2325 qui
672 2268 700 2305 a
732 2252 879 2306 nullo
906 2249 1066 2303 habet
1092 2246 1500 2309 exsistentiam;
1536 2244 1775 2312 iuaequa-a

190 2352 274 2404 les
300 2359 433 2403 sunt
466 2364 593 2418 ergo
624 2347 781 2401 Pater
810 2354 864 2399 et
894 2343 1114 2398 Filius.»
1145 2342 1251 2396 Sed
1295 2359 1313 2391 r
1359 2355 1469 2393 non
1492 2347 1619 2393 sunt
1658 2340 1774 2393 haec

191 2442 251 2496 in
293 2440 659 2508 quantitatum
692 2436 1051 2506 proprietate,
1113 2433 1241 2502 quia
1283 2446 1463 2500 neque
1517 2444 1773 2484 mensura

192 2549 377 2602 neque
404 2532 677 2601 quantitas
707 2531 760 2581 in
784 2527 981 2582 divinis
1012 2533 1115 2580 est.
1634 2592 1639 2593 γ

266 2624 362 2677 28.
402 2644 420 2675 ι
456 2623 562 2677 Sed
597 2623 763 2676 Filius
792 2636 945 2675 suam
985 2628 1169 2673 servat
1195 2615 1604 2686 proprietatem,
1636 2614 1775 2669 ﬁlia-

198 2720 434 2800 tionem:
463 2723 516 2769 et
544 2713 781 2781 Spiritus
836 2727 989 2765 suam
1039 2710 1443 2779 processionem
1473 2724 1541 2763 ex
1570 2708 1729 2762 Patre
1756 2722 1771 2773 ;

194 2818 258 2864 et
317 2810 463 2863 sicut
497 2808 733 2877 Spiritus
778 2822 809 2861 a
840 2806 999 2861 Patre
1044 2805 1347 2875 procedens
1389 2804 1589 2858 nullam
1638 2802 1775 2858 acti-

200 2917 327 2954 vam
364 2900 776 2969 productionem
827 2898 913 2953 vel
946 2896 1350 2969 generationem
1389 2897 1648 2966 possidet,
1704 2897 1774 2951 ita

198 3010 305 3048 nec
356 2993 527 3048 Filius
567 3007 595 3045 a
625 2990 786 3045 Patre
822 2990 1035 3060 genitus
1080 2990 1256 3044 activa
1298 2990 1642 3060 generatione
1692 2990 1778 3044 vel

199 3084 504 3139 emissione
526 3082 935 3154 prterogativam
965 3080 1239 3135 ﬁliationis
1268 3081 1539 3135 adulterat
1580 3100 1597 3131 ι
1632 3082 1776 3149 (cap.

1850 559 2000 621 lius;
2032 569 2211 622 neque
2245 550 2389 605 enim
2422 546 2610 601 ﬁliatio
2637 539 2869 598 ulterius
2888 554 2946 592 se
2976 535 3240 598 extendit,
3269 547 3441 601 quam.

1851 647 2113 703 diximus.
2138 641 2263 696 llaec
2284 648 2475 695 contra
2502 637 2745 690 Nicetam
2778 629 3097 703 Byzantium
3146 625 3257 696 (l7)
3285 633 3438 678 notat

1856 739 2009 808 Hugo
2060 733 2390 789 Etherianus
2441 729 2499 798 (1.
2547 744 2585 781 ι.
2626 741 2676 779 c.
2720 723 2806 788 l7,
2856 738 2911 791 p.
2952 718 3136 786 12H),
3171 716 3438 769 obscurus

1855 826 2153 887 interdum,
2200 824 2292 879 sed
2325 834 2602 888 nunquam
2650 815 2765 870 sale
2819 822 2876 868 et
2913 810 3167 865 acumine
3220 805 3439 877 penitus

1856 919 2175 974 destitutus.
2214 935 2233 968 ι
2266 912 2489 981 Quaerit,
2521 925 2643 978 qua:
2671 901 3083 962 exhazreditatio
3114 900 3238 962 ista,
3269 907 3325 952 et
3346 895 3438 949 Fi-

1858 1012 1913 1067 lii
1937 1009 2350 1069 detrimentum,
2381 1013 2440 1058 ut
2477 1001 2661 1055 nonin
2708 1013 2767 1051 eo
2797 995 2932 1061 quod
2962 991 3134 1044 Filius
3158 989 3316 1043 Pater
3348 986 3438 1040 sit.

1859 1105 2015 1170 Quod
2039 1102 2259 1172 quidem
2294 1097 2645 1170 quaerendum
2674 1108 2786 1147 non
2819 1098 2959 1151 erat,
2992 1086 3087 1141 sed
3134 1084 3308 1139 multo
3336 1081 3441 1134 mi-

1864 1214 1970 1251 nus
2007 1193 2375 1254 inferendum,
2409 1198 2469 1243 ut
2505 1203 2571 1242 ex
2598 1184 2845 1256 pluribus
2869 1181 2989 1235 aliis
3017 1177 3187 1233 videri
3219 1182 3439 1246 potest;

1864 1289 2023 1342 velut
2051 1285 2095 1340 si
2122 1284 2282 1338 Pater
2316 1283 2372 1336 in
2405 1295 2472 1334 eo
2500 1278 2644 1347 quod
2677 1275 2849 1329 factor
2878 1271 3046 1326 ﬁlium
3076 1269 3335 1323 factorem
3363 1281 3446 1318 os-

1865 1377 2056 1432 tendat
2088 1373 2296 1445 (omnia
2336 1370 2484 1426 enim
2515 1383 2612 1437 per
2647 1366 2825 1435 ipsum
2857 1362 2997 1416 facta
3028 1357 3201 1427 sunt),
3246 1371 3443 1409 neces-

1864 1470 2066 1527 sarium
2116 1468 2206 1529 sit,
2248 1464 2444 1520 Filium
2494 1460 2709 1514 Patrem
2762 1470 2883 1511 esse
2934 1453 3002 1507 ad
3049 1447 3444 1507 ostendendum

1867 1577 1992 1618 eum
2032 1557 2185 1633 [525]
2223 1560 2279 1611 in
2338 1571 2404 1610 eo
2440 1552 2585 1623 quod
2635 1549 2809 1604 factor
2859 1545 3186 1616 genitorem,
3237 1538 3446 1603 nullum

1866 1670 1998 1709 vero
2032 1651 2420 1708 detrimentum
2453 1645 2597 1700 circa
2653 1640 2889 1696 divinam
2916 1643 3163 1691 naturam
3201 1629 3448 1685 invenia—

1869 1756 1998 1801 tur:
2052 1759 2175 1814 qute
2229 1740 2457 1802 fallacia,
2495 1735 2540 1790 si
2579 1734 2646 1789 de
2692 1732 2777 1786 h’s
2802 1745 2922 1799 qua:
2979 1725 3128 1797 apud.
3156 1738 3258 1777 nos
3299 1729 3448 1814 sunt:

1872 1789 1949 1801 υ·-
1985 1789 1998 1799 ·
2054 1789 2174 1814 *ιν-νυ
2229 1789 2457 1802 -—--~-v~~,
2506 1789 2513 1790 κ
2820 1789 2835 1799 ,
3014 1789 3030 1796 -
3122 1792 3128 1797 ,

1794 1824 1839 1878 Β
1878 1832 2186 1901 exemplum
2228 1836 2495 1887 sumatur,
2524 1818 2869 1891 apertissima
2895 1815 3105 1869 esthoc
3143 1810 3339 1866 modo:
3394 1789 3451 1861 δί

1879 1899 2054 1995 ριιιριί
2084 1921 2139 1974 in
2168 1935 2234 1974 eo
2272 1916 2415 1987 quod
2463 1911 2685 1983 desipit,
2721 1909 2892 1963 ﬁlium
2914 1900 3268 1961 demonstrat
3317 1899 3453 1953 insi-

1879 2015 2141 2085 pientem.
2198 2008 2345 2063 nulla
2403 2014 2553 2061 certo
2588 2003 2801 2056 videtur
2843 1994 3141 2052 necessitas
3184 1990 3316 2045 fatui
3355 1986 3453 2041 ﬁlii

1879 2107 2290 2179 generationem
2325 2101 2547 2163 inferre,
2577 2113 2647 2152 ne
2682 2096 2771 2150 ﬁat
2806 2101 3046 2164 paternae
3066 2086 3453 2144 detrimentum

1879 2176 2165 2254 l'atuitatis.
2202 2192 2406 2248 Putoin
2434 2190 2606 2260 ﬁgura
2633 2184 2888 2241 dictionis
2925 2176 3239 2250 bujusmodi
3271 2187 3458 2244 pecca-

1883 2298 1995 2343 tqu
2048 2284 2288 2348 obvolvi,
2320 2298 2387 2336 eo
2417 2279 2559 2350 quod
2591 2293 2701 2332 non
2748 2275 2893 2329 idem
2921 2271 3110 2326 eadem
3152 2270 3459 2335 exponatur

1881 2374 2349 2445 interpretatione.
2378 2367 2592 2423 Etenim
2624 2363 2854 2433 hujusce
2881 2355 3197 2415 consecutio
3216 2352 3462 2417 substane

1881 2466 2092 2518 tialium
2147 2471 2251 2527 est,
2284 2477 2385 2513 non
2410 2457 2829 2527 proprietatum;
2883 2450 3026 2520 quod
3053 2446 3283 2501 reclusis
3325 2456 3458 2496 con—

1881 2556 2109 2611 siderari
2132 2562 2311 2625 potest
2348 2548 2608 2611 latibulis,
2649 2545 2693 2600 si
2726 2543 2926 2599 omissa
2960 2538 3217 2608 religione
3243 2534 3309 2588 ad
3337 2547 3458 2586 tuo-

1880 2649 2062 2704 dicum
2102 2646 2283 2701 divina
2316 2650 2553 2697 mentem
2587 2639 2654 2693 ad
2690 2634 2911 2692 humani
2957 2629 3172 2704 generis
3197 2640 3459 2697 propaga-

1884 2741 2091 2795 tionem
2155 2736 2275 2806 quis
2328 2740 2564 2787 revocet.
2630 2728 2827 2782 Nonne
2873 2722 3164 2793 cujuslibet
3226 2714 3463 2772 hominis

1882 2830 2048 2893 ﬁlius,
2092 2843 2215 2883 cum
2267 2824 2468 2888 omnia,
2523 2836 2642 2891 quae
2690 2817 2828 2886 putri
2882 2810 3258 2870 substantialia
3312 2816 3460 2869 sunt,

1885 2921 2102 2979 haheat,
2139 2932 2327 2971 eorum
2360 2929 2480 2982 qum
2513 2910 2637 2965 talia
2668 2924 2776 2962 non
2814 2914 2961 2967 sunt,
2997 2902 3276 2956 minimam
3303 2898 3466 2951 inter-

1884 3015 2034 3078 dum,
2091 3011 2391 3081 portionem
2440 3003 2686 3059 retinet?
2742 3001 2797 3055 Si
2852 2998 2990 3052 l’atri
3042 2990 3465 3049 substantialiter

1886 3107 1960 3176 (id
2003 3112 2089 3159 est
2118 3113 2374 3171 tanquam
2408 3096 2735 3159 substantia)
2776 3094 2978 3146 inesset
3012 3088 3132 3142 Filii
3188 3082 3465 3156 generatio

202 3179 320 3247 λδ)-
346 3178 489 3231 sane
515 3175 902 3246 Proprietate")
943 3172 1442 3228 Chamaerimicam
1471 3180 1583 3225 lum
1616 3171 1782 3226 Filius
1811 3181 1851 3234 (δ
1885 3171 2215 3262 emissioque
2272 3189 2530 3260 Spiritus,
2579 3201 2646 3239 ex
2692 3181 3021 3237 necessitate
3066 3176 3237 3231 Filius
3290 3175 3466 3241 ipsum

204 3283 325 3327 turn
368 3270 599 3339 Spiritus
640 3276 861 3323 sanctus
888 3267 1050 3322 etiam
1088 3266 1140 3320 in
1174 3266 1491 3319 Latinorum
1538 3265 1786 3319 doctrina

203 3371 573 3427 conservant;
633 3376 815 3414 verum
855 3359 1001 3430 quod
1054 3359 1143 3412 hic
1176 3358 1376 3410 nullius
1425 3370 1673 3426 personae
1718 3355 1790 3410 sit

204 3455 564 3525 principium,
594 3453 684 3507 ille
704 3467 835 3507 vero
863 3466 987 3506 cum
1020 3450 1179 3505 Patre
1209 3450 1278 3504 sit
1303 3448 1632 3517 principium
1665 3447 1790 3517 Spi-

206 3548 369 3607 ritus,
414 3546 467 3600 id
506 3545 574 3599 ad
618 3542 866 3599 neutrius
916 3542 1266 3597 constitutiva
1317 3539 1575 3611 pertinet.
1625 3538 1784 3592 Nulla

206 3646 478 3707 praeterea
536 3636 591 3689 in
636 3650 703 3689 eo
763 3643 849 3688 est
886 3632 1266 3694 contradictio,
1320 3631 1464 3700 quod
1508 3628 1677 3683 Filius
1720 3629 1790 3683 sit

209 3732 544 3802 principium
576 3729 740 3783 simul
783 3736 839 3783 et
870 3727 1275 3797 principiatum.
1311 3726 1436 3794 quia
1466 3741 1576 3780 non
1606 3733 1689 3779 est
1722 3724 1789 3778 ad

210 3825 359 3879 idem
388 3838 483 3876 seu
506 3822 571 3876 ad
601 3821 849 3876 eamdem
879 3835 1167 3889 personam
1205 3818 1315 3889 (15)
1341 3836 1355 3883 ;
1387 3826 1634 3887 respectu
1666 3817 1789 3886 qui-

210 3916 342 3969 dem
385 3913 537 3986 {522]
585 3914 762 3968 Patris
804 3922 887 3969 est
933 3912 1194 3975 αἱτιατὸς,
1249 3919 1501 3981 respectu
1552 3908 1791 3979 Spiritus

209 4008 384 4069 αἴτιος
411 4007 521 4077 (16)
546 4022 564 4073 ;
590 4008 753 4063 habet
775 4023 902 4078 ergo
920 4007 1092 4061 solum
1111 4005 1449 4060 diﬁ'erentem
1472 4002 1791 4058 relationem

213 4103 283 4156 ad
318 4102 533 4155 Patrem
560 4111 617 4156 et
646 4102 713 4154 ad
749 4099 1032 4169 Spiritum.
1062 4097 1218 4151 Nulla
1248 4090 1483 4166 denique
1513 4095 1567 4148 in
1594 4109 1660 4148 eo
1709 4100 1792 4147 cst

125 4226 135 4235 ο
214 4192 499 4247 ﬁliatiunis
545 4191 887 4256 adulteratio,
931 4190 1073 4259 quod
1118 4188 1380 4258 Spiritum
1418 4187 1588 4242 Filius
1622 4185 1793 4254 spirat

215 4299 344 4337 cum
376 4282 573 4348 Patre;
606 4282 793 4337 ﬁliatio
820 4281 967 4336 enim
1009 4280 1293 4335 constituit
1312 4295 1437 4334 eum
1468 4278 1523 4332 in
1556 4293 1676 4333 esse
1702 4274 1792 4329 Fi-

218 4376 278 4430 lii
317 4385 373 4429 et
402 4376 623 4430 denotat
668 4375 786 4443 ejus
819 4373 1133 4427 relationem
1165 4354 1231 4426 ad
1265 4374 1481 4425 Patrem
1539 4379 1788 4433 tantum;

217 4483 402 4536 neque
440 4466 673 4535 Spiritus
716 4465 887 4520 sancti
922 4464 1064 4518 ﬁlius
1105 4462 1272 4517 Filius
1304 4471 1405 4525 est,
1439 4476 1616 4531 neque
1656 4477 1790 4530 qua-

217 4568 371 4612 tenus
421 4557 589 4611 Filius
618 4557 739 4626 ejus
782 4556 1038 4626 spirator.
1082 4554 1302 4609 Nullum
1343 4554 1467 4607 hoc
1496 4552 1796 4606 detrimen-

295 4690 409 4758 (l5)
448 4688 610 4745 Geor.
643 4691 887 4745 Scholar.
920 4690 1116 4746 Contra
1147 4687 1317 4743 Marc.
1366 4687 1556 4755 I'Iphes.
1607 4687 1795 4756 syllog.

224 4763 288 4847 λι.ι
334 4761 679 4847 ((ξοίὶκΜοῐξ.
737 4762 802 4847 ἓἹ
849 4762 888 4815 f.
923 4762 1014 4847 l8‘l
1061 4761 1115 4847 b‘.
1172 4759 1274 4847 1’82
1301 4761 1375 4847 az)
1429 4758 1802 4847 ’Avr‘txeijtevg

270 4830 333 4908 ἒξ
351 4827 444 4908 οὗ)
478 4832 585 4881 εἱσι
614 4830 675 4908 *εδ
701 4831 872 4908 ςιῖτιον
918 4832 1010 4884 καὶ
1046 4830 1116 4908 ,τὸ
1156 4829 1417 4890 αἰτιατὸν,
1477 4828 1570 4880 καὶ
1620 4829 1677 4878 ὲν
1723 4825 1802 4908 τῷ

252 4900 345 4983 Γὶιξ)
375 4897 514 4983 εἷγαι
536 4901 723 4983 ,ταῦτά
756 4918 919 4967 φασιν
953 4902 1000 4952 οἱ
1029 4878 1521 4967 Δατῖνοιάὰῖἆρξα
1547 4914 1560 4928 ⁸
1596 4895 1713 4948 ἀλλ’
1741 4878 1801 4946 οὗ

226 4972 365 5038 πρὸς
390 4971 451 5022 τὺ
489 4971 622 5022 αὐτὸ
652 4973 744 5022 καὶ
769 4964 1031 5030 ὡσαύτως
1068 4986 1081 4998 ο
1123 4967 1183 5038 τὸ
1212 4968 1312 5036 μὲν
1343 4964 1458 5038 γάρ’
1496 4969 1614 5038 ἐστι
1670 4964 1804 5033 πρὸς

226 5034 323 5092 τδν
349 5041 589 5107 Πατέρα,
607 5041 665 5092 τὸ
690 5041 746 5095 δὲ
774 5041 908 5108 πρὸς
929 5039 986 5090 τὸ
1010 5034 1233 5107 Πνεῦμᾶ
1256 5040 1391 5108 jam).
1416 5034 1550 5108 ῖπρὸς
1584 5037 1684 5104 μὲν
1712 5034 1806 5108 ξὺν

227 5110 449 5193 ἰξατέρὲ
477 5105 772 5178 γεννητῶς,
806 5105 940 5177 arpi);
961 5108 1018 5159 δὲ
1047 5107 1107 5159 τὸ
1148 5105 1368 5175 Πνεῦμα
1400 5105 1797 5176 «postqum;-

543 5180 614 5193 ...ι
690 5180 770 5193 ....
890 5179 903 5193 .
1061 5178 1083 5193 η
1343 5177 1414 5193 ...κ
1505 5176 1518 5193 ε
1594 5175 1669 5193 ,μι

226 5175 459 5262 (fama;
491 5175 639 5232 δὺδὲί
679 5175 936 5233 saevam
972 5194 1025 5229 τι
1061 5178 1273 5242 ἕπεται,
1303 5177 1424 5230 οὐδὲ
1447 5175 1530 5228 ⁷τὸ
1584 5175 1799 5244 ἀξίωμα

227 5264 355 5302 αναι
397 5266 557 5303 ειται.

303 5266 603 5400 (ιῗίῌᾶςμι
657 5319 1185 5400 δεδοιειείξιεφθυιο
1242 5324 1369 5400 ante
1422 5315 1585 5400 citata
1646 5314 1810 5400 verba

232 5386 487 5473 exemplo
524 5390 799 5474 illustrat:
854 5391 916 5442 Ἠ
944 5389 1050 5458 γὰρ
1088 5389 1363 5459 πατρότης
1406 5387 1560 5466 καὶῄ
1606 5386 1809 5453 υῑότης,

232 5459 267 5527 ἢ
294 5460 356 5511 τὸ
384 5476 555 5514 αιτιον
580 5462 628 5513 εἰ
651 5462 826 5529 βουλει
850 5460 942 5514 καὶ
960 5461 1021 5510 τὸ
1043 5460 1301 5529 αἰτιατδνί,
1325 5456 1393 5529 ἦν
1416 5457 1472 5529 ἒν
1493 5474 1570 5525 τῳ
1592 5456 1778 5529 ζιᾳαάκ
1794 5469 1807 5483 ⁸

238 5500 376 5582 ἀλλά
406 5530 537 5583 διότι
566 5500 1020 5600 auferent“
1041 5500 1189 5600 iiii."
1375 5500 1567 5600 ea}:
1589 5500 1813 5600 θ’δξτέῖρν

240 5599 345 5685 pitu
382 5602 505 5685 ,χᾲρ
554 5594 688 5685 inpii;
736 5601 825 5685 ’ξὺν
874 5598 1174 5685 ΣΑξραᾲμη
1206 5598 1431 5685 θξιτερον
1468 5597 1525 5648 δὲ
1559 5597 1695 5685 apex;
1723 5594 1814 5647 τὸν

252 5668 612 5750 Ὶςξπξιὲβίημίά
639 5669 706 5743 ἦν
740 5674 772 5741 ἡ
808 5672 901 5725 τοῦ
945 5670 1128 5722 Ἰσαὰκ
1155 5668 1470 5750 ὑτςό-εξτασις,
1494 5682 1548 5720 κ.
1576 5683 1627 5718 τ.
1656 5668 1706 5719 λ.

313 5742 427 5808 (l7)
454 5737 1060 5811 Nicene'argumcutum
1083 5740 1224 5807 apud
1256 5738 1534 5811 llugonem
1562 5737 1666 5811 tale
1700 5747 1811 5811 est:

249 5831 270 5866 ι
312 5805 424 5872 Aut
452 5828 561 5871 non
596 5831 663 5871 ex
696 5805 858 5870 causa
885 5805 1153 5868 exsistcns
1183 5805 1349 5867 habet
1372 5808 1540 5864 Filius
1571 5805 1809 5877 Spiritus

1893 3286 2035 3339 idem
2067 3293 2258 3336 nactus
2304 3280 2465 3340 foret,
2490 3275 2619 3345 quin
2662 3274 2825 3328 etiam
2863 3279 2917 3324 et
2948 3266 3182 3338 Spiritus
3224 3271 3466 3323 sanctus,

1891 3386 1947 3432 ct
1974 3377 2079 3431 hoc
2114 3375 2168 3428 in
2214 3371 2485 3427 inﬁnitum
2518 3384 2532 3432 ;
2565 3366 2659 3420 sed
2695 3362 2915 3435 (neque)
2948 3360 3107 3413 Pater
3137 3356 3189 3408 in
3222 3369 3288 3408 eo
3324 3350 3469 3421 quod

1889 3470 2187 3525 substantia
2241 3470 2463 3535 generat
2506 3470 2600 3515 aut
2631 3457 2893 3527 Spiritum
2925 3452 3144 3514 emittit,
3182 3462 3357 3517 neque
3412 3445 3470 3498 in

1888 3578 1953 3617 eo
1987 3559 2130 3631 quod
2182 3557 2322 3611 Deus
2357 3553 2554 3609 aFilio
2600 3550 2683 3605 vel
2722 3565 2753 3603 a
2804 3546 3006 3616 Spiritu
3060 3542 3274 3605 dill‘ert;
3324 3552 3470 3592 unus

1889 3653 2035 3707 enim
2064 3662 2118 3706 et
2149 3651 2292 3704 idem
2342 3647 2487 3700 Deus
2515 3645 2571 3698 hi
2600 3652 2708 3697 tres
2738 3648 2906 3703 sunt;
2943 3636 3035 3691 sed
3060 3635 3112 3688 in
3142 3649 3207 3688 eo
3251 3630 3469 3701 quidem

1889 3743 2035 3815 quod
2080 3742 2239 3797 Pater
2276 3745 2521 3811 generat,
2571 3750 2601 3788 a
2632 3730 2769 3787 Filio
2799 3728 3022 3793 diﬁert;
3058 3726 3112 3780 in
3170 3739 3237 3778 eo
3287 3730 3470 3776 autem

1890 3837 2035 3909 quod
2059 3833 2283 3896 emittit,
2312 3848 2343 3884 a
2370 3828 2575 3900 Spiritu
2603 3825 2732 3880 solo.
2758 3823 2874 3891 Qua
2903 3824 2971 3877 de
3001 3836 3059 3874 re
3093 3815 3469 3878 manifestum,

1892 3905 2036 4000 quod
2070 3942 2226 3997 penes
2260 3918 2639 3977 substantialia
2687 3926 2899 3971 tantum
2926 3912 3048 3966 talis
3088 3909 3267 3963 locum
3309 3905 3475 3970 habet

1892 4016 2228 4075 consecutio.
2282 4013 2418 4068 Nam
2458 4007 2819 4065 indubitabile
2861 4016 2943 4060 est
2984 4000 3298 4073 personales
3360 3996 3476 4051 sive

1893 4107 2264 4182 hypostaticas
2306 4102 2675 4174 proprietates
2742 4093 3193 4168 impermutabiles
3262 4104 3380 4144 esse
3422 4094 3475 4139 ct

1892 4217 2083 4256 earum
2146 4194 2603 4269 permutationem
2635 4200 2837 4246 tantam
2862 4186 3236 4244 confusionem
3271 4190 3326 4235 et
3361 4179 3477 4233 dis-

1892 4292 2218 4364 paritionem
2253 4300 2610 4357 personarum
2634 4282 2836 4345 facere,
2859 4279 3055 4349 quibus
3082 4274 3210 4329 solis
3246 4272 3479 4327 circum-

1896 4382 2115 4453 scriptis
2144 4378 2399 4434 omnibus
2419 4376 2539 4431 aliis
2568 4373 2888 4430 diﬁ'erentes
2916 4373 3322 4439 cognoscuntur
3356 4376 3479 4431 per-

1896 4492 2086 4537 son-ae;
2142 4482 2196 4526 at
2241 4486 2403 4525 causa
2429 4478 2505 4529 et,
2553 4475 2613 4521 ut
2668 4466 2741 4521 ita
2771 4465 2968 4522 dicam.
3018 4459 3377 4517 causativum,
3423 4459 3479 4506 et

1900 4568 2116 4620 mittere
2165 4571 2219 4617 et
2250 4560 2412 4622 mitti,
2452 4567 2509 4612 et
2551 4571 2713 4627 quam
2743 4554 2943 4641 plures0
2970 4552 3089 4605 alia:
3141 4544 3479 4617 [typostaticar

1902 4695 2130 4749 emissor
2172 4704 2295 4745 esse
2328 4697 2423 4742 aut
2472 4703 2537 4741 ex
2584 4700 2747 4741 causa
2789 4693 3083 4739 exs...tens.
3140 4677 3296 4731 Patre
3352 4675 3472 4749 scil.

1903 4763 2066 4831 Atqui
2102 4762 2146 4814 si
2184 4776 2285 4831 non
2331 4758 2601 4831 exsistens
2648 4772 2711 4808 ea:
2762 4769 2945 4831 causa,
2995 4758 3156 4802 erunt
3191 4760 3379 4831 rursus
3418 4746 3474 4797 in

1904 4815 2169 4887 Tri'iiitate
2212 4830 2320 4881 duo
2367 4827 2626 4897 principia
2679 4833 2732 4897 e_t
2776 4825 2899 4897 duae
2947 4834 3146 4897 causae.
3200 4815 3476 4897 Sihautem

1904 4885 2167 4958 estcausa
2198 4885 2665 4951 Filius'exsis'tens
2695 4892 2939 4962 Spiritus
2960 4888 3190 4946 emissor
3226 4885 3475 4962 sithom-

1905 4954 2037 5026 nino
2065 4987 2128 5023 ea:
2161 4969 2323 5021 Patre
2342 4969 2444 5021 hoc
2465 4966 2690 5020 sortitus
2716 4954 2866 5017 est...
2892 4959 2983 5012 Sin
3013 4965 3195 5009 autem
3213 4970 3287 5026 rex
3314 4954 3475 5026 Patre

1909 5025 2012 5095 hoc
2038 5040 2219 5101 habet,
2246 5046 2479 5107 quaeest
2516 5037 2615 5089 ista
2647 5028 3034 5107 exlzwreditatio
3083 5032 3139 5079 et
3187 5025 3475 5107 detrimen-

1910 5093 2017 5163 tum
2057 5093 2610 5178 ﬁlialis'Exsisteittite,
2662 5111 2722 5155 ut
2762 5115 2864 5153 non
2919 5099 2971 5149 in
3021 5113 3079 5150 eo
3127 5094 3264 5178 quod
3309 5093 3476 5172 Filius

1908 5162 2104 5234 Filiuln
2146 5185 2389 5249 generet.
2410 5162 2677 5249 _et_‘Pater
2721 5176 3024 5248 censeatur,
3067 5162 3191 5220 cuin
3226 5164 3386 5249 Patet:
3421 5162 3476 5249 in

1910 5266 1976 5304 eo
1993 5231 2390 5319 quod‘emissor
2407 5244 2605 5319 Filium
2631 5238 3163 5319 rursusne-missura]?
3194 5231 3477 5319 ostendat?

1914 5320 1971 5374 Si
1989 5304 2133 5373 enim
2148 5332 2215 5371 ex
2233 5318 2388 5370 Patre
2406 5312 2675 5368 indemnis
2692 5317 2775 5364 est
2790 5306 2905 5361 Filii
2921 5305 3199 5375 generatio
3213 5304 3478 5373 Spiritus—

1911 5406 2017 5459 que
2053 5387 2349 5457 processio,
2382 5379 2835 5459 quemadmodum
2854 5379 3084 5455 emissor
3101 5375 3272 5454 Filius
3291 5382 3477 5459 ostert-

1913 5441 2071 5514 detur
2101 5476 2116 5512 :
2142 5441 2368 5511 necesse
2400 5441 2643 5512 omnino,
2678 5458 2737 5503 ut
2769 5448 3156 5503 detrimentum
3207 5444 3353 5514 circa
3396 5441 3478 5495 di-

1912 5511 2367 5584 vinaminaturam
2392 5537 2501 5575 non
2530 5520 2834 5573 inveniatur
2851 5518 2994 5586 quod
3019 5522 3241 5586 generet
3260 5511 3478 5572 Filium,

1914 5609 1968 5652 et
2011 5598 2081 5651 sit
2126 5610 2279 5656 nepos
2334 5593 2460 5645 hinc
2518 5584 2937 5657 cmnplasmatus
2982 5584 3213 5657 aliquis,
3251 5596 3374 5634 cum
3426 5588 3481 5633 ει

1914 5668 2144 5721 emissor
2176 5652 2408 5731 Spiritus
2442 5660 2582 5731 ingeo
2612 5652 2748 5727 quod
2795 5675 2858 5711 ea:
2897 5652 3092 5731 Patre;
3120 5652 3286 5731 Filius
3320 5666 3480 5731 nion-

1918 5744 2161 5797 stretur;
2217 5721 2358 5801 quod
2411 5732 2455 5785 si
2486 5729 2565 5801 ita
2611 5721 2712 5793 est,
2749 5728 3033 5800 congeries
3081 5721 3377 5793 impietatis
3426 5728 3482 5773 ct

1921 5805 2186 5877 profunda
2210 5799 2447 5874 emerget
2477 5799 2649 5855 fovea.
2686 5817 2705 5851 ι
