4052 6414
230 383 337 449 537

951 374 1049 441 DE
1089 380 1151 441 S.
1192 376 1390 440 SPIR.
1429 376 1935 440 MYSTAGOGIA.
1966 379 2811 443 —ANIMADVERSIONES.

3416 380 3523 450 538

228 488 600 563 profiscieitur
638 484 818 541 Photii
856 487 1221 549 ratiocinatio,
1257 486 1403 557 quod
1434 486 1587 557 prius
1618 495 1673 541 et
1697 500 1827 556 pos—
1853 490 1901 548 Α
1931 484 2139 555 Spiritu
2172 486 2453 543 affirmant
2478 484 2591 558 (IV,
2621 488 2648 559 §
2697 486 2769 542 24
2794 486 2913 558 fin.)
2944 507 2959 557 ;
2994 489 3248 546 refellunt
3280 495 3522 552 rationes

233 584 410 638 terius
451 596 481 633 a
515 580 851 649 sempiterna
888 577 1157 634 Trinitate
1184 593 1411 649 prorsus
1456 578 1528 633 sit
1557 577 1818 643 alienum,

229 675 381 745 quod
410 687 575 744 quam
607 671 925 743 longissime
953 672 1245 742 praedicata
1268 679 1488 741 tempus
1518 671 1824 743 signiﬁcan-

233 770 312 822 tia
346 784 375 820 a
401 768 618 820 summe
643 773 847 818 aeterna
868 764 1053 819 absint
1091 762 1408 819 Divinitate.
1448 765 1578 820 Inde
1600 766 1824 823 deduci-

231 868 346 925 tur,
373 856 536 911 simul
566 856 912 928 cogitandam
946 871 1069 910 esse
1095 867 1151 911 et
1176 857 1586 928 generationem
1616 869 1672 913 et
1698 874 1825 928 pro-

230 948 565 1011 cessionem,
599 962 709 1001 non
741 947 966 1001 alteram
995 947 1165 1002 altera
1207 949 1292 1003 vel
1317 950 1555 1020 priorem
1584 950 1667 1004 vel
1695 965 1824 1020 pos-

232 1041 495 1095 teriorem
523 1039 921 1109 accipiendam.
959 1038 1080 1105 Quo
1109 1041 1287 1110 posito
1326 1042 1378 1095 in
1405 1043 1576 1096 altero
1604 1041 1822 1111 quidem

231 1132 415 1201 capite
445 1132 557 1202 (03)
578 1133 649 1185 ita
674 1140 1093 1202 argumentatur
1119 1149 1132 1184 :
1160 1152 1176 1183 ι
1205 1131 1488 1197 Quomodo
1508 1148 1613 1187 non
1638 1133 1826 1187 theur—

232 1223 479 1294 girarum
524 1240 810 1278 causarum
845 1223 1151 1278 dill‘erentia
1178 1224 1494 1280 differentes
1529 1226 1828 1279 constituet

234 1331 503 1386 personas
549 1324 605 1370 et
632 1315 930 1371 sectionem
971 1316 1171 1371 inferet
1204 1326 1396 1371 contra
1446 1317 1826 1383 insecabilem,

233 1406 543 1475 simplicem
589 1416 645 1461 et
674 1408 893 1463 unicam
941 1409 1179 1479 Spiritus
1208 1408 1569 1480 hypostasin?
1598 1408 1677 1463 Ex
1734 1424 1828 1463 ea-

232 1500 362 1553 dem
402 1500 549 1554 enim
583 1515 821 1570 persona
859 1500 1107 1556 diversas
1138 1503 1356 1572 prodire
1385 1503 1733 1572 operationes
1774 1509 1831 1555 et

234 1594 489 1657 virtutes,
526 1593 832 1663 praesertim
860 1592 916 1646 in
948 1593 1015 1648 iis
1048 1609 1169 1662 quae
1198 1600 1448 1647 naturam
1477 1602 1641 1663 atque
1674 1588 1827 1663 [3‘27]

234 1684 509 1739 rationem
563 1685 724 1754 plane
749 1693 1033 1755 superant,
1066 1684 1281 1741 facilius
1320 1695 1405 1741 est
1428 1686 1732 1757 intelligere
1775 1694 1831 1740 et

237 1774 530 1829 innumera
589 1776 707 1840 ejus
756 1774 833 1829 rei
861 1774 1274 1843 deprehendere
1305 1775 1676 1839 documenta;
1730 1773 1826 1829 sed

1922 592 1954 633 e
1980 579 2053 633 rei
2082 579 2383 635 visceribus
2421 581 2624 650 petitae,
2653 596 2777 650 quae
2807 582 3218 653 generationem
3242 597 3371 641 ante
3392 603 3521 658 pro-

1924 672 2229 727 eessioncm
2279 674 2627 744 praesupponi
2681 676 3000 730 ostendunt.
3049 675 3167 749 μγ,
3214 677 3242 749 §
3288 678 3353 735 15
3398 679 3519 754 (in.]
3572 739 3578 746 ,

1927 764 2226 836 (21).Quod
2249 766 2291 821 si
2318 765 2505 821 Patres
2522 767 2683 822 simul
2708 783 2832 822 cum
2854 768 2995 824 Filio
3013 771 3229 839 prodire
3243 772 3520 844 (συμπρο-

1926 858 2101 926 ιέναι)
2156 857 2420 928 Spiritum
2451 858 2745 926 allirmant,
2796 859 2847 914 id
2899 862 3024 916 ideo
3058 862 3134 928 fit,
3169 872 3228 917 ut
3272 866 3518 934 temporis

1926 950 2223 1020 posteritas
2260 960 2534 1004 arceatur.
2568 950 2720 1005 Dicta
2753 952 3020 1021 ejusmodi
3055 968 3177 1007 cum
3210 954 3352 1019 aliis,
3398 971 3521 1025 qua:

1926 1042 2317 1096 mediationem
2387 1041 2512 1097 Filii
2549 1042 2664 1115 (ΙΙΙ,
2709 1042 2736 1114 §
2792 1043 2879 1114 l6)
2909 1045 3244 1115 exprimunt,
3294 1047 3522 1102 omnino

1926 1134 2261 1189 concordare
2295 1133 2520 1199 Beccus,
2554 1136 2631 1190 De
2679 1153 2822 1205 proc.
2867 1136 3102 1206 Spiritus
3132 1139 3324 1201 sancti,
3355 1156 3406 1194 c.
3438 1140 3472 1193 9
3500 1155 3516 1206 ;

1928 1233 1982 1279 et
2014 1224 2412 1279 Constantinus
2462 1226 2817 1290 ileliteniota,
2856 1240 2999 1283 orat.
3030 1227 3085 1291 2,
3116 1229 3277 1283 e.'9.8
3309 1231 3396 1299 (G.
3449 1229 3515 1287 0.

1927 1314 1968 1379 Ι,
2001 1316 2279 1379 5υ8-515;
2316 1316 2380 1382 ΙΙ,
2407 1317 2507 1371 704
2537 1322 2676 1388 seq.)
2708 1321 2971 1390 prmelare
2997 1322 3315 1376 ostendunt.
3348 1321 3518 1393 Egre-

1928 1407 2014 1477 gie
2037 1422 2102 1461 ex
2128 1409 2233 1478 iam
2265 1410 2511 1464 adductis
2530 1410 2774 1483 Gregorii
2802 1410 3027 1483 Nysseni
3060 1414 3240 1468 verbis
3273 1413 3325 1484 (§
3354 1414 3444 1484 Ἡ)
3464 1424 3521 1470 et

1930 1515 1995 1553 ex
2023 1501 2371 1571 praestitutast
2394 1518 2452 1556 se
2482 1502 2851 1557 deelaratione
2875 1503 2922 1574 (ᾗ
2952 1504 3039 1574 18)
3058 1505 3234 1575 arguit
3253 1504 3519 1576 Georgius

1931 1589 2333 1662 Trapezuntius
2388 1593 2474 1661 (ἃ.
2512 1593 2578 1648 0.
2611 1596 2654 1657 Ι,
2697 1595 2823 1661 5Ξ9)
2856 1614 2870 1650 :
2905 1613 2923 1646 ι
2964 1592 3200 1664 Uterque
3232 1596 3415 1664 (Pater
3462 1606 3520 1652 et

1931 1683 2124 1754 Filius)
2174 1685 2604 1756 prwintelligitur
2644 1683 2881 1757 Spiritus
2914 1688 3190 1757 hypostasi
3250 1688 3517 1760 (προθεω-

1937 1779 2107 1847 ρεϊτασ,
2132 1777 2232 1846 τῆς
2260 1776 2351 1830 τοῦ
2376 1778 2694 1847 Πνεύματος
2732 1779 3132 1850 ὑποστάσεως),
3166 1781 3519 1853 utNyssenus

235 1868 432 1922 nullibi
487 1869 758 1936 reperitur
789 1882 946 1938 posse
984 1867 1122 1931 ﬁeri,
1159 1866 1289 1936 quin
1323 1866 1652 1937 hypostasis,
1704 1882 1825 1936 qua:
1859 1846 1902 1901 Β
1928 1846 2163 1935 asserit;
2198 1879 2483 1938 propterea
2515 1846 2582 1923 ab
2611 1882 2843 1940 utroque
2890 1873 2971 1941 (ἐξ
2998 1846 3223 1945 ἀμᾴοξν)
3257 1846 3493 1943 spiritus

234 1960 306 2013 ad
344 1957 656 2014 differentia
700 1958 937 2013 refertur
963 1958 1248 2027 principia,
1294 1958 1606 2012 dillerentia
1632 1974 1695 2012 ac
1743 1959 1826 2011 di-

237 2051 499 2105 versitate
518 2067 805 2106 causarum
828 2065 934 2104 non
966 2056 1023 2103 et
1058 2049 1173 2119 ipsa
1199 2065 1228 2102 a
1256 2065 1314 2104 se
1342 2051 1556 2104 differat
1578 2060 1633 2104 et
1663 2049 1824 2103 simul

231 2140 563 2195 dissecetur.
607 2160 625 2192 ι
652 2140 707 2194 ln
740 2142 912 2195 altero
940 2155 1070 2194 vero
1094 2140 1174 2210 (c.
1205 2138 1294 2208 64)
1325 2139 1503 2208 arguit
1558 2138 1823 2208 Spiritum

234 2232 359 2286 fore
399 2240 454 2286 et
492 2233 840 2303 congenitqu
869 2230 1005 2285 Filio
1034 2239 1091 2286 et
1127 2231 1513 2301 procedentem
1564 2246 1630 2285 ex
1680 2231 1820 2301 ipso,

236 2326 314 2378 ita
352 2334 410 2377 ut
457 2323 619 2377 simul
648 2325 866 2394 genitus
892 2331 946 2378 et
973 2325 1278 2393 procedens
1306 2322 1413 2382 sit:
1458 2340 1476 2374 ι
1508 2336 1571 2377 ac
1621 2324 1825 2393 genitus

233 2416 483 2484 quidem,
531 2418 621 2486 qui
662 2417 823 2471 simul
871 2416 1217 2488 progreditur
1243 2432 1369 2471 cum
1417 2416 1554 2469 Filio
1612 2418 1820 2486 genito,

234 2512 522 2579 procedens
556 2529 703 2576 vero,
727 2512 852 2582 quia
873 2511 1143 2584 duplicem
1167 2511 1314 2566 subit
1336 2512 1766 2581 processionem.
1799 2533 1817 2565 ι

238 2606 384 2658 Sane
442 2603 495 2658 id
541 2620 735 2658 omnes
774 2605 971 2658 docent
1021 2619 1084 2658 ac
1127 2614 1473 2675 propugnant
1534 2604 1818 2681 Deitatetn,

236 2697 474 2765 ideoque
504 2706 559 2750 et
600 2708 708 2750 tres
745 2712 1006 2765 personas
1052 2706 1203 2750 extra
1237 2707 1451 2766 tempus
1494 2712 1614 2753 esse
1653 2697 1824 2751 nihil-

235 2805 344 2858 que
388 2789 443 2842 itt
478 2788 545 2842 iis
591 2805 715 2843 esse
758 2789 1157 2856 temporarium.
1195 2807 1212 2839 ι
1246 2786 1429 2857 Nulla.
1456 2788 1530 2843 ibi
1573 2798 1820 2859 tempora

232 2882 568 2953 cogitantur,
613 2881 688 2935 ait
736 2880 1068 2950 Augustinus
1099 2880 1201 2947 (De
1233 2880 1372 2935 Trin.
1413 2897 1503 2943 xv,
1540 2880 1656 2950 26),
1701 2897 1822 2951 qua:

239 2975 447 3030 habent
477 2974 626 3045 prius
653 2986 709 3029 et
749 2974 1025 3045 posterius
1056 2973 1166 3044 (l9)
1208 2992 1255 3027 ι.
1296 2975 1362 3029 Ει
1396 2973 1506 3029 Leo
1548 2974 1617 3028 Μ.
1652 2991 1817 3031 scrin.

233 3068 291 3135 3,
342 3070 411 3124 de
461 3069 684 3123 Pentec.
740 3086 791 3123 c.
844 3069 877 3121 4
911 3067 1066 3137 (Ball.
1115 3084 1281 3123 serui.
1325 3070 1414 3133 77,
1470 3086 1524 3139 p.
1569 3071 1676 3125 415
1729 3073 1817 3128 ed.

1929 1962 1984 2016 Si
2017 1978 2121 2016 non
2165 1962 2234 2015 ab
2288 1972 2542 2032 utroque,
2602 1979 2712 2016 non
2766 1963 3262 2034 praeintelliguntur
3310 1965 3515 2028 ambo;

1924 2058 2012 2109 sed
2043 2056 2530 2125 prwintelliguntur
2557 2073 2575 2119 ;
2601 2071 2665 2109 ex
2697 2066 2928 2126 utroque
2961 2056 3145 2126 igitur.
3183 2074 3200 2107 ι
3243 2055 3349 2111 Sed
3380 2056 3518 2111 (ΙίΠί-

1926 2148 2182 2202 cultatem
2231 2158 2455 2202 movent
2486 2148 2784 2201 adversarii
2821 2168 2833 2202 :
2875 2167 2892 2199 ι
2940 2149 3113 2202 Causa
3146 2149 3516 2220 pra-intelligi-

1928 2246 2016 2293 tur
2044 2237 2258 2292 ell‘ectui
2285 2255 2300 2303 ;
2361 2238 2591 2293 eﬂ‘ectus
2617 2254 2749 2292 vero
2782 2237 3066 2309 (αἰτιατὺς)
3100 2238 3270 2293 Filius
3298 2247 3352 2293 et
3389 2255 3517 2309 pro~

1925 2329 2127 2384 dueere
2191 2328 2563 2400 (προϐάλλειν)
2622 2344 2802 2384 causa:
2856 2338 2941 2383 est
3001 2346 3017 2394 ;
3078 2329 3517 2400 prteintelligitur

1925 2436 2055 2490 ergo
2092 2420 2365 2490 hypostasi
2419 2419 2564 2474 Filii.
2602 2439 2620 2470 ι
2686 2421 2890 2474 Auctor
2934 2428 3121 2475 noster
3160 2421 3455 2490 respondet
3497 2439 3515 2476 :

1931 2532 1950 2564 ε
1991 2511 2145 2565 liatio
2174 2510 2291 2577 ,ista
2323 2528 2385 2565 ex
2418 2526 2563 2580 penu
2614 2511 2997 2581 Sophistarum
3031 2522 3133 2566 est.
3190 2511 3517 2567 l’rteintelli-

1924 2605 2068 2675 gitur
2091 2603 2235 2657 enim
2274 2603 2433 2657 Pater
2464 2602 2601 2657 Filio
2639 2618 2801 2656 causa
2829 2618 2931 2655 non
2961 2619 3023 2656 ea
3052 2619 3171 2674 qua:
3199 2612 3274 2657 est
3325 2621 3515 2658 secun-

1923 2694 2051 2748 dant
2076 2693 2228 2766 [529]
2251 2694 2633 2762 proccssionem
2664 2692 2762 2764 (τῷ
2803 2693 2961 2764 αἰτίῳ
2992 2694 3052 2746 οὐ
3085 2693 3164 2764 τῷ
3193 2693 3314 2747 κατ’
3344 2694 3514 2748 ἐκπό-

1924 2790 2170 2855 ρευσιν);
2221 2800 2458 2855 namque
2506 2784 2597 2840 hic
2625 2787 2824 2840 modus
2853 2786 2992 2840 alius
3046 2785 3382 2843 exsistcntia:
3430 2794 3515 2842 est

1924 2875 2100 2946 (ἄλλος
2120 2875 2321 2946 τρόπος
2353 2875 2658 2945 ὑπάρξεως)
2684 2891 2698 2939 ;
2724 2890 2887 2930 causa
2913 2891 3043 2930 vero
3065 2893 3185 2946 qua:
3211 2876 3515 2931 secundum

1925 2970 2327 3040 processionem
2376 2978 2433 3023 et
2495 2968 2766 3041 προϐολὴν
2797 2978 2897 3033 est,
2929 2983 3109 3038 neque
3161 2979 3289 3024 ante
3334 2986 3515 3040 neque

1922 3071 2046 3135 post
2090 3062 2413 3134 intelligitur
2464 3061 2609 3133 (οὔτε
2648 3061 3035 3129 ὲπιθεωρεῖται
3089 3058 3216 3114 οὔτε
3267 3064 3515 3134 προοεω·

233 3159 497 3223 illene):
543 3178 563 3211 ι
598 3158 735 3214 Cum
782 3159 851 3215 ad
889 3159 1258 3214 conﬁtendum
1297 3159 1509 3215 Patrem
1538 3172 1594 3216 et
1621 3162 1817 3217 Filium

1927 3154 2118 3223 ρεῖται)
2156 3154 2317 3205 Pater
2344 3151 2501 3205 Filio.
2534 3149 2705 3204 Nemo
2725 3151 2872 3204 enim
2917 3164 2982 3204 ex
3031 3150 3163 3219 ipsis
3187 3167 3313 3220 erga
3343 3151 3513 3205 alium

231 3262 293 3307 et
345 3251 607 3321 Spiritutn
648 3259 924 3316 sanctum,
983 3251 1155 3304 aciem
1218 3251 1419 3304 mentis
1460 3251 1816 3319 intendimus,

234 3342 429 3412 procul
467 3342 536 3397 ab
559 3342 743 3396 animo
774 3340 977 3397 formas
1000 3341 1290 3395 visibilium
1327 3357 1510 3396 rerum
1540 3351 1597 3397 et
1636 3352 1818 3397 a'tates

235 3436 615 3503 temporalium
658 3445 999 3500 naturarum,
1046 3433 1236 3503 procul
1284 3449 1513 3503 corpora
1570 3435 1821 3490 locorum

233 3539 292 3584 et
312 3530 432 3584 loca
456 3544 745 3598 corporqu
768 3528 1115 3598 repellamus.
1147 3526 1397 3581 Discedat
1415 3544 1444 3581 a
1468 3529 1650 3591 corde,
1675 3527 1820 3597 quod

232 3623 418 3691 spatio
465 3622 801 3682 extenditur.
840 3620 987 3689 quod
1018 3621 1125 3675 line
1161 3620 1527 3685 concluditur,
1563 3630 1620 3675 et
1665 3621 1821 3689 quid-

230 3714 372 3784 quid
394 3728 495 3767 nec
521 3728 738 3782 semper
761 3711 959 3781 ubique
989 3726 1093 3766 nec
1120 3719 1290 3765 totum
1321 3721 1425 3767 est.
1459 3711 1726 3782 Cogitatio
1751 3712 1820 3767 de

234 3807 449 3862 Deitate
487 3805 771 3861 Trinitatis
798 3814 1060 3875 concepta
1089 3805 1226 3859 nihil
1266 3822 1362 3875 per
1388 3807 1699 3860 distantiam
1733 3806 1819 3858 iu-

234 3901 467 3967 telligat,
514 3900 653 3953 nihil
683 3915 780 3970 per
808 3899 1008 3968 gradus
1037 3906 1261 3968 quaerat.
1301 3918 1320 3950 ι
1352 3897 1456 3953 Sed
1488 3899 1533 3955 si
1579 3899 1821 3953 excludi-

233 4002 332 4047 tur
383 3990 438 4044 in
480 3991 681 4046 divinis
729 3991 983 4059 prioritas
1034 3991 1301 4059 temporis,
1354 4007 1462 4045 non
1514 3993 1821 4049 excluditur

233 4084 399 4153 plane
448 4083 701 4150 prioritas
747 4082 970 4136 rationis
1004 4080 1139 4153 (ευ).
1183 4100 1203 4134 ι
1256 4082 1398 4138 Sane
1428 4084 1577 4153 prius
1636 4097 1820 4141 mente

229 4176 543 4246 concipitur
592 4190 754 4229 causa
799 4191 963 4245 quam
1009 4176 1257 4242 effectus,
1302 4177 1455 4246 prius
1494 4177 1819 4247 principium

231 4283 403 4338 quam
462 4265 870 4335 principiatum,
923 4265 1077 4335 prius
1118 4266 1277 4319 Pater
1311 4282 1472 4335 quam
1518 4266 1705 4331 Filius,
1764 4276 1820 4322 et

232 4358 396 4429 prius
448 4356 608 4412 Pater
635 4366 692 4411 et
714 4356 884 4410 Filius
916 4371 1077 4426 quam
1112 4355 1262 4427 [5‘28]
1298 4354 1534 4426 Spiritus
1574 4369 1816 4413 sanctus.

232 4448 678 4521 Progressionem
713 4448 1098 4503 simultaneam
1128 4448 1247 4502 Filii
1282 4457 1337 4503 et
1366 4448 1602 4518 Spiritus
1626 4466 1695 4504 ex
1715 4449 1819 4504 Pa-

1922 3252 2017 3297 aut
2050 3243 2210 3298 veluti
2248 3243 2577 3312 principium
2621 3251 2715 3295 aut
2745 3243 2910 3297 veluti
2945 3243 3067 3298 finis
3100 3243 3391 3315 (terminus
3437 3242 3510 3297 cf.

1922 3334 1949 3406 §
1977 3335 2061 3405 18)
2090 3344 2173 3389 est
2200 3332 2576 3404 hujuscemodi
2615 3348 2961 3404 progressus,
3009 3351 3078 3389 ne
3111 3351 3336 3404 prorsus
3367 3352 3512 3390 unus

1921 3444 1986 3482 ex
2049 3426 2134 3481 his
2182 3426 2419 3495 Spiritus
2474 3426 2564 3479 sit.
2625 3425 2699 3477 Τὸ
2761 3426 3164 3498 προϐάλλεσθαι
3206 3442 3336 3481 vero
3388 3438 3513 3496 post

1922 3528 2214 3587 utrumque
2245 3518 2585 3589 intelligitur.
2612 3536 2631 3569 ι
2667 3518 2773 3572 Sed
2807 3527 3015 3573 instant
3037 3535 3293 3573 rursum:
3330 3538 3348 3571 ι
3385 3518 3512 3573 Dei-

1924 3619 2023 3672 tas,
2067 3624 2187 3677 quae
2230 3608 2286 3661 in
2329 3607 2485 3663 Patre
2530 3617 2634 3674 est,
2673 3608 3110 3679 praeintelligitur
3146 3609 3218 3663 illi
3256 3625 3378 3679 qua!
3424 3619 3510 3664 est

1921 3703 1975 3757 iu
2007 3701 2143 3755 Filio
2190 3710 2244 3755 et
2272 3700 2324 3753 in
2363 3699 2589 3770 Spiritu,
2624 3710 2679 3754 et
2712 3701 3070 3755 nihilominus
3095 3717 3213 3755 eam
3261 3718 3511 3757 commu-

1920 3795 2065 3849 nicat
2094 3793 2253 3848 Pater
2274 3793 2353 3847 eis
2378 3808 2497 3860 qum
2518 3809 2582 3847 ex
2618 3808 2677 3847 se
2708 3802 2857 3849 sunt.
2900 3813 2917 3845 ι
2957 3792 3159 3848 Verum
3191 3795 3305 3849 haec
3336 3794 3509 3849 solida

1920 3903 2030 3942 non
2088 3902 2210 3941 esse
2258 3885 2554 3955 respondet
2587 3884 3026 3955 Trapezuntius:
3062 3908 3081 3940 ι
3129 3887 3310 3942 Deitas
3359 3886 3507 3942 enim

1918 3995 2041 4050 qua:
2064 3980 2116 4034 in
2141 3979 2298 4032 Patre
2329 3988 2434 4042 est,
2466 3994 2570 4047 qua
2606 3977 2789 4032 Deitas
2838 3974 2893 4051 (ᾖ
2923 3978 3155 4049 θεότης),
3180 3995 3289 4034 non
3312 3979 3511 4049 prasin-

1922 4067 2184 4137 telligitur
2210 4067 2304 4130 illi,
2325 4083 2447 4137 quze
2473 4066 2526 4121 in
2554 4065 2691 4120 Filio
2725 4076 2829 4129 est,
2860 4084 2984 4121 cum
3007 4068 3197 4123 eadem
3220 4070 3289 4124 sit
3311 4085 3512 4124 secun-

1920 4162 2050 4216 dum
2075 4161 2257 4215 omnia
2282 4161 2538 4230 nullaque
2586 4159 2778 4215 relatio
2804 4160 3197 4230 iuterjiciatur;
3228 4163 3323 4218 sed
3367 4178 3511 4232 prae-

1920 4254 2243 4324 intelligitur
2266 4252 2485 4323 quidem
2502 4268 2623 4321 quae
2655 4251 2707 4305 in
2726 4253 2885 4306 Patre
2917 4260 3001 4305 est
3024 4251 3203 4306 Deitas
3230 4270 3332 4322 qua
3362 4271 3511 4323 gene-

1920 4361 2027 4413 rat,
2057 4342 2113 4421 (ᾖ
2136 4347 2345 4417 γεννᾷ),
2370 4354 2556 4415 postea
2578 4343 2898 4413 intelligitur
2915 4342 2968 4396 in
2992 4342 3143 4409 Filio,
3164 4360 3269 4413 qua
3296 4360 3511 4414 genera-

1921 4449 2009 4493 tur
2033 4433 2088 4511 (ᾖ
2117 4438 2419 4505 γεννᾶται),

231 4551 343 4604 tre,
394 4556 517 4609 quas
564 4555 671 4595 non
703 4539 879 4594 solum
933 4540 1214 4608 temporis,
1249 4540 1344 4594 sed
1395 4548 1450 4593 et
1489 4541 1821 4609 cogitationis

1996 4532 2085 4587 3i.
2131 4530 2225 4584 Est
2266 4545 2397 4600 ergo
2445 4530 2727 4600 generatio
2769 4529 2918 4597 prior
2961 4528 3349 4598 processione,
3395 4545 3509 4584 non

230 4628 579 4700 prioritatem
632 4628 907 4694 excludat,
957 4627 1215 4683 refellunt
1267 4644 1330 4683 ea
1385 4630 1607 4683 Patrum
1654 4631 1821 4696 dicta,

232 4737 363 4789 qua:
412 4721 613 4775 docent
644 4721 913 4790 Spiritum
968 4722 1040 4776 ita
1068 4737 1128 4777 se
1156 4722 1358 4777 habere
1402 4724 1468 4777 ad
1495 4722 1714 4788 Filium,
1765 4734 1824 4779 ut

232 4812 411 4869 Filius
441 4830 500 4868 se
527 4813 692 4868 habet
723 4814 789 4869 ad
810 4812 1025 4869 Patrem
1051 4813 1140 4882 (ll,
1164 4812 1190 4885 ᾗ
1216 4815 1269 4881 2,
1296 4824 1422 4869 nota
1445 4816 1499 4883 5)
1525 4833 1539 4880 ;
1570 4816 1824 4870 refellunt

232 4907 445 4964 diserta
489 4906 818 4974 testimonia,
856 4907 1056 4977 quibus
1101 4904 1293 4961 Filiqu
1334 4907 1669 4977 prwintelligi
1711 4923 1822 4977 prae

310 5123 426 5195 (19)
456 5123 656 5195 Totum
679 5122 784 5176 hoc
812 5121 1099 5191 Augustini
1131 5131 1295 5195 caput
1334 5122 1401 5195 ad
1431 5138 1544 5195 rem
1579 5123 1822 5193 pertinet

231 5193 505 5256 noetram,
556 5193 631 5265 de,
676 5208 786 5263 quo
832 5202 899 5265 et
931 5208 999 5246 ex
1046 5209 1156 5265 quo
1208 5193 1350 5247 haud
1393 5193 1533 5247 male
1580 5195 1822 5265 disputat

235 5265 593 5324 Batramnus,
619 5264 656 5319 l.
696 5262 759 5327 ll,
787 5279 837 5318 ο.
867 5262 923 5326 5,
949 5279 1002 5332 p.
1035 5263 1159 5318 285.

310 5332 424 5403 (20)
474 5333 676 5388 Prmter
725 5333 1060 5406 prioritatem
1124 5333 1384 5404 temporis
1438 5345 1523 5390 est
1567 5336 1820 5406 prioritas

232 5406 462 5476 ordinis,
502 5420 610 5473 quo
640 5420 809 5458 unum
844 5413 975 5459 ante
1004 5404 1149 5476 aliud
1183 5415 1505 5460 numeratur
1559 5404 1615 5461 et
1664 5409 1820 5476 poni-

235 5486 347 5540 tur,
382 5474 463 5528 vel
500 5485 728 5547 naturae,
770 5490 879 5543 quo
920 5475 1217 5547 exhibetur
1256 5488 1557 5547 conceptus
1588 5474 1816 5542 naturae,

232 5561 360 5616 qua:
389 5545 658 5616 completa
713 5554 798 5599 est
844 5555 920 5616 et
944 5545 1012 5599 ab
1039 5545 1144 5599 alia
1171 5545 1695 5609 distincta'exsistit.
1734 5550 1819 5602 vel

233 5615 482 5685 originis,
515 5630 620 5684 qua
668 5631 836 5669 unum
878 5615 947 5670 ab
979 5616 1085 5670 alio
1115 5626 1295 5671 ortum
1330 5616 1517 5671 habet.
1553 5617 1609 5670 Si
1643 5630 1728 5672 est
1764 5619 1816 5672 in

234 5685 504 5756 Trinitata
536 5685 703 5756 orda_,_
724 5686 955 5741 habetur
982 5694 1038 5740 et
1067 5687 1322 5756 prioritas
1348 5688 1596 5756 quasdam
1625 5690 1815 5743 saltem

236 5702 272 5739 1
286 5702 504 5739 mutata
536 5702 683 5746 orao,
724 5702 955 5741 nauetur
982 5702 1038 5740 et
1106 5702 1322 5741 rioritas
1348 5702 1596 5756 quamam
1625 5702 1815 5743 saltem

234 5755 433 5828 logica.
466 5754 627 5828 Greg.
659 5753 815 5826 Nyss.
845 5756 882 5810 l.
911 5756 931 5809 Ι
961 5756 1023 5812 C.
1058 5702 1280 5811 Eunoni.
1335 5758 1420 5824 (G.
1457 5756 1519 5812 0.
1573 5758 1636 5823 ll,
1690 5759 1817 5828 524)

236 5826 451 5881 diserte
482 5826 682 5883 habet:
730 5827 975 5898 Ἐπιναίᾳ
1015 5827 1152 5900 μόνῃ
1199 5828 1341 5883 κατὰ
1364 5828 1455 5887 τὸν
1496 5832 1593 5900 τῆς
1638 5826 1818 5894 uitiati;

1928 4632 2207 4692 tempore,
2248 4625 2340 4677 sed
2389 4621 2626 4693 ἐπινοίᾳ,
2660 4622 3015 4692 cogitatione,
3042 4622 3273 4686 ordine;
3306 4622 3508 4691 prasin-

1927 4715 2187 4786 telligitur
2241 4714 2547 4769 intellectus
2599 4715 2918 4778 voluntate,
2973 4713 3212 4769 Verbum
3268 4716 3506 4779 Amore,

1923 4806 2135 4876 Spiritu
2179 4805 2370 4859 Filius.
2404 4806 2547 4875 Ergo
2592 4805 2721 4859 licet
2766 4806 2975 4859 nullum
3020 4814 3238 4873 tempus
3277 4803 3505 4870 dividat,

1926 4909 2107 4954 tamen
2145 4914 2255 4953 non
2295 4898 2458 4953 simul
2497 4899 2873 4969 intelliguntur
2898 4908 3082 4953 mente
3119 4906 3308 4951 nostra
3337 4911 3507 4967 gene-

1922 5110 2595 5241 ἒόέἲνιῖῖῇἒθξῗρουμὲνου
2627 5112 2723 5166 τοῦ
2748 5111 2902 5168 Υἱοῦ.
2938 5112 3148 5185 (Vide§
3183 5113 3235 5180 7,
3265 5122 3395 5169 nota
3438 5113 3500 5181 i;

1977 5189 2068 5241 24.
2093 5197 2223 5241 uota
2252 5189 2332 5241 9.).

1926 5188 1954 5260 ᾗ
1977 5189 2068 5252 24,
2093 5197 2223 5241 uota
2252 5188 2332 5241 9.).

1994 5258 2106 5329 (21)
2140 5258 2297 5329 Greg.
2322 5255 2450 5329 (Cpl.
2478 5254 2628 5329 ᾼροι.
2664 5270 2711 5329 ς.
2757 5253 2931 5329 Marci
2983 5253 3119 5329 Eph.
3165 5254 3328 5329 Conf.
3354 5254 3503 5329 (cod.

1922 5324 2066 5387 Moti.
2092 5324 2164 5383 Ἦ
2202 5324 2379 5381 [[1Ιὸ
2407 5325 2589 5397 ιλιιυ
2618 5325 2733 5397 a.):_
2786 5324 2925 5397 Ἀλλ’
2956 5325 3079 5379 οὐδὲ
3129 5327 3235 5397 μὴν
3275 5324 3333 5380 ai
3372 5327 3507 5397 πρό-

1921 5406 2029 5459 οδοι
2061 5403 2179 5471 ἅμα
2209 5397 2360 5471 sia_i_'
2396 5395 2606 5471 §§6atoi
2642 5394 2802 5471 τοῦτο
2840 5396 2879 5448 Γ
2884 5394 3143 5471 percipio:
3172 5394 3226 5471 ὁ*
3240 5394 3505 5471 Θεᾳλόῒρς

1921 5465 2169 5545 φάσχιᾷξθ,
2224 5467 2348 5545 ςΤὸ
2384 5465 2485 5545 τιῆς
2534 5466 2848 5545 ὲκςρᾴνσεως
2888 5465 3154 5545 νδιᾲφὸρον
3200 5468 3259 5545 ᾗ-
3285 5468 3348 5521 τὸ
3400 5467 3506 5538 τῆς

1920 5536 2057 5616 ’ἱερὸς
2086 5537 2571 5616 ἄλληλᾳ-ςςχέσεῳς
2599 5537 2856 5616 ᾷιάφρεον
2896 5540 2991 5616 ita}
3024 5536 3129 5616 τὴν.
3163 5536 3354 5616 tamen!
3403 5536 3504 5616 7r;-

1919 5606 2165 5689 πξίήκες
2207 5606 2416 5689 [δῆξρν
2447 5606 2559 5689 γὰρ
2587 5606 2663 5671 ὼς
2690 5609 2742 5689 εἰ
2767 5606 2906 5689 aea.
2934 5609 2988 5661 al
3026 5606 3265 5689 apage}.

1920 5673 2073 5756 ἔλεγἐ,
2104 5684 2163 5737 τὸ
2194 5680 2292 5749 τῆς
2312 5673 2801 5756 ’ξκφάνᾳεωςξῖνᾳι
2821 5673 3104 5756 summa
3138 5675 3344 5756 Deinde
3370 5676 3506 5756 citat

1918 5746 2123 5812 Atii-an.
2155 5746 2295 5807 erat.
2322 5750 2376 5809 5.
2406 5746 2455 5803 c.
2490 5749 2585 5802 Ar.
2615 5749 2698 5818 (G.
2731 5752 2792 5803 Ο.
2826 5747 2889 5805 ll.
2923 5750 3028 5804 550
3052 5764 3067 5812 ;
3090 5756 3230 5802 orat.
3255 5748 3310 5811 ι,
3338 5746 3502 5818 epist.

1924 5829 1944 5882 -l
1982 5829 2048 5884 ad
2084 5826 2277 5894 Scrap.
2302 5819 2457 5892 (ibid.
2497 5819 2646 5889 552),
2670 5816 2833 5892 Greg.
2872 5818 3029 5891 Nyss.
3057 5818 3323 5889 aliosque.
