  <div class='ocr_page' id='page_1' title='image "/cluster/home/n/w/nwhite01/storage/ocr_20150623/102/hvd.32044012543948/277.png"; bbox 0 0 3996 6444; ppageno 0'>
   <div class='ocr_carea' id='block_1_1' title="bbox 594 364 700 431">
    <p class='ocr_par' dir='ltr' id='par_1_1' title="bbox 594 364 700 431">
     <span class='ocr_line' id='line_1_1' title="bbox 594 364 700 431; baseline 0 0"><span class='ocrx_word' id='word_1_1' title='bbox 594 364 700 431; x_wconf 82' lang='lat'><strong>539</strong></span> 
     </span>
    </p>
   </div>
   <div class='ocr_carea' id='block_1_2' title="bbox 1726 349 3759 426">
    <p class='ocr_par' dir='ltr' id='par_1_2' title="bbox 1726 349 3759 426">
     <span class='ocr_line' id='line_1_2' title="bbox 1726 349 3759 426; baseline -0.006 -9"><span class='ocrx_word' id='word_1_2' title='bbox 1726 353 1989 417; x_wconf 84' lang='lat' dir='ltr'><strong>PHOTIt</strong></span> <span class='ocrx_word' id='word_1_3' title='bbox 2019 349 2531 414; x_wconf 70' lang='lat' dir='ltr'><strong>PATRIARCHIE</strong></span> <span class='ocrx_word' id='word_1_4' title='bbox 2569 349 2678 412; x_wconf 81' lang='lat' dir='ltr'><strong>cp.</strong></span> <span class='ocrx_word' id='word_1_5' title='bbox 3680 357 3759 426; x_wconf 53' lang='grc' dir='ltr'><strong>βω</strong></span> 
     </span>
    </p>
   </div>
   <div class='ocr_carea' id='block_1_3' title="bbox 595 450 3759 542">
    <p class='ocr_par' dir='ltr' id='par_1_3' title="bbox 595 450 3759 542">
     <span class='ocr_line' id='line_1_3' title="bbox 595 450 3759 542; baseline -0.001 -14"><span class='ocrx_word' id='word_1_6' title='bbox 595 463 736 528; x_wconf 78' lang='lat' dir='ltr'><strong>ratio</strong></span> <span class='ocrx_word' id='word_1_7' title='bbox 787 466 1172 542; x_wconf 86' lang='lat' dir='ltr'><strong>processioque</strong></span> <span class='ocrx_word' id='word_1_8' title='bbox 1191 507 1207 534; x_wconf 95' lang='lat'><strong>,</strong></span> <span class='ocrx_word' id='word_1_9' title='bbox 1262 463 1358 521; x_wconf 88' lang='lat' dir='ltr'><strong>sed</strong></span> <span class='ocrx_word' id='word_1_10' title='bbox 1410 461 1716 535; x_wconf 76' lang='lat' dir='ltr'><strong>concipitur</strong></span> <span class='ocrx_word' id='word_1_11' title='bbox 1767 463 2050 534; x_wconf 73' lang='lat' dir='ltr'><strong>generatio</strong></span> <span class='ocrx_word' id='word_1_12' title='bbox 2106 469 2167 518; x_wconf 91' lang='lat' dir='ltr'><strong>ut</strong></span> <span class='ocrx_word' id='word_1_13' title='bbox 2195 475 2241 530; x_wconf 72' lang='grc' dir='ltr'><strong>Α</strong></span> <span class='ocrx_word' id='word_1_14' title='bbox 2267 460 2550 530; x_wconf 72' lang='lat' dir='ltr'><strong>captiones</strong></span> <span class='ocrx_word' id='word_1_15' title='bbox 2574 466 2630 514; x_wconf 90' lang='lat' dir='ltr'><strong>et</strong></span> <span class='ocrx_word' id='word_1_16' title='bbox 2653 456 2900 514; x_wconf 89' lang='lat' dir='ltr'><strong>veritatis</strong></span> <span class='ocrx_word' id='word_1_17' title='bbox 2920 470 3101 512; x_wconf 82' lang='lat' dir='ltr'><strong>sermo</strong></span> <span class='ocrx_word' id='word_1_18' title='bbox 3123 450 3376 512; x_wconf 85' lang='lat' dir='ltr'><strong>declarat.</strong></span> <span class='ocrx_word' id='word_1_19' title='bbox 3406 477 3423 510; x_wconf 75' lang='grc' dir='ltr'>ι</span> <span class='ocrx_word' id='word_1_20' title='bbox 3449 461 3521 518; x_wconf 78' lang='lat' dir='ltr'><strong>Ad</strong></span> <span class='ocrx_word' id='word_1_21' title='bbox 3544 463 3643 522; x_wconf 60' lang='lat' dir='ltr'><strong>hac</strong></span> <span class='ocrx_word' id='word_1_22' title='bbox 3661 485 3759 530; x_wconf 82' lang='lat' dir='ltr'><strong>vero</strong></span> 
     </span>
    </p>
   </div>
   <div class='ocr_carea' id='block_1_4' title="bbox 593 552 2165 632">
    <p class='ocr_par' dir='ltr' id='par_1_4' title="bbox 593 552 2165 632">
     <span class='ocr_line' id='line_1_4' title="bbox 593 552 2165 632; baseline -0.006 -15"><span class='ocrx_word' id='word_1_23' title='bbox 593 560 910 632; x_wconf 68' lang='lat' dir='ltr'><strong>pmcedens</strong></span> <span class='ocrx_word' id='word_1_24' title='bbox 968 557 1399 630; x_wconf 83' lang='lat' dir='ltr'><strong>processionem.</strong></span> <span class='ocrx_word' id='word_1_25' title='bbox 1433 555 1494 609; x_wconf 86' lang='lat' dir='ltr'><strong>In</strong></span> <span class='ocrx_word' id='word_1_26' title='bbox 1534 563 1659 608; x_wconf 92' lang='lat' dir='ltr'><strong>actu</strong></span> <span class='ocrx_word' id='word_1_27' title='bbox 1692 568 1823 608; x_wconf 86' lang='lat' dir='ltr'><strong>vero</strong></span> <span class='ocrx_word' id='word_1_28' title='bbox 1858 552 2165 623; x_wconf 85' lang='lat' dir='ltr'><strong>processio-</strong></span> 
     </span>
    </p>
   </div>
   <div class='ocr_carea' id='block_1_5' title="bbox 593 643 2160 722">
    <p class='ocr_par' dir='ltr' id='par_1_5' title="bbox 593 643 2160 722">
     <span class='ocr_line' id='line_1_5' title="bbox 593 643 2160 722; baseline -0.004 -15"><span class='ocrx_word' id='word_1_29' title='bbox 593 652 680 707; x_wconf 82' lang='lat' dir='ltr'><strong>nis</strong></span> <span class='ocrx_word' id='word_1_30' title='bbox 725 651 888 706; x_wconf 88' lang='lat' dir='ltr'><strong>simul</strong></span> <span class='ocrx_word' id='word_1_31' title='bbox 931 651 1202 722; x_wconf 85' lang='lat' dir='ltr'><strong>spirantes</strong></span> <span class='ocrx_word' id='word_1_32' title='bbox 1244 647 1628 717; x_wconf 88' lang='lat' dir='ltr'><strong>concipiuntur</strong></span> <span class='ocrx_word' id='word_1_33' title='bbox 1662 644 1822 700; x_wconf 90' lang='lat' dir='ltr'><strong>Pater</strong></span> <span class='ocrx_word' id='word_1_34' title='bbox 1861 653 1916 700; x_wconf 93' lang='lat' dir='ltr'><strong>et</strong></span> <span class='ocrx_word' id='word_1_35' title='bbox 1957 643 2160 711; x_wconf 86' lang='lat' dir='ltr'><strong>Filius,</strong></span> 
     </span>
    </p>
   </div>
   <div class='ocr_carea' id='block_1_6' title="bbox 592 736 2161 813">
    <p class='ocr_par' dir='ltr' id='par_1_6' title="bbox 592 736 2161 813">
     <span class='ocr_line' id='line_1_6' title="bbox 592 736 2161 813; baseline -0.004 -15"><span class='ocrx_word' id='word_1_36' title='bbox 592 745 723 799; x_wconf 87' lang='lat' dir='ltr'><strong>dum</strong></span> <span class='ocrx_word' id='word_1_37' title='bbox 759 743 970 813; x_wconf 87' lang='lat' dir='ltr'><strong>spirant</strong></span> <span class='ocrx_word' id='word_1_38' title='bbox 1012 750 1073 796; x_wconf 92' lang='lat' dir='ltr'><strong>ut</strong></span> <span class='ocrx_word' id='word_1_39' title='bbox 1116 754 1284 794; x_wconf 90' lang='lat' dir='ltr'><strong>unum</strong></span> <span class='ocrx_word' id='word_1_40' title='bbox 1335 736 1696 807; x_wconf 87' lang='lat' dir='ltr'><strong>principium,</strong></span> <span class='ocrx_word' id='word_1_41' title='bbox 1733 736 1891 790; x_wconf 89' lang='lat' dir='ltr'><strong>unica</strong></span> <span class='ocrx_word' id='word_1_42' title='bbox 1932 736 2161 800; x_wconf 80' lang='lat' dir='ltr'><strong>virtute,</strong></span> 
     </span>
    </p>
   </div>
   <div class='ocr_carea' id='block_1_7' title="bbox 593 827 2165 905">
    <p class='ocr_par' dir='ltr' id='par_1_7' title="bbox 593 827 2165 905">
     <span class='ocr_line' id='line_1_7' title="bbox 593 827 2165 905; baseline -0.004 -15"><span class='ocrx_word' id='word_1_43' title='bbox 593 837 754 891; x_wconf 87' lang='lat' dir='ltr'><strong>unica</strong></span> <span class='ocrx_word' id='word_1_44' title='bbox 790 833 1126 905; x_wconf 82' lang='lat' dir='ltr'><strong>operatione.</strong></span> <span class='ocrx_word' id='word_1_45' title='bbox 1173 849 1192 890; x_wconf 68' lang='grc' dir='ltr'>ι</span> <span class='ocrx_word' id='word_1_46' title='bbox 1250 829 1373 884; x_wconf 84' lang='grc' dir='ltr'><strong>Νοη</strong></span> <span class='ocrx_word' id='word_1_47' title='bbox 1419 839 1494 883; x_wconf 86' lang='lat' dir='ltr'><strong>est</strong></span> <span class='ocrx_word' id='word_1_48' title='bbox 1541 827 1774 898; x_wconf 84' lang='lat' dir='ltr'><strong>Spiritus</strong></span> <span class='ocrx_word' id='word_1_49' title='bbox 1811 839 2052 891; x_wconf 85' lang='lat' dir='ltr'><strong>sanctus,</strong></span> <span class='ocrx_word' id='word_1_50' title='bbox 2087 828 2165 883; x_wconf 87' lang='lat' dir='ltr'><strong>ait</strong></span> 
     </span>
    </p>
   </div>
   <div class='ocr_carea' id='block_1_8' title="bbox 590 919 2164 994">
    <p class='ocr_par' dir='ltr' id='par_1_8' title="bbox 590 919 2164 994">
     <span class='ocr_line' id='line_1_8' title="bbox 590 919 2164 994; baseline -0.003 -14"><span class='ocrx_word' id='word_1_51' title='bbox 590 927 882 982; x_wconf 82' lang='lat' dir='ltr'><strong>Anselmus</strong></span> <span class='ocrx_word' id='word_1_52' title='bbox 917 924 1014 994; x_wconf 86' lang='lat' dir='ltr'><strong>(De</strong></span> <span class='ocrx_word' id='word_1_53' title='bbox 1041 939 1262 991; x_wconf 81' lang='lat' dir='ltr'><strong>process.</strong></span> <span class='ocrx_word' id='word_1_54' title='bbox 1292 920 1479 991; x_wconf 84' lang='lat' dir='ltr'><strong>Spirit.</strong></span> <span class='ocrx_word' id='word_1_55' title='bbox 1507 922 1696 985; x_wconf 83' lang='lat' dir='ltr'><strong>sancti,</strong></span> <span class='ocrx_word' id='word_1_56' title='bbox 1724 935 1775 975; x_wconf 93' lang='lat' dir='ltr'><strong>c.</strong></span> <span class='ocrx_word' id='word_1_57' title='bbox 1807 919 1894 989; x_wconf 80' lang='grc'><strong>16)</strong></span> <span class='ocrx_word' id='word_1_58' title='bbox 1923 922 2068 989; x_wconf 89' lang='lat' dir='ltr'><strong>prius</strong></span> <span class='ocrx_word' id='word_1_59' title='bbox 2101 922 2164 975; x_wconf 83' lang='lat' dir='ltr'><strong>de</strong></span> 
     </span>
    </p>
   </div>
   <div class='ocr_carea' id='block_1_9' title="bbox 591 1009 2162 1088">
    <p class='ocr_par' dir='ltr' id='par_1_9' title="bbox 591 1009 2162 1088">
     <span class='ocr_line' id='line_1_9' title="bbox 591 1009 2162 1088; baseline -0.004 -16"><span class='ocrx_word' id='word_1_60' title='bbox 591 1017 752 1074; x_wconf 80' lang='lat' dir='ltr'><strong>Patre</strong></span> <span class='ocrx_word' id='word_1_61' title='bbox 791 1033 952 1088; x_wconf 86' lang='lat' dir='ltr'><strong>quam</strong></span> <span class='ocrx_word' id='word_1_62' title='bbox 979 1017 1042 1068; x_wconf 86' lang='lat' dir='ltr'><strong>de</strong></span> <span class='ocrx_word' id='word_1_63' title='bbox 1072 1014 1238 1074; x_wconf 85' lang='lat' dir='ltr'><strong>Filio,</strong></span> <span class='ocrx_word' id='word_1_64' title='bbox 1267 1029 1360 1066; x_wconf 86' lang='lat' dir='ltr'><strong>nec</strong></span> <span class='ocrx_word' id='word_1_65' title='bbox 1392 1015 1456 1066; x_wconf 86' lang='lat' dir='ltr'><strong>de</strong></span> <span class='ocrx_word' id='word_1_66' title='bbox 1493 1012 1628 1066; x_wconf 85' lang='lat' dir='ltr'><strong>Filio</strong></span> <span class='ocrx_word' id='word_1_67' title='bbox 1667 1029 1825 1083; x_wconf 87' lang='lat' dir='ltr'><strong>quam</strong></span> <span class='ocrx_word' id='word_1_68' title='bbox 1859 1012 1922 1065; x_wconf 87' lang='lat' dir='ltr'><strong>de</strong></span> <span class='ocrx_word' id='word_1_69' title='bbox 1963 1009 2162 1078; x_wconf 81' lang='lat' dir='ltr'><strong>Patre;</strong></span> 
     </span>
    </p>
   </div>
   <div class='ocr_carea' id='block_1_10' title="bbox 591 1099 2162 1172">
    <p class='ocr_par' dir='ltr' id='par_1_10' title="bbox 591 1099 2162 1172">
     <span class='ocr_line' id='line_1_10' title="bbox 591 1099 2162 1172; baseline -0.003 -14"><span class='ocrx_word' id='word_1_70' title='bbox 591 1119 694 1160; x_wconf 89' lang='lat' dir='ltr'><strong>nec</strong></span> <span class='ocrx_word' id='word_1_71' title='bbox 726 1104 896 1172; x_wconf 86' lang='lat' dir='ltr'><strong>major</strong></span> <span class='ocrx_word' id='word_1_72' title='bbox 935 1117 1035 1156; x_wconf 89' lang='lat' dir='ltr'><strong>nec</strong></span> <span class='ocrx_word' id='word_1_73' title='bbox 1078 1100 1256 1155; x_wconf 91' lang='lat' dir='ltr'><strong>minor</strong></span> <span class='ocrx_word' id='word_1_74' title='bbox 1276 1109 1360 1164; x_wconf 84' lang='lat' dir='ltr'><strong>est</strong></span> <span class='ocrx_word' id='word_1_75' title='bbox 1387 1099 1658 1154; x_wconf 82' lang='lat' dir='ltr'><strong>exsistens</strong></span> <span class='ocrx_word' id='word_1_76' title='bbox 1689 1099 1758 1153; x_wconf 89' lang='lat' dir='ltr'><strong>de</strong></span> <span class='ocrx_word' id='word_1_77' title='bbox 1789 1099 1968 1163; x_wconf 88' lang='lat' dir='ltr'><strong>Patre,</strong></span> <span class='ocrx_word' id='word_1_78' title='bbox 2000 1115 2162 1168; x_wconf 89' lang='lat' dir='ltr'><strong>quam</strong></span> 
     </span>
    </p>
   </div>
   <div class='ocr_carea' id='block_1_11' title="bbox 590 1188 2162 1260">
    <p class='ocr_par' dir='ltr' id='par_1_11' title="bbox 590 1188 2162 1260">
     <span class='ocr_line' id='line_1_11' title="bbox 590 1188 2162 1260; baseline -0.003 -13"><span class='ocrx_word' id='word_1_79' title='bbox 590 1192 857 1248; x_wconf 83' lang='lat' dir='ltr'><strong>exsistens</strong></span> <span class='ocrx_word' id='word_1_80' title='bbox 881 1191 949 1244; x_wconf 92' lang='lat' dir='ltr'><strong>de</strong></span> <span class='ocrx_word' id='word_1_81' title='bbox 971 1189 1128 1254; x_wconf 87' lang='lat' dir='ltr'><strong>Filio,</strong></span> <span class='ocrx_word' id='word_1_82' title='bbox 1155 1205 1260 1244; x_wconf 85' lang='lat' dir='ltr'><strong>nec.</strong></span> <span class='ocrx_word' id='word_1_83' title='bbox 1281 1188 1454 1260; x_wconf 91' lang='lat' dir='ltr'><strong>magis</strong></span> <span class='ocrx_word' id='word_1_84' title='bbox 1477 1204 1578 1243; x_wconf 92' lang='lat' dir='ltr'><strong>nec</strong></span> <span class='ocrx_word' id='word_1_85' title='bbox 1609 1188 1790 1242; x_wconf 90' lang='lat' dir='ltr'><strong>minus</strong></span> <span class='ocrx_word' id='word_1_86' title='bbox 1819 1197 1904 1242; x_wconf 87' lang='lat' dir='ltr'><strong>est</strong></span> <span class='ocrx_word' id='word_1_87' title='bbox 1931 1188 1999 1243; x_wconf 92' lang='lat' dir='ltr'><strong>de</strong></span> <span class='ocrx_word' id='word_1_88' title='bbox 2030 1204 2162 1253; x_wconf 92' lang='lat' dir='ltr'><strong>uno,</strong></span> 
     </span>
    </p>
   </div>
   <div class='ocr_carea' id='block_1_12' title="bbox 587 1277 2162 1351">
    <p class='ocr_par' dir='ltr' id='par_1_12' title="bbox 587 1277 2162 1351">
     <span class='ocr_line' id='line_1_12' title="bbox 587 1277 2162 1351; baseline -0.002 -15"><span class='ocrx_word' id='word_1_89' title='bbox 587 1297 751 1351; x_wconf 89' lang='lat' dir='ltr'><strong>quam</strong></span> <span class='ocrx_word' id='word_1_90' title='bbox 784 1281 852 1336; x_wconf 91' lang='lat' dir='ltr'><strong>de</strong></span> <span class='ocrx_word' id='word_1_91' title='bbox 885 1281 1078 1335; x_wconf 89' lang='lat' dir='ltr'><strong>altero.</strong></span> <span class='ocrx_word' id='word_1_92' title='bbox 1123 1299 1142 1333; x_wconf 74' lang='grc' dir='ltr'><strong><em>ι</em></strong></span> <span class='ocrx_word' id='word_1_93' title='bbox 1183 1280 1237 1334; x_wconf 95' lang='lat' dir='ltr'><strong>ld</strong></span> <span class='ocrx_word' id='word_1_94' title='bbox 1268 1289 1422 1350; x_wconf 89' lang='lat' dir='ltr'><strong>urget</strong></span> <span class='ocrx_word' id='word_1_95' title='bbox 1455 1289 1646 1334; x_wconf 88' lang='lat' dir='ltr'><strong>contra</strong></span> <span class='ocrx_word' id='word_1_96' title='bbox 1680 1277 1926 1334; x_wconf 88' lang='lat' dir='ltr'><strong>Nicetam</strong></span> <span class='ocrx_word' id='word_1_97' title='bbox 1955 1279 2162 1350; x_wconf 82' lang='lat' dir='ltr'><strong>Byzan-</strong></span> 
     </span>
    </p>
   </div>
   <div class='ocr_carea' id='block_1_13' title="bbox 589 1371 2158 1443">
    <p class='ocr_par' dir='ltr' id='par_1_13' title="bbox 589 1371 2158 1443">
     <span class='ocr_line' id='line_1_13' title="bbox 589 1371 2158 1443; baseline 0.001 -17"><span class='ocrx_word' id='word_1_98' title='bbox 589 1373 722 1428; x_wconf 89' lang='lat' dir='ltr'><strong>tium</strong></span> <span class='ocrx_word' id='word_1_99' title='bbox 753 1372 906 1443; x_wconf 81' lang='lat' dir='ltr'><strong>Hugo</strong></span> <span class='ocrx_word' id='word_1_100' title='bbox 940 1372 1271 1426; x_wconf 87' lang='lat' dir='ltr'><strong>Etberianus</strong></span> <span class='ocrx_word' id='word_1_101' title='bbox 1297 1375 1357 1441; x_wconf 92' lang='lat' dir='ltr'><strong>(I.</strong></span> <span class='ocrx_word' id='word_1_102' title='bbox 1394 1388 1459 1433; x_wconf 86' lang='grc' dir='ltr'><strong>ι..</strong></span> <span class='ocrx_word' id='word_1_103' title='bbox 1493 1387 1543 1426; x_wconf 91' lang='lat' dir='ltr'><strong>c.</strong></span> <span class='ocrx_word' id='word_1_104' title='bbox 1577 1371 1663 1436; x_wconf 79' lang='grc'><strong>15,</strong></span> <span class='ocrx_word' id='word_1_105' title='bbox 1695 1387 1748 1441; x_wconf 93' lang='lat' dir='ltr'><strong>p.</strong></span> <span class='ocrx_word' id='word_1_106' title='bbox 1785 1371 1942 1436; x_wconf 75' lang='grc'><strong>1208,</strong></span> <span class='ocrx_word' id='word_1_107' title='bbox 1976 1371 2158 1442; x_wconf 72' lang='grc'><strong>1209).</strong></span> 
     </span>
    </p>
   </div>
   <div class='ocr_carea' id='block_1_14' title="bbox 585 1464 2160 1536">
    <p class='ocr_par' dir='ltr' id='par_1_14' title="bbox 585 1464 2160 1536">
     <span class='ocr_line' id='line_1_14' title="bbox 585 1464 2160 1536; baseline 0 -17"><span class='ocrx_word' id='word_1_108' title='bbox 585 1465 1086 1536; x_wconf 74' lang='lat' dir='ltr'><strong>Argumentabatur</strong></span> <span class='ocrx_word' id='word_1_109' title='bbox 1112 1465 1201 1519; x_wconf 92' lang='lat' dir='ltr'><strong>ille</strong></span> <span class='ocrx_word' id='word_1_110' title='bbox 1230 1467 1377 1519; x_wconf 89' lang='lat' dir='ltr'><strong>hunc</strong></span> <span class='ocrx_word' id='word_1_111' title='bbox 1400 1465 1454 1518; x_wconf 92' lang='lat' dir='ltr'><strong>in</strong></span> <span class='ocrx_word' id='word_1_112' title='bbox 1483 1464 1704 1518; x_wconf 91' lang='lat' dir='ltr'><strong>modum</strong></span> <span class='ocrx_word' id='word_1_113' title='bbox 1731 1482 1745 1518; x_wconf 90' lang='lat'>:</span> <span class='ocrx_word' id='word_1_114' title='bbox 1785 1482 1803 1514; x_wconf 75' lang='grc' dir='ltr'>ι</span> <span class='ocrx_word' id='word_1_115' title='bbox 1839 1464 1895 1517; x_wconf 88' lang='lat' dir='ltr'><strong>Si</strong></span> <span class='ocrx_word' id='word_1_116' title='bbox 1925 1464 2160 1534; x_wconf 86' lang='lat' dir='ltr'><strong>Spiritus</strong></span> 
     </span>
    </p>
   </div>
   <div class='ocr_carea' id='block_1_15' title="bbox 584 1554 2161 1625">
    <p class='ocr_par' dir='ltr' id='par_1_15' title="bbox 584 1554 2161 1625">
     <span class='ocr_line' id='line_1_15' title="bbox 584 1554 2161 1625; baseline -0.002 -14"><span class='ocrx_word' id='word_1_117' title='bbox 584 1571 652 1611; x_wconf 81' lang='lat' dir='ltr'><strong>ex</strong></span> <span class='ocrx_word' id='word_1_118' title='bbox 691 1556 850 1609; x_wconf 87' lang='lat' dir='ltr'><strong>Patre</strong></span> <span class='ocrx_word' id='word_1_119' title='bbox 891 1554 1136 1625; x_wconf 87' lang='lat' dir='ltr'><strong>Filioque</strong></span> <span class='ocrx_word' id='word_1_120' title='bbox 1170 1556 1453 1625; x_wconf 89' lang='lat' dir='ltr'><strong>procedit,</strong></span> <span class='ocrx_word' id='word_1_121' title='bbox 1480 1570 1705 1610; x_wconf 89' lang='lat' dir='ltr'><strong>necesse</strong></span> <span class='ocrx_word' id='word_1_122' title='bbox 1741 1563 1844 1618; x_wconf 90' lang='lat' dir='ltr'><strong>est,</strong></span> <span class='ocrx_word' id='word_1_123' title='bbox 1876 1563 1970 1608; x_wconf 90' lang='lat' dir='ltr'><strong>aut</strong></span> <span class='ocrx_word' id='word_1_124' title='bbox 2003 1555 2161 1608; x_wconf 86' lang='lat' dir='ltr'><strong>simul</strong></span> 
     </span>
    </p>
   </div>
   <div class='ocr_carea' id='block_1_16' title="bbox 583 1644 2160 1722">
    <p class='ocr_par' dir='ltr' id='par_1_16' title="bbox 583 1644 2160 1722">
     <span class='ocr_line' id='line_1_16' title="bbox 583 1644 2160 1722; baseline -0.001 -24"><span class='ocrx_word' id='word_1_125' title='bbox 583 1645 694 1704; x_wconf 75' lang='lat' dir='ltr'><strong>sine</strong></span> <span class='ocrx_word' id='word_1_126' title='bbox 741 1658 972 1712; x_wconf 83' lang='lat' dir='ltr'><strong>tempore</strong></span> <span class='ocrx_word' id='word_1_127' title='bbox 1013 1653 1070 1699; x_wconf 89' lang='lat' dir='ltr'><strong>et</strong></span> <span class='ocrx_word' id='word_1_128' title='bbox 1093 1654 1366 1699; x_wconf 81' lang='lat' dir='ltr'><strong>-a:ternam</strong></span> <span class='ocrx_word' id='word_1_129' title='bbox 1407 1659 1528 1699; x_wconf 90' lang='lat' dir='ltr'><strong>esse</strong></span> <span class='ocrx_word' id='word_1_130' title='bbox 1573 1644 2006 1722; x_wconf 76' lang='lat' dir='ltr'><strong>progressionem</strong></span> <span class='ocrx_word' id='word_1_131' title='bbox 2037 1644 2160 1714; x_wconf 91' lang='lat' dir='ltr'><strong>Spi-</strong></span> 
     </span>
    </p>
   </div>
   <div class='ocr_carea' id='block_1_17' title="bbox 584 1733 2160 1805">
    <p class='ocr_par' dir='ltr' id='par_1_17' title="bbox 584 1733 2160 1805">
     <span class='ocr_line' id='line_1_17' title="bbox 584 1733 2160 1805; baseline -0.001 -17"><span class='ocrx_word' id='word_1_132' title='bbox 584 1736 724 1790; x_wconf 83' lang='lat' dir='ltr'><strong>ritus</strong></span> <span class='ocrx_word' id='word_1_133' title='bbox 752 1751 819 1790; x_wconf 80' lang='lat' dir='ltr'><strong>ex</strong></span> <span class='ocrx_word' id='word_1_134' title='bbox 850 1735 1008 1790; x_wconf 82' lang='lat' dir='ltr'><strong>Patre</strong></span> <span class='ocrx_word' id='word_1_135' title='bbox 1034 1746 1089 1790; x_wconf 86' lang='lat' dir='ltr'><strong>et</strong></span> <span class='ocrx_word' id='word_1_136' title='bbox 1120 1733 1278 1800; x_wconf 87' lang='lat' dir='ltr'><strong>Filio,</strong></span> <span class='ocrx_word' id='word_1_137' title='bbox 1309 1745 1402 1790; x_wconf 90' lang='lat' dir='ltr'><strong>aut</strong></span> <span class='ocrx_word' id='word_1_138' title='bbox 1432 1738 1715 1789; x_wconf 81' lang='lat' dir='ltr'><strong>secundant</strong></span> <span class='ocrx_word' id='word_1_139' title='bbox 1742 1736 1887 1805; x_wconf 84' lang='lat' dir='ltr'><strong>prius</strong></span> <span class='ocrx_word' id='word_1_140' title='bbox 1912 1745 1961 1788; x_wconf 91' lang='lat' dir='ltr'><strong>et</strong></span> <span class='ocrx_word' id='word_1_141' title='bbox 1988 1745 2160 1802; x_wconf 84' lang='lat' dir='ltr'><strong>poste-</strong></span> 
     </span>
    </p>
   </div>
   <div class='ocr_carea' id='block_1_18' title="bbox 2268 547 3758 622">
    <p class='ocr_par' dir='ltr' id='par_1_18' title="bbox 2268 547 3758 622">
     <span class='ocr_line' id='line_1_18' title="bbox 2268 547 3758 622; baseline 0.01 -19"><span class='ocrx_word' id='word_1_142' title='bbox 2268 551 2422 622; x_wconf 89' lang='lat' dir='ltr'><strong>llugo</strong></span> <span class='ocrx_word' id='word_1_143' title='bbox 2454 550 2747 620; x_wconf 89' lang='lat' dir='ltr'><strong>respondet</strong></span> <span class='ocrx_word' id='word_1_144' title='bbox 2798 548 3021 603; x_wconf 90' lang='lat' dir='ltr'><strong>Latinos</strong></span> <span class='ocrx_word' id='word_1_145' title='bbox 3053 549 3250 603; x_wconf 91' lang='lat' dir='ltr'><strong>merito</strong></span> <span class='ocrx_word' id='word_1_146' title='bbox 3275 547 3343 603; x_wconf 89' lang='lat' dir='ltr'><strong>de</strong></span> <span class='ocrx_word' id='word_1_147' title='bbox 3369 548 3469 606; x_wconf 89' lang='lat' dir='ltr'><strong>Deo</strong></span> <span class='ocrx_word' id='word_1_148' title='bbox 3487 571 3582 610; x_wconf 84' lang='lat' dir='ltr'><strong>non</strong></span> <span class='ocrx_word' id='word_1_149' title='bbox 3629 575 3758 618; x_wconf 69' lang='lat' dir='ltr'><strong>enuno</strong></span> 
     </span>
    </p>
   </div>
   <div class='ocr_carea' id='block_1_19' title="bbox 2267 627 3770 713">
    <p class='ocr_par' dir='ltr' id='par_1_19' title="bbox 2267 627 3770 713">
     <span class='ocr_line' id='line_1_19' title="bbox 2267 627 3770 713; baseline 0.008 -17"><span class='ocrx_word' id='word_1_150' title='bbox 2267 642 2404 697; x_wconf 87' lang='lat' dir='ltr'><strong>tiare</strong></span> <span class='ocrx_word' id='word_1_151' title='bbox 2451 641 2672 713; x_wconf 88' lang='lat' dir='ltr'><strong>proprie</strong></span> <span class='ocrx_word' id='word_1_152' title='bbox 2709 641 2892 696; x_wconf 81' lang='lat' dir='ltr'><strong>verba-</strong></span> <span class='ocrx_word' id='word_1_153' title='bbox 2919 641 3065 709; x_wconf 87' lang='lat' dir='ltr'><strong>prius</strong></span> <span class='ocrx_word' id='word_1_154' title='bbox 3111 649 3167 695; x_wconf 82' lang='lat' dir='ltr'><strong>et</strong></span> <span class='ocrx_word' id='word_1_155' title='bbox 3193 627 3494 710; x_wconf 30' lang='lat' dir='ltr'><strong>lposterius,</strong></span> <span class='ocrx_word' id='word_1_156' title='bbox 3532 648 3770 709; x_wconf 70' lang='lat' dir='ltr'><strong>secundum</strong></span> 
     </span>
    </p>
   </div>
   <div class='ocr_carea' id='block_1_20' title="bbox 2269 730 3759 803">
    <p class='ocr_par' dir='ltr' id='par_1_20' title="bbox 2269 730 3759 803">
     <span class='ocr_line' id='line_1_20' title="bbox 2269 730 3759 803; baseline 0.009 -20"><span class='ocrx_word' id='word_1_157' title='bbox 2269 742 2510 803; x_wconf 78' lang='lat' dir='ltr'><strong>tempus,</strong></span> <span class='ocrx_word' id='word_1_158' title='bbox 2567 730 2933 801; x_wconf 79' lang='lat' dir='ltr'><strong>principaliter</strong></span> <span class='ocrx_word' id='word_1_159' title='bbox 2986 740 3041 786; x_wconf 88' lang='lat' dir='ltr'><strong>et</strong></span> <span class='ocrx_word' id='word_1_160' title='bbox 3095 733 3432 803; x_wconf 82' lang='lat' dir='ltr'><strong>secundario;</strong></span> <span class='ocrx_word' id='word_1_161' title='bbox 3474 751 3571 792; x_wconf 88' lang='lat' dir='ltr'><strong>non</strong></span> <span class='ocrx_word' id='word_1_162' title='bbox 3608 742 3759 801; x_wconf 79' lang='lat' dir='ltr'><strong>dicere</strong></span> 
     </span>
    </p>
   </div>
   <div class='ocr_carea' id='block_1_21' title="bbox 2267 821 3759 896">
    <p class='ocr_par' dir='ltr' id='par_1_21' title="bbox 2267 821 3759 896">
     <span class='ocr_line' id='line_1_21' title="bbox 2267 821 3759 896; baseline 0.004 -18"><span class='ocrx_word' id='word_1_163' title='bbox 2267 823 2530 896; x_wconf 88' lang='lat' dir='ltr'><strong>Spiritum</strong></span> <span class='ocrx_word' id='word_1_164' title='bbox 2575 823 2941 892; x_wconf 81' lang='lat' dir='ltr'><strong>principaliter</strong></span> <span class='ocrx_word' id='word_1_165' title='bbox 2970 823 3080 892; x_wconf 67' lang='grc'>(22)</span> <span class='ocrx_word' id='word_1_166' title='bbox 3119 821 3268 894; x_wconf 77' lang='grc'><strong>[551]</strong></span> <span class='ocrx_word' id='word_1_167' title='bbox 3303 824 3370 878; x_wconf 83' lang='lat' dir='ltr'><strong>ab</strong></span> <span class='ocrx_word' id='word_1_168' title='bbox 3403 827 3659 896; x_wconf 84' lang='lat' dir='ltr'><strong>alterutro,</strong></span> <span class='ocrx_word' id='word_1_169' title='bbox 3689 838 3759 891; x_wconf 77' lang='lat' dir='ltr'><strong>sed</strong></span> 
     </span>
    </p>
   </div>
   <div class='ocr_carea' id='block_1_22' title="bbox 2265 912 3760 985">
    <p class='ocr_par' dir='ltr' id='par_1_22' title="bbox 2265 912 3760 985">
     <span class='ocr_line' id='line_1_22' title="bbox 2265 912 3760 985; baseline 0.007 -17"><span class='ocrx_word' id='word_1_170' title='bbox 2265 916 2328 970; x_wconf 87' lang='lat' dir='ltr'><strong>de</strong></span> <span class='ocrx_word' id='word_1_171' title='bbox 2362 925 2579 985; x_wconf 85' lang='lat' dir='ltr'><strong>utroque</strong></span> <span class='ocrx_word' id='word_1_172' title='bbox 2616 913 2910 984; x_wconf 70' lang='lat' dir='ltr'><strong>azqualiter.</strong></span> <span class='ocrx_word' id='word_1_173' title='bbox 2952 912 3156 968; x_wconf 90' lang='lat' dir='ltr'><strong>Deinde</strong></span> <span class='ocrx_word' id='word_1_174' title='bbox 3212 922 3397 970; x_wconf 88' lang='lat' dir='ltr'><strong>notat:</strong></span> <span class='ocrx_word' id='word_1_175' title='bbox 3444 934 3461 967; x_wconf 86' lang='grc'><strong><em>‹</em></strong></span> <span class='ocrx_word' id='word_1_176' title='bbox 3500 918 3632 983; x_wconf 83' lang='lat' dir='ltr'><strong>Quod</strong></span> <span class='ocrx_word' id='word_1_177' title='bbox 3668 940 3760 982; x_wconf 84' lang='lat' dir='ltr'><strong>vero</strong></span> 
     </span>
    </p>
   </div>
   <div class='ocr_carea' id='block_1_23' title="bbox 2265 1001 3761 1074">
    <p class='ocr_par' dir='ltr' id='par_1_23' title="bbox 2265 1001 3761 1074">
     <span class='ocr_line' id='line_1_23' title="bbox 2265 1001 3761 1074; baseline 0.005 -15"><span class='ocrx_word' id='word_1_178' title='bbox 2265 1003 2534 1074; x_wconf 88' lang='lat' dir='ltr'><strong>sequitur,</strong></span> <span class='ocrx_word' id='word_1_179' title='bbox 2567 1002 2778 1056; x_wconf 89' lang='lat' dir='ltr'><strong>scilicet</strong></span> <span class='ocrx_word' id='word_1_180' title='bbox 2809 1001 3168 1073; x_wconf 86' lang='lat' dir='ltr'><strong>propinquam</strong></span> <span class='ocrx_word' id='word_1_181' title='bbox 3203 1002 3419 1072; x_wconf 86' lang='lat' dir='ltr'><strong>quidem</strong></span> <span class='ocrx_word' id='word_1_182' title='bbox 3457 1021 3649 1063; x_wconf 87' lang='lat' dir='ltr'><strong>causam</strong></span> <span class='ocrx_word' id='word_1_183' title='bbox 3677 1029 3761 1068; x_wconf 85' lang='lat' dir='ltr'><strong>ma-</strong></span> 
     </span>
    </p>
   </div>
   <div class='ocr_carea' id='block_1_24' title="bbox 2265 1092 3759 1166">
    <p class='ocr_par' dir='ltr' id='par_1_24' title="bbox 2265 1092 3759 1166">
     <span class='ocr_line' id='line_1_24' title="bbox 2265 1092 3759 1166; baseline 0.007 -21"><span class='ocrx_word' id='word_1_184' title='bbox 2265 1092 2344 1164; x_wconf 88' lang='lat' dir='ltr'><strong>gis</strong></span> <span class='ocrx_word' id='word_1_185' title='bbox 2398 1107 2520 1147; x_wconf 90' lang='lat' dir='ltr'><strong>esse</strong></span> <span class='ocrx_word' id='word_1_186' title='bbox 2570 1107 2824 1153; x_wconf 86' lang='lat' dir='ltr'><strong>causam.</strong></span> <span class='ocrx_word' id='word_1_187' title='bbox 2875 1092 3057 1146; x_wconf 90' lang='lat' dir='ltr'><strong>minus</strong></span> <span class='ocrx_word' id='word_1_188' title='bbox 3113 1107 3243 1145; x_wconf 87' lang='lat' dir='ltr'><strong>vero</strong></span> <span class='ocrx_word' id='word_1_189' title='bbox 3287 1107 3404 1160; x_wconf 71' lang='lat' dir='ltr'><strong>qua:</strong></span> <span class='ocrx_word' id='word_1_190' title='bbox 3454 1109 3636 1151; x_wconf 71' lang='lat' dir='ltr'><strong>remora</strong></span> <span class='ocrx_word' id='word_1_191' title='bbox 3679 1111 3759 1166; x_wconf 87' lang='lat' dir='ltr'><strong>est,</strong></span> 
     </span>
    </p>
   </div>
   <div class='ocr_carea' id='block_1_25' title="bbox 2265 1183 3762 1260">
    <p class='ocr_par' dir='ltr' id='par_1_25' title="bbox 2265 1183 3762 1260">
     <span class='ocr_line' id='line_1_25' title="bbox 2265 1183 3762 1260; baseline 0.005 -23"><span class='ocrx_word' id='word_1_192' title='bbox 2265 1183 2354 1253; x_wconf 90' lang='lat' dir='ltr'><strong>(ad</strong></span> <span class='ocrx_word' id='word_1_193' title='bbox 2388 1183 2460 1255; x_wconf 93' lang='lat' dir='ltr'><strong>id)</strong></span> <span class='ocrx_word' id='word_1_194' title='bbox 2491 1185 2882 1240; x_wconf 84' lang='lat' dir='ltr'><strong>absolvendum</strong></span> <span class='ocrx_word' id='word_1_195' title='bbox 2928 1183 3202 1238; x_wconf 78' lang='lat' dir='ltr'><strong>sufﬁciens</strong></span> <span class='ocrx_word' id='word_1_196' title='bbox 3241 1199 3360 1238; x_wconf 89' lang='lat' dir='ltr'><strong>esse</strong></span> <span class='ocrx_word' id='word_1_197' title='bbox 3401 1187 3628 1256; x_wconf 80' lang='lat' dir='ltr'><strong>arbitror,</strong></span> <span class='ocrx_word' id='word_1_198' title='bbox 3654 1194 3762 1260; x_wconf 82' lang='lat' dir='ltr'><strong>quod</strong></span> 
     </span>
    </p>
   </div>
   <div class='ocr_carea' id='block_1_26' title="bbox 2262 1273 3762 1353">
    <p class='ocr_par' dir='ltr' id='par_1_26' title="bbox 2262 1273 3762 1353">
     <span class='ocr_line' id='line_1_26' title="bbox 2262 1273 3762 1353; baseline 0.005 -25"><span class='ocrx_word' id='word_1_199' title='bbox 2262 1273 2316 1329; x_wconf 90' lang='lat' dir='ltr'><strong>id</strong></span> <span class='ocrx_word' id='word_1_200' title='bbox 2357 1275 2461 1330; x_wconf 89' lang='lat' dir='ltr'><strong>tale</strong></span> <span class='ocrx_word' id='word_1_201' title='bbox 2492 1276 2548 1330; x_wconf 93' lang='lat' dir='ltr'><strong>in</strong></span> <span class='ocrx_word' id='word_1_202' title='bbox 2580 1276 2941 1338; x_wconf 89' lang='lat' dir='ltr'><strong>naturalibus,</strong></span> <span class='ocrx_word' id='word_1_203' title='bbox 2968 1275 3155 1345; x_wconf 82' lang='lat' dir='ltr'><strong>IOgicis</strong></span> <span class='ocrx_word' id='word_1_204' title='bbox 3192 1275 3575 1348; x_wconf 83' lang='lat' dir='ltr'><strong>similibusque,</strong></span> <span class='ocrx_word' id='word_1_205' title='bbox 3601 1281 3646 1334; x_wconf 92' lang='lat' dir='ltr'><strong>in</strong></span> <span class='ocrx_word' id='word_1_206' title='bbox 3671 1285 3762 1353; x_wconf 88' lang='lat' dir='ltr'><strong>qui-</strong></span> 
     </span>
    </p>
   </div>
   <div class='ocr_carea' id='block_1_27' title="bbox 2261 1365 3765 1444">
    <p class='ocr_par' dir='ltr' id='par_1_27' title="bbox 2261 1365 3765 1444">
     <span class='ocr_line' id='line_1_27' title="bbox 2261 1365 3765 1444; baseline 0.006 -23"><span class='ocrx_word' id='word_1_207' title='bbox 2261 1365 2364 1422; x_wconf 86' lang='lat' dir='ltr'><strong>bus</strong></span> <span class='ocrx_word' id='word_1_208' title='bbox 2388 1382 2496 1421; x_wconf 91' lang='lat' dir='ltr'><strong>non</strong></span> <span class='ocrx_word' id='word_1_209' title='bbox 2530 1367 2721 1421; x_wconf 91' lang='lat' dir='ltr'><strong>eadem</strong></span> <span class='ocrx_word' id='word_1_210' title='bbox 2751 1366 3150 1438; x_wconf 31' lang='lat' dir='ltr'><strong>causalubique</strong></span> <span class='ocrx_word' id='word_1_211' title='bbox 3182 1366 3480 1438; x_wconf 91' lang='lat' dir='ltr'><strong>propinqua</strong></span> <span class='ocrx_word' id='word_1_212' title='bbox 3507 1382 3765 1444; x_wconf 84' lang='lat' dir='ltr'><strong>remotaque</strong></span> 
     </span>
    </p>
   </div>
   <div class='ocr_carea' id='block_1_28' title="bbox 2263 1458 3766 1535">
    <p class='ocr_par' dir='ltr' id='par_1_28' title="bbox 2263 1458 3766 1535">
     <span class='ocr_line' id='line_1_28' title="bbox 2263 1458 3766 1535; baseline 0.004 -22"><span class='ocrx_word' id='word_1_213' title='bbox 2263 1466 2378 1524; x_wconf 89' lang='lat' dir='ltr'><strong>est,</strong></span> <span class='ocrx_word' id='word_1_214' title='bbox 2409 1460 2587 1514; x_wconf 89' lang='lat' dir='ltr'><strong>locum</strong></span> <span class='ocrx_word' id='word_1_215' title='bbox 2629 1459 2832 1524; x_wconf 82' lang='lat' dir='ltr'><strong>habet;</strong></span> <span class='ocrx_word' id='word_1_216' title='bbox 2872 1459 2928 1512; x_wconf 92' lang='lat' dir='ltr'><strong>in</strong></span> <span class='ocrx_word' id='word_1_217' title='bbox 2958 1458 3157 1512; x_wconf 84' lang='lat' dir='ltr'><strong>divinis</strong></span> <span class='ocrx_word' id='word_1_218' title='bbox 3191 1475 3324 1515; x_wconf 90' lang='lat' dir='ltr'><strong>vero</strong></span> <span class='ocrx_word' id='word_1_219' title='bbox 3351 1461 3582 1528; x_wconf 88' lang='lat' dir='ltr'><strong>personis</strong></span> <span class='ocrx_word' id='word_1_220' title='bbox 3609 1479 3766 1535; x_wconf 81' lang='lat' dir='ltr'><strong>nequa-</strong></span> 
     </span>
    </p>
   </div>
   <div class='ocr_carea' id='block_1_29' title="bbox 2261 1551 3766 1620">
    <p class='ocr_par' dir='ltr' id='par_1_29' title="bbox 2261 1551 3766 1620">
     <span class='ocr_line' id='line_1_29' title="bbox 2261 1551 3766 1620; baseline 0.005 -16"><span class='ocrx_word' id='word_1_221' title='bbox 2261 1566 2424 1620; x_wconf 85' lang='lat' dir='ltr'><strong>quam</strong></span> <span class='ocrx_word' id='word_1_222' title='bbox 2448 1591 2462 1614; x_wconf 94' lang='lat'><strong>,</strong></span> <span class='ocrx_word' id='word_1_223' title='bbox 2503 1560 2618 1604; x_wconf 88' lang='lat' dir='ltr'><strong>tum</strong></span> <span class='ocrx_word' id='word_1_224' title='bbox 2675 1559 2898 1620; x_wconf 89' lang='lat' dir='ltr'><strong>propter</strong></span> <span class='ocrx_word' id='word_1_225' title='bbox 2938 1552 3042 1605; x_wconf 89' lang='lat' dir='ltr'><strong>alia</strong></span> <span class='ocrx_word' id='word_1_226' title='bbox 3085 1551 3289 1617; x_wconf 90' lang='lat' dir='ltr'><strong>multa,</strong></span> <span class='ocrx_word' id='word_1_227' title='bbox 3324 1567 3442 1620; x_wconf 71' lang='lat' dir='ltr'><strong>qua:</strong></span> <span class='ocrx_word' id='word_1_228' title='bbox 3482 1554 3624 1609; x_wconf 90' lang='lat' dir='ltr'><strong>silere</strong></span> <span class='ocrx_word' id='word_1_229' title='bbox 3656 1573 3766 1612; x_wconf 87' lang='lat' dir='ltr'><strong>nunc</strong></span> 
     </span>
    </p>
   </div>
   <div class='ocr_carea' id='block_1_30' title="bbox 2262 1642 3765 1718">
    <p class='ocr_par' dir='ltr' id='par_1_30' title="bbox 2262 1642 3765 1718">
     <span class='ocr_line' id='line_1_30' title="bbox 2262 1642 3765 1718; baseline 0.006 -24"><span class='ocrx_word' id='word_1_230' title='bbox 2262 1650 2507 1711; x_wconf 69' lang='lat' dir='ltr'><strong>praestat,</strong></span> <span class='ocrx_word' id='word_1_231' title='bbox 2548 1651 2662 1696; x_wconf 90' lang='lat' dir='ltr'><strong>tum</strong></span> <span class='ocrx_word' id='word_1_232' title='bbox 2705 1656 2803 1711; x_wconf 90' lang='lat' dir='ltr'><strong>pro</strong></span> <span class='ocrx_word' id='word_1_233' title='bbox 2852 1657 2950 1706; x_wconf 91' lang='lat' dir='ltr'><strong>co,</strong></span> <span class='ocrx_word' id='word_1_234' title='bbox 2984 1642 3128 1710; x_wconf 93' lang='lat' dir='ltr'><strong>quod</strong></span> <span class='ocrx_word' id='word_1_235' title='bbox 3171 1642 3472 1711; x_wconf 90' lang='lat' dir='ltr'><strong>propinqua</strong></span> <span class='ocrx_word' id='word_1_236' title='bbox 3513 1655 3765 1718; x_wconf 85' lang='lat' dir='ltr'><strong>remotaque</strong></span> 
     </span>
    </p>
   </div>
   <div class='ocr_carea' id='block_1_31' title="bbox 2255 1735 3765 1806">
    <p class='ocr_par' dir='ltr' id='par_1_31' title="bbox 2255 1735 3765 1806">
     <span class='ocr_line' id='line_1_31' title="bbox 2255 1735 3765 1806; baseline 0.001 -13"><span class='ocrx_word' id='word_1_237' title='bbox 2255 1751 2422 1793; x_wconf 81' lang='lat' dir='ltr'><strong>causa</strong></span> <span class='ocrx_word' id='word_1_238' title='bbox 2471 1753 2684 1805; x_wconf 82' lang='lat' dir='ltr'><strong>prorsus</strong></span> <span class='ocrx_word' id='word_1_239' title='bbox 2732 1736 2915 1790; x_wconf 86' lang='lat' dir='ltr'><strong>eadem</strong></span> <span class='ocrx_word' id='word_1_240' title='bbox 2946 1746 3279 1790; x_wconf 87' lang='lat' dir='ltr'><strong>censeantur</strong></span> <span class='ocrx_word' id='word_1_241' title='bbox 3307 1735 3465 1790; x_wconf 88' lang='lat' dir='ltr'><strong>Pater</strong></span> <span class='ocrx_word' id='word_1_242' title='bbox 3498 1747 3550 1793; x_wconf 90' lang='lat' dir='ltr'><strong>et</strong></span> <span class='ocrx_word' id='word_1_243' title='bbox 3604 1739 3765 1806; x_wconf 86' lang='lat' dir='ltr'><strong>Filius,</strong></span> 
     </span>
    </p>
   </div>
   <div class='ocr_carea' id='block_1_32' title="bbox 585 1819 3764 1898">
    <p class='ocr_par' dir='ltr' id='par_1_32' title="bbox 585 1819 3764 1898">
     <span class='ocr_line' id='line_1_32' title="bbox 585 1819 3764 1898; baseline 0.003 -20"><span class='ocrx_word' id='word_1_244' title='bbox 585 1826 718 1886; x_wconf 86' lang='lat' dir='ltr'><strong>rius.</strong></span> <span class='ocrx_word' id='word_1_245' title='bbox 755 1824 911 1890; x_wconf 82' lang='lat' dir='ltr'><strong>Quod</strong></span> <span class='ocrx_word' id='word_1_246' title='bbox 955 1826 1000 1880; x_wconf 92' lang='lat' dir='ltr'><strong>si</strong></span> <span class='ocrx_word' id='word_1_247' title='bbox 1050 1824 1199 1897; x_wconf 68' lang='lat' dir='ltr'><strong>[L550]</strong></span> <span class='ocrx_word' id='word_1_248' title='bbox 1239 1826 1542 1881; x_wconf 90' lang='lat' dir='ltr'><strong>secundum</strong></span> <span class='ocrx_word' id='word_1_249' title='bbox 1585 1826 1737 1896; x_wconf 91' lang='lat' dir='ltr'><strong>prius</strong></span> <span class='ocrx_word' id='word_1_250' title='bbox 1773 1837 1829 1880; x_wconf 87' lang='lat' dir='ltr'><strong>et</strong></span> <span class='ocrx_word' id='word_1_251' title='bbox 1871 1825 2160 1896; x_wconf 83' lang='lat' dir='ltr'><strong>posterius,</strong></span> <span class='ocrx_word' id='word_1_252' title='bbox 2195 1819 2237 1874; x_wconf 82' lang='lat' dir='ltr'><strong><em>B</em></strong></span> <span class='ocrx_word' id='word_1_253' title='bbox 2263 1834 2426 1896; x_wconf 86' lang='lat' dir='ltr'><strong>atque</strong></span> <span class='ocrx_word' id='word_1_254' title='bbox 2465 1842 2644 1898; x_wconf 88' lang='lat' dir='ltr'><strong>neque</strong></span> <span class='ocrx_word' id='word_1_255' title='bbox 2681 1827 2985 1881; x_wconf 90' lang='lat' dir='ltr'><strong>secundum</strong></span> <span class='ocrx_word' id='word_1_256' title='bbox 3027 1835 3272 1898; x_wconf 87' lang='lat' dir='ltr'><strong>tempus,</strong></span> <span class='ocrx_word' id='word_1_257' title='bbox 3313 1842 3487 1898; x_wconf 91' lang='lat' dir='ltr'><strong>neque</strong></span> <span class='ocrx_word' id='word_1_258' title='bbox 3524 1834 3764 1887; x_wconf 84' lang='lat' dir='ltr'><strong>secundum</strong></span> 
     </span>
    </p>
   </div>
   <div class='ocr_carea' id='block_1_33' title="bbox 582 1917 2155 1988">
    <p class='ocr_par' dir='ltr' id='par_1_33' title="bbox 582 1917 2155 1988">
     <span class='ocr_line' id='line_1_33' title="bbox 582 1917 2155 1988; baseline -0.001 -16"><span class='ocrx_word' id='word_1_259' title='bbox 582 1918 640 1972; x_wconf 91' lang='lat' dir='ltr'><strong>in</strong></span> <span class='ocrx_word' id='word_1_260' title='bbox 682 1933 1007 1988; x_wconf 87' lang='lat' dir='ltr'><strong>quocunque</strong></span> <span class='ocrx_word' id='word_1_261' title='bbox 1049 1919 1280 1973; x_wconf 89' lang='lat' dir='ltr'><strong>duorum</strong></span> <span class='ocrx_word' id='word_1_262' title='bbox 1311 1920 1402 1983; x_wconf 81' lang='lat' dir='ltr'><strong>sit,</strong></span> <span class='ocrx_word' id='word_1_263' title='bbox 1431 1919 1655 1974; x_wconf 87' lang='lat' dir='ltr'><strong>evidens</strong></span> <span class='ocrx_word' id='word_1_264' title='bbox 1681 1928 1765 1974; x_wconf 82' lang='lat' dir='ltr'><strong>est</strong></span> <span class='ocrx_word' id='word_1_265' title='bbox 1788 1917 2155 1988; x_wconf 85' lang='lat' dir='ltr'><strong>blasphemia;</strong></span> 
     </span>
    </p>
   </div>
   <div class='ocr_carea' id='block_1_34' title="bbox 582 2010 2156 2081">
    <p class='ocr_par' dir='ltr' id='par_1_34' title="bbox 582 2010 2156 2081">
     <span class='ocr_line' id='line_1_34' title="bbox 582 2010 2156 2081; baseline -0.001 -17"><span class='ocrx_word' id='word_1_266' title='bbox 582 2011 688 2066; x_wconf 88' lang='lat' dir='ltr'><strong>erit</strong></span> <span class='ocrx_word' id='word_1_267' title='bbox 719 2010 862 2064; x_wconf 90' lang='lat' dir='ltr'><strong>enim</strong></span> <span class='ocrx_word' id='word_1_268' title='bbox 905 2010 1141 2081; x_wconf 87' lang='lat' dir='ltr'><strong>Spiritus</strong></span> <span class='ocrx_word' id='word_1_269' title='bbox 1171 2027 1231 2067; x_wconf 91' lang='lat' dir='ltr'><strong>se</strong></span> <span class='ocrx_word' id='word_1_270' title='bbox 1265 2011 1383 2081; x_wconf 91' lang='lat' dir='ltr'><strong>ipso</strong></span> <span class='ocrx_word' id='word_1_271' title='bbox 1414 2011 1566 2080; x_wconf 87' lang='lat' dir='ltr'><strong>prior</strong></span> <span class='ocrx_word' id='word_1_272' title='bbox 1590 2021 1644 2065; x_wconf 91' lang='lat' dir='ltr'><strong>et</strong></span> <span class='ocrx_word' id='word_1_273' title='bbox 1675 2010 1964 2080; x_wconf 83' lang='lat' dir='ltr'><strong>posterior,</strong></span> <span class='ocrx_word' id='word_1_274' title='bbox 1995 2019 2156 2064; x_wconf 83' lang='lat' dir='ltr'><strong>aeter-</strong></span> 
     </span>
    </p>
   </div>
   <div class='ocr_carea' id='block_1_35' title="bbox 583 2102 2156 2172">
    <p class='ocr_par' dir='ltr' id='par_1_35' title="bbox 583 2102 2156 2172">
     <span class='ocr_line' id='line_1_35' title="bbox 583 2102 2156 2172; baseline -0.001 -17"><span class='ocrx_word' id='word_1_275' title='bbox 583 2117 690 2155; x_wconf 89' lang='lat' dir='ltr'><strong>nus</strong></span> <span class='ocrx_word' id='word_1_276' title='bbox 726 2111 780 2157; x_wconf 86' lang='lat' dir='ltr'><strong>et</strong></span> <span class='ocrx_word' id='word_1_277' title='bbox 813 2102 1189 2172; x_wconf 86' lang='lat' dir='ltr'><strong>temporalis...</strong></span> <span class='ocrx_word' id='word_1_278' title='bbox 1234 2102 1331 2156; x_wconf 89' lang='lat' dir='ltr'><strong>Sin</strong></span> <span class='ocrx_word' id='word_1_279' title='bbox 1357 2111 1539 2156; x_wconf 89' lang='lat' dir='ltr'><strong>autem</strong></span> <span class='ocrx_word' id='word_1_280' title='bbox 1573 2102 1761 2166; x_wconf 88' lang='lat' dir='ltr'><strong>simul,</strong></span> <span class='ocrx_word' id='word_1_281' title='bbox 1792 2111 1986 2172; x_wconf 69' lang='lat' dir='ltr'><strong>praeter</strong></span> <span class='ocrx_word' id='word_1_282' title='bbox 2025 2111 2156 2153; x_wconf 86' lang='lat' dir='ltr'><strong>tent-</strong></span> 
     </span>
    </p>
   </div>
   <div class='ocr_carea' id='block_1_36' title="bbox 583 2191 2153 2260">
    <p class='ocr_par' dir='ltr' id='par_1_36' title="bbox 583 2191 2153 2260">
     <span class='ocr_line' id='line_1_36' title="bbox 583 2191 2153 2260; baseline 0.001 -15"><span class='ocrx_word' id='word_1_283' title='bbox 583 2208 704 2260; x_wconf 85' lang='lat' dir='ltr'><strong>pus,</strong></span> <span class='ocrx_word' id='word_1_284' title='bbox 747 2193 1070 2246; x_wconf 67' lang='lat' dir='ltr'><strong>aaternaliter</strong></span> <span class='ocrx_word' id='word_1_285' title='bbox 1111 2208 1176 2246; x_wconf 80' lang='lat' dir='ltr'><strong>ex</strong></span> <span class='ocrx_word' id='word_1_286' title='bbox 1216 2193 1506 2256; x_wconf 90' lang='lat' dir='ltr'><strong>ambobus,</strong></span> <span class='ocrx_word' id='word_1_287' title='bbox 1547 2194 1703 2247; x_wconf 82' lang='lat' dir='ltr'><strong>Patre</strong></span> <span class='ocrx_word' id='word_1_288' title='bbox 1737 2193 1858 2246; x_wconf 81' lang='lat' dir='ltr'><strong>dico</strong></span> <span class='ocrx_word' id='word_1_289' title='bbox 1904 2203 1958 2246; x_wconf 90' lang='lat' dir='ltr'><strong>et</strong></span> <span class='ocrx_word' id='word_1_290' title='bbox 1996 2191 2153 2256; x_wconf 87' lang='lat' dir='ltr'><strong>Filio,</strong></span> 
     </span>
    </p>
   </div>
   <div class='ocr_carea' id='block_1_37' title="bbox 581 2283 2155 2355">
    <p class='ocr_par' dir='ltr' id='par_1_37' title="bbox 581 2283 2155 2355">
     <span class='ocr_line' id='line_1_37' title="bbox 581 2283 2155 2355; baseline 0 -18"><span class='ocrx_word' id='word_1_291' title='bbox 581 2283 861 2354; x_wconf 86' lang='lat' dir='ltr'><strong>procedit,</strong></span> <span class='ocrx_word' id='word_1_292' title='bbox 909 2284 996 2338; x_wconf 90' lang='lat' dir='ltr'><strong>cui</strong></span> <span class='ocrx_word' id='word_1_293' title='bbox 1044 2293 1100 2338; x_wconf 88' lang='lat' dir='ltr'><strong>ut</strong></span> <span class='ocrx_word' id='word_1_294' title='bbox 1149 2285 1558 2355; x_wconf 87' lang='lat' dir='ltr'><strong>propugnaculo</strong></span> <span class='ocrx_word' id='word_1_295' title='bbox 1603 2284 1911 2338; x_wconf 89' lang='lat' dir='ltr'><strong>innituntur</strong></span> <span class='ocrx_word' id='word_1_296' title='bbox 1955 2285 2046 2353; x_wconf 90' lang='lat' dir='ltr'><strong>qui</strong></span> <span class='ocrx_word' id='word_1_297' title='bbox 2087 2299 2155 2337; x_wconf 79' lang='lat' dir='ltr'><strong>ex</strong></span> 
     </span>
    </p>
   </div>
   <div class='ocr_carea' id='block_1_38' title="bbox 573 2374 2154 2447">
    <p class='ocr_par' dir='ltr' id='par_1_38' title="bbox 573 2374 2154 2447">
     <span class='ocr_line' id='line_1_38' title="bbox 573 2374 2154 2447; baseline -0.001 -18"><span class='ocrx_word' id='word_1_298' title='bbox 573 2376 811 2447; x_wconf 83' lang='lat' dir='ltr'><strong>adverso</strong></span> <span class='ocrx_word' id='word_1_299' title='bbox 849 2376 1139 2441; x_wconf 88' lang='lat' dir='ltr'><strong>dimicant,</strong></span> <span class='ocrx_word' id='word_1_300' title='bbox 1173 2375 1528 2445; x_wconf 63' lang='lat' dir='ltr'><strong>quaerendum</strong></span> <span class='ocrx_word' id='word_1_301' title='bbox 1563 2383 1646 2429; x_wconf 90' lang='lat' dir='ltr'><strong>est</strong></span> <span class='ocrx_word' id='word_1_302' title='bbox 1674 2375 1741 2428; x_wconf 89' lang='lat' dir='ltr'><strong>ab</strong></span> <span class='ocrx_word' id='word_1_303' title='bbox 1778 2374 1941 2444; x_wconf 85' lang='lat' dir='ltr'><strong>ipsis,</strong></span> <span class='ocrx_word' id='word_1_304' title='bbox 1972 2383 2154 2428; x_wconf 90' lang='lat' dir='ltr'><strong>utrum</strong></span> 
     </span>
    </p>
   </div>
   <div class='ocr_carea' id='block_1_39' title="bbox 579 2465 2156 2536">
    <p class='ocr_par' dir='ltr' id='par_1_39' title="bbox 579 2465 2156 2536">
     <span class='ocr_line' id='line_1_39' title="bbox 579 2465 2156 2536; baseline -0.001 -17"><span class='ocrx_word' id='word_1_305' title='bbox 579 2466 740 2520; x_wconf 81' lang='lat' dir='ltr'><strong>simul</strong></span> <span class='ocrx_word' id='word_1_306' title='bbox 771 2475 964 2534; x_wconf 76' lang='lat' dir='ltr'><strong>prwter</strong></span> <span class='ocrx_word' id='word_1_307' title='bbox 986 2475 1188 2536; x_wconf 83' lang='lat' dir='ltr'><strong>tempus</strong></span> <span class='ocrx_word' id='word_1_308' title='bbox 1217 2475 1265 2520; x_wconf 89' lang='lat' dir='ltr'><strong>et</strong></span> <span class='ocrx_word' id='word_1_309' title='bbox 1293 2467 1639 2532; x_wconf 79' lang='lat' dir='ltr'><strong>reternaliter,</strong></span> <span class='ocrx_word' id='word_1_310' title='bbox 1667 2481 1733 2519; x_wconf 90' lang='lat' dir='ltr'><strong>au</strong></span> <span class='ocrx_word' id='word_1_311' title='bbox 1774 2466 2047 2532; x_wconf 89' lang='lat' dir='ltr'><strong>quomodo</strong></span> <span class='ocrx_word' id='word_1_312' title='bbox 2070 2465 2156 2520; x_wconf 83' lang='lat' dir='ltr'><strong>di-</strong></span> 
     </span>
    </p>
   </div>
   <div class='ocr_carea' id='block_1_40' title="bbox 581 2557 2150 2627">
    <p class='ocr_par' dir='ltr' id='par_1_40' title="bbox 581 2557 2150 2627">
     <span class='ocr_line' id='line_1_40' title="bbox 581 2557 2150 2627; baseline 0.001 -16"><span class='ocrx_word' id='word_1_313' title='bbox 581 2565 728 2612; x_wconf 90' lang='lat' dir='ltr'><strong>cant.</strong></span> <span class='ocrx_word' id='word_1_314' title='bbox 777 2557 914 2611; x_wconf 87' lang='lat' dir='ltr'><strong>Nam</strong></span> <span class='ocrx_word' id='word_1_315' title='bbox 972 2558 1019 2611; x_wconf 91' lang='lat' dir='ltr'><strong>si</strong></span> <span class='ocrx_word' id='word_1_316' title='bbox 1078 2558 1446 2627; x_wconf 85' lang='lat' dir='ltr'><strong>principaliter</strong></span> <span class='ocrx_word' id='word_1_317' title='bbox 1489 2572 1554 2612; x_wconf 76' lang='lat' dir='ltr'><strong>ex</strong></span> <span class='ocrx_word' id='word_1_318' title='bbox 1606 2557 1870 2611; x_wconf 89' lang='lat' dir='ltr'><strong>ambobus</strong></span> <span class='ocrx_word' id='word_1_319' title='bbox 1927 2558 2150 2622; x_wconf 87' lang='lat' dir='ltr'><strong>dicant,</strong></span> 
     </span>
    </p>
   </div>
   <div class='ocr_carea' id='block_1_41' title="bbox 578 2646 2154 2718">
    <p class='ocr_par' dir='ltr' id='par_1_41' title="bbox 578 2646 2154 2718">
     <span class='ocr_line' id='line_1_41' title="bbox 578 2646 2154 2718; baseline 0.001 -18"><span class='ocrx_word' id='word_1_320' title='bbox 578 2653 766 2715; x_wconf 90' lang='lat' dir='ltr'><strong>aperta</strong></span> <span class='ocrx_word' id='word_1_321' title='bbox 811 2655 894 2701; x_wconf 91' lang='lat' dir='ltr'><strong>est</strong></span> <span class='ocrx_word' id='word_1_322' title='bbox 937 2646 1294 2718; x_wconf 84' lang='lat' dir='ltr'><strong>blasphemia.</strong></span> <span class='ocrx_word' id='word_1_323' title='bbox 1333 2649 1507 2702; x_wconf 77' lang='lat' dir='ltr'><strong>Erunt</strong></span> <span class='ocrx_word' id='word_1_324' title='bbox 1547 2647 1690 2700; x_wconf 89' lang='lat' dir='ltr'><strong>enim</strong></span> <span class='ocrx_word' id='word_1_325' title='bbox 1739 2647 1859 2701; x_wconf 91' lang='lat' dir='ltr'><strong>in...</strong></span> <span class='ocrx_word' id='word_1_326' title='bbox 1892 2647 2154 2702; x_wconf 79' lang='lat' dir='ltr'><strong>Trinitate</strong></span> 
     </span>
    </p>
   </div>
   <div class='ocr_carea' id='block_1_42' title="bbox 579 2739 2155 2811">
    <p class='ocr_par' dir='ltr' id='par_1_42' title="bbox 579 2739 2155 2811">
     <span class='ocr_line' id='line_1_42' title="bbox 579 2739 2155 2811; baseline 0.001 -19"><span class='ocrx_word' id='word_1_327' title='bbox 579 2740 702 2793; x_wconf 83' lang='lat' dir='ltr'><strong>duae</strong></span> <span class='ocrx_word' id='word_1_328' title='bbox 742 2739 1071 2810; x_wconf 89' lang='lat' dir='ltr'><strong>principales</strong></span> <span class='ocrx_word' id='word_1_329' title='bbox 1101 2748 1157 2794; x_wconf 89' lang='lat' dir='ltr'><strong>et</strong></span> <span class='ocrx_word' id='word_1_330' title='bbox 1187 2741 1306 2794; x_wconf 89' lang='lat' dir='ltr'><strong>sine</strong></span> <span class='ocrx_word' id='word_1_331' title='bbox 1347 2740 1614 2810; x_wconf 89' lang='lat' dir='ltr'><strong>principio</strong></span> <span class='ocrx_word' id='word_1_332' title='bbox 1637 2782 1650 2804; x_wconf 93' lang='lat'><strong>,</strong></span> <span class='ocrx_word' id='word_1_333' title='bbox 1685 2740 1803 2794; x_wconf 91' lang='lat' dir='ltr'><strong>sine</strong></span> <span class='ocrx_word' id='word_1_334' title='bbox 1833 2757 1993 2796; x_wconf 89' lang='lat' dir='ltr'><strong>causa</strong></span> <span class='ocrx_word' id='word_1_335' title='bbox 2030 2757 2155 2811; x_wconf 88' lang='lat' dir='ltr'><strong>per-</strong></span> 
     </span>
    </p>
   </div>
   <div class='ocr_carea' id='block_1_43' title="bbox 579 2829 2156 2900">
    <p class='ocr_par' dir='ltr' id='par_1_43' title="bbox 579 2829 2156 2900">
     <span class='ocr_line' id='line_1_43' title="bbox 579 2829 2156 2900; baseline 0.003 -17"><span class='ocrx_word' id='word_1_336' title='bbox 579 2845 762 2894; x_wconf 71' lang='lat' dir='ltr'><strong>sonae,</strong></span> <span class='ocrx_word' id='word_1_337' title='bbox 796 2829 1026 2900; x_wconf 88' lang='lat' dir='ltr'><strong>ideoque</strong></span> <span class='ocrx_word' id='word_1_338' title='bbox 1075 2831 1196 2887; x_wconf 71' lang='lat' dir='ltr'><strong>dure</strong></span> <span class='ocrx_word' id='word_1_339' title='bbox 1235 2847 1446 2892; x_wconf 66' lang='lat' dir='ltr'><strong>causae,</strong></span> <span class='ocrx_word' id='word_1_340' title='bbox 1481 2831 1724 2899; x_wconf 90' lang='lat' dir='ltr'><strong>duoque,</strong></span> <span class='ocrx_word' id='word_1_341' title='bbox 1767 2832 2062 2900; x_wconf 79' lang='lat' dir='ltr'><strong>principia,</strong></span> <span class='ocrx_word' id='word_1_342' title='bbox 2101 2841 2156 2887; x_wconf 89' lang='lat' dir='ltr'><strong>et</strong></span> 
     </span>
    </p>
   </div>
   <div class='ocr_carea' id='block_1_44' title="bbox 579 2913 2150 2992">
    <p class='ocr_par' dir='ltr' id='par_1_44' title="bbox 579 2913 2150 2992">
     <span class='ocr_line' id='line_1_44' title="bbox 579 2913 2150 2992; baseline 0.002 -19"><span class='ocrx_word' id='word_1_343' title='bbox 579 2921 689 2974; x_wconf 90' lang='lat' dir='ltr'><strong>duo</strong></span> <span class='ocrx_word' id='word_1_344' title='bbox 723 2937 828 2976; x_wconf 90' lang='lat' dir='ltr'><strong>non</strong></span> <span class='ocrx_word' id='word_1_345' title='bbox 867 2922 1121 2976; x_wconf 87' lang='lat' dir='ltr'><strong>habentia</strong></span> <span class='ocrx_word' id='word_1_346' title='bbox 1149 2937 1326 2992; x_wconf 87' lang='lat' dir='ltr'><strong>neque</strong></span> <span class='ocrx_word' id='word_1_347' title='bbox 1353 2938 1569 2976; x_wconf 85' lang='lat' dir='ltr'><strong>causam</strong></span> <span class='ocrx_word' id='word_1_348' title='bbox 1600 2913 1777 2992; x_wconf 83' lang='lat' dir='ltr'><strong>neque</strong></span> <span class='ocrx_word' id='word_1_349' title='bbox 1803 2923 2150 2991; x_wconf 82' lang='lat' dir='ltr'><strong>principium.</strong></span> 
     </span>
    </p>
   </div>
   <div class='ocr_carea' id='block_1_45' title="bbox 581 3012 2154 3083">
    <p class='ocr_par' dir='ltr' id='par_1_45' title="bbox 581 3012 2154 3083">
     <span class='ocr_line' id='line_1_45' title="bbox 581 3012 2154 3083; baseline 0.002 -18"><span class='ocrx_word' id='word_1_350' title='bbox 581 3012 768 3080; x_wconf 87' lang='lat' dir='ltr'><strong>Itaque</strong></span> <span class='ocrx_word' id='word_1_351' title='bbox 811 3012 866 3066; x_wconf 90' lang='lat' dir='ltr'><strong>in</strong></span> <span class='ocrx_word' id='word_1_352' title='bbox 914 3013 1138 3068; x_wconf 85' lang='lat' dir='ltr'><strong>deorum</strong></span> <span class='ocrx_word' id='word_1_353' title='bbox 1183 3015 1292 3082; x_wconf 91' lang='lat' dir='ltr'><strong>(ed.</strong></span> <span class='ocrx_word' id='word_1_354' title='bbox 1335 3015 1589 3080; x_wconf 90' lang='lat' dir='ltr'><strong>duorum)</strong></span> <span class='ocrx_word' id='word_1_355' title='bbox 1639 3013 2000 3082; x_wconf 85' lang='lat' dir='ltr'><strong>pluralitatem</strong></span> <span class='ocrx_word' id='word_1_356' title='bbox 2035 3030 2154 3083; x_wconf 75' lang='lat' dir='ltr'><strong>qua:</strong></span> 
     </span>
    </p>
   </div>
   <div class='ocr_carea' id='block_1_46' title="bbox 581 3101 2150 3176">
    <p class='ocr_par' dir='ltr' id='par_1_46' title="bbox 581 3101 2150 3176">
     <span class='ocr_line' id='line_1_46' title="bbox 581 3101 2150 3176; baseline 0.001 -20"><span class='ocrx_word' id='word_1_357' title='bbox 581 3101 908 3158; x_wconf 74' lang='lat' dir='ltr'><strong>Christiana:</strong></span> <span class='ocrx_word' id='word_1_358' title='bbox 943 3113 1070 3158; x_wconf 90' lang='lat' dir='ltr'><strong>sunt</strong></span> <span class='ocrx_word' id='word_1_359' title='bbox 1102 3105 1378 3176; x_wconf 78' lang='lat' dir='ltr'><strong>religionis</strong></span> <span class='ocrx_word' id='word_1_360' title='bbox 1415 3105 1833 3167; x_wconf 79' lang='lat' dir='ltr'><strong>transferentur,</strong></span> <span class='ocrx_word' id='word_1_361' title='bbox 1866 3115 1916 3158; x_wconf 91' lang='lat' dir='ltr'><strong>et</strong></span> <span class='ocrx_word' id='word_1_362' title='bbox 1956 3105 2150 3173; x_wconf 89' lang='lat' dir='ltr'><strong>injuria</strong></span> 
     </span>
    </p>
   </div>
   <div class='ocr_carea' id='block_1_47' title="bbox 2264 1918 3767 1988">
    <p class='ocr_par' dir='ltr' id='par_1_47' title="bbox 2264 1918 3767 1988">
     <span class='ocr_line' id='line_1_47' title="bbox 2264 1918 3767 1988; baseline 0.005 -18"><span class='ocrx_word' id='word_1_363' title='bbox 2264 1925 2538 1981; x_wconf 89' lang='lat' dir='ltr'><strong>naturam,</strong></span> <span class='ocrx_word' id='word_1_364' title='bbox 2567 1933 2744 1988; x_wconf 90' lang='lat' dir='ltr'><strong>neque</strong></span> <span class='ocrx_word' id='word_1_365' title='bbox 2795 1918 3078 1973; x_wconf 86' lang='lat' dir='ltr'><strong>secundum</strong></span> <span class='ocrx_word' id='word_1_366' title='bbox 3130 1920 3361 1988; x_wconf 83' lang='lat' dir='ltr'><strong>aliquem</strong></span> <span class='ocrx_word' id='word_1_367' title='bbox 3419 1920 3572 1974; x_wconf 87' lang='lat' dir='ltr'><strong>alium</strong></span> <span class='ocrx_word' id='word_1_368' title='bbox 3607 1927 3767 1977; x_wconf 76' lang='lat' dir='ltr'><strong>modum</strong></span> 
     </span>
    </p>
   </div>
   <div class='ocr_carea' id='block_1_48' title="bbox 2263 1997 3770 2084">
    <p class='ocr_par' dir='ltr' id='par_1_48' title="bbox 2263 1997 3770 2084">
     <span class='ocr_line' id='line_1_48' title="bbox 2263 1997 3770 2084; baseline 0.005 -23"><span class='ocrx_word' id='word_1_369' title='bbox 2263 2007 2426 2062; x_wconf 86' lang='lat' dir='ltr'><strong>Pater</strong></span> <span class='ocrx_word' id='word_1_370' title='bbox 2456 2007 2595 2062; x_wconf 86' lang='lat' dir='ltr'><strong>Filio</strong></span> <span class='ocrx_word' id='word_1_371' title='bbox 2624 2011 2772 2078; x_wconf 87' lang='lat' dir='ltr'><strong>prior</strong></span> <span class='ocrx_word' id='word_1_372' title='bbox 2795 2020 2876 2065; x_wconf 89' lang='lat' dir='ltr'><strong>est</strong></span> <span class='ocrx_word' id='word_1_373' title='bbox 2904 1997 3016 2081; x_wconf 60' lang='lat'><strong>(93)</strong></span> <span class='ocrx_word' id='word_1_374' title='bbox 3047 2021 3100 2064; x_wconf 83' lang='lat' dir='ltr'><strong>ut</strong></span> <span class='ocrx_word' id='word_1_375' title='bbox 3126 2011 3195 2066; x_wconf 92' lang='lat' dir='ltr'><strong>de</strong></span> <span class='ocrx_word' id='word_1_376' title='bbox 3227 2011 3389 2066; x_wconf 89' lang='lat' dir='ltr'><strong>Patre</strong></span> <span class='ocrx_word' id='word_1_377' title='bbox 3421 2012 3620 2082; x_wconf 88' lang='lat' dir='ltr'><strong>quidem</strong></span> <span class='ocrx_word' id='word_1_378' title='bbox 3644 2015 3770 2084; x_wconf 85' lang='lat' dir='ltr'><strong>Spiri-</strong></span> 
     </span>
    </p>
   </div>
   <div class='ocr_carea' id='block_1_49' title="bbox 2266 2101 3769 2178">
    <p class='ocr_par' dir='ltr' id='par_1_49' title="bbox 2266 2101 3769 2178">
     <span class='ocr_line' id='line_1_49' title="bbox 2266 2101 3769 2178; baseline 0.005 -25"><span class='ocrx_word' id='word_1_379' title='bbox 2266 2109 2351 2154; x_wconf 89' lang='lat' dir='ltr'><strong>tus</strong></span> <span class='ocrx_word' id='word_1_380' title='bbox 2386 2101 2774 2170; x_wconf 87' lang='lat' dir='ltr'><strong>principaliter,</strong></span> <span class='ocrx_word' id='word_1_381' title='bbox 2802 2101 2870 2157; x_wconf 91' lang='lat' dir='ltr'><strong>de</strong></span> <span class='ocrx_word' id='word_1_382' title='bbox 2892 2101 3026 2171; x_wconf 79' lang='lat' dir='ltr'><strong>Filio</strong></span> <span class='ocrx_word' id='word_1_383' title='bbox 3061 2118 3189 2157; x_wconf 89' lang='lat' dir='ltr'><strong>vero</strong></span> <span class='ocrx_word' id='word_1_384' title='bbox 3209 2103 3526 2158; x_wconf 87' lang='lat' dir='ltr'><strong>secundario</strong></span> <span class='ocrx_word' id='word_1_385' title='bbox 3553 2115 3633 2159; x_wconf 87' lang='lat' dir='ltr'><strong>aut</strong></span> <span class='ocrx_word' id='word_1_386' title='bbox 3657 2104 3769 2178; x_wconf 78' lang='grc'><strong>[552]</strong></span> 
     </span>
    </p>
   </div>
   <div class='ocr_carea' id='block_1_50' title="bbox 2264 2193 3768 2264">
    <p class='ocr_par' dir='ltr' id='par_1_50' title="bbox 2264 2193 3768 2264">
     <span class='ocr_line' id='line_1_50' title="bbox 2264 2193 3768 2264; baseline 0.003 -18"><span class='ocrx_word' id='word_1_387' title='bbox 2264 2193 2410 2247; x_wconf 88' lang='lat' dir='ltr'><strong>nulla</strong></span> <span class='ocrx_word' id='word_1_388' title='bbox 2433 2193 2664 2257; x_wconf 86' lang='lat' dir='ltr'><strong>ratione,</strong></span> <span class='ocrx_word' id='word_1_389' title='bbox 2697 2203 2755 2248; x_wconf 92' lang='lat' dir='ltr'><strong>ut</strong></span> <span class='ocrx_word' id='word_1_390' title='bbox 2787 2195 2961 2249; x_wconf 68' lang='lat' dir='ltr'><strong>Graeci</strong></span> <span class='ocrx_word' id='word_1_391' title='bbox 2990 2193 3218 2248; x_wconf 87' lang='lat' dir='ltr'><strong>nimium</strong></span> <span class='ocrx_word' id='word_1_392' title='bbox 3256 2194 3641 2264; x_wconf 88' lang='lat' dir='ltr'><strong>inopinabiliter</strong></span> <span class='ocrx_word' id='word_1_393' title='bbox 3658 2197 3768 2250; x_wconf 55' lang='lat' dir='ltr'><strong>allii.</strong></span> 
     </span>
    </p>
   </div>
   <div class='ocr_carea' id='block_1_51' title="bbox 2262 2283 3769 2355">
    <p class='ocr_par' dir='ltr' id='par_1_51' title="bbox 2262 2283 3769 2355">
     <span class='ocr_line' id='line_1_51' title="bbox 2262 2283 3769 2355; baseline 0.003 -20"><span class='ocrx_word' id='word_1_394' title='bbox 2262 2291 2446 2346; x_wconf 89' lang='lat' dir='ltr'><strong>maut,</strong></span> <span class='ocrx_word' id='word_1_395' title='bbox 2492 2283 2782 2352; x_wconf 70' lang='lat' dir='ltr'><strong>procedant;</strong></span> <span class='ocrx_word' id='word_1_396' title='bbox 2820 2293 2878 2337; x_wconf 92' lang='lat' dir='ltr'><strong>ut</strong></span> <span class='ocrx_word' id='word_1_397' title='bbox 2917 2285 3062 2338; x_wconf 90' lang='lat' dir='ltr'><strong>enim</strong></span> <span class='ocrx_word' id='word_1_398' title='bbox 3105 2295 3231 2339; x_wconf 86' lang='lat' dir='ltr'><strong>ante</strong></span> <span class='ocrx_word' id='word_1_399' title='bbox 3268 2285 3450 2338; x_wconf 84' lang='lat' dir='ltr'><strong>omnia</strong></span> <span class='ocrx_word' id='word_1_400' title='bbox 3490 2296 3697 2355; x_wconf 84' lang='lat' dir='ltr'><strong>tempora</strong></span> <span class='ocrx_word' id='word_1_401' title='bbox 3722 2287 3769 2340; x_wconf 53' lang='lat' dir='ltr'><strong>si.</strong></span> 
     </span>
    </p>
   </div>
   <div class='ocr_carea' id='block_1_52' title="bbox 2262 2371 3770 2443">
    <p class='ocr_par' dir='ltr' id='par_1_52' title="bbox 2262 2371 3770 2443">
     <span class='ocr_line' id='line_1_52' title="bbox 2262 2371 3770 2443; baseline 0.003 -18"><span class='ocrx_word' id='word_1_402' title='bbox 2262 2373 2373 2426; x_wconf 91' lang='lat' dir='ltr'><strong>mul</strong></span> <span class='ocrx_word' id='word_1_403' title='bbox 2412 2383 2540 2427; x_wconf 89' lang='lat' dir='ltr'><strong>sunt</strong></span> <span class='ocrx_word' id='word_1_404' title='bbox 2578 2383 2774 2427; x_wconf 86' lang='lat' dir='ltr'><strong>natura</strong></span> <span class='ocrx_word' id='word_1_405' title='bbox 2824 2371 2982 2428; x_wconf 83' lang='lat' dir='ltr'><strong>Pater</strong></span> <span class='ocrx_word' id='word_1_406' title='bbox 3027 2384 3082 2428; x_wconf 90' lang='lat' dir='ltr'><strong>et</strong></span> <span class='ocrx_word' id='word_1_407' title='bbox 3125 2371 3294 2427; x_wconf 87' lang='lat' dir='ltr'><strong>Filius</strong></span> <span class='ocrx_word' id='word_1_408' title='bbox 3348 2374 3669 2443; x_wconf 87' lang='lat' dir='ltr'><strong>ejusdemque</strong></span> <span class='ocrx_word' id='word_1_409' title='bbox 3701 2377 3770 2429; x_wconf 81' lang='lat' dir='ltr'><strong>ho-</strong></span> 
     </span>
    </p>
   </div>
   <div class='ocr_carea' id='block_1_53' title="bbox 2262 2463 3766 2536">
    <p class='ocr_par' dir='ltr' id='par_1_53' title="bbox 2262 2463 3766 2536">
     <span class='ocr_line' id='line_1_53' title="bbox 2262 2463 3766 2536; baseline 0.001 -19"><span class='ocrx_word' id='word_1_410' title='bbox 2262 2465 2444 2530; x_wconf 86' lang='lat' dir='ltr'><strong>noris,</strong></span> <span class='ocrx_word' id='word_1_411' title='bbox 2489 2465 2562 2518; x_wconf 91' lang='lat' dir='ltr'><strong>ita</strong></span> <span class='ocrx_word' id='word_1_412' title='bbox 2605 2465 2864 2534; x_wconf 87' lang='lat' dir='ltr'><strong>quidquid</strong></span> <span class='ocrx_word' id='word_1_413' title='bbox 2912 2466 3018 2535; x_wconf 85' lang='lat' dir='ltr'><strong>(ed.</strong></span> <span class='ocrx_word' id='word_1_414' title='bbox 3062 2463 3378 2536; x_wconf 79' lang='lat' dir='ltr'><strong>quidquam)</strong></span> <span class='ocrx_word' id='word_1_415' title='bbox 3425 2475 3591 2534; x_wconf 86' lang='lat' dir='ltr'><strong>potest</strong></span> <span class='ocrx_word' id='word_1_416' title='bbox 3631 2468 3766 2531; x_wconf 81' lang='lat' dir='ltr'><strong>Pater,</strong></span> 
     </span>
    </p>
   </div>
   <div class='ocr_carea' id='block_1_54' title="bbox 2261 2555 3773 2628">
    <p class='ocr_par' dir='ltr' id='par_1_54' title="bbox 2261 2555 3773 2628">
     <span class='ocr_line' id='line_1_54' title="bbox 2261 2555 3773 2628; baseline 0.002 -20"><span class='ocrx_word' id='word_1_417' title='bbox 2261 2565 2444 2625; x_wconf 84' lang='lat' dir='ltr'><strong>potest</strong></span> <span class='ocrx_word' id='word_1_418' title='bbox 2482 2567 2537 2610; x_wconf 89' lang='lat' dir='ltr'><strong>et</strong></span> <span class='ocrx_word' id='word_1_419' title='bbox 2576 2555 2780 2622; x_wconf 84' lang='lat' dir='ltr'><strong>Filius,</strong></span> <span class='ocrx_word' id='word_1_420' title='bbox 2819 2573 2888 2610; x_wconf 90' lang='lat' dir='ltr'><strong>ne</strong></span> <span class='ocrx_word' id='word_1_421' title='bbox 2929 2559 3032 2627; x_wconf 84' lang='lat' dir='ltr'><strong>(ed.</strong></span> <span class='ocrx_word' id='word_1_422' title='bbox 3069 2556 3143 2628; x_wconf 88' lang='lat' dir='ltr'><strong>et)</strong></span> <span class='ocrx_word' id='word_1_423' title='bbox 3177 2557 3472 2626; x_wconf 89' lang='lat' dir='ltr'><strong>quidquam</strong></span> <span class='ocrx_word' id='word_1_424' title='bbox 3500 2573 3529 2611; x_wconf 88' lang='lat' dir='ltr'><strong>a</strong></span> <span class='ocrx_word' id='word_1_425' title='bbox 3566 2556 3710 2611; x_wconf 82' lang='lat' dir='ltr'><strong>Patris</strong></span> <span class='ocrx_word' id='word_1_426' title='bbox 3733 2565 3773 2612; x_wconf 85' lang='lat' dir='ltr'><strong>et</strong></span> 
     </span>
    </p>
   </div>
   <div class='ocr_carea' id='block_1_55' title="bbox 2262 2642 3771 2717">
    <p class='ocr_par' dir='ltr' id='par_1_55' title="bbox 2262 2642 3771 2717">
     <span class='ocr_line' id='line_1_55' title="bbox 2262 2642 3771 2717; baseline 0.002 -20"><span class='ocrx_word' id='word_1_427' title='bbox 2262 2642 2381 2698; x_wconf 85' lang='lat' dir='ltr'><strong>Filii</strong></span> <span class='ocrx_word' id='word_1_428' title='bbox 2415 2646 2655 2714; x_wconf 88' lang='lat' dir='ltr'><strong>potentia</strong></span> <span class='ocrx_word' id='word_1_429' title='bbox 2689 2656 3083 2701; x_wconf 87' lang='lat' dir='ltr'><strong>removeretur.</strong></span> <span class='ocrx_word' id='word_1_430' title='bbox 3115 2666 3134 2699; x_wconf 70' lang='grc' dir='ltr'><strong><em>ι</em></strong></span> <span class='ocrx_word' id='word_1_431' title='bbox 3179 2645 3298 2701; x_wconf 75' lang='lat' dir='ltr'><strong>lam</strong></span> <span class='ocrx_word' id='word_1_432' title='bbox 3331 2661 3457 2700; x_wconf 79' lang='lat' dir='ltr'><strong>vero</strong></span> <span class='ocrx_word' id='word_1_433' title='bbox 3488 2647 3630 2701; x_wconf 89' lang='lat' dir='ltr'><strong>inane</strong></span> <span class='ocrx_word' id='word_1_434' title='bbox 3653 2663 3771 2717; x_wconf 90' lang='lat' dir='ltr'><strong>pror-</strong></span> 
     </span>
    </p>
   </div>
   <div class='ocr_carea' id='block_1_56' title="bbox 2261 2736 3774 2808">
    <p class='ocr_par' dir='ltr' id='par_1_56' title="bbox 2261 2736 3774 2808">
     <span class='ocr_line' id='line_1_56' title="bbox 2261 2736 3774 2808; baseline 0.001 -16"><span class='ocrx_word' id='word_1_435' title='bbox 2261 2752 2354 2792; x_wconf 89' lang='lat' dir='ltr'><strong>sus</strong></span> <span class='ocrx_word' id='word_1_436' title='bbox 2384 2746 2467 2790; x_wconf 89' lang='lat' dir='ltr'><strong>est</strong></span> <span class='ocrx_word' id='word_1_437' title='bbox 2489 2777 2504 2802; x_wconf 94' lang='lat'><strong>,</strong></span> <span class='ocrx_word' id='word_1_438' title='bbox 2536 2737 2678 2807; x_wconf 90' lang='lat' dir='ltr'><strong>quod</strong></span> <span class='ocrx_word' id='word_1_439' title='bbox 2726 2736 2952 2792; x_wconf 86' lang='lat' dir='ltr'><strong>Photius</strong></span> <span class='ocrx_word' id='word_1_440' title='bbox 2996 2739 3067 2808; x_wconf 93' lang='lat' dir='ltr'><strong>(c.</strong></span> <span class='ocrx_word' id='word_1_441' title='bbox 3101 2740 3191 2803; x_wconf 79' lang='lat'><strong>65)</strong></span> <span class='ocrx_word' id='word_1_442' title='bbox 3230 2739 3298 2793; x_wconf 84' lang='lat' dir='ltr'><strong>de</strong></span> <span class='ocrx_word' id='word_1_443' title='bbox 3344 2755 3618 2796; x_wconf 89' lang='lat' dir='ltr'><strong>causarum</strong></span> <span class='ocrx_word' id='word_1_444' title='bbox 3653 2739 3774 2793; x_wconf 83' lang='lat' dir='ltr'><strong>dific-</strong></span> 
     </span>
    </p>
   </div>
   <div class='ocr_carea' id='block_1_57' title="bbox 2261 2826 3774 2899">
    <p class='ocr_par' dir='ltr' id='par_1_57' title="bbox 2261 2826 3774 2899">
     <span class='ocr_line' id='line_1_57' title="bbox 2261 2826 3774 2899; baseline 0.003 -20"><span class='ocrx_word' id='word_1_445' title='bbox 2261 2827 2435 2880; x_wconf 86' lang='lat' dir='ltr'><strong>reutia</strong></span> <span class='ocrx_word' id='word_1_446' title='bbox 2464 2826 2688 2896; x_wconf 84' lang='lat' dir='ltr'><strong>profert,</strong></span> <span class='ocrx_word' id='word_1_447' title='bbox 2721 2843 2840 2898; x_wconf 68' lang='lat' dir='ltr'><strong>quae</strong></span> <span class='ocrx_word' id='word_1_448' title='bbox 2877 2828 3021 2882; x_wconf 89' lang='lat' dir='ltr'><strong>nulla</strong></span> <span class='ocrx_word' id='word_1_449' title='bbox 3055 2830 3278 2883; x_wconf 90' lang='lat' dir='ltr'><strong>omnino</strong></span> <span class='ocrx_word' id='word_1_450' title='bbox 3311 2841 3428 2896; x_wconf 90' lang='lat' dir='ltr'><strong>est;</strong></span> <span class='ocrx_word' id='word_1_451' title='bbox 3478 2830 3683 2899; x_wconf 89' lang='lat' dir='ltr'><strong>indeque</strong></span> <span class='ocrx_word' id='word_1_452' title='bbox 3704 2831 3774 2884; x_wconf 87' lang='lat' dir='ltr'><strong>de-</strong></span> 
     </span>
    </p>
   </div>
   <div class='ocr_carea' id='block_1_58' title="bbox 2259 2917 3776 2990">
    <p class='ocr_par' dir='ltr' id='par_1_58' title="bbox 2259 2917 3776 2990">
     <span class='ocr_line' id='line_1_58' title="bbox 2259 2917 3776 2990; baseline 0.003 -20"><span class='ocrx_word' id='word_1_453' title='bbox 2259 2917 2420 2972; x_wconf 86' lang='lat' dir='ltr'><strong>ducta</strong></span> <span class='ocrx_word' id='word_1_454' title='bbox 2452 2921 2770 2973; x_wconf 88' lang='lat' dir='ltr'><strong>consecutio</strong></span> <span class='ocrx_word' id='word_1_455' title='bbox 2792 2961 2804 2984; x_wconf 92' lang='lat'><strong>,</strong></span> <span class='ocrx_word' id='word_1_456' title='bbox 2834 2920 3132 2974; x_wconf 84' lang='lat' dir='ltr'><strong>sectionem</strong></span> <span class='ocrx_word' id='word_1_457' title='bbox 3166 2931 3220 2976; x_wconf 88' lang='lat' dir='ltr'><strong>et</strong></span> <span class='ocrx_word' id='word_1_458' title='bbox 3250 2922 3576 2976; x_wconf 80' lang='lat' dir='ltr'><strong>divisionem</strong></span> <span class='ocrx_word' id='word_1_459' title='bbox 3613 2922 3659 2975; x_wconf 91' lang='lat' dir='ltr'><strong>in</strong></span> <span class='ocrx_word' id='word_1_460' title='bbox 3692 2921 3776 2990; x_wconf 82' lang='lat' dir='ltr'><strong>ipsa</strong></span> 
     </span>
    </p>
   </div>
   <div class='ocr_carea' id='block_1_59' title="bbox 2261 3008 3775 3084">
    <p class='ocr_par' dir='ltr' id='par_1_59' title="bbox 2261 3008 3775 3084">
     <span class='ocr_line' id='line_1_59' title="bbox 2261 3008 3775 3084; baseline 0.001 -22"><span class='ocrx_word' id='word_1_461' title='bbox 2261 3008 2496 3078; x_wconf 89' lang='lat' dir='ltr'><strong>Spiritus</strong></span> <span class='ocrx_word' id='word_1_462' title='bbox 2522 3027 2756 3080; x_wconf 87' lang='lat' dir='ltr'><strong>persona</strong></span> <span class='ocrx_word' id='word_1_463' title='bbox 2788 3011 2997 3065; x_wconf 81' lang='lat' dir='ltr'><strong>inferri.</strong></span> <span class='ocrx_word' id='word_1_464' title='bbox 3032 3011 3338 3083; x_wconf 88' lang='lat' dir='ltr'><strong>Utrumque</strong></span> <span class='ocrx_word' id='word_1_465' title='bbox 3360 3029 3481 3084; x_wconf 77' lang='lat' dir='ltr'><strong>qua:</strong></span> <span class='ocrx_word' id='word_1_466' title='bbox 3507 3014 3650 3067; x_wconf 90' lang='lat' dir='ltr'><strong>toties</strong></span> <span class='ocrx_word' id='word_1_467' title='bbox 3672 3013 3775 3067; x_wconf 77' lang='lat' dir='ltr'><strong>dixi-</strong></span> 
     </span>
    </p>
   </div>
   <div class='ocr_carea' id='block_1_60' title="bbox 2261 3099 3778 3174">
    <p class='ocr_par' dir='ltr' id='par_1_60' title="bbox 2261 3099 3778 3174">
     <span class='ocr_line' id='line_1_60' title="bbox 2261 3099 3778 3174; baseline 0.001 -23"><span class='ocrx_word' id='word_1_468' title='bbox 2261 3114 2382 3152; x_wconf 89' lang='lat' dir='ltr'><strong>mus</strong></span> <span class='ocrx_word' id='word_1_469' title='bbox 2412 3100 2742 3154; x_wconf 86' lang='lat' dir='ltr'><strong>convellunt.</strong></span> <span class='ocrx_word' id='word_1_470' title='bbox 2777 3099 2963 3170; x_wconf 87' lang='lat' dir='ltr'><strong>Neque</strong></span> <span class='ocrx_word' id='word_1_471' title='bbox 2997 3117 3123 3156; x_wconf 89' lang='lat' dir='ltr'><strong>vero</strong></span> <span class='ocrx_word' id='word_1_472' title='bbox 3163 3104 3412 3172; x_wconf 89' lang='lat' dir='ltr'><strong>sequitur</strong></span> <span class='ocrx_word' id='word_1_473' title='bbox 3453 3102 3523 3174; x_wconf 91' lang='lat' dir='ltr'><strong>(c.</strong></span> <span class='ocrx_word' id='word_1_474' title='bbox 3563 3103 3657 3171; x_wconf 63' lang='lat'><strong>65),</strong></span> <span class='ocrx_word' id='word_1_475' title='bbox 3688 3099 3778 3169; x_wconf 83' lang='lat' dir='ltr'><strong>Spi-</strong></span> 
     </span>
    </p>
   </div>
   <div class='ocr_carea' id='block_1_61' title="bbox 584 3187 3776 3264">
    <p class='ocr_par' dir='ltr' id='par_1_61' title="bbox 584 3187 3776 3264">
     <span class='ocr_line' id='line_1_61' title="bbox 584 3187 3776 3264; baseline -0.001 -17"><span class='ocrx_word' id='word_1_476' title='bbox 584 3210 694 3247; x_wconf 89' lang='lat' dir='ltr'><strong>non</strong></span> <span class='ocrx_word' id='word_1_477' title='bbox 736 3195 990 3264; x_wconf 71' lang='lat' dir='ltr'><strong>(praelibet</strong></span> <span class='ocrx_word' id='word_1_478' title='bbox 1031 3197 1327 3251; x_wconf 71' lang='lat' dir='ltr'><strong>zoarchicze</strong></span> <span class='ocrx_word' id='word_1_479' title='bbox 1373 3206 1429 3251; x_wconf 90' lang='lat' dir='ltr'><strong>et</strong></span> <span class='ocrx_word' id='word_1_480' title='bbox 1472 3197 1978 3264; x_wconf 85' lang='lat' dir='ltr'><strong>supersubstautiali</strong></span> <span class='ocrx_word' id='word_1_481' title='bbox 2021 3187 2226 3249; x_wconf 83' lang='lat' dir='ltr'><strong>irro-C</strong></span> <span class='ocrx_word' id='word_1_482' title='bbox 2258 3190 2423 3243; x_wconf 84' lang='lat' dir='ltr'><strong>ritum</strong></span> <span class='ocrx_word' id='word_1_483' title='bbox 2467 3190 2585 3245; x_wconf 87' lang='lat' dir='ltr'><strong>fore</strong></span> <span class='ocrx_word' id='word_1_484' title='bbox 2631 3192 2793 3246; x_wconf 88' lang='lat' dir='ltr'><strong>simul</strong></span> <span class='ocrx_word' id='word_1_485' title='bbox 2845 3192 3085 3263; x_wconf 88' lang='lat' dir='ltr'><strong>genitum</strong></span> <span class='ocrx_word' id='word_1_486' title='bbox 3141 3204 3198 3249; x_wconf 90' lang='lat' dir='ltr'><strong>et</strong></span> <span class='ocrx_word' id='word_1_487' title='bbox 3251 3195 3652 3264; x_wconf 88' lang='lat' dir='ltr'><strong>procedentem;</strong></span> <span class='ocrx_word' id='word_1_488' title='bbox 3695 3201 3776 3245; x_wconf 90' lang='lat' dir='ltr'><strong>tum</strong></span> 
     </span>
    </p>
   </div>
   <div class='ocr_carea' id='block_1_62' title="bbox 582 3286 2155 3358">
    <p class='ocr_par' dir='ltr' id='par_1_62' title="bbox 582 3286 2155 3358">
     <span class='ocr_line' id='line_1_62' title="bbox 582 3286 2155 3358; baseline 0.003 -19"><span class='ocrx_word' id='word_1_489' title='bbox 582 3287 797 3356; x_wconf 84' lang='lat' dir='ltr'><strong>gabitur</strong></span> <span class='ocrx_word' id='word_1_490' title='bbox 839 3286 1112 3342; x_wconf 87' lang='lat' dir='ltr'><strong>Trinitati.</strong></span> <span class='ocrx_word' id='word_1_491' title='bbox 1155 3289 1310 3355; x_wconf 84' lang='lat' dir='ltr'><strong>Quod</strong></span> <span class='ocrx_word' id='word_1_492' title='bbox 1354 3289 1399 3344; x_wconf 88' lang='lat' dir='ltr'><strong>si</strong></span> <span class='ocrx_word' id='word_1_493' title='bbox 1449 3305 1553 3342; x_wconf 87' lang='lat' dir='ltr'><strong>non</strong></span> <span class='ocrx_word' id='word_1_494' title='bbox 1593 3288 1986 3358; x_wconf 83' lang='lat' dir='ltr'><strong>principaliter,</strong></span> <span class='ocrx_word' id='word_1_495' title='bbox 2029 3289 2155 3343; x_wconf 87' lang='lat' dir='ltr'><strong>licet</strong></span> 
     </span>
    </p>
   </div>
   <div class='ocr_carea' id='block_1_63' title="bbox 583 3378 2153 3463">
    <p class='ocr_par' dir='ltr' id='par_1_63' title="bbox 583 3378 2153 3463">
     <span class='ocr_line' id='line_1_63' title="bbox 583 3378 2153 3463; baseline 0.002 -31"><span class='ocrx_word' id='word_1_496' title='bbox 583 3378 743 3433; x_wconf 88' lang='lat' dir='ltr'><strong>simul</strong></span> <span class='ocrx_word' id='word_1_497' title='bbox 787 3387 843 3433; x_wconf 89' lang='lat' dir='ltr'><strong>et</strong></span> <span class='ocrx_word' id='word_1_498' title='bbox 885 3381 1234 3446; x_wconf 59' lang='lat' dir='ltr'><strong>aeternaliter,</strong></span> <span class='ocrx_word' id='word_1_499' title='bbox 1273 3381 1367 3436; x_wconf 90' lang='lat' dir='ltr'><strong>sed</strong></span> <span class='ocrx_word' id='word_1_500' title='bbox 1410 3382 1624 3450; x_wconf 80' lang='lat' dir='ltr'><strong>propius</strong></span> <span class='ocrx_word' id='word_1_501' title='bbox 1672 3390 1834 3449; x_wconf 89' lang='lat' dir='ltr'><strong>atque</strong></span> <span class='ocrx_word' id='word_1_502' title='bbox 1885 3383 2153 3463; x_wconf 71' lang='lat' dir='ltr'><strong>remotius,</strong></span> 
     </span>
    </p>
   </div>
   <div class='ocr_carea' id='block_1_64' title="bbox 583 3471 2155 3544">
    <p class='ocr_par' dir='ltr' id='par_1_64' title="bbox 583 3471 2155 3544">
     <span class='ocr_line' id='line_1_64' title="bbox 583 3471 2155 3544; baseline 0.004 -22"><span class='ocrx_word' id='word_1_503' title='bbox 583 3477 678 3522; x_wconf 85' lang='lat' dir='ltr'><strong>aut</strong></span> <span class='ocrx_word' id='word_1_504' title='bbox 705 3471 877 3537; x_wconf 86' lang='lat' dir='ltr'><strong>primo</strong></span> <span class='ocrx_word' id='word_1_505' title='bbox 912 3477 968 3526; x_wconf 90' lang='lat' dir='ltr'><strong>et</strong></span> <span class='ocrx_word' id='word_1_506' title='bbox 1003 3475 1338 3535; x_wconf 79' lang='lat' dir='ltr'><strong>secundario,</strong></span> <span class='ocrx_word' id='word_1_507' title='bbox 1363 3483 1416 3528; x_wconf 79' lang='lat' dir='ltr'><strong>et</strong></span> <span class='ocrx_word' id='word_1_508' title='bbox 1440 3474 1518 3526; x_wconf 88' lang='lat' dir='ltr'><strong>sic</strong></span> <span class='ocrx_word' id='word_1_509' title='bbox 1540 3474 1839 3544; x_wconf 87' lang='lat' dir='ltr'><strong>parturitur</strong></span> <span class='ocrx_word' id='word_1_510' title='bbox 1868 3473 2155 3543; x_wconf 88' lang='lat' dir='ltr'><strong>impietas;</strong></span> 
     </span>
    </p>
   </div>
   <div class='ocr_carea' id='block_1_65' title="bbox 585 3559 2158 3635">
    <p class='ocr_par' dir='ltr' id='par_1_65' title="bbox 585 3559 2158 3635">
     <span class='ocr_line' id='line_1_65' title="bbox 585 3559 2158 3635; baseline 0.005 -24"><span class='ocrx_word' id='word_1_511' title='bbox 585 3559 817 3628; x_wconf 88' lang='lat' dir='ltr'><strong>primum</strong></span> <span class='ocrx_word' id='word_1_512' title='bbox 847 3561 1088 3630; x_wconf 87' lang='lat' dir='ltr'><strong>quidem,</strong></span> <span class='ocrx_word' id='word_1_513' title='bbox 1123 3564 1271 3633; x_wconf 89' lang='lat' dir='ltr'><strong>quod</strong></span> <span class='ocrx_word' id='word_1_514' title='bbox 1300 3565 1474 3634; x_wconf 81' lang='lat' dir='ltr'><strong>magis</strong></span> <span class='ocrx_word' id='word_1_515' title='bbox 1509 3565 1610 3618; x_wconf 86' lang='lat' dir='ltr'><strong>erit</strong></span> <span class='ocrx_word' id='word_1_516' title='bbox 1644 3563 1812 3619; x_wconf 79' lang='lat' dir='ltr'><strong>Filius</strong></span> <span class='ocrx_word' id='word_1_517' title='bbox 1834 3583 1995 3620; x_wconf 85' lang='lat' dir='ltr'><strong>causa</strong></span> <span class='ocrx_word' id='word_1_518' title='bbox 2032 3565 2158 3635; x_wconf 87' lang='lat' dir='ltr'><strong>Spi-</strong></span> 
     </span>
    </p>
   </div>
   <div class='ocr_carea' id='block_1_66' title="bbox 585 3650 2157 3726">
    <p class='ocr_par' dir='ltr' id='par_1_66' title="bbox 585 3650 2157 3726">
     <span class='ocr_line' id='line_1_66' title="bbox 585 3650 2157 3726; baseline 0.004 -22"><span class='ocrx_word' id='word_1_519' title='bbox 585 3650 753 3716; x_wconf 90' lang='lat' dir='ltr'><strong>ritus,</strong></span> <span class='ocrx_word' id='word_1_520' title='bbox 795 3651 976 3706; x_wconf 90' lang='lat' dir='ltr'><strong>minus</strong></span> <span class='ocrx_word' id='word_1_521' title='bbox 1023 3662 1206 3708; x_wconf 89' lang='lat' dir='ltr'><strong>autem</strong></span> <span class='ocrx_word' id='word_1_522' title='bbox 1257 3654 1438 3710; x_wconf 86' lang='lat' dir='ltr'><strong>Pater.</strong></span> <span class='ocrx_word' id='word_1_523' title='bbox 1493 3656 1628 3710; x_wconf 87' lang='lat' dir='ltr'><strong>Nam</strong></span> <span class='ocrx_word' id='word_1_524' title='bbox 1673 3673 1794 3726; x_wconf 79' lang='lat' dir='ltr'><strong>qua:</strong></span> <span class='ocrx_word' id='word_1_525' title='bbox 1854 3657 2157 3726; x_wconf 87' lang='lat' dir='ltr'><strong>propinqua</strong></span> 
     </span>
    </p>
   </div>
   <div class='ocr_carea' id='block_1_67' title="bbox 583 3743 2158 3817">
    <p class='ocr_par' dir='ltr' id='par_1_67' title="bbox 583 3743 2158 3817">
     <span class='ocr_line' id='line_1_67' title="bbox 583 3743 2158 3817; baseline 0.002 -19"><span class='ocrx_word' id='word_1_526' title='bbox 583 3757 746 3798; x_wconf 90' lang='lat' dir='ltr'><strong>causa</strong></span> <span class='ocrx_word' id='word_1_527' title='bbox 777 3751 894 3808; x_wconf 88' lang='lat' dir='ltr'><strong>est,</strong></span> <span class='ocrx_word' id='word_1_528' title='bbox 928 3743 1099 3815; x_wconf 82' lang='lat' dir='ltr'><strong>magis</strong></span> <span class='ocrx_word' id='word_1_529' title='bbox 1133 3761 1297 3800; x_wconf 85' lang='lat' dir='ltr'><strong>causa</strong></span> <span class='ocrx_word' id='word_1_530' title='bbox 1325 3755 1438 3813; x_wconf 85' lang='lat' dir='ltr'><strong>est,</strong></span> <span class='ocrx_word' id='word_1_531' title='bbox 1476 3757 1640 3817; x_wconf 91' lang='lat' dir='ltr'><strong>prout</strong></span> <span class='ocrx_word' id='word_1_532' title='bbox 1667 3762 1986 3802; x_wconf 88' lang='lat' dir='ltr'><strong>communes</strong></span> <span class='ocrx_word' id='word_1_533' title='bbox 2025 3762 2158 3801; x_wconf 92' lang='lat' dir='ltr'><strong>con-</strong></span> 
     </span>
    </p>
   </div>
   <div class='ocr_carea' id='block_1_68' title="bbox 663 3954 2156 4029">
    <p class='ocr_par' dir='ltr' id='par_1_68' title="bbox 663 3954 2156 4029">
     <span class='ocr_line' id='line_1_68' title="bbox 663 3954 2156 4029; baseline 0.005 -21"><span class='ocrx_word' id='word_1_534' title='bbox 663 3954 983 4029; x_wconf 66' lang='lat' dir='ltr'><strong>(22)_Graeca</strong></span> <span class='ocrx_word' id='word_1_535' title='bbox 1005 3957 1219 4029; x_wconf 9' lang='lat' dir='ltr'><strong>rNicelze</strong></span> <span class='ocrx_word' id='word_1_536' title='bbox 1247 3960 1411 4015; x_wconf 88' lang='lat' dir='ltr'><strong>verba</strong></span> <span class='ocrx_word' id='word_1_537' title='bbox 1447 3961 1605 4014; x_wconf 92' lang='lat' dir='ltr'><strong>nobis</strong></span> <span class='ocrx_word' id='word_1_538' title='bbox 1634 3977 1743 4014; x_wconf 90' lang='lat' dir='ltr'><strong>non</strong></span> <span class='ocrx_word' id='word_1_539' title='bbox 1778 3971 1978 4028; x_wconf 68' lang='lat' dir='ltr'><strong>praesto</strong></span> <span class='ocrx_word' id='word_1_540' title='bbox 2009 3971 2156 4029; x_wconf 84' lang='lat' dir='ltr'><strong>sunt,</strong></span> 
     </span>
    </p>
   </div>
   <div class='ocr_carea' id='block_1_69' title="bbox 585 4027 2159 4106">
    <p class='ocr_par' dir='ltr' id='par_1_69' title="bbox 585 4027 2159 4106">
     <span class='ocr_line' id='line_1_69' title="bbox 585 4027 2159 4106; baseline 0.005 -28"><span class='ocrx_word' id='word_1_541' title='bbox 585 4040 650 4106; x_wconf 48' lang='lat' dir='ltr'><strong>es</strong></span> <span class='ocrx_word' id='word_1_542' title='bbox 680 4027 877 4106; x_wconf 68' lang='lat' dir='ltr'><strong>quibus</strong></span> <span class='ocrx_word' id='word_1_543' title='bbox 899 4028 1128 4106; x_wconf 73' lang='lat' dir='ltr'><strong>judicari</strong></span> <span class='ocrx_word' id='word_1_544' title='bbox 1161 4039 1342 4106; x_wconf 63' lang='lat' dir='ltr'><strong>quiest,</strong></span> <span class='ocrx_word' id='word_1_545' title='bbox 1370 4031 1501 4099; x_wconf 89' lang='lat' dir='ltr'><strong>quid</strong></span> <span class='ocrx_word' id='word_1_546' title='bbox 1533 4031 1634 4106; x_wconf 80' lang='lat' dir='ltr'><strong>ipsi</strong></span> <span class='ocrx_word' id='word_1_547' title='bbox 1659 4031 1730 4084; x_wconf 88' lang='lat' dir='ltr'><strong>sit</strong></span> <span class='ocrx_word' id='word_1_548' title='bbox 1759 4027 2159 4106; x_wconf 45' lang='lat' dir='ltr'><strong>[mem-incipit;</strong></span> 
     </span>
    </p>
   </div>
   <div class='ocr_carea' id='block_1_70' title="bbox 589 4091 2155 4173">
    <p class='ocr_par' dir='ltr' id='par_1_70' title="bbox 589 4091 2155 4173">
     <span class='ocr_line' id='line_1_70' title="bbox 589 4091 2155 4173; baseline 0.006 -27"><span class='ocrx_word' id='word_1_549' title='bbox 589 4091 712 4173; x_wconf 72' lang='lat' dir='ltr'><strong>liter</strong></span> <span class='ocrx_word' id='word_1_550' title='bbox 741 4091 1024 4173; x_wconf 44' lang='lat' dir='ltr'><strong>(enim;</strong></span> <span class='ocrx_word' id='word_1_551' title='bbox 1062 4091 1808 4173; x_wconf 24' lang='grc' dir='ltr'><strong>ἀρχρςειδῶξ,’κυρίῖυςλρις.).</strong></span> <span class='ocrx_word' id='word_1_552' title='bbox 1839 4091 1969 4173; x_wconf 67' lang='lat' dir='ltr'><strong>uiue</strong></span> <span class='ocrx_word' id='word_1_553' title='bbox 2004 4091 2155 4173; x_wconf 78' lang='lat' dir='ltr'><strong>llugo</strong></span> 
     </span>
    </p>
   </div>
   <div class='ocr_carea' id='block_1_71' title="bbox 588 4165 2156 4246">
    <p class='ocr_par' dir='ltr' id='par_1_71' title="bbox 588 4165 2156 4246">
     <span class='ocr_line' id='line_1_71' title="bbox 588 4165 2156 4246; baseline 0.004 -29"><span class='ocrx_word' id='word_1_554' title='bbox 588 4165 684 4246; x_wconf 66' lang='lat' dir='ltr'><strong>ait,</strong></span> <span class='ocrx_word' id='word_1_555' title='bbox 721 4165 893 4246; x_wconf 78' lang='lat' dir='ltr'><strong>prima</strong></span> <span class='ocrx_word' id='word_1_556' title='bbox 928 4165 1111 4246; x_wconf 70' lang='lat' dir='ltr'><strong>fronte</strong></span> <span class='ocrx_word' id='word_1_557' title='bbox 1133 4165 1679 4246; x_wconf 35' lang='lat' dir='ltr'><strong>sidenturncontraria</strong></span> <span class='ocrx_word' id='word_1_558' title='bbox 1718 4170 2038 4246; x_wconf 72' lang='lat' dir='ltr'><strong>Augustino,</strong></span> <span class='ocrx_word' id='word_1_559' title='bbox 2066 4165 2156 4246; x_wconf 56' lang='lat' dir='ltr'><strong>q&#39;ui</strong></span> 
     </span>
    </p>
   </div>
   <div class='ocr_carea' id='block_1_72' title="bbox 591 4236 2158 4308">
    <p class='ocr_par' dir='ltr' id='par_1_72' title="bbox 591 4236 2158 4308">
     <span class='ocr_line' id='line_1_72' title="bbox 591 4236 2158 4308; baseline 0.007 -22"><span class='ocrx_word' id='word_1_560' title='bbox 591 4236 854 4308; x_wconf 85' lang='lat' dir='ltr'><strong>Spiritum</strong></span> <span class='ocrx_word' id='word_1_561' title='bbox 884 4237 1256 4308; x_wconf 69' lang='lat' dir='ltr'><strong>principaliter</strong></span> <span class='ocrx_word' id='word_1_562' title='bbox 1287 4239 1354 4292; x_wconf 88' lang='lat' dir='ltr'><strong>de</strong></span> <span class='ocrx_word' id='word_1_563' title='bbox 1391 4237 1547 4292; x_wconf 87' lang='lat' dir='ltr'><strong>Patre</strong></span> <span class='ocrx_word' id='word_1_564' title='bbox 1578 4236 1872 4307; x_wconf 75' lang='lat' dir='ltr'><strong>procedere</strong></span> <span class='ocrx_word' id='word_1_565' title='bbox 1910 4236 2158 4297; x_wconf 47' lang='lat' dir='ltr'><strong>dixitfld</strong></span> 
     </span>
    </p>
   </div>
   <div class='ocr_carea' id='block_1_73' title="bbox 587 4306 2156 4379">
    <p class='ocr_par' dir='ltr' id='par_1_73' title="bbox 587 4306 2156 4379">
     <span class='ocr_line' id='line_1_73' title="bbox 587 4306 2156 4379; baseline 0.005 -22"><span class='ocrx_word' id='word_1_566' title='bbox 587 4313 769 4379; x_wconf 70' lang='lat' dir='ltr'><strong>tamen</strong></span> <span class='ocrx_word' id='word_1_567' title='bbox 813 4306 950 4379; x_wconf 88' lang='lat' dir='ltr'><strong>ipse_</strong></span> <span class='ocrx_word' id='word_1_568' title='bbox 974 4306 1337 4379; x_wconf 79' lang='lat' dir='ltr'><strong>llippouensis</strong></span> <span class='ocrx_word' id='word_1_569' title='bbox 1368 4306 1854 4379; x_wconf 23' lang='lat' dir='ltr'><strong>pnesul’exposuit</strong></span> <span class='ocrx_word' id='word_1_570' title='bbox 1897 4313 1980 4379; x_wconf 86' lang='lat' dir='ltr'><strong>(de</strong></span> <span class='ocrx_word' id='word_1_571' title='bbox 2014 4311 2156 4366; x_wconf 86' lang='lat' dir='ltr'><strong>Trin.</strong></span> 
     </span>
    </p>
   </div>
   <div class='ocr_carea' id='block_1_74' title="bbox 584 4376 2160 4449">
    <p class='ocr_par' dir='ltr' id='par_1_74' title="bbox 584 4376 2160 4449">
     <span class='ocr_line' id='line_1_74' title="bbox 584 4376 2160 4449; baseline 0.006 -23"><span class='ocrx_word' id='word_1_572' title='bbox 584 4376 829 4449; x_wconf 51' lang='lat' dir='ltr'><strong>3v,_l_&#39;l):</strong></span> <span class='ocrx_word' id='word_1_573' title='bbox 860 4396 886 4449; x_wconf 58' lang='grc' dir='ltr'>ε</span> <span class='ocrx_word' id='word_1_574' title='bbox 936 4376 1059 4449; x_wconf 80' lang='lat' dir='ltr'><strong>ideo</strong></span> <span class='ocrx_word' id='word_1_575' title='bbox 1099 4386 1281 4430; x_wconf 84' lang='lat' dir='ltr'><strong>autem</strong></span> <span class='ocrx_word' id='word_1_576' title='bbox 1322 4377 1505 4433; x_wconf 86' lang='lat' dir='ltr'><strong>addidi</strong></span> <span class='ocrx_word' id='word_1_577' title='bbox 1548 4376 1912 4448; x_wconf 73' lang='lat' dir='ltr'><strong>principaliter</strong></span> <span class='ocrx_word' id='word_1_578' title='bbox 1934 4381 2057 4449; x_wconf 88' lang='lat' dir='ltr'><strong>quia</strong></span> <span class='ocrx_word' id='word_1_579' title='bbox 2104 4392 2160 4436; x_wconf 90' lang='lat' dir='ltr'><strong>et</strong></span> 
     </span>
    </p>
   </div>
   <div class='ocr_carea' id='block_1_75' title="bbox 584 4443 2153 4519">
    <p class='ocr_par' dir='ltr' id='par_1_75' title="bbox 584 4443 2153 4519">
     <span class='ocr_line' id='line_1_75' title="bbox 584 4443 2153 4519; baseline 0.006 -24"><span class='ocrx_word' id='word_1_580' title='bbox 584 4446 652 4519; x_wconf 84' lang='lat' dir='ltr'><strong>de</strong></span> <span class='ocrx_word' id='word_1_581' title='bbox 688 4443 825 4500; x_wconf 87' lang='lat' dir='ltr'><strong>Filio</strong></span> <span class='ocrx_word' id='word_1_582' title='bbox 855 4446 1354 4519; x_wconf 80' lang='lat' dir='ltr'><strong>Spiritus_sanctus</strong></span> <span class='ocrx_word' id='word_1_583' title='bbox 1394 4443 1685 4519; x_wconf 78' lang='lat' dir='ltr'><strong>procedere</strong></span> <span class='ocrx_word' id='word_1_584' title='bbox 1719 4443 2023 4519; x_wconf 74' lang='lat' dir='ltr'><strong>reperitur;</strong></span> <span class='ocrx_word' id='word_1_585' title='bbox 2061 4452 2153 4505; x_wconf 90' lang='lat' dir='ltr'><strong>sed</strong></span> 
     </span>
    </p>
   </div>
   <div class='ocr_carea' id='block_1_76' title="bbox 2256 3281 3781 3353">
    <p class='ocr_par' dir='ltr' id='par_1_76' title="bbox 2256 3281 3781 3353">
     <span class='ocr_line' id='line_1_76' title="bbox 2256 3281 3781 3353; baseline -0.001 -18"><span class='ocrx_word' id='word_1_586' title='bbox 2256 3283 2382 3352; x_wconf 89' lang='lat' dir='ltr'><strong>quia</strong></span> <span class='ocrx_word' id='word_1_587' title='bbox 2426 3284 2704 3351; x_wconf 83' lang='lat' dir='ltr'><strong>generatio</strong></span> <span class='ocrx_word' id='word_1_588' title='bbox 2746 3293 2800 3338; x_wconf 90' lang='lat' dir='ltr'><strong>et</strong></span> <span class='ocrx_word' id='word_1_589' title='bbox 2833 3283 3112 3353; x_wconf 88' lang='lat' dir='ltr'><strong>processio</strong></span> <span class='ocrx_word' id='word_1_590' title='bbox 3144 3294 3272 3338; x_wconf 89' lang='lat' dir='ltr'><strong>sunt</strong></span> <span class='ocrx_word' id='word_1_591' title='bbox 3314 3284 3440 3339; x_wconf 76' lang='lat' dir='ltr'><strong>dua:</strong></span> <span class='ocrx_word' id='word_1_592' title='bbox 3483 3283 3699 3338; x_wconf 85' lang='lat' dir='ltr'><strong>actiones</strong></span> <span class='ocrx_word' id='word_1_593' title='bbox 3719 3281 3781 3335; x_wconf 88' lang='lat' dir='ltr'><strong>di-</strong></span> 
     </span>
    </p>
   </div>
   <div class='ocr_carea' id='block_1_77' title="bbox 2257 3374 3778 3446">
    <p class='ocr_par' dir='ltr' id='par_1_77' title="bbox 2257 3374 3778 3446">
     <span class='ocr_line' id='line_1_77' title="bbox 2257 3374 3778 3446; baseline -0.001 -20"><span class='ocrx_word' id='word_1_594' title='bbox 2257 3389 2448 3439; x_wconf 64' lang='lat' dir='ltr'><strong>versre,</strong></span> <span class='ocrx_word' id='word_1_595' title='bbox 2482 3383 2593 3428; x_wconf 91' lang='lat' dir='ltr'><strong>tum</strong></span> <span class='ocrx_word' id='word_1_596' title='bbox 2632 3375 2758 3445; x_wconf 90' lang='lat' dir='ltr'><strong>quia</strong></span> <span class='ocrx_word' id='word_1_597' title='bbox 2781 3375 2993 3445; x_wconf 87' lang='lat' dir='ltr'><strong>concipi</strong></span> <span class='ocrx_word' id='word_1_598' title='bbox 3023 3377 3217 3446; x_wconf 89' lang='lat' dir='ltr'><strong>nequit</strong></span> <span class='ocrx_word' id='word_1_599' title='bbox 3243 3375 3490 3446; x_wconf 87' lang='lat' dir='ltr'><strong>Spiritus</strong></span> <span class='ocrx_word' id='word_1_600' title='bbox 3526 3374 3670 3429; x_wconf 87' lang='lat' dir='ltr'><strong>simul</strong></span> <span class='ocrx_word' id='word_1_601' title='bbox 3687 3389 3778 3427; x_wconf 90' lang='lat' dir='ltr'><strong>cum</strong></span> 
     </span>
    </p>
   </div>
   <div class='ocr_carea' id='block_1_78' title="bbox 2258 3467 3782 3542">
    <p class='ocr_par' dir='ltr' id='par_1_78' title="bbox 2258 3467 3782 3542">
     <span class='ocr_line' id='line_1_78' title="bbox 2258 3467 3782 3542; baseline -0.004 -18"><span class='ocrx_word' id='word_1_602' title='bbox 2258 3469 2394 3526; x_wconf 89' lang='lat' dir='ltr'><strong>Filio</strong></span> <span class='ocrx_word' id='word_1_603' title='bbox 2447 3472 2776 3542; x_wconf 89' lang='lat' dir='ltr'><strong>procedens,</strong></span> <span class='ocrx_word' id='word_1_604' title='bbox 2820 3473 2916 3528; x_wconf 90' lang='lat' dir='ltr'><strong>sed</strong></span> <span class='ocrx_word' id='word_1_605' title='bbox 2954 3472 3168 3541; x_wconf 67' lang='grc' dir='ltr'><strong>(δοιιοίβί</strong></span> <span class='ocrx_word' id='word_1_606' title='bbox 3214 3471 3384 3526; x_wconf 90' lang='lat' dir='ltr'><strong>debet</strong></span> <span class='ocrx_word' id='word_1_607' title='bbox 3433 3467 3782 3541; x_wconf 83' lang='lat' dir='ltr'><strong>generationem</strong></span> 
     </span>
    </p>
   </div>
   <div class='ocr_carea' id='block_1_79' title="bbox 2259 3561 3784 3634">
    <p class='ocr_par' dir='ltr' id='par_1_79' title="bbox 2259 3561 3784 3634">
     <span class='ocr_line' id='line_1_79' title="bbox 2259 3561 3784 3634; baseline -0.005 -19"><span class='ocrx_word' id='word_1_608' title='bbox 2259 3577 2494 3632; x_wconf 90' lang='lat' dir='ltr'><strong>sequens</strong></span> <span class='ocrx_word' id='word_1_609' title='bbox 2527 3580 2589 3618; x_wconf 90' lang='lat' dir='ltr'><strong>ac</strong></span> <span class='ocrx_word' id='word_1_610' title='bbox 2628 3579 3056 3634; x_wconf 72' lang='lat' dir='ltr'><strong>praesupponens</strong></span> <span class='ocrx_word' id='word_1_611' title='bbox 3089 3563 3390 3634; x_wconf 89' lang='lat' dir='ltr'><strong>processio.</strong></span> <span class='ocrx_word' id='word_1_612' title='bbox 3432 3561 3582 3627; x_wconf 82' lang='lat' dir='ltr'><strong>Quod</strong></span> <span class='ocrx_word' id='word_1_613' title='bbox 3619 3569 3784 3626; x_wconf 90' lang='lat' dir='ltr'><strong>tempus</strong></span> 
     </span>
    </p>
   </div>
   <div class='ocr_carea' id='block_1_80' title="bbox 2259 3650 3785 3728">
    <p class='ocr_par' dir='ltr' id='par_1_80' title="bbox 2259 3650 3785 3728">
     <span class='ocr_line' id='line_1_80' title="bbox 2259 3650 3785 3728; baseline -0.005 -22"><span class='ocrx_word' id='word_1_614' title='bbox 2259 3669 2367 3706; x_wconf 90' lang='lat' dir='ltr'><strong>non</strong></span> <span class='ocrx_word' id='word_1_615' title='bbox 2425 3656 2618 3710; x_wconf 83' lang='lat' dir='ltr'><strong>dividit</strong></span> <span class='ocrx_word' id='word_1_616' title='bbox 2671 3657 2811 3709; x_wconf 87' lang='lat' dir='ltr'><strong>inter</strong></span> <span class='ocrx_word' id='word_1_617' title='bbox 2852 3655 3253 3728; x_wconf 82' lang='lat' dir='ltr'><strong>generationem</strong></span> <span class='ocrx_word' id='word_1_618' title='bbox 3311 3664 3368 3709; x_wconf 87' lang='lat' dir='ltr'><strong>et</strong></span> <span class='ocrx_word' id='word_1_619' title='bbox 3417 3650 3785 3723; x_wconf 82' lang='lat' dir='ltr'><strong>processiouem,</strong></span> 
     </span>
    </p>
   </div>
   <div class='ocr_carea' id='block_1_81' title="bbox 2261 3740 3786 3818">
    <p class='ocr_par' dir='ltr' id='par_1_81' title="bbox 2261 3740 3786 3818">
     <span class='ocr_line' id='line_1_81' title="bbox 2261 3740 3786 3818; baseline -0.006 -18"><span class='ocrx_word' id='word_1_620' title='bbox 2261 3747 2313 3800; x_wconf 91' lang='lat' dir='ltr'><strong>id</strong></span> <span class='ocrx_word' id='word_1_621' title='bbox 2360 3763 2494 3802; x_wconf 89' lang='lat' dir='ltr'><strong>sane</strong></span> <span class='ocrx_word' id='word_1_622' title='bbox 2542 3748 2758 3803; x_wconf 81' lang='lat' dir='ltr'><strong>efﬁcere</strong></span> <span class='ocrx_word' id='word_1_623' title='bbox 2787 3748 3001 3818; x_wconf 88' lang='lat' dir='ltr'><strong>nequit,</strong></span> <span class='ocrx_word' id='word_1_624' title='bbox 3029 3756 3088 3801; x_wconf 89' lang='lat' dir='ltr'><strong>ut</strong></span> <span class='ocrx_word' id='word_1_625' title='bbox 3114 3746 3388 3801; x_wconf 88' lang='lat' dir='ltr'><strong>terminus</strong></span> <span class='ocrx_word' id='word_1_626' title='bbox 3427 3747 3582 3799; x_wconf 90' lang='lat' dir='ltr'><strong>unius</strong></span> <span class='ocrx_word' id='word_1_627' title='bbox 3603 3740 3786 3796; x_wconf 86' lang='lat' dir='ltr'><strong>actionis</strong></span> 
     </span>
    </p>
   </div>
   <div class='ocr_carea' id='block_1_82' title="bbox 2260 3959 3787 4032">
    <p class='ocr_par' dir='ltr' id='par_1_82' title="bbox 2260 3959 3787 4032">
     <span class='ocr_line' id='line_1_82' title="bbox 2260 3959 3787 4032; baseline -0.004 -16"><span class='ocrx_word' id='word_1_628' title='bbox 2260 3963 2554 4032; x_wconf 84' lang='lat' dir='ltr'><strong>cultatetn,</strong></span> <span class='ocrx_word' id='word_1_629' title='bbox 2602 3961 2862 4032; x_wconf 62' lang='lat' dir='ltr'><strong>Spiritum</strong></span> <span class='ocrx_word' id='word_1_630' title='bbox 2927 3969 3179 4017; x_wconf 88' lang='lat' dir='ltr'><strong>sanctum</strong></span> <span class='ocrx_word' id='word_1_631' title='bbox 3239 3963 3416 4032; x_wconf 83' lang='lat' dir='ltr'><strong>magis</strong></span> <span class='ocrx_word' id='word_1_632' title='bbox 3473 3959 3787 4032; x_wconf 44' lang='lat' dir='ltr'><strong>procedere}</strong></span> 
     </span>
    </p>
   </div>
   <div class='ocr_carea' id='block_1_83' title="bbox 2259 4023 3790 4107">
    <p class='ocr_par' dir='ltr' id='par_1_83' title="bbox 2259 4023 3790 4107">
     <span class='ocr_line' id='line_1_83' title="bbox 2259 4023 3790 4107; baseline 0.001 -23"><span class='ocrx_word' id='word_1_633' title='bbox 2259 4031 2438 4107; x_wconf 67' lang='lat' dir='ltr'><strong>Patre,</strong></span> <span class='ocrx_word' id='word_1_634' title='bbox 2472 4023 2697 4107; x_wconf 59' lang='lat' dir='ltr'><strong>quam&#39;a</strong></span> <span class='ocrx_word' id='word_1_635' title='bbox 2739 4029 2995 4107; x_wconf 45' lang='lat' dir='ltr'><strong>[inmite</strong></span> <span class='ocrx_word' id='word_1_636' title='bbox 3031 4023 3545 4107; x_wconf 35' lang='lat' dir='ltr'><strong>resppndet&#39;tSu‘in.</strong></span> <span class='ocrx_word' id='word_1_637' title='bbox 3578 4031 3624 4083; x_wconf 84' lang='grc'><strong>1.</strong></span> <span class='ocrx_word' id='word_1_638' title='bbox 3653 4023 3790 4107; x_wconf 51' lang='grc' dir='ltr'><strong>ψηὸὃν</strong></span> 
     </span>
    </p>
   </div>
   <div class='ocr_carea' id='block_1_84' title="bbox 2259 4099 3792 4170">
    <p class='ocr_par' dir='ltr' id='par_1_84' title="bbox 2259 4099 3792 4170">
     <span class='ocr_line' id='line_1_84' title="bbox 2259 4099 3792 4170; baseline -0.007 -15"><span class='ocrx_word' id='word_1_639' title='bbox 2259 4119 2289 4155; x_wconf 85' lang='lat' dir='ltr'><strong>a</strong></span> <span class='ocrx_word' id='word_1_640' title='bbox 2334 4103 2386 4155; x_wconf 82' lang='grc'><strong>5.</strong></span> <span class='ocrx_word' id='word_1_641' title='bbox 2435 4099 2503 4156; x_wconf 84' lang='lat' dir='ltr'><strong>ad</strong></span> <span class='ocrx_word' id='word_1_642' title='bbox 2543 4103 2638 4165; x_wconf 74' lang='lat'><strong>2):</strong></span> <span class='ocrx_word' id='word_1_643' title='bbox 2679 4121 2696 4152; x_wconf 74' lang='grc' dir='ltr'>ι</span> <span class='ocrx_word' id='word_1_644' title='bbox 2746 4102 2802 4156; x_wconf 90' lang='lat' dir='ltr'><strong>Si</strong></span> <span class='ocrx_word' id='word_1_645' title='bbox 2845 4101 3014 4156; x_wconf 87' lang='lat' dir='ltr'><strong>Filius</strong></span> <span class='ocrx_word' id='word_1_646' title='bbox 3056 4102 3331 4170; x_wconf 87' lang='lat' dir='ltr'><strong>acciperet</strong></span> <span class='ocrx_word' id='word_1_647' title='bbox 3364 4117 3394 4154; x_wconf 88' lang='lat' dir='ltr'><strong>a</strong></span> <span class='ocrx_word' id='word_1_648' title='bbox 3451 4100 3629 4156; x_wconf 85' lang='lat' dir='ltr'><strong>Patre.</strong></span> <span class='ocrx_word' id='word_1_649' title='bbox 3662 4099 3792 4150; x_wconf 73' lang='lat' dir='ltr'><strong>aliam</strong></span> 
     </span>
    </p>
   </div>
   <div class='ocr_carea' id='block_1_85' title="bbox 2262 4170 3791 4241">
    <p class='ocr_par' dir='ltr' id='par_1_85' title="bbox 2262 4170 3791 4241">
     <span class='ocr_line' id='line_1_85' title="bbox 2262 4170 3791 4241; baseline -0.005 -17"><span class='ocrx_word' id='word_1_650' title='bbox 2262 4189 2475 4226; x_wconf 84' lang='lat' dir='ltr'><strong>numero</strong></span> <span class='ocrx_word' id='word_1_651' title='bbox 2511 4173 2750 4226; x_wconf 75' lang='lat' dir='ltr'><strong>virtutem</strong></span> <span class='ocrx_word' id='word_1_652' title='bbox 2793 4174 2858 4226; x_wconf 84' lang='lat' dir='ltr'><strong>ad</strong></span> <span class='ocrx_word' id='word_1_653' title='bbox 2897 4171 3213 4241; x_wconf 89' lang='lat' dir='ltr'><strong>spirandum</strong></span> <span class='ocrx_word' id='word_1_654' title='bbox 3261 4170 3529 4240; x_wconf 90' lang='lat' dir='ltr'><strong>Spiritum</strong></span> <span class='ocrx_word' id='word_1_655' title='bbox 3567 4177 3791 4224; x_wconf 83' lang='lat' dir='ltr'><strong>sanctum,</strong></span> 
     </span>
    </p>
   </div>
   <div class='ocr_carea' id='block_1_86' title="bbox 2260 4241 3794 4311">
    <p class='ocr_par' dir='ltr' id='par_1_86' title="bbox 2260 4241 3794 4311">
     <span class='ocr_line' id='line_1_86' title="bbox 2260 4241 3794 4311; baseline -0.006 -17"><span class='ocrx_word' id='word_1_656' title='bbox 2260 4251 2600 4310; x_wconf 86' lang='lat' dir='ltr'><strong>sequeretur.</strong></span> <span class='ocrx_word' id='word_1_657' title='bbox 2627 4259 2770 4311; x_wconf 64' lang='lat' dir='ltr'><strong>quod</strong></span> <span class='ocrx_word' id='word_1_658' title='bbox 2802 4250 2950 4297; x_wconf 87' lang='lat' dir='ltr'><strong>esset</strong></span> <span class='ocrx_word' id='word_1_659' title='bbox 2973 4256 3136 4295; x_wconf 81' lang='lat' dir='ltr'><strong>causa</strong></span> <span class='ocrx_word' id='word_1_660' title='bbox 3159 4242 3409 4311; x_wconf 78' lang='lat' dir='ltr'><strong>secunda</strong></span> <span class='ocrx_word' id='word_1_661' title='bbox 3429 4251 3485 4294; x_wconf 86' lang='lat' dir='ltr'><strong>et</strong></span> <span class='ocrx_word' id='word_1_662' title='bbox 3509 4241 3794 4311; x_wconf 63' lang='lat' dir='ltr'><strong>instrumen-</strong></span> 
     </span>
    </p>
   </div>
   <div class='ocr_carea' id='block_1_87' title="bbox 2263 4305 3791 4384">
    <p class='ocr_par' dir='ltr' id='par_1_87' title="bbox 2263 4305 3791 4384">
     <span class='ocr_line' id='line_1_87' title="bbox 2263 4305 3791 4384; baseline -0.006 -21"><span class='ocrx_word' id='word_1_663' title='bbox 2263 4305 2402 4384; x_wconf 62' lang='lat' dir='ltr'><strong>tzilis,</strong></span> <span class='ocrx_word' id='word_1_664' title='bbox 2430 4321 2484 4366; x_wconf 89' lang='lat' dir='ltr'><strong>et</strong></span> <span class='ocrx_word' id='word_1_665' title='bbox 2518 4314 2595 4367; x_wconf 90' lang='lat' dir='ltr'><strong>sic</strong></span> <span class='ocrx_word' id='word_1_666' title='bbox 2623 4305 2792 4382; x_wconf 81' lang='lat' dir='ltr'><strong>magis</strong></span> <span class='ocrx_word' id='word_1_667' title='bbox 2814 4312 3132 4382; x_wconf 86' lang='lat' dir='ltr'><strong>procederet</strong></span> <span class='ocrx_word' id='word_1_668' title='bbox 3156 4326 3184 4384; x_wconf 82' lang='lat' dir='ltr'><strong>a</strong></span> <span class='ocrx_word' id='word_1_669' title='bbox 3219 4309 3591 4384; x_wconf 78' lang='lat' dir='ltr'><strong>Patre,_quaui</strong></span> <span class='ocrx_word' id='word_1_670' title='bbox 3617 4324 3643 4361; x_wconf 90' lang='lat' dir='ltr'><strong>a</strong></span> <span class='ocrx_word' id='word_1_671' title='bbox 3667 4305 3791 4384; x_wconf 71' lang='lat' dir='ltr'><strong>Filip.</strong></span> 
     </span>
    </p>
   </div>
   <div class='ocr_carea' id='block_1_88' title="bbox 2261 4379 3794 4446">
    <p class='ocr_par' dir='ltr' id='par_1_88' title="bbox 2261 4379 3794 4446">
     <span class='ocr_line' id='line_1_88' title="bbox 2261 4379 3794 4446; baseline -0.005 -12"><span class='ocrx_word' id='word_1_672' title='bbox 2261 4379 2366 4435; x_wconf 86' lang='lat' dir='ltr'><strong>Sed</strong></span> <span class='ocrx_word' id='word_1_673' title='bbox 2414 4398 2517 4434; x_wconf 88' lang='lat' dir='ltr'><strong>una</strong></span> <span class='ocrx_word' id='word_1_674' title='bbox 2557 4392 2605 4435; x_wconf 88' lang='lat' dir='ltr'><strong>et</strong></span> <span class='ocrx_word' id='word_1_675' title='bbox 2646 4379 2826 4436; x_wconf 70' lang='lat' dir='ltr'><strong>eadem</strong></span> <span class='ocrx_word' id='word_1_676' title='bbox 2861 4398 3078 4435; x_wconf 80' lang='lat' dir='ltr'><strong>numero</strong></span> <span class='ocrx_word' id='word_1_677' title='bbox 3128 4382 3295 4433; x_wconf 87' lang='lat' dir='ltr'><strong>virtus</strong></span> <span class='ocrx_word' id='word_1_678' title='bbox 3341 4381 3603 4446; x_wconf 84' lang='lat' dir='ltr'><strong>spiratiua</strong></span> <span class='ocrx_word' id='word_1_679' title='bbox 3648 4385 3715 4430; x_wconf 85' lang='lat' dir='ltr'><strong>est</strong></span> <span class='ocrx_word' id='word_1_680' title='bbox 3753 4379 3794 4426; x_wconf 88' lang='lat' dir='ltr'><strong>in</strong></span> 
     </span>
    </p>
   </div>
   <div class='ocr_carea' id='block_1_89' title="bbox 2263 4449 3795 4522">
    <p class='ocr_par' dir='ltr' id='par_1_89' title="bbox 2263 4449 3795 4522">
     <span class='ocr_line' id='line_1_89' title="bbox 2263 4449 3795 4522; baseline -0.006 -17"><span class='ocrx_word' id='word_1_681' title='bbox 2263 4449 2422 4522; x_wconf 79' lang='lat' dir='ltr'><strong>Patre</strong></span> <span class='ocrx_word' id='word_1_682' title='bbox 2463 4461 2528 4522; x_wconf 80' lang='lat' dir='ltr'><strong>et</strong></span> <span class='ocrx_word' id='word_1_683' title='bbox 2552 4451 2715 4517; x_wconf 85' lang='lat' dir='ltr'><strong>Filio;</strong></span> <span class='ocrx_word' id='word_1_684' title='bbox 2748 4453 2869 4506; x_wconf 86' lang='lat' dir='ltr'><strong>ideo</strong></span> <span class='ocrx_word' id='word_1_685' title='bbox 2901 4451 3176 4522; x_wconf 77' lang='lat' dir='ltr'><strong>a-qualiter</strong></span> <span class='ocrx_word' id='word_1_686' title='bbox 3199 4452 3455 4522; x_wconf 82' lang='lat' dir='ltr'><strong>procedit</strong></span> <span class='ocrx_word' id='word_1_687' title='bbox 3482 4450 3795 4522; x_wconf 77' lang='lat' dir='ltr'><strong>ab_utroque.</strong></span> 
     </span>
    </p>
   </div>
   <div class='ocr_carea' id='block_1_90' title="bbox 581 4514 3797 4591">
    <p class='ocr_par' dir='ltr' id='par_1_90' title="bbox 581 4514 3797 4591">
     <span class='ocr_line' id='line_1_90' title="bbox 581 4514 3797 4591; baseline 0.002 -27"><span class='ocrx_word' id='word_1_688' title='bbox 581 4514 678 4568; x_wconf 73' lang='lat' dir='ltr'><strong>hoc</strong></span> <span class='ocrx_word' id='word_1_689' title='bbox 718 4514 922 4591; x_wconf 74' lang='lat' dir='ltr'><strong>quoque</strong></span> <span class='ocrx_word' id='word_1_690' title='bbox 954 4516 1046 4591; x_wconf 66' lang='lat' dir='ltr'><strong>illi</strong></span> <span class='ocrx_word' id='word_1_691' title='bbox 1089 4514 1462 4591; x_wconf 66' lang='lat' dir='ltr'><strong>Patrraedit,</strong></span> <span class='ocrx_word' id='word_1_692' title='bbox 1500 4535 1608 4591; x_wconf 86' lang='lat' dir='ltr'><strong>non</strong></span> <span class='ocrx_word' id='word_1_693' title='bbox 1633 4518 1743 4591; x_wconf 68' lang='lat' dir='ltr'><strong>jam</strong></span> <span class='ocrx_word' id='word_1_694' title='bbox 1782 4514 2064 4591; x_wconf 68' lang='lat' dir='ltr'><strong>exsistenti</strong></span> <span class='ocrx_word' id='word_1_695' title='bbox 2099 4531 2154 4576; x_wconf 88' lang='lat' dir='ltr'><strong>et</strong></span> <span class='ocrx_word' id='word_1_696' title='bbox 2189 4520 2231 4575; x_wconf 92' lang='lat' dir='ltr'><strong>D</strong></span> <span class='ocrx_word' id='word_1_697' title='bbox 2261 4519 2412 4575; x_wconf 87' lang='lat' dir='ltr'><strong>Licet</strong></span> <span class='ocrx_word' id='word_1_698' title='bbox 2463 4514 2753 4590; x_wconf 84' lang='lat' dir='ltr'><strong>aliquando</strong></span> <span class='ocrx_word' id='word_1_699' title='bbox 2810 4514 3024 4576; x_wconf 74' lang='lat' dir='ltr'><strong>dicatur</strong></span> <span class='ocrx_word' id='word_1_700' title='bbox 3070 4514 3446 4591; x_wconf 70' lang='lat' dir='ltr'><strong>principaliter</strong></span> <span class='ocrx_word' id='word_1_701' title='bbox 3493 4519 3597 4591; x_wconf 71' lang='lat' dir='ltr'><strong>vel</strong></span> <span class='ocrx_word' id='word_1_702' title='bbox 3627 4514 3797 4591; x_wconf 72' lang='lat' dir='ltr'><strong>proprie</strong></span> 
     </span>
    </p>
   </div>
   <div class='ocr_carea' id='block_1_91' title="bbox 585 4586 2155 4660">
    <p class='ocr_par' dir='ltr' id='par_1_91' title="bbox 585 4586 2155 4660">
     <span class='ocr_line' id='line_1_91' title="bbox 585 4586 2155 4660; baseline 0.007 -25"><span class='ocrx_word' id='word_1_703' title='bbox 585 4586 1281 4660; x_wconf 74' lang='lat' dir='ltr'><strong>nondunI_lial)ei_iti;_sed</strong></span> <span class='ocrx_word' id='word_1_704' title='bbox 1328 4588 1590 4660; x_wconf 85' lang='lat' dir='ltr'><strong>quidquid</strong></span> <span class='ocrx_word' id='word_1_705' title='bbox 1640 4589 1927 4660; x_wconf 89' lang='lat' dir='ltr'><strong>Unigenito</strong></span> <span class='ocrx_word' id='word_1_706' title='bbox 1977 4589 2155 4646; x_wconf 86' lang='lat' dir='ltr'><strong>Verbo</strong></span> 
     </span>
    </p>
   </div>
   <div class='ocr_carea' id='block_1_92' title="bbox 583 4650 2157 4729">
    <p class='ocr_par' dir='ltr' id='par_1_92' title="bbox 583 4650 2157 4729">
     <span class='ocr_line' id='line_1_92' title="bbox 583 4650 2157 4729; baseline 0.004 -22"><span class='ocrx_word' id='word_1_707' title='bbox 583 4650 764 4729; x_wconf 81' lang='lat' dir='ltr'><strong>dedit,</strong></span> <span class='ocrx_word' id='word_1_708' title='bbox 801 4655 1081 4729; x_wconf 71' lang='lat' dir='ltr'><strong>gignendo</strong></span> <span class='ocrx_word' id='word_1_709' title='bbox 1132 4655 1297 4710; x_wconf 89' lang='lat' dir='ltr'><strong>dedit.</strong></span> <span class='ocrx_word' id='word_1_710' title='bbox 1347 4650 1441 4712; x_wconf 82' lang='lat' dir='ltr'><strong>Sic</strong></span> <span class='ocrx_word' id='word_1_711' title='bbox 1481 4650 1616 4729; x_wconf 73' lang='lat' dir='ltr'><strong>ergo</strong></span> <span class='ocrx_word' id='word_1_712' title='bbox 1662 4650 1784 4714; x_wconf 71' lang='lat' dir='ltr'><strong>eum</strong></span> <span class='ocrx_word' id='word_1_713' title='bbox 1839 4661 2060 4728; x_wconf 81' lang='lat' dir='ltr'><strong>genuit,</strong></span> <span class='ocrx_word' id='word_1_714' title='bbox 2097 4668 2157 4714; x_wconf 85' lang='lat' dir='ltr'><strong>ut</strong></span> 
     </span>
    </p>
   </div>
   <div class='ocr_carea' id='block_1_93' title="bbox 579 4724 2155 4799">
    <p class='ocr_par' dir='ltr' id='par_1_93' title="bbox 579 4724 2155 4799">
     <span class='ocr_line' id='line_1_93' title="bbox 579 4724 2155 4799; baseline 0.006 -23"><span class='ocrx_word' id='word_1_715' title='bbox 579 4724 744 4799; x_wconf 78' lang='lat' dir='ltr'><strong>etiam</strong></span> <span class='ocrx_word' id='word_1_716' title='bbox 783 4724 850 4779; x_wconf 81' lang='lat' dir='ltr'><strong>(le</strong></span> <span class='ocrx_word' id='word_1_717' title='bbox 891 4725 982 4778; x_wconf 92' lang='lat' dir='ltr'><strong>illo</strong></span> <span class='ocrx_word' id='word_1_718' title='bbox 1023 4726 1216 4779; x_wconf 86' lang='lat' dir='ltr'><strong>donum</strong></span> <span class='ocrx_word' id='word_1_719' title='bbox 1255 4743 1522 4782; x_wconf 83' lang='lat' dir='ltr'><strong>commune</strong></span> <span class='ocrx_word' id='word_1_720' title='bbox 1554 4724 1886 4799; x_wconf 58' lang='lat' dir='ltr'><strong>&#39;prOCederet</strong></span> <span class='ocrx_word' id='word_1_721' title='bbox 1929 4739 1984 4784; x_wconf 89' lang='lat' dir='ltr'><strong>et</strong></span> <span class='ocrx_word' id='word_1_722' title='bbox 2028 4730 2155 4799; x_wconf 90' lang='lat' dir='ltr'><strong>Spi-</strong></span> 
     </span>
    </p>
   </div>
   <div class='ocr_carea' id='block_1_94' title="bbox 583 4793 2156 4869">
    <p class='ocr_par' dir='ltr' id='par_1_94' title="bbox 583 4793 2156 4869">
     <span class='ocr_line' id='line_1_94' title="bbox 583 4793 2156 4869; baseline 0.007 -25"><span class='ocrx_word' id='word_1_723' title='bbox 583 4793 723 4869; x_wconf 80' lang='lat' dir='ltr'><strong>ritus</strong></span> <span class='ocrx_word' id='word_1_724' title='bbox 767 4804 998 4869; x_wconf 80' lang='lat' dir='ltr'><strong>sanctus</strong></span> <span class='ocrx_word' id='word_1_725' title='bbox 1046 4805 1193 4869; x_wconf 80' lang='lat' dir='ltr'><strong>esset</strong></span> <span class='ocrx_word' id='word_1_726' title='bbox 1238 4799 1542 4869; x_wconf 84' lang='lat' dir='ltr'><strong>amborum.</strong></span> <span class='ocrx_word' id='word_1_727' title='bbox 1568 4793 1610 4850; x_wconf 70' lang='grc' dir='ltr'><strong><em>ἰ</em></strong></span> <span class='ocrx_word' id='word_1_728' title='bbox 1666 4799 1982 4854; x_wconf 83' lang='lat' dir='ltr'><strong>Declaratur</strong></span> <span class='ocrx_word' id='word_1_729' title='bbox 2026 4793 2156 4869; x_wconf 76' lang='lat' dir='ltr'><strong>ergo</strong></span> 
     </span>
    </p>
   </div>
   <div class='ocr_carea' id='block_1_95' title="bbox 579 4865 2156 4939">
    <p class='ocr_par' dir='ltr' id='par_1_95' title="bbox 579 4865 2156 4939">
     <span class='ocr_line' id='line_1_95' title="bbox 579 4865 2156 4939; baseline 0.004 -24"><span class='ocrx_word' id='word_1_730' title='bbox 579 4865 725 4931; x_wconf 86' lang='lat' dir='ltr'><strong>apud</strong></span> <span class='ocrx_word' id='word_1_731' title='bbox 753 4865 1561 4939; x_wconf 71' lang='lat' dir='ltr'><strong>Aug._adver_bio_principaliter</strong></span> <span class='ocrx_word' id='word_1_732' title='bbox 1581 4873 1742 4926; x_wconf 86' lang='lat' dir='ltr'><strong>Pater</strong></span> <span class='ocrx_word' id='word_1_733' title='bbox 1767 4878 1824 4922; x_wconf 93' lang='lat' dir='ltr'><strong>ut</strong></span> <span class='ocrx_word' id='word_1_734' title='bbox 1851 4870 1998 4922; x_wconf 77' lang='lat' dir='ltr'><strong>atria</strong></span> <span class='ocrx_word' id='word_1_735' title='bbox 2024 4865 2156 4939; x_wconf 61' lang='grc' dir='ltr'><strong>πρὶ-</strong></span> 
     </span>
    </p>
   </div>
   <div class='ocr_carea' id='block_1_96' title="bbox 581 4934 2151 5008">
    <p class='ocr_par' dir='ltr' id='par_1_96' title="bbox 581 4934 2151 5008">
     <span class='ocr_line' id='line_1_96' title="bbox 581 4934 2151 5008; baseline 0.006 -25"><span class='ocrx_word' id='word_1_736' title='bbox 581 4934 944 5008; x_wconf 59' lang='grc' dir='ltr'><strong>ξεᾳταρκτικὴ,</strong></span> <span class='ocrx_word' id='word_1_737' title='bbox 979 4936 1122 5008; x_wconf 85' lang='lat' dir='ltr'><strong>unde</strong></span> <span class='ocrx_word' id='word_1_738' title='bbox 1150 4934 1287 5008; x_wconf 78' lang='lat' dir='ltr'><strong>Filio</strong></span> <span class='ocrx_word' id='word_1_739' title='bbox 1318 4934 1395 4992; x_wconf 82' lang='lat' dir='ltr'><strong>vis</strong></span> <span class='ocrx_word' id='word_1_740' title='bbox 1423 4939 1672 5008; x_wconf 84' lang='lat' dir='ltr'><strong>spiratrix</strong></span> <span class='ocrx_word' id='word_1_741' title='bbox 1700 4934 2151 5008; x_wconf 70' lang='lat' dir='ltr'><strong>communicatur.</strong></span> 
     </span>
    </p>
   </div>
   <div class='ocr_carea' id='block_1_97' title="bbox 581 5000 2154 5077">
    <p class='ocr_par' dir='ltr' id='par_1_97' title="bbox 581 5000 2154 5077">
     <span class='ocr_line' id='line_1_97' title="bbox 581 5000 2154 5077; baseline 0.006 -24"><span class='ocrx_word' id='word_1_742' title='bbox 581 5000 1154 5077; x_wconf 53' lang='lat' dir='ltr'><strong>lline&#39;etA&#39;nselmus</strong></span> <span class='ocrx_word' id='word_1_743' title='bbox 1197 5000 1466 5062; x_wconf 51' lang='lat' dir='ltr'><strong>Cantuar:</strong></span> <span class='ocrx_word' id='word_1_744' title='bbox 1501 5010 1559 5076; x_wconf 87' lang='grc' dir='ltr'><strong>(Ι.</strong></span> <span class='ocrx_word' id='word_1_745' title='bbox 1602 5012 1722 5077; x_wconf 90' lang='lat' dir='ltr'><strong>c.):</strong></span> <span class='ocrx_word' id='word_1_746' title='bbox 1765 5027 1783 5058; x_wconf 77' lang='grc' dir='ltr'>ι</span> <span class='ocrx_word' id='word_1_747' title='bbox 1837 5007 1892 5061; x_wconf 93' lang='lat' dir='ltr'><strong>Si</strong></span> <span class='ocrx_word' id='word_1_748' title='bbox 1936 5009 2154 5069; x_wconf 87' lang='lat' dir='ltr'><strong>dicitur.</strong></span> 
     </span>
    </p>
   </div>
   <div class='ocr_carea' id='block_1_98' title="bbox 578 5072 2154 5147">
    <p class='ocr_par' dir='ltr' id='par_1_98' title="bbox 578 5072 2154 5147">
     <span class='ocr_line' id='line_1_98' title="bbox 578 5072 2154 5147; baseline 0.006 -23"><span class='ocrx_word' id='word_1_749' title='bbox 578 5073 723 5147; x_wconf 68' lang='lat' dir='ltr'><strong>quod</strong></span> <span class='ocrx_word' id='word_1_750' title='bbox 755 5072 989 5147; x_wconf 72' lang='lat' dir='ltr'><strong>Spiritus</strong></span> <span class='ocrx_word' id='word_1_751' title='bbox 1019 5085 1241 5130; x_wconf 88' lang='lat' dir='ltr'><strong>sanctus</strong></span> <span class='ocrx_word' id='word_1_752' title='bbox 1277 5072 1710 5147; x_wconf 43' lang='lat' dir='ltr'><strong>principaliter&#39;a</strong></span> <span class='ocrx_word' id='word_1_753' title='bbox 1729 5078 1902 5147; x_wconf 80' lang='lat' dir='ltr'><strong>Patre</strong></span> <span class='ocrx_word' id='word_1_754' title='bbox 1926 5078 2016 5141; x_wconf 91' lang='lat' dir='ltr'><strong>sit,</strong></span> <span class='ocrx_word' id='word_1_755' title='bbox 2043 5095 2154 5134; x_wconf 91' lang='lat' dir='ltr'><strong>non</strong></span> 
     </span>
    </p>
   </div>
   <div class='ocr_carea' id='block_1_99' title="bbox 580 5141 2156 5224">
    <p class='ocr_par' dir='ltr' id='par_1_99' title="bbox 580 5141 2156 5224">
     <span class='ocr_line' id='line_1_99' title="bbox 580 5141 2156 5224; baseline 0.006 -30"><span class='ocrx_word' id='word_1_756' title='bbox 580 5141 729 5224; x_wconf 48' lang='lat' dir='ltr'><strong>aliud</strong></span> <span class='ocrx_word' id='word_1_757' title='bbox 769 5144 1123 5224; x_wconf 75' lang='lat' dir='ltr'><strong>significatur.</strong></span> <span class='ocrx_word' id='word_1_758' title='bbox 1155 5141 1316 5224; x_wconf 84' lang='lat' dir='ltr'><strong>quam</strong></span> <span class='ocrx_word' id='word_1_759' title='bbox 1339 5141 1488 5224; x_wconf 36' lang='lat' dir='ltr'><strong>“quia</strong></span> <span class='ocrx_word' id='word_1_760' title='bbox 1529 5150 1655 5224; x_wconf 82' lang='lat' dir='ltr'><strong>_ip_se</strong></span> <span class='ocrx_word' id='word_1_761' title='bbox 1697 5146 1898 5224; x_wconf 56' lang='lat' dir='ltr'><strong>Pilius,</strong></span> <span class='ocrx_word' id='word_1_762' title='bbox 1934 5149 2001 5202; x_wconf 92' lang='lat' dir='ltr'><strong>de</strong></span> <span class='ocrx_word' id='word_1_763' title='bbox 2046 5165 2156 5218; x_wconf 91' lang='lat' dir='ltr'><strong>quo</strong></span> 
     </span>
    </p>
   </div>
   <div class='ocr_carea' id='block_1_100' title="bbox 578 5209 2157 5287">
    <p class='ocr_par' dir='ltr' id='par_1_100' title="bbox 578 5209 2157 5287">
     <span class='ocr_line' id='line_1_100' title="bbox 578 5209 2157 5287; baseline 0.007 -24"><span class='ocrx_word' id='word_1_764' title='bbox 578 5219 676 5287; x_wconf 30' lang='lat' dir='ltr'><strong>est.</strong></span> <span class='ocrx_word' id='word_1_765' title='bbox 696 5209 933 5287; x_wconf 83' lang='lat' dir='ltr'><strong>Spiritus</strong></span> <span class='ocrx_word' id='word_1_766' title='bbox 971 5209 1228 5281; x_wconf 77' lang='lat' dir='ltr'><strong>sanctusl,</strong></span> <span class='ocrx_word' id='word_1_767' title='bbox 1272 5233 1303 5272; x_wconf 91' lang='lat' dir='ltr'><strong>a</strong></span> <span class='ocrx_word' id='word_1_768' title='bbox 1338 5209 1494 5287; x_wconf 74' lang='lat' dir='ltr'><strong>Patre</strong></span> <span class='ocrx_word' id='word_1_769' title='bbox 1529 5209 1692 5272; x_wconf 79' lang='lat' dir='ltr'><strong>habet</strong></span> <span class='ocrx_word' id='word_1_770' title='bbox 1723 5218 1825 5287; x_wconf 92' lang='lat' dir='ltr'><strong>hoc</strong></span> <span class='ocrx_word' id='word_1_771' title='bbox 1859 5209 2037 5287; x_wconf 85' lang='lat' dir='ltr'><strong>ipsum</strong></span> <span class='ocrx_word' id='word_1_772' title='bbox 2053 5209 2078 5282; x_wconf 82' lang='grc'><strong>,’</strong></span> <span class='ocrx_word' id='word_1_773' title='bbox 2097 5228 2157 5274; x_wconf 81' lang='grc' dir='ltr'><strong>ιιι</strong></span> 
     </span>
    </p>
   </div>
   <div class='ocr_carea' id='block_1_101' title="bbox 581 5278 2151 5357">
    <p class='ocr_par' dir='ltr' id='par_1_101' title="bbox 581 5278 2151 5357">
     <span class='ocr_line' id='line_1_101' title="bbox 581 5278 2151 5357; baseline 0.008 -24"><span class='ocrx_word' id='word_1_774' title='bbox 581 5278 1070 5357; x_wconf 78' lang='lat' dir='ltr'><strong>Spiritus_sanctus</strong></span> <span class='ocrx_word' id='word_1_775' title='bbox 1104 5287 1175 5341; x_wconf 92' lang='lat' dir='ltr'><strong>sit</strong></span> <span class='ocrx_word' id='word_1_776' title='bbox 1203 5278 1271 5341; x_wconf 84' lang='lat' dir='ltr'><strong>de</strong></span> <span class='ocrx_word' id='word_1_777' title='bbox 1312 5286 1440 5342; x_wconf 90' lang='lat' dir='ltr'><strong>illo:</strong></span> <span class='ocrx_word' id='word_1_778' title='bbox 1473 5289 1729 5356; x_wconf 89' lang='lat' dir='ltr'><strong>quoniam</strong></span> <span class='ocrx_word' id='word_1_779' title='bbox 1761 5286 1833 5348; x_wconf 87' lang='lat' dir='ltr'><strong>id.</strong></span> <span class='ocrx_word' id='word_1_780' title='bbox 1867 5278 2012 5357; x_wconf 79' lang='lat' dir='ltr'><strong>quod</strong></span> <span class='ocrx_word' id='word_1_781' title='bbox 2045 5278 2151 5354; x_wconf 81' lang='lat' dir='ltr'><strong>est,</strong></span> 
     </span>
    </p>
   </div>
   <div class='ocr_carea' id='block_1_102' title="bbox 579 5347 2156 5421">
    <p class='ocr_par' dir='ltr' id='par_1_102' title="bbox 579 5347 2156 5421">
     <span class='ocr_line' id='line_1_102' title="bbox 579 5347 2156 5421; baseline 0.007 -20"><span class='ocrx_word' id='word_1_782' title='bbox 579 5347 747 5421; x_wconf 80' lang='lat' dir='ltr'><strong>liabet</strong></span> <span class='ocrx_word' id='word_1_783' title='bbox 771 5369 799 5405; x_wconf 90' lang='lat' dir='ltr'><strong>a</strong></span> <span class='ocrx_word' id='word_1_784' title='bbox 829 5352 1023 5421; x_wconf 88' lang='lat' dir='ltr'><strong>Patre;</strong></span> <span class='ocrx_word' id='word_1_785' title='bbox 1052 5372 1161 5410; x_wconf 89' lang='lat' dir='ltr'><strong>non</strong></span> <span class='ocrx_word' id='word_1_786' title='bbox 1194 5358 1337 5412; x_wconf 90' lang='lat' dir='ltr'><strong>sicut</strong></span> <span class='ocrx_word' id='word_1_787' title='bbox 1369 5358 1422 5410; x_wconf 93' lang='lat' dir='ltr'><strong>in</strong></span> <span class='ocrx_word' id='word_1_788' title='bbox 1455 5347 1617 5411; x_wconf 73' lang='lat' dir='ltr'><strong>rebus</strong></span> <span class='ocrx_word' id='word_1_789' title='bbox 1650 5347 2020 5420; x_wconf 52' lang='lat' dir='ltr'><strong>creatis,&#39;cum</strong></span> <span class='ocrx_word' id='word_1_790' title='bbox 2054 5347 2156 5412; x_wconf 55' lang='lat' dir='ltr'><strong>ali;</strong></span> 
     </span>
    </p>
   </div>
   <div class='ocr_carea' id='block_1_103' title="bbox 577 5420 2155 5498">
    <p class='ocr_par' dir='ltr' id='par_1_103' title="bbox 577 5420 2155 5498">
     <span class='ocr_line' id='line_1_103' title="bbox 577 5420 2155 5498; baseline 0.006 -25"><span class='ocrx_word' id='word_1_791' title='bbox 577 5420 708 5498; x_wconf 71' lang='lat' dir='ltr'><strong>quid</strong></span> <span class='ocrx_word' id='word_1_792' title='bbox 745 5425 1042 5498; x_wconf 82' lang='lat' dir='ltr'><strong>asserimus</strong></span> <span class='ocrx_word' id='word_1_793' title='bbox 1093 5443 1238 5498; x_wconf 74' lang='lat' dir='ltr'><strong>esse</strong></span> <span class='ocrx_word' id='word_1_794' title='bbox 1266 5427 1661 5498; x_wconf 89' lang='lat' dir='ltr'><strong>principaliter,</strong></span> <span class='ocrx_word' id='word_1_795' title='bbox 1702 5428 1953 5498; x_wconf 85' lang='lat' dir='ltr'><strong>volumus</strong></span> <span class='ocrx_word' id='word_1_796' title='bbox 1990 5429 2155 5498; x_wconf 88' lang='lat' dir='ltr'><strong>signi-</strong></span> 
     </span>
    </p>
   </div>
   <div class='ocr_carea' id='block_1_104' title="bbox 581 5487 2154 5568">
    <p class='ocr_par' dir='ltr' id='par_1_104' title="bbox 581 5487 2154 5568">
     <span class='ocr_line' id='line_1_104' title="bbox 581 5487 2154 5568; baseline 0.006 -24"><span class='ocrx_word' id='word_1_797' title='bbox 581 5487 774 5568; x_wconf 72' lang='lat' dir='ltr'><strong>ficare,</strong></span> <span class='ocrx_word' id='word_1_798' title='bbox 803 5495 1158 5568; x_wconf 33' lang='lat' dir='ltr'><strong>quodumagis</strong></span> <span class='ocrx_word' id='word_1_799' title='bbox 1187 5487 1282 5568; x_wconf 62' lang='lat' dir='ltr'><strong>_sit&#39;</strong></span> <span class='ocrx_word' id='word_1_800' title='bbox 1301 5487 1619 5568; x_wconf 66' lang='lat' dir='ltr'><strong>lioc,&#39;quod</strong></span> <span class='ocrx_word' id='word_1_801' title='bbox 1646 5487 1859 5568; x_wconf 72' lang='lat' dir='ltr'><strong>dicitur</strong></span> <span class='ocrx_word' id='word_1_802' title='bbox 1885 5487 2154 5568; x_wconf 65' lang='lat' dir='ltr'><strong>principa-</strong></span> 
     </span>
    </p>
   </div>
   <div class='ocr_carea' id='block_1_105' title="bbox 578 5557 2154 5634">
    <p class='ocr_par' dir='ltr' id='par_1_105' title="bbox 578 5557 2154 5634">
     <span class='ocr_line' id='line_1_105' title="bbox 578 5557 2154 5634; baseline 0.007 -23"><span class='ocrx_word' id='word_1_803' title='bbox 578 5557 726 5622; x_wconf 88' lang='lat' dir='ltr'><strong>liter,</strong></span> <span class='ocrx_word' id='word_1_804' title='bbox 757 5557 918 5631; x_wconf 79' lang='lat' dir='ltr'><strong>quam</strong></span> <span class='ocrx_word' id='word_1_805' title='bbox 948 5557 1108 5628; x_wconf 60' lang='lat' dir='ltr'><strong>illud:</strong></span> <span class='ocrx_word' id='word_1_806' title='bbox 1133 5565 1201 5619; x_wconf 86' lang='lat' dir='ltr'><strong>ad</strong></span> <span class='ocrx_word' id='word_1_807' title='bbox 1229 5567 1373 5634; x_wconf 85' lang='lat' dir='ltr'><strong>quod</strong></span> <span class='ocrx_word' id='word_1_808' title='bbox 1410 5557 1664 5622; x_wconf 79' lang='lat' dir='ltr'><strong>refertur.</strong></span> <span class='ocrx_word' id='word_1_809' title='bbox 1696 5587 1715 5618; x_wconf 83' lang='grc'>›</span> <span class='ocrx_word' id='word_1_810' title='bbox 1762 5557 1959 5624; x_wconf 74' lang='lat' dir='ltr'><strong>Eodem</strong></span> <span class='ocrx_word' id='word_1_811' title='bbox 1989 5557 2154 5622; x_wconf 76' lang='lat' dir='ltr'><strong>sensu</strong></span> 
     </span>
    </p>
   </div>
   <div class='ocr_carea' id='block_1_106' title="bbox 577 5635 2151 5707">
    <p class='ocr_par' dir='ltr' id='par_1_106' title="bbox 577 5635 2151 5707">
     <span class='ocr_line' id='line_1_106' title="bbox 577 5635 2151 5707; baseline 0.003 -22"><span class='ocrx_word' id='word_1_812' title='bbox 577 5645 766 5707; x_wconf 48' lang='lat' dir='ltr'><strong>[eccm</strong></span> <span class='ocrx_word' id='word_1_813' title='bbox 813 5635 1036 5707; x_wconf 87' lang='lat' dir='ltr'><strong>ad_hibet</strong></span> <span class='ocrx_word' id='word_1_814' title='bbox 1071 5645 1138 5707; x_wconf 35' lang='lat' dir='ltr'><strong>‘et</strong></span> <span class='ocrx_word' id='word_1_815' title='bbox 1176 5635 1433 5704; x_wconf 84' lang='lat' dir='ltr'><strong>explanat</strong></span> <span class='ocrx_word' id='word_1_816' title='bbox 1467 5638 1758 5698; x_wconf 88' lang='lat' dir='ltr'><strong>Anselmus</strong></span> <span class='ocrx_word' id='word_1_817' title='bbox 1812 5636 2151 5707; x_wconf 82' lang='lat' dir='ltr'><strong>llalvelberg.</strong></span> 
     </span>
    </p>
   </div>
   <div class='ocr_carea' id='block_1_107' title="bbox 578 5697 2150 5779">
    <p class='ocr_par' dir='ltr' id='par_1_107' title="bbox 578 5697 2150 5779">
     <span class='ocr_line' id='line_1_107' title="bbox 578 5697 2150 5779; baseline 0.006 -27"><span class='ocrx_word' id='word_1_818' title='bbox 578 5697 726 5779; x_wconf 63' lang='lat' dir='ltr'><strong>gial.</strong></span> <span class='ocrx_word' id='word_1_819' title='bbox 760 5702 1031 5779; x_wconf 71' lang='lat' dir='ltr'><strong>_c_._§raec,_,</strong></span> <span class='ocrx_word' id='word_1_820' title='bbox 1071 5703 1107 5757; x_wconf 93' lang='lat' dir='ltr'><strong>l.</strong></span> <span class='ocrx_word' id='word_1_821' title='bbox 1161 5697 1422 5779; x_wconf 37' lang='grc' dir='ltr'><strong>[πρίω-925</strong></span> <span class='ocrx_word' id='word_1_822' title='bbox 1459 5707 1734 5779; x_wconf 65' lang='lat' dir='ltr'><strong>(Spicilcg.</strong></span> <span class='ocrx_word' id='word_1_823' title='bbox 1771 5697 2150 5779; x_wconf 16' lang='lat' dir='ltr'><strong>d&#39;Aclieryﬂed.</strong></span> 
     </span>
    </p>
   </div>
   <div class='ocr_carea' id='block_1_108' title="bbox 571 5764 2151 5850">
    <p class='ocr_par' dir='ltr' id='par_1_108' title="bbox 571 5764 2151 5850">
     <span class='ocr_line' id='line_1_108' title="bbox 571 5764 2151 5850; baseline 0.008 -29"><span class='ocrx_word' id='word_1_824' title='bbox 571 5764 915 5850; x_wconf 26' lang='grc' dir='ltr'><strong>νει-18⁸1725,</strong></span> <span class='ocrx_word' id='word_1_825' title='bbox 938 5782 979 5828; x_wconf 91' lang='lat' dir='ltr'><strong>t.</strong></span> <span class='ocrx_word' id='word_1_826' title='bbox 1007 5764 1051 5840; x_wconf 76' lang='grc' dir='ltr'><strong>ἰ,</strong></span> <span class='ocrx_word' id='word_1_827' title='bbox 1077 5791 1134 5844; x_wconf 92' lang='lat' dir='ltr'><strong>p.</strong></span> <span class='ocrx_word' id='word_1_828' title='bbox 1169 5764 1290 5841; x_wconf 72' lang='lat'><strong>189,</strong></span> <span class='ocrx_word' id='word_1_829' title='bbox 1329 5764 1491 5848; x_wconf 48' lang='lat' dir='ltr'><strong>l90)‘;</strong></span> <span class='ocrx_word' id='word_1_830' title='bbox 1618 5764 1886 5843; x_wconf 67' lang='lat' dir='ltr'><strong>Tliotnas,</strong></span> <span class='ocrx_word' id='word_1_831' title='bbox 1912 5779 1980 5834; x_wconf 88' lang='lat' dir='ltr'><strong>ad</strong></span> <span class='ocrx_word' id='word_1_832' title='bbox 2004 5764 2151 5834; x_wconf 67' lang='lat' dir='ltr'><strong>ditii-</strong></span> 
     </span>
    </p>
   </div>
   <div class='ocr_carea' id='block_1_109' title="bbox 2261 4585 3799 4662">
    <p class='ocr_par' dir='ltr' id='par_1_109' title="bbox 2261 4585 3799 4662">
     <span class='ocr_line' id='line_1_109' title="bbox 2261 4585 3799 4662; baseline -0.007 -19"><span class='ocrx_word' id='word_1_833' title='bbox 2261 4585 2567 4658; x_wconf 72' lang='lat' dir='ltr'><strong>procedere</strong></span> <span class='ocrx_word' id='word_1_834' title='bbox 2586 4591 2661 4662; x_wconf 50' lang='lat' dir='ltr'><strong>ile</strong></span> <span class='ocrx_word' id='word_1_835' title='bbox 2707 4591 2898 4658; x_wconf 87' lang='lat' dir='ltr'><strong>Patre,</strong></span> <span class='ocrx_word' id='word_1_836' title='bbox 2946 4585 3156 4661; x_wconf 75' lang='lat' dir='ltr'><strong>propter</strong></span> <span class='ocrx_word' id='word_1_837' title='bbox 3191 4585 3470 4662; x_wconf 17' lang='lat' dir='ltr'><strong>haciquod</strong></span> <span class='ocrx_word' id='word_1_838' title='bbox 3513 4588 3654 4643; x_wconf 76' lang='lat' dir='ltr'><strong>habet</strong></span> <span class='ocrx_word' id='word_1_839' title='bbox 3694 4585 3799 4637; x_wconf 81' lang='lat' dir='ltr'><strong>hanc</strong></span> 
     </span>
    </p>
   </div>
   <div class='ocr_carea' id='block_1_110' title="bbox 2256 4659 3798 4732">
    <p class='ocr_par' dir='ltr' id='par_1_110' title="bbox 2256 4659 3798 4732">
     <span class='ocr_line' id='line_1_110' title="bbox 2256 4659 3798 4732; baseline -0.004 -19"><span class='ocrx_word' id='word_1_840' title='bbox 2256 4662 2499 4713; x_wconf 83' lang='lat' dir='ltr'><strong>virtutem</strong></span> <span class='ocrx_word' id='word_1_841' title='bbox 2523 4678 2553 4732; x_wconf 73' lang='grc' dir='ltr'><em>ᾳ</em></span> <span class='ocrx_word' id='word_1_842' title='bbox 2581 4659 2758 4715; x_wconf 89' lang='lat' dir='ltr'><strong>Patre.</strong></span> <span class='ocrx_word' id='word_1_843' title='bbox 2793 4681 2810 4713; x_wconf 77' lang='grc' dir='ltr'><strong><em>ι</em></strong></span> <span class='ocrx_word' id='word_1_844' title='bbox 2834 4659 2999 4715; x_wconf 82' lang='lat' dir='ltr'><strong>Porro</strong></span> <span class='ocrx_word' id='word_1_845' title='bbox 3019 4659 3160 4730; x_wconf 86' lang='lat' dir='ltr'><strong>quod</strong></span> <span class='ocrx_word' id='word_1_846' title='bbox 3184 4663 3250 4716; x_wconf 88' lang='lat' dir='ltr'><strong>ad</strong></span> <span class='ocrx_word' id='word_1_847' title='bbox 3276 4659 3568 4732; x_wconf 79' lang='lat' dir='ltr'><strong>Ilugonem</strong></span> <span class='ocrx_word' id='word_1_848' title='bbox 3590 4665 3798 4732; x_wconf 81' lang='lat' dir='ltr'><strong>nostrum</strong></span> 
     </span>
    </p>
   </div>
   <div class='ocr_carea' id='block_1_111' title="bbox 2257 4728 3797 4799">
    <p class='ocr_par' dir='ltr' id='par_1_111' title="bbox 2257 4728 3797 4799">
     <span class='ocr_line' id='line_1_111' title="bbox 2257 4728 3797 4799; baseline -0.006 -15"><span class='ocrx_word' id='word_1_849' title='bbox 2257 4738 2485 4799; x_wconf 89' lang='lat' dir='ltr'><strong>spectat,</strong></span> <span class='ocrx_word' id='word_1_850' title='bbox 2519 4731 2565 4784; x_wconf 85' lang='lat' dir='ltr'><strong>is</strong></span> <span class='ocrx_word' id='word_1_851' title='bbox 2598 4746 2706 4785; x_wconf 90' lang='lat' dir='ltr'><strong>non</strong></span> <span class='ocrx_word' id='word_1_852' title='bbox 2741 4733 2914 4785; x_wconf 75' lang='lat' dir='ltr'><strong>soluunt</strong></span> <span class='ocrx_word' id='word_1_853' title='bbox 2949 4728 3056 4784; x_wconf 79' lang='lat' dir='ltr'><strong>alio</strong></span> <span class='ocrx_word' id='word_1_854' title='bbox 3085 4733 3312 4784; x_wconf 89' lang='lat' dir='ltr'><strong>omnino</strong></span> <span class='ocrx_word' id='word_1_855' title='bbox 3347 4728 3518 4785; x_wconf 70' lang='lat' dir='ltr'><strong>senisu</strong></span> <span class='ocrx_word' id='word_1_856' title='bbox 3550 4728 3797 4783; x_wconf 82' lang='lat' dir='ltr'><strong>formulam</strong></span> 
     </span>
    </p>
   </div>
   <div class='ocr_carea' id='block_1_112' title="bbox 2257 4800 3799 4873">
    <p class='ocr_par' dir='ltr' id='par_1_112' title="bbox 2257 4800 3799 4873">
     <span class='ocr_line' id='line_1_112' title="bbox 2257 4800 3799 4873; baseline -0.005 -20"><span class='ocrx_word' id='word_1_857' title='bbox 2257 4800 2399 4873; x_wconf 75' lang='lat' dir='ltr'><strong>hanc</strong></span> <span class='ocrx_word' id='word_1_858' title='bbox 2443 4801 2758 4873; x_wconf 81' lang='lat' dir='ltr'><strong>rejecit,_ut</strong></span> <span class='ocrx_word' id='word_1_859' title='bbox 2795 4801 2878 4873; x_wconf 67' lang='lat' dir='ltr'><strong>vel</strong></span> <span class='ocrx_word' id='word_1_860' title='bbox 2914 4801 3034 4873; x_wconf 71' lang='lat' dir='ltr'><strong>_h:_£(‘</strong></span> <span class='ocrx_word' id='word_1_861' title='bbox 3073 4802 3190 4873; x_wconf 84' lang='lat' dir='ltr'><strong>ejus</strong></span> <span class='ocrx_word' id='word_1_862' title='bbox 3232 4801 3408 4873; x_wconf 65' lang='lat' dir='ltr'><strong>verba</strong></span> <span class='ocrx_word' id='word_1_863' title='bbox 3449 4801 3799 4873; x_wconf 64' lang='lat' dir='ltr'><strong>manifestrmtz</strong></span> 
     </span>
    </p>
   </div>
   <div class='ocr_carea' id='block_1_113' title="bbox 2266 4865 3802 4939">
    <p class='ocr_par' dir='ltr' id='par_1_113' title="bbox 2266 4865 3802 4939">
     <span class='ocr_line' id='line_1_113' title="bbox 2266 4865 3802 4939; baseline -0.004 -19"><span class='ocrx_word' id='word_1_864' title='bbox 2266 4888 2284 4920; x_wconf 75' lang='grc' dir='ltr'>ι</span> <span class='ocrx_word' id='word_1_865' title='bbox 2325 4865 2581 4939; x_wconf 85' lang='lat' dir='ltr'><strong>lnquiunt</strong></span> <span class='ocrx_word' id='word_1_866' title='bbox 2604 4871 2749 4924; x_wconf 90' lang='lat' dir='ltr'><strong>enim</strong></span> <span class='ocrx_word' id='word_1_867' title='bbox 2784 4871 3028 4937; x_wconf 84' lang='lat' dir='ltr'><strong>(Latini,,</strong></span> <span class='ocrx_word' id='word_1_868' title='bbox 3058 4865 3237 4923; x_wconf 83' lang='lat' dir='ltr'><strong>sinon</strong></span> <span class='ocrx_word' id='word_1_869' title='bbox 3270 4881 3356 4923; x_wconf 86' lang='lat' dir='ltr'><strong>cst</strong></span> <span class='ocrx_word' id='word_1_870' title='bbox 3398 4871 3452 4922; x_wconf 91' lang='lat' dir='ltr'><strong>in</strong></span> <span class='ocrx_word' id='word_1_871' title='bbox 3489 4877 3665 4924; x_wconf 88' lang='lat' dir='ltr'><strong>sancta</strong></span> <span class='ocrx_word' id='word_1_872' title='bbox 3705 4865 3802 4939; x_wconf 63' lang='grc' dir='ltr'><strong>’ζ’τί-</strong></span> 
     </span>
    </p>
   </div>
   <div class='ocr_carea' id='block_1_114' title="bbox 2254 4934 3802 5014">
    <p class='ocr_par' dir='ltr' id='par_1_114' title="bbox 2254 4934 3802 5014">
     <span class='ocr_line' id='line_1_114' title="bbox 2254 4934 3802 5014; baseline -0.006 -22"><span class='ocrx_word' id='word_1_873' title='bbox 2254 4934 2429 4994; x_wconf 80' lang='lat' dir='ltr'><strong>nitate</strong></span> <span class='ocrx_word' id='word_1_874' title='bbox 2471 4941 2621 5014; x_wconf 82' lang='lat' dir='ltr'><strong>prius</strong></span> <span class='ocrx_word' id='word_1_875' title='bbox 2666 4934 2964 4995; x_wconf 76' lang='lat' dir='ltr'><strong>securulun&#39;i</strong></span> <span class='ocrx_word' id='word_1_876' title='bbox 2991 4934 3254 5014; x_wconf 76' lang='lat' dir='ltr'><strong>tempus,</strong></span> <span class='ocrx_word' id='word_1_877' title='bbox 3303 4954 3492 5008; x_wconf 85' lang='lat' dir='ltr'><strong>neque</strong></span> <span class='ocrx_word' id='word_1_878' title='bbox 3541 4934 3802 5014; x_wconf 74' lang='lat' dir='ltr'><strong>secundum</strong></span> 
     </span>
    </p>
   </div>
   <div class='ocr_carea' id='block_1_115' title="bbox 2256 5006 3805 5077">
    <p class='ocr_par' dir='ltr' id='par_1_115' title="bbox 2256 5006 3805 5077">
     <span class='ocr_line' id='line_1_115' title="bbox 2256 5006 3805 5077; baseline -0.006 -15"><span class='ocrx_word' id='word_1_879' title='bbox 2256 5006 2506 5062; x_wconf 82' lang='lat' dir='ltr'><strong>naturam</strong></span> <span class='ocrx_word' id='word_1_880' title='bbox 2556 5011 2889 5064; x_wconf 88' lang='lat' dir='ltr'><strong>bonoremve</strong></span> <span class='ocrx_word' id='word_1_881' title='bbox 2937 5006 3333 5077; x_wconf 85' lang='lat' dir='ltr'><strong>potentiamve,</strong></span> <span class='ocrx_word' id='word_1_882' title='bbox 3389 5006 3504 5062; x_wconf 78' lang='lat' dir='ltr'><strong>non</strong></span> <span class='ocrx_word' id='word_1_883' title='bbox 3543 5018 3622 5061; x_wconf 91' lang='lat' dir='ltr'><strong>est</strong></span> <span class='ocrx_word' id='word_1_884' title='bbox 3659 5006 3805 5070; x_wconf 85' lang='lat' dir='ltr'><strong>aliqua</strong></span> 
     </span>
    </p>
   </div>
   <div class='ocr_carea' id='block_1_116' title="bbox 2257 5079 3806 5150">
    <p class='ocr_par' dir='ltr' id='par_1_116' title="bbox 2257 5079 3806 5150">
     <span class='ocr_line' id='line_1_116' title="bbox 2257 5079 3806 5150; baseline -0.006 -18"><span class='ocrx_word' id='word_1_885' title='bbox 2257 5079 2424 5150; x_wconf 85' lang='lat' dir='ltr'><strong>trium</strong></span> <span class='ocrx_word' id='word_1_886' title='bbox 2473 5095 2827 5150; x_wconf 73' lang='lat' dir='ltr'><strong>personarum</strong></span> <span class='ocrx_word' id='word_1_887' title='bbox 2868 5080 3233 5148; x_wconf 83' lang='lat' dir='ltr'><strong>principaliter</strong></span> <span class='ocrx_word' id='word_1_888' title='bbox 3275 5083 3349 5150; x_wconf 82' lang='lat' dir='ltr'><strong>ab</strong></span> <span class='ocrx_word' id='word_1_889' title='bbox 3393 5079 3539 5141; x_wconf 81' lang='lat' dir='ltr'><strong>alia,</strong></span> <span class='ocrx_word' id='word_1_890' title='bbox 3579 5085 3806 5150; x_wconf 68' lang='lat' dir='ltr'><strong>t___veru_r_n</strong></span> 
     </span>
    </p>
   </div>
   <div class='ocr_carea' id='block_1_117' title="bbox 2256 5146 3807 5217">
    <p class='ocr_par' dir='ltr' id='par_1_117' title="bbox 2256 5146 3807 5217">
     <span class='ocr_line' id='line_1_117' title="bbox 2256 5146 3807 5217; baseline -0.001 -15"><span class='ocrx_word' id='word_1_891' title='bbox 2256 5149 2420 5203; x_wconf 86' lang='lat' dir='ltr'><strong>etiam</strong></span> <span class='ocrx_word' id='word_1_892' title='bbox 2469 5146 2807 5203; x_wconf 84' lang='lat' dir='ltr'><strong>difl‘erentem</strong></span> <span class='ocrx_word' id='word_1_893' title='bbox 2855 5146 3078 5203; x_wconf 81' lang='lat' dir='ltr'><strong>Sensum</strong></span> <span class='ocrx_word' id='word_1_894' title='bbox 3128 5149 3343 5202; x_wconf 81' lang='lat' dir='ltr'><strong>nutavit</strong></span> <span class='ocrx_word' id='word_1_895' title='bbox 3407 5150 3530 5217; x_wconf 87' lang='lat' dir='ltr'><strong>ipse</strong></span> <span class='ocrx_word' id='word_1_896' title='bbox 3577 5146 3688 5217; x_wconf 88' lang='lat' dir='ltr'><strong>(lib.</strong></span> <span class='ocrx_word' id='word_1_897' title='bbox 3731 5146 3807 5217; x_wconf 60' lang='lat' dir='ltr'><strong>cll-</strong></span> 
     </span>
    </p>
   </div>
   <div class='ocr_carea' id='block_1_118' title="bbox 2256 5212 3809 5342">
    <p class='ocr_par' dir='ltr' id='par_1_118' title="bbox 2256 5212 3809 5342">
     <span class='ocr_line' id='line_1_118' title="bbox 2256 5212 3809 5342; baseline -0.007 -69"><span class='ocrx_word' id='word_1_898' title='bbox 2256 5220 2433 5342; x_wconf 55' lang='lat' dir='ltr'><strong>chlti,</strong></span> <span class='ocrx_word' id='word_1_899' title='bbox 2470 5235 2526 5288; x_wconf 94' lang='lat' dir='ltr'><strong>p.</strong></span> <span class='ocrx_word' id='word_1_900' title='bbox 2561 5218 2698 5273; x_wconf 75' lang='grc'><strong>1210</strong></span> <span class='ocrx_word' id='word_1_901' title='bbox 2733 5219 2792 5275; x_wconf 73' lang='grc' dir='ltr'><strong>[ι’.</strong></span> <span class='ocrx_word' id='word_1_902' title='bbox 2826 5219 2914 5290; x_wconf 87' lang='lat' dir='ltr'><strong>G.)</strong></span> <span class='ocrx_word' id='word_1_903' title='bbox 2936 5259 2951 5284; x_wconf 87' lang='lat'><strong>,</strong></span> <span class='ocrx_word' id='word_1_904' title='bbox 2983 5220 3074 5274; x_wconf 89' lang='lat' dir='ltr'><strong>ubi</strong></span> <span class='ocrx_word' id='word_1_905' title='bbox 3104 5235 3165 5274; x_wconf 85' lang='lat' dir='ltr'><strong>ea</strong></span> <span class='ocrx_word' id='word_1_906' title='bbox 3197 5219 3311 5289; x_wconf 85' lang='lat' dir='ltr'><strong>ipsa</strong></span> <span class='ocrx_word' id='word_1_907' title='bbox 3353 5212 3648 5288; x_wconf 76' lang='lat' dir='ltr'><strong>Augustini</strong></span> <span class='ocrx_word' id='word_1_908' title='bbox 3677 5212 3809 5267; x_wconf 75' lang='lat' dir='ltr'><strong>verba</strong></span> 
     </span>
     <span class='ocr_line' id='line_1_119' title="bbox 2256 5304 2432 5342; baseline 0.006 -1"><span class='ocrx_word' id='word_1_909' title='bbox 2256 5304 2284 5341; x_wconf 89' lang='lat' dir='ltr'><strong>a</strong></span> <span class='ocrx_word' id='word_1_910' title='bbox 2329 5305 2388 5341; x_wconf 90' lang='lat' dir='ltr'><strong>er</strong></span> <span class='ocrx_word' id='word_1_911' title='bbox 2418 5329 2432 5342; x_wconf 95' lang='lat'><strong>.</strong></span> 
     </span>
    </p>
   </div>
   <div class='ocr_carea' id='block_1_119' title="bbox 2255 5295 2432 5342">
    <p class='ocr_par' dir='ltr' id='par_1_119' title="bbox 2255 5295 2432 5342">
     <span class='ocr_line' id='line_1_120' title="bbox 2255 5295 2432 5342; baseline 0.006 -1"><span class='ocrx_word' id='word_1_912' title='bbox 2255 5295 2432 5342; x_wconf 74' lang='lat' dir='ltr'><strong>aliert.</strong></span> 
     </span>
    </p>
   </div>
   <div class='ocr_carea' id='block_1_120' title="bbox 2328 5353 3814 5436">
    <p class='ocr_par' dir='ltr' id='par_1_120' title="bbox 2328 5353 3814 5436">
     <span class='ocr_line' id='line_1_121' title="bbox 2328 5353 3814 5436; baseline -0.003 -25"><span class='ocrx_word' id='word_1_913' title='bbox 2328 5358 2440 5436; x_wconf 47' lang='lat'><strong>(33)</strong></span> <span class='ocrx_word' id='word_1_914' title='bbox 2475 5357 2600 5412; x_wconf 67' lang='lat' dir='ltr'><strong>limo</strong></span> <span class='ocrx_word' id='word_1_915' title='bbox 2638 5358 2820 5436; x_wconf 81' lang='lat' dir='ltr'><strong>minus</strong></span> <span class='ocrx_word' id='word_1_916' title='bbox 2850 5359 3076 5436; x_wconf 65' lang='lat' dir='ltr'><strong>praecise</strong></span> <span class='ocrx_word' id='word_1_917' title='bbox 3114 5359 3256 5413; x_wconf 90' lang='lat' dir='ltr'><strong>dicta</strong></span> <span class='ocrx_word' id='word_1_918' title='bbox 3283 5359 3587 5436; x_wconf 75' lang='lat' dir='ltr'><strong>videntur;</strong></span> <span class='ocrx_word' id='word_1_919' title='bbox 3615 5353 3814 5436; x_wconf 70' lang='lat' dir='ltr'><strong>restrin-</strong></span> 
     </span>
    </p>
   </div>
   <div class='ocr_carea' id='block_1_121' title="bbox 2255 5429 3815 5499">
    <p class='ocr_par' dir='ltr' id='par_1_121' title="bbox 2255 5429 3815 5499">
     <span class='ocr_line' id='line_1_122' title="bbox 2255 5429 3815 5499; baseline -0.006 -17"><span class='ocrx_word' id='word_1_920' title='bbox 2255 5429 2428 5499; x_wconf 87' lang='lat' dir='ltr'><strong>genda</strong></span> <span class='ocrx_word' id='word_1_921' title='bbox 2461 5439 2670 5494; x_wconf 89' lang='lat' dir='ltr'><strong>tamen,</strong></span> <span class='ocrx_word' id='word_1_922' title='bbox 2712 5437 2770 5482; x_wconf 93' lang='lat' dir='ltr'><strong>ut</strong></span> <span class='ocrx_word' id='word_1_923' title='bbox 2801 5430 2915 5498; x_wconf 91' lang='lat' dir='ltr'><strong>ipsa</strong></span> <span class='ocrx_word' id='word_1_924' title='bbox 2949 5432 3108 5484; x_wconf 78' lang='lat' dir='ltr'><strong>verba</strong></span> <span class='ocrx_word' id='word_1_925' title='bbox 3147 5431 3476 5493; x_wconf 87' lang='lat' dir='ltr'><strong>ostendunt,</strong></span> <span class='ocrx_word' id='word_1_926' title='bbox 3511 5432 3577 5482; x_wconf 87' lang='lat' dir='ltr'><strong>ad</strong></span> <span class='ocrx_word' id='word_1_927' title='bbox 3613 5429 3815 5499; x_wconf 71' lang='lat' dir='ltr'><strong>Spiritus</strong></span> 
     </span>
    </p>
   </div>
   <div class='ocr_carea' id='block_1_122' title="bbox 2258 5495 3815 5572">
    <p class='ocr_par' dir='ltr' id='par_1_122' title="bbox 2258 5495 3815 5572">
     <span class='ocr_line' id='line_1_123' title="bbox 2258 5495 3815 5572; baseline -0.004 -22"><span class='ocrx_word' id='word_1_928' title='bbox 2258 5495 2681 5572; x_wconf 73' lang='lat' dir='ltr'><strong>processjonem.</strong></span> <span class='ocrx_word' id='word_1_929' title='bbox 2741 5495 2895 5572; x_wconf 76' lang='lat' dir='ltr'><strong>Licet</strong></span> <span class='ocrx_word' id='word_1_930' title='bbox 2950 5501 3096 5554; x_wconf 89' lang='lat' dir='ltr'><strong>enim</strong></span> <span class='ocrx_word' id='word_1_931' title='bbox 3141 5501 3361 5572; x_wconf 81' lang='lat' dir='ltr'><strong>Patrem</strong></span> <span class='ocrx_word' id='word_1_932' title='bbox 3422 5500 3578 5570; x_wconf 89' lang='lat' dir='ltr'><strong>prius</strong></span> <span class='ocrx_word' id='word_1_933' title='bbox 3623 5495 3815 5572; x_wconf 75' lang='lat' dir='ltr'><strong>cogitari</strong></span> 
     </span>
    </p>
   </div>
   <div class='ocr_carea' id='block_1_123' title="bbox 2255 5567 3818 5643">
    <p class='ocr_par' dir='ltr' id='par_1_123' title="bbox 2255 5567 3818 5643">
     <span class='ocr_line' id='line_1_124' title="bbox 2255 5567 3818 5643; baseline 0.001 -22"><span class='ocrx_word' id='word_1_934' title='bbox 2255 5584 2417 5643; x_wconf 78' lang='lat' dir='ltr'><strong>quam</strong></span> <span class='ocrx_word' id='word_1_935' title='bbox 2448 5567 2812 5643; x_wconf 62' lang='lat' dir='ltr'><strong>Filiunrordo</strong></span> <span class='ocrx_word' id='word_1_936' title='bbox 2847 5570 2961 5640; x_wconf 88' lang='lat' dir='ltr'><strong>ipse</strong></span> <span class='ocrx_word' id='word_1_937' title='bbox 3002 5570 3264 5643; x_wconf 81' lang='lat' dir='ltr'><strong>postulet,</strong></span> <span class='ocrx_word' id='word_1_938' title='bbox 3300 5567 3493 5643; x_wconf 74' lang='lat' dir='ltr'><strong>tamen</strong></span> <span class='ocrx_word' id='word_1_939' title='bbox 3528 5567 3700 5643; x_wconf 78' lang='lat' dir='ltr'><strong>quoad</strong></span> <span class='ocrx_word' id='word_1_940' title='bbox 3726 5567 3818 5643; x_wconf 64' lang='lat' dir='ltr'><strong>sp}-</strong></span> 
     </span>
    </p>
   </div>
   <div class='ocr_carea' id='block_1_124' title="bbox 2257 5638 3816 5714">
    <p class='ocr_par' dir='ltr' id='par_1_124' title="bbox 2257 5638 3816 5714">
     <span class='ocr_line' id='line_1_125' title="bbox 2257 5638 3816 5714; baseline 0.001 -24"><span class='ocrx_word' id='word_1_941' title='bbox 2257 5638 2524 5693; x_wconf 85' lang='lat' dir='ltr'><strong>rationem</strong></span> <span class='ocrx_word' id='word_1_942' title='bbox 2561 5641 2796 5714; x_wconf 73' lang='lat' dir='ltr'><strong>activam</strong></span> <span class='ocrx_word' id='word_1_943' title='bbox 2840 5638 3068 5714; x_wconf 83' lang='lat' dir='ltr'><strong>uterque</strong></span> <span class='ocrx_word' id='word_1_944' title='bbox 3103 5641 3318 5710; x_wconf 90' lang='lat' dir='ltr'><strong>concipi</strong></span> <span class='ocrx_word' id='word_1_945' title='bbox 3362 5641 3536 5714; x_wconf 79' lang='lat' dir='ltr'><strong>debet</strong></span> <span class='ocrx_word' id='word_1_946' title='bbox 3567 5648 3624 5693; x_wconf 91' lang='lat' dir='ltr'><strong>ut</strong></span> <span class='ocrx_word' id='word_1_947' title='bbox 3649 5638 3816 5714; x_wconf 55' lang='lat' dir='ltr'><strong>janti&quot;</strong></span> 
     </span>
    </p>
   </div>
   <div class='ocr_carea' id='block_1_125' title="bbox 2255 5705 3819 5789">
    <p class='ocr_par' dir='ltr' id='par_1_125' title="bbox 2255 5705 3819 5789">
     <span class='ocr_line' id='line_1_126' title="bbox 2255 5705 3819 5789; baseline -0.004 -28"><span class='ocrx_word' id='word_1_948' title='bbox 2255 5723 2352 5789; x_wconf 82' lang='lat' dir='ltr'><strong>sua</strong></span> <span class='ocrx_word' id='word_1_949' title='bbox 2383 5709 2769 5777; x_wconf 80' lang='lat' dir='ltr'><strong>personalitatc</strong></span> <span class='ocrx_word' id='word_1_950' title='bbox 2807 5705 3138 5767; x_wconf 76' lang='lat' dir='ltr'><strong>constitutus</strong></span> <span class='ocrx_word' id='word_1_951' title='bbox 3172 5719 3228 5766; x_wconf 90' lang='lat' dir='ltr'><strong>et</strong></span> <span class='ocrx_word' id='word_1_952' title='bbox 3260 5705 3324 5766; x_wconf 80' lang='lat' dir='ltr'><strong>ut</strong></span> <span class='ocrx_word' id='word_1_953' title='bbox 3356 5711 3529 5768; x_wconf 88' lang='lat' dir='ltr'><strong>simul</strong></span> <span class='ocrx_word' id='word_1_954' title='bbox 3567 5705 3819 5781; x_wconf 65' lang='lat' dir='ltr'><strong>aequaliter</strong></span> 
     </span>
    </p>
   </div>
   <div class='ocr_carea' id='block_1_126' title="bbox 2255 5794 2490 5850">
    <p class='ocr_par' dir='ltr' id='par_1_126' title="bbox 2255 5794 2490 5850">
     <span class='ocr_line' id='line_1_127' title="bbox 2255 5794 2490 5850; baseline 0.017 -18"><span class='ocrx_word' id='word_1_955' title='bbox 2255 5794 2490 5850; x_wconf 82' lang='lat' dir='ltr'><strong>spirans.</strong></span> 
     </span>
    </p>
   </div>
  </div>
