3996 6432
496 423 597 490 551

1610 420 1874 482 PHOTII
1916 417 2426 480 PATRIARCHIE
2466 418 2579 479 CP.

3686 413 3795 478 552

497 536 612 591 rit?
668 531 928 600 Quinimo
976 532 1212 604 quaeris,
1267 532 1467 603 quibus
1523 540 1574 585 te
1627 544 1849 599 quoque
1903 526 2089 582 mirari

2206 525 2403 597 μᾶλλον
2429 526 2487 579 δὲ
2515 526 2723 596 ζητεῖς,
2761 519 2843 589 οἷς
2872 524 2967 578 καὶ
3004 522 3063 576 σὲ
3087 522 3389 593 Θαυμάζειν
3414 523 3585 592 ἐχρῆν
3627 522 3699 575 δι’
3719 517 3799 576 ὧν

500 629 811 698 oportebat,
856 627 1058 697 quibus
1103 626 1440 681 admiramur
1482 624 1607 694 ipsi,
1638 623 1941 695 utdignam
1971 637 2088 677 rem

502 718 766 773 miraculo
820 719 1107 772 ridiculam
1166 718 1367 783 facias,
1417 730 1784 785 spernasque,
1838 730 1901 769 ac
1960 730 2091 768 num

504 810 705 865 sterilis
735 810 930 879 pariat,
972 810 1150 864 verbis
1183 808 1514 864 contendis?
1544 809 1599 862 Si
1627 808 1773 863 enim
1812 823 1917 861 non
1951 806 2095 877 parit

503 901 738 961 sterilis,
762 915 863 953 nec
890 915 1017 968 quae
1036 897 1401 969 paritsterilis
1424 906 1545 965 est;
1578 898 1852 967 quomodo
1879 898 2092 954 arentia

505 992 671 1047 ubera
726 993 779 1045 in
836 993 991 1046 lactis
1034 992 1215 1047 fontes
1256 994 1571 1049 acuuntur?
1620 991 1901 1062 Siquidem
1946 993 2094 1050 enim

504 1092 762 1138 senectus
815 1084 1097 1154 sanguinis
1161 1085 1451 1140 thesauros
1510 1084 1687 1140 nescit
1752 1084 2095 1150 recondere,

504 1173 782 1243 quomodo
823 1174 968 1245 quod
1023 1192 1272 1230 mamma:
1316 1192 1426 1230 non
1458 1184 1811 1247 acceperunt,
1848 1176 1905 1231 in
1936 1175 2097 1233 lactis

504 1263 761 1318 dealbant
813 1265 1052 1333 speciem
1078 1265 1101 1318 ?
1149 1266 1253 1331 Qui
1292 1282 1422 1321 vero
1451 1267 1616 1323 etiam
1641 1267 1799 1322 vulva
1826 1277 2095 1334 emortua,

505 1365 773 1411 maturam
824 1358 1115 1427 vivamque
1154 1359 1361 1429 prolem
1396 1360 1527 1425 edit,
1563 1375 1794 1429 eamque
1823 1360 1936 1430 ipsa
1963 1376 2097 1415 con-

507 1448 662 1511 tinet.
712 1459 769 1504 et
818 1450 947 1505 alit?
1000 1450 1125 1507 llaec
1161 1462 1217 1506 tu
1245 1453 1512 1507 adversus
1545 1454 1803 1524 teipsum,
1838 1462 2097 1523 tuamque

506 1542 781 1596 subtiliter
833 1545 1057 1597 consnis
1095 1544 1325 1597 salutem
1355 1560 1369 1598 :
1395 1544 1516 1613 quis
1546 1560 1747 1614 nempe
1778 1545 2093 1600 exsistens?

508 1634 621 1689 Nec
662 1634 809 1689 enim
854 1651 997 1689 unus
1040 1636 1163 1706 quis
1213 1635 1456 1690 fidelium
1496 1636 1747 1700 exsistas,
1784 1652 1847 1691 ac
1881 1651 2096 1704 eorum,

510 1728 604 1795 qui
649 1727 913 1781 miraculo
944 1727 1093 1797 digiti
1128 1728 1257 1781 sint.
1304 1726 1439 1781 Nam
1488 1744 1665 1797 neque
1695 1729 1867 1783 ﬁdelis
1896 1730 2099 1798 produc

508 1830 686 1885 catur,
711 1821 804 1889 qui
830 1820 895 1875 iis
917 1822 1143 1889 abroget
1168 1822 1350 1883 fidem.
1379 1838 1474 1892 per
1494 1838 1615 1892 quas
1642 1822 1775 1877 ﬁdes
1802 1824 2096 1891 astruitur;

2196 618 2578 689 θαυμάζομεν,
2615 617 2766 686 ποιρά
2799 616 3006 685 φαῦλον
3044 616 3231 669 θέσθαι
3261 617 3324 667 τὸ
3353 613 3796 685 θαυμαζόμενον,

2196 714 2290 764 καὶ
2326 710 2445 770 πῶς
2471 712 2661 780 στεῖρα
2685 710 2837 763 τέκοι
2862 709 3223 779 λογομαχεξς
3262 710 3325 763 Εἰ
3370 709 3479 779 γάρ
3509 713 3700 781 στεῖρα
3733 711 3796 763 οὔ

2195 803 2403 857 τίκτειο
2435 804 2696 857 τίκτουσα
2731 804 2787 857 δὲ
2814 805 2875 857 οὑ
2908 806 3093 874 στείρα
3115 820 3129 834 ο
3157 805 3274 867 πῶς
3299 804 3356 857 δὲ
3398 803 3562 874 μαζοὶ
3592 803 3799 875 ξηραν-

2199 891 2384 957 θέντες
2419 895 2501 957 είς
2528 896 2713 966 πηγὰς
2762 895 3197 967 ἀναστομοῦνται
3236 896 3539 965 γάλακτος;
3580 898 3641 950 Ei
3688 899 3798 968 γὰρ

2199 983 2553 1056 θησαυρίζειν
2595 980 2735 1056 αἷμα
2777 986 2840 1041 τὸ
2872 987 3056 1057 γῆρας
3084 988 3184 1041 οὐκ
3211 983 3343 1052 οἶδε,
3381 987 3502 1051 πῶς
3526 989 3666 1058 ὅπερ
3696 990 3799 1041 οὐκ
3836 970 3843 979 ’

2198 1076 2394 1130 ἔλαϐον
2418 1079 2473 1132 αί
2505 1077 2688 1148 θηλαὶ,
2713 1078 3095 1133 λευκαίνουσιν
3125 1080 3205 1142 εἰς
3240 1079 3418 1147 γάλα;
3451 1079 3575 1143 Πῶς
3602 1079 3661 1131 δὲ
3695 1080 3799 1149 μή·

2197 1187 2305 1242 τρα
2330 1172 2667 1241 νεκρωθείσα
2696 1172 3071 1243 τελεσιουργεί
3107 1171 3203 1226 καὶ
3232 1172 3521 1237 ζωοποιεῖ,
3551 1174 3648 1226 καὶ
3673 1189 3800 1225 συν-

2200 1264 2314 1335 έχει
2337 1265 2434 1317 καὶ
2459 1265 2654 1335 τρέφει
2680 1265 2739 1319 τὸ
2767 1265 3040 1336 ἔμϐρυονς
3065 1266 3250 1320 Ταῦτα
3274 1267 3339 1320 σὺ
3370 1268 3511 1319 κατά
3542 1268 3797 1331 σεαυτοῦ,

2199 1361 2295 1411 καὶ
2321 1358 2425 1429 τῆς
2450 1359 2551 1427 σῆς
2576 1361 3027 1431 μηχανορραφεῖς
3058 1362 3365 1432 σωτηρίαςο
3394 1361 3479 1421 τίς
3516 1360 3627 1427 ὢν;
3674 1361 3800 1413 Τῶν

2202 1448 2412 1503 πιστῶν
2444 1451 2552 1521 γάρ
2588 1454 2682 1504 καὶ
2703 1452 2869 1519 ἀξίων
2916 1453 3013 1508 τοῦ
3066 1454 3368 1523 θαύματος,
3396 1457 3499 1507 οὐκ
3543 1453 3609 1506 ἀν
3636 1453 3758 1524 είης
3783 1469 3795 1481 ·

2200 1541 2321 1595 οὐδὲ
2345 1542 2453 1613 γὰρ
2479 1543 2600 1596 οὐδὲ
2630 1547 2761 1607 τοῖς,
2795 1545 2862 1598 δι’
2886 1538 2961 1598 ὧν
2987 1547 3020 1616 ἡ
3063 1545 3267 1609 πίστις,
3316 1547 3568 1599 ἀπιστεῖν
3593 1546 3797 1615 esse».

2200 1627 2293 1686 οὖν
2318 1635 2347 1685 ὁ
2370 1634 2559 1697 πιστὸς
2583 1636 3019 1705 παρασθὴσεται,
3040 1636 3175 1689 ἀλλά
3203 1636 3476 1697 Ἰουδαῖος.
3525 1636 3587 1689 'H
3608 1638 3797 1709 Σᾶρῤα

2201 1725 2279 1790 δὲ,
2305 1726 2442 1789 πῶς,
2474 1727 2506 1797 ἦ
2538 1726 2641 1779 ποῦ
2673 1744 2755 1780 σοι
2779 1728 3191 1795 διαπέπτωκεν;
3221 1724 3368 1799 *Αρα
3392 1730 3502 1799 γὰρ
3525 1729 3586 1781 ού
3609 1730 3798 1799 γήρως

2205 1818 2298 1870 καὶ
2333 1818 2672 1890 στειρώσεως
2706 1816 2813 1874 εἶδε
2850 1821 3017 1876 παῖδα
3054 1820 3147 1874 τὸν
3194 1820 3417 1885 Ἰσαάκ;
3452 1820 3517 1874 ἂν
3554 1823 3586 1890 ἡ
3624 1823 3796 1873 Ἀννα

510 1913 605 1967 sed
644 1910 887 1967 Iudaeus.
928 1913 997 1966 At
1025 1912 1320 1982 quomodo,
1354 1930 1417 1968 ac
1450 1914 1540 1968 ubi
1569 1914 1664 1968 tibi
1695 1914 1900 1969 excidit
1926 1914 2099 1969 Sara?

2208 1926 2291 1962 σοι
2320 1912 2511 1979 συγχεῖ
2566 1912 2660 1964 καὶ⁵
2695 1913 2958 1983 ταράσσει
2992 1913 3120 1977 τοὺς
3179 1911 3501 1981 λογισμοὺς.
3546 1914 3576 1983 ἢ
3607 1914 3795 1985 Σάρρα

512 2002 705 2059 Nonne
729 2005 875 2059 enim
918 2005 1029 2069 illa,
1058 2006 1356 2061 senectutis
1376 2022 1439 2060 ac
1462 2006 1762 2061 sterilitatis
1793 2006 2106 2077 dispendiis

513 2097 717 2151 editam
775 2097 1007 2166 prolem,
1060 2096 1211 2154 Isaac
1258 2098 1434 2151 vidit?
1478 2096 1758 2167 Siquidem
1789 2100 1947 2153 Anna
1982 2099 2107 2153 ani-

514 2204 667 2243 mum
710 2190 807 2243 tibi
857 2189 1176 2253 confundit,
1213 2204 1276 2244 ac
1305 2190 1526 2255 turbat,
1562 2190 1760 2260 potiori
1786 2191 1911 2260 jure
1945 2191 2101 2256 Sara,

513 2281 734 2350 quando
759 2282 923 2335 etiam
957 2282 1122 2351 prior.
1147 2281 1302 2347 Quod
1332 2282 1377 2336 si
1405 2283 1509 2337 hoc
1532 2283 1929 2337 dubitationem
1953 2284 2102 2348 facit,

515 2373 606 2429 ille
662 2381 741 2438 tu,
794 2390 970 2443 neque
1010 2375 1305 2444 persentis,
1352 2384 1500 2429 tuam
1548 2383 1598 2429 te
1647 2376 2003 2444 prmscribere
2040 2391 2106 2431 ac

512 2469 840 2523 submovere
872 2468 1275 2537 cognationem,
1315 2468 1638 2540 radicesque
1678 2486 1746 2526 ex
1772 2471 1974 2540 quibus
2007 2470 2105 2525 tibi

514 2575 666 2614 ramo
712 2575 832 2614 esse
875 2561 1142 2624 accessit,
1191 2570 1513 2630 amputare,
1573 2571 1737 2631 atque
1789 2578 1820 2616 a
1865 2562 2105 2618 Judaicis

508 2648 725 2719 juribus
757 2649 1060 2703 revinceris
1081 2649 1353 2704 excidisse
1376 2649 1397 2702 ?

584 2741 657 2798 Ut
706 2742 926 2811 quidem
976 2756 1078 2812 ego
1115 2752 1326 2796 natura:
1371 2742 1516 2797 serio
1545 2753 1757 2813 partum
1789 2741 1990 2796 factum
2018 2741 2104 2796 dio

512 2847 666 2899 cens,
718 2845 909 2903 postea
950 2849 1201 2905 rogarem
1245 2833 1299 2888 in
1345 2849 1524 2889 meam
1557 2834 1791 2903 pedibus
1818 2833 2104 2887 manibus-

511 2935 620 2990 que
664 2920 773 2976 ires
808 2923 1134 2976 sententiam
1155 2962 1169 2985 ,
1200 2923 1395 2978 merito
1430 2924 1692 2978 sterilitas
1715 2932 2061 2978 senectutem

512 3022 731 3069 natura.
775 3014 1046 3067 rationum
1104 3014 1345 3069 laborem
1386 3015 1783 3085 progigneret:
1832 3029 1956 3067 cum
2007 3029 2105 3067 au-

514 3113 623 3160 tem
657 3104 859 3160 divinas
885 3106 1072 3175 gratiae
1102 3121 1241 3175 opus
1269 3108 1516 3170 doceam,
1542 3106 1673 3176 quid
1701 3106 1925 3177 gratiam
1952 3105 2103 3176 cogis

514 3194 723 3250 servire
772 3204 1003 3259 naturae,
1034 3196 1192 3267 cujus
1216 3196 1303 3251 illa
1333 3212 1548 3265 semper
1575 3197 1841 3252 dominari
1867 3212 2092 3267 compa-

514 3298 629 3343 rata
669 3290 798 3342 est?
834 3288 972 3343 Num
1010 3290 1272 3345 Adamum
1302 3289 1545 3344 admittis
1575 3305 1606 3344 e
1635 3290 1749 3344 luto
1777 3289 2093 3357 formatum,

514 3396 582 3437 ac
604 3383 812 3452 absque
841 3382 1125 3437 nativitate
1155 3383 1481 3453 productum
1506 3397 1627 3437 esse
1649 3383 1671 3436 ?
1692 3382 1828 3438 Num
1861 3384 2103 3441 admittis

515 3483 572 3532 et
599 3475 766 3531 Evam
800 3476 1003 3545 absque
1031 3478 1221 3546 copula
1252 3477 1476 3538 editam,
1507 3492 1570 3530 ac
1592 3477 1799 3543 lateris,
1825 3488 2101 3548 castaeque

516 3582 738 3638 germen
791 3568 957 3622 esse?
1007 3576 1065 3622 ut
1118 3567 1279 3636 plane
1329 3583 1438 3621 non
1489 3568 1603 3621 hac
1652 3566 1802 3622 dicas
1827 3568 2101 3622 rationem

516 3668 745 3714 naturae.
773 3658 905 3725 Quae
934 3659 1080 3713 enim
1118 3658 1355 3713 humana
1388 3658 1739 3712 successione
1779 3659 2011 3713 accretio
2039 3674 2104 3712 ac

516 3751 825 3822 procreatio
862 3759 968 3814 est,
1002 3751 1223 3805 modum
1260 3751 1427 3804 alium
1455 3751 1824 3819 processionis
1852 3766 2100 3815 servans,

518 3859 631 3898 non
687 3843 817 3898 sinit
884 3853 945 3899 ut
986 3844 1204 3898 illorum
1250 3845 1655 3913 processionem
1703 3852 1915 3897 natura!
1963 3858 2104 3913 opus

520 3933 801 3989 existimes
847 3951 861 3988 :
911 3942 968 3987 at
1007 3949 1185 4003 neque
1238 3950 1453 3988 rursum
1488 3944 1547 3987 ut
1573 3943 1761 3987 contra
1797 3943 2047 3987 naturam
2084 3952 2098 3989 :

520 4027 787 4098 siquidem
877 4027 967 4082 illa
1012 4027 1276 4081 naturalis
1337 4028 1622 4082 hominum
1696 4026 2104 4080 constitutionis

520 4120 848 4190 principium
898 4128 1002 4173 est.
1056 4120 1231 4173 Divini
1276 4135 1405 4189 ergo
1442 4118 1652 4173 consilii
1685 4120 1775 4181 sit,
1810 4128 1971 4187 atque
2006 4134 2103 4188 po-

519 4214 724 4267 tentias.
762 4214 902 4279 Quid
932 4214 1101 4267 vero?
1124 4211 1261 4265 Tum
1293 4213 1513 4281 quidem
1556 4213 1800 4281 potuisse
1824 4212 2099 4275 concedis,

521 4305 573 4357 in
604 4306 670 4359 iis
693 4321 910 4375 quoque
935 4321 1055 4373 quas
1081 4306 1344 4373 majorem
1366 4304 1779 4359 admirationem
1808 4305 2099 4371 habebant,

519 4399 764 4453 divinum
824 4396 1058 4460 Numen,
1115 4412 1216 4449 nec
1278 4406 1485 4450 natura:
1535 4397 1780 4451 ordinem
1839 4398 2103 4452 adversus

518 4491 638 4561 ejus
668 4490 935 4548 Fictorem
992 4488 1255 4553 instruis;
1303 4504 1453 4543 nunc
1480 4497 1682 4552 autem,
1718 4497 1970 4558 tanquam
2004 4504 2102 4557 po-

520 4581 886 4636 tentissimum
942 4596 1007 4634 ac
1049 4579 1407 4633 immortalem
1459 4579 1709 4632 virtutem
1755 4579 1901 4649 gravi
1949 4578 2103 4633 senio

414 4690 417 4691 '
518 4674 785 4729 defectam
836 4673 1200 4733 existimares,
1244 4672 1364 4727 istis
1405 4673 1818 4728 imbecilliorem
1851 4690 2098 4743 pronun-

520 4768 655 4821 tias?
696 4782 820 4820 cum
863 4765 1138 4834 prioribus
1186 4766 1540 4829 exercitatus,
1587 4783 1685 4836 par
1723 4776 1867 4821 esset
1899 4775 1955 4820 ut
1980 4767 2102 4821 aliis

516 4874 735 4929 quoque
779 4861 962 4930 potius
1001 4859 1284 4921 videreris,
1326 4860 1686 4914 indubitatam
1738 4861 1790 4914 in
1828 4861 2096 4927 ejusmodi

2118 3254 2167 3317 ε

2212 2003 2412 2072 μᾶλλον
2442 2004 2525 2057 ὅτι
2555 2005 2650 2056 καὶ
2678 2004 2915 2074 πρῶτον.
2944 2006 3043 2057 "Av
3066 2004 3227 2059 τοῦτο
3251 2008 3376 2076 ποιῇ
3413 2005 3513 2076 τὴν
3552 2008 3794 2075 ἀμφιϐο-

2208 2095 2345 2161 λίαν,
2381 2097 2584 2160 ἐκεῖνος
2616 2098 2704 2160 σὺ,
2738 2098 2950 2169 καὶτῆς
2978 2098 3078 2168 σῆς
3104 2099 3204 2152 οὐκ
3233 2100 3467 2172 αἰσθάνῃ
3501 2101 3795 2169 Μραγρά·

2208 2204 2324 2256 φων
2352 2188 2694 2256 συγγενείας,
2723 2189 2817 2243 καὶ
2841 2190 3052 2260 τέμνων
3082 2192 3179 2254 τὰς
3211 2188 3366 2261 ῥίζας
3398 2193 3456 2256 ἐξ
3498 2184 3575 2243 ὧν
3619 2208 3706 2243 σοι
3738 2192 3794 2241 τὸ

2208 2272 2347 2331 εἶναι
2372 2278 2569 2348 κλάδῳ,
2629 2280 2723 2332 καὶ
2775 2279 2884 2332 τῶν
2930 2280 3235 2335 Ἰουδαϊκῶν
3260 2281 3478 2352 Θεσμῶν
3531 2282 3793 2351 ἐξελέγχῃ

2209 2374 2697 2440 κατενηνεγμένος.

2290 2725 2430 2794 Ἐγὼ
2458 2726 2534 2792 δὲ,
2576 2727 2625 2780 εί
2651 2727 2751 2797 μὲν
2782 2727 2960 2799 είρμῷ
3003 2730 3221 2798 φύσεως
3268 2730 3583 2802 πεπρᾶχθαι
3623 2731 3794 2800 λέγων

2205 2817 2298 2872 τὸν
2323 2818 2503 2881 τόκον,
2540 2818 2735 2873 ἔπειτά
2770 2836 2830 2871 σε
2857 2820 3107 2889 ὁμονοεῖν
3138 2821 3508 2891 παρεκάλουν,
3539 2823 3724 2886 καλῶς
3762 2824 3793 2892 ἡ

2208 2912 2396 2981 στείρα
2424 2910 2486 2963 τὸ
2514 2911 2694 2979 γῆρας
2714 2926 2727 2940 ⁸
2758 2912 2792 2981 ή
2824 2911 2984 2980 φύσις
3030 2912 3139 2964 τῶν
3170 2912 3551 2983 συλλογισμῶν
3602 2916 3793 2983 ἐγέννα

2204 3002 2294 3055 τὸν
2327 3003 2486 3055 πόνον
2504 3019 2518 3033 ’
2551 3004 2599 3055 εί
2627 3002 2683 3055 δὲ
2705 3003 2929 3073 χάριτος
2954 3003 3107 3068 θείας
3134 3005 3425 3074 πρεσϐεύω
3446 3006 3545 3078 τὴν
3571 3006 3791 3073 πρᾶξιν,

2204 3093 2256 3147 τί
2280 3094 2376 3164 τὴν
2400 3095 2559 3166 χάριν
2590 3094 2818 3167 suam
2839 3094 3111 3150 δουλεύειν
3138 3100 3203 3167 τῇ
3236 3098 3417 3166 φύσει,
3451 3094 3518 3169 ἧς
3540 3100 3629 3152 ἀεὶ
3657 3098 3793 3165 αὕτη

2205 3186 2417 3257 πέφυκε
2448 3187 2650 3257 κυρίας
2684 3190 2825 3263 Δέχῃ
2852 3191 3133 3261 τὸνἈδάμ
3162 3192 3317 3264 πηλῷ
3345 3193 3678 3255 πλασθέντα,
3701 3204 3796 3259 καὶ

2201 3282 2370 3352 χωρὶς
2396 3283 2747 3354 παραχθέντα
2795 3287 3137 3355 γεννήσεως;
3167 3287 3310 3359 Δέχῃ
3339 3287 3441 3359 τὴν
3496 3287 3642 3342 Εὔαν
3667 3290 3796 3344 ἄνευ

2204 3377 2523 3447 συναφείας,
2559 3378 2654 3430 καὶ
2680 3378 2922 3448 πλευρᾶς
2960 3379 3313 3450 ὑπάρχουσαν
3336 3381 3613 3453 γέννημα;
3640 3383 3796 3449 λόγον

2202 3467 2377 3522 ταῦτα
2399 3469 2613 3539 φύσεως
2642 3469 2742 3521 οὐκ
2772 3468 2839 3522 ἂν
2872 3470 3048 3521 εἰπεῖν
3076 3468 3233 3540 ἔχων.
3271 3469 3335 3523 Ἠ
3365 3470 3473 3541 γὰρ
3506 3471 3649 3524 κατά
3674 3472 3794 3526 δια·

2203 3560 2367 3631 δοχὴν
2388 3562 2499 3613 τῶν
2519 3559 2824 3631 ἀνθρώπων
2854 3560 3080 3630 αὔξησίς
3110 3579 3169 3615 τε
3195 3562 3289 3615 καὶ
3317 3564 3595 3633 γέννησις,
3629 3564 3795 3633 ἀλλην

2203 3654 2356 3717 τάξιν
2381 3653 2480 3723 τῆς
2500 3654 2728 3723 προόδου
2756 3654 3121 3719 διασώζουσα,
3158 3656 3255 3709 οὐκ
3286 3657 3350 3727 ἑᾷ
3381 3658 3480 3728 τὴν
3523 3658 3794 3729 προϐολὴν

2205 3746 2429 3799 ἐκείνων
2460 3746 2677 3815 φύσεως
2718 3746 2962 3811 δοξάζειν
2983 3748 3145 3819 ἔργον
3165 3766 3179 3780 ο
3236 3749 3353 3802 ἀλλ’
3378 3750 3501 3804 οὐδέ
3530 3768 3592 3820 γε
3641 3754 3793 3822 παρά

2204 3836 2367 3905 φύσιν
2390 3837 2553 3890 πάλιν
2576 3852 2593 3869 ·
2626 3838 2771 3910 ἀρχὴ
2804 3839 2912 3906 γὰρ
2943 3839 3042 3909 τῆς
3079 3840 3220 3893 κατά
3250 3841 3413 3909 φύσιν
3440 3843 3552 3896 τῶν
3576 3842 3793 3915 ἀνθρώ-

2205 3949 2323 3986 πων
2354 3934 2691 3995 συστάσεως.
2726 3933 2889 3998 Θείας
2921 3935 3027 4005 ἄρα
3059 3934 3278 4006 βουλῆς,
3330 3938 3425 3991 καὶ
3485 3937 3688 4009 ἰσχύος.
3725 3939 3795 3992 Τί

2203 4025 2295 4090 δέ;
2327 4026 2459 4078 Τότε
2495 4025 2594 4095 μὲν
2635 4025 2841 4096 ἰσχύειν
2869 4028 2973 4079 κᾶν
3006 4030 3118 4091 τοῖς
3146 4030 3605 4101 παραδοξοτέροις
3633 4031 3795 4095 δίδως

2204 4117 2264 4169 τὸ
2286 4117 2459 4181 Θείον,
2489 4117 2584 4170 καὶ
2602 4116 2700 4188 τὴν
2734 4117 2886 4182 τάξιν
2919 4119 3017 4189 τῆς
3044 4118 3260 4188 φύσεως
3295 4122 3436 4174 κατὰ
3464 4124 3558 4174 τοῦ
3588 4122 3799 4193 ταύτης

2205 4209 2301 4279 οὐχ
2331 4208 2570 4274 ὁπλίζεις
2598 4210 2843 4264 Πλάστου
2864 4228 2878 4242 ο
2900 4212 2992 4265 νῦν
3012 4213 3067 4265 δὲ
3090 4212 3277 4281 ὥσπερ
3296 4215 3473 4285 γῆρας
3501 4214 3638 4285 βαθὺ
3661 4234 3800 4271 κατ-

2205 4303 2462 4372 εγνωκὼς
2510 4305 2608 4375 τῆς
2642 4304 3116 4377 πανσθενεστάτης
3166 4308 3260 4361 καὶ
3300 4310 3579 4379 ἀκηράτου
3632 4311 3801 4363 δυνά-

2209 4414 2375 4468 μεως,
2410 4397 2806 4468 ἀσθενεστέραν
2833 4399 3042 4462 τούτοις
3070 4402 3390 4468 ἀποφαίνεις
3419 4423 3435 4469 ;
3464 4404 3547 4472 ἐφ’
3576 4400 3653 4457 ὧν
3675 4410 3801 4468 τοῖς

2205 4492 2516 4564 ἔμπροσθεν
2570 4496 3107 4565 ἐγγεγυμνασμένος,
3148 4498 3355 4562 δίκαιος
3385 4500 3451 4553 ἀν
3478 4498 3621 4572 ἦσθα
3654 4505 3804 4571 μᾶλα

2206 4585 2296 4639 λον
2328 4587 2421 4639 καὶ
2450 4589 2563 4650 τοῖς
2593 4587 2771 4651 ἄλλοις
2802 4587 3035 4657 ὀφθῆναι
3068 4591 3167 4659 τὴν
3207 4592 3336 4663 περὶ
3374 4595 3583 4648 τούτων
3609 4597 3805 4649 πίστιν

2207 4677 2528 4763 ἁδίστακτον
2563 4680 2999 4751 παρεσχημένος.
3047 4683 3255 4737 Οὐκοῦν
3286 4686 3407 4739 οὐδὲ
3468 4686 3719 4751 Ἰουδαῖος
3774 4692 3806 4740 ὁ

2206 4768 2642 4839 ἀμφισϐητήσων
2700 4771 2808 4842 είη,
2856 4772 3031 4843 ἄνπερ
3090 4776 3346 4839 Ἰουδαῖος
3368 4779 3489 4849 εἴη·
3545 4779 3677 4832 άλλά
3714 4799 3807 4843 τις

2208 4862 2314 4916 τῶν
2343 4863 2583 4933 Ἕλληνα
2617 4864 2740 4918 νοῦν
2778 4867 2873 4919 καὶ
2906 4867 3131 4937 γνώμην
3167 4872 3549 4940 κεκτημένων.

516 4952 762 5023 praebere
808 4950 990 5004 fidem.
1048 4951 1309 5015 Quocirca
1345 4966 1411 5004 ne
1450 4949 1672 5004 Iudaeus
1705 4950 1924 5018 quidem
1970 4950 2325 5016 dubitaverit,
2369 4962 2429 5006 ut
2469 4952 2690 5023 quidem
2734 4953 2958 5009 Jud:eus
2986 4955 3090 5017 sit;
3159 4958 3253 5011 sed
3318 4974 3509 5015 eorum
3570 4962 3812 5031 aliquis,

517 5045 609 5115 qui
677 5044 921 5098 animum
959 5058 1024 5097 ac
1064 5054 1301 5097 mentem
1351 5043 1554 5096 habent
1593 5041 1861 5113 gentilitio
1911 5057 2095 5097 errore
2137 5051 2370 5099 tentum.

589 5141 706 5197 Non
754 5141 932 5194 credis
973 5156 1100 5211 ergo
1130 5148 1206 5201 tu,
1237 5140 1677 5206 subsannasque,
1709 5147 1771 5191 ut
1802 5138 1976 5208 puella
2007 5139 2105 5194 abs

519 5233 693 5288 sterili
735 5231 1017 5303 prodierit,
1065 5231 1155 5300 qui
1199 5230 1450 5284 homines
1475 5228 1766 5297 putredine
1796 5238 1947 5283 ortos
1974 5244 2106 5283 con-

518 5325 718 5395 tingis?
757 5324 846 5393 qui
888 5323 1143 5379 draconis
1177 5324 1370 5376 dentes
1410 5321 1708 5389 majoribus
1744 5322 1853 5376 tuis
1892 5322 2102 5389 vulvas,

517 5416 717 5483 quibus
758 5416 870 5471 sint
912 5414 1180 5485 suscepti,
1229 5413 1445 5468 cﬂicis:
1494 5412 1738 5481 adeoque
1768 5412 1973 5465 utinam
2006 5412 2101 5465 tibi

518 5507 636 5577 ipse
672 5507 896 5572 dicenti,
939 5522 1035 5562 eos
1080 5506 1331 5576 sepulcra
1378 5504 1736 5566 ostendisses,
1774 5504 1867 5574 qui
1896 5504 2103 5574 lapides

515 5598 675 5669 jubes
725 5613 1085 5653 concrescere
1135 5598 1188 5651 in
1230 5596 1503 5658 homines,
1556 5605 1882 5667 tuorumque
1929 5598 2102 5666 majo-

519 5705 640 5746 rum
689 5706 862 5761 genus
909 5690 1071 5761 digna
1120 5698 1174 5742 te
1206 5688 1347 5743 serie
1369 5704 1645 5753 recenses,
1673 5689 1726 5743 in
1752 5689 2102 5745 formicarum

520 5783 843 5852 sanguinem
884 5780 1152 5835 referens.
1202 5778 1283 5833 Tu
1333 5781 1449 5835 hmo
1493 5781 1746 5851 sapiens,
1790 5796 2100 5851 quanquam

522 5882 651 5931 aunt
692 5874 985 5927 maximum
1012 5871 1262 5927 delirium
1290 5889 1304 5939 ;
1348 5888 1447 5929 nee
1478 5888 1705 5944 usquam
1733 5874 1958 5945 aliquid,
1990 5890 2100 5929 non

2287 5141 2562 5205 ’Λπιστεῖς
2606 5142 2661 5195 δὲ
2707 5143 2814 5212 ἄρα
2850 5145 2936 5205 σὺ.
2990 5145 3082 5199 καὶ
3138 5146 3423 5214 φαυλίζεις
3464 5149 3529 5201 ὲκ
3572 5150 3813 5221 στείρας

2203 5233 2371 5285 παῖδα
2398 5232 2848 5302 προεληλυθέναι,
2879 5238 2906 5288 ὁ
2931 5236 3151 5306 σήψεως
3180 5240 3346 5292 τέκνα
3392 5239 3639 5293 πλάττων
3663 5244 3815 5307 τοὺς

2201 5322 2552 5391 ἀνθρώπους;
2585 5325 2612 5377 ὁ
2633 5324 3015 5393 δρακοντεῖους
3047 5326 3265 5391 ὀδόντας
3312 5329 3530 5398 μήτρας
3563 5330 3818 5399 αὐτουρο

2201 5415 2379 5484 γήσας
2412 5418 2521 5479 τοῖς
2550 5419 2662 5479 σοῖς
2693 5434 2757 5484 γε
2786 5419 3104 5488 προγόνοιςς
3132 5421 3207 5478 ὡς
3247 5421 3358 5473 εἴθε
3392 5423 3591 5490 τάφους
3619 5424 3821 5479 ταῦτα

2205 5508 2417 5577 λέγοντί
2445 5526 2525 5562 σοι
2553 5509 2779 5573 τούτους
2811 5511 3077 5575 ἐδείκνυς,
3101 5515 3129 5565 ὁ
3150 5512 3331 5576 λίθους
3348 5514 3819 5584 ἀνθρωπίζεσοαε

2207 5600 2584 5670 προστάττων,
2648 5601 2743 5655 καὶ
2793 5603 2901 5655 τῶν
2961 5604 3067 5658 σῶν
3120 5607 3485 5676 προπατόρων
3527 5606 3583 5657 τὸ
3627 5605 3819 5671 γένος

2204 5694 2373 5757 ἀξίως
2406 5710 2467 5761 γε
2500 5694 2698 5747 σαυτοῦ
2734 5696 3095 5765 γενεαλογῶν,
3132 5700 3210 5760 εἱς
3257 5698 3317 5750 τὸ
3342 5698 3449 5750 τῶν
3484 5698 3821 5767 μυρμήκων

2208 5785 2499 5853 ἀναφέρων
2524 5779 2684 5853 αἷμα.
2706 5787 2776 5839 Σὺ
2800 5787 2971 5839 ταῦτα
2994 5788 3225 5856 φρονῶν,
3254 5788 3357 5840 κᾶν
3381 5790 3585 5857 μακρὸς
3609 5788 3827 5859 ὑπεὶρ-

2208 5891 2294 5946 χει
2328 5874 2491 5945 λῆρος
2518 5892 2529 5903 ν
2557 5876 2652 5930 καὶ
2701 5877 2935 5948 οὐδαμῆ,
2979 5878 3165 5931 ούδένο
3200 5880 3260 5931 οὐ
3303 5879 3496 5948 χάρινσ
3526 5877 3584 5929 οὐ
3630 5878 3823 5937 νοῦν.
