3996 6426
176 449 272 519 553

953 448 1280 509 IlOMiLIA
1318 450 1367 510 Ι.
1416 475 1485 485 -
1518 450 1601 508 IN
1644 451 1746 510 SS.
1789 451 2055 512 MARL-E
2095 448 2634 511 NATIVITATEM.

3337 453 3439 515 554

177 564 231 615 ού
263 558 450 628 φύσιν,
473 558 576 611 οὐκ
615 558 888 627 αἴσθησιν,
920 559 1022 611 οὐκ
1049 559 1335 631 ἀλλοτρίαν
1365 558 1542 626 δόξαν,
1576 562 1637 612 οὒ
1656 561 1753 629 τὴν

1865 563 2108 631 gratiam.
2158 578 2266 615 non
2306 570 2567 619 mentem.
2604 574 2713 612 non
2748 569 3018 625 naturam,
3052 576 3160 614 non
3194 576 3441 618 sensum.

178 652 424 712 σεαυτοῦ.
451 653 553 706 οὐκ
580 652 708 706 ἄλλο
740 652 891 705 οὐδὲν
934 656 1233 725 συνήγορον
1279 654 1438 724 ἔχων,
1489 654 1629 725 πλὴν
1658 657 1755 721 τῆς

174 745 265 815 σῆς
292 744 685 814 ἀναισχυντίας
722 745 756 813 ἦ
805 745 1200 815 ἀναισθησίας·
1253 747 1424 814 ὅμως.
1473 747 1756 817 περιέπεις

175 836 261 891 ml.
290 836 622 907 πρεσϐεύεις
642 851 657 865 °
686 836 720 889 ἃ
739 836 796 890 δὲ
823 836 918 889 καὶ
959 837 1109 903 δόξαι
1147 836 1379 909 κυροῦσι
1427 838 1756 908 μαχόμεναι,

174 926 341 981 tanta
364 927 493 998 περὶ
520 926 725 981 τούτων
759 925 865 980 ὑπὸ
885 926 985 997 τῆς
1018 928 1278 998 ἀληθείας
1318 930 1688 998 συνφθέγγεσθ
1702 948 1755 982 αι

174 1018 525 1089 βιαζόμεναι’
565 1017 661 1071 καὶ
689 1010 764 1069 ὧν
790 1016 981 1087 πρώτη
1037 1018 1249 1089 μάρτυς
1295 1020 1330 1091 ή
1385 1019 1619 1089 αὑτοψία
1663 1020 1757 1073 καὶ

175 1108 445 1181 αἴσθησις,
473 1109 571 1163 καλ⁵
598 1102 680 1173 οἷς
708 1108 883 1161 πολλά
904 1108 1013 1161 τῶν
1038 1111 1415 1182 ὁμοιοτρόπως
1459 1112 1627 1166 πάλαι
1663 1129 1757 1180 γε·

174 1200 426 1271 γονότων,
456 1202 550 1255 καὶ
584 1200 755 1271 χωρὶς
794 1200 903 1253 τῶν
928 1203 1236 1273 εἰρημένων
1265 1204 1365 1276 τὴν
1396 1204 1580 1258 πίστιν
1614 1222 1757 1276 παρ-

174 1284 374 1365 έχεται·
430 1293 605 1347 ταῦτα
655 1293 940 1364 χλευάζειν
985 1295 1308 1367 ἐπιχειρεῖς,
1359 1298 1454 1351 καὶ
1481 1299 1536 1352 ὲν
1570 1299 1759 1368 φαύλῳ

174 1383 452 1449 τίθεσθαις
484 1386 577 1438 καὶ
597 1384 658 1437 οὐ
684 1386 843 1438 τούτο
872 1384 1039 1456 φαίην
1068 1386 1134 1441 ἂν
1158 1387 1355 1457 ἔγωγε,
1392 1389 1469 1454 ὡς
1496 1386 1577 1454 οἷς
1610 1391 1758 1444 ἐκεῖ·

174 1488 247 1531 vo:
266 1476 341 1529 τὰ
373 1475 700 1531 ἀτοπώτατα
724 1478 1197 1547 πεπρεσϐεύκασι,
1226 1479 1439 1544 τούτοις
1468 1484 1617 1553 ἡμᾶς
1641 1483 1761 1552 δεή-

176 1585 250 1622 σει
307 1570 663 1637 σεμνολογεῖν
706 1568 777 1622 τὰ
833 1570 1119 1642 ἡμέτεραο
1165 1572 1287 1625 οὐδὲ
1314 1572 1514 1626 πολλοῦ
1544 1573 1644 1640 δεῖ,
1697 1574 1759 1627 τὸ

175 1660 279 1729 φῶς
314 1659 398 1731 τῷ
422 1660 605 1714 σκότει
639 1660 1080 1730 λαμπρύνεσθαι,
1121 1663 1155 1734 ἦ
1184 1662 1262 1735 τῷ
1286 1664 1474 1734 ψεύδει
1502 1667 1758 1719 συνίστα-

176 1752 290 1806 σθαι
324 1752 427 1823 τὴν
458 1752 714 1823 ἀλήθειαν
736 1771 750 1785 ·
783 1752 905 1824 ῆτῇ
939 1756 1116 1828 πλάνῃ
1149 1756 1248 1829 τὴν
1282 1759 1465 1811 πίστιν
1512 1761 1761 1832 στηρίζε-

176 1839 325 1893 σθαι’
358 1839 475 1893 ἀλλ’
502 1842 578 1903 ὡς
607 1842 743 1905 ὅλως
778 1844 879 1897 ούκ
913 1843 1044 1915 ἐξῆν
1080 1846 1317 1911 ἐκείνοις
1370 1849 1521 1903 κάτω
1556 1867 1758 1905 παντε-

174 1932 271 1996 λῶς
301 1933 703 2003 κατενεχθεῖσι,
730 1936 826 1988 καὶ
852 1936 977 1990 ὅσον
1000 1909 1185 2007 *ἡμεῖς
1215 1909 1327 1993 ἄνω
1356 1942 1455 2013 τῆς
1498 1941 1713 2009 φύσεως
1737 1986 1752 2011 ,

1865 1944 2102 1999 delitatis
2141 1958 2329 1999 errore
2373 1943 2697 1999 conﬁrmare
2747 1960 2764 2011 ;

173 2022 235 2077 τὰ
258 2021 360 2092 μὲν
390 2024 544 2093 παρὰ
574 2022 759 2091 φύσιν,
783 2025 880 2078 καὶ
904 2025 942 2080 ἃ
972 2027 1095 2097 μηδ’
1120 2028 1269 2092 ὅστις
1285 2025 1379 2085 οὖν
1403 2031 1604 2102 τρόπος
1629 2052 1759 2103 συγ-

176 2117 513 2187 κροτήσειεν,
546 2113 718 2168 ταῦτα
740 2116 928 2187 τιμᾷν,
951 2118 1044 2170 καὶ
1067 2118 1401 2190 θαυμάζεινο
1430 2122 1466 2176 ἆ
1496 2124 1553 2176 δὲ
1581 2125 1760 2196 πολλῷ

175 2209 413 2282 κρείσσω
434 2211 530 2265 καὶ
558 2211 720 2280 λόγου
762 2214 858 2265 καὶ
889 2212 1127 2283 φύσεως,
1174 2218 1269 2271 καὶ
1301 2218 1541 2282 ἀνέσεως
1568 2217 1633 2287 bf
1664 2218 1761 2270 καὶ

176 2303 338 2355 εἰσέτι
360 2302 659 2374 μαρτύρων
696 2303 877 2373 τάφοι,
922 2304 1069 2360 εστιν
1096 2299 1157 2360 οὗ
1187 2309 1289 2378 τῆς
1324 2309 1515 2380 χρείας
1561 2310 1760 2363 καλούά-

176 2397 399 2465 σης.κα“ι
419 2395 521 2465 τῆς
550 2397 812 2467 Προνοίας
838 2398 1761 2475 οἱκονομούσης,τερατουργοῦντες

173 2488 663 2557 ἑπιμαρτύρονται,
717 2488 898 2543 ταῦτα
948 2490 1007 2544 δὲ
1039 2491 1181 2565 λόγῳ
1210 2497 1306 2549 καὶ
1345 2496 1522 2569 πλάνῃ
1566 2499 1760 2568 πειρᾶ-

180 2578 303 2633 σθαι
332 2579 756 2651 παρασαλεύειν.

248 2853 390 2924 Ὅρα
440 2856 496 2909 δὲ
528 2857 767 2912 κάκεῖνο.
818 2860 893 2912 Οὐ
934 2860 1106 2924 πάθος
1163 2866 1359 2933 κρατεῖ
1408 2864 1661 2934 φύσεως
1698 2868 1759 2921 ού

177 2942 354 3012 θόσος;
405 2946 469 2999 οὐ
514 2949 737 3019 γῆρας;
802 2950 905 3003 οὐκ
957 2950 1096 3021 αὑτὴ
1129 2950 1186 3005 δὲ
1214 2955 1405 3021 νεότης
1450 2955 1593 3009 οὕτω
1625 2957 1763 3026 ἡϐά-

176 3055 381 3092 σκουσα
412 3040 463 3092 εἰ
487 3040 584 3093 καί
616 3056 671 3094 τι
698 3042 847 3106 ἄλλο,
874 3043 1131 3098 ἀσθένεια
1162 3047 1489 3100 καθεστῶσα
1538 3050 1636 3118 τῆς
1674 3067 1763 3101 τεο

174 3129 462 3200 κνὼσεως;
495 3134 591 3187 καὶ
634 3136 696 3189 τὸ
732 3135 1056 3206 παράδοξον,
1089 3138 1136 3190 εἰ
1162 3138 1237 3210 μὴ
1268 3139 1345 3209 τῷ
1396 3141 1613 3209 συνήθει
1662 3143 1761 3213 τὴν

1857 670 1966 707 non
2020 654 2254 707 alienam
2305 651 2652 721 opinionem,
2705 665 2818 705 non
2868 657 3015 705 tuam
3072 651 3275 721 ipsius,
3335 671 3442 708 non

1858 746 2004 800 aliud
2044 746 2341 815 quidquam
2386 744 2597 799 habens
2622 745 2768 812 quod
2821 744 3170 816 suffragetur,
3216 757 3445 816 excepta

1857 841 2123 894 duntaxat
2174 838 2512 910 impudentia
2560 847 2675 901 tua,
2711 837 2828 893 sive
2861 838 3316 905 insensibilitate;
3348 856 3443 893 ve-

1857 930 2069 985 neraris
2120 937 2328 992 tamen,
2371 943 2436 983 ac
2484 927 2681 982 honori
2731 927 2945 982 habes:
2976 942 3037 981 ca
3078 942 3211 983 vero
3241 942 3363 996 quae
3391 936 3448 981 et

1858 1033 2164 1094 pugnantes
2212 1021 2540 1076 conﬁrmant
2582 1020 2894 1091 Opiniones,
2946 1035 3176 1092 cogente
3215 1020 3446 1075 veritate

1858 1124 1920 1169 ut
1976 1112 2046 1168 de
2094 1113 2179 1168 his
2225 1112 2414 1167 eadem
2469 1112 2875 1167 consentienter
2921 1112 3282 1182 pronuntient
3326 1130 3338 1166 :
3382 1128 3448 1165 ac

1858 1220 2091 1278 quorum
2120 1206 2329 1276 primus
2352 1207 2507 1261 testis
2536 1214 2621 1261 est
2646 1206 2763 1275 ipse
2794 1215 3067 1274 aspectus,
3100 1221 3405 1274 sensusque
3427 1248 3443 1271 ,

1858 1299 2057 1369 quibus
2103 1298 2371 1367 denique,
2420 1296 2574 1367 plura
2612 1297 2743 1352 olim
2787 1297 2951 1352 simili
3004 1298 3214 1351 ratione
3262 1298 3443 1358 facta.

1858 1390 2101 1460 exceptis
2128 1389 2292 1445 etiam
2322 1388 2408 1455 iis,
2441 1404 2561 1459 quae
2589 1398 2719 1443 sunt
2739 1388 2906 1453 dicta,
2936 1388 3095 1443 ﬁdem
3126 1389 3445 1450 conciliant,

1860 1483 2202 1538 subsannare
2242 1481 2553 1543 contendis,
2582 1496 2646 1536 ac
2680 1476 3123 1550 ﬂoccipendere?
3174 1480 3285 1536 Nec
3312 1498 3445 1538 sane

1859 1591 1958 1647 ego
2011 1575 2065 1629 id
2115 1574 2371 1640 dixerim,
2422 1584 2485 1629 ut
2524 1574 2728 1645 quibus
2772 1575 2845 1629 illi
2888 1590 2977 1629 res
3019 1575 3446 1631 absurdissimas

1859 1668 2226 1731 honorarunt,
2271 1667 2339 1723 iis
2386 1682 2487 1722 nos
2540 1675 2793 1737 Oporteat
2831 1666 3128 1722 honestare
3182 1677 3439 1733 nostras;

1859 1762 2060 1828 neque,
2093 1757 2238 1828 quod
2272 1758 2433 1828 longe
2456 1758 2632 1822 abest,
2663 1758 2902 1813 tenebris
2925 1758 3110 1813 lumen
3134 1757 3443 1826 illustrare;

1861 1860 1955 1905 aut
2004 1852 2291 1905 veritatem
2332 1850 2621 1905 mendacio
2659 1862 2950 1905 astruere:
2987 1850 3071 1904 vel
3102 1850 3265 1905 ﬁdem
3320 1850 3445 1904 inﬁ-

2812 1943 2907 1999 sed
2955 1943 3116 2015 plane
3157 1944 3310 2000 nefas
3353 1961 3446 1998 eos

1862 2050 2215 2109 praesumere,
2250 2036 2475 2091 omnino
2505 2050 2671 2091 sensu
2693 2036 2761 2090 ad
2785 2034 2891 2089 ima
2908 2036 3219 2106 depressos,
3243 2046 3446 2106 quanto

1862 2149 1964 2187 nos
2009 2140 2218 2187 natura:
2266 2130 2582 2201 superiores
2604 2143 2815 2195 sumus,
2850 2136 2909 2183 ut
2945 2144 3066 2199 qua:
3092 2138 3223 2184 sunt
3254 2139 3445 2184 contra

1861 2236 2138 2285 naturam,
2180 2238 2412 2294 qumque
2453 2221 2589 2276 nulli
2643 2221 3121 2290 comprobaverint
3148 2237 3348 2287 mores,
3377 2238 3441 2277 ea

1862 2315 1935 2369 illi
1963 2313 2157 2368 honori
2188 2312 2444 2377 habeant,
2478 2324 2543 2364 ac
2567 2309 2912 2364 admirentur
2938 2324 2953 2362 :
2979 2325 3103 2379 qua:
3125 2320 3309 2365 autem
3332 2326 3443 2365 ωειλ

1857 2404 1959 2475 jori
1987 2416 2040 2459 et
2081 2404 2329 2459 oratione
2354 2410 2407 2456 et
2435 2409 2650 2465 natura,
2684 2414 2749 2454 ac
2772 2399 2951 2465 laude,
2987 2401 3282 2469 praeconio,
3311 2401 3443 2455 bac~

1864 2506 2025 2551 tenus
2064 2510 2281 2566 quoque
2329 2502 2623 2564 martyrum
2661 2492 2931 2562 sepulcra,
2982 2493 3310 2563 quandoque
3340 2510 3441 2548 usu

1863 2598 2115 2651 vocante,
2156 2602 2219 2641 ac
2244 2586 2572 2655 diSponente
2596 2584 2960 2655 providentia,
2995 2585 3256 2656 prodigiis
3282 2586 3445 2641 editis

1863 2684 2030 2739 clara.
2075 2686 2425 2743 attestantur,
2468 2692 2531 2732 ea
2576 2692 2829 2732 sermone
2868 2683 3036 2748 atque
3082 2687 3267 2732 errore
3309 2692 3444 2732 cons

1863 2774 2065 2828 vellere
2093 2772 2358 2826 nitantur.
3278 2764 3281 2771 “

1934 2861 2071 2915 illud
2120 2874 2336 2930 quoque
2366 2858 2509 2913 vide.
2546 2851 2739 2913 Nonne
2770 2858 2992 2913 affectio
3029 2868 3251 2929 superat
3281 2868 3442 2914 natu-

1864 2955 2013 3010 ram?
2036 2961 2217 3009 n‘onne
2247 2951 2510 3007 morbus?
2531 2965 2714 3005 nonne
2744 2951 3003 3005 senium?
3030 2965 3215 3006 nonne
3242 2953 3443 3022 juven-

1864 3058 1953 3104 tus
1995 3048 2131 3118 ipsa,
2175 3045 2250 3099 ita
2306 3044 2497 3115 vigens
2539 3058 2603 3097 ac
2646 3042 2793 3097 aliud
2833 3044 3087 3113 quodvis,
3124 3045 3447 3115 generanda:

1863 3143 2035 3212 prolis
2088 3137 2407 3207 impotentia
2450 3136 2761 3191 exsistens?
2813 3136 3071 3207 quodque
3121 3137 3444 3193 miraculum

172 3222 434 3295 ἔκπληξιν
471 3227 844 3293 διεκλέπτετο,
893 3231 977 3284 ὅτι
1010 3232 1076 3285 δι’
1109 3223 1176 3303 ἧς
1212 3233 1431 3303 ἔρχεταί
1489 3252 1572 3298 τις
1618 3230 1759 3287 εἶναι

1867 3239 2115 3302 haberet,
2152 3236 2257 3291 nisi
2299 3237 2501 3291 sensim
2528 3232 2948 3292 consuetudine,
2974 3232 3353 3287 admirationis
3386 3250 3450 3289 ac

170 3316 378 3387 πατὴρ,
418 3320 557 3389 αὑτὴ
590 3320 731 3385 τέως
756 3322 859 3376 οὐκ
886 3324 950 3395 ὲᾷ
975 3325 1230 3393 γενέσθαι
1262 3327 1494 3397 πατέρα.
1528 3326 1592 3379 Τί
1622 3324 1715 3382 οὖν
1743 3345 1760 3396 ;

168 3410 238 3461 τὰ
257 3410 406 3481 πάθη
440 3414 569 3484 νικᾷ
595 3413 700 3485 τὴν
731 3416 913 3484 φύσιν,
964 3420 1014 3471 εἰ
1061 3419 1134 3490 μή
1198 3436 1251 3473 τι
1299 3419 1426 3474 ἄλλο
1458 3422 1629 3486 πάθος
1664 3423 1762 3476 καὶ

170 3505 499 3576 περίττωμα
526 3508 731 3578 ταύτης
759 3510 817 3562 ὅν
837 3527 851 3540 ·
883 3512 915 3581 ἡ
941 3511 996 3565 δὲ
1020 3515 1181 3584 χάρις
1203 3515 1269 3584 ἢν
1299 3514 1532 3567 ἔπλασεν
1552 3516 1613 3568 οὐ
1645 3513 1763 3585 βελ-

168 3598 276 3649 τιοῖ
300 3598 506 3666 φύσιν;
538 3599 600 3652 τὸ
624 3601 802 3673 γῆρας
824 3601 1017 3673 ψύχον,
1051 3605 1154 3673 τῆς
1208 3606 1372 3675 γονῆς
1411 3606 1762 3677 ἁναξηραίνει

167 3691 270 3753 τὰς
294 3692 505 3761 πηγὰς,
563 3692 662 3746 καὶ
704 3694 734 3745 ὁ
769 3693 1014 3765 πλάστης
1054 3694 1276 3756 θάλπων
1312 3696 1413 3750 οὐκ
1462 3698 1674 3768 ἀρδεύει
1702 3700 1763 3751 τὸ

167 3784 520 3853 γεγηρακόςς
559 3786 746 3838 ἐκεῖνα
776 3786 911 3857 πρὸς
935 3786 970 3840 ἃ
995 3788 1162 3858 μήπω
1194 3788 1525 3860 κατηνέχθη,
1544 3790 1640 3843 καὶ
1666 3789 1760 3843 τοῦ

166 3876 367 3947 καιροῦ
402 3878 572 3948 μήπω
590 3879 996 3948 παραστάντος,
1028 3880 1123 3934 καὶ
1145 3881 1406 3952 χειρόνων
1431 3882 1601 3935 ὄντων
1624 3884 1762 3954 πρὸς

162 3968 202 4021 ἃ
241 3969 598 4035 καθέλκεται,
634 3970 792 4041 φέρει
815 3971 965 4040 ὅμως
998 3972 1291 4045 εὐμαρῶς·
1332 3977 1361 4029 ό
1392 3976 1445 4029 δὲ
1490 3975 1757 4047 πλάστης,

163 4064 226 4117 ὲν
263 4059 349 4126 οἷς
383 4064 444 4129 ἐξ
476 4065 655 4136 ἀρχῆς
677 4065 826 4136 ὅροις
855 4064 1107 4137 ἔστησεν,
1144 4068 1244 4121 οὑκ
1282 4070 1547 4139 ἐπανάγει
1590 4070 1760 4123 θέλων

162 4155 418 4230 εὐχερῶς
442 4171 458 4221 ;
481 4156 730 4220 ἀπιστεῖς
751 4159 866 4221 τοῖς
898 4159 1211 4229 εἰρημένοις
1230 4178 1244 4226 ;
1265 4160 1443 4226 καλῶς
1473 4178 1535 4230 γε
1567 4162 1757 4216 ποιῶψ

162 4248 227 4300 οὗ
260 4247 375 4319 γὰρ
396 4245 610 4317 ἔμοιγε,
641 4240 704 4301 οὗ
737 4248 932 4300 πολλοῦ
963 4248 1045 4301 δεῖ
1072 4250 1179 4302 τῶν
1220 4252 1433 4321 σεμνῶν
1468 4270 1561 4305 σου
1586 4252 1761 4308 ταῦτα

164 4337 592 4408 μεταπλάσεων,
625 4337 693 4402 ἃς
729 4339 839 4409 ἐγώ
878 4358 961 4395 σοι
1000 4341 1409 4414 ἀριθμήσομαι⁶
1449 4344 1649 4414 μᾶλλον
1677 4345 1756 4412 δὲ,

164 4432 265 4485 σόν
291 4433 413 4486 ἐστι
436 4432 767 4503 καταλέγειν
790 4433 983 4499 ταῦτα,
1010 4434 1078 4487 ἵν’
1102 4434 1233 4507 ἔχῃς
1266 4435 1426 4490 πλέον
1460 4438 1518 4489 ὲν
1535 4438 1647 4498 τοῖς
1676 4454 1759 4491 σοι

164 4523 638 4595 βιωφελεστάτοις
674 4526 1038 4597 ἀφηγήμασιν
1063 4528 1220 4598 ἡμῶν
1248 4529 1698 4599 κατεπαίρεσθαι.

1871 3328 2112 3398 stuporis
2164 3342 2386 3381 sensum
2418 3325 2680 3389 auferret,
2718 3339 2825 3393 qua
2855 3323 2978 3392 quis
3009 3322 3261 3391 provehit
3286 3328 3345 3377 ut
3378 3322 3450 3375 sit

1870 3430 2060 3489 pater,
2106 3419 2221 3487 ipsa
2264 3416 2528 3472 hactenus
2566 3426 2774 3485 patrem
2823 3414 2937 3469 ﬁeri
2983 3414 3258 3484 prohibet.
3307 3413 3449 3478 Quid

1871 3509 2037 3579 ergo?
2082 3509 2404 3562 affectiones
2434 3510 2688 3561 naturam
2720 3504 2968 3567 vincunt,
3002 3504 3105 3557 nisi
3139 3502 3269 3574 quid
3300 3502 3452 3559 aliud

1870 3602 2030 3667 adsit,
2076 3600 2222 3671 quod
2270 3600 2390 3669 ejus
2421 3598 2491 3654 sit
2524 3598 2743 3653 affectio
2774 3613 2840 3652 ac
2868 3602 3314 3662 recrementum;
3346 3611 3450 3650 nec

1869 3695 2061 3765 gratia,
2089 3704 2251 3763 quam
2286 3690 2441 3745 ﬁnxit
2467 3706 2530 3745 ae
2559 3689 2820 3756 condidit,
2860 3691 3112 3743 naturam
3149 3690 3203 3743 in
3256 3690 3450 3744 melio-

1871 3804 1985 3843 rem
2038 3785 2297 3858 augebit?
2331 3785 2599 3838 Senectus
2626 3781 2949 3853 infrigidans
2981 3781 3243 3853 genitales
3269 3780 3450 3837 fontes

1869 3879 2143 3945 exsiccat;
2184 3890 2288 3933 nec
2326 3878 2501 3941 ﬁctor,
2530 3876 2893 3944 conditorque
2924 3873 3139 3937 fovens,
3181 3874 3445 3945 irriguum

1869 3973 2033 4029 faciet
2081 3972 2225 4042 quod
2272 3968 2603 4025 consenuit?
2641 3964 2733 4022 illa
2785 3966 2853 4021 ad
2904 3980 3025 4035 qum
3062 3966 3180 4020 hare
3214 3966 3447 4021 necdum

1866 4064 2119 4119 devoluta
2150 4072 2253 4127 est,
2282 4075 2347 4117 ac
2374 4077 2498 4116 eum
2527 4060 2705 4114 adhuc
2728 4074 2839 4113 non
2868 4059 3010 4113 adsit
3035 4068 3271 4127 tempus,
3304 4073 3451 4112 cmu-

1867 4173 1974 4227 que
2018 4173 2080 4210 ea
2120 4156 2187 4210 ad
2224 4170 2345 4225 quze
2390 4154 2721 4223 pertrahunt
2765 4150 2875 4205 sint
2926 4150 3237 4214 deteriora,
3288 4147 3449 4203 facile

1870 4261 2053 4305 tamen
2098 4246 2315 4313 ferent;
2350 4246 2503 4300 ﬁctor
2532 4246 2739 4307 autem,
2771 4258 2833 4296 ac
2863 4243 3137 4304 conditor,
3164 4241 3218 4294 in
3250 4241 3451 4311 quibus

1869 4344 1938 4399 ab
1983 4343 2139 4397 initio
2184 4340 2471 4397 constituit
2518 4337 2715 4398 modis.
2769 4346 2830 4391 ut
2878 4336 3008 4389 velit
3043 4351 3148 4389 non
3180 4334 3451 4389 reducet?

1866 4437 1988 4493 Non
2033 4435 2206 4489 habes
2241 4432 2407 4489 dictis
2459 4430 2662 4486 ﬁdem?
2706 4430 2967 4500 przec'lare
2997 4427 3215 4497 quidem
3245 4443 3411 4498 agens
3433 4464 3447 4482 .

1868 4539 1923 4584 at
1952 4543 2062 4583 non
2088 4527 2246 4587 mihi,
2280 4524 2368 4580 cui
2405 4524 2521 4578 haec
2551 4523 2709 4594 longe
2731 4522 2840 4576 sint
2864 4520 3112 4576 honestis
3134 4520 3240 4575 tuis
3265 4529 3449 4574 trans-

162 4614 622 4683 formationibus,
663 4633 798 4689 quas
839 4620 933 4675 tibi
983 4636 1103 4675 sum
1161 4631 1627 4677 enumeraturus:
1695 4623 1941 4694 quinimo
1990 4630 2146 4676 tuum
2191 4618 2297 4673 erit
2335 4626 2684 4688 percensere,
2748 4629 2857 4684 quo
2924 4613 3115 4683 magis,
3154 4613 3447 4667 humanam

159 4715 341 4771 vitam
366 4715 694 4786 iuvantibus
724 4717 1136 4772 narrationibus
1175 4717 1303 4783 tuis,
1341 4718 1629 4773 adversum
1665 4736 1764 4776 nos
1803 4718 2019 4793 gloriari
2051 4714 2250 4787 possis.

238 4809 392 4880 Λέγε
412 4809 517 4873 τὰς
537 4808 599 4874 ἐξ
624 4808 927 4880 ἀνθρώπων
949 4810 1226 4882 αἰγείρους
1250 4827 1264 4841 ο
1287 4804 1364 4865 ὧν
1397 4814 1635 4885 ἀπορρεῖ
1654 4813 1759 4867 τῶν

1940 4812 2037 4866 Dic
2063 4810 2233 4864 factas
2260 4823 2328 4862 ex
2361 4804 2677 4861 hominibds
2708 4801 2959 4873 populos,
2993 4816 3024 4854 e
3056 4815 3290 4870 quarum
3312 4816 3446 4855 ocu-

156 4902 445 4974 ὀμμάτων
465 4903 500 4973 ἡ
522 4900 620 4955 τοῦ
660 4902 831 4973 μύθου
854 4904 1139 4974 ἡλεκτρος,
1173 4904 1267 4974 ἀφ’
1294 4898 1356 4958 οὗ
1407 4906 1471 4959 σὺ
1508 4906 1763 4969 πλουτεῖς

158 4994 277 5066 τὴν
305 4993 591 5065 εὐήθειαν.
645 4994 895 5065 ’Δρίθμει
941 4996 1039 5048 καὶ
1084 4996 1183 5060 τὰς
1235 4996 1463 5065 δάφνας.
1496 4999 1592 5050 καὶ
1634 5000 1763 5063 τοὺς

158 5090 430 5159 φοίνικας
451 5104 466 5119 ⁸
488 5088 589 5151 τὰς
621 5089 877 5160 ἀηδόνας,
905 5093 999 5143 καί
1025 5090 1123 5153 τὰς
1152 5090 1426 5160 χελιδόνας
1446 5108 1460 5121 ·
1482 5094 1608 5157 τοὺς
1638 5092 1765 5163 ᾠδι-

156 5184 311 5245 κούς
347 5200 443 5235 σου
468 5182 723 5247 κύκνους,
751 5184 845 5236 καὶ
869 5184 969 5246 τὰς
998 5184 1285 5251 ἀλκύονας,
1331 5187 1425 5240 καὶ
1484 5186 1611 5248 τοὺς
1643 5187 1767 5255 φιλ-

157 5274 506 5347 ανθρώπους
536 5291 630 5326 σου
654 5273 925 5343 δελφῖνας.
967 5275 1168 5343 ’Ὑμνει
1200 5282 1293 5329 σου
1333 5278 1461 5339 τοὺς
1503 5273 1768 5346 ἀνδρογύ-

159 5384 310 5428 νους
356 5364 666 5436 Τειρεσίας,
724 5364 812 5419 ἵνα
858 5365 996 5418 θεῶν
1041 5365 1179 5437 ἔριν,
1210 5366 1368 5432 ἀξίαν
1400 5368 1497 5437 τῆς
1547 5366 1773 5420 ἐκείνων

159 5455 477 5524 ἀσελγείας
502 5455 797 5511 διαλύωσιν
818 5462 832 5488 ⁸
862 5457 914 5509 οἰ
947 5458 1111 5511 πλέον
1127 5458 1227 5529 τὴν
1256 5456 1451 5529 ἡδονὴν
1474 5461 1775 5527 ἐπιμετρη-

160 5550 415 5619 adyta-Io:
450 5552 515 5620 τῇ
554 5548 683 5620 θεῷ,
712 5550 793 5614 εἰς
832 5550 1001 5606 κακὸν
1036 5550 1134 5621 τῆς
1178 5551 1495 5623 παρρησίας
1518 5549 1776 5603 ἀπώναν-

1861 4907 1929 4961 lis
1952 4903 2260 4959 fabulosum
2289 4898 2420 4954 illud
2452 4898 2715 4952 electrum
2751 4894 2961 4958 deﬁnit,
2993 4907 3060 4947 ex
3091 4900 3201 4962 (ιυο
3226 4903 3285 4947 tu
3314 4895 3450 4947 stul-

1867 4999 1997 5054 titia:
2039 4995 2257 5051 divitias
2286 4992 2517 5062 colligis.
2579 4988 2836 5057 Daphnas
2866 4999 3085 5054 quoque
3117 5000 3350 5040 numera
3386 5003 3452 5040 ac.

1866 5087 2152 5159 phoznices
2196 5106 2207 5139 :
2268 5084 2529 5138 luscinias
2568 5096 2630 5134 ac
2676 5077 3045 5132 hirundines:
3096 5090 3329 5131 canoros
3358 5094 3451 5148 cy-

1868 5197 2025 5243 cnos,
2055 5196 2120 5235 ac
2148 5179 2423 5248 alcyones,
2453 5172 2846 5240 hominumque
2869 5177 3117 5223 amantes
3139 5169 3449 5237 delphines.

1869 5272 2099 5327 Celebra
2128 5285 2192 5323 ac
2222 5266 2381 5321 lauda
2422 5274 2546 5317 tuos
2582 5261 2699 5314 illos
2730 5259 2966 5330 ambigui
3000 5274 3167 5313 sexus
3187 5258 3449 5316 Tiresias.

1870 5379 1979 5433 quo
2022 5362 2250 5416 deorum
2294 5357 2466 5418 litem,
2514 5368 2701 5407 eorum
2749 5352 2967 5422 dignam
3017 5350 3229 5404 luxuria
3257 5349 3449 5404 dissoi—

1871 5465 2004 5511 vaut
2050 5472 2065 5508 :
2109 5453 2199 5524 qui
2243 5451 2523 5513 nimirum,
2576 5444 2721 5515 quod
2760 5444 3080 5515 ampliorem
3114 5443 3449 5513 voluptatem

1874 5549 1990 5603 dea:
2017 5545 2358 5609 tribuissent;
2396 5544 2537 5596 mala
2567 5538 2837 5593 libertatis
2867 5536 3091 5608 prtemia
3120 5532 3446 5590 retulerunt.

1469 5722 1703 5781 VAl‘ilrE
1760 5722 2163 5781 LECTIONES:

258 5904 299 5947 ι’
337 5906 481 5979 Lege
506 5912 788 5973 αἰνέσεως.

441 6005 711 6066 Parnm.
761 6008 879 6065 Gn.
924 6002 1044 6063 Cll.

2967 5989 3049 6055 18
