3996 6422
550 462 656 528 555

1704 444 1969 541 ΡΗΟΤΙΙ
2000 441 2510 504 ΡΑΤΒΙΑΒΟΗᾸΞ
2542 442 2651 503 CP.

3707 446 3822 510 556

550 582 640 637 Vis
686 576 903 634 abunde
944 573 1001 628 in
1052 566 1369 625 memoriam
1427 559 1685 617 reducam
1743 566 1930 611 tauros
1979 566 2124 607 mare

2230 567 2311 604 το.
2363 549 2551 604 Βούλει
2610 568 2693 604 σοι
2747 551 3191 623 προσαναμνὴσω
3252 551 3384 617 τοὺς
3441 556 3821 627 ποντοπόρους

3795 601 3819 623 ‘l

544 674 898 746 trajicientes,
960 666 1183 722 misellie
1242 659 1436 731 puellae
1487 666 1673 709 amore
1740 651 2122 719 gubernante;

540 771 838 840 longasque
887 758 1293 833 profectiones;
1341 767 1404 805 ac
1447 749 1659 803 viarum
1700 743 1904 798 multos
1929 738 2127 793 circui-

542 831 667 927 tusv,
703 831 993 925 morasque
1042 865 1204 921 quam
1253 843 1438 916 procul
1478 836 1751 912 Olympo?
1793 833 1972 888 Taceo
2000 831 2123 884 alia.

539 953 653 1008 Nec
690 955 972 1006 enimvero
1026 959 1124 1014 par
1174 948 1256 995 est
1302 945 1361 991 ut
1399 933 1524 989 ﬁdei
1578 936 1880 1001 unguento,
1923 923 2127 979 erroris

544 1061 761 1102 ccenum
811 1037 1310 1097 commisceamus;
1362 1026 1451 1081 vel
1495 1032 1555 1080 ut
1600 1020 1822 1093 pietatis
1846 1018 2127 1073 elucentes

542 1139 756 1202 radios,
803 1128 1065 1202 profunda
1114 1121 1412 1193 impietatis
1441 1115 1668 1188 caligine
1692 1112 1895 1183 probro
1926 1107 2127 1163 allicia-

543 1247 685 1289 mus.
736 1228 1080 1295 QuaprOpter
1124 1216 1321 1286 amplis
1350 1213 1457 1267 illis
1488 1209 1647 1279 nugis
1675 1223 1739 1261 ac
1768 1202 1967 1259 fabulis
1996 1214 2125 1270 pro-

543 1325 631 1380 cul
660 1322 841 1375 valere
870 1315 1056 1385 jussis,
1088 1320 1410 1375 eorumque,
1437 1302 1529 1371 qui
1555 1316 1616 1353 ea
1638 1296 1979 1352 admirantur
2000 1304 2123 1346 cum

542 1412 834 1469 amentiam
880 1407 1245 1461 miserantes,
1299 1406 1413 1449 tum
1463 1391 1589 1447 odio
1639 1389 1903 1442 habentes
1933 1396 2126 1451 super-

542 1509 710 1570 biam,
740 1504 806 1559 ad
841 1500 1078 1571 priorem
1109 1490 1372 1547 orationis
1400 1499 1620 1541 cursum
1654 1480 1978 1549 dirigantur.

619 1566 761 1651 ()lim
793 1566 973 1662 itaque
1004 1590 1242 1643 humano
1266 1596 1484 1652 genere,
1519 1581 1889 1647 peccatorum,
1921 1566 2123 1637 quibus

546 1708 605 1749 se
634 1689 795 1761 primi
834 1692 1088 1755 parentes
1117 1673 1559 1731 obstrinxissent,
1597 1664 1841 1723 victoria,
1873 1656 2121 1714 servituti

544 1787 781 1845 addicto,
801 1776 981 1849 neptis
1020 1773 1201 1845 proles
1226 1772 1415 1823 eorum
1462 1762 1704 1817 futurum
1721 1757 2120 1811 destructorem

548 1881 872 1936 subtouans,
926 1885 990 1924 ac
1034 1868 1266 1921 obscuro
1320 1859 1469 1913 velut
1538 1854 1791 1923 clangore
1845 1847 2118 1909 indicans,

547 1975 666 2029 fore
701 1978 761 2022 ut
783 1965 914 2021 illud
953 1962 1258 2028 emergeret
1286 1968 1314 2006 a
1358 1947 1669 2021 tyrannide,
1697 1958 1760 1998 ac
1800 1957 1829 1995 a
1858 1940 2123 1995 servitute

544 2068 891 2123 liberaretur,
944 2057 1091 2111 claro
1132 2050 1285 2119 signo
1347 2039 1713 2097 monstrabat.
1778 2033 2124 2103 Quapropter

545 2157 710 2210 etiam
742 2150 909 2203 Adam
944 2158 1050 2197 una
1085 2154 1210 2194 eum
1237 2136 1367 2197 Eva,
1401 2133 1653 2199 antiquas
1694 2126 1811 2180 illas
1862 2121 2119 2194 praevari-

544 2245 778 2303 cationis
842 2241 1207 2308 depurgantes
1262 2228 1473 2290 sordes,
1523 2224 1845 2290 tristemque
1902 2232 1933 2271 a
1984 2230 2121 2269 mm-

546 2339 691 2393 stitia
732 2333 941 2388 vultum
967 2328 1329 2397 deponentes,
1386 2317 1558 2369 libera
1618 2322 1733 2366 tum
1787 2323 1942 2369 voce,
2006 2316 2123 2359 tum

543 2430 706 2490 facie,
739 2424 881 2480 lanis
920 2417 1138 2476 choreis
1179 2410 1504 2483 virginalem
1530 2411 1800 2461 coronant
1856 2399 2123 2455 festivita-

545 2532 686 2578 tem:
714 2518 847 2589 quin
868 2514 988 2584 ejus
1016 2509 1199 2581 potius
1212 2504 1482 2559 exsistunt
1511 2496 1784 2567 auspices.
1815 2491 1951 2547 Cum
1975 2489 2122 2543 enim

551 2582 765 2684 peccati
801 2582 988 2661 senem
1015 2602 1111 2656 toti
1142 2598 1399 2653 adnatum
1434 2589 1643 2663 generi,
1687 2584 1820 2639 illud
1853 2582 2121 2644 vitiasset,

546 2720 612 2759 eo
640 2698 904 2755 radicitus
936 2693 1261 2760 exstirpato,
1310 2684 1505 2739 merito
1537 2678 1719 2751 potius
1768 2673 2020 2747 gaudium
2059 2685 2124 2725 ac

546 2772 745 2851 choros
775 2789 1149 2859 auspicantur,
1181 2786 1599 2843 accersantque,
1644 2787 1707 2825 ac
1757 2767 1935 2823 socios
1986 2779 2122 2819 eon-

544 2894 763 2947 vocent,
811 2882 1097 2936 universos
1123 2873 1191 2929 ab
1222 2872 1302 2927 eis
1334 2875 1673 2940 procreatos.
1708 2862 1786 2915 Ex
1824 2875 1933 2930 quo
1961 2873 2123 2912 nam-

545 2997 652 3052 que
682 2973 1045 3050 prolapsionis
1076 2967 1388 3030 inﬁrmitas,
1420 2961 1488 3016 ab
1522 2959 1609 3020 iis.
1643 2956 1734 3025 qui
1763 2952 1925 3025 primi
1976 2967 2122 3022 prie-

543 3071 773 3128 varicati
802 3072 988 3123 essent
1015 3063 1067 3117 in
1114 3072 1306 3115 onmes
1336 3052 1610 3111 transfusa
1656 3048 1962 3109 dilluxerat,
1997 3044 2123 3098 uni-

544 3165 799 3233 versique
845 3157 1075 3214 similem
1127 3152 1467 3208 curationem
1519 3141 1887 3197 necessariam
1939 3137 2112 3191 habe-

545 3265 801 3327 bant;ac
839 3253 1028 3315 mundi
1064 3250 1230 3305 totius
1248 3243 1460 3303 salutis,
1489 3239 1653 3294 hodie
1694 3233 1934 3304 Virginis
1960 3240 2121 3301 partu

547 3364 829 3430 ponuntur
861 3349 1237 3404 fundamenta,
1265 3352 1449 3409 opera:
1468 3333 1706 3405 pretium
1743 3337 1855 3383 erat
1883 3336 2122 3380 utcum-

551 3449 755 3514 tnnnis,
789 3461 852 3500 ac
884 3440 1101 3515 generis
1134 3435 1301 3491 totius
1332 3428 1760 3486 constitueretur
1800 3420 2124 3483 celebritas;

549 3551 719 3611 utque
755 3510 943 3609 populi
979 3530 1168 3591 totius,
1200 3540 1265 3580 ac
1309 3517 1603 3576 mundanis
1632 3515 1863 3583 majora,
1924 3510 2127 3581 gratia-

546 3649 670 3689 rum
704 3627 933 3684 actionis
1005 3625 1381 3678 monumento,
1440 3610 1656 3666 cantica
1729 3610 2124 3675 pangerentur.

548 3724 735 3781 Mundi
770 3720 916 3776 enim
945 3715 1112 3771 totius
1143 3709 1311 3771 salus,
1346 3700 1641 3760 mundanis
1674 3695 1913 3765 majores
1939 3690 2127 3760 exigit,

547 3837 612 3877 ac
640 3818 891 3875 vendicat
916 3810 1212 3885 gratiarum
1251 3803 1515 3858 actiones.

617 3911 923 3969 Gratiarum
948 3902 1178 3959 actionis
1242 3896 1454 3953 cantica
1504 3890 1931 3953 submittamus;
1982 3882 2128 3955 quod

546 4008 720 4064 Adam
754 4003 1100 4061 reformetur,
1136 4009 1196 4050 ac
1224 3994 1557 4047 instauretur
1583 3983 1691 4037 Eva
1714 3998 1729 4047 ;
1754 3981 1994 4049 diraeque
2015 3978 2128 4032 dis-

548 4098 849 4154 solvantur,
892 4105 955 4145 ac
986 4089 1288 4141 humanum
1353 4090 1547 4150 genus,
1592 4082 1863 4128 mortuam
1915 4066 2127 4139 peccati

549 4208 614 4246 ac
650 4188 932 4260 pelliceatn
992 4192 1197 4235 exuens
1251 4184 1563 4244 personam,
1622 4166 1678 4220 in
1722 4163 2011 4235 pristinam
2062 4174 2128 4213 ac

548 4284 826 4350 antiquam
859 4271 1153 4330 Dominica:
1188 4263 1442 4336 imaginis
1492 4266 1830 4314 restauretur
1876 4254 2128 4325 dignita—

549 4384 680 4429 tem.
713 4368 1024 4425 Gratiarum
1066 4358 1298 4416 actionis
1358 4354 1743 4411 submittamus
1773 4346 2005 4410 cantica,
2061 4360 2125 4398 ac

547 4464 737 4538 populi
779 4457 1020 4514 universi
1052 4454 1251 4509 choros
1278 4447 1700 4506 constituamus,
1737 4441 1882 4511 quod
1938 4439 2123 4508 Virgo,

548 4560 615 4614 ab
656 4550 948 4609 infecundo
972 4549 1093 4603 sinu
1122 4543 1396 4616 prodiens,
1460 4547 1668 4592 natura:
1700 4533 1919 4587 vulvam
1992 4528 2127 4583 infe-

548 4666 654 4707 Cl)“

550 4752 667 4797 tum
695 4740 890 4793 uberes
923 4733 1131 4787 fructus
1165 4722 1500 4781 exstimulet.
1547 4718 1756 4784 Quibus
1806 4714 1955 4768 enim
2004 4710 2128 4765 uni-

549 4848 835 4893 versorum
872 4827 1101 4882 Domino
1134 4838 1197 4876 ac
1228 4816 1496 4889 agricolae,
1528 4811 1949 4882 purissimorum
1999 4819 2127 4859 san-

551 4930 776 5001 guinum
851 4920 1058 4975 rivulos
1105 4916 1171 4970 ad
1225 4926 1419 4967 massa
1473 4907 1643 4963 totius
1704 4902 1868 4956 aridae
1931 4897 2127 4967 irriga-

554 5024 754 5077 tionem
783 5010 1182 5073 commodavit;
1216 5006 1282 5059 iis
1322 5002 1520 5057 merito
1561 4995 1860 5052 feracitatis
1910 4988 2131 5045 benedi-

552 5118 789 5170 ctioncm
832 5106 1049 5175 recipit.
1076 5099 1231 5156 Scala
1260 5098 1315 5151 in
1346 5095 1545 5151 malum
1570 5088 1883 5146 subvehens
1912 5091 2130 5152 coapta-

556 5220 642 5263 tur
685 5216 1011 5269 terrenaque
1058 5204 1254 5251 natura
1288 5205 1418 5245 suos
1466 5188 1581 5257 ipsa
1624 5182 1891 5237 terminos
1938 5176 2129 5247 pr:esi-

551 5303 711 5361 liens,
745 5298 799 5349 in
834 5294 1083 5349 cmlestes
1112 5286 1428 5344 mansiones
1457 5277 1807 5334 transfertur.
1846 5270 2129 5325 Dominica

553 5391 711 5447 sedes
744 5387 797 5441 in
835 5397 975 5441 terra
1010 5390 1255 5454 paratur,
1298 5384 1636 5440 terrenaque
1688 5366 2122 5425 sanetiﬁeantur,

553 5501 616 5540 ac
645 5482 946 5538 cmlestium
979 5476 1202 5530 ordines
1240 5469 1526 5524 nobiscum
1580 5466 2025 5532 congregantur;
2069 5454 2133 5508 il-

554 5579 770 5646 liusque
800 5583 1062 5639 nequam,
1097 5579 1162 5617 ac
1194 5560 1287 5630 qui
1315 5572 1413 5612 nos
1438 5553 1677 5625 primum
1709 5547 1944 5618 decepit,
2004 5544 2132 5598 fuit-

555 5624 766 5646 ι---υ-ιμ-
893 5624 905 5639 .
1048 5624 1059 5631 .
1212 5624 1225 5630 -

554 5686 660 5742 que
694 5674 885 5722 auctor
926 5657 1248 5714 insidiarum
1297 5652 1538 5705 humano
1569 5644 1868 5716 positarum
1921 5624 2128 5709 generi,

555 5762 695 5818 dolis
717 5760 835 5825 eius
866 5770 929 5811 ac
955 5747 1327 5807 molitionibus
1356 5738 1837 5805 evanescentibus,
1875 5730 2118 5805 potentia

558 5849 851 5907 colliditur.

2227 642 2484 713 ταύρους,
2518 641 2688 714 κόρης
2715 642 3018 713 δυστυχοῦς
3046 643 3462 715 οἰακιζομένους
3490 645 3653 718 ἔρωτι
3679 665 3695 680 ⁶
3727 656 3828 705 καὶ

2228 734 2326 795 τὰς
2358 733 2580 805 μακρὰς
2616 734 2930 805 ἀποδημίας
2956 750 2969 765 ⁸
2999 736 3095 788 καὶ
3121 737 3218 799 τὰς
3263 737 3467 800 πολλὰς
3499 742 3823 805 περιόδους·

2227 826 2443 889 καὶτὰς
2470 794 2812 897 πορρωτάτω
2841 794 2937 879 τού
2980 794 3255 897 Ὀλύμπου
3301 794 3625 899 διατριϐάςς
3684 794 3827 901 σιγῶ

2226 918 2273 972 τ’
2304 918 2437 973 ἄλλα
2458 934 2473 949 ο
2504 919 2625 971 οὐδὲ
2650 919 2758 991 γὰρ
2788 920 2907 974 οὐδὲ
2931 924 3183 992 προσεῖχε
3217 921 3376 992 μύρῳ
3408 924 3647 989 πίστεως
3680 928 3825 982 πλά-

2227 1028 2324 1116 νης
2357 1011 2852 1081 συνανακρινᾶσθαι
2882 1012 3137 1082 βόρϐορον
3159 1030 3172 1043 ·
3204 1014 3236 1085 ἢ
3263 1014 3362 1077 τὰς
3382 1016 3479 1085 τῆς
3536 1017 3825 1081 εὐσεϐείας

2226 1101 2420 1168 αὐγὰς,
2457 1100 2535 1172 τῷ
2561 1101 2719 1171 βαθεῖ
2750 1104 2848 1172 τῆς
2876 1102 3134 1166 ἀσεϐείας
3173 1102 3321 1173 ζόφῳ
3367 1106 3823 1178 καθυϐρίζεσθαι,

2226 1194 2318 1246 Διὸ
2337 1196 2450 1258 τοῖς
2487 1198 2717 1265 μακροῖς
2750 1194 2932 1258 ὖθλοις
2965 1197 3058 1249 καὶ
3114 1197 3306 1267 μύθοις
3369 1200 3559 1271 μακρὰ
3603 1201 3823 1271 χαίρειν

2225 1286 2491 1352 εἰπόντες,
2517 1287 2765 1351 καὶτοὺς
2792 1289 3165 1358 ἐπτοημένους
3198 1290 3327 1360 περὶ
3362 1291 3537 1343 ταῦτα
3570 1294 3671 1362 τῆς
3716 1312 3824 1345 παπ

2230 1381 2451 1453 ρανοίας
2500 1380 2799 1444 ἐλεοῦντες,
2849 1384 2946 1435 καὶ
2999 1381 3285 1452 μισοῦντες
3330 1374 3431 1452 τῆς
3472 1383 3821 1449 ἀλαζονείας,

2224 1474 2320 1527 ἐπὶ
2347 1474 2439 1526 τδν
2466 1472 2703 1543 ὲξαρχῆς
2732 1473 2826 1525 τοῦ
2856 1473 3018 1543 λόγου
3044 1475 3246 1544 δρόμον
3278 1477 3372 1529 καὶ
3395 1476 3459 1547 δὴ
3484 1477 3819 1548 ἰθυνώμεθα.

2298 1565 2472 1618 Πάλαι
2530 1564 2821 1634 τοιγαροῦν
2860 1565 2961 1635 τῆς
3020 1567 3373 1638 ἀνθρωπίνης
3428 1569 3648 1637 φύσεως
3708 1569 3821 1621 τῶν

2226 1658 2567 1727 προγονικῶν
2600 1658 3016 1727 ἁμαρτημάτων
3046 1658 3125 1729 τῷ
3160 1660 3352 1730 κράτει
3383 1659 3816 1732 δεδουλωμένης,

2224 1750 2252 1801 ὁ
2284 1752 2381 1819 τῆς
2408 1750 2675 1819 ἀπογόνου
2702 1752 2858 1815 τόκος
2891 1752 2983 1805 τὸν
3030 1752 3367 1822 καθαιρέτην
3417 1754 3623 1807 τούτων
3676 1755 3818 1808 ὐπο-

2227 1843 2527 1908 σαλπίζων,
2556 1844 2872 1913 ἀνενεγκεῖν
2900 1846 2999 1916 τῆς
3020 1847 3337 1916 τυραννίδος
3369 1850 3463 1901 καὶ
3492 1849 3817 1918 ἀπαλλαγῆ-

2231 1952 2317 1987 ναι
2348 1938 2446 2004 τῆς
2485 1934 2729 1999 δουλείας
2758 1935 2989 2007 λαμπρά
3019 1938 3316 2008 παρείχετο
3359 1942 3428 1993 τὰ
3472 1941 3817 2009 συνθήματα.

2230 2026 2320 2079 Διὸ
2358 2027 2453 2079 καὶ
2485 2026 2656 2096 Ἀδάμ
2697 2028 2792 2080 σὺν
2834 2031 2901 2098 τῇ
2935 2026 3048 2100 Εὕα
3094 2031 3222 2091 τοὺς
3267 2032 3535 2095 παλαιοὺς
3576 2034 3819 2093 ἐκείνους

2228 2120 2329 2221 τῇς
2356 2119 2724 2221 παραϐάσεως
2753 2119 3245 2191 ἁποκαθηράμενοι
3282 2121 3619 2193 μολυσμούς,
3648 2126 3741 2175 καὶ
3762 2127 3818 2175 τὸ

2228 2211 2327 2279 τῆς
2348 2210 2652 2278 κατηφείας
2700 2211 3219 2281 ἁποσκευασάμενοι
3264 2214 3608 2285 σκυθρωπὸν,
3668 2216 3818 2267 ἐλευ-

2230 2303 2365 2406 θέρᾳ
2397 2303 2493 2356 καὶ
2518 2306 2671 2406 φωνῇ
2700 2304 2795 2357 καὶ
2828 2302 2973 2373 ὄψει,
3030 2305 3133 2376 τὴν
3186 2307 3527 2377 παρθενικὴν
3553 2325 3817 2377 χοροστα-

2228 2413 2381 2450 τουσι
2422 2398 2732 2467 πανήγυριν
2781 2398 3102 2467 χαίροντες’
3139 2399 3343 2470 μᾶλλον
3386 2400 3481 2462 δὲ,
3532 2403 3817 2470 κορυφαῖοι

2227 2489 2432 2558 ταύτης
2485 2487 2908 2557 καθεστηκότες.
2946 2488 3024 2541 Δι’
3051 2482 3126 2543 ὧν
3173 2490 3281 2561 γὰρ
3322 2493 3354 2560 ἡ
3405 2491 3507 2559 τῆς
3540 2491 3819 2561 ἁμαρτίας

2231 2580 2409 2651 σπορὰ
2437 2578 2545 2650 ὅλῳ
2568 2584 2920 2649 παραφυείσα
2969 2579 3047 2651 τῷ
3078 2580 3249 2648 γένει,
3280 2581 3374 2633 καὶ
3427 2581 3584 2634 τοῦτο
3635 2582 3818 2633 νοθεύι

2231 2693 2373 2730 σασα
2391 2692 2404 2705 ·
2425 2669 2569 2728 οὗτοι
2595 2674 2794 2745 μᾶλλον
2822 2675 3027 2743 ταύτης
3066 2674 3568 2747 ἁπορῤιζουμένης,
3614 2676 3817 2745 κατάρ-

2230 2784 2346 2839 χειν
2378 2767 2478 2837 τῆς
2506 2767 2703 2836 χαρᾶς,
2736 2764 2831 2817 καὶ
2866 2766 2965 2835 τῆς
2999 2762 3381 2853 χοροστασίας,
3431 2766 3526 2818 καὶ
3559 2768 3815 2838 μετέρχε-

2231 2859 2377 2924 σθαι,
2408 2858 2504 2911 καὶ
2535 2857 2828 2927 συγκαλεῖν
2850 2858 2978 2921 τοὺς
3027 2856 3088 2922 ἐξ
3115 2858 3292 2911 αὐτῶν
3324 2860 3658 2927 πεφυκότας,
3682 2878 3815 2928 τυγ·

2234 2952 2457 3024 χάνουσι
2483 2950 2703 3005 δίκαιοι.
2756 2951 2863 3003 Καὶ
2899 2950 3007 3022 γάρ
3047 2951 3137 3005 διὰ
3184 2952 3401 3005 πάντων
3436 2954 3536 3023 μὲν
3573 2953 3681 3005 ἀπὸ
3706 2952 3815 3005 τῶν

2229 3045 2461 3115 πρώτως
2491 3043 2985 3115 παραϐεϐηκότων,
3015 3042 3112 3096 τοῦ
3134 3044 3234 3114 τῆς
3256 3046 3674 3116 παραπτώσεως
3713 3046 3812 3116 ἁρ-

2234 3139 2593 3210 ῥωστήματος
2647 3136 3086 3207 μεταρρυέντος’
3136 3138 3359 3190 πάντων
3410 3137 3467 3190 δὲ
3494 3141 3594 3208 τῆς
3624 3138 3812 3206 ὁμοίας

2155 3266 2197 3324 C
2231 3232 2527 3304 θεραπείας
2556 3230 2953 3301 ὲπιδεομένων’
2997 3230 3096 3301 τῆς
3135 3229 3193 3283 δὲ
3234 3231 3582 3299 παγκοσμίου
3634 3247 3812 3299 σωτη-

2234 3328 2355 3397 ρίας
2385 3326 2626 3395 σήμερον
2651 3324 2728 3391 τῷ
2756 3323 2855 3394 τῆς
2885 3322 3165 3394 Παρθένου
3192 3323 3339 3393 τόκῳ
3359 3322 3811 3393 θεμελιουμένης,

2231 3418 2415 3489 κοινὴν
2460 3416 2557 3487 μὲν
2586 3415 2681 3469 καὶ
2712 3416 2959 3486 παγγενῆ
2992 3418 3239 3485 προσῆκε
3296 3414 3672 3484 συστήσασθαι
3709 3414 3809 3481 τὴν

2230 3510 2572 3581 πανήγυριν·
2621 3506 2939 3577 δημοτελεῖς
2993 3507 3049 3559 δὲ
3089 3508 3185 3560 καὶ
3250 3508 3663 3577 ὐπερκοσμίους
3712 3506 3811 3568 τὰς

2229 3603 2688 3676 εὐχαριστηρίους
2735 3602 2879 3675 ᾠδὰς
2910 3603 3388 3675 ἀνακρούσασθαιο
3444 3603 3810 3672 ὑπερκόσμιον

2229 3698 2336 3767 γάρ
2365 3698 2588 3751 ἀπαιτεῖ
2606 3695 2704 3767 τὴν
2726 3696 3104 3766 εὐχαριστίαν,
3141 3696 3202 3748 τὸ
3226 3696 3325 3767 τῆς
3355 3696 3635 3765 σωτηρίας
3669 3710 3812 3761 παγ-

2230 3790 2477 3859 κόσμιον.

2314 3881 2753 3953 Ἀναπέμψωμεν
2810 3878 3265 3951 εὐχαριστηρίους
3314 3878 3478 3949 ᾠδὰς,
3514 3880 3599 3932 ὅτι
3640 3879 3812 3949 Ἀδάμ

2229 3976 2652 4039 ἁναπλάττεται,
2686 3976 2834 4046 καὶὴ
2864 3972 2975 4027 Εὕα
2997 3973 3440 4037 άνακαινίζεται,
3484 3974 3580 4025 καὶ
3614 3975 3644 4042 ή
3700 3972 3811 4041 ἀρά

2228 4068 2534 4122 διαλύεταιο
2571 4070 2721 4139 καὶὴ
2755 4066 2915 4138 φύσις
2946 4066 3104 4138 ἡμῶν
3149 4066 3209 4118 τὸ
3263 4066 3459 4135 νεκρὸν
3497 4066 3597 4136 τῆς
3627 4067 3811 4135 ἁμαρ-

2227 4161 2348 4223 τίας
2377 4160 2471 4213 καὶ
2504 4160 2826 4231 δερμάτινον
2854 4158 3237 4228 ἀποδυσαμένη
3283 4159 3601 4228 πρόσωπον,
3626 4160 3716 4210 ἐπὶ
3749 4160 3815 4211 τὸ

2228 4254 2455 4324 ἀρχαῖον
2484 4253 2582 4323 τῆς
2610 4252 2948 4320 Δεσποτικῆς
2970 4251 3176 4314 εἰκόνος
3198 4251 3614 4321 ἀναμορφοῦται
3642 4252 3813 4317 ἀξίω-

2231 4363 2327 4417 μα.
2368 4344 2804 4416 Ἀναπέμψωμεν
2852 4342 3309 4414 εὐχαριστηρίους
3362 4342 3538 4412 ᾠδὰς,
3586 4343 3678 4395 καὶ
3716 4360 3813 4413 χο-

2233 4438 2357 4507 ροὺς
2397 4437 2714 4507 πανδήμους
2746 4434 3163 4505 συστησώμεθα,
3188 4434 3271 4486 ὅτι
3327 4434 3545 4487 κόλπων
3598 4434 3821 4502 ἀγόνων

2230 4529 2504 4600 Παρθένος
2534 4528 2950 4600 προκύπτουσα,
2977 4526 3075 4598 τὴν
3098 4528 3293 4595 ἄγονον
3348 4528 3566 4598 μήτραν
3596 4527 3819 4594 ἁγιάζει

664 4651 781 4701 dam
808 4640 1131 4702 sanetilicet,
1174 4635 1403 4704 ejusque
1433 4629 1795 4689 sterilitatem,
1834 4623 1899 4677 ad
1950 4621 2123 4675 virtu-

2229 4624 2328 4692 τῆς
2359 4622 2593 4693 φύσεως,
2627 4624 2708 4684 είς
2742 4621 2952 4693 ἀρετῶν
2982 4620 3290 4691 εὐκαρπίαν
3314 4622 3373 4674 τὸ
3401 4621 3603 4689 ταύτης
3637 4622 3824 4691 ἄκαρ-

2230 4733 2331 4768 πον
2352 4713 2800 4786 ὲγκεντρίζουσα.
2835 4711 2913 4765 Δι’
2958 4706 3033 4765 ὧν
3056 4711 3166 4783 γάρ
3205 4710 3284 4780 τῷ
3314 4711 3561 4782 Δεσπότῃ
3594 4710 3825 4764 πάντων

2232 4810 2324 4862 καὶ
2352 4806 2606 4878 γεωργῷ,
2632 4804 2701 4858 τὰ
2726 4803 2832 4857 τῶν
2855 4804 3144 4875 ἀχράντων
3182 4802 3355 4872 αὐτῆς
3404 4804 3646 4873 αἱμάτων
3698 4805 3825 4873 ρεῖ-

2232 4900 2440 4972 θραείς
2475 4897 2696 4968 ἀρδείαν
2748 4897 2870 4949 ὅλου
2928 4895 3439 4965 καταξηρανθέντος
3467 4895 3665 4965 ἔχρησε
3721 4894 3826 4948 τοῦ

2232 4990 2590 5060 φυράματος,
2640 4987 2851 5051 τούτοις
2898 4986 3124 5050 εἰκότως
3154 4991 3249 5039 καλ⁵
3295 4986 3398 5056 τῆς
3434 4987 3829 5058 καρποφορίας

2232 5086 2481 5154 εὐλογίαν
2536 5083 2876 5154 ἀναδέχεται.
2948 5082 3015 5135 Ἡ
3045 5081 3252 5152 κλίμαξ
3283 5083 3320 5152 ἡ
3376 5081 3515 5149 πρὸς
3554 5081 3829 5150 οὐρανοὺς

2231 5181 2582 5251 ἀναφέρουσα
2607 5176 3023 5248 καταρτίζεται,
3058 5176 3153 5229 καὶ
3197 5178 3230 5246 ἡ
3276 5176 3457 5244 γεηρὰ
3502 5173 3659 5244 φύσις
3708 5174 3833 5227 τῶν

2231 5274 2445 5327 οἰκείων
2468 5274 2609 5343 ὅρων
2637 5269 3077 5341 ὑπεραλλομένη,
3104 5268 3240 5339 πρὸς
3275 5268 3373 5331 τὰς
3406 5268 3692 5337 οὐρανίους
3722 5286 3834 5335 μς-

2232 5367 2329 5430 νάς
2354 5364 2699 5427 ἐνοικίζεται.
2737 5363 2795 5415 '0
2820 5361 3147 5424 Δεσποτικὸς
3176 5361 3364 5432 θρόνος
3402 5360 3497 5412 ἐπὶ
3535 5361 3633 5429 γῆς
3677 5359 3839 5409 ἐτοιε

2237 5459 2494 5532 μάζεται,
2526 5455 2729 5511 καὶτὰ
2780 5455 3001 5523 ἐπίγεια
3063 5454 3388 5522 ἁγιάζεταιο
3436 5452 3534 5505 καὶ
3589 5450 3652 5503 τά
3712 5452 3841 5504 τῶν

2233 5551 2477 5625 οὐρανῶν
2510 5552 2642 5621 ἡμῖν
2671 5547 3099 5617 συναγελάζεται
3124 5546 3381 5615 τάγματα
3407 5560 3419 5571 ·
3473 5543 3568 5596 καὶ
3594 5545 3621 5594 ὁ
3644 5558 3840 5609 πον-η-

2236 5649 2350 5721 ρὸς,
2379 5646 2471 5698 καὶ
2507 5644 2739 5715 πρώτως
2759 5644 2905 5714 ἡμᾶς
2932 5642 3239 5710 ἀπατήσας,
3271 5636 3363 5688 καὶ
3394 5635 3492 5703 τῆς
3515 5632 3631 5687 καθ’
3655 5634 3847 5701 ἡμῶν

2235 5734 2534 5803 ἐπιϐουλῆς
2562 5734 2903 5804 ἀρχιτέκτων
2944 5729 3261 5800 γενόμενος,
3312 5725 3420 5778 τῶν
3448 5725 3615 5778 δόλτινν
3645 5723 3847 5776 αὐτοῦ

2235 5832 2332 5885 καὶ
2372 5828 2479 5881 τῶν
2503 5824 2920 5898 μηχανημάτων
2952 5819 3471 5894 ὑποσαθρουμένων,
3520 5818 3618 5891 τὴν
3660 5816 3853 5887 ἰσχὺν

2238 5918 2648 5993 περιθραύεται.
3365 5898 3369 5901 ⁷
3402 5897 3405 5901 ’
