3996 6426
226 406 335 471 557

1016 404 1346 466 HOMILIA
1387 404 1439 464 Ι.
1475 428 1547 440 -
1575 403 1658 465 ΙΝ
1701 405 1807 465 SS.
1849 404 2117 466 MARI/E
2157 405 2703 467 NATIVITATEM;

3390 412 3507 476 558

299 520 397 585 Τίς
428 520 638 591 ἰσχύσει
666 517 802 573 Θεοῦ
831 516 1109 587 θαυμάσια
1131 515 1495 587 διηγήσασθαι
1522 534 1536 582 ;
1571 517 1727 580 Ποῖος
1758 516 1815 570 δὲ

1998 516 2136 584 Quis
2168 516 2264 572 Dei
2294 516 2565 572 mirabilia
2599 533 2859 575 enarrare
2887 520 3132 591 poterit?
3155 519 3289 587 Quis
3321 534 3505 581 autem

222 613 385 681 λόγος
410 613 677 683 ἐκφράσει
709 612 780 665 τά
810 611 951 683 ὑπὲρ
983 610 1157 678 λόγων
1181 611 1281 679 τὴν
1308 609 1576 679 δύναμιν;
1610 610 1734 673 Πῶς
1761 609 1819 662 δὲ

222 705 354 769 νοῦς
384 705 529 767 ἄπας
559 706 619 757 οὑ
652 705 940 775 ναρκήσει,
972 700 1051 771 τῷ
1090 701 1313 771 μεγέθει
1337 700 1446 753 τῶν
1472 700 1649 768 ἔργων
1678 717 1819 771 συμο

224 796 698 868 παρατεινόμενος
719 793 817 866 τὴν
852 792 1180 862 κατάληψιν;
1216 791 1457 845 Ἔπλασε
1486 792 1578 844 τὸν
1606 790 1819 860 ἄνθρω-

222 908 331 942 πον
361 888 647 959 καταρχὰς
676 890 703 940 ὁ
728 886 879 951 Θεὸς,
909 886 1103 956 ἀφάτῳ
1146 883 1560 955 φιλανθρωπίας
1602 882 1821 953 πλούτῳ

221 979 551 1049 κινούμενος
574 995 588 1011 ’
621 977 802 1048 χειρὸς
835 977 1044 1038 οἰκείας
1079 976 1329 1045 πλάσμα,
1370 974 1463 1029 καὶ
1497 975 1683 1029 εἰκόνα
1720 973 1820 1044 φέ-

225 1089 350 1143 ρειν
381 1066 699 1141 χαριτὼσας
722 1068 817 1121 τοῦ
850 1066 1158 1130 πλάσαντος
1182 1082 1195 1096 ⁶
1223 1060 1297 1119 ὧν
1326 1069 1387 1119 τὸ
1411 1067 1510 1135 μὲν
1536 1067 1637 1137 τῆς
1685 1083 1821 1138 σαρ-

221 1165 346 1228 κὸς,
387 1164 451 1215 τὶ)
505 1161 561 1215 δὲ
602 1160 696 1214 τοῦ
756 1162 1069 1230 πνεύματος
1107 1159 1280 1213 ἐδίδου
1313 1159 1506 1230 δηλοῦν
1539 1158 1636 1230 τὴν
1658 1158 1820 1227 εὑγέ-

220 1268 381 1306 νειαν
401 1267 415 1280 ⁸
448 1250 778 1321 παράδεισος
808 1249 863 1301 δὲ
893 1252 1083 1319 χρῆμα
1109 1248 1347 1319 τερπνὸν
1372 1248 1469 1301 καὶ
1494 1247 1819 1320 ἐπέραστον,

222 1347 374 1401 κατὰ
405 1345 699 1406 Ἀνατολὰς
719 1338 1342 1411 πεφύτευτο,λειμὼνων
1366 1340 1464 1409 μὲν
1484 1339 1823 1411 άμαράντοις

222 1436 677 1505 καταπνεόμενος
729 1435 952 1489 ἄνθεσι·
1011 1432 1194 1503 φυτῶν
1242 1433 1299 1486 δὲ
1331 1435 1567 1504 καρποῖς
1600 1431 1824 1504 ὡραίοις

223 1532 326 1584 καὶ
351 1527 712 1588 παντοδαποῖς
741 1524 1032 1595 ὲνευθηνού
1042 1540 1206 1593 μενος
1226 1539 1240 1552 ’
1270 1525 1363 1577 καὶ
1394 1524 1634 1594 ποταμοὶ
1666 1524 1823 1594 μέσοι

226 1623 475 1692 ῥέοντες,
505 1621 601 1673 καὶ
638 1618 873 1689 καθαρῷ
928 1619 1009 1689 τῷ
1042 1618 1246 1690 ῥείθρῳ
1293 1617 1355 1671 τὸ
1403 1618 1697 1689 πρόσωπον
1726 1618 1823 1672 τοῦ

224 1712 419 1767 πεδίου
461 1709 921 1783 καταρδεύοντες,
973 1710 1261 1780 ἀμήχανόν
1324 1726 1449 1762 τινα
1496 1708 1593 1762 τοῦ
1622 1708 1822 1780 χωρίου

222 1811 331 1880 τὴν
353 1808 667 1878 ὡραιότητα
697 1803 1122 1869 κατεσκεύαζον.
1165 1804 1254 1857 Ἐν
1285 1802 1464 1873 τούτῳ
1487 1805 1588 1873 τῆς
1610 1804 1822 1855 Δεσπο-

220 1900 393 1970 τικῆς
432 1899 697 1968 παλάμης
745 1898 773 1950 ὁ
808 1897 1057 1967 πλάστης
1113 1896 1488 1966 ἐγκατοικίζει
1520 1898 1583 1951 τὸ
1610 1897 1823 1967 φιλοτέ-
1858 1884 1901 1940 Β

223 2012 329 2064 χνη
341 2010 438 2065 μα·
473 1993 696 2045 πάντων
729 1992 829 2062 μὲν
855 1991 1137 2062 Δεσπότην
1164 1992 1669 2061 καταστησάμενος·
1692 1991 1826 2044 πᾶσι

224 2088 285 2140 δὲ
340 2088 461 2149 τοῖς
518 2085 743 2155 ἀγαθοῖς
796 2085 1047 2155 ἀφθόνως
1116 2084 1296 2150 δείξας
1368 2085 1823 2156 περιρρεόμενον.

232 2182 476 2234 Ἔπειτα
534 2180 591 2233 δὲ
639 2180 888 2233 σύνοικον
939 2181 1004 2233 ἐκ
1043 2178 1287 2250 πλευρᾶς
1346 2178 1631 2248 ἁφράστου
1663 2180 1826 2232 τόκου

232 2274 645 2344 μαιευσάμενος
706 2274 1079 2343 ὑπεστήσατο,
1138 2273 1226 2325 ἵνα
1279 2272 1339 2339 ἐξ
1388 2266 1559 2342 οὑπερ
1591 2271 1824 2341 ἐλήφθη,

230 2367 480 2439 κεφαλὴν
504 2365 749 2437 γινώσκῃ
783 2366 876 2417 τὸν
926 2365 1274 2426 δανείσαντα,
1317 2364 1411 2416 καὶ
1453 2362 1589 2434 πρὸς
1622 2365 1828 2416 ἐκεῖνον

231 2459 501 2529 ἀφορῶσα
536 2457 648 2529 εἴη,
686 2455 1119 2527 συλλογιζομένη
1166 2455 1227 2508 τὸ
1268 2454 1573 2525 ὑπόχρεονο
1616 2456 1711 2507 καὶ
1750 2454 1828 2525 τῷ

238 2551 524 2621 συνδέσμῳ
555 2548 656 2619 τῆς
698 2548 935 2618 φύσεως,
970 2547 999 2601 ὁ
1020 2546 1121 2618 τῆς
1154 2545 1408 2617 ὁμονοίας
1437 2546 1623 2610 αὑτοῖς
1656 2545 1830 2615 εμπο-

236 2644 502 2698 λιτεὺοιτο
537 2642 861 2713 σύνδεσμος.

325 2735 490 2789 Ἀλλά
518 2752 578 2804 γε
607 2735 830 2788 πάντων
866 2734 976 2789 τῶν
1006 2733 1066 2788 ἐν
1096 2731 1418 2805 παραδείσῳ
1442 2733 1543 2803 τὴν
1588 2731 1831 2785 ἀπόλαυ-

245 2846 330 2884 σιν
363 2830 459 2883 καὶ
508 2828 834 2882 δεσποτείαν
880 2829 1271 2899 χαρισάμενος,
1312 2827 1543 2898 ἐπείπερ
1593 2825 1701 2878 ἔδει
1734 2827 1830 2878 καὶ

234 2924 425 2994 ἐντολῇ
477 2940 585 2976 τινι
647 2921 1164 2992 παιδαγωγηθῆναι,
1215 2920 1312 2973 καὶ
1356 2918 1827 2990 ὲγγυμνασθῆναι,

229 3017 325 3070 τὸν
351 3014 689 3088 τηλικαύτης
720 3014 815 3067 καὶ
840 3012 1115 3084 τοσαύτης
1157 3010 1407 3076 ἐξουσίας
1454 3026 1831 3065 καταπιστεύ-

230 3110 400 3164 θέντα
426 3110 489 3162 τὸ
517 3108 769 3180 μέγεθος,
793 3106 1041 3178 εἰσφέρει
1071 3106 1237 3177 νόμον
1268 3102 1439 3175 αὑτῷ,
1470 3104 1595 3158 καθ’
1622 3101 1682 3158 ὃν
1704 3100 1830 3157 οὔτε

229 3201 480 3273 χαλεπὸν
507 3198 1035 3270 ὲμπολιτεύσασθαι,
1062 3197 1185 3252 οὑτε
1226 3199 1425 3269 ῥᾷστον
1453 3197 1628 3251 διόλου
1660 3197 1829 3266 φυλά-

228 3291 435 3359 ξασθαι
462 3308 476 3322 ’
506 3291 574 3344 δι’
596 3284 671 3343 ὧν
698 3290 759 3342 τό
789 3305 855 3357 γε
884 3287 1177 3359 ἔμμισθον,
1211 3288 1245 3359 ἢ
1273 3288 1331 3340 τὸ
1371 3287 1628 3341 ὑπόδικον
1658 3287 1827 3359 ἐδρα-

225 3384 453 3438 6εύετο.
486 3382 659 3436 Φυτδν
694 3382 805 3452 γάρ
834 3399 887 3433 τι
908 3380 1019 3433 τῶν
1060 3379 1370 3434 ἀνθούντων
1410 3380 1723 3452 ὡραιότητα
1750 3380 1830 3452 τῷ

223 3477 383 3546 λόγῳ
412 3474 523 3528 τῶν
557 3474 734 3527 ἄλλων
782 3471 1209 3543 ἀφορισάμενος,
1264 3468 1457 3523 τούτου
1508 3472 1583 3542 μὴ
1636 3473 1830 3541 φαγεῖν

227 3568 406 3638 μόνου
430 3566 528 3638 τὴν
560 3565 781 3636 ἐντολὴν
811 3566 1076 3636 παρεῖχεν
1104 3562 1604 3627 άποθεσπίζουσαν.
1628 3563 1831 3633 Θηρίον

222 3660 287 3712 δὲ
340 3656 586 3728 πονηρὸν
635 3656 731 3709 καὶ
790 3655 1126 3725 ἀρχέκακον,
1161 3651 1221 3703 ὃν
1278 3652 1312 3721 ὴ
1352 3651 1552 3719 πρᾶξις
1584 3649 1833 3703 διάϐολον

218 3750 620 3821 ἐπωνόμασεν,
676 3747 736 3812 ἐξ
784 3747 955 3816 αὑτῆς
986 3744 1240 3813 πλάσεως
1292 3741 1711 3811 ὲποφθαλμίσας
1740 3740 1832 3793 τὸν

221 3843 555 3914 ἄνθρωπον,
594 3840 739 3910 ἄλλῳ
773 3838 952 3909 θηρίῳ
982 3836 1091 3889 τῶν
1125 3834 1407 3905 ἑρπόντων
1454 3833 1671 3905 όργάνῳ
1696 3848 1834 3903 χρη-

222 3938 500 4007 σάμενος,
533 3934 627 3986 καὶ
656 3935 726 4003 τῇ
758 3930 979 3999 γυναικὶ
1005 3926 1419 3996 προσομιλήσας
1445 3923 1711 3991 ἐπαγωγά
1737 3922 1834 3975 καὶ

218 4031 561 4103 θελκτήρια,
590 4030 685 4082 καὶ
717 4028 853 4080 πολῦ
887 4026 983 4079 τοὺ
1011 4025 1308 4096 νομοθέτου
1340 4021 1757 4083 κατασκεδάσας
1771 4018 1834 4071 τὸ

220 4124 590 4192 βλάσφημον,
632 4120 808 4173 πείθει
837 4118 935 4189 τὴν
960 4122 1221 4187 γυναῖκα,
1278 4117 1373 4170 καὶ
1405 4116 1474 4168 δι’
1526 4115 1699 4184 αὑτῆς
1743 4111 1835 4165 τὸν

217 4216 510 4286 ὁμόζυγα,
552 4214 651 4283 τῆς
707 4213 807 4280 μὲν
840 4212 1065 4281 ἐντολῆς
1109 4210 1587 4281 κατολιγωρῆσαι·
1637 4203 1835 4275 φαγεῖν

214 4311 283 4363 δὲ
314 4302 385 4362 οὗ
410 4306 485 4378 μὴ
510 4308 707 4375 φαγεῖν
722 4304 1091 4358 ὲτεθέσπιστο.
1119 4305 1181 4357 Ol
1204 4303 1280 4365 δὲ,
1302 4302 1417 4369 ἃμα
1444 4318 1502 4354 τε
1530 4300 1836 4368 τὸπροστα-

218 4400 369 4471 χθὲν
388 4398 745 4470 ὑπερέϐαινον
760 4437 775 4461 ,
817 4398 913 4450 καὶ
938 4397 1157 4449 πάντων
1187 4396 1296 4448 τῶν
1314 4393 1674 4465 χαρισμάτων
1694 4391 1838 4455 διεξ-

214 4495 495 4546 ἐττιπτον·
523 4490 660 4560 ὅπερ
692 4484 761 4559 ἦν
787 4487 866 4558 τῷ
899 4485 1308 4540 ἐπιϐουλεύοντι
1358 4482 1707 4551 σπούδασμα.
1741 4481 1838 4543 Et;

1924 624 2107 665 sermo
2154 625 2217 664 ea
2278 610 2535 681 explicet,
2598 625 2722 681 quae
2788 611 2898 666 vim
2954 622 3120 667 totam
3185 630 3502 671 sermonum

1923 702 2237 757 excedunt?
2274 702 2378 768 Qui
2417 716 2550 757 vero
2584 702 2803 757 animus
2834 719 2944 759 non
2973 705 3283 777 obtorpeat,
3323 708 3391 762 ad
3422 725 3508 763 re-

1922 809 2045 848 rum
2124 794 2579 865 magnitudinem,
2655 796 3206 867 comprehensionem
3275 808 3508 855 conten-

1924 886 2100 943 dens?
2124 886 2268 941 Deus
2304 903 2333 940 a
2363 886 2635 957 principio
2669 887 2926 943 formavit
2978 888 3282 952 hominem.
3308 892 3501 947 ineffa-

1922 976 2127 1033 bilibus
2180 976 2528 1048 impensioris
2586 977 2641 1031 in
2709 978 3010 1033 humanum
3077 996 3249 1051 genus
3306 982 3509 1037 amoris

1922 1068 2132 1126 divitiis
2171 1079 2484 1141 permotus;
2531 1078 2761 1125 summat
2810 1070 3130 1141 figmentum
3180 1089 3398 1139 manus,
3445 1091 3511 1131 ac

1926 1162 2139 1219 ﬁctoris
2186 1162 2424 1235 largiens
2460 1163 2604 1217 ferre
2640 1162 2929 1234 imaginem
2961 1182 2975 1219 :
3010 1181 3243 1235 quorum
3276 1167 3511 1222 alterum

1924 1255 2106 1311 carnis
2134 1295 2149 1323 ,
2183 1255 2415 1310 alterum
2438 1254 2662 1327 spiritus
2688 1256 3041 1313 manifestare
3062 1258 3230 1315 dabat
3258 1260 3513 1331 ingenui-

1928 1354 2117 1399 tatem.
2149 1344 2318 1400 Porro
2348 1346 2659 1415 paradisus,
2692 1362 2780 1401 res
2805 1347 3149 1405 delectabilis
3194 1366 3258 1404 ac
3306 1351 3511 1407 amoris

1925 1436 2110 1508 plena,
2145 1436 2213 1492 ad
2244 1437 2525 1493 Orientem
2557 1437 2832 1508 plantatus
2862 1449 3011 1507 erat;
3041 1457 3204 1511 quem
3226 1453 3509 1512 pratorum

1925 1529 2407 1585 immarcessihiles
2457 1529 2620 1585 ﬂores
2660 1527 2998 1601 perﬂarent;
3050 1533 3402 1604 pulchrique,
3447 1551 3513 1590 ac

1927 1621 2204 1693 omnigeni
2231 1622 2487 1676 arborum
2527 1622 2741 1677 fructus
2783 1623 2938 1694 copia
2976 1623 3250 1691 ditarent;
3292 1643 3355 1681 ac
3406 1627 3513 1681 flu-

1927 1715 2076 1769 mina
2118 1714 2360 1769 medium
2398 1715 2763 1779 decurrentia,
2797 1714 3145 1786 limpidisque
3190 1718 3346 1788 aquis
3411 1718 3512 1774 soli

1927 1807 2123 1861 faciem
2164 1806 2469 1878 irrigantia,
2513 1808 2784 1862 immenso
2833 1808 3071 1878 quodam
3101 1810 3299 1865 decore
3346 1826 3514 1881 auge-

1932 1908 2077 1953 rent.
2130 1897 2186 1952 In
2232 1915 2298 1953 eo
2338 1897 2513 1964 ﬁctor,
2540 1896 2841 1956 Dominiem
2893 1916 3090 1971 manus
3130 1911 3247 1957 arte
3287 1919 3514 1975 compo-

1930 1991 2095 2045 situm
2121 1992 2355 2046 collocat
2379 2008 2547 2063 opus;
2599 1993 2986 2048 universorum
3043 1995 3264 2065 quidem
3307 1997 3515 2052 consti-

1930 2092 2091 2137 tuens
2146 2083 2465 2151 Dominum;
2538 2085 2922 2157 bonorumque
2995 2088 3241 2142 omnium
3307 2089 3514 2145 affatim

1930 2176 2267 2231 afﬂuentiam
2297 2179 2566 2233 tribuens.
2599 2180 2737 2233 Tum
2756 2195 2889 2234 vero
2906 2180 3219 2252 conjugem,
3253 2182 3513 2238 ineffabili

1930 2276 2091 2339 partu
2141 2269 2329 2324 lateris
2370 2270 2764 2325 obstetricatus
2790 2272 3068 2341 produxit,
3124 2283 3185 2328 ut
3225 2290 3372 2339 eum,
3421 2275 3515 2345 qui

1932 2360 1984 2415 id
2013 2362 2435 2428 commodasset,
2473 2377 2538 2417 ex
2571 2377 2681 2432 quo
2710 2362 2907 2419 fuisset
2946 2375 3184 2435 sumpta,
3217 2376 3380 2436 caput
3406 2366 3515 2422 sci—

1931 2457 2035 2511 ret,
2080 2465 2144 2505 ac
2173 2450 2417 2506 debitum
2453 2463 2719 2523 reputans
2748 2453 2803 2507 in
2829 2454 2987 2509 illum
3018 2455 3320 2525 aspiceret;
3348 2467 3516 2512 natu-

1930 2555 2114 2613 raeque
2166 2544 2407 2609 vinculo,
2467 2545 2774 2600 concordia:
2831 2546 2987 2616 ipsis,
3038 2547 3319 2603 individua
3390 2550 3517 2606 vita:

1933 2634 2215 2699 societate,
2253 2636 2534 2691 vinculum
2560 2646 2861 2694 constaret.

2002 2730 2297 2795 Caeterum,
2328 2744 2452 2785 cum
2480 2730 2739 2788 omnibus
2776 2730 2831 2783 in
2854 2728 3109 2801 paradiso
3138 2732 3335 2803 positis
3378 2748 3517 2790 con-

1931 2823 2189 2879 cessisset
2220 2823 2351 2889 frui,
2383 2838 2448 2878 ac
2474 2823 2861 2878 universorum
2892 2823 3139 2880 dominio
3166 2827 3364 2896 potiri;
3387 2829 3516 2899 quia

1932 2920 2096 2975 etiam
2132 2926 2408 2988 praecepto
2437 2917 2641 2973 erudiri
2660 2917 2968 2988 oportebat,
3004 2934 3068 2974 ac
3088 2922 3332 2976 exerceri
3364 2937 3514 2985 eum,

1932 3012 2020 3067 cui
2054 3011 2177 3065 talis
2212 3024 2277 3064 ac
2322 3018 2487 3065 tantae
2530 3012 2817 3081 potestatis
2847 3012 3167 3083 magnitudo
3207 3014 3518 3069 concredita

1930 3112 2099 3169 esset,
2134 3102 2242 3158 fert
2274 3101 2325 3157 ei
2359 3102 2556 3173 legem,
2603 3117 2634 3157 e
2667 3104 2829 3172 cujus
2868 3106 3103 3168 ratione,
3147 3120 3251 3160 nec
3299 3105 3518 3162 diﬂicile

1933 3195 2225 3251 admodum
2258 3193 2381 3249 vitae
2429 3195 2672 3248 rationes
2720 3210 3092 3266 componere;
3137 3212 3243 3252 nec
3290 3198 3519 3253 omnino

1930 3288 2090 3344 facile
2124 3303 2383 3351 servare;
2414 3287 2614 3356 quibus
2647 3295 2763 3341 tum
2794 3289 3103 3357 praemium,
3146 3299 3260 3343 tum
3300 3304 3516 3359 pmnam

1931 3381 2186 3435 mercede
2248 3386 2604 3451 proponeret.
2661 3379 2931 3435 Arborem
2994 3395 3233 3451 namque
3290 3383 3525 3453 pulchra

1930 3479 2219 3525 venustate
2280 3469 2563 3524 florentem
2620 3484 2874 3525 sermone
2923 3470 2992 3525 ab
3035 3471 3157 3527 aliis
3203 3488 3515 3545 segregans,

1931 3572 2265 3633 praeceptum
2296 3562 2474 3632 ponit,
2505 3578 2615 3631 quo
2664 3578 2771 3617 una
2814 3563 2917 3618 hac
2958 3565 3105 3619 vesci
3140 3565 3521 3635 prohibeatur.

1933 3650 2070 3709 Mala
2117 3663 2300 3709 autem
2342 3654 2542 3719 bestia,
2586 3671 2649 3709 ac
2678 3656 2806 3709 mali
2858 3656 3072 3711 auctrix
3117 3676 3131 3711 :
3173 3657 3378 3713 diaboli
3422 3674 3520 3712 co-

1932 3763 2167 3817 gnomen
2229 3747 2371 3803 actio
2447 3748 2645 3802 tribuit
2687 3765 2700 3802 :
2744 3748 2813 3802 ab
2869 3748 2986 3820 ipsa
3036 3750 3352 3806 conditione
3398 3750 3524 3805 livi-

1933 3840 2020 3895 dis
2088 3840 2261 3896 oculis
2313 3841 2587 3911 aspiciens
2664 3842 2970 3909 hominem,
3030 3843 3244 3914 aliaque
3309 3845 3378 3900 de
3430 3860 3521 3900 re-

1934 3932 2150 4002 ptilium
2205 3948 2406 4003 genere
2462 3932 2638 3988 bestia
2682 3948 2888 4005 organo
2957 3944 3141 4000 utens,
3211 3937 3519 4007 blandaque

1935 4040 2000 4079 ac
2037 4024 2337 4079 mulcentia
2365 4040 2488 4079 cum
2512 4026 2741 4080 muliere
2769 4027 3061 4093 collocuta,
3094 4027 3262 4099 inque
3298 4028 3522 4098 legisla-

1936 4120 2112 4169 torem
2188 4114 2416 4168 multam
2477 4131 2741 4186 spargens
2816 4117 3239 4187 blasphemiam,
3302 4121 3520 4176 mulieri

1938 4207 2152 4272 suadet,
2204 4221 2270 4261 ac
2307 4223 2407 4278 per
2450 4224 2570 4263 eam
2620 4209 2863 4281 conjugi,
2902 4220 2963 4265 ut
2988 4221 3253 4281 Spernant
3291 4214 3520 4283 quidem

1936 4309 2295 4369 praeceptum,
2338 4297 2504 4354 edant
2538 4315 2668 4355 vero
2697 4302 2763 4356 de
2794 4302 2990 4357 arbore
3046 4302 3115 4358 de
3156 4319 3262 4375 qua
3302 4321 3372 4361 ne
3429 4321 3525 4361 co-

1939 4390 2226 4445 mederent
2254 4392 2524 4445 sancitum
2583 4402 2720 4448 erat.
2759 4393 2929 4449 Porro
2980 4395 3079 4462 illi,
3116 4413 3240 4453 mox
3272 4406 3329 4453 ut
3379 4415 3522 4469 prm-

1940 4486 2161 4553 ceptum
2215 4485 2539 4554 transgressi
2610 4495 2818 4550 essent,
2882 4488 3021 4542 dona
3064 4505 3284 4561 quoque
3336 4492 3520 4546 omnia

214 4581 402 4636 τοῦτο
417 4579 529 4651 γάρ
554 4580 703 4651 αὑτῷ
744 4580 967 4649 σύμπαν
995 4577 1404 4631 κατεσκεύαστο
1426 4577 1488 4629 τὸ
1510 4576 1829 4647 μηχάνημα·

1941 4575 2381 4645 amisere;quod
2417 4577 2604 4647 utique
2646 4579 2903 4648 ponentis
2953 4582 3180 4637 insidias
3232 4583 3521 4637 consilium

211 4674 547 4728 κάντεῦθεν
604 4673 711 4725 ἀπὸ
743 4674 854 4725 τῶν
891 4672 1175 4743 προγόνων
1218 4673 1297 4733 εἰς
1350 4672 1476 4732 τοὺς
1526 4666 1831 4737 ἀπογόνους

211 4766 760 4837 κατασπειρομένου
789 4763 885 4818 τοῦ
937 4762 1415 4836 παραπτώματος,
1437 4759 1557 4815 ὅλον
1580 4759 1743 4831 ἡμῶν
1774 4757 1835 4811 τὸ

208 4861 400 4930 γένος
428 4860 457 4911 ὁ
485 4857 877 4922 ἐπιΰουλεύσας
906 4858 1012 4911 ὑπὸ
1056 4859 1216 4929 χεῖρα
1250 4852 1364 4926 εἶχε
1399 4854 1831 4923 δουλωσάμενος.

299 5056 382 5110 Τί
409 5055 455 5109 δ’
480 5054 573 5110 οὑν
623 5056 653 5109 ό
702 5054 950 5126 πλάστης
996 5052 1090 5108 καὶ
1120 5052 1408 5125 κηδεμὼν;
1441 5048 1551 5123 ἆρα
1581 5053 1837 5122 παρεῖδεν

204 5156 312 5217 είς
346 5149 506 5214 τέλος
530 5150 592 5203 τὸ
626 5148 854 5219 πλάσμα
876 5148 1428 5219 ταλαιπωρούμενον,
1462 5145 1556 5200 καὶ
1597 5146 1838 5218 τοσαύτῃ

204 5244 424 5316 πλάνῃ
460 5241 845 5313 βυθιζόμενον,
905 5241 1000 5293 καὶ¹
1054 5242 1402 5311 καθεκάστην
1457 5242 1570 5302 τοῖς
1607 5236 1836 5291 πάθεσιν

202 5332 812 5405 ἀνδραποδιζόμενον;
838 5332 912 5386 Οὑ
944 5333 1044 5401 μὲν
1067 5328 1181 5386 οὖν.
1213 5332 1335 5395 Πῶς
1370 5333 1480 5402 γὰρ
1518 5334 1657 5403 ὅπερ
1688 5331 1838 5399 φιλο-

197 5426 575 5499 τιμούμενος
631 5426 889 5490 ἔπλασεν,
922 5422 1168 5496 ἠνέσχετ’
1205 5426 1270 5478 ἂν
1324 5426 1496 5495 ἡδέως
1544 5426 1676 5496 ὀρᾷν
1714 5426 1838 5476 συλ-

202 5516 468 5588 ειγωγοὺ
477 5535 636 5587 μενον
652 5519 746 5571 καὶ
766 5516 1155 5587 ηπλανὼμενονς
1179 5519 1268 5571 Διὸ
1284 5518 1421 5589 πρὸς
1449 5518 1650 5588 ἑαυτὴν
1679 5518 1778 5587 μὲν
1801 5519 1834 5589 ἡ

201 5616 338 5685 τῆς
376 5612 607 5681 Τριάδος
636 5612 843 5682 ἑνότης,
869 5613 917 5665 εί
951 5611 1111 5681 θέμις
1145 5614 1342 5676 εἰπεῖν,
1374 5611 1788 5682 ἐκκλησιάσασα
1816 5627 1830 5639 ·

197 5706 407 5775 θέμις
429 5704 488 5757 δὲ
517 5704 676 5757 τοῦτο
704 5706 885 5772 λέγειν
917 5704 1013 5758 ἐπὶ
1064 5702 1163 5775 τῆς
1195 5706 1575 5768 άναπλάσεως,
1626 5706 1709 5758 ὅτι
1739 5704 1834 5758 καὶ

192 5798 311 5863 τὸ,
381 5796 734 5865 Ποιήσωμεν
772 5796 1090 5865 ἄνθρωπον
1123 5798 1253 5851 κατ’
1300 5798 1506 5852 εἰκόνα
1542 5796 1838 5867 ἡμετέραν

195 5890 330 5946 καὶ
382 5888 687 5959 ὁμοίωσιν,
712 5890 801 5943 ἐπὶ
830 5889 929 5960 τῆς
954 5889 1203 5954 πλάσεως
1236 5890 1487 5960 εἴρηται·
1535 5890 1612 5960 τῷ
1650 5891 1835 5962 ἐνιαίῳ

1941 4677 2078 4722 erat.
2109 4663 2170 4721 In
2201 4684 2325 4722 eum
2357 4685 2597 4739 namque
2624 4670 2787 4726 finem
2826 4681 2935 4727 tota
2968 4675 3177 4728 molitio
3211 4684 3523 4743 comparata

1936 4766 2091 4813 erat:
2128 4758 2365 4829 indeque
2394 4776 2423 4813 a
2457 4761 2761 4829 majoribus
2801 4762 2857 4816 in
2883 4772 3116 4833 nepotes
3166 4764 3523 4818 disseminata

1937 4848 2406 4921 prmvaricatione,
2461 4853 2779 4908 universum
2818 4854 3124 4909 humanum
3175 4870 3348 4927 genus
3395 4858 3517 4910 sub-

1933 4945 2144 5013 jectum
2170 4944 2555 5015 captivumque
2585 4945 2870 5001 insidiator
2900 4946 3146 5001 tenebat.

2009 5055 2149 5122 Quid
2181 5073 2311 5128 ergo
2362 5058 2516 5113 fictor
2568 5060 2939 5129 curatorque?
2980 5060 3116 5114 Num
3153 5060 3208 5115 in
3240 5059 3429 5127 ﬁnem,
3470 5061 3524 5116 in

1940 5148 2216 5203 miseriam
2242 5151 2556 5220 prolapsum
2588 5152 2793 5220 sprevit
2821 5152 3162 5223 figmentum,
3197 5153 3360 5223 inque
3390 5154 3526 5209 tanti

1940 5242 2143 5295 erroris
2175 5242 2447 5311 profundo
2491 5243 2827 5309 demersum,
2866 5261 2931 5300 ac
2962 5246 3212 5315 quotidie
3253 5246 3528 5317 passioni-

1940 5330 2043 5388 bus
2073 5335 2340 5404 malisque
2374 5336 2781 5405 mancipatum?
2814 5336 3035 5394 Minime
3066 5339 3331 5410 gentium.
3376 5342 3528 5406 Quo-

1943 5428 2106 5481 modo
2136 5427 2281 5481 enim
2312 5427 2457 5496 quod
2487 5428 2773 5497 magnifice
2797 5430 3155 5495 condidissel,
3188 5432 3381 5485 lubens
3403 5447 3530 5501 spo-

1945 5518 2062 5572 liari
2091 5527 2255 5587 atque
2284 5533 2470 5573 errare
2505 5518 2700 5573 videns
2739 5522 3127 5575 sustinuisset?
3164 5523 3528 5588 Quamobrem

1944 5609 2089 5679 apud
2126 5609 2359 5678 seipsam
2394 5608 2613 5678 quidem
2648 5624 2817 5665 sacra:
2850 5611 3065 5666 Triadis
3106 5612 3321 5675 Unitas,
3356 5621 3415 5667 ut
3446 5614 3528 5670 fas

1944 5705 2014 5757 sit
2067 5703 2139 5757 ita
2169 5701 2338 5771 loqui,
2383 5712 2714 5757 conventum
2751 5719 2919 5775 agens
2951 5724 2965 5759 :
2998 5718 3162 5774 porro
3204 5705 3342 5759 nihil
3374 5708 3530 5762 nefas

1942 5794 2124 5853 dicere
2174 5796 2226 5849 in
2264 5798 2640 5859 recreatioue,
2679 5796 2900 5865 quando
2943 5796 3106 5852 etiam
3153 5797 3207 5852 in
3252 5798 3529 5854 creatione

1942 5891 2073 5947 illud
2110 5891 2317 5947 dictum
2359 5900 2463 5947 est:
2509 5889 2788 5947 Faciamus
2823 5890 3085 5945 hominem
3131 5893 3203 5946 ad
3243 5892 3526 5962 imaginem
