4052 6412
503 456 608 521 559

1676 448 1939 512 ΡΗΟΤΙΙ
1976 446 2483 509 ΡΑΤΒΙΛΒΕΙΙ.Ὲ
2521 446 2633 507 CP.

3676 441 3771 504 560

502 582 549 629 et
571 570 951 626 similitudincn
978 578 1212 626 nostram
1231 570 1280 604 "
1312 586 1327 625 :
1350 566 1544 625 eodem
1563 609 1579 633 ,
1603 581 1667 623 ac
1698 564 1959 636 singulari
1990 578 2085 619 νο·
2111 614 2115 623 .

2214 564 2285 631 ῆς
2315 560 2539 631 γνώμης
2567 560 2893 632 βουλήματι,
2937 560 3037 631 τὴν
3060 558 3367 615 ἀνάπλασιν
3404 555 3501 610 τοῦ
3561 575 3773 630 συντρι-

503 664 731 720 luntatis
768 663 1035 727 consilio,
1072 662 1375 718 reformare
1424 659 1572 732 quod
1604 658 1900 714 contritum
1940 665 2093 724 erat,

506 757 825 826 ﬁgmentum
852 754 1159 810 constituit.
1180 754 1277 807 llla
1302 761 1486 807 autem
1519 770 1531 805 :
1559 750 1715 806 valde
1743 749 1942 820 quippe
1964 747 2099 803 etle-

507 855 684 900 ratum
714 860 779 899 ae
804 844 1103 899 desolatum
1135 850 1253 897 erat
1270 842 1569 895 humanum
1600 853 1795 909 genus,
1823 835 1968 907 quod
1999 849 2100 890 ne-

507 954 613 1007 que
645 938 834 1001 minis,
853 951 1033 1006 neque
1059 934 1259 1005 pomis,
1284 948 1463 1003 neque
1484 932 1715 1003 legibus,
1743 944 1847 985 nec
1875 926 2100 983 monitis

509 1028 898 1099 prophetarum
929 1024 1119 1080 reduci
1153 1023 1463 1095 potuisset;
1500 1021 1777 1076 hominem
1818 1017 2100 1089 quaerebat

508 1121 754 1191 ejusdem
791 1118 1077 1173 nobiscum
1107 1124 1419 1173 consortem
1452 1124 1665 1169 natura:
1686 1153 1700 1173 ,
1736 1112 1791 1166 in
1821 1125 1932 1182 quo
1963 1108 2099 1181 legis

512 1213 634 1268 latae
699 1212 1109 1267 observantiam
1181 1210 1329 1265 nulla
1394 1206 1846 1280 praevaricatione
1911 1204 2100 1258 liceret

510 1304 855 1376 perSpicere;
884 1320 995 1375 quo
1027 1302 1330 1357 humanum
1367 1300 1509 1355 idem
1544 1313 1746 1370 genus,
1779 1296 1981 1367 quibus
2014 1294 2098 1349 sui

512 1393 728 1465 generis
762 1393 1043 1447 hominem
1064 1394 1229 1447 vitam
1253 1390 1630 1445 instituentem
1662 1388 1907 1453 videret,
1942 1402 2101 1442 eum-

512 1488 635 1543 dem
674 1486 853 1557 ipsum
906 1485 1250 1551 imitaretur;
1286 1493 1453 1554 utque
1473 1484 1593 1554 ipso
1624 1498 1691 1538 eo
1714 1522 1730 1547 ,
1764 1482 1852 1535 cui
1888 1482 2100 1537 machi-

512 1594 709 1632 narum
741 1576 1038 1632 instructor
1073 1576 1337 1630 adversus
1370 1590 1473 1630 nos
1496 1574 1777 1629 victoriam
1819 1583 2102 1643 acceptam

514 1669 788 1725 referebat
810 1710 825 1734 ,
847 1667 1089 1740 legitima
1107 1668 1333 1723 victoria
1354 1682 1417 1722 ac
1440 1667 1741 1721 certamine
1762 1667 2099 1739 proﬂigatus,

513 1763 761 1818 dominio
791 1762 1033 1817 caderet.

588 1854 730 1926 Ergo
771 1869 942 1909 unum
1001 1853 1238 1925 aliquem
1288 1869 1319 1909 e
1350 1852 1622 1908 Trinitate
1659 1852 1948 1923 oportebat
1983 1850 2103 1905 fieri

517 1943 799 1999 hominem
829 1985 844 2009 ,
881 1956 943 1998 ut
975 1945 1133 2014 cujus
1168 1952 1285 1999 erat
1320 1942 1574 1998 formatio
1596 1983 1611 2007 ,
1643 1956 1707 1995 ae
1739 1955 1878 2011 Opus
1902 1980 1917 2005 ,
1951 1938 2100 2008 ejus-
2130 1927 2178 1987 B

516 2038 641 2092 dem
663 2036 943 2091 videretur
959 2050 1079 2090 esse
1109 2034 1427 2091 reformatio
1458 2049 1521 2089 ac
1544 2032 1867 2088 instauratio
1894 2029 2101 2101 operis.

517 2128 676 2183 Illum
708 2143 869 2197 porro
895 2128 1121 2181 omnino
1150 2125 1437 2196 Oportebat
1459 2125 1513 2177 in
1543 2132 1685 2178 terra
1716 2122 1886 2185 filium
1914 2120 2104 2191 appel-

519 2218 659 2283 lari,
728 2232 834 2271 nec
889 2230 1184 2286 supernam
1237 2223 1420 2269 tamen
1487 2212 1691 2269 violare
1743 2210 2103 2283 dignitatem,

518 2308 612 2380 qui
646 2308 714 2363 ab
736 2318 939 2363 artemo
959 2309 1061 2362 hoc
1086 2306 1289 2377 pariter
1315 2312 1484 2369 esset,
1502 2320 1569 2360 ac
1596 2303 1933 2359 laudaretur.
1960 2301 2107 2357 Cen-

518 2401 626 2455 seri
679 2409 861 2454 autem
910 2403 1051 2453 inter
1083 2399 1223 2453 filios
1267 2397 1551 2451 hominum
1603 2394 1943 2464 impossibile
1990 2401 2108 2448 erat

518 2493 726 2563 absque
771 2490 1168 2546 incarnatione.
1209 2488 1517 2543 lncaruatio
1555 2489 1741 2547 enim.
1778 2488 1862 2541 via
1912 2495 1997 2541 est
2039 2486 2108 2541 ad

519 2587 972 2658 generationem:
1028 2583 1310 2655 generatio
1350 2597 1514 2647 vero,
1571 2580 1984 2651 conceptionis.
2044 2593 2108 2633 ac

518 2678 709 2749 gestati
733 2678 871 2732 uteri
895 2676 1163 2731 terminus
1183 2682 1267 2729 est
1292 2691 1305 2727 :
1330 2687 1564 2743 cumque
1588 2672 1677 2726 illa
1710 2673 2109 2742 complectatur

518 2780 752 2823 matrem
780 2808 796 2831 ,
842 2768 962 2839 ejus
993 2766 1191 2821 merito
1229 2766 1686 2835 praeparationem
1722 2764 1870 2819 velut
1911 2764 2108 2817 funda-

517 2874 709 2917 mento
730 2861 929 2931 prteire
962 2860 1120 2929 petit.
1148 2857 1277 2911 Erat
1303 2858 1486 2927 itaque
1517 2857 1725 2911 lictoris
1755 2858 2110 2926 pra'paranda

520 2961 734 3018 mater,
762 2966 871 3020 quo
900 2951 981 3005 sic
1010 2949 1389 3019 reﬁngeretur,
1413 2948 1558 3019 quod
1586 2948 1925 3003 confractum
1953 2956 2108 3016 erat,

520 3056 752 3110 eamque
776 3040 1053 3111 Virginem
1072 3055 1195 3095 esse
1235 3041 1564 3111 Oportebat,
1597 3048 1657 3094 ut
1705 3040 1848 3094 sicut
1899 3040 2110 3110 primus

523 3135 689 3189 homo
740 3143 950 3188 eterra
990 3132 1202 3203 virgine
1247 3132 1407 3187 fictus
1465 3132 1672 3198 fuerat,
1714 3132 1793 3187 sic
1842 3147 1908 3186 ex
1948 3133 2111 3187 vulva

520 3223 734 3295 virgine
766 3236 909 3277 nova
944 3222 1142 3277 iterum
1173 3221 1321 3277 fictio
1350 3223 1608 3279 ederetur
1628 3265 1642 3289 ,
1675 3231 1839 3293 atque
1868 3230 1926 3276 ut
1965 3223 2109 3278 nulla

521 3330 749 3389 prersus
801 3314 1099 3387 voluptatis
1136 3314 1474 3383 insinuatio,
1506 3316 1615 3371 ‘vel
1665 3315 1710 3371 si
1755 3330 1818 3370 ea
1867 3315 2111 3387 legitima

524 3411 668 3467 foret
690 3452 705 3476 ,
732 3408 787 3465 in
813 3410 1089 3466 Creatoris
1117 3418 1273 3482 partu
1307 3410 1725 3481 intelligeretur.
1756 3409 1969 3481 Quippe
1994 3419 2115 3466 erat

523 3502 818 3572 voluptatis
870 3502 1156 3572 captivus,
1204 3516 1367 3572 quem
1420 3501 1679 3556 Dominus
1720 3510 1780 3555 ut
1824 3502 2112 3566 liberaret,

525 3595 675 3649 nasci
720 3595 986 3651 voluerat.
1048 3592 1341 3649 Enimvero
1379 3610 1630 3664 quaenam
1669 3596 1910 3667 mystcrii
1951 3596 2115 3666 digna

526 3688 596 3741 sit
632 3703 755 3742 esse
791 3686 1076 3742 ministra?
1105 3686 1365 3753 Quanam
1406 3686 1570 3757 digna
1608 3686 1744 3743 eflici
1778 3688 1873 3742 Dei
1904 3688 2074 3743 Mater
2097 3728 2113 3753 ,

525 3796 589 3835 ac
615 3782 663 3836 ei
686 3781 1033 3835 commodare
1054 3795 1277 3836 carnem
1304 3824 1319 3847 ,
1346 3782 1402 3834 in
1423 3782 1582 3852 cujus
1612 3782 1867 3837 universa
1891 3798 2117 3837 censen-

524 3870 617 3929 tur
660 3874 899 3929 divitiis?
929 3875 1191 3940 Quatnam
1226 3891 1357 3947 ergo
1387 3876 1546 3948 digna
1571 3876 1594 3930 Ἰ
1622 3877 1726 3931 nisi
1772 3877 1966 3947 utique
1998 3877 2117 3931 haec

526 3982 651 4037 quae
690 3966 957 4022 miraculo
1005 3966 1168 4021 hodie
1225 3981 1293 4022 ex
1332 3965 1581 4022 Joachim
1652 3983 1717 4024 ac
1773 3968 1946 4021 Annae
1996 3983 2119 4038 ger-

529 4059 705 4113 minat
741 4058 1039 4114 infecunda
1084 4058 1309 4114 radice?
1343 4060 1504 4130 cujus
1549 4060 1687 4115 laetis
1724 4060 1939 4132 gaudiis
1970 4061 2119 4115 diem

530 4151 880 4207 celebramus
930 4152 1208 4219 natalem;
1261 4167 1325 4208 ac
1370 4153 1529 4222 cujus
1594 4164 1822 4224 partus,
1877 4154 2123 4226 mystcrii

530 4244 799 4311 maximi,
854 4244 1062 4309 Verbi,
1125 4245 1383 4315 inquam,
1447 4246 1500 4299 in
1558 4261 1726 4301 carne
1772 4246 2120 4313 nativitatis,

530 4336 863 4391 miraculum
890 4336 1155 4391 inchoat:
1187 4338 1347 4407 cujus
1384 4338 1627 4408 denique
1657 4338 1851 4411 gratia,
1889 4338 2122 4393 celebris

533 4427 629 4483 hic
659 4428 825 4483 totius
872 4429 1057 4500 populi
1098 4444 1409 4495 concursu,
1469 4446 1735 4502 sacerque
1765 4430 2005 4486 indictus
2039 4439 2125 4485 est

534 4534 603 4576 ac
626 4529 850 4576 οοαειιιε
879 4530 1209 4577 conventus.

605 4614 909 4687 Oportebat
938 4616 1084 4671 enim
1109 4656 1125 4683 ,
1165 4617 1330 4688 plane
1358 4620 1647 4690 oportebat
1686 4629 1747 4675 ut
1773 4636 1858 4687 ea,
1900 4634 2024 4689 quze
2049 4617 2119 4674 ab
2150 4613 2195 4668 ῐ)

533 4706 671 4778 ipsis
718 4706 1043 4774 cunabulis,
1091 4716 1303 4763 castum
1332 4723 1533 4781 corpus
1555 4749 1571 4775 ,
1604 4719 1811 4764 castam
1846 4710 2123 4777 animam;

533 4809 715 4855 castas
755 4800 995 4871 denique
1030 4799 1396 4872 cogitationes
1430 4816 1613 4871 ,supra
1646 4818 1811 4872 quam
1853 4803 2126 4858 sermonis

532 4892 587 4946 vi
611 4891 842 4963 exprimi
868 4900 1058 4962 queat,
1086 4899 1492 4958 conservasset,
1510 4892 1746 4947 Fictoris
1776 4892 1948 4947 Mater
1981 4909 2126 4963 prte-

534 4986 927 5039 destinaretur.
980 4982 1285 5054 Oportebat
1328 4993 1387 5039 ut
1414 5000 1537 5053 qua:
1562 4999 1592 5038 a
1622 5000 1795 5054 puero
1835 4984 1892 5038 in
1927 4984 2128 5054 templo

539 5076 722 5131 oblata
752 5084 919 5139 esset,
955 5075 1184 5144 locaque
1214 5075 1491 5131 inaccessa
1519 5084 1880 5145 penetrasset,
1910 5076 2124 5128 anima-

532 5178 653 5222 tqu
678 5167 800 5235 ejus
824 5168 1090 5235 templum
1118 5166 1213 5236 qui
1244 5166 1520 5222 indiderat
1541 5166 1804 5230 animam,
1830 5169 2123 5236 conspice-

534 5271 710 5316 retur.
744 5258 1044 5328 Oportebat
1092 5270 1152 5314 ut
1179 5275 1321 5329 quae,
1357 5274 1499 5314 nova
1530 5274 1593 5313 ac
1626 5258 1845 5313 insolita
1880 5260 2123 5325 ratione,

536 5356 608 5408 ab
654 5351 967 5407 iufecundis
1014 5352 1217 5408 lumbis
1261 5361 1389 5407 nata
1429 5352 1758 5423 prodiisset,
1806 5361 2124 5423 parentumr

536 5462 647 5517 que
686 5446 951 5516 probrqu
997 5446 1353 5511 abstulisset,
1396 5462 1625 5501 avorum
1657 5461 1875 5515 quoque
1911 5446 2124 5500 ruinam

538 5542 891 5597 instauraret.
938 5536 1130 5609 Neptis
1154 5538 1301 5593 enim
1343 5540 1611 5609 majorum
1649 5539 1835 5593 habuit
1873 5554 2129 5607 reparare

542 5647 732 5687 casum
761 5674 775 5698 ,
802 5630 1020 5701 generis
1050 5629 1387 5685 Salvatorem
1418 5638 1577 5699 partu
1602 5629 1704 5682 viri
1727 5630 1911 5682 nescio
1937 5630 2127 5690 edens,

553 5742 617 5782 ac
661 5742 787 5781 eum
845 5740 1046 5795 corpus
1110 5724 1367 5780 induens.
1432 5722 1726 5793 Oportebat
1796 5731 1855 5777 ut
1904 5738 2023 5793 quae
2074 5738 2132 5778 se

653 5931 697 5961 ὀ
738 5928 879 5983 Gen.
920 5943 959 5989 ι,
993 5925 1086 5980 26.

2198 655 2388 718 δέντος
2420 653 2685 707 διετίθετο
2713 652 3054 723 πλάσματος.
3092 653 3158 706 'H
3187 652 3243 705 δὲ
3274 650 3554 722 (χαλεπῶς
3582 650 3693 721 γάρ
3718 653 3777 704 τὸ

2196 745 2536 815 ἀνθρώπινον
2565 745 2872 815 ἐξηγρίωτο
2898 746 2995 800 καὶ
3040 745 3367 818 ὲξηρήμωτο
3392 786 3407 809 ,
3458 744 3588 797 οὔτε
3629 746 3779 797 άπειο

2196 835 2338 900 λαῖς,
2366 836 2491 890 οὔτε
2520 840 2755 902 ποιναῖς,
2783 837 2908 890 οὔτε
2938 838 3145 908 νόμοις,
3174 837 3299 891 οὔτε
3344 837 3663 906 προφήταις
3690 839 3782 887 επ-

2196 930 2555 999 αναγόμενον)
2576 929 2861 1001 ἄνθρωπον
2881 930 3064 1001 ἐζήτει
3089 932 3188 1001 τῆς
3213 929 3382 999 αὐτῆς
3399 932 3535 999 ἡμῖν
3556 928 3784 999 λαχόντα

2198 1020 2437 1090 φύσεως,
2469 1024 2527 1077 ἐν
2556 1016 2600 1093 ᾧ
2632 1024 2731 1093 τῆς
2763 1025 3086 1093 νομοθεσίας
3116 1026 3241 1095 ἐνῆν
3266 1024 3395 1075 ἰδεῖν
3426 1021 3784 1092 ἀπαράϐατον

2196 1111 2296 1183 τὴν
2320 1115 2651 1185 συντήρησιν
2672 1132 2684 1146 ·
2710 1116 2785 1178 ὡς
2812 1115 2878 1169 ἄν
2904 1114 3018 1185 ἔχοι
3045 1133 3103 1169 τε
3127 1115 3188 1168 τὸ
3211 1114 3554 1185 ἀνθρώπινον
3585 1109 3667 1175 οἷς
3690 1115 3786 1183 ὁρᾷ

2196 1205 2259 1259 τὸ
2278 1207 2539 1277 ὁμογενὲς
2563 1209 3000 1277 πολιτευόμενον,
3027 1210 3156 1277 ὲκμι
3165 1209 3383 1279 μεῖσθαι
3405 1210 3465 1260 τὸ
3488 1207 3785 1277 ὁμόφυλον·

2200 1299 2294 1353 καὶ
2325 1299 2412 1351 ἵνα
2451 1298 2518 1352 δι’
2545 1292 2607 1351 οὗ
2638 1300 2699 1352 τὸ
2728 1299 2850 1352 καθ’
2895 1299 3055 1371 ἡμῶν
3084 1301 3305 1370 κράτος,
3350 1302 3378 1353 6
3406 1300 3508 1363 τὰς
3542 1300 3790 1369 μηχανὰς

2202 1392 2517 1463 ῥαψάμενος
2561 1394 2883 1465 ἀνεδήσατο,
2940 1394 3028 1446 διὰ
3062 1394 3256 1447 τούτου
3298 1393 3668 1464 καθαιρεθείη
3694 1395 3792 1458 τῆς

2202 1485 2448 1555 κυρείας,
2477 1486 2689 1557 ἐννόμῳ
2716 1487 2842 1560 νίκῃ
2864 1490 2956 1542 καὶ
2980 1488 3346 1559 ἀγωνίσματι.

2278 1849 2489 1904 Οὐκοῦν
2515 1849 2624 1903 ἔδει
2651 1848 2777 1903 τινὰ
2826 1848 2917 1901 τὸν
2950 1846 3050 1916 τῆς
3081 1846 3313 1918 Τριάδος
3361 1846 3442 1908 είς
3473 1844 3796 1916 ἀνθρώπους

2205 1941 2443 1999 τελέσαι.
2471 1941 2539 1994 ἵν’
2557 1937 2738 2013 ἧσπερ
2770 1934 2838 2011 ἦν
2866 1940 2927 1991 τὸ
2960 1940 3420 2009 πλαστούργημα,
3446 1938 3659 2007 ταύτης
3692 1939 3791 1990 ὑπ-

2206 2037 2375 2105 άρχον
2400 2034 2595 2104 ὀφθείη
2630 2034 2724 2087 καὶ
2746 2033 2808 2085 τὸ
2837 2032 3193 2103 ἀνάπλασμα.
3239 2032 3477 2084 Ἐκεῖνον
3499 2031 3557 2083 δὲ
3582 2030 3794 2091 πάντως

2206 2128 2321 2181 υίδν
2345 2127 2453 2179 ἔδει
2483 2129 2635 2181 κάτω
2662 2126 3024 2197 χρηματίσαι,
3076 2126 3172 2178 καὶ
3228 2124 3303 2194 μὴ
3357 2123 3693 2193 καθυϐρίσαι
3737 2123 3796 2177 τὸ

2208 2220 2319 2274 ἄνω
2344 2218 2584 2288 ἀξίωμα,
2611 2218 2702 2271 τὸν
2733 2218 2791 2282 ἐξ
2830 2218 3001 2271 ἀϊδίου
3036 2217 3198 2271 τοῦτο
3229 2219 3325 2272 καὶ
3349 2218 3478 2271 ὄντα
3512 2219 3608 2270 καὶ
3652 2216 3797 2281 603:-

2209 2312 2459 2382 ζόμενον.
2486 2312 2677 2365 Τελεῖν
2699 2312 2755 2364 δὲ
2796 2312 2877 2375 είς
2910 2311 3218 2383 ἀνθρώπων
3268 2313 3437 2374 υἱοὺς.
3475 2312 3579 2363 οὐκ
3608 2310 3677 2363 ἂν
3706 2313 3793 2377 ἑγ-

2208 2402 2420 2474 χωροῦν
2448 2404 2533 2472 εἴη
2560 2402 2727 2473 χωρίς
2750 2420 2812 2470 γε
2842 2403 3191 2473 σαρκώσεως.
3216 2403 3501 2471 Σάρκωσις
3521 2402 3593 2470 γά
3605 2419 3659 2473 ρ,
3682 2402 3793 2462 ὁδὸς

2210 2496 2303 2548 ἐπὶ
2336 2496 2613 2563 γέννησιν
2632 2494 2881 2565 γέννησις
2896 2496 2976 2560 δὲ,
2997 2495 3295 2564 κυοφορίας
3316 2495 3561 2563 ὑπάρχει
3584 2510 3650 2544 συ
3659 2493 3792 2563 μπέ-

2213 2601 2415 2657 ρασμα.
2433 2584 2496 2637 Ἠ
2532 2584 2609 2647 δὲ,
2638 2586 2853 2655 μητέρα
2885 2586 3437 2656 συμπεριγράφουσα,
3462 2586 3563 2655 τὴν
3586 2585 3802 2651 ἕτοιμα·

2213 2679 2337 2731 σίαν
2355 2679 2560 2747 ταύτης
2583 2679 2811 2740 εἰκότως
2836 2680 3061 2732 ἀπαιτεῖ
3083 2677 3660 2749 προκαταϐἀλλεσθαι.
3690 2678 3800 2742 Μη-

2210 2773 2345 2843 τέρα
2378 2773 2485 2825 ἔδει
2520 2772 2672 2825 κάτω
2702 2771 3180 2841 διευτρεπισθῆναι
3212 2771 3306 2823 τοῦ
3336 2772 3587 2824 Πλάστου
3633 2769 3713 2832 εἰς
3747 2771 3802 2821 τὸ

2211 2864 2272 2919 τὸ
2300 2865 2586 2937 συντριὸὲν
2614 2864 3035 2918 ἁναπλάσασθαι
3063 2880 3077 2893 ο
3111 2864 3206 2916 καὶ
3252 2861 3461 2931 ταύτην
3507 2859 3801 2932 παρθένον,

2214 2958 2281 3011 ἵν’
2306 2958 2496 3027 ὧσπερ
2550 2960 2615 3011 ὲκ
2646 2958 2921 3027 παρθένου
2956 2956 3061 3026 γῆς
3085 2956 3112 3008 6
3140 2955 3357 3026 πρῶτος
3394 2956 3691 3026 ἄνθρωπος
3727 2956 3801 3007 δι-

2212 3050 2547 3115 επὲπλαστο,
2566 3050 2708 3103 οὕτω
2730 3049 2818 3102 διά
2848 3049 3119 3120 παρθένου
3149 3051 3379 3117 μήτρας,
3400 3048 3803 3117 πραγματευῖίῇ

2212 3146 2246 3214 ή
2278 3144 2621 3207 ἀνάπλασις·
2685 3143 2776 3196 καὶ
2815 3143 2902 3196 ἵνα
2936 3141 3182 3213 μηδεμία
3219 3141 3343 3212 μηδ’
3398 3140 3634 3209 ἐννόμου
3668 3140 3808 3208 πάρ-

2140 3269 2184 3329 c
2216 3236 2335 3299 οδος
2370 3236 2585 3308 ἡδονῆς,
2620 3236 2743 3306 μηδ’
2766 3235 3081 3307 ἐπινοηθείη
3104 3234 3182 3304 τῷ
3206 3235 3351 3303 τόκῳ
3377 3234 3472 3287 τοῦ
3497 3235 3808 3294 κτίσαντος·

2216 3328 2412 3399 ἡδονῆς
2442 3324 2633 3399 γὰρῆν
2664 3329 3031 3398 αἰχμάλωτος,
3064 3326 3123 3379 ὃν
3149 3329 3176 3380 6
3201 3327 3479 3396 Δεσπότης
3508 3324 3814 3396 ἐλευθερῶ-

2219 3440 2309 3475 σαι
2334 3424 2432 3491 τὴν
2458 3424 2713 3491 γέννησιν
2746 3421 3094 3487 κατεδέξατο.
3137 3420 3299 3475 Ἀλλά
3319 3422 3400 3482 τίς
3423 3419 3555 3485 ἀξία
3588 3435 3813 3489 χρημα-

2216 3515 2365 3569 τίσαι
2400 3515 2491 3568 τοῦ
2516 3515 2816 3585 μυστηρίου
2842 3515 3119 3579 διὰκονοςς
3154 3514 3249 3576 Τίς
3276 3512 3399 3577 ἀξία
3430 3514 3639 3584 Μήτηρ
3664 3510 3817 3580 γενέ-

2221 3611 2345 3663 σθαι
2374 3609 2531 3675 Θεοῦ,
2579 3610 2673 3664 καὶ
2709 3612 2888 3679 σάρκα
2943 3610 3187 3663 δανεῖσαι
3238 3608 3317 3679 τῷ
3374 3606 3710 3661 πλουτοῦντι
3751 3606 3816 3657 τὰ

2222 3701 2557 3772 σύμπαντα;
2594 3702 2689 3765 Τίς
2742 3702 2837 3755 οὖν
2884 3701 3119 3773 ἁξία;ῆ
3171 3700 3332 3770 δῆλον
3382 3702 3464 3752 ὅτι
3500 3700 3647 3769 αὕτη
3702 3698 3820 3767 {iis

2233 3794 2491 3863 Ἰωακεὶμ
2525 3794 2620 3847 καὶ
2653 3795 2853 3866 Ἀννης
2880 3798 2977 3864 τῆς
3011 3796 3263 3864 ἀκάρπου
3298 3794 3455 3864 ῥίζης
3492 3793 3818 3863 παραδόξως

2223 3885 2577 3956 βλαστήσασα
2600 3888 2842 3958 σήμερον
2862 3904 2877 3953 ;
2912 3883 2979 3959 ἧς
2999 3889 3161 3957 ἡμεῖς
3185 3886 3454 3956 λαμπρῶς
3479 3886 3818 3957 ἑορτάζομεν

2222 3977 2290 4029 τά
2320 3977 2593 4044 γενέθλια,
2648 3979 2743 4031 καὶ
2770 3972 2837 4048 ἦς
2872 3978 2900 4029 6
2933 3978 3092 4040 τόκος
3113 4018 3127 4041 ,
3161 3976 3255 4029 τοῦ
3296 3978 3562 4047 μεγίστου
3615 3994 3819 4048 μυστη-

2228 4069 2367 4138 ρίου,
2394 4068 2497 4139 τῆς
2521 4070 2579 4122 ὲν
2611 4070 2801 4140 σαρκὶ,
2839 4071 3001 4140 φημὶ,
3036 4070 3130 4123 τοῦ
3161 4070 3338 4138 Λόγου
3379 4072 3721 4139 γεννήσεως,
3760 4071 3816 4120 τὸ

2226 4160 2413 4231 θαῦμα
2444 4162 2891 4234 προοιμιάζεται·
2945 4163 3041 4216 καὶ
3092 4162 3159 4215 δι’
3184 4164 3251 4234 ἢν
3294 4164 3327 4233 ἡ
3364 4161 3657 4233 πάνδημος
3682 4160 3815 4232 αὕτη

2226 4254 2322 4307 καὶ
2346 4253 2468 4307 θεία
2492 4255 2801 4328 πανήγυρις
2832 4257 3291 4327 συγκεκρότηται.

2300 4612 2448 4666 Ἔδει
2479 4612 2610 4684 γάρ,
2638 4614 2745 4667 ἔδει
2774 4614 2873 4687 τὴν
2935 4613 2995 4679 ἐξ
3044 4614 3226 4668 αὐτῶν
3271 4616 3612 4687 σπαργάνων
3659 4618 3814 4685 ἁγνὸν

2226 4706 2328 4776 μὲν
2355 4706 2417 4759 τὸ
2448 4707 2631 4777 σῶμα,
2676 4708 2846 4778 ἁγνὴν
2874 4707 3054 4779 δὲτὴν
3093 4708 3272 4780 ψυχὴν
3294 4750 3308 4769 ,
3355 4710 3561 4777 ἁγνοὺς
3603 4690 3661 4763 δὲ
3696 4713 3818 4772 τοὺς

2224 4796 2541 4867 λογισμοὺς,
2575 4802 2824 4870 κρεῖττον
2852 4800 2882 4870 ἢ
2914 4800 3079 4871 λόγῳ,
3113 4804 3555 4873 συντηρήσασαν,
3594 4802 3817 4873 Μητέρα

2224 4889 2430 4960 ταύτην
2477 4890 2873 4961 προορισθῆναι
2907 4891 3003 4945 τοῦ
3052 4894 3382 4955 Πλάσαντος.
3443 4895 3598 4947 Ἔδει
3629 4895 3729 4962 τὴν
3758 4896 3819 4945 ἐκ

2228 4982 2464 5053 βρέφους
2490 4984 2604 5053 ναῷ
2626 4984 3054 5055 προσαχθεῖσαν,
3090 4987 3185 5039 καὶ
3211 4989 3326 5049 τοῖς
3369 4987 3601 5049 ἀϐάτοις
3638 4988 3815 5047 τόποις

2232 5074 2672 5144 ἐμϐατεύσασαν,
2732 5076 2976 5147 ἔμψυχον
3026 5079 3152 5131 ναὸν
3201 5078 3432 5149 ὀφθῆναι
3492 5078 3591 5131 τοῦ
3616 5079 3814 5146 ταύτην

2229 5167 2605 5238 ψυχώσαντος.
2632 5169 2782 5223 Ἔδει
2812 5170 2910 5242 τὴν
2937 5170 2998 5235 ἐξ
3024 5172 3235 5240 ἀγόνων
3260 5172 3507 5240 λαγόνων
3530 5172 3813 5243 παραδόξῳ

2231 5259 2375 5330 λόγῳ
2403 5260 2709 5330 τεχθεῖσαν,
2734 5263 2829 5315 καὶ
2871 5263 2930 5316 τὸ
2952 5263 3060 5316 τῶν
3100 5264 3371 5317 τεκόντων
3425 5265 3815 5335 περιελομένη-θ

2233 5351 2472 5418 ὄνειδος,
2535 5354 2628 5406 καὶ
2684 5353 2795 5409 τῶν
2837 5356 3202 5428 προπατόρων
3260 5356 3707 5410 ἀνακαλέσασθαι
3758 5358 3812 5407 τι

2236 5442 2549 5515 ἐλάττωμα.
2576 5444 2994 5500 ’Λνασώσασθαι
3025 5450 3134 5517 γὰρ
3177 5446 3303 5517 ἔσχε
3332 5448 3395 5499 τὸ
3438 5447 3814 5519 προγονικὸνὴ

2232 5537 2501 5603 ἀπόγονος
2540 5538 2783 5607 ἥττημα,
2814 5540 2905 5592 τὸν
2958 5542 3187 5613 Σωτῆρα
3218 5540 3312 5594 τοῦ
3354 5542 3549 5608 γένους
3582 5542 3811 5609 ἀνάνδρῳ

2231 5628 2377 5699 τόκῳ
2431 5633 2836 5705 γεννησαμένη,
2894 5637 2989 5688 καὶ
3038 5635 3226 5687 τοῦτον
3277 5637 3809 5705 σωματουργὴσασα.

2237 5721 2383 5775 Ἔδει
2418 5723 2513 5794 τὴν
2552 5724 2624 5796 τῷ
2672 5725 2857 5781 κάλλει
2890 5729 2990 5797 τῆς
3020 5728 3199 5798 ψυχῆς
3246 5728 3449 5799 ἑαυτὴν
3482 5728 3703 5801 ὠραέως
3732 5728 3809 5795 ὲμ.
