4052 6420
248 402 349 467 561

1028 412 1378 474 HOMILIA
1420 413 1472 476 Ι.
1506 439 1579 450 -
1608 414 1694 476 ΙΝ
1728 415 1841 476 SS.
1882 415 2150 477 MARIIE
2188 413 2736 479 NATIVITATEM.

3407 406 3515 473 562

252 518 645 593 μορφώσασαν,
679 523 885 595 λογάδα
921 526 1142 600 νύμφην
1188 532 1589 604 ἐμφανισθῆναι
1625 533 1704 605 τῷ
1745 535 1832 588 οὐ·

1940 534 2101 590 animi
2140 534 2339 590 decore
2372 530 2605 601 pulchre
2643 530 3021 598 perornasset,
3055 536 3255 594 sponsa
3310 522 3513 577 eximia

251 612 426 685 ρανίῳ
460 617 680 685 νυμφίῳ
709 619 1121 689 ἐμπρέπουσαν.
1176 624 1324 677 Ἔδει
1351 624 1581 695 τὴντῶν
1617 626 1831 697 ἀρετῶν

247 706 367 769 τοῖς
394 705 617 778 τρόποις
668 708 747 772 ὡς
787 709 1009 781 ἄστροις
1056 713 1258 784 ἑαυτὴν
1301 714 1715 785 ούρανώσασαν,
1742 718 1834 772 τὸν

250 800 358 865 τῆς
381 801 733 874 δικαιοσύνης
782 803 1112 873 ἀνίσχουσαν
1142 806 1351 869 Ἥλιον,
1385 809 1521 860 πᾶσι
1580 810 1694 871 τοῖς
1740 827 1833 862 πι-

255 894 405 957 στοῖς
432 896 857 966 ἐπιγνωσθῆναι.
899 896 1048 950 Ἔδει
1082 898 1181 968 τὴν
1215 897 1471 965 καθάπαξ
1500 899 1699 971 ἑαυτὴν
1723 899 1835 954 τῶν

253 986 607 1058 παρθενικῶν
640 989 887 1059 αἱμάτων
918 992 983 1061 τῇ
1034 990 1178 1061 βαφῇ
1238 991 1701 1064 πορφυρώσασαν,
1755 996 1837 1057 είς

255 1078 552 1149 ἁλουργίδα
570 1081 907 1150 χρηματίσαι
939 1083 1032 1134 τοῦ
1058 1083 1471 1153 παμϐασιλέως.
1494 1085 1556 1137 ’Ὠ
1580 1084 1673 1138 τοῦ
1700 1084 1835 1139 θαύ-

256 1188 431 1241 ματος
455 1173 466 1225 !
491 1172 605 1242 ὃνὴ
634 1173 896 1243 σύμπασα
928 1175 1104 1238 κτίσις
1133 1176 1195 1229 οὑ
1228 1178 1415 1246 χωρεῖ,
1462 1178 1495 1245 ἠ
1528 1177 1836 1250 παρθενικὴ

254 1264 473 1335 γαστὴρ
504 1265 965 1335 ἀστενοχωρήτως
990 1267 1269 1335 κυοφορεῖ.
1310 1268 1407 1320 Ὃν
1442 1267 1512 1319 τά
1555 1268 1838 1338 Χερουϐὶμ

254 1356 531 1421 ἀτενίζειν
579 1358 641 1410 οὐ
689 1358 886 1427 τολμᾷ,
941 1358 1196 1428 πηλίναις
1253 1362 1441 1430 χερσὶν
1472 1361 1505 1429 ἡ
1565 1359 1839 1427 Παρθένος

255 1449 648 1522 ἀγκαλοφορεί.
681 1452 754 1503 Τὸ
799 1451 927 1523 ὅρος
947 1451 1006 1505 τὸ
1027 1452 1201 1519 ἅγιον,
1248 1452 1314 1506 ὲκ
1345 1453 1445 1521 τῆς
1480 1453 1690 1523 ἐρήμου
1740 1451 1839 1505 καὶ

256 1541 458 1608 ἀγόνου
492 1544 703 1612 μήτρας
730 1544 1081 1613 προέρχεται,
1105 1542 1165 1607 ἐξ
1190 1535 1252 1596 οὗ
1296 1542 1527 1612 τμηθεὶς
1565 1542 1692 1596 ἄνευ
1728 1560 1840 1611 χει-

262 1634 375 1701 ρῶν
424 1633 573 1695 λίθος
623 1633 837 1702 ἔντιμος
899 1635 1295 1704 ἀκρογωνιατος
1343 1636 1578 1705 Χριστὸς
1630 1637 1658 1688 ὁ
1707 1635 1840 1699 Θεὸς

1934 626 2141 683 εωιοειὶ
2167 638 2407 697 congrue
2453 635 2661 692 sponso
2698 618 3045 689 proderetur.
3107 614 3409 684 Oportebat
3456 621 3515 667 ut

1934 733 2055 789 quae
2077 732 2135 771 se
2156 715 2419 770 virtutum
2439 710 2615 766 modis
2630 707 2781 764 velut
2801 706 2971 763 stellis
2991 704 3191 760 cmlum
3215 702 3511 768 etl‘ecissct,

1931 808 2164 882 justitiaz
2182 805 2365 861 Solem
2392 801 2740 874 praetendens
2756 797 3009 853 ﬁdelibus
3036 793 3313 849 universis
3342 808 3516 863 agno—

1937 910 2204 957 sceretur.
2235 896 2538 969 Oportebat
2568 902 2629 948 ut
2684 907 2807 962 quae
2834 886 3177 960 virginalium
3205 900 3264 941 se
3294 883 3517 955 sangui-

1937 1008 2070 1047 num
2124 990 2333 1045 murice
2386 987 2612 1043 omnino
2666 981 2989 1041 imbuisset.
3026 979 3084 1033 in
3135 977 3517 1033 universorum

1939 1087 2083 1157 regis
2117 1084 2360 1140 trabeam
2399 1080 2636 1136 cederet.
2681 1075 2726 1131 Ο
2775 1072 3132 1129 miraculum!
3168 1069 3344 1137 Quem
3396 1068 3523 1122 uni-

1938 1194 2097 1236 versa
2139 1184 2320 1233 creata
2369 1189 2480 1228 non
2522 1170 2783 1240 capiunt,
2828 1183 2957 1223 eum
3000 1162 3283 1235 virginalis
3332 1170 3523 1215 uterus

1940 1271 2078 1328 nihil
2117 1275 2504 1339 angustatum;
2551 1278 2617 1318 eo
2653 1261 2796 1316 fetus
2843 1267 3037 1330 gestat.
3080 1258 3136 1309 In
3172 1270 3333 1325 quem
3375 1252 3523 1305 Che-

1941 1363 2121 1419 rubim
2138 1360 2421 1416 oculorum
2445 1356 2616 1411 aciem
2640 1353 2805 1425 figere
2823 1367 2933 1405 non
2964 1350 3188 1411 audent,
3208 1360 3335 1400 eum
3358 1343 3523 1413 Virgo

1940 1457 2104 1513 luteis
2141 1454 2398 1510 manibus
2431 1451 2487 1505 in
2518 1449 2664 1504 ulnis
2709 1446 3070 1517 amplexatur.
3116 1441 3269 1495 Mons
3303 1446 3526 1493 sanctus

1943 1551 2213 1606 edeserta
2277 1544 2562 1614 sterilique
2626 1542 2787 1598 vulva
2848 1534 3230 1609 progreditur,
3288 1548 3354 1586 ex
3416 1543 3525 1599 quo

1944 1640 2217 1713 pretiosus
2263 1638 2353 1692 ille
2401 1632 2865 1705 summangularis
2904 1628 3042 1699 lapis
3093 1625 3344 1681 Christus
3384 1622 3528 1675 Deus

258 1723 443 1830 ἡμῶν,
468 1724 535 1777 τά
560 1724 669 1777 τῶν
697 1724 970 1795 δαιμόνων
998 1726 1221 1797 τεμένη,
1246 1728 1341 1781 καὶ
1370 1728 1440 1779 τὰ
1459 1726 1553 1779 τοῦ
1577 1725 1705 1797 ᾅδου
1738 1726 1837 1796 βα-

1944 1741 2130 1787 noster
2170 1729 2320 1785 nulla
2362 1742 2627 1783 manuum
2659 1739 2825 1794 opera
2868 1720 3172 1783 abscissus,
3216 1717 3527 1771 daemonum

1964 1826 1975 1830 -
2016 1826 2027 1830 -
2075 1824 2087 1830 -
2386 1820 2398 1830 -
2449 1819 2469 1830 ιδ
2570 1818 2582 1830 ο
2725 1816 2736 1827 ο
2927 1829 2952 1830 η
3088 1826 3194 1830 ξυμ-
3245 1807 3525 1830 .----....2.ΙΑ

262 1815 461 1880 σίλεια,
498 1816 634 1885 αὐτῇ
689 1818 964 1888 τυραννίδι
991 1795 1330 1889 συνέτριψεν.
1374 1819 1431 1871 '0
1461 1795 1701 1889 ἔμψυχος
1739 1795 1835 1873 καὶ

1946 1824 2170 1881 delubra
2216 1863 2231 1887 ,
2268 1836 2333 1876 ac
2384 1818 2585 1874 inferni
2628 1816 2831 1888 regiam
2858 1855 2873 1878 ,
2925 1829 3032 1866 una
3076 1826 3197 1865 cum
3245 1807 3529 1878 tyrannide

257 1906 515 1976 οὐράνιος
544 1907 637 1959 ἐπὶ
668 1908 767 1976 γῆς
805 1907 1129 1977 χαλκεύεται
1154 1909 1427 1974 κλίϐανος,
1469 1911 1527 1962 ὲν
1561 1902 1604 1976 ᾧ
1627 1911 1655 1961 ό
1704 1909 1842 1963 πλά-

262 2014 401 2068 στης
426 1998 521 2051 τοῦ
555 2000 689 2067 ἐμοῦ
722 2001 1042 2070 φυράματος
1076 2001 1153 2071 τῷ
1184 2002 1351 2071 θεῖκῷ
1375 2002 1509 2070 πυρὶ
1531 2002 1630 2073 τὴν
1665 2003 1845 2072 ἀπαρ-

260 2091 367 2161 χὴν
389 2092 794 2162 όπτησάμενος,
828 2095 923 2147 καὶ
951 2093 1049 2165 τὴν
1081 2094 1189 2148 τῶν
1234 2094 1491 2159 ζιζανίων
1536 2095 1845 2164 ὲπισποράν

263 2183 738 2254 συμφλεξάαενος,
756 2187 875 2241 ὅλον
905 2186 1082 2258 ἑαυτῷ
1105 2187 1347 2259 καθαρὸν
1376 2190 1750 2256 ἀρτοποιεῑται
1783 2187 1846 2242 τὸ

261 2275 516 2346 φύραμα.

350 2368 512 2423 Ἀλλά
541 2370 593 2423 τί
619 2370 685 2424 ἄν
710 2388 794 2435 τις
819 2372 993 2435 εἴποις
1030 2373 1083 2426 τί
1112 2373 1157 2425 δ’
1183 2372 1283 2426 οὐκ
1320 2373 1386 2427 ἄν
1413 2390 1496 2437 τις
1520 2373 1706 2437 πάθοι,
1737 2374 1849 2429 τῶν

260 2461 367 2530 τῆς
391 2463 674 2534 Παρθένου
704 2465 1067 2536 χαρισμάτων
1101 2468 1195 2519 καὶ
1239 2468 1687 2540 κατορθωμάτων
1730 2468 1850 2521 δια-·

1945 1914 2225 1973 contrivit.
2269 1912 2561 1966 Animatus
2593 1925 2657 1964 ac
2689 1906 2932 1963 cmlestis
2963 1906 3018 1958 in
3052 1911 3194 1956 terra
3234 1900 3532 1954 fabricatur

1944 2002 2233 2065 clibanus,
2290 2000 2349 2053 in
2391 2014 2500 2069 quo
2552 1997 2756 2067 plastes
2809 1994 2899 2048 ille
2969 2007 3032 2047 ac
3081 1989 3355 2053 conditor,
3396 2002 3534 2043 mea:

1945 2111 2140 2152 massa:
2160 2093 2429 2166 primitias
2458 2091 2644 2147 divino
2680 2102 2995 2158 excoquens
3024 2087 3151 2157 igne
3175 2121 3190 2146 ,
3237 2098 3301 2137 ac
3327 2079 3536 2134 zizania

1948 2186 2387 2259 superseminata
2450 2184 2817 2248 comburens,
2878 2188 3051 2236 totam
3119 2174 3223 2231 sibi
3275 2173 3537 2229 mundam

1948 2295 2184 2337 massam
2212 2280 2265 2333 in
2289 2292 2460 2348 panes
2484 2274 2755 2330 en‘ormat.

2019 2374 2221 2429 Verum
2251 2371 2383 2442 quid
2421 2369 2544 2439 quis
2573 2382 2686 2422 non
2710 2365 2878 2429 dicat,
2909 2364 3112 2434 quidve
3141 2378 3255 2417 non
3273 2360 3536 2432 patiatur,

1955 2466 2198 2539 Virginis
2237 2466 2510 2520 donorum
2549 2460 2985 2528 meritorumque
3010 2456 3240 2527 pelagus
3283 2452 3540 2525 pernavi-

262 2552 449 2607 πλέων
469 2553 530 2606 τὸ
551 2554 811 2623 πέλαγος;
840 2555 1025 2627 Δειλιᾷ
1052 2556 1144 2609 καὶ
1171 2557 1352 2628 χαίρει
1376 2575 1388 2588 θ
1413 2558 1508 2611 καὶ
1528 2559 1727 2628 ἠρεμεῖ
1755 2557 1841 2611 καὶ

1952 2560 2118 2632 gans?
2145 2557 2338 2613 Metuit
2363 2571 2427 2610 ac
2456 2552 2688 2626 gaudet;
2720 2550 2954 2621 quiescit
2981 2564 3045 2604 ac
3067 2546 3269 2611 exsilit;
3294 2558 3543 2599 rursum-

265 2644 590 2751 ἐξάλλεταιο
630 2648 725 2700 καὶ
751 2649 915 2701 πάλιν
948 2650 1074 2721 σιγᾷ
1119 2648 1215 2701 καὶ
1262 2648 1705 2718 άναφθέγγεται·
1758 2648 1841 2701 καῖ

1954 2668 2061 2723 que
2100 2659 2242 2706 tacet
2267 2665 2330 2703 ac
2360 2647 2638 2718 loquitur;
2668 2644 3124 2712 contrahiturque
3155 2655 3222 2696 ac
3258 2638 3540 2703 dilatatur,

269 2736 620 2791 συστέλλεται
643 2741 737 2791 καὶ
775 2739 1134 2793 πλατύνεται·
1169 2738 1239 2792 τά
1293 2738 1393 2809 μὲν
1443 2739 1521 2810 τῷ
1552 2738 1723 2809 φόϐῳ,
1780 2737 1841 2790 τά

1955 2761 2061 2816 qua
2092 2744 2304 2806 timore,
2338 2756 2445 2811 qua
2471 2737 2747 2794 desiderio
2769 2751 2956 2792 secum
2982 2732 3348 2790 trahentibus.
3372 2729 3543 2785 Porro

266 2831 327 2883 δὲ
359 2830 438 2902 τῷ
466 2831 615 2902 πόοῳ
647 2831 1179 2903 συμμεθελκόμενος.
1226 2831 1367 2901 Ἐγὼ
1402 2832 1446 2885 δ’
1496 2832 1732 2903 ἐμαυτὸν
1774 2829 1841 2901 τιῖ

1958 2852 2058 2910 ego
2095 2837 2150 2890 in
2171 2834 2583 2906 prmsentiarum
2600 2830 2894 2896 desiderio,
2911 2844 3075 2900 quam
3095 2827 3275 2883 timori
3306 2824 3544 2895 amplius

268 2924 659 3035 πόθῳτμάλλον
714 2926 746 2997 ἢ
801 2925 878 2996 τῷ
915 2926 1066 2997 φόϐῳ
1108 2928 1227 2980 νυνὶ
1260 2926 1649 2997 χαρισάμενος,
1679 2926 1841 2997 ἡδέως

1959 2931 2270 3001 indulgens,
2294 2927 2511 2991 lubens,
2535 2925 2708 2996 probe
2736 2923 2931 2986 nostis,
2951 2923 3113 2993 longe
3134 2918 3291 2975 vobis
3321 2917 3546 2973 uberius

2632 3034 2637 3035 ,
2706 3032 2850 3035 ,,--,._
2882 3015 3053 3035 !___.:I:
3093 3011 3348 3035 -_-.:---:-
3375 3010 3520 3035 ﬂ“-..

271 3017 365 3083 ἂν,
394 3013 453 3071 εὖ
490 3019 628 3084 ἴστε,
677 3021 770 3072 καὶ
814 3019 995 3089 πολλῷ
1031 3020 1168 3089 ῥέων
1202 3020 1335 3090 ὑμῖν
1368 3023 1603 3090 ἐπέστην
1627 3036 1641 3050 ·
1673 3020 1724 3072 εί
1762 3019 1841 3073 κα¹

1960 3038 2287 3095 congressus
2314 3035 2519 3086 essem,
2544 3032 2858 3088 quanquam
2882 3015 3055 3069 inutili
3088 3011 3352 3069 orationis
3375 3010 3546 3073 ﬂuxu,

270 3111 536 3208 ἀχρήστῳ
587 3110 682 3164 τοῦ
717 3111 878 3179 λόγου
911 3112 989 3183 τῷ
1033 3112 1290 3182 ῥεύματι,
1338 3112 1450 3165 τῶν
1509 3111 1841 3183 παρθενικῶι

1968 3115 2353 3189 praestantibus
2388 3110 2670 3167 miraculis
2694 3109 2935 3178 Virginis
2964 3107 3115 3162 velut
3146 3113 3465 3176 stagnantes
3483 3116 3551 3157 ac

271 3203 577 3271 θαυμάτων
604 3203 943 3274 ἐλλιμνάζειν
971 3206 1094 3275 ἐμοὶ
1122 3206 1218 3257 καὶ
1243 3205 1597 3275 πλημμύρειν
1622 3222 1841 3276 παρεχο·

1968 3208 2310 3265 exundantes
2351 3220 2522 3275 aquas
2569 3217 2679 3258 :ac
2719 3200 2979 3266 maxime,
3003 3197 3149 3269 quod
3191 3209 3245 3252 et
3281 3211 3381 3251 vos
3436 3202 3553 3249 tota

275 3293 460 3362 μένων
482 3310 496 3325 ο
538 3293 774 3364 μάλιστὰ
800 3310 862 3361 γε
894 3295 988 3347 καὶ
1015 3294 1161 3365 ὑμᾶς
1181 3295 1345 3364 ὁρῶν,
1397 3294 1699 3365 προθύμως
1761 3295 1841 3365 μὲι

1962 3303 2245 3357 alacritate
2266 3299 2479 3354 videam
2504 3294 2887 3366 adaperientes
2908 3308 3093 3354 aures,
3116 3299 3341 3361 totoque
3364 3288 3552 3343 animo

274 3386 376 3449 τὰς
427 3385 597 3447 ἀκοὰς
652 3384 1147 3450 ἀναπεταννύντας,
1206 3388 1326 3441 ὅλον
1355 3388 1409 3440 δὲ
1440 3391 1532 3439 τδν
1565 3386 1692 3440 νοῦν
1725 3388 1841 3458 προ

1964 3394 2021 3448 in
2059 3400 2341 3463 perpetua:
2380 3388 2619 3459 Virginis
2657 3401 2922 3441 accensos
2965 3384 3224 3449 laudem;
3280 3380 3557 3449 simulque

274 3477 378 3583 τὴν
407 3476 687 3546 εὐφημίαν
711 3477 807 3547 τῆς
853 3475 1242 3546 Ἀειπαρθένου
1299 3475 1715 3545 ἀναψαμένους·
1769 3493 1841 3529 κα

1965 3484 2273 3557 persolvam
2297 3482 2435 3552 ipse,
2468 3480 2513 3533 si
2552 3478 2686 3547 quid
2716 3475 3078 3547 virginalibus
3106 3473 3271 3543 orgiis
3293 3488 3358 3526 ac
3382 3470 3557 3525 sacris

278 3569 402 3637 ἅμα
459 3567 879 3638 ἀφοσιούμενος,
937 3569 992 3620 εί
1047 3585 1100 3622 τι
1162 3569 1274 3637 ἐγὼ
1332 3568 1717 3637 τετελεσμένος
1753 3570 1841 3620 τοῖς

1968 3576 2175 3633 exsisto
2208 3589 2336 3629 reus
2362 3592 2377 3629 ;
2405 3587 2594 3626 verum
2643 3578 2861 3640 tempus
2903 3567 2969 3623 ad
3017 3567 3123 3621 alia
3157 3573 3459 3636 provocat:
3487 3564 3555 3618 ad

282 3660 638 3767 παρθενικοῖς
666 3660 873 3731 ὀργίοις
902 3660 1242 3732 καθέστηκα.
1280 3660 1420 3713 Ἀλλ’
1443 3662 1593 3732 ὅμως
1625 3663 1653 3715 ὁ
1676 3659 1841 3731 καιρὸς

1969 3668 2209 3741 Virginis
2250 3668 2413 3721 aliam
2466 3665 2680 3720 laudem
2726 3680 2741 3717 :
2790 3661 2859 3717 ad
2917 3658 3155 3731 mystici,
3210 3658 3458 3727 inquam,
3493 3671 3560 3709 ac

279 3751 373 3854 ἐπ’
396 3752 529 3805 ἄλλα
554 3752 894 3822 παρακαλεῖ⁸
931 3753 1017 3805 ἐπ’
1045 3752 1212 3824 ἀλλην
1241 3753 1409 3824 τιμὴν
1435 3753 1536 3822 τῆς
1565 3752 1841 3824 Παρθένου

1971 3762 2251 3819 incruenti
2303 3758 2554 3814 sacrificii
2617 3755 3046 3819 inchoationem,
3109 3750 3338 3821 (earum
3410 3746 3559 3801 enim

278 3844 383 3913 τῆς
413 3846 704 3915 μυστικῆς,
737 3846 881 3915 φημὶ
904 3884 920 3909 ,
953 3846 1047 3898 καὶ
1078 3846 1420 3915 ἀναιμάκτου
1458 3844 1648 3908 θυσίας
1688 3845 1841 3915 ἀπάρ

1973 3855 2291 3927 passionum
2308 3867 2432 3922 qua:
2451 3848 2621 3904 Filius
2642 3848 2787 3903 ultro
2804 3844 3067 3915 suscepit.
3086 3834 3584 3904 commemoratio,‘

284 3934 485 4043 ξαίθαι
505 3935 666 4043 ίτιμὴ
694 3939 799 4006 γάρ
826 3939 1071 4009 Μητρὸς,
1097 3939 1131 4007 ὴ
1168 3937 1279 3990 τῶν
1311 3935 1575 3990 ἑκουσίων
1613 3935 1710 3989 τοῦ
1742 3935 1838 3989 Υίο

1976 3948 2153 4005 honor
2188 3956 2274 4002 est
2315 3945 2503 4000 Matris
2536 3960 2550 3996 :
2584 3941 2697 4013 )ad
2735 3939 2883 4011 quod
2924 3938 3115 4007 utique
3155 3934 3444 3999 trahimur,
3496 3945 3565 3986 ac

284 4025 631 4096 παθημάτων
660 4028 988 4099 ἀνάμνησις)
1008 4045 1024 4061 ·
1056 4030 1143 4098 ἐφ’
1168 4028 1236 4099 ἢν
1259 4026 1659 4099 μεθελκὸμεθα,
1689 4026 1785 4081 καὶ
1810 4027 1841 4098 ἢ

1977 4040 2133 4111 cujus
2163 4036 2404 4094 faciendi
2434 4034 2592 4090 adest
2623 4028 3153 4103 Opportunissimum
3182 4034 3421 4095 tempus.

285 4118 708 4188 ἐπικαιρότατον
744 4120 1085 4189 ἱεράσασθαι.

376 4209 539 4263 Ἀλλά
570 4212 657 4273 σὺ,
689 4206 733 4264 ὦ
763 4211 1006 4282 Παρθένε
1040 4212 1135 4265 καὶ
1182 4214 1386 4284 Μήτηρ
1433 4211 1528 4266 τοῦ
1561 4211 1758 4280 Λόγου,
1814 4229 1841 4265 τ

2054 4219 2163 4277 Sed
2196 4228 2275 4281 tu,
2308 4232 2343 4271 ο
2368 4213 2534 4285 Virgo
2555 4229 2622 4269 ac
2656 4211 2820 4268 Verbi
2847 4212 3074 4270 Parens,
3101 4202 3421 4277 propitiatio
3446 4216 3568 4255 mea

288 4301 427 4370 ἐμὸν
458 4303 771 4372 ἱλαστήριον
808 4305 902 4356 καὶ
926 4302 1268 4372 προσφύγιον
1290 4318 1304 4333 ο
1355 4306 1390 4374 ἡ
1426 4303 1744 4376 παραδόξως
1778 4301 1841 4371 μὲ

1980 4329 2046 4369 ac
2078 4311 2389 4382 refugium;
2420 4324 2543 4378 quae
2577 4305 2813 4361 mirabili
2859 4300 3072 4355 ratione
3104 4298 3174 4352 ab
3204 4294 3375 4350 sterili
3420 4292 3567 4347 edita

290 4397 360 4448 ἐκ
392 4398 611 4499 στείρας
640 4398 1023 4469 γεωργηθεῖσα
1043 4412 1057 4429 ⁸
1090 4398 1527 4469 παραδοξότερον
1558 4398 1615 4451 δὲ
1641 4398 1732 4449 τὸν
1757 4402 1841 4449 ard

1984 4422 2074 4465 es;
2108 4400 2559 4469 mirabilioriquc,
2590 4397 2795 4467 spicam
2818 4392 2979 4448 nobis
2996 4390 3121 4445 vita:
3150 4385 3392 4447 edidisti,
3425 4383 3568 4453 apud

291 4505 393 4555 χυν
424 4487 524 4558 τῆς
579 4488 724 4559 ζωῆς
758 4490 891 4559 ἡμῖν
923 4490 1417 4561 καρποφορήσασα,
1477 4488 1614 4558 πρὸς
1665 4488 1757 4541 τὸν
1791 4488 1841 4540 σὲ

1940 4502 1960 4555 )
1988 4496 2184 4551 Filium
2214 4505 2368 4551 tuum
2393 4507 2457 4546 ac
2480 4490 2649 4544 Deum
2682 4494 2932 4542 nostrum
2960 4479 3327 4542 intercedens,
3356 4491 3423 4530 ac
3452 4490 3570 4529 me-

297 4581 428 4633 Υἱὸν
465 4580 560 4633 καὶ
592 4580 725 4634 Θεὸν
765 4580 918 4653 ἡμῶν
955 4580 1463 4652 διαπρεσϐευομένη
1501 4581 1597 4634 καὶ
1628 4580 1841 4651 μεσιτεύ

1981 4588 2181 4645 diatrix
2218 4585 2508 4649 accedens,
2553 4579 2867 4636 laudatores
2910 4584 3034 4631 tuos
3076 4573 3148 4628 ab
3194 4569 3344 4626 omni
3390 4567 3570 4631 sorde,

296 4690 456 4737 ουσα,
481 4675 609 4737 τοὺς
643 4674 766 4737 σοὺς
797 4674 1045 4745 ὑμνητάς
1086 4673 1287 4737 παντὸς
1329 4672 1501 4743 ῥύπου
1536 4672 1632 4726 καὶ
1680 4673 1841 4727 παντὲ

1983 4680 2244 4748 omnique
2273 4676 2482 4731 macula
2509 4673 2866 4743 depurgatos,
2887 4664 3097 4723 cmlesti
3125 4662 3362 4718 thalamo
3382 4660 3575 4728 dignos

296 4766 797 4836 ἀποσμηξαμένους
836 4765 1203 4837 μολύσματος,
1239 4764 1335 4818 τοῦ
1367 4764 1620 4835 οὐρανίου
1659 4764 1841 4832 νυμφᾶ

1983 4770 2154 4831 ellice,
2190 4777 2248 4822 ut
2273 4768 2329 4821 in
2356 4766 2543 4835 requie
2574 4769 2856 4834 perpetua,
2882 4758 3051 4818 trino,
3082 4750 3390 4809 substantia
3421 4748 3573 4802 omni

296 4876 387 4922 νος
414 4860 601 4925 ἀξίους
621 4860 921 4923 ἀνάδειξον,
951 4862 1029 4923 εἰς
1060 4860 1232 4913 ἀΐδιον
1268 4857 1423 4930 λῆξιν
1464 4857 1544 4928 τῷ
1576 4857 1675 4926 τῆς
1707 4857 1841 4927 ὑπερ

1988 4859 2213 4928 majoris
2243 4856 2532 4911 Trinitatis
2554 4851 2784 4918 lumine,
2818 4850 3184 4910 illustrcntur,
3215 4844 3443 4913 ejusque
3478 4838 3580 4891 mi-

296 4952 486 5003 ουσίου
522 4952 753 5021 Τριάδος
777 4950 987 5020 τρισσῷ
1020 4950 1161 5019 φωτὶ
1205 4929 1751 5018 καταυγαζομένουςυ
1790 4966 1841 5001 κε

1995 4951 2150 5006 rabili
2179 4966 2242 5003 ac
2263 4946 2527 5003 ineﬂabili
2555 4942 2867 5016 spectaculo
2885 4939 3257 5001 delectentur;
3282 4933 3339 4987 in
3360 4929 3580 4987 Christo

242 5066 260 5103 ξ
295 5048 421 5107 ταῖς
446 5044 651 5112 ταύτης
686 5044 1065 5113 ἐντρυφῶντας
1097 5043 1402 5113 ὑπερφυέσι
1431 5041 1526 5095 καὶ
1549 5041 1841 5109 ἀφθέγκτοε

1995 5045 2125 5101 Jesu
2156 5042 2388 5098 Domino
2410 5048 2621 5109 nostro,
2648 5037 2735 5095 cui
2757 5033 2925 5108 gloria
2944 5046 3009 5088 ac
3027 5035 3273 5103 p0testas
3295 5026 3351 5083 in
3381 5022 3577 5081 saecula

300 5138 610 5206 θεάμασιν·
645 5138 702 5190 ὲν
738 5136 959 5208 Χριστῷ
1001 5135 1175 5208 Ἰησοῦ
1198 5134 1276 5206 τῷ
1304 5134 1494 5205 Κυρίῳ
1524 5133 1704 5204 ἡμῶν,
1758 5125 1803 5199 ᾧ

2003 5136 2353 5194 seculorum.
2394 5134 2588 5188 Amen.

300 5230 431 5292 δόξα
482 5231 579 5282 καὶ
624 5229 687 5283 τὸ
724 5230 925 5302 κράτος
980 5229 1062 5293 είς
1110 5228 1238 5293 τοὺς
1272 5226 1473 5290 αἰῶνας
1500 5226 1608 5279 τῶν
1652 5223 1887 5279 αἰώνων.

308 5321 515 5392 Ἀμήν.
