4052 6408
1623 406 1884 468 ΡΗΟΤῘΙ
1926 404 2436 465 PATRIARCILE
2477 406 2584 467 (ΣΡ.

2116 539 2187 594 ll.

1438 657 1515 711 De
1548 656 1802 728 Symeone
1829 656 2095 711 Christum
2123 656 2178 709 in
2206 654 2373 710 ulnas
2414 655 2731 723 suscipiente
2761 654 2861 723 (5).

1371 766 1644 824 (Consum.
1674 765 1907 819 Biblioth.
1936 764 2212 819 Concionat.
2245 773 2284 819 t.
2304 768 2391 829 Vl,
2414 768 2525 829 250,
2549 769 2659 830 ipso
2690 763 3013 827 interprete.)

597 871 716 928 Non
736 878 1123 933 eratsacerdos
1139 875 1373 948 Symeon
1390 877 1523 950 (3‘):
1546 879 1648 933 etsi
1662 879 1821 950 longe
1835 878 2101 934 virtutum
2127 884 2180 942 Α
2204 890 2521 951 tantamque
2550 878 2822 934 atl'uderat
2856 878 3057 942 lucem,
3090 885 3150 930 ut
3193 889 3314 945 qua:
3354 887 3621 945 processu
3653 880 3789 926 tem-

525 976 852 1021 ornamento
890 970 1265 1026 sacerdotibus
1323 971 1633 1041 praestabat.
1672 971 1881 1028 Idcirco
1934 974 2101 1028 etiam

521 1059 778 1113 sacerdos
806 1058 1047 1129 quidem,
1082 1062 1167 1117 his
1193 1062 1564 1129 ministrabat,
1591 1078 1710 1132 qua:
1743 1064 1797 1118 in
1823 1080 1992 1135 puero
2015 1065 2099 1119 lex

522 1146 639 1204 ﬁeri
690 1150 914 1218 jubebat
948 1169 961 1204 :
999 1161 1054 1206 at
1101 1152 1334 1222 Symeon
1379 1169 1504 1209 cum
1550 1164 1698 1209 recte
1747 1155 1907 1210 factis
1956 1156 2099 1224 aliis,

520 1249 635 1294 tum
663 1244 812 1298 senis
832 1243 1033 1299 canitie
1066 1245 1416 1311 venerabilis,
1439 1245 1594 1316 juxta
1624 1246 1808 1301 divina
1839 1262 2100 1316 responsa

516 1335 661 1389 votis
698 1335 1001 1392 fruebatur.
1054 1337 1288 1407 Agnovit
1322 1353 1450 1393 vere
1494 1339 1745 1393 evenisse
1788 1354 2095 1408 responsa:

522 1430 738 1497 agnovit
776 1446 899 1483 eum
931 1429 1024 1500 qui
1056 1430 1454 1499 praedicabatur
1491 1448 1505 1485 :
1544 1444 1669 1485 eum
1714 1430 1966 1500 portabat
2004 1430 2097 1500 qui

522 1519 691 1572 verbo
742 1521 923 1574 omnia
977 1530 1158 1591 portat
1201 1538 1214 1574 :
1255 1522 1478 1591 visaque
1529 1522 1746 1592 generis
1803 1522 1997 1587 salute,
2038 1538 2102 1577 ac

520 1610 777 1667 diviniori
815 1614 1056 1683 repletus
1080 1613 1391 1675 dulcedine.
1418 1614 1570 1669 nullo
1601 1614 1711 1682 jam
1753 1612 1880 1668 vita:
1915 1630 2103 1668 amore

521 1705 833 1762 tenebatur.
879 1706 1020 1771 Quin
1067 1707 1252 1762 statim
1302 1716 1571 1776 praesente
1630 1707 1824 1774 salute,
1881 1722 2102 1762 carnem

521 1798 820 1867 tleponerc,
852 1809 1014 1868 atque
1043 1801 1128 1854 his
1159 1801 1323 1854 etiam
1346 1799 1435 1869 qui
1460 1808 1614 1854 erant
1640 1799 1692 1853 in
1721 1799 1936 1852 inferno
1977 1800 2101 1852 fau-

523 1898 670 1944 stum
696 1891 889 1945 salutis
909 1908 974 1946 ac
1013 1892 1408 1962 redemptionis
1435 1892 1687 1946 nuntium
1715 1891 1931 1956 atferre,
1957 1901 2105 1947 totus

521 1981 809 2049 gestiebat.
836 1982 1015 2053 Atque
1040 1983 1207 2038 Deum
1234 1983 1453 2053 quidem
1473 1982 1847 2047 benedieebat,
1881 1982 1984 2036 hoc
1999 1991 2101 2047 est,

520 2072 772 2129 laudibus
816 2082 980 2144 atque
1030 2075 1260 2130 canticis
1300 2074 1609 2129 celebrabat
1651 2092 1663 2128 :
1718 2074 1918 2143 alioqui
1972 2088 2104 2128 vero

520 2166 685 2221 etiam
731 2167 1109 2236 benedicebat,
1149 2168 1295 2238 quod
1344 2167 1518 2223 factas
1559 2168 1662 2222 sibi
1702 2166 2100 2237 promissiones

520 2259 771 2314 evenisse
801 2260 1029 2325 videret,
1063 2260 1207 2331 quod
1226 2260 1443 2316 lsraelis
1472 2260 1902 2315 consolationem
1924 2258 2098 2314 oculis

2206 975 2373 1046 poris,
2401 973 2772 1043 paulatimque
2792 970 3085 1025 revelanda
3108 977 3283 1033 erant,
3311 978 3443 1023 tunc
3492 966 3584 1020 ille
3609 964 3787 1020 statim

2209 1074 2542 1135 repenteque
2572 1060 2911 1133 cognoverit.
2940 1061 3019 1115 Ac
3048 1076 3116 1114 ne
3143 1059 3230 1113 cui
3266 1058 3613 1113 occasionem
3658 1071 3790 1125 pra:-

2205 1154 2331 1209 beat
2354 1153 2613 1223 opinandi
2645 1167 2840 1208 omnes
2891 1167 2951 1207 se
2970 1150 3201 1222 populos
3229 1148 3430 1213 dicere,
3459 1145 3789 1217 quiJudzeo-

2208 1262 2328 1302 rum
2382 1253 2541 1317 gente
2589 1244 3212 1316 comprehenderentur,
3293 1242 3396 1296 ista
3450 1238 3785 1310 subjungit:

2208 1338 2408 1394 Lumen
2435 1340 2506 1393 ad
2531 1338 2902 1394 reuelationem
2932 1337 3167 1409 gentium
3196 1351 3215 1390 :
3245 1335 3399 1406 quasi
3422 1333 3587 1398 dicat,
3621 1330 3790 1386 Nemo

2206 1439 2363 1501 putet
2390 1446 2609 1487 omnem
2639 1446 2726 1487 me
2751 1446 2949 1487 vocare
3001 1429 3291 1485 Iudaicum
3338 1427 3600 1498 populum
3631 1442 3647 1477 :
3683 1425 3789 1479 imo

2209 1532 2383 1578 totum
2413 1523 2517 1579 hac
2547 1538 2683 1579 voce
2722 1522 2969 1594 signiﬁco
3001 1537 3173 1593 genus
3214 1522 3538 1575 humanum.
3573 1516 3790 1583 Etenim

2200 1637 2363 1691 quem
2408 1621 2583 1676 oculis
2613 1621 2795 1685 video,
2838 1621 3003 1689 inque
3045 1619 3189 1673 ulnis
3216 1617 3354 1682 fero,
3392 1618 3540 1671 salus
3571 1615 3676 1670 erit
3731 1630 3794 1667 ac

2199 1712 2507 1781 redemptio
2528 1711 2796 1766 omnium.
2815 1710 3003 1780 Neque
3029 1710 3145 1764 haec
3183 1708 3387 1763 dixisse
3414 1708 3550 1761 satis
3579 1706 3791 1770 habuit;

2199 1805 2295 1859 sed
2324 1805 2779 1876 condistinguens
2827 1813 3020 1859 contra
3058 1802 3312 1857 lsraelem
3349 1816 3545 1856 omnes
3580 1809 3793 1885 gentes.

2203 1898 2486 1969 subiungit
2517 1916 2530 1953 :
2560 1899 2761 1952 Lumen
2791 1902 2860 1951 ad
2884 1896 3260 1951 reuelationem
3307 1895 3572 1964 gentium,
3600 1904 3649 1946 et
3685 1892 3793 1962 glo-

2202 1992 2343 2045 riam
2364 1991 2527 2059 plebis
2587 2001 2691 2045 tua?
2728 1988 2900 2043 Israel
2928 1991 2973 2021 "
3001 2005 3021 2053 ;
3057 1986 3213 2058 quasi
3243 1984 3389 2041 dicat
3424 2003 3437 2040 :
3471 1982 3794 2039 Communis

2200 2081 2419 2150 quidem
2448 2080 2592 2135 salus
2615 2090 2718 2145 est,
2741 2095 2905 2150 quem
2934 2080 2990 2133 in
3011 2078 3151 2132 ulnis
3175 2085 3347 2147 gesto,
3378 2074 3558 2129 infans
3587 2072 3793 2127 cunctis

2198 2174 2474 2245 gentibus,
2503 2188 2567 2227 ac
2598 2172 2781 2227 lsraeli
2814 2189 2828 2226 :
2858 2187 3051 2226 verum
3078 2170 3335 2234 gentibus
3358 2167 3579 2238 quidem
3608 2166 3791 2219 lumen

2195 2276 2297 2334 est,
2322 2267 2467 2337 quod
2487 2267 2555 2321 ab
2584 2266 2900 2321 idololatria:
2933 2266 3129 2320 educat
3155 2262 3393 2318 tenebris
3418 2278 3431 2314 :
3452 2258 3642 2315 lsraeli
3670 2272 3792 2311 vero

519 2365 801 2424 aspectare
842 2365 1007 2426 atque
1029 2355 1283 2411 manibus
1300 2365 1511 2427 gestare
1528 2354 1847 2410 meruisset:
1871 2353 2108 2422 hincque
2138 2355 2180 2411 Β
2208 2358 2399 2430 gloria,
2438 2358 2581 2427 quod
2612 2358 2734 2412 data
2766 2357 2893 2412 olim
2923 2356 3028 2410 illis
3055 2354 3267 2427 legalia,
3299 2353 3498 2423 quibus
3513 2352 3584 2406 ab
3622 2350 3790 2405 idolo-

519 2463 677 2501 sacro
707 2448 901 2517 plenus
939 2448 1157 2518 gaudio,
1214 2447 1403 2513 Nunc,
1462 2448 1660 2518 inquit,
1722 2446 1945 2499 dimittis
1987 2462 2102 2499 ser-

518 2556 641 2593 vum
678 2549 829 2593 tuum
866 2541 922 2593 in
962 2555 1089 2608 pace
1147 2541 1218 2594 ".
1275 2539 1505 2605 Quando
1554 2539 1949 2610 promissorum
1998 2552 2101 2591 na-

517 2639 639 2685 ctus
695 2645 816 2685 sum
860 2632 1046 2694 linem,
1083 2631 1247 2686 linem
1299 2646 1518 2700 quoque
1548 2628 1796 2683 mortalis
1820 2628 1930 2683 vita
1955 2627 2102 2682 acci-

517 2723 631 2793 piat
652 2743 666 2777 :
686 2740 811 2779 nam
834 2724 950 2781 haec
972 2725 1107 2779 mihi
1132 2724 1362 2779 verbum
1380 2734 1535 2777 tuum
1562 2721 1691 2777 olim
1722 2721 2095 2791 promittebat.

517 2815 733 2873 Etenim
752 2818 870 2873 fore
900 2827 962 2873 ut
984 2834 1089 2872 non
1107 2818 1349 2873 viderem
1366 2826 1597 2871 mortem
1621 2814 1725 2869 nisi
1748 2813 1866 2869 viso
1886 2814 2101 2870 Christo

517 2908 759 2975 Domini,
780 2911 898 2981 ipse
929 2910 1141 2981 pridem
1177 2909 1311 2964 mihi
1344 2907 1617 2979 pollicitus
1642 2922 1783 2962 eras.
1805 2906 1943 2972 Quia
1972 2922 2101 2960 vero

517 3001 575 3055 in
624 3017 776 3057 meos
822 3003 1176 3058 incurrerunt
1220 3002 1427 3062 oculos,
1474 3014 1597 3070 qua:
1622 2998 1939 3070 cupiebant,
1979 3014 2101 3067 quas

515 3094 851 3164 quaerebam,
924 3109 1157 3163 quorum
1191 3091 1480 3148 desiderio
1552 3091 1887 3153 :estuabam,
1946 3089 2099 3143 Nunc

517 3188 742 3241 dimittis
785 3205 992 3241 servum
1042 3199 1216 3249 tuum.
1261 3186 1353 3256 qui
1400 3201 1505 3241 nec
1553 3184 1745 3239 mortis
1795 3182 2097 3253 periculum

521 3289 735 3350 paveat,
768 3295 871 3335 nec
899 3280 1193 3335 dubietatis
1224 3277 1647 3351 cogitationibus
1673 3284 1965 3338 terreatur,
2002 3273 2097 3329 sed

519 3373 676 3428 firma
722 3374 963 3445 potiatur
1012 3388 1166 3443 pace,
1219 3388 1284 3428 ac
1341 3387 1463 3442 quae
1515 3370 1756 3425 laetitiam
1808 3367 2098 3438 plurimam

518 3467 715 3536 pariat.
752 3467 965 3523 Etenim
991 3466 1100 3521 vidi
1137 3466 1372 3521 salutare
1400 3465 1647 3519 omnium
1679 3462 2026 3533 populorum.

589 3559 668 3613 Ac
696 3558 839 3624 vide,
866 3574 1071 3629 quieso,
1112 3558 1281 3614 divini
1304 3557 1558 3627 sacrique
1592 3555 1740 3609 senis
1780 3562 2095 3608 accuratam

517 3651 874 3723 diligentiam.
903 3652 1227 3723 Priusquam
1257 3650 1404 3706 enim
1434 3649 1577 3704 beati
1612 3649 1756 3703 illius
1800 3646 2095 3717 spectaculi

2204 2466 2328 2505 rum
2363 2452 2543 2506 cultus
2571 2459 2919 2505 emerserunt
2948 2449 3198 2520 caligine,
3232 2448 3289 2501 in
3323 2446 3553 2518 gloriam
3578 2460 3643 2498 ac
3670 2457 3791 2513 per-

2202 2541 2496 2596 fectionem
2534 2556 2902 2596 conversurus
2941 2541 3031 2595 sit.
3074 2540 3346 2594 Praeterea
3396 2538 3566 2592 etiam
3626 2534 3790 2605 gloria

2200 2642 2286 2686 est
2326 2641 2487 2686 natus
2515 2648 2653 2702 puer
2688 2630 2965 2685 lsraelitici
3004 2630 3215 2700 populi,
3268 2640 3526 2698 tanquam
3579 2626 3678 2696 qui
3728 2641 3791 2679 ex

2200 2724 2500 2778 Abrahami
2550 2723 2762 2778 semine
2804 2722 2970 2777 homo
2999 2721 3294 2777 exstiterit.
3328 2720 3531 2774 Eadem
3580 2717 3697 2773 fere
3740 2724 3791 2771 et

2202 2816 2369 2871 Isaias
2391 2816 2633 2870 clamans
2670 2815 2745 2869 ait
2777 2833 2792 2870 :
2822 2814 2956 2868 Ecce
2983 2814 3141 2885 posui
3170 2822 3220 2867 te
3256 2814 3311 2865 in
3338 2811 3509 2865 lucem
3540 2811 3788 2880 gentium,

2201 2917 2259 2962 ut
2302 2908 2515 2978 aperias
2554 2907 2732 2962 oculos
2780 2923 3038 2961 cinnorum
3082 2905 3165 2972 ⁹⁸;
3202 2906 3308 2961 hoc
3337 2914 3439 2970 est,
3464 2903 3573 2958 illis
3617 2902 3790 2957 visum

2201 3001 2463 3071 praebeas,
2501 3000 2788 3069 lucemque
2835 3015 2866 3054 a
2920 2999 3184 3061 tenebris,
3241 3008 3403 3068 atque
3447 3014 3477 3051 a
3508 2994 3794 3051 mendacio

2199 3093 2507 3159 veritatem,
2543 3094 2611 3148 ab
2658 3108 2843 3148 errore
2889 3094 3149 3163 pietatem
3200 3092 3503 3147 discernas.
3556 3088 3716 3145 Unde
3744 3095 3797 3142 et

2198 3186 2369 3241 David
2399 3187 2542 3242 hanc
2595 3187 2895 3257 praedicans
2928 3186 3183 3253 salutem,
3231 3185 3489 3255 velutque
3520 3182 3796 3254 plaudens

2200 3278 2477 3343 manibus,
2508 3294 2571 3333 ac
2601 3279 2799 3334 choros
2820 3279 3064 3334 ducens:
3092 3279 3307 3345 Omnes,
3350 3278 3557 3348 inquit,
3594 3284 3793 3348 gentes,

2200 3369 2435 3438 plaudite
2459 3370 2722 3437 manibus,
2743 3372 2992 3441 quoniam
3019 3370 3271 3424 Dominus
3303 3369 3557 3430 excelsus,
3586 3367 3797 3421 terribi-

2200 3461 2286 3526 lis,
2308 3459 2420 3515 Rea:
2446 3478 2667 3532 magnus
2694 3479 2850 3531 super
2870 3478 3078 3516 omnem
3102 3462 3455 3516 terram""’.
3483 3459 3581 3515 Sin
3617 3468 3800 3515 autem

2199 3552 2402 3609 Christi
2426 3555 2662 3625 populus
2692 3556 2912 3621 dicitur,
2934 3565 3126 3626 estque
3148 3555 3313 3609 Israel
3350 3562 3411 3608 ut
3441 3553 3801 3623 distinguitur

2199 3645 2521 3715 agentibus;
2580 3644 2935 3717 distinguitur
3007 3657 3189 3702 autem
3273 3645 3525 3701 Mosaicis
3588 3644 3800 3715 legibus

517 3759 742 3815 compos
830 3745 1169 3809 ellieeretur,
1245 3742 1596 3813 exspectabat
1668 3739 2097 3795 consolationem
2127 3724 2173 3787 C
2202 3744 2367 3805 atque
2404 3737 2669 3801 moribus,
2702 3754 3013 3808 quanquam
3042 3738 3289 3794 nondum
3336 3737 3569 3809 gratiam
3603 3750 3801 3790 conse-

502 3834 683 3893 israel
713 3857 727 3893 :
755 3848 811 3892 at
842 3838 933 3893 ubi
966 3838 1111 3907 quod
1143 3836 1392 3908 sperabat
1445 3850 1508 3889 ac
1540 3832 1792 3902 cupiebat
1826 3830 2094 3897 obtinuitj,

513 3944 627 3983 non
653 3930 767 3999 jam
788 3929 1217 3983 consolationem
1241 3927 1459 3993 clamat,
1483 3925 1577 3981 sed
1601 3924 1843 3978 omnium
1866 3923 2098 3977 salutem

515 4020 842 4089 populorum
865 4038 878 4073 :
898 4019 980 4075 sic
1008 4019 1264 4073 nimirum
1291 4016 1439 4071 omni
1467 4030 1720 4070 sermone
1767 4029 1831 4068 ac
1860 4012 2099 4083 cogitatu

516 4113 693 4186 major
734 4113 826 4174 ille
873 4113 929 4173 in
970 4128 1143 4184 puero
1192 4110 1374 4186 fulgor
1421 4110 1601 4167 virum
1677 4106 2096 4184 perstrinxerat.

516 4529 689 4587 Photii
727 4528 1043 4597 patriarcha:
1072 4527 1665 4597 Constantinopolitani,
1693 4547 1837 4585 nova:
1902 4544 2100 4588 sanctae

582 4601 677 4655 Dei
729 4599 1008 4655 Genitricis
1044 4599 1291 4663 ecclesiw,
1354 4600 1410 4652 in
1440 4598 1641 4668 palatio
1670 4618 1703 4653 a
1738 4599 1942 4655 Basilio
1972 4604 2087 4657 Ma-

578 4672 769 4725 cedone
804 4680 1104 4735 exstructa,
1133 4670 1411 4739 descriptio
1447 4670 1545 4739 (4).

2110 4256 2185 4299 ιιι

2201 3838 2386 3893 cutus,
2441 3829 2668 3898 ejusque
2725 3845 2951 3901 compos
2988 3830 3186 3892 factus,
3224 3845 3372 3895 cum,
3410 3829 3665 3899 inquam,
3709 3826 3800 3896 qui

2199 3921 2253 3975 in
2286 3920 2469 3976 Veteri
2492 3922 2845 3978 Testamento
2879 3934 2964 3979 est
2993 3924 3114 3994 ejus
3142 3924 3381 3995 p0pulns
3401 3924 3492 3989 sit,
3522 3919 3799 3992 quomodo

2197 4032 2307 4071 non
2341 4016 2705 4071 obstruuntur
2748 4016 2961 4087 perdita
3009 4015 3438 4072 Manich:eorum
3491 4030 3617 4083 ora,
3674 4025 3794 4085 qua:

2199 4109 2266 4166 ad
2295 4107 2441 4164 aliud
2472 4124 2568 4165 eos
2599 4108 2932 4180 principium
2969 4108 3259 4165 referunt?

2209 4533 2436 4588 Φωτίου
2482 4532 2850 4601 πατριάρχου
2897 4530 3600 4597 Κωνσταντινουπόλεως
3625 4571 3641 4593 ,
3701 4529 3794 4583 ἐκ·

2264 4618 2485 4673 φρασις
2515 4603 2627 4672 τῆς
2647 4605 2716 4656 ἐν
2742 4603 2867 4668 τοῖς
2886 4603 3231 4667 βασιλείοις
3268 4601 3413 4665 νέας
3462 4602 3795 4673 sicana/ag

2265 4670 2377 4741 ίτῆς
2420 4670 2749 4743 praeportat:
2799 4675 3121 4737 Θεοτόκου,
3155 4673 3273 4726 ὑπὸ
3310 4674 3645 4726 Βασιλείου
3689 4670 3793 4724 τοῦ

2269 4744 2616 4811 Μακεδόνος
2650 4743 3175 4814 οἱκοδομηθείσης.

1542 4871 1842 4934 (ϐουθενιε.,
1867 4874 2150 4939 Manipulus
2172 4892 2338 4930 rerum
2362 4882 2525 4931 Const.
2552 4893 2601 4941 p.
2628 4878 2764 4941 296.)

572 5000 782 5060 Laetum
835 5000 1000 5056 video
1058 5000 1345 5075 prazsentis
1393 5000 1498 5055 diei
1572 5016 1902 5058 conventum
1950 5021 1965 5058 :
2023 5022 2088 5061 ac

2263 5010 2490 5080 Φαιδρδν
2525 5008 2639 5081 ὁρῶ
2692 5009 2791 5081 τῆς
2850 5009 3134 5080 παρούσης
3197 5007 3416 5079 ἡμέρας
3461 5007 3560 5061 τὸν
3612 5006 3793 5061 σύλλο-

501 5096 719 5164 qualem
748 5109 913 5148 nemo
942 5095 1183 5148 humana
1217 5094 1438 5148 solertia
1471 5103 1634 5165 atque
1664 5110 1853 5164 opera,
1883 5113 1947 5152 ac
1977 5099 2085 5156 nisi
2114 5105 2123 5163 l

2206 5117 2305 5167 (ον,
2334 5101 2430 5153 καί
2468 5094 2579 5153 οἷον
2623 5100 2723 5153 οὐκ
2770 5101 2837 5155 ἄν
2892 5118 2975 5163 τις
3028 5099 3357 5171 ἀνθρωπίνῳ
3418 5099 3794 5169 σπουδάσματι

500 5182 673 5240 divini
734 5181 920 5236 afﬂatu
966 5179 1221 5237 Numinis
1259 5181 1496 5237 conﬂare
1566 5184 1825 5253 potuerit.
1873 5187 2079 5251 Quam-

568 5330 613 5361 ἰ
659 5324 798 5381 Luc.
834 5342 895 5390 tt,
920 5324 1014 5382 29.

2188 5189 2282 5241 καὶ
2328 5188 2498 5257 χωρὶς
2558 5185 2708 5251 θείας
2757 5189 3130 5259 συγκροτῆται
3187 5191 3362 5260 ῥοπῆς
3412 5188 3789 5261 κατισχύσαι.

1093 5327 1140 5358 ’³
1169 5326 1303 5382 ibid.
1340 5326 1432 5381 32.
1509 5327 1554 5358 ”
1587 5328 1692 5383 isa.
1726 5341 1870 5394 xux,
1900 5328 1954 5383 6.
2028 5329 2146 5363 ’θ’θ’
2177 5330 2322 5385 Psal.
2356 5345 2500 5395 XLVI,
2534 5331 2591 5385 2.

2018 5472 2229 5529 NOTAE
2241 5514 2254 5527 .

570 5614 646 5683 ιδ)
681 5613 759 5668 Ex
788 5613 906 5668 Cat.
967 5609 1121 5665 card.
1158 5608 1295 5683 alae.

567 5678 665 5752 ('5‘)
693 5686 769 5739 Ita
782 5684 851 5738 de
877 5682 1152 5752 Symeonc
1182 5678 1571 5752 Theophanes,
1600 5680 1949 5752 Entbymins,
1972 5696 2083 5741 etc.

568 5749 653 5826 (Α)
678 5754 863 5810 Edidit
888 5749 1079 5826 Graece
1121 5749 1448 5805 Lambecius
1474 5765 1504 5804 e
1539 5753 1685 5819 regia
1728 5749 1937 5826 Lupara
1961 5772 1988 5826 7:
2017 5757 2084 5808 li-

494 5822 777 5883 buit'mihi
824 5835 880 5879 et
926 5822 1120 5875 Latine
1155 5830 1573 5892 repraesentare.
1619 5824 1825 5877 Laudat
1859 5825 2083 5892 perinde

499 5896 897 5955 (iunstautinus
932 5892 1457 5964 Porpbyrogcnncta
1504 5890 1653 5946 illam
1696 5890 1878 5949 Basilii
1912 5894 2089 5953 Mace-

2188 5614 2367 5675 donis.
2394 5612 2736 5668 exstruendis
2761 5628 2859 5667 seu
2883 5614 3047 5669 etiam
3072 5614 3387 5670 reficiendis
3413 5614 3624 5670 divinis
3650 5623 3787 5667 tem-

2234 5687 2321 5750 lis,
2351 5684 2666 5754 religionem
2689 5698 2753 5736 ac
2776 5685 3232 5754 magnificentiam
3263 5703 3276 5738 :
3310 5684 3481 5754 inque
3504 5686 3589 5739 eis
3614 5686 3788 5755 ipsum

2214 5772 2300 5810 IOC
2330 5755 2593 5823 templum
2622 5770 2679 5806 n.
2710 5755 2778 5808 55
2799 5755 2919 5823 ejus
2948 5756 3081 5810 Vitae
3110 5756 3299 5811 multis
3330 5755 3622 5809 describit.
3658 5755 3790 5820 Qui-

2190 5827 2317 5880 dam
2349 5822 2528 5877 tamen
2565 5824 2695 5877 vitio
2737 5822 2872 5878 dant
2914 5827 3084 5895 quod,
3142 5833 3409 5895 occupata
3440 5822 3785 5895 ejuscemodi

2198 5895 2444 5954 aediliciis
2490 5894 2686 5961 classe,
2733 5896 2897 5956 libr."l
2934 5894 3251 5955 Saracenis
3305 5904 3474 5969 atque
3525 5894 3813 5961 Barbaris,
