3996 6458
474 358 583 423 567

1619 352 1880 412 PHOTII
1920 349 2427 412 PATRIARCHJE
2468 356 2573 416 ΟΡ.

3644 361 3747 426 563

478 480 598 536 ris?
648 478 917 535 Ostendas
950 476 1153 539 verbis,
1182 491 1303 547 qum
1333 474 1483 545 prius
1519 473 1651 543 ipsis
1684 472 1847 525 rebus
1872 476 2057 524 osten-

2170 469 2360 538 λόγοις,
2391 469 2427 524 ἃ
2457 474 2569 535 τοῖς
2604 470 2786 542 ἔργοις
2825 471 3393 550 προῢπέδειξαςῙΛρα
3426 478 3535 550 γάρ
3584 483 3749 545 πάλιν

475 574 625 629 disti.
675 570 817 635 Num
854 572 999 627 enim
1046 587 1235 626 rursus
1265 570 1527 624 adversus
1561 566 1827 619 Barbaros
1860 562 2056 623 vietos,
2096 642 2099 645 Α

479 675 681 738 tropaea
730 665 998 719 erexisti?
1040 663 1250 730 Quibus
1293 660 1478 717 multis
1503 658 1888 725 continuisque
1920 655 2059 708 libe-

479 758 662 822 raliter
711 758 989 827 accepisti,
1052 756 1138 821 liis
1182 752 1547 826 eongregasti,
1594 760 1651 805 ut
1702 748 1815 818 pari
1862 745 2059 817 gaudio

477 852 745 912 (malum.
798 863 1258 916 communemque
1305 862 1368 900 ac
1422 844 1604 914 populi
1646 840 1888 897 universi
1927 854 2060 894 con-

476 952 686 1004 ventu,
733 941 974 1007 victoriae
1006 938 1246 1011 largitori
1294 937 1587 1009 gratiarqu
1626 935 1898 991 actionem
1932 946 2060 1003 pro-

478 1046 693 1092 mamus
717 1048 731 1097 ;
758 1038 873 1093 aut,
902 1029 995 1105 qui
1030 1030 1220 1095 hostes
1245 1027 1371 1093 data
1403 1026 1506 1081 (ide
1530 1024 1923 1094 dedititiosque
1962 1037 2059 1077 ac-

478 1123 729 1190 peperis,
770 1121 1171 1191 sublimemque
1207 1129 1264 1175 et
1293 1118 1589 1189 superbum
1626 1117 2060 1186 alienigenarum

479 1216 723 1281 animum
765 1229 1099 1284 sensumque
1143 1212 1499 1283 depresseris,
1551 1211 1703 1266 velut
1734 1209 1827 1280 qui
1864 1208 1955 1279 pio
1981 1222 2063 1262 re-

479 1309 781 1380 ligiosoque
824 1307 992 1360 animi
1025 1322 1190 1362 sensu
1224 1317 1419 1361 cuncta
1463 1304 1557 1359 tibi
1596 1303 1854 1373 praeclare
1887 1310 2058 1372 gesta,

477 1397 533 1469 in
582 1410 861 1471 potentem
910 1399 1005 1455 Dei
1057 1414 1279 1455 manum
1310 1397 1551 1462 referas;
1579 1404 1676 1451 aut
1707 1394 1799 1467 qui
1831 1392 2063 1464 imperio

477 1494 734 1562 subjicias
777 1494 965 1560 urbes,
1008 1492 1143 1559 alias
1192 1492 1437 1562 quidem,
1477 1506 1603 1545 cum
1647 1488 1860 1560 pridem
1912 1487 2061 1542 cives

478 1587 711 1651 alerent,
768 1584 1091 1651 melioribus
1155 1584 1274 1654 ipse
1334 1581 1599 1647 institutis
1653 1578 2057 1651 composueris,

477 1678 613 1733 alias
652 1677 817 1733 etiam
841 1692 872 1733 «ι
896 1676 1272 1741 fundamentis
1295 1675 1556 1741 erexeris,
1582 1674 1821 1743 aliasque
1850 1673 2062 1734 instau-

462 1764 707 1833 ‘raveris,
759 1782 825 1822 ac
872 1767 1086 1838 imperii
1137 1767 1275 1823 lines
1328 1768 1537 1824 crebris
1598 1766 1812 1837 oppidis
1873 1767 2058 1836 praesi-

480 1815 707 1833 η--ν---ν
759 1815 824 1822 η
872 1815 1086 1838 ηυντ-.-
1138 1815 1274 1823 κ--ν-
1333 1815 1535 1824 ww-.-
1602 1815 1810 1837 -.μγ-πη
1873 1815 2029 1836 rm-—

477 1859 694 1929 diisque
757 1858 1181 1925 communieris;
1232 1869 1327 1913 aut
1372 1858 1465 1935 qui
1500 1858 1654 1913 dives
1714 1857 1828 1927 ipse
1866 1858 2061 1918 subdi-
2091 1815 2140 1880 Β

483 1962 566 2009 los
608 1950 799 2011 beatos
835 1949 1072 2013 eﬂicias;
1114 1949 1250 2015 doce
1282 1965 1403 2012 nos,
1430 1948 1483 2002 in
1508 1963 1671 2018 quem
1703 1947 1853 2001 orbis
1882 1955 2058 2000 terra-

482 2060 601 2115 rum
650 2058 1001 2099 communem
1052 2042 1271 2097 oculum
1332 2041 1430 2096 toti
1478 2041 1853 2111 aspiciamus;
1902 2040 2062 2109 cujus

484 2137 704 2201 tandem
772 2138 968 2192 horum
1015 2136 1194 2207 gratia
1237 2136 1523 2190 invitasti?
1573 2134 1683 2189 Aut
1729 2135 1857 2189 siles
1915 2136 2058 2203 ipse,

483 2230 784 2299 ‘mperapte
820 2228 1105 2293 modestia,
1137 2237 1193 2281 et
1236 2228 1379 2296 quod
1413 2237 1502 2282 tua
1532 2227 1647 2297 ipse
1668 2228 1810 2281 nolis
1838 2242 2063 2282 narrare

2163 563 2307 616 κατὰ
2362 565 2663 637 Βαρϐάρων
2711 567 2865 630 νίκας
2899 569 3212 640 ἀναστήσας
3244 573 3337 625 καὶ
3369 574 3631 643 τρόπαια,
3667 571 3749 641 οἷς

2161 654 2422 721 πολλάκις
2466 658 2648 730 ἔργοις
2683 659 2770 713 ἐπ’
2797 660 2978 724 ἀλλοις
3016 664 3164 732 ἡμᾶς
3194 664 3464 731 ἐδεξιώσω
3494 668 3751 739 φιλόφρον

2161 748 2437 819 νούμενος,
2471 752 2563 804 ἐπὶ
2595 752 2804 816 τούτοις
2838 756 3186 826 συνήγειρας,
3215 757 3482 829 εὐφρᾶναί
3530 777 3591 812 τε
3632 762 3750 832 ἅμα

2161 842 2353 913 καὶτῷ
2376 842 2630 896 δεδωκότι
2655 844 2840 916 κοινὴν
2869 846 2964 900 καὶ
2993 848 3275 920 πάνδημον
3301 851 3628 922 ἀναπέμψαι
3653 853 3751 925 τὴν

2162 937 2511 1008 εὐχαριστίαν
2539 957 2553 1005 ;
2580 942 2649 993 ’Ἡ
2679 940 2858 995 λαϐὼν
2885 944 3258 1006 ὑποσπόνδους
3285 946 3501 1015 ἀλλους,
3528 948 3628 1002 καὶ
3656 966 3753 1003 τα-

2162 1030 2437 1097 πεινώσας
2464 1031 2668 1103 ὑψηλὸν
2690 1036 2785 1088 καὶ
2808 1035 3013 1107 γαῦρον
3032 1038 3129 1090 καὶ
3150 1038 3446 1109 ἀλλόφυλον
3468 1043 3752 1115 φρόνημα,

2161 1121 2238 1185 ὡς
2286 1122 2379 1177 ἐπὶ
2423 1124 2524 1195 τὴν
2570 1127 2837 1196 κραταιάν
2867 1131 3023 1199 χεῖρα
3052 1130 3146 1183 τοῦ
3176 1129 3315 1185 Θεοῦ
3341 1134 3749 1205 εὐσεϐοφρόνως

2161 1211 2450 1283 ἀναφέρων
2477 1213 2653 1267 πάντα
2682 1217 2752 1269 τά
2782 1234 2864 1270 σοι
2898 1220 3337 1293 κατορθούμενω
3362 1224 3395 1293 ἢ
3425 1226 3612 1288 πόλεις
3646 1228 3752 1282 ὕπαρ

2161 1302 2490 1373 ηκόους,τάς
2518 1306 2615 1374 μὲν
2642 1307 2807 1362 πάλαι
2835 1312 2987 1365 κάτω
3005 1315 3267 1381 κειμένας
3291 1316 3629 1386 ἀνορθώσας,
3655 1320 3751 1384 τὰς

2161 1394 2219 1447 δὲ
2254 1397 2348 1450 καὶ
2375 1399 2439 1450 ὲκ
2468 1397 2682 1470 βάθρων
2715 1401 2894 1463 αὐτῶν
2919 1404 3231 1478 ἀνεγείρας,
3263 1408 3357 1461 καὶ
3389 1410 3568 1463 ἄλλων
3603 1413 3752 1466 ἀνοι-

2162 1492 2397 1559 κισμοὺς
2426 1493 2821 1563 ἐργασάμενος,
2855 1498 2950 1551 καὶ
2998 1500 3099 1569 τῆς
3142 1501 3416 1566 πολιτείας
3456 1503 3754 1567 πυκνώσας

2161 1581 2231 1635 τὰ
2249 1582 2394 1652 ὅρια,
2415 1583 2448 1654 ἢ
2474 1583 2739 1653 πλουτῶν,
2759 1588 2854 1649 καὶ
2877 1588 3047 1644 ποιῶν
3067 1590 3391 1663 εὐδαίμονας
3409 1594 3469 1647 τὸ
3488 1594 3751 1665 ὑπήκοον.ι

2162 1672 2385 1739 Δίδαξον
2418 1676 2589 1745 ἡμᾶς,
2628 1679 2765 1747 προς
2813 1679 2873 1733 ab
2921 1680 3012 1734 τὸν
3060 1684 3238 1737 κοινὸν
3280 1686 3381 1756 τῆς
3422 1689 3753 1758 οἰκουμένης

2166 1764 2491 1836 ἀφορῶντας
2513 1769 2813 1841 ὀφθαλμὸν,
2848 1774 2940 1826 ἐπὶ
2970 1774 3075 1827 τίνι
3105 1776 3313 1829 τούτων
3340 1780 3490 1848 ἡμᾶς
3517 1781 3753 1834 συνεκά-

2167 1858 2367 1925 λεσας;
2408 1860 2479 1913 Ἦ
2525 1864 2684 1934 σιγᾷς
2734 1866 2832 1934 μέν
2880 1868 3042 1931 αὐτὸς
3069 1869 3371 1934 ἐπιεικείας
3396 1870 3588 1941 τρόπῳ
3610 1913 3627 1936 ,
3661 1874 3757 1935 καὶ

2166 1950 2247 2021 τῷ
2280 1952 2355 2022 μὴ
2389 1950 2673 2021 βούλεσθαί
2704 1972 2761 2008 σε
2789 1959 2857 2021 τά
2884 1957 2952 2011 σὰ
2975 1959 3107 2030 ἡμῖν
3134 1959 3441 2030 διηγεῖσθαι
3472 1963 3755 2035 κατορθῶ-

2173 2061 2342 2114 ματα,
2371 2038 2451 2107 οἷς
2483 2045 2698 2116 ἀνάγκη
2726 2050 2851 2114 τοὺς
2876 2050 3132 2117 ἐπαίνους
3159 2055 3580 2123 συνυφαίνεσθαι
3601 2071 3618 2086 ’
3653 2056 3753 2125 ἐμὲ

2168 2134 2228 2188 δὲ
2259 2137 2518 2207 παρέχεις
2551 2139 2831 2210 ὑπηχῆσαι
2859 2141 2939 2213 τῷ
2967 2142 3111 2216 λόγῳ
3155 2147 3269 2210 τοῖς
3295 2148 3408 2211 σοῖς
3434 2149 3619 2218 ἔργοις
3653 2151 3752 2219 ἑμ-

2171 2227 2487 2295 πνεόμενον,
2517 2229 2612 2281 τοῦ
2644 2231 2909 2301 παρόντος
2936 2234 3196 2304 συλλόγου
3229 2236 3290 2290 τὸ
3318 2238 3512 2293 αἴτιον.

482 2326 749 2389 l'acinora,
811 2326 1009 2397 quibus
1063 2339 1291 2388 necesse
1345 2324 1559 2381 laudem
1613 2333 1971 2381 contexamus
2035 2344 2049 2380 ι
2127 2323 2267 2379 mihi
2310 2339 2440 2378 vero
2491 2326 2723 2395 praebes,
2775 2336 2835 2388 ut
2886 2341 3103 2393 tuarum
3142 2333 3261 2403 ipse
3297 2335 3483 2389 alllatu
3540 2351 3751 2400 rerum,

486 2419 771 2493 praesentis
806 2428 1106 2473 conventus
1153 2433 1372 2473 causam
1416 2418 1663 2472 omnium
1714 2419 1939 2474 auribus
1995 2434 2060 2477 ex
2097 2416 2332 2471 oratoris
2365 2434 2592 2474 munere
2621 2420 2874 2483 inferam.

554 2513 673 2567 Alia
719 2512 901 2583 igitur,
944 2511 1125 2576 amici,
1166 2510 1476 2576 celebritas,
1509 2511 1765 2580 aliudque
1796 2511 2066 2566 hodierna

485 2604 576 2668 tie
614 2604 955 2675 mysterium.
1010 2601 1303 2672 Virginalis
1338 2602 1393 2656 in
1422 2611 1564 2657 terra
1595 2602 1778 2671 templi
1819 2601 2066 2655 euczenia

490 2695 647 2765 hodie
690 2706 1049 2768 peraguntur,
1104 2696 1308 2765 Deique
1348 2695 1553 2759 Matris,
1586 2695 1631 2749 si
1660 2694 1806 2765 quod
1836 2694 1981 2748 aliud
2012 2694 2066 2747 in

488 2791 729 2860 mundo,
786 2790 1008 2861 dignum
1055 2789 1427 2844 habitaculum
1477 2796 1852 2843 consecratur.
1892 2786 2068 2858 Virgi—

490 2886 613 2940 uale
645 2885 699 2956 in
749 2893 892 2943 terra
923 2882 1185 2953 templum
1211 2882 1369 2939 hodie
1394 2882 1698 2947 dedicatur,
1728 2882 1919 2953 regalis
1950 2897 2066 2936 ma-

489 2981 812 3057 gniﬁcentia:
840 2997 980 3053 opus
1005 2980 1181 3051 reipsa
1220 2979 1405 3035 multis
1428 2978 1646 3033 laudum
1669 2976 1898 3033 canticis
1924 2976 2069 3030 cele-

2238 2508 2404 2581 Ἀλλη
2451 2512 2763 2585 τοιγαροῦν,
2790 2508 2837 2569 ὦ
2870 2516 3034 2585 φίλοι,
3067 2518 3292 2591 τελετὴ,
3328 2520 3425 2573 καὶ
3469 2520 3602 2573 ἄλλο
3651 2538 3753 2590 μυ-

2171 2602 2395 2674 στήριον
2428 2605 2494 2674 σή
2505 2622 2569 2675 με
2581 2623 2691 2678 ρον.
2724 2608 2871 2673 Ναὸς
2898 2611 3229 2683 παρθενικὸς
3257 2613 3352 2666 ἐπὶ
3379 2614 3484 2685 γῆς
3508 2614 3755 2682 ἐγκαινί-

2162 2690 2315 2755 ζεται
2338 2694 2594 2765 σήμερον,
2613 2696 2707 2748 καὶ
2729 2696 2829 2767 τῆς
2851 2698 3212 2772 Θεομήτορος,
3232 2701 3385 2775 εἴπερ
3404 2704 3531 2758 ἄλλο
3545 2721 3627 2769 τι,
3647 2703 3756 2757 τῶν

2162 2783 2473 2855 ὲγκοσμίων
2508 2787 2733 2854 ἐπάξιον
2763 2791 3100 2860 οἰκητήριον.
3129 2794 3274 2858 Nate;
3304 2796 3637 2869 παρθενικὸς
3664 2799 3757 2850 ἐπὶ

2162 2876 2267 2946 γῆς
2288 2879 2659 2946 ὲγκαινίζεται
2679 2883 2940 2953 σήμερον,
2962 2884 3247 2958 βασιλικῆς
3272 2889 3756 2959 μεγαλοπρεπείας

2174 2968 2333 3039 ἔργον
2361 2971 2438 3034 ὡς
2472 2972 2687 3043 ἀληθῶς
2717 2975 3116 3048 πολυύμνητον.
3148 2980 3291 3043 Nae;
3341 2982 3397 3033 ὲν
3436 2982 3625 3050 μέσοις
3658 2982 3753 3040 αὐ-

490 3076 780 3136 brandum.
831 3074 1118 3144 Templum
1164 3073 1217 3126 in
1270 3073 1449 3127 medio
1500 3072 1618 3141 ipso
1662 3070 1879 3140 palatio,
1924 3069 2064 3123 divi-

2170 3065 2279 3124 τοῖς
2304 3065 2644 3134 ἀνακτόροις,
2676 3069 2977 3139 ἀνάκτορον
3001 3069 3131 3124 ἄλλο
3160 3070 3302 3124 Οεῖον
3332 3072 3426 3124 καὶ
3457 3071 3755 3141 σεϐάσμιον

491 3182 622 3233 pum
689 3163 834 3218 aliud
892 3162 1381 3231 venerandumque
1441 3160 1699 3231 palatium
1758 3160 2064 3223 excitatur;

491 3258 759 3329 ejusmodi
800 3256 1025 3319 scilicet,
1063 3264 1142 3319 ut,
1180 3254 1225 3309 si
1266 3270 1391 3310 cum
1429 3254 1550 3309 aliis
1578 3254 1852 3315 conferas,
1880 3267 1943 3305 ac
1973 3265 2069 3305 eo-

492 3366 614 3407 rum
659 3350 925 3405 rationcm
974 3349 1193 3415 habeas,
1244 3348 1390 3420 regia
1428 3347 1545 3417 ipsa
1586 3346 1806 3417 palatia,
1847 3345 2070 3415 privatae

491 3444 636 3514 aedes
686 3452 876 3513 aperte
927 3449 1249 3513 arguantur,
1304 3440 1550 3511 quinimo
1594 3438 1743 3510 quod
1801 3453 1898 3492 sua
1962 3452 2068 3507 qua

490 3537 661 3613 pollet
706 3536 954 3591 claritate
1003 3551 1067 3589 ac
1111 3543 1422 3597 venustate,
1463 3532 1553 3585 illa
1587 3546 1806 3601 quoque
1834 3531 2071 3593 illustret

488 3646 552 3685 ac
587 3630 775 3699 reddat
808 3629 1058 3691 clariora,
1087 3628 1322 3697 priorem
1354 3626 1458 3680 illis
1489 3625 1753 3679 mundum
1776 3632 1941 3693 atque
1976 3638 2069 3683 pr-

489 3732 678 3775 natum
708 3721 1000 3790 adaugeat.
1034 3717 1209 3791 Dicas,
1238 3716 1429 3781 oculos
1465 3716 1519 3770 in
1543 3716 1720 3786 ipsum
1745 3714 2067 3784 conjiciens,

490 3829 600 3868 non
643 3813 896 3879 humana;
934 3812 1065 3866 artis
1118 3826 1257 3879 Opus
1300 3824 1442 3876 esse,
1484 3808 1579 3863 sed
1612 3808 1850 3863 divinam
1882 3822 2073 3877 quam-

489 3907 613 3971 dam
636 3905 907 3973 nobisque
937 3904 1277 3974 superiorem
1304 3902 1562 3957 virtutem
1604 3900 2070 3971 pulchritudinem

490 3999 567 4073 illi
612 3997 895 4067 indidisse,
924 3994 1135 4065 Templi
1162 3994 1343 4051 aditus
1373 4008 1439 4049 ac
1462 3991 1814 4055 vestibulum,
1853 3991 2070 4062 egregio

490 4097 689 4158 ornatu
739 4104 804 4145 ac
827 4089 1027 4145 decore
1051 4087 1415 4157 compositum
1451 4102 1466 4140 :
1499 4084 1719 4140 candidi
1748 4084 1893 4139 enim
1928 4100 2072 4141 mar-

494 4183 664 4245 moris
709 4183 906 4243 tabulaa
957 4180 1304 4251 splendidum
1351 4179 1480 4249 Quid
1534 4179 1942 4251 gratiosumque
1986 4177 2069 4233 el‘:

490 4279 720 4351 fulgent,
737 4276 1006 4349 ejusmodi
1031 4274 1238 4330 scilicet
1264 4281 1322 4328 ut
1343 4282 1514 4327 totum
1537 4283 1893 4343 conspectum
1921 4286 2072 4326 com-

2168 3155 2549 3227 ἀνιστάμενος,
2581 3160 2676 3213 καὶ
2719 3164 2786 3231 τῇ
2824 3162 2961 3233 πρὸς
2989 3164 3122 3217 αὐτὸ
3150 3163 3434 3235 παραδολῇ
3476 3166 3573 3219 καὶ
3628 3182 3757 3234 συγ-

2170 3246 2373 3317 κρίσει,
2420 3249 2694 3315 ίδιωτικάς
2728 3252 2906 3318 οἰκίας
2952 3254 3270 3325 ἀποφαίνων
3317 3259 3387 3312 τά
3433 3258 3754 3330 ἀνάκτορα·

2173 3338 2376 3407 μᾶλλον
2404 3340 2461 3394 δὲ
2490 3343 2583 3395 καὶ
2620 3347 2686 3416 τῇ
2717 3344 2912 3418 ἐνούσῃ
2943 3346 3291 3420 λαμπρότητι
3318 3349 3415 3403 καὶ
3442 3350 3619 3404 ταῦτα
3655 3367 3757 3403 πετ

2172 3435 2553 3503 ριαστράπτων
2587 3437 2684 3490 καὶ
2712 3438 3040 3509 φαιδρύνων,
3072 3442 3169 3495 καὶ
3212 3442 3351 3495 πολὺ
3400 3445 3757 3514 παρασκευά-

2171 3525 2279 3588 ζων
2308 3526 2401 3580 τοῦ
2433 3530 2701 3600 προτέρου
2734 3533 2938 3603 κόσμου
2981 3535 3303 3608 σεμνότερα.
3332 3538 3519 3601 Εἵποις
3553 3538 3627 3591 ἂν
3678 3540 3761 3603 εἰς

2172 3617 2336 3671 αὐτὸν
2369 3618 2513 3681 ἰδὼν,
2534 3621 2635 3675 οὐκ
2659 3622 3008 3696 ἀνθρωπίνης
3032 3627 3215 3699 χειρὸς
3237 3628 3419 3699 ἔργον,
3446 3629 3581 3682 ἄλλα
3608 3628 3762 3687 θείαν

2171 3708 2298 3761 τινὰ
2323 3710 2415 3762 καὶ
2444 3710 2585 3781 ὑπὲρ
2612 3714 2761 3782 ἡμᾶς
2787 3714 3015 3786 δύναμιν
3034 3717 3096 3769 τὸ
3131 3717 3326 3782 κάλλος
3353 3718 3499 3790 αὐτῷ
3522 3721 3763 3790 ὲπιμορ-

2174 3799 2483 3869 φώσασθαι.
2517 3804 2840 3874 Προπύλαια
2890 3807 2992 3877 μὲν
3034 3808 3144 3880 γὰρ
3174 3809 3254 3880 τῷ
3300 3809 3416 3882 ναῷ
3451 3811 3761 3881 περικαλλῆ

2172 3895 2589 3950 διεσκεύασται·
2619 3900 2715 3951 καὶ
2745 3900 2853 3971 γὰρ
2885 3902 3194 3973 μαρμάρων
3222 3902 3517 3957 διαλεύκων
3546 3904 3761 3967 πλάκες

2172 3984 2427 4060 λαμπρόν
2478 4006 2533 4042 τι
2580 3989 2676 4043 καὶ
2705 3991 2895 4062 χάριεν
2924 3991 3370 4058 ἀποστίλϐουσαι,
3400 3994 3527 4066 ὃλην
3556 3995 3764 4047 Evam-

2172 4079 2435 4134 λαόοῦσαι
2462 4081 2560 4151 τὴν
2587 4083 2873 4153 πρόσοψιν,
2900 4085 2994 4141 καὶ
3026 4084 3125 4156 τὴν
3154 4086 3293 4157 πρὸς
3318 4086 3553 4158 ἀλλήλας
3585 4086 3762 4153 θέσιν,

2173 4173 2270 4227 καὶ
2298 4174 2397 4244 τὴν
2422 4174 2531 4227 τῶν
2558 4174 2810 4247 περάτων
2841 4179 3138 4247 συνάφειαν
3163 4179 3239 4250 τῷ
3262 4181 3451 4252 ὁμαλῷ
3481 4181 3575 4235 καὶ
3609 4181 3763 4253 λείῳ,

2174 4264 2270 4317 καὶ
2316 4263 2394 4335 τῷ
2446 4268 2867 4338 προσηρμόσθαι
2912 4270 3033 4325 λίαν
3074 4270 3487 4343 ἀποκρύψασαι,
3526 4274 3610 4335 εἰς
3644 4275 3765 4339 ἐνὸς

493 4373 814 4453 plectentes,
843 4372 1087 4441 ipsarum
1111 4370 1253 4424 inter
1289 4383 1350 4426 se
1371 4368 1557 4435 situm,
1590 4378 2067 4437 extremorumque

2175 4356 2324 4410 λίθου
2349 4358 2630 4429 συνέχειαν
2650 4365 2937 4434 γραμμαῖς
2953 4364 3192 4429 εὐθείαις
3212 4365 3399 4436 ὥσπερ
3418 4369 3766 4439 ἐπιγεγραμ-

487 4466 824 4535 iuncturam,
875 4462 1005 4529 leni,
1055 4462 1237 4533 plana,
1268 4461 1561 4533 subtilique
1588 4462 1882 4517 admodum
1922 4475 2073 4515 com-

490 4557 727 4612 missura
780 4555 1039 4627 obtegant
1072 4571 1086 4607 :
1132 4555 1268 4609 adeo
1299 4561 1360 4610 ut
1395 4553 1532 4625 lapis
1554 4569 1697 4609 unus
1724 4552 1885 4608 lineis
1909 4552 2075 4609 rectis

490 4650 641 4718 velut
669 4650 969 4721 inscriptus
1000 4653 1111 4722 (res
1132 4651 1395 4707 miraculo
1424 4652 1622 4715 novel)
1654 4650 1926 4714 videatur,
1956 4663 2075 4705 sua-

490 4743 826 4814 vissimeque
857 4743 1184 4807 intuentium
1210 4744 1398 4801 oculos
1423 4742 1641 4813 capiant
1668 4760 1681 4796 :
1715 4741 1952 4810 indeque
1973 4741 2075 4795 de-

487 4834 817 4899 vincientes,
863 4849 929 4890 ac
975 4834 1031 4888 in
1074 4849 1133 4901 se
1161 4842 1568 4897 convertentes,
1604 4839 1945 4900 spectantem
1976 4846 2073 4886 ve-

446 4928 449 4929 ⁷
490 4934 627 4998 tant,
670 4942 741 4980 ne
783 4926 849 4981 ad
893 4940 957 4983 ea
994 4928 1230 4985 transire
1280 4925 1433 4992 velit,
1462 4939 1589 4993 quae
1622 4923 1770 4977 intus
1800 4923 2011 4978 radiant
2058 4941 2071 4977 :

492 5015 589 5069 sed
643 5014 699 5069 in
732 5017 852 5086 ipso
882 5018 1068 5087 templi
1094 5017 1385 5076 vestibulo.
1420 5031 1547 5075 mox
1578 5016 1773 5071 adiens
1811 5016 2074 5086 praeclaro

491 5108 860 5175 essuscitatus
904 5109 1243 5179 spectaculo,
1296 5106 1538 5175 visisque
1599 5106 1771 5177 ﬁgens
1814 5107 2071 5171 oculum,

490 5200 642 5262 velut
699 5201 974 5272 radicibus
1012 5200 1153 5257 ﬁxus
1198 5198 1559 5255 admiratione
1608 5199 1801 5255 hat-rel.
1836 5198 2072 5271 Orpltazo

490 5293 693 5367 Thraci
733 5290 933 5367 fabula:
979 5292 1149 5364 lyram
1190 5290 1489 5362 assignant,
1524 5307 1588 5347 ea
1621 5292 1871 5362 pulsandi
1901 5293 1976 5357 vi,
2014 5304 2075 5349 ut

493 5402 581 5453 res
633 5388 785 5458 ipsas
832 5385 1104 5452 manuimes
1149 5384 1299 5438 sonis
1341 5393 1578 5439 moveat.
1633 5385 1787 5450 Quod
1828 5387 1869 5441 si
1908 5388 2073 5443 etiam

490 5480 649 5553 nobis
696 5480 753 5551 in
794 5478 1007 5542 fabulas
1037 5477 1321 5532 veritatem
1358 5477 1576 5542 eﬂerrc,
1621 5489 1783 5547 atque
1813 5480 2073 5550 ﬁgmento

490 5574 836 5645 tremendam
870 5572 1099 5627 reddere
1130 5572 1211 5627 fas
1239 5581 1406 5637 esset,
1437 5572 1581 5627 dicat
1607 5573 1828 5642 aliquis,
1861 5574 1953 5644 qui
1986 5591 2073 5629 sa-

490 5683 599 5737 crm
646 5667 781 5722 aedis
831 5665 1163 5720 vestibulum
1217 5664 1432 5729 adeant,
1481 5665 1537 5719 in
1574 5666 1878 5735 plantarum
1910 5667 2073 5721 arbo-

2181 4452 2365 4520 μένου,
2403 4451 2592 4526 θαῦμα
2619 4455 2805 4507 καινὸν
2832 4456 3096 4527 ὁραθῆναι
3132 4459 3228 4512 καὶ
3255 4459 3495 4529 ἥδιστον,
3521 4460 3624 4531 τὴν
3650 4461 3770 4517 τῶν

2178 4543 2429 4617 ὁρώντων
2461 4546 2763 4614 φαντασίαν
2797 4548 3123 4616 ὑπάγουσιν.
3144 4550 3229 4618 Ἐξ
3258 4545 3432 4624 οὗπερ
3480 4552 3578 4616 τὰς
3611 4553 3767 4623 ὄψεις

2179 4637 2519 4709 συνέχουσαι,
2553 4640 2647 4692 καὶ
2668 4641 2805 4711 πρὸς
2833 4642 3029 4707 ἑαυτὰς
3052 4645 3498 4714 ἐπιστρέφουσαι,
3528 4646 3629 4699 οὐκ
3650 4646 3773 4699 ὲοέιι

2177 4733 2292 4799 λειν
2321 4735 2536 4793 ποιοῦσι
2562 4734 2656 4789 τὸν
2689 4735 2887 4807 θεατὴν
2920 4738 3317 4811 μεταχωρῆσαι
3347 4740 3483 4811 πρὸς
3518 4741 3589 4794 τὰ
3618 4740 3767 4794 ὲνδόσ

2176 4842 2342 4897 τερα·
2370 4826 2486 4880 ἀλλ’
2516 4828 2573 4880 ἐν
2619 4827 2769 4898 αὐτῷ
2814 4828 2896 4901 τῷ
2945 4831 3413 4902 προτεμενίσματι
3455 4830 3552 4886 τοῦ
3596 4830 3767 4885 καλοῦ

2179 4918 2453 4989 θεάματος
2480 4920 2510 4979 ό
2543 4919 2784 4990 προσιὼν
2814 4923 3255 4992 ἐμπιπλάμενος,
3284 4923 3379 4977 καὶ
3405 4926 3521 4987 τοῖς
3551 4924 3770 4995 ὁρωμέ-

2176 5028 2289 5075 νοις
2316 5012 2541 5083 ἐρείδων
2568 5012 2637 5067 τά
2664 5014 2910 5084 ὄμματα,
2936 5016 3126 5087 ὥσπερ
3169 5033 3252 5079 τις
3288 5016 3657 5088 ὲρῤιζωμένος
3682 5013 3770 5088 τῷ

2156 5104 2417 5175 ,θαύματι
2453 5106 2705 5178 ἕστηκεν.
2725 5109 2917 5179 Ὀρφεῖ
2959 5108 3059 5179 μὲν
3088 5109 3137 5160 οί
3167 5107 3329 5177 μῦθοι
3359 5107 3437 5179 τῷ
3460 5108 3640 5179 Θρᾳκὶ
3673 5125 3771 5161 κι-

2177 5198 2351 5269 θάραν
2384 5200 2658 5270 κροτοῦσι,
2690 5200 2948 5262 κινοῦσαν
2994 5204 3110 5265 τοῖς
3140 5201 3398 5269 φθόγγοις
3444 5202 3515 5254 τὰ
3559 5202 3766 5270 ἄψυχα.

2176 5292 2241 5346 Ei
2275 5293 2333 5346 δὲ
2363 5295 2459 5347 καὶ
2488 5295 2620 5365 ἡμῖν
2650 5296 2777 5364 ἐξῆν
2808 5297 2867 5357 ἐς
2894 5293 3097 5366 μύθους
3125 5296 3373 5364 ἐπαίρειν
3402 5295 3498 5347 καὶ¹
3524 5294 3770 5364 φοδεράν

2176 5388 2351 5439 ποιεῖν
2380 5388 2481 5457 τὴν
2510 5388 2770 5458 ἀλήθειαν
2790 5427 2806 5453 ,
2843 5384 2996 5441 εἶπεν
3026 5387 3092 5441 ἄν
3126 5405 3230 5452 τις,
3270 5387 3399 5450 τοὺς
3438 5387 3771 5457 προσιόντας

2177 5478 2255 5550 τῷ
2313 5479 2780 5551 προτεμενίσματι
2810 5518 2826 5544 ,
2862 5481 2943 5542 είς
2993 5479 3178 5548 φυτῶν
3229 5478 3771 5549 ἀποδενδρουμένους

2178 5573 2341 5643 φύσιν
2382 5574 2460 5644 τῷ
2509 5574 2745 5644 θαύματι
2780 5571 3216 5642 μεταϐάλλεσθαι
3239 5588 3252 5602 ·
3298 5569 3476 5637 οὕτως
3508 5569 3651 5637 ἅπαξ
3672 5584 3771 5632 τις

2181 5665 2305 5722 ἰδὼν
2335 5667 2806 5731 δυσαποσπάστως
2840 5666 3153 5738 κατέχεται.

493 5775 725 5831 rumque
767 5768 1040 5828 naturam,
1090 5760 1352 5816 miraculo
1398 5759 1667 5835 deligente
1696 5762 1947 5820 transire.
1985 5764 2072 5821 Sic
2111 5766 2202 5841 qui
2249 5763 2417 5821 semel
2454 5762 2692 5834 conjecit
2718 5761 2907 5819 oculos
2928 5775 3068 5846 aegre
3092 5759 3363 5826 avellitur,
3428 5774 3494 5821 ac
3552 5762 3781 5830 spectas

495 5858 618 5926 culo
651 5865 889 5913 tenetur.
