4052 6416
231 324 349 391 {63

879 325 1207 388 IIOMILIA
1246 328 1363 391 III.
1390 354 1460 365 —
1490 328 1574 390 IN
1612 329 2123 394 DEDICATIONE
2158 331 2375 396 NOV/E
2406 331 2794 396 BASILlf‘JE.

3391 336 3498 401 570

322 440 571 498 Ἐπειδὰν
587 441 644 496 δέ
665 459 749 506 τις
771 442 983 498 ἐκεῖθεν
1006 445 1158 515 μόλις
1183 445 1559 511 ἀποσπασθεὶς
1582 447 1663 511 είς
1686 445 1819 499 αὐτὸ

1990 447 2087 504 Ubi
2129 458 2311 504 autem
2343 449 2467 517 quis
2507 449 2595 504 vix
2626 448 2754 505 inde
2786 448 3010 506 avulsus
3043 449 3098 506 in
3131 450 3308 521 ipsqu
3343 453 3498 507 delu-

231 534 541 606 παρακύψῃ
568 534 630 588 τδ
662 536 908 606 τέμενος,
942 536 1137 608 ἡλίκης
1190 538 1282 591 καὶ
1309 538 1441 609 ὅσης
1467 534 1621 604 οὗτος
1643 540 1817 611 χαρᾶς

227 649 293 684 τε
320 630 438 700 ἅμα
466 631 559 682 καὶ
584 630 829 701 ταραχῆς
854 631 947 683 καὶ
996 629 1274 702 θαύματος
1304 632 1643 702 ἐμπίπλαται
1670 634 1682 687 l
1731 634 1818 696 Ὠς

230 725 316 785 εἰς
346 722 510 775 αὑτὸν
538 722 648 793 γὰρ
679 722 770 775 τὸν
804 722 1034 793 οὐρανὸν
1074 724 1535 795 ἐπιπροσθοῦντος
1568 727 1817 796 μηδαμό-

230 815 329 867 θεν
345 812 728 884 ἐπιϐεϐηκὼς,
762 817 856 867 καὶ
887 816 1001 878 τοῖς
1028 815 1399 887 πολυμόρφοις
1423 817 1518 870 καὶ
1550 818 1818 889 πανταχό-

230 903 329 956 θεν
365 902 820 973 ὑποφαινομένοις
853 904 1126 970 κάλλεσιν,
1157 904 1233 969 ὡς
1260 905 1515 977 ἄστροις,
1546 905 1817 977 περιλαμ-

232 994 474 1063 πόμενος
494 1033 509 1057 ,
551 994 669 1057 ὅλος
698 995 1148 1066 ἐκπεπληγμένος
1176 996 1407 1065 γίνεται.
1441 999 1601 1053 Δοκεῖ
1626 997 1683 1051 δὲ
1708 998 1818 1051 λοι-

234 1088 341 1141 πδν
369 1088 439 1142 τά
464 1104 521 1140 τε
558 1087 692 1141 ἄλλα
725 1088 785 1140 ὲν
814 1088 1070 1142 ἐκστάσει
1098 1084 1237 1143 εἶναι
1258 1130 1275 1156 ,
1302 1092 1397 1146 καὶ
1429 1090 1564 1144 αὐτὸ
1601 1092 1819 1161 περιδο-

232 1179 449 1233 νεῖσθαι
487 1180 550 1231 τὸ
576 1180 823 1249 τέμενος.
854 1180 987 1243 Ταῖς
1019 1180 1129 1251 γὰρ
1158 1181 1388 1245 οἰκείαις
1418 1185 1513 1237 καὶ
1550 1185 1817 1237 παντοδα-

235 1272 371 1333 παῖς
393 1272 809 1340 περιστροφαϊς,
841 1271 934 1322 καὶ
961 1270 1206 1340 συνεχέσι
1228 1272 1526 1344 κινήσεσιψ
1545 1272 1579 1331 ἃ
1605 1274 1823 1338 πάντως

235 1366 436 1420 παθεῖν
478 1369 572 1419 τὸν
619 1364 816 1436 θεατὴν
850 1367 882 1436 ἡ
913 1367 1251 1437 πανταχόθεν
1283 1367 1527 1422 ποικιλία
1575 1368 1823 1439 βιάζεται

232 1459 332 1512 τοῦ
364 1458 656 1529 θεάματος,
684 1460 764 1521 είς
808 1457 940 1511 αὐτὸ
972 1459 1033 1512 τὸ
1062 1456 1337 1530 ὁρώμενον
1362 1460 1425 1515 τὸ
1453 1463 1652 1517 οἰκεῖον
1684 1480 1822 1534 φαν-

234 1550 461 1617 τάζεται
491 1551 741 1625 πάθημα.

323 1733 486 1789 Ἀλλὰ
518 1735 628 1806 γὰρ
656 1735 857 1807 χρυσός
888 1753 947 1788 τε
974 1734 1066 1788 καὶ
1093 1734 1330 1807 ἄργυρος
1364 1736 1434 1791 τὰ
1467 1736 1696 1794 πλείστα
1726 1738 1820 1795 τοῦ

233 1826 372 1881 ναοῦ
396 1827 734 1897 διειλήφασιν
751 1844 765 1858 ο
791 1830 818 1881 ὁ
849 1827 946 1897 μὲν
972 1826 1202 1898 ψηφῖσιν
1222 1829 1651 1899 ὑπαλειφόμενος
1670 1846 1684 1860 ⁶
1717 1833 1745 1885 ό
1762 1831 1819 1885 δὲ

232 1924 319 1985 εἰς
356 1920 567 1983 πλάκας
594 1920 957 1989 ἀποξεόμενος
1004 1922 1097 1975 καὶ
1130 1922 1489 1992 τυπούμενος,
1530 1924 1688 1987 ἄλλος
1721 1924 1819 1979 ἆλ-

233 2014 353 2076 λοις
382 2013 854 2083 ὲπιπλασσόμενος
903 2012 1434 2083 μέρεσιν.Ἐνταῦθα
1484 2016 1819 2085 ἐπικοσμοῦ-

235 2124 380 2176 μενα
408 2107 755 2177 κιονόκρανα.
774 2106 1039 2160 Ἐνταῦθα
1061 2105 1116 2158 δὲ
1146 2106 1233 2159 διὰ
1264 2107 1478 2177 χρυσῶν
1505 2107 1820 2177 περιζώμα-

234 2217 340 2253 τα·
376 2198 634 2269 ἀλλαχόθι
670 2198 726 2251 δὲ
774 2201 894 2260 ταῖς
944 2197 1197 2252 ἀλύσεσιν
1232 2198 1663 2268 ὲπιπλεκόμενος
1689 2217 1821 2269 χρυ-

235 2292 353 2355 σὸς,
385 2291 419 2361 ἢ
451 2290 653 2361 χρυσοῦ
696 2309 749 2343 τι
784 2288 1228 2360 θαυμασιώτερον
1250 2329 1265 2351 ,
1298 2293 1330 2359 ἡ
1369 2290 1489 2344 θεία
1547 2290 1816 2361 τράπεζα,

234 2383 495 2453 σύνθημα
536 2384 935 2453 (5).’Λργυρος
980 2380 1036 2433 δὲ
1086 2382 1238 2452 παρὰ
1297 2382 1396 2445 τὰς
1442 2383 1664 2447 πυλίδας
1728 2385 1821 2437 καὶ

232 2475 463 2539 πυλίδας
488 2475 581 2528 τοῦ
617 2475 1026 2545 θυσιαστηρίου,
1078 2477 1176 2528 σὺν
1207 2478 1315 2538 τοῖς
1344 2473 1667 2547 περιστῴοις
1690 2492 1703 2506 ·
1728 2478 1822 2530 καὶ

231 2568 397 2633 αὐτὸς
428 2570 456 2621 ὁ
490 2568 781 2638 κωνοειδὴς
817 2567 912 2620 καὶ
944 2571 1009 2638 τῇ
1046 2568 1165 2639 θείᾳ
1195 2567 1447 2641 τραπέζῃ
1474 2568 1823 2637 ἐπικείμενος

235 2664 338 2715 σὺν
361 2663 474 2723 τοῖς
504 2660 847 2731 ὑπερείδουσι
878 2660 1185 2723 στυλίσκοις
1214 2661 1308 2714 καὶ
1350 2660 1661 2731 ὑπωρόφοις
1696 2662 1823 2733 δρο-

236 2769 362 2821 970;,
406 2752 502 2806 καὶ
537 2753 845 2823 μαρμάρων
882 2751 940 2805 δὲ
974 2750 1348 2821 πολυχρώμων
1390 2753 1489 2806 ὅσα
1521 2754 1595 2824 μὴ
1626 2753 1823 2823 χρυσὸς

235 2845 571 2916 ἐπέδραμεν,
603 2844 636 2915 ἢ
669 2844 909 2915 ἄργυρος
955 2843 1297 2913 περιέλαϐεν,
1329 2844 1611 2914 ἀμήχανόν
1640 2861 1697 2897 τε
1731 2845 1826 2898 καὶ

233 2937 473 3007 τερπνὸν
490 2936 881 3008 φιλοτέχνημα,
898 2937 967 2990 τὰ
988 2936 1151 2990 λοιπὰ
1172 2937 1264 2990 τοῦ
1289 2937 1418 2990 ναοῦ
1440 2936 1823 3008 διεκόσμησεν.

249 3029 317 3081 Ἡ
347 3028 403 3080 δὲ
432 3028 526 3081 τοῦ
552 3028 780 3098 ἐδάφους
811 3028 929 3093 θέα,
955 3031 1035 3092 είς
1064 3027 1220 3092 ζώων
1246 3028 1459 3100 μορφὰς
1489 3029 1583 3084 καὶ
1614 3028 1828 3099 σχημά-

1920 542 2079 598 brum
2125 542 2489 613 prospexerit,
2537 550 2743 610 quanto
2791 542 3052 612 qualique
3082 543 3283 611 gaudio
3311 544 3495 611 simul,

1918 644 1973 689 et
2020 634 2327 689 turbatione
2371 642 2428 688 et
2482 634 2839 690 admiratione
2885 634 3173 704 impletur!
3217 635 3497 705 Tanquam

1919 728 2065 782 enim
2108 728 2163 781 in
2207 726 2384 797 ipsum
2414 728 2612 782 caelum
2642 727 2792 782 nullo
2824 743 3051 796 usquam
3082 729 3335 782 obstante
3366 744 3500 783 cou-

1920 819 2217 882 scenderit,
2267 818 2801 888 multiformibusque
2854 834 2918 873 ac
2969 819 3331 888 undequaque
3362 819 3501 873 luci-

1920 914 2005 968 dis
2050 912 2546 983 pulchritudiuibus
2574 921 2843 965 astrorum
2877 910 2930 964 in
2963 926 3165 964 morem
3210 910 3499 965 collustra-

1924 1017 2031 1071 tus,
2065 1005 2121 1059 in
2149 1013 2427 1073 stuporem
2459 1012 2604 1057 totus
2633 1003 2812 1073 agitur
2846 1020 2859 1055 :
2894 1001 3216 1070 videturque
3233 1000 3344 1069 jam
3374 998 3500 1053 inde

1922 1106 2119 1153 emotae
2164 1096 2403 1160 mentis;
2441 1094 2731 1164 ipsumque
2771 1093 2847 1147 illi
2876 1093 3159 1148 delubrum
3196 1092 3500 1163 circumgya

1926 1202 2049 1242 rare
2067 1196 2309 1256 putatur.
2348 1184 2503 1250 Quod
2523 1185 2671 1239 enim
2690 1193 2964 1254 spectator
3002 1184 3118 1237 suis
3148 1183 3283 1252 ipse,
3317 1182 3502 1236 omni-

1923 1278 2207 1346 modisque
2241 1274 2629 1346 agitationibus
2658 1290 2723 1329 ac
2779 1273 3058 1329 coutinuis
3118 1274 3357 1329 motibus
3387 1274 3501 1327 cir-

1921 1379 2328 1435 cumversetur;
2387 1368 2533 1438 quod
2583 1377 2644 1422 ut
2692 1366 2769 1421 illi
2817 1369 3043 1422 omnino
3082 1367 3501 1435 necessarioque

1923 1461 2157 1525 accidat,
2194 1461 2439 1515 miraculi
2472 1459 2713 1529 undique
2747 1459 3035 1513 incurrens
3063 1458 3299 1513 varietas
3329 1458 3498 1524 facit;

1924 1556 1979 1611 in
2011 1571 2069 1610 re
2103 1556 2219 1625 ipsa
2243 1569 2409 1624 quam
2445 1553 2620 1609 oculis
2656 1559 2901 1622 usurpat,
2930 1566 3083 1605 suam
3118 1554 3234 1621 ipse
3263 1550 3503 1605 affectio-

1922 1665 2049 1705 netu
2082 1648 2301 1719 cogitat.

1995 1741 2263 1796 Caeterum
2291 1754 2481 1793 aurqu
2517 1747 2909 1807 argentumque
2934 1735 3196 1806 pleraque
3230 1733 3333 1789 sibi
3365 1743 3504 1789 tem-

1925 1837 1997 1908 pli
2041 1836 2158 1890 loca
2186 1834 2483 1888 vindicant.
2528 1832 2799 1892 Alterum,
2844 1830 3103 1885 tessellati
3130 1830 3311 1898 operis
3346 1828 3503 1897 lapil-

1921 1928 1988 1982 lis
2023 1926 2274 1987 oblitum,
2326 1924 2561 1977 alterum
2607 1924 2661 1975 in
2704 1921 2914 1975 tabulas
2959 1920 3301 1989 lamiuasque
3325 1918 3502 1973 dedu-

1921 2030 2067 2074 ctum
2096 2017 2499 2083 formatumque
2525 2029 2539 2066 ε
2582 2024 2744 2083 atque
2774 2012 2920 2067 aliud
2948 2012 3205 2080 aliudque
3229 2009 3350 2065 aliis
3375 2025 3506 2080 par-

1921 2110 2067 2163 tibus
2098 2107 2421 2162 adliibitum.
2454 2106 2553 2161 llic
2587 2106 2961 2160 columnarum
2995 2102 3246 2173 capitella
3270 2112 3502 2166 ornata,

1924 2201 2032 2255 illic
2066 2198 2248 2254 fascia:
2269 2214 2332 2255 ac
2361 2196 2695 2268 subligacula
2722 2212 2886 2249 aurea
2920 2211 2935 2249 :
2965 2194 3094 2248 alibi
3126 2210 3319 2248 aurum
3355 2203 3505 2249 cate-

1923 2295 2008 2347 nis
2065 2292 2382 2362 implcxum,
2436 2298 2530 2344 aut
2555 2290 2699 2359 quod
2726 2303 2860 2343 auro
2888 2288 3063 2356 majus
3092 2287 3158 2341 ad
3191 2286 3506 2341 admiratio-

1921 2402 2045 2441 nem
2093 2388 2267 2455 (sacra
2314 2383 2572 2437 nimirum
2613 2383 2820 2443 mensa)
2857 2380 3217 2450 compositum
3250 2380 3502 2435 exsistat.

1922 2477 2051 2533 Loci
2104 2475 2289 2530 altaris
2344 2474 2573 2543 portula:
2615 2480 2671 2526 et
2721 2472 3020 2526 columellae
3067 2481 3337 2541 argenteae
3379 2487 3505 2525 cum

1922 2569 2242 2641 peristyliis,
2280 2568 2569 2637 ipsumque
2598 2565 2716 2620 coni
2753 2564 2921 2633 figura
2952 2563 3263 2629 divinaque
3294 2578 3503 2616 mensae

1923 2663 2234 2733 impositum
2282 2668 2510 2721 tectum.
2559 2674 2681 2714 cum
2724 2657 3074 2711 fulcientibns
3124 2654 3196 2707 illi
3246 2655 3506 2723 subjectis

1922 2754 2223 2811 columellis
2250 2767 2595 2822 cameraque.
2633 2750 2776 2804 Varii
2806 2749 3000 2804 coloris
3028 2764 3322 2811 marmora,
3354 2763 3506 2815 qua-.-

1924 2863 2141 2917 cunque
2189 2847 2271 2901 vel
2331 2861 2463 2900 auro
2502 2861 2611 2898 non
2647 2844 2883 2905 obtecta,
2926 2841 3011 2895 vel
3049 2856 3159 2894 non
3206 2841 3509 2909 intercepta

1924 2952 2172 3012 argento,
2211 2940 2345 2995 artis
2375 2955 2512 3009 opus
2540 2939 2895 3007 stupendum,
2932 2934 3176 3004 mireque
3206 2934 3508 2995 obiectans.

1926 3033 2151 3101 reliquis
2203 3031 2387 3101 templi
2446 3030 2693 3099 partibus
2734 3037 2986 3080 ornatum
3037 3032 3314 3095 praestant.
3354 3024 3513 3078 Pavi-

235 3138 351 3173 των
376 3120 542 3185 ἄλλας
571 3122 718 3185 ίδέας
744 3125 864 3186 ταῖς
895 3122 1268 3192 πολυμόρφοις
1293 3122 1490 3193 ψηφῖσι
1515 3121 1827 3193 διαμορφω-

1929 3124 2099 3181 menti
2140 3130 2492 3192 conspectus,
2544 3120 2598 3173 in
2648 3118 2971 3172 animalium
3003 3117 3227 3181 formas,
3256 3114 3515 3169 aliarum-

238 3212 423 3277 θεῖσα,
454 3212 778 3284 θαυμαστήν
807 3232 926 3267 τινα
959 3214 1051 3267 τοῦ
1077 3214 1325 3283 τεχνίτου
1353 3214 1453 3284 τὴν
1475 3213 1667 3283 σοφίαν
1695 3232 1831 3287 παρ-

242 3305 532 3376 εστήσατο.
550 3306 753 3369 Παῖδας
775 3304 849 3367 ὡς
873 3306 1091 3376 άληθῶς
1113 3306 1205 3358 καὶ
1224 3305 1561 3376 πλασμάτων
1586 3306 1831 3371 πλάστας

241 3401 378 3461 τοὺς
401 3398 611 3462 Φειδίας
640 3398 881 3462 ἐκείνους
913 3398 1008 3453 καὶ
1034 3398 1344 3469 Παρασίους
1364 3399 1457 3450 καὶ
1478 3397 1833 3469 Πραξιτέλεις

243 3490 346 3543 καὶ
376 3490 632 3556 Ζεύξιδας
674 3491 731 3542 ὲν
776 3491 841 3560 τῇ
889 3488 1058 3560 τέχνῃ
1099 3489 1459 3558 ὲπελέγξασα.
1491 3490 1833 3560 Δημόκριτος

243 3577 405 3633 εἶπεν
433 3583 520 3647 ἂν,
550 3577 725 3651 οἶμαι,
749 3581 847 3652 τὴν
867 3580 961 3633 τοῦ
990 3581 1220 3651 ἐδάφους
1238 3582 1599 3653 λεπτουργίαν
1619 3580 1828 3649 ἐνιδὼν,

246 3672 346 3724 καὶ
376 3672 547 3744 ταύτῃ
582 3673 867 3743 τεκμηρίῳ
913 3674 1217 3744 χρώμενος,
1252 3673 1327 3744 μὴ
1356 3673 1425 3728 ἂν
1463 3673 1655 3746 πόρρω
1689 3668 1831 3728 εἶναι

245 3762 312 3813 τί»
346 3762 420 3831 μὴ
452 3762 573 3832 οὐχὶ
616 3764 709 3816 καὶ
742 3764 841 3827 τὰς
878 3766 1115 3835 ἀτόμους
1155 3762 1318 3817 αὐτοῦ
1350 3764 1442 3818 καὶ
1472 3764 1565 3818 ὑπ’
1594 3763 1716 3833 δψιν
1745 3781 1834 3817 πι-

249 3856 496 3920 modum;
526 3855 861 3928 ἁνευρῆσθαι
882 3873 895 3887 ·
937 3856 1081 3911 οὕτω
1109 3857 1287 3912 πάντα
1313 3857 1673 3929 πεπλήρωται
1705 3855 1835 3911 θαύ-

1926 3233 2034 3289 que
2076 3218 2371 3287 figurarum
2398 3213 2631 3283 species,
2669 3210 2990 3265 multiformi
3028 3208 3291 3264 tessellati
3329 3206 3513 3277 operis

1927 3307 2348 3365 coucinuatione
2398 3306 2739 3365 ell‘ormatus,
2794 3305 3168 3359 admirabilem
3222 3303 3512 3373 quamdam

1928 3401 2154 3457 artiﬁcis
2202 3400 2525 3469 sapientiam
2562 3397 2826 3462 exhibet;
2875 3406 3079 3450 tantam
3132 3396 3413 3457 nimirum,
3456 3402 3516 3446 ut

1927 3509 2057 3549 vere
2084 3508 2283 3562 pueros
2308 3491 2798 3560 figmentorumque
2825 3486 3084 3546 artiﬁces,
3114 3485 3341 3540 Phidias
3372 3484 3512 3547 illos,

1936 3586 2315 3653 Parasiosque,
2347 3591 2402 3636 et
2425 3581 2741 3645 Praxiteles,
2772 3587 2828 3633 et
2859 3578 3126 3633 Zeuxidas
3154 3585 3270 3631 arte
3295 3576 3359 3629 iis
3385 3574 3517 3628 sub-

1938 3677 2117 3735 tiliore
2192 3682 2479 3743 coarguat.
2538 3670 2899 3734 Democritus,
2959 3677 3114 3739 puto,
3172 3665 3359 3721 subtili
3421 3680 3515 3734 pa-

1937 3764 2166 3821 vimenti
2210 3776 2380 3833 opere
2418 3768 2734 3831 conspecto,
2776 3769 2940 3829 atque
2975 3758 3104 3812 hinc
3145 3756 3517 3824 conjecturam

1937 3858 2179 3925 ducens,
2225 3852 2374 3911 haud
2418 3852 2607 3924 procul
2651 3851 2843 3907 abesse
2886 3849 3150 3906 dixisset.
3200 3844 3337 3917 quin
3387 3856 3519 3899 suas

1813 4046 2052 4107 NOTAE.

332 4251 413 4323 (5)
467 4251 537 4323 Ἡ
583 4250 816 4322 χρυσοῦ
870 4268 927 4323 η
969 4248 1453 4323 θαυωσώτερον
1519 4249 1824 4323 σύνθημιξο

255 4320 446 4380 lnuuit
482 4320 629 4377 forte
643 4322 819 4377 simile
852 4322 1057 4393 aliquid
1084 4320 1390 4393 factitatum
1423 4320 1481 4375 in
1527 4336 1717 4393 mensa
1745 4320 1828 4375 al-

264 4394 399 4449 taris
453 4408 609 4447 novae
645 4394 914 4457 ecclesia,
942 4390 1037 4446 'ac
1083 4391 1284 4446 factum
1322 4390 1499 4445 fuerat
1542 4392 1599 4444 in
1631 4390 1831 4445 Sancta

260 4463 471 4588 Sothia
508 4478 538 4517 a
563 4462 873 4519 Justiniauo
900 4480 917 4530 ;
952 4463 1199 4533 pluribus
1229 4461 1437 4516 scilicet
1466 4460 1681 4530 liquatis
1707 4476 1837 4531 spe-

260 4536 346 4588 cie
392 4551 477 4588 us.
531 4534 650 4588 sive
681 4536 845 4588 etiam
871 4533 1142 4588 contusis.
1177 4548 1245 4587 ex
1274 4531 1474 4588 uuibus
1509 4547 1615 4585 una
1648 4531 1837 4585 altaris

257 4550 346 4590 cae

257 4620 453 4659 mensa
480 4604 848 4669 conflaretur;
898 4605 1056 4674 cujus
1099 4600 1395 4674 tamen'rei
1440 4600 1836 4674 Constantinus

258 4691 372 4729 non
399 4676 677 4741 meminit;
702 4670 1163 4731 Photiuin'tameu
1190 4671 1331 4727 tueri
1359 4671 1631 4725 recentior
1660 4670 1835 4725 forsi-

260 4756 354 4803 tan
389 4746 654 4815 memoria
683 4747 871 4815 possit.
904 4745 1149 4800 Proclive
1173 4753 1324 4815 certe
1350 4741 1679 4815 Justiniana:
1709 4756 1835 4815 mu-

262 4814 562 4870 niﬁcentia:
588 4810 700 4871 fere
741 4817 1000 4871 aemulum
1027 4814 1380 4870 aedificiorum
1417 4810 1698 4881 superbia,
1735 4811 1837 4866 hoc

255 4901 483 4955 quoque
520 4887 764 4941 aemulari
803 4886 980 4955 ipsum
1008 4884 1264 4955 voluisse,
1300 4898 1363 4938 ao
1378 4889 1830 4955 ~remtentasse.

254 4951 655 5011 Constantinus
685 4958 758 5011 ita
797 4951 919 5011 ε’Τὰ
946 4957 1113 5009 ἄδυτα
1142 4954 1237 5007 τοῦ
1276 4952 1427 5015 ναοῦ,
1467 4954 1563 5005 καὶ
1609 4951 1835 5022 χρυσῷ,

257 5028 356 5081 καὶ
381 5027 610 5099 ἀργύρῳ
642 5027 739 5081 καὶ
758 5027 923 5090 λίθοις
950 5026 1174 5099 τιμίοις,
1204 5024 1300 5078 καὶ
1324 5023 1637 5099 μαργάροις
1669 5038 1837 5076 κατα-

258 5093 615 5151 πεποίκιλται
635 5116 649 5130 ·
684 5108 907 5168 tumque
938 5093 1430 5168 aliispercensitis.
1465 5108 1586 5168 quae
1616 5093 1670 5168 in
1706 5108 1835 5168 sann-

256 5168 477 5221 ctuario
506 5180 694 5229 erant,
738 5164 835 5222 καῖ
867 5167 1035 5230 αὐτὰ,
1065 5164 1262 5236 inquit,
1296 5166 1362 5236 αῑί
1393 5164 1538 5234 ἱεραὶ
1565 5164 1835 5236 τράπεζαι

257 5179 477 5221 ctuano
506 5180 694 5229 erant.
738 5179 832 5222 καὶ
867 5179 1035 5230 αὐτὰ,
1065 5179 1262 5236 Inqult,
1296 5179 1351 5218 αι
1394 5179 1538 5234 ιεραι
1565 5179 1835 5286 agamus

257 5237 321 5301 ἐξ
351 5237 597 5309 ἀργύρου
637 5239 819 5293 πάντα
865 5237 1302 5308 περικεχυμένον
1339 5235 1532 5309 ἔχοντα
1572 5250 1601 5285 τ
1637 5252 1665 5285 ν
1700 5251 1835 5309 χρυ-

258 5305 515 5380 σὺν,ξκαϊ
543 5309 711 5374 λίθοις
741 5305 1030 5380 τιμίοιςὲκ
1053 5305 1405 5380 μαργαριτῶν
1435 5305 1835 5380 ἠμφιεσμένοις

261 5378 574 5452 πολυτελῶν
594 5381 693 5452 τὴν
722 5374 996 5450 σύμπηξιν
1028 5374 1146 5452 κάλ’
1179 5374 1439 5430 σύστασιν
1459 5374 1662 5452 ἔχουσι,
1695 5374 1834 5442 Ipsa:

261 5450 431 5503 etiam
473 5446 910 5515 εαοταξήιεηεωζ
936 5450 1113 5503 omnia
1165 5464 1229 5502 ea:
1268 5456 1484 5517 argento
1510 5446 1595 5499 cui
1646 5460 1833 5513 super-

262 5520 445 5597 fusum
471 5522 645 5591 fuerat
675 5538 890 5597 aurum,
919 5518 1278 5597 et__ta_pidibua
1307 5517 1570 5597 pretiosis,
1618 5531 1833 5597 marga-

262 5588 406 5662 ritis
447 5588 788 5662 superpositis
839 5590 1149 5662 amplissimi
1198 5588 1375 5662 pretii,
1428 5595 1703 5662 compecto
1767 5601 1832 5662 ᾳσ

264 5654 531 5738 fabricati;
564 5654 735 5738 erant.
758 5667 824 5715 At
846 5654 975 5738 num
997 5661 1080 5738 Ine
1106 5654 1331 5738 mensae.
1360 5658 1475 5726 ipsa
1491 5656 1619 5738 ξατξ
1636 5654 1832 5735 ἐξοχὴν

263 5725 361 5780 του
394 5731 779 5805 θυσιαστηρίου
827 5730 1103 5801 τραπεζας
1137 5729 1194 5805 in
1245 5730 1461 5805 Sancta:
1490 5725 1710 5794 Sophia:
1739 5741 1826 5779 sa-

264 5802 448 5863 crario
490 5798 675 5868 ctiaui'
702 5804 835 5862 alias
868 5798 1094 5861 mensas
1149 5798 1409 5855 describit
1451 5804 1641 5859 auctor
1691 5812 1825 5851 auo-

1932 4265 2157 4320 nymus,
2208 4249 2349 4305 nihil
2376 4250 2646 4306 habentes
2682 4263 2844 4305 cum-
2869 4247 2986 4320 ipsa
3020 4242 3207 4320 altaris
3234 4258 3425 4320 mensa
3460 4241 3516 4297 in

1937 4315 2149 4376 fabrica
2175 4320 2406 4391 aliisque
2431 4335 2761 4385 commune;
2798 4315 2952 4391 quid,
2990 4317 3033 4371 si
3066 4316 3231 4391 etiam
3273 4315 3329 4391 in
3364 4329 3520 4391 novin

1940 4391 2187 4446 ecclesia:
2214 4386 2454 4445 sacrario
2500 4403 2689 4455 erant;
2724 4386 2831 4443 nec
2858 4386 3258 4443 Constantinus
3286 4386 3355 4439 de
3399 4386 3519 4454 ipsa

1945 4462 2132 4515 altaris
2170 4476 2361 4515 mensa
2390 4461 2605 4516 locutus
2643 4466 2747 4526 est,
2773 4474 2937 4529 quam
2978 4456 3157 4529 potius
3183 4455 3518 4527 peculiarius

392 4551 477 4600 us,
531 4534 650 4588 sive
681 4536 845 4589 etiam
871 4526 1142 4598 contusis,
1177 4548 1245 4587 ex
1274 4531 1474 4601 quibus
1509 4526 1615 4585 una
1648 4526 1841 4585 altaris
1873 4526 1918 4583 D
1946 4530 2184 4587 voluerit
2220 4532 2459 4585 notare?

2008 4601 2163 4668 Quod
2194 4601 2399 4655 editum
2440 4599 2596 4655 titulo
2624 4600 2891 4669 ἐκφασις,
2945 4596 3154 4651 mutavi
3208 4595 3513 4718 ἐκφεῗσις·

2012 4688 2042 4718 n
2086 4671 2234 4718 enim
2268 4670 2414 4718 aliud
2465 4681 2550 4718 est
2578 4688 2741 4718 ninam
2792 4668 3080 4718 oscitantia
3130 4667 3306 4718 cxscri
3370 4674 3513 4718 .llllS.

1938 4667 2048 4726 nec,
2086 4671 2235 4726 enim
2268 4670 2415 4725 aliud
2465 4667 2741 4741 estquam
2792 4668 3101 4741 oscitantia
3130 4667 3513 4741 exscribeutis,

1938 4743 2069 4797 dum
2102 4757 2224 4811 qua:
2251 4741 2450 4811 duplex
2481 4734 2631 4811 pinéi
2664 4742 2845 4795 littera
2873 4740 3030 4800 solet.
3059 4735 3289 4811 simplici
3316 4734 3511 4787 reddit.

1938 4812 1997 4868 In
2038 4807 2161 4883 .qu'o
2216 4807 2345 4865 non'
2375 4807 2543 4866 sem'el
2582 4812 2657 4866 illi
2693 4820 2965 4883 erratum;
3012 4807 3262 4883 quodque
3277 4818 3521 4883 _0mnellt

1938 4874 2264 4953 scrupulum
2299 4883 2511 4953 adimit,
2540 4883 2744 4953 saepius
2778 4882 2988 4953 iuvoce
3016 4874 3381 4953 εὐφαίνεσθαι,
3418 4889 3528 4953 pra

1937 4943 2327 5023 εὐφραίνεσθαι
2356 4967 2369 4981 °
2396 4943 2507 5022 θεῷ’
2533 4943 2787 5023 ἐκφασις,
2840 4948 2980 5023 nihil
3033 4946 3166 5001 satis
3221 4943 3524 5023 congruit;

1935 5014 2226 5093 ἐκφρασις.
2260 5014 2560 5092 Descriptio
2583 5014 2687 5088 est,
2721 5018 3009 5093 llcrmolao
3036 5024 3367 5093 auctore,_et
3393 5014 3519 5085 quia

1938 5084 2062 5147 deni
2094 5084 2259 5156 culta,
2290 5084 2696 5163 verborumque
2728 5089 2999 5163 lenocinio
3031 5102 3188 5158 paene
3241 5084 3519 5163 affectata,

1937 5164 2251 5233 cuiusmodi
2280 5162 2369 5217 illa
2398 5156 2621 5217 Sanctae
2648 5160 2990 5231 Euphemiae,
3022 5156 3245 5233 auctore
3271 5156 3521 5233 Asterio,

1935 5234 1992 5288 in
2010 5227 2096 5289 'vu
2123 5233 2328 5305 synodo
2349 5233 2582 5305 laudata,
2600 5227 2842 5305 mihique
2856 5229 3198 5305 emendatior
3218 5228 3273 5281 in
3294 5227 3514 5305 Asterio

1933 5305 2101 5368 edita,
2140 5297 2418 5372 semelque
2455 5312 2511 5356 et
2536 5297 2767 5356 iterum'
2795 5299 3256 5370 Lugdunensibus
3281 5308 3340 5372 et
3364 5297 3519 5372 l’ar_i-_-

1938 5374 2222 5430 siensibus
2245 5367 2540 5444 typothetis
2568 5387 2633 5426 ex
2653 5387 2780 5444 nica
2805 5367 2920 5444 illa
2954 5371 3217 5444 editione,
3238 5367 3517 5444 quidquid

1933 5445 2146 5516 ingrate
2170 5438 2402 5516 taceant,
2422 5456 2635 5498 recusa.
2651 5440 2748 5497 Est
2768 5440 3013 5516 ejusdem
3039 5440 3201 5516 etiam
3217 5438 3518 5516 descriptio

1932 5508 2108 5583 OEuli,
2144 5516 2298 5570 Orat.
2325 5508 2393 5567 de
2422 5528 2559 5565 εαξσο
2599 5522 2745 5580 nato,
2785 5508 2919 5583 mihi
2957 5511 3185 5583 perinde
3214 5518 3339 5578 post
3370 5508 3516 5583 liuo-

1933 5577 2403 5652 tiana'exccrpta,
2454 5583 2692 5652 primum
2732 5577 2820 5638 ’ex
2856 5581 2915 5636 P.
2959 5577 3086 5637 ‘Jac.
3133 5577 3414 5633 Sirmundi
3460 5584 3516 5652 ct

1934 5655 2181 5727 Segnior.
2216 5646 2578 5709 codeedita.
2634 5652 2693 5708 τὸ
2740 5652 3219 5722 ὲνευθυνούμενον,
3286 5646 3509 5703 cmend.

1931 5726 2216 5798 ἐνευθηνού
2227 5742 2407 5795 μενον.
