3996 6412
471 347 572 414 571

1645 349 1910 413 ΡΗΟΤΙΙ
1945 348 2458 412 ΡΑΤΒΙΑΒΟΙΙιΕ
2497 352 2610 415 CP.

3645 350 3754 417 572

469 471 544 517 ob
592 462 780 518 oculos
809 470 1097 520 versantes
1122 471 1333 518 atomos
1364 459 1702 517 invenisset:
1745 460 1826 514 sic
1856 465 2053 513 cuncta

2176 458 2481 527 uaro;.'Evi
2513 458 2569 512 δέ
2603 461 2693 528 μοι
2730 457 2881 513 δοκεῖ
2909 459 3071 530 μόνον
3110 460 3139 513 ό
3169 455 3264 513 τοῦ
3291 457 3561 528 τεμένους
3590 458 3752 529 ἀρχι-

472 559 634 626 plena
686 557 968 611 miraculo.
1025 556 1206 611 Unum
1257 570 1388 610 vero
1429 554 1698 609 duntaxat
1745 552 1880 606 mihi
1926 566 2057 621 pec-

471 666 628 705 casse
680 651 892 704 videtur
946 650 1159 703 delubri
1199 647 1558 711 architectus,
1609 644 1753 716 quod
1791 645 1848 698 in
1887 657 2058 697 unum

475 742 839 811 euuulemque
870 741 1051 795 locum
1090 737 1334 808 pulchris
1367 736 1622 790 omnibus
1649 734 1946 805 congestis,
1977 732 2060 785 vi-

477 829 696 882 dentem
744 829 886 882 clare
936 825 1251 896 spectaculo
1287 824 1394 878 frui
1429 839 1539 877 non
1577 822 1730 884 sinit,
1757 820 1880 875 aliis
1929 819 2061 874 sub-

479 919 605 971 inde
653 917 760 971 alio
818 915 1198 978 trahentibus,
1255 914 1609 980 vicissimque
1665 911 2058 974 avelleutibus,

479 1029 582 1066 nec
626 1013 932 1066 sinentibus
976 1020 1239 1080 quantum
1271 1010 1394 1079 quis
1423 1008 1573 1072 velit,
1599 1008 1718 1078 ejus
1743 1007 1888 1078 quod
1918 1006 2063 1061 videt

480 1113 700 1173 aSpectu
733 1103 938 1156 satiari.

548 1194 701 1260 Quod
747 1209 833 1247 me
886 1209 1018 1247 vero
1069 1193 1352 1262 praeteriit,
1387 1193 1733 1262 primumque
1765 1189 2061 1246 dicendum

479 1287 602 1340 fuit.
653 1285 851 1340 Verum
916 1301 986 1340 ne
1048 1286 1192 1341 inter
1241 1286 1509 1340 orandum
1565 1285 1820 1354 quidem,
1873 1283 2059 1354 templi

479 1381 801 1442 miraculum
833 1397 960 1436 suas
989 1388 1238 1436 orantem
1268 1379 1412 1434 clare
1445 1386 1628 1448 partes
1657 1377 1877 1447 exsequi
1899 1377 2061 1430 sinit:

478 1490 543 1527 ac
599 1490 729 1528 sane
791 1474 954 1528 modo
1010 1473 1260 1528 dicturus
1324 1487 1467 1526 sum.
1537 1469 1594 1523 In
1666 1470 1781 1539 ipsa
1817 1485 2064 1539 namque

481 1565 747 1634 superiori
781 1565 1010 1627 fornice,
1043 1564 1212 1620 virilis
1239 1563 1415 1634 imago
1441 1561 1646 1616 Christi
1672 1562 1900 1615 formam
1923 1576 2066 1630 pra:-

481 1658 664 1711 ferens
696 1657 1002 1728 lapillorum
1037 1657 1188 1710 vario
1218 1655 1350 1709 ﬂore
1372 1655 1585 1724 depicta
1608 1653 1880 1708 enitescit.
1909 1651 2068 1707 Dixe-

2159 552 2368 606 τέκτων
2389 551 2844 624 διημαρτηκέναι.
2876 554 3069 623 ὅτιπερ
3093 552 3174 616 είς
3200 553 3298 606 ἕνα
3345 552 3442 605 καὶ
3471 551 3567 604 τὸν
3588 551 3755 604 αὑτὸν

2160 645 2339 716 χῶρον
2384 644 2500 714 ἅμα
2551 645 2729 699 πάντα
2775 644 3035 709 συλλέξας
3080 645 3149 698 τὰ
3197 645 3392 716 κάλλη,
3422 646 3524 698 οὐκ
3564 646 3629 712 ἐᾷ
3661 644 3755 696 τὸν

2163 737 2357 809 θεατὴν
2403 737 2659 808 καθαρῶς
2711 737 3052 810 ἐντρυφῆσαι
3099 737 3195 792 τοῦ
3243 737 3541 808 θεάματος,
3572 736 3753 789 ἄλλων

2163 831 2262 885 ἀπ’
2288 830 2466 884 ἀλλων
2488 830 2834 900 ἀφελκόντων
2863 846 2923 882 τε
2955 831 3050 883 καὶ
3081 829 3516 899 μετασπώντων·
3547 829 3643 882 καὶ
3677 827 3754 898 μὴ

2165 922 2642 994 παραχωρούντων
2668 924 2792 976 ὅσον
2813 939 2898 986 τις
2925 921 3102 976 ἐθέλει
3131 922 3226 977 τοῦ
3257 921 3534 994 ὁρωμένου
3565 920 3757 982 κορέν-

2163 1017 2383 1072 νυσθαι.

2239 1200 2305 1254 '0
2334 1199 2394 1254 δέ
2430 1217 2499 1270 με
2547 1201 2902 1274 παρέδραμε,
2931 1202 3026 1255 καὶ
3075 1200 3291 1271 πρῶτον
3344 1197 3572 1269 ῥηθῆναι
3624 1195 3755 1248 ἔδει.

2176 1291 2338 1348 Ἀλλὰ
2360 1295 2468 1366 γὰρ
2499 1294 2607 1348 οὐδ’
2638 1295 2694 1348 ἐν
2726 1297 2838 1357 τοῖς
2868 1293 3048 1361 λόγοις
3070 1292 3164 1344 τοῦ
3187 1290 3449 1362 τεμένους
3473 1290 3532 1342 τὸ
3565 1289 3756 1357 θαῦμα

2165 1389 2398 1460 παρέχει
2432 1387 2511 1458 τῷ
2540 1387 2753 1456 λέγοντι
2785 1385 3045 1456 καθαρῶς
3085 1384 3147 1437 τδ
3181 1384 3312 1437 ἴδιον
3339 1383 3516 1435 τελεῖν
3546 1382 3710 1451 ἔργον
3737 1396 3752 1407 ·

2165 1481 2259 1535 καὶ
2304 1481 2369 1552 δὴ
2417 1481 2513 1534 νῦν
2556 1482 2858 1552 εἰρήσεται,
2895 1479 2982 1535 ἐπ’
3018 1478 3189 1548 αὐτῆς
3222 1475 3331 1546 γὰρ
3376 1475 3477 1544 τῆς
3523 1474 3757 1545 ὀροφῆς.

2165 1573 2508 1644 ἀνδρείκελος
2536 1571 2699 1627 εἰκὼν
2735 1573 2950 1644 μορφὴν
2974 1572 3219 1642 φέρουσα
3244 1569 3339 1624 τοῦ
3374 1567 3616 1638 Χριστοῦ
3652 1585 3757 1620 πο-

2165 1665 2417 1720 λυανθέσι
2445 1666 2675 1738 ψηφῖσιν
2707 1665 3104 1736 ἐγγέγραπται,
3139 1664 3328 1725 Εῐποις
3359 1663 3426 1716 ἂν
3455 1661 3621 1716 αὐτὸν
3656 1660 3759 1730 τὴν

484 1750 560 1803 ris
602 1758 798 1802 terram
851 1749 1182 1818 inspectare,
1212 1748 1442 1817 ejusque
1476 1757 1728 1802 ornatum
1769 1763 1834 1802 ac
1867 1747 2064 1818 guber-

2176 1759 2270 1829 γῆν
2303 1759 2527 1829 ἐφορᾷν,
2565 1757 2660 1810 καὶ
2687 1756 2787 1828 τὴν
2831 1756 2960 1828 περὶ
2985 1755 3188 1826 ταύτης
3213 1753 3542 1808 διανοεῖσθαι
3570 1752 3760 1805 διακό-

484 1843 758 1896 nationem
789 1852 970 1897 mente
1007 1843 1208 1912 agitare
1239 1861 1252 1896 :
1295 1842 1374 1895 sic
1400 1852 1655 1895 accurate
1679 1843 1876 1912 pictor,
1904 1851 2061 1913 gestu

481 1951 541 1989 et
601 1933 811 2001 habitu,
862 1935 1243 2005 coloribusque
1282 1932 1560 1988 Creatoris
1589 1949 1715 2004 erga
1753 1950 1854 1988 nos
1884 1934 2065 2003 provi-

486 2028 727 2080 dentiam
788 2043 1108 2097 curamque,
1162 2027 1388 2080 numine
1451 2025 1777 2096 pr0pensius
1825 2026 2061 2089 aliiantc.

483 2119 708 2175 eilinxit.
746 2120 1120 2190 llemisphwrii
1157 2121 1300 2174 circa
1335 2120 1542 2173 tholum
1575 2119 1796 2174 insectis
1821 2119 2063 2180 circulis,

483 2211 799 2282 angelorum
851 2227 1197 2265 communem
1254 2211 1572 2282 stipantium
1637 2209 1928 2264 Dominum
1977 2211 2065 2266 de-

487 2301 632 2370 picta
693 2302 984 2356 multitudo
1041 2319 1053 2355 :
1112 2318 1232 2371 quae
1277 2317 1408 2356 vero
1461 2303 1528 2356 ab
1559 2301 1746 2356 altaris
1776 2303 1896 2356 loco
1921 2305 2066 2372 apsis

486 2395 737 2463 assurgit,
789 2393 1026 2466 Virginis
1070 2395 1244 2448 forma
1289 2395 1644 2464 splendescit,
1693 2395 1866 2450 nostri
1903 2411 2066 2451 causa

490 2486 749 2556 expansis
782 2487 1122 2541 intemeratis
1151 2488 1424 2550 manibus,
1453 2503 1518 2541 ac
1549 2504 1672 2558 qua:
1699 2489 1932 2543 salutem
1966 2489 2069 2542 im-

490 2578 726 2646 peraturi
767 2587 1008 2648 prmstet,
1041 2580 1311 2649 roburque
1334 2580 1398 2632 ad
1431 2579 1570 2633 bella
1603 2579 1815 2634 fortiter
1831 2581 2064 2652 gerenda

483 2669 561 2723 illi
592 2671 869 2726 conciliet.
903 2671 1289 2740 Apostolorum
1319 2671 1525 2726 chorus
1555 2682 1714 2742 atque
1735 2684 2064 2743 martyrum;

485 2777 618 2816 sane
673 2762 836 2817 etiam
897 2763 1290 2831 prOphetarum
1337 2778 1399 2815 ac
1433 2763 1885 2831 patriarcharum.
1914 2779 2069 2834 egre-

486 2854 632 2926 gium
676 2855 874 2922 templo
917 2863 1192 2915 ornatum,
1223 2855 1369 2924 quod
1407 2854 1569 2923 pictis
1603 2854 1930 2924 imaginibus
1968 2855 2070 2909 im-

489 2943 694 3012 pleant,
736 2942 975 2996 all‘erunt
1013 2961 1026 2996 :
1081 2943 1280 2998 borum
1315 2959 1459 2997 unus
1502 2944 1642 3011 quis,
1679 2945 1894 2998 tametsi
1924 2945 2066 3009 silet,

485 3035 688 3105 quibus
735 3035 863 3088 olim
944 3036 1158 3090 locutus
1224 3047 1345 3098 est,
1387 3037 1629 3090 clamat:
1667 3035 1837 3101 Quam
1876 3037 2069 3090 dilecta

2169 1850 2370 1922 σμησίν
2401 1867 2457 1903 τε
2491 1849 2588 1903 καὶ
2631 1848 2986 1920 κυϐέρνησιν·
3021 1845 3196 1907 οὕτως
3244 1842 3490 1916 ἀκριϐῶς
3543 1843 3573 1896 ό
3621 1859 3760 1910 γρα-

2163 1945 2298 2014 φεὺς
2351 1945 2445 1997 καὶ
2485 1945 2598 2006 τοῖς
2652 1943 2895 2012 σχήμασι
2927 1939 3026 2010 τὴν
3077 1937 3173 1991 τοῦ
3221 1932 3571 2008 Δημιουργοῦ
3626 1931 3761 2001 περὶ

2161 2036 2312 2105 ἡμᾶς
2361 2033 2691 2105 κηδεμονίαν
2739 2030 3001 2093 ἐπίπνους
3040 2025 3266 2098 γέγονεν
3301 2023 3755 2080 ἐντυπῶσασθαι.

2164 2129 2291 2191 Τοῖς
2333 2125 2391 2179 δέ
2415 2127 2546 2198 περὶ
2574 2126 2711 2195 αὐτῇ
2743 2124 2914 2196 ὀροφῇ
2946 2121 3041 2175 τοῦ
3073 2118 3437 2192 ἡμισφαιρίου
3467 2118 3758 2186 τμήμασιν

2164 2221 2452 2291 ἐγκύκλοις
2473 2262 2487 2284 ,
2518 2219 2728 2289 πληθὺς
2755 2217 3003 2286 ἀγγέλων
3032 2214 3109 2285 τῷ
3139 2213 3303 2285 κοινῷ
3329 2212 3575 2280 Δεσπότῃ
3599 2209 3758 2280 δορυ-

2166 2313 2460 2386 φοροῦντες
2485 2309 3069 2382 διαμεμόρφωνται.Ἦ
3099 2307 3154 2360 δέ
3189 2307 3295 2360 ἀπὸ
3318 2304 3413 2358 τοῦ
3459 2305 3757 2369 θυσιαστη-

2169 2408 2284 2479 ρίου
2333 2403 2728 2476 ἀνεγειρομένη
2778 2404 2927 2472 ἁψὶς,
2961 2404 3030 2474 τῇ
3087 2404 3272 2472 μορφῇ
3324 2399 3425 2468 τῆς
3472 2394 3758 2465 Παρθένου

2167 2495 2700 2566 περιαπράπτεται,
2724 2493 2822 2556 τὰς
2859 2491 3162 2562 ἀχράντους
3202 2491 3394 2559 χεῖρας
3423 2483 3567 2553 ὑπὲρ
3599 2485 3634 2552 ή
3646 2481 3758 2552 μῶν

2167 2587 2530 2658 ἐξαπλούσης,
2552 2586 2650 2640 καὶ
2682 2584 3065 2654 πραττομένης
3097 2581 3174 2651 τῷ
3210 2579 3422 2651 βασιλεῖ
3451 2577 3551 2648 τὴν
3583 2592 3759 2640 σωτη-

2172 2681 2326 2753 ρίαν,
2359 2681 2454 2733 καὶ
2499 2678 2621 2733 κατ’
2678 2675 2891 2747 ἐχθρῶν
2942 2673 3429 2745 ἀνδραγαθήματα.
3481 2668 3662 2739 Χορὸς
3705 2666 3758 2719 es

2167 2771 2484 2827 ἀποστόλων
2511 2771 2608 2822 καὶ
2644 2767 2936 2840 μαρτύρων
2953 2783 2966 2796 ο
3001 2766 3092 2818 ναὶ
3119 2765 3184 2834 δὴ
3211 2764 3304 2816 καὶ⁹
3337 2759 3640 2830 προφητῶν
3666 2756 3758 2810 καὶ

2169 2863 2545 2937 πατριαρχῶν,
2579 2863 2700 2917 ὅλον
2731 2860 3063 2931 πληροῦντες
3096 2860 3216 2922 ταῖς
3245 2857 3416 2910 εἰκόσι
3443 2853 3505 2906 τὸ
3532 2853 3758 2921 τέμενος

2170 2956 2589 3028 ἐξωραῖζουσιν·
2618 2947 2692 3007 ὧν
2715 2955 2744 3006 ό
2786 2952 2885 3022 μὲν
2914 2951 3008 3004 καὶ
3035 2949 3226 3017 σιγῶν,
3263 2946 3329 3000 δι’
3358 2939 3433 2998 ὧν
3464 2943 3638 2997 πάλαι
3665 2943 3756 2994 ἀν-

2171 3051 2492 3120 εφθέγξατο,
2527 3047 2652 3119 βοᾷε
2700 3047 2798 3112 Ὠς
2829 3042 3105 3114 ἀγαπητὰ
3126 3043 3198 3097 τὰ
3229 3036 3593 3107 σκηνώματὰ
3621 3052 3756 3092 σου.

501 3129 843 3182 tabernacula
901 3139 1013 3193 tua,
1079 3130 1298 3183 Domine
1349 3130 1638 3184 virtutum!
1676 3132 1993 3201 concupiscit
2024 3143 2069 3185 et

2176 3147 2352 3212 Κύριε
2383 3143 2502 3198 τῶν
2548 3139 2897 3211 δυνάμεων]
2937 3135 3215 3191 ἐπιποθεῖ
3256 3133 3355 3187 καί
3406 3131 3677 3185 ἐκλείπει
3720 3129 3757 3194 ὴ

490 3221 663 3292 deficit
709 3225 888 3275 auium
936 3239 1049 3276 mea
1092 3223 1146 3275 in
1189 3223 1328 3276 atria
1368 3223 1576 3276 Domini
1621 3223 1662 3276 ί.
1711 3223 1863 3277 Alter
1898 3239 2070 3278 vero:

493 3316 668 3381 Quam
713 3316 971 3368 mirabilis
1017 3326 1088 3369 est
1129 3315 1271 3369 locus
1305 3317 1437 3370 istc!
1469 3331 1569 3368 non
1601 3325 1673 3369 est
1703 3315 1820 3381 hoc,
1851 3317 1952 3370 nisi
1980 3316 2074 3370 do-

492 3426 609 3462 mus
640 3408 736 3461 Dei
760 3407 801 3461 ¹.
843 3407 1087 3463 Succinit
1111 3418 1291 3462 autem
1329 3408 1468 3462 forte
1517 3408 1678 3474 alius,
1710 3409 1801 3479 qui
1834 3425 1937 3466 nec
1959 3409 2075 3480 ipse

491 3517 556 3556 ex
608 3502 827 3561 nostris.
871 3511 965 3556 aut
1007 3501 1248 3572 probatis
1289 3500 1380 3565 sit,
1419 3501 1731 3572 invitusque
1777 3511 1961 3556 nostra
1986 3503 2077 3557 de-

493 3595 787 3663 przedieat:
823 3595 993 3660 Quam
1015 3595 1248 3663 pulchra?
1281 3597 1465 3648 domus
1495 3605 1619 3660 tum,
1655 3596 1862 3660 Jacob;
1899 3595 2075 3649 taber-

494 3691 685 3743 nacula
739 3699 851 3754 tua,
908 3689 1112 3742 Israel!
1159 3687 1435 3758 Tanquam
1483 3690 1724 3758 paradisi
1774 3707 1932 3757 super
1973 3691 2076 3758 ﬂu-

493 3783 674 3845 mina,
709 3791 755 3834 et
797 3782 930 3833 sicut
964 3779 1323 3833 tabernacula
1373 3797 1489 3850 qua:
1525 3781 1641 3849 ﬁxit
1693 3780 1850 3844 Deus,
1881 3791 1931 3834 et
1974 3797 2077 3833 non

493 3874 644 3924 homo
663 3875 704 3925 ³.
1355 3925 1364 3934 .

565 3966 702 4018 Olim
728 3964 946 4033 quidem
977 3961 1066 4016 Dei
1097 3961 1440 4032 conspectori
1470 3962 1624 4029 Mosi,
1652 3963 1748 4018 Dei
1772 3962 1947 4033 ipsius
1972 3962 2075 4018 im-

497 4059 652 4128 perio
707 4057 1118 4111 tabernaculum
1176 4057 1470 4112 excitatum
1503 4068 1606 4124 est,
1635 4058 1704 4112 ad
1736 4058 1941 4112 hostias
1968 4056 2076 4112 Deo

497 4149 877 4214 immolandas,
894 4166 955 4203 ac
973 4150 1157 4219 populi
1183 4150 1376 4204 delicta
1399 4151 1686 4221 expianda.
1708 4150 1816 4205 Sed
1841 4158 1895 4204 et
1921 4149 2076 4204 Salo-

495 4242 646 4297 moni
682 4243 815 4312 regi,
847 4243 1108 4311 templum
1145 4243 1342 4297 deinde
1371 4242 1759 4314 Hierosolymis
1794 4242 2074 4298 conditum

493 4342 611 4397 est;
649 4349 787 4403 opus
817 4333 1025 4387 scilicet
1057 4344 1280 4403 aspectu
1323 4334 1662 4395 delectabile,
1691 4348 1755 4387 ac
1784 4333 2075 4403 ejusmodi,

496 4425 832 4496 utquidquid
857 4427 975 4494 ejus
999 4427 1216 4495 generis
1235 4443 1475 4496 unquam
1503 4427 1804 4492 exstiterat,
1825 4427 2074 4496 pulchri-

2177 3239 2349 3308 ψυχή
2389 3254 2509 3306 μου
2553 3237 2639 3300 είς
2681 3235 2784 3298 τὰς
2833 3231 3026 3297 αὐλὰς
3067 3227 3173 3283 τοῦ
3202 3225 3518 3294 Kvplcv.’0
3548 3223 3635 3276 δέ·
3670 3220 3762 3284 Ὡς

2178 3328 2522 3398 θαυμαστὸς
2547 3331 2580 3380 ὁ
2608 3328 2791 3390 τόπος
2815 3320 2990 3387 οὗτος
3009 3323 3030 3376 .'
3057 3324 3169 3376 οὐκ
3205 3321 3338 3374 ἐστι
3376 3316 3576 3377 τοῦτο,
3601 3312 3766 3368 ’ἀλλ’

2177 3423 2216 3494 ἣ
2251 3419 2413 3489 οἶκος
2449 3418 2932 3484 Θεοῦ.Ἐπιφωνεί
2970 3416 3026 3469 δέ
3069 3432 3154 3477 τις
3207 3415 3336 3470 ἴσως
3371 3410 3468 3462 καὶ
3508 3408 3622 3460 τῶν
3666 3405 3764 3474 οὐχ

2177 3515 2462 3586 ἡμετέρων
2486 3511 2594 3565 οὐδ’
2613 3509 3103 3580 ἐγγεγραμμένων,
3129 3507 3224 3558 καὶ
3255 3507 3402 3559 ἄκων
3434 3501 3764 3562 ἐπιθειάζων

2176 3608 2247 3660 τά
2286 3607 2524 3676 ἡμέτερα
2549 3621 2563 3634 ·
2611 3604 2708 3668 Ὠς
2734 3601 2909 3655 καλοί
2941 3615 3056 3654 σου
3117 3601 3170 3652 οι
3225 3594 3375 3650 οἶκοι
3404 3638 3420 3662 ,
3441 3595 3673 3658 Ἰακὼϐ,
3705 3595 3767 3646 αἱ

2178 3699 2403 3766 σκηναί
2423 3715 2560 3764 σου,
2587 3695 2838 3765 Ἰσραήλ
2860 3696 2880 3748 .’
2903 3693 3042 3747 ὡσεὶ
3074 3692 3425 3760 παράδεισοι
3451 3691 3549 3742 ἐπὶ
3583 3703 3768 3741 ποταο

2172 3778 2348 3864 μοὺς,
2387 3792 2484 3845 καὶ
2515 3791 2594 3857 ὡς
2625 3794 2681 3844 aI
2709 3789 2929 3858 σκηναὶ
2961 3787 3033 3854 ἂς
3070 3787 3298 3853 ἔπηξεν
3334 3786 3366 3839 ὀ
3394 3784 3630 3851 Κύριος,
3667 3778 3769 3833 καί

2177 3890 2288 3940 οὐκ
2317 3885 2647 3953 ἄνθρωπος.

2250 3979 2422 4032 Πάλαι
2450 3977 2546 4046 μέν
2574 3974 2667 4028 οὖν
2691 3973 2770 4045 τῷ
2791 3972 2994 4043 θεόπτῃ
3022 3972 3198 4039 Μωσῇ
3225 3968 3355 4038 θείῳ
3382 3966 3771 4037 προστάγματι

2180 4070 2352 4140 σκηνὴ
2383 4065 2790 4121 κατεσκεύαστο
2810 4081 2823 4093 ·
2857 4063 3046 4115 θυσίαν
3073 4078 3132 4112 τε
3162 4059 3324 4112 θῦσαι
3352 4058 3470 4126 Θεῷ
3493 4054 3774 4126 ἁμαρτίας

2177 4159 2550 4228 ἐξιλάσασθαι.
2596 4157 2708 4210 Καὶ
2753 4154 2832 4224 τῷ
2895 4152 3204 4224 Σολομῶντι
3251 4151 3307 4204 δὲ
3374 4149 3588 4219 βασιλεί
3641 4149 3668 4198 ὀ
3714 4147 3774 4196 ἐν

2191 4251 2582 4326 Ἰεροσολύμοις
2626 4249 2752 4310 ναὸς
2802 4245 3028 4314 ὕστερον
3077 4242 3312 4314 τερπνόν
3350 4259 3402 4292 τι
3432 4240 3640 4310 χρῆμα,
3673 4236 3775 4287 καὶ

2179 4348 2389 4408 πάντας
2428 4343 2554 4406 τοὺς
2600 4337 2910 4411 ἔμπροσθεν
2942 4335 3021 4406 τῷ
3053 4334 3241 4388 κάλλει
3272 4335 3366 4386 καὶ
3396 4332 3643 4400 μεγέθει,
3672 4328 3776 4380 καὶ

2177 4441 2246 4509 τῇ
2298 4433 2618 4501 πολυτελείᾳ
2660 4428 3141 4499 ἀποκρυψάμενος.
3160 4424 3300 4478 Ἀλλ’
3324 4425 3448 4477 ὅσον
3501 4423 3630 4474 σκιά
3671 4419 3777 4472 καὶ

494 4517 702 4574 tudine.
735 4517 1125 4588 magnitudine,
1171 4519 1593 4588 sumptuositate
1623 4519 1781 4589 longe
1810 4519 2069 4574 obscura-

2176 4497 2347 4590 τόπος
2391 4525 2647 4594 ἀληθείας
2689 4521 2784 4575 καὶ
2831 4517 3173 4590 πραγμάτων
3220 4515 3402 4568 αὐτῶν
3434 4511 3773 4579 ὑποϐέϐηκε,

495 4620 600 4665 ret.
651 4608 943 4663 Enimvero
993 4619 1258 4678 quantum
1287 4612 1514 4664 fortasse
1543 4610 1734 4664 umbra
1761 4619 1816 4664 et
1848 4608 2017 4680 ﬁgura
2046 4624 2077 4664 a

493 4703 726 4757 veritate
757 4702 1026 4772 rebusque
1067 4702 1200 4771 ipsis
1230 4702 1463 4767 decedit,
1499 4712 1709 4756 tantum
1745 4701 1836 4755 illa
1865 4718 1896 4755 a
1935 4710 2079 4756 tern-

495 4797 607 4866 plo,
643 4797 788 4865 quod
817 4811 964 4849 nunc
996 4795 1170 4849 ﬁdelis
1192 4810 1531 4864 magnusque
1561 4794 1862 4862 imperator
1893 4805 2079 4848 noster

495 4887 764 4942 exstruxit
817 4905 832 4942 τ
886 4905 994 4942 non
1048 4904 1114 4942 eo
1154 4888 1417 4942 duntaxat
1463 4885 1712 4948 nomine,
1751 4887 1895 4955 quod
1933 4887 2077 4940 istud

495 4978 682 5050 gratia:
724 4995 789 5035 ac
836 4980 1062 5049 spiritus
1096 4989 1201 5040 est,
1239 4979 1326 5031 illa
1357 4978 1488 5048 legis
1515 4987 1678 5046 atque
1708 4977 1944 5042 litterae;
1985 4979 2079 5033 sed

495 5071 638 5142 quod
674 5071 836 5126 etiam
875 5071 1289 5141 pulchritudine
1327 5084 1388 5122 ac
1432 5068 1638 5136 reliqua
1682 5068 1817 5123 artis
1851 5068 2081 5123 concin-

497 5168 666 5218 nitate
723 5163 1098 5234 clegantiaque
1156 5176 1269 5230 pra:
1320 5159 1428 5213 illis
1469 5161 1666 5215 merito
1731 5161 1939 5231 primas
1985 5160 2085 5215 ob-

498 5257 656 5312 ﬁneL

568 5349 768 5418 Ecquis
821 5364 952 5402 vero
1009 5345 1162 5400 brevi
1227 5343 1367 5399 adeo
1428 5353 1673 5414 tempore
1731 5344 2074 5402 celeberrimi

498 5442 685 5513 templi
738 5440 995 5495 miracula
1036 5448 1207 5494 tentet
1255 5438 1503 5492 oratione
1560 5453 1913 5508 percurrere;
1949 5453 2074 5492 cum

499 5551 603 5590 nec
643 5536 821 5606 ipsum
854 5534 1053 5596 visum,
1090 5533 1185 5587 diu
1224 5532 1564 5602 multumque
1600 5531 1850 5603 legendo,
1899 5546 2076 5602 quan-

499 5643 662 5701 quam
697 5641 892 5682 sensus
944 5625 1181 5696 reliquos
1223 5625 1477 5681 celeriori
1520 5635 1672 5680 motu
1722 5625 1881 5695 longe
1913 5640 2078 5679 exsu-

579 5810 597 5842 ί
634 5806 776 5862 [’sal.
826 5820 1048 5870 Lxxxm,
1095 5805 1148 5859 9...
1228 5804 1633 5869 'Gen.xxvut,
1681 5801 1767 5856 ΓΙ.

2175 4620 2428 4676 τοσοῦτον
2464 4621 2649 4671 ἐκεῖνα
2694 4613 2787 4668 τοῦ
2836 4612 2930 4666 νῦν
2981 4608 3492 4678 ἐξοικοδομηθέντος
3523 4605 3646 4656 ναοῦ
3689 4603 3777 4672 τῷ

2177 4712 2354 4782 πιστῷ
2398 4712 2492 4765 καὶ
2529 4708 2752 4780 μεγάλῳ
2785 4705 2996 4775 βασιλεῖ
3023 4703 3206 4774 ήμῶν·
3241 4702 3341 4770 οὐχ
3370 4699 3452 4752 ὃτι
3479 4701 3508 4750 ὁ
3537 4698 3634 4766 μέν
3665 4695 3778 4761 τῆς

2177 4809 2404 4880 χάριτος
2426 4805 2522 4858 καὶ
2542 4804 2636 4856 τοῦ
2664 4802 2974 4870 πνεύματος
3005 4838 3019 4861 ,
3048 4799 3117 4850 τά
3143 4796 3201 4849 δέ
3223 4794 3319 4848 τοῦ
3353 4793 3520 4859 νόμου
3548 4791 3641 4842 καὶ
3669 4785 3779 4839 τοῦ

2177 4901 2528 4974 γράμματος,
2562 4896 2678 4950 ἀλλ’
2707 4896 2788 4948 ὅτι
2823 4895 2916 4946 καὶ
2956 4891 3034 4958 τῷ
3062 4890 3272 4950 κάλλει,
3296 4887 3388 4941 καὶ
3426 4889 3492 4956 τῇ
3520 4883 3651 4955 άλλη
3680 4899 3780 4934 τε-

2183 4994 2448 5068 χνουργίᾳ
2476 4993 2570 5045 καὶ
2593 4988 2882 5060 δεξιότητι,
2913 4986 2982 5040 τά
3005 4983 3236 5054 δεύτερα
3271 4983 3518 5054 φέρουσι.

2258 5347 2368 5401 Καὶ
2399 5346 2451 5400 τί
2480 5346 2544 5400 ἄν
2571 5362 2656 5408 τις
2680 5345 2738 5398 ἐν
2768 5341 2912 5397 οὕτω
2945 5341 3139 5413 βραχεῖ
3183 5337 3250 5392 τὰ
3296 5335 3392 5391 τοῦ
3425 5331 3656 5404 περιωνὺ
3669 5350 3787 5402 μου

2181 5442 2442 5513 τεμένους
2485 5440 2630 5509 λόγῳ
2691 5440 2948 5509 πειρᾶται
3002 5432 3397 5506 περιέρχεσθαι
3467 5429 3784 5497 θαύματα.;

2183 5535 2316 5588 ὅπου
2373 5548 2436 5600 γε
2469 5531 2579 5584 οὐδ’
2612 5531 2750 5600 αὐτὴ
2796 5531 2830 5598 ἡ
2876 5529 2999 5597 ὄψις
3031 5529 3141 5581 οὐδ’
3175 5527 3266 5577 ἐπὶ
3314 5523 3508 5594 συχνὸν
3552 5519 3784 5591 χρόνον,

2185 5623 2361 5678 καίτοι
2387 5622 2486 5688 τὰς
2512 5622 2677 5686 ἄλλας
2713 5622 3000 5694 αἰσθήσεις
3029 5620 3106 5692 τῷ
3135 5617 3295 5690 τάχει
3342 5614 3571 5668 κατόπιν
3599 5609 3794 5678 ἄγου-

1846 5802 1866 5835 ⁸
1895 5800 2054 5856 Num.
2101 5815 2244 5869 εχιτ,
2276 5800 2328 5855 5.
