3996 6434
155 387 261 453 573

829 384 1156 448 HOMILIA
1193 380 1311 444 III.
1336 406 1406 417 -
1426 381 1509 443 ΙΝ
1550 378 1736 440 DEDI

1845 374 2067 437 I‘IONE
2104 372 2323 435 NOVIE
2356 371 2745 434 ΒΑΞΙΙᾸΟᾸΞ.

3324 366 3429 432 574
3456 462 3461 469 ⁵

155 520 242 563 σα,
304 498 684 554 ἀντιλαϐέσθαι
725 497 930 552 τούτων
979 496 1230 567 οὐδαμῶς
1276 496 1560 567 ἐλέγχεται
1607 512 1738 548 κατ-

1845 496 2018 559 perat,
2049 488 2167 542 haec
2190 487 2322 541 satis
2353 486 2639 557 percipere
2666 499 2826 555 posse
2866 498 2930 537 ac
2956 482 3429 553 comprehendere

155 593 440 663 ισχύουσα.
470 592 661 659 Χαίρω
690 589 820 658 γοῦν
844 590 954 657 ἐγω
978 605 1040 658 γε
1068 590 1221 641 οὐδὲν
1250 584 1434 659 ἦττον,
1470 587 1520 639 εί
1559 585 1654 639 καὶ
1680 584 1741 637 τὸ

152 684 376 736 ἔλαττον
417 685 445 735 ό
483 682 639 749 λόγος
670 681 1045 750 ἀπηνέγκατο,
1080 680 1112 751 ἢ
1142 681 1190 732 εί
1222 680 1313 733 καὶ
1344 678 1480 750 πρὸς
1519 677 1648 731 αὐτὸ
1680 676 1741 730 τὸ

154 775 357 847 μέτρον
388 775 488 842 τῆς
523 773 723 834 ἱκανῶς
769 772 1001 843 ἐχούσης
1046 772 1274 841 ἀφίκετο
1306 770 1631 841 διηγήσεως.
1664 769 1737 822 Οὐ

152 865 260 934 γὰρ
288 864 391 929 τῆς
416 866 473 916 ἐν
502 863 643 934 λόγῳ
676 864 959 931 δυνάμεως
990 863 1267 929 ἐπίδειξιν,
1292 862 1429 916 ἀλλά
1458 862 1520 915 τὸ
1550 861 1738 915 κάλλι-

154 956 279 1010 στόν
308 972 369 1008 τε
399 951 542 1008 εἶναι
565 956 657 1007 τὸν
687 955 812 1007 ναὸν
844 955 938 1008 καὶ
968 954 1304 1024 ὡραιότατον
1323 994 1338 1016 ,
1375 953 1471 1007 καὶ
1504 953 1740 1007 νικῶντα

154 1050 354 1118 νόμους
388 1047 731 1118 ἐκφράσεως,
770 1050 1120 1118 παραστῆσαι
1152 1046 1494 1116 προῄρημαι.

231 1230 399 1285 Ἀλλά
430 1248 520 1302 μοι
551 1229 688 1300 πρὸς
715 1228 775 1283 σὲ
796 1231 824 1284 ό
842 1228 937 1283 τοῦ
964 1229 1124 1296 λόγου
1147 1228 1367 1298 δρόμος,
1386 1226 1474 1280 τὸν
1495 1226 1590 1279 τοῦ
1615 1224 1741 1278 συλ-

154 1325 311 1392 λόγου
358 1326 552 1387 αἴτιον,
586 1321 1049 1391 ἐπιστρεφόμενος
1106 1319 1387 1373 ἱθυνέσθω.
1424 1318 1593 1390 Χαῖρε
1625 1336 1739 1371 τοι-

156 1408 453 1485 γαροῦν,ὧ
505 1412 729 1484 βασιλεῦ
772 1412 1147 1483 θεωχαρίτωτε
1183 1413 1276 1485 καὶ
1332 1410 1736 1479 θεοφιλέστατε,

157 1506 246 1559 καὶ
282 1506 637 1569 ἀνακαινίζου
672 1504 773 1573 τὴν
817 1503 955 1557 κατά
996 1519 1056 1555 τε
1106 1482 1265 1571 σῶμα
1314 1501 1409 1554 καὶ
1430 1500 1609 1571 ψυχὴν
1642 1499 1740 1552 ἐπ’

156 1601 333 1670 ἔργοις
355 1598 584 1667 ἀγαθοῖς
616 1598 881 1668 ἀκμάζων
908 1595 1156 1666 νεότητα·
1181 1594 1277 1647 τοῦ
1299 1610 1360 1647 τε
1387 1592 1736 1664 περιωνύμου

157 1691 301 1754 ναοῦ,
323 1693 423 1744 καὶ
446 1692 548 1760 τῆς
575 1690 674 1760 σῆς
704 1689 896 1758 σοφίας
923 1688 1099 1759 ἔργων
1129 1688 1224 1742 καὶ
1253 1688 1432 1758 χειρὸς
1462 1687 1737 1758 ἑορτάζων

156 1785 215 1837 τὰ
248 1783 528 1852 ἑγκαίνια.
563 1783 847 1847 Ἔντεινε,
883 1780 981 1836 καὶ
1013 1780 1364 1846 κατευοδοῦ,
1403 1780 1501 1834 καὶ
1552 1780 1738 1845 ﬁuct-

157 1881 313 1939 λευε,
327 1875 542 1930 ἕνεκεν
558 1874 845 1942 ἀληθείας
860 1874 957 1927 καὶ
974 1875 1309 1941 πραότητος
1324 1874 1419 1927 καὶ
1437 1872 1744 1926 δικαιοσύ-

159 1987 286 2034 νης.
324 1968 544 2040 Ὀδηγεί
558 1968 687 2037 γὰρ,
710 1966 785 2029 ὡς
811 1966 1021 2019 ἔνεστιν
1056 1967 1182 2018 ἰδεῖν
1221 1965 1494 2035 ἐναργῶς,
1538 1964 1634 2016 καὶ
1659 1963 1744 2016 όδ-

167 2060 361 2127 ηγήσει
391 2076 449 2111 σε
478 2061 511 2129 ἠ
538 2058 633 2111 τοῦ
667 2057 921 2127 Ὑψίστου
954 2056 1102 2122 δεξιά
1121 2056 1213 2109 τοῦ
1241 2055 1525 2119 κτίσαντός
1553 2072 1632 2118 σε,
1651 2058 1744 2111 καὶ¹

160 2149 216 2214 ἐξ
259 2149 441 2203 αὐτῶν
492 2150 824 2219 σπαργάνων
868 2150 947 2213 είς
1000 2149 1224 2217 βασιλέα
1274 2149 1367 2203 τοῦ
1415 2149 1619 2202 οἰκείου
1649 2149 1743 2203 καὶ⁸

160 2243 471 2313 περιουσίου
500 2240 632 2294 λαοῦ
680 2241 986 2311 χρίσαντος.
1020 2241 1422 2311 Συνευφραίνου
1472 2242 1567 2294 καὶ
1615 2257 1743 2293 συν-

159 2334 507 2398 ανακαινίζου
542 2334 637 2387 καὶ
670 2334 854 2397 αὐτὸς,
884 2334 993 2386 τῶν
1023 2333 1180 2397 ὅσους
1208 2334 1358 2400 ἥλιος
1386 2335 1563 2387 ἐπεῖδε
1600 2335 1741 2387 Και-

162 2428 339 2497 σάρων
370 2428 432 2479 τὸ
469 2426 926 2497 ἐγκαλλὼπισμα,
962 2428 1125 2499 σοφίᾳ
1157 2446 1215 2481 τε
1257 2429 1351 2483 καὶ
1377 2429 1587 2483 συνέσει
1615 2430 1742 2494 τοὺς

160 2520 466 2591 ἔμπροσθεν
510 2519 959 2591 παρευδοκιμῶνο
1008 2522 1102 2575 καὶ
1158 2523 1235 2593 τῷ
1285 2522 1405 2594 θεία
1450 2541 1509 2577 σε
1553 2523 1739 2594 ψήφῳ,

162 2612 301 2665 ἀλλὰ
349 2614 423 2684 μὴ
474 2613 982 2685 σπουδαρχήσαντα,
1014 2615 1136 2686 μηδ’
1166 2616 1537 2686 ἀνθρωπίναις
1583 2634 1741 2688 περι-

165 2704 390 2775 δρομαῖς
419 2705 517 2776 τὴν
546 2706 878 2778 τηλικαύτην
915 2707 1090 2780 ἀρχὴν
1132 2705 1739 2773 ἀναδέξασθαιέζυνευ-

165 2798 393 2866 φραίνου
434 2802 610 2853 τοίνυν
659 2800 754 2852 καὶ
788 2800 1235 2865 συνανακαινίζου
1282 2800 1359 2872 τῷ
1406 2800 1634 2871 μέτοχόν
1680 2818 1739 2853 σε

162 2890 546 2961 προσειληφότι
593 2893 687 2943 καὶ
737 2891 991 2945 κοινωνὸν
1020 2892 1118 2958 τῆς
1148 2892 1424 2961 βασιλείας
1461 2894 1554 2945 ἐπὶ
1588 2896 1739 2965 κοινῇ

158 2999 215 3036 τε
246 2984 490 3055 σωτηρίᾳ
524 2984 631 3037 τῶν
656 2984 999 3054 ἀρχομένων,
1031 2986 1124 3037 καὶ
1148 2984 1313 3051 ἀξίως
1338 2987 1438 3056 τῆς
1470 2988 1551 3049 είς
1580 2988 1741 3041 αὐτὸν

160 3076 369 3140 εὐνοίας
398 3077 497 3130 καὶ
529 3076 933 3148 ἀψευδεστάτης
968 3079 1323 3147 ἀγαπήσεως.
1356 3078 1455 3131 Διά
1492 3080 1602 3151 γὰρ
1642 3081 1741 3152 τῆς

1842 598 2068 652 prorsus
2097 582 2321 651 liqueat.
2352 580 2496 634 Nihil
2529 581 2710 649 itaque
2744 580 2955 633 minore
2980 579 3176 647 gaudio
3200 577 3425 642 allicior,

1840 689 2154 745 quanquam
2200 674 2342 728 victa
2380 672 2557 726 oratio
2606 684 2709 736 est,
2753 688 2915 741 quam
2955 671 2997 725 si
3044 672 3131 724 illa
3176 671 3240 723 ad
3267 671 3429 749 justa:

1841 768 2063 823 modum
2098 766 2451 829 narrationis,
2504 780 2617 818 rem
2660 764 2795 818 satis
2830 776 3085 818 exsecuta
3110 772 3277 817 esset.
3309 762 3428 816 Non

1840 862 1987 916 enim
2014 860 2119 914 hoc
2147 860 2332 913 animo
2358 859 2738 918 constitutum,
2772 868 2831 910 ut
2862 857 3079 911 dicendi
3107 855 3214 910 vim
3239 867 3431 910 esten--

1844 962 2044 1016 tarem,
2066 953 2161 1007 sed
2184 961 2241 1006 ut
2267 952 2529 1021 templum
2555 951 2985 1021 pulcherrimum
3014 965 3134 1003 esse
3163 964 3225 1003 ac
3253 965 3429 1003 venn-

1840 1045 2174 1105 stissimum,
2228 1045 2495 1114 longeque
2566 1042 2957 1112 descriptionis
3008 1042 3156 1112 leges
3208 1043 3428 1096 vincere

1840 1136 2254 1205 comprobarent
2267 1177 2279 1190 .

1912 1228 1995 1283 Ad
2041 1237 2094 1282 te
2133 1228 2441 1291 enimvero,
2483 1228 2575 1297 qui
2626 1236 2928 1283 conventus
2967 1236 3155 1281 auctor
3190 1227 3425 1290 exsistis,

1841 1336 1964 1376 sese
2010 1321 2275 1375 orationis
2313 1336 2508 1376 cursus
2552 1337 2711 1375 verso
2744 1322 2958 1375 tramite
2991 1320 3206 1388 dirigat.
3241 1321 3427 1375 Gaude

1841 1413 2045 1484 itaque,
2074 1414 2369 1483 imperator
2401 1414 2507 1467 Deo
2547 1412 2855 1483 gratissime
2886 1428 2950 1466 ac
2993 1413 3424 1483 religiosissime,

1841 1513 1897 1560 et
1920 1520 2185 1559 renovare
2238 1514 2450 1575 vegeta,
2505 1514 2617 1557 tum
2672 1520 2900 1573 corpore
2933 1503 2954 1535 "
3000 1514 3114 1558 tum
3171 1506 3429 1575 operibus

1840 1599 2021 1661 bonis,
2075 1598 2405 1667 iuventute,
2474 1596 2567 1667 qui
2624 1596 2965 1651 celeberrimi
3035 1598 3218 1667 templi
3292 1608 3427 1651 lme—

1839 1708 1946 1762 que
1968 1690 2251 1761 sapientia:
2299 1706 2363 1745 ac
2396 1706 2612 1751 manus,
2638 1707 2865 1760 operum
2890 1691 3133 1746 encatnia
3166 1693 3298 1763 agis.
3330 1691 3427 1747 In-

1845 1784 2014 1847 tende,
2058 1800 2301 1852 prospere
2328 1782 2547 1851 procede
2576 1792 2623 1835 et
2658 1800 2859 1851 regna;
2916 1794 3129 1852 propter
3154 1786 3428 1839 veritatem

1845 1890 1893 1931 et
1946 1875 2400 1929 ntartsuetudinem
2445 1884 2491 1928 et
2521 1874 2794 1943 justitiam
2819 1876 2862 1929 ⁸.
2910 1874 3138 1929 Deducit
3168 1876 3333 1936 enim,
3371 1886 3429 1929 ut

1845 1965 2019 2038 palam
2052 1964 2237 2018 videre
2268 1964 2394 2018 licet
2420 1980 2433 2029 ;
2461 1964 2805 2033 deducetqne
2844 1973 2893 2017 te
2919 1964 3180 2018 Altissimi
3204 1967 3426 2020 dextera

1844 2060 1935 2129 qui
1973 2060 2178 2114 creavit
2210 2067 2284 2121 te,
2314 2074 2489 2126 exque
2526 2056 2659 2127 ipsis
2683 2057 2976 2111 cunabulis
3008 2057 3063 2111 in
3104 2057 3310 2127 pr0prii
3340 2059 3425 2111 sui

1843 2166 1907 2205 ac
1958 2149 2251 2219 peculiaris
2289 2149 2473 2218 populi
2513 2164 2694 2217 regem
2742 2147 2977 2201 inunxit.
3021 2147 3303 2202 (Iollaatare
3363 2163 3429 2203 ac

1844 2243 2051 2312 pariter
2086 2243 2351 2296 innovare
2390 2251 2445 2295 et
2475 2242 2611 2311 ipse,
2661 2256 2857 2311 nempe
2885 2240 3128 2295 omnium
3156 2258 3293 2311 quos
3328 2258 3429 2295 un-

1843 2351 2006 2405 quam
2052 2334 2131 2388 sol
2164 2335 2393 2402 aspexit,
2424 2334 2591 2404 gloria
2634 2332 2907 2387 Caesarum
2935 2351 2951 2400 ;
2983 2333 3182 2403 quippe
3210 2334 3428 2403 sapien-

1844 2428 1931 2480 tiae
1953 2425 2112 2479 laude
2138 2440 2202 2479 ac
2222 2425 2525 2494 prudentiae
2557 2424 2855 2493 majoribus
2884 2425 3043 2495 longe
3075 2426 3425 2494 praecellens;

1841 2534 2057 2591 quoque
2087 2518 2223 2571 adeo
2250 2517 2435 2571 divino
2464 2516 2743 2588 sull'ragio,
2790 2526 2846 2571 at
2896 2532 3005 2570 non
3050 2517 3168 2587 ipse
3213 2517 3427 2587 imperii

1842 2610 2097 2674 invidus,
2158 2626 2335 2681 neque
2394 2611 2652 2664 humanis
2701 2609 2897 2664 studiis
2966 2620 3131 2681 atque
3196 2611 3427 2678 ambitu,

1843 2703 1976 2758 tanti
2003 2719 2187 2759 arcem
2224 2702 2440 2773 imperii
2496 2702 2742 2757 invadas.
2787 2702 3073 2759 Collaatare
3106 2704 3269 2775 igitur
3293 2720 3430 2758 una-

1841 2812 1945 2868 que
1973 2796 2236 2851 innovare
2266 2811 2389 2851 cum
2426 2810 2511 2861 eo,
2544 2795 2636 2865 qui
2674 2804 2727 2850 te
2749 2796 2982 2863 socium,
3015 2806 3180 2866 atque
3212 2798 3429 2868 imperii

1841 2896 2151 2943 consortem
2177 2888 2244 2941 ad
2271 2888 2613 2942 subditorum
2644 2904 2991 2943 communem
3022 2890 3333 2956 utilitatem,
3366 2906 3431 2944 ac

1842 2998 1942 3054 pro
1974 2997 2040 3036 eo
2075 2997 2138 3036 ac
2174 2991 2320 3036 tuam
2358 2981 2410 3035 in
2453 2997 2579 3035 eum
2616 2981 3084 3046 benevolentiam,
3115 2982 3431 3038 sincerissi-

1846 3088 2109 3143 mamque
2132 3073 2483 3129 dilectionem
2528 3074 2777 3138 decebat,
2828 3076 3149 3145 assumpsit.
3194 3074 3299 3130 Per
3330 3092 3428 3131 ve-

162 3165 432 3237 ὑμετέρας
479 3167 670 3231 δυάδος
702 3170 734 3239 ή
769 3168 940 3239 Τριάς
982 3169 1219 3232 εύσεὸῶς
1270 3168 1640 3242 λατρευομένη
1684 3189 1739 3224 τε

1846 3177 2014 3220 stram
2058 3168 2203 3220 enim
2251 3167 2483 3221 duorum
2530 3167 2846 3223 societatem
2890 3165 3135 3223 Trinitas
3163 3172 3253 3238 pie
3283 3168 3429 3224 culta

161 3260 249 3312 καὶ
279 3263 752 3333 προσκυνουμένη,
782 3262 880 3332 τὴν
914 3261 1113 3331 ἑαυτῆς
1140 3265 1395 3334 πρόνοιαν
1423 3265 1503 3327 είς
1534 3265 1739 3329 πάντας

160 3352 468 3417 ἑξαπλοῦσά
491 3371 550 3407 τε
578 3357 672 3407 καὶ
700 3355 1172 3423 διαπορθμεύουσα
1190 3396 1205 3422 ,
1243 3356 1421 3425 σοφῶς
1454 3358 1743 3430 πηδαλίου-

159 3447 240 3514 χεῖ
265 3444 363 3497 καὶ
394 3445 730 3517 διακυϐερνᾷ
754 3448 814 3498 τὸ
841 3446 1098 3516 ὑπήκοον.

225 3539 464 3610 Χαίρετε
510 3541 604 3592 κα)⁵
639 3540 820 3605 ὑμεῖς,
855 3533 900 3593 ὦ
935 3544 1031 3612 τῆς
1066 3540 1257 3611 βουλῆς
1289 3540 1554 3613 Πατέρες,
1576 3542 1743 3598 πολιὰ

160 3632 327 3705 σεμνὴ
362 3633 458 3687 καὶ
488 3633 786 3705 αἰδέσιμος,
822 3635 997 3704 πιστῷ
1030 3634 1125 3687 καὶ
1161 3635 1382 3707 μεγάλῳ
1410 3636 1619 3708 βασιλεί
1646 3636 1742 3692 καὶ

159 3724 426 3793 σεόαστῷ,
456 3724 1035 3795 συνανακαινιζόμενοι
1058 3725 1318 3797 Καίσαρι,
1350 3729 1445 3781 τοῦ
1474 3728 1741 3798 περιωνύ-

160 3834 256 3883 μου
284 3816 417 3869 ναοῦ
456 3817 865 3887 συνεορτάζοντι
898 3818 963 3870 τὰ
1004 3821 1421 3890 ἑγκαινίσματα.
1455 3822 1651 3893 Χαίρει
1683 3822 1740 3875 δὲ

160 3911 250 3961 καὶ
298 3910 751 3980 συνευφραίνεται
803 3917 898 3965 καὶ
946 3913 1071 3965 ὅσον
1120 3914 1494 3985 ἱεροφαντικόν
1541 3931 1602 3967 τε
1647 3915 1743 3968 κα)⁵

161 4003 462 4072 ἀρχιερέων
488 4004 792 4075 πλήρωμα,
820 4008 1017 4059 οἰκεῖον
1047 4006 1203 4070 κλέος
1238 4007 1332 4059 καὶ
1357 4006 1618 4078 καύχημα
1641 4006 1741 4079 τὴν

159 4094 250 4146 τοῦ
274 4093 407 4146 ναοῦ
434 4094 747 4164 ποιούμενοι
768 4095 1098 4165 καθιέρωσιν
1120 4113 1133 4126 ·
1160 4097 1381 4168 χαίρετε
1409 4097 1466 4151 δὲ
1493 4101 1587 4151 καὶ
1614 4116 1742 4166 συγ-

159 4192 415 4258 χορεύετε
474 4190 570 4242 καὶ
632 4191 831 4259 ὑμεῖς,
889 4183 934 4243 ὦ
992 4190 1287 4245 ὑπόλοιπον
1348 4192 1444 4245 καὶ
1497 4192 1742 4261 φιλόθεον

155 4280 451 4351 ἄθροισμα,
487 4280 645 4334 ἄλλον
688 4281 917 4351 οὐρανὸν
950 4282 1186 4351 ὁρῶντες
1233 4284 1328 4335 ἐπὶ
1373 4282 1478 4354 γῆς
1509 4283 1601 4335 τὸν
1644 4284 1743 4353 τῆς

156 4372 437 4443 Παρθένου
502 4374 631 4427 ναὸν
691 4374 1135 4444 ἐγκαινιζόμενον
1186 4378 1457 4446 σήμερονο
1506 4371 1575 4449 ἦς
1623 4379 1745 4441 ταῖς

156 4468 479 4537 πρεσϐείαις
498 4467 754 4538 τύχοιμεν
776 4467 1017 4530 ἅπαντες
1043 4468 1139 4521 καὶ
1164 4466 1265 4538 τῆς
1294 4470 1572 4539 μακαρίας
1596 4470 1743 4523 ὲκεί-

1848 3272 1912 3312 ac
1940 3258 2185 3322 adorata,
2214 3272 2368 3314 suam
2418 3258 2472 3312 in
2503 3274 2693 3313 omnes
2724 3260 3124 3329 providentiam
3153 3260 3431 3330 explicans

1842 3360 2007 3418 atque
2053 3351 2448 3416 transmittens,
2496 3352 2776 3422 sapienter
2814 3352 3063 3408 subditos
3091 3354 3230 3425 regit
3266 3363 3431 3425 atque

1842 3442 2132 3514 gubernat.

1915 3534 2023 3590 Vos
2065 3552 2283 3605 quoque
2314 3536 2565 3608 gaudete,
2615 3537 2802 3592 Patres
2848 3538 3147 3609 conscripti
3178 3579 3193 3603 ,
3250 3536 3430 3609 gravis

1842 3642 2119 3694 senectus,
2174 3632 2426 3703 ﬁdelique
2467 3648 2530 3686 ac
2570 3648 2768 3702 magno
2804 3632 3119 3703 imperatori
3158 3636 3432 3705 Augusto-

1842 3740 1951 3796 que
1993 3724 2347 3789 venerabilis,
2385 3740 2603 3794 unaque
2644 3739 2767 3779 eum
2814 3725 3051 3790 Caesare,
3086 3725 3205 3795 pari
3233 3724 3430 3795 gaudio

1793 3880 1802 3889 ,
1842 3819 2131 3873 clarissimi
2188 3818 2373 3888 templi
2411 3819 2653 3873 encaania
2701 3819 3021 3884 celebranti,
3067 3816 3426 3873 renovamini.

1844 3911 2057 3969 Gaudet
2100 3926 2231 3965 vero
2273 3921 2329 3966 et
2370 3912 2674 3966 collaetatur
2708 3922 3020 3967 sanctorum
3046 3911 3333 3967 doctorum
3365 3925 3430 3966 ac

1842 4006 2226 4077 episcoporum
2246 4017 2419 4062 cmtus
2439 4007 2639 4072 omnis,
2657 4008 2749 4076 qui
2777 4006 3056 4076 proprium
3083 4005 3251 4060 decus
3267 4014 3432 4075 atque

1843 4101 2068 4182 gloriam
2102 4100 2292 4171 templi
2321 4101 2789 4156 consecrationem
2823 4098 2993 4154 ducit.
3023 4099 3267 4153 Gaudete
3300 4113 3433 4153 vero

1843 4194 2028 4260 etiam,
2081 4210 2145 4249 ac
2188 4210 2295 4248 una
2348 4193 2546 4249 choros
2594 4193 2797 4260 ducite,
2826 4208 2923 4247 vos
2968 4207 3189 4262 quoque
3224 4190 3432 4261 reliqua

1846 4302 1911 4341 ac
1937 4287 2185 4358 religiosa
2214 4287 2394 4350 turba,
2427 4302 2549 4356 quae
2582 4286 2779 4340 ccelum
2828 4285 2974 4339 aliud
3004 4285 3059 4338 in
3086 4292 3256 4350 terra,
3287 4283 3431 4354 quod

1848 4379 2013 4434 hodie
2065 4379 2352 4434 dedicatur
2426 4377 2665 4449 Virginis
2707 4377 3005 4447 templum,
3048 4376 3365 4447 conspicitis
3413 4394 3428 4431 :

1848 4472 2006 4543 cujus
2053 4471 2543 4526 intercessionibus
2580 4473 2789 4525 utinam
2820 4486 3013 4525 omnes
3056 4472 3221 4525 etiam
3258 4471 3431 4525 beatze

155 4578 251 4630 νης
303 4560 405 4613 καὶ
447 4561 805 4632 ἀτελευτήτου
854 4561 1075 4632 χάριτος
1118 4562 1215 4615 καὶ
1249 4562 1649 4631 ἀγαλλιάσεως,
1684 4565 1740 4616 ὲν

1849 4564 1994 4618 illius
2042 4577 2106 4616 ac
2146 4560 2469 4615 immortalis
2494 4561 2679 4631 gratia:
2709 4576 2773 4615 ac
2803 4561 3185 4616 exsultationis
3211 4575 3433 4630 compo-

156 4652 383 4724 Χριστῷ
407 4651 584 4723 Ἰησοῦ
611 4652 688 4725 τῷ
709 4653 897 4725 Κυρίῳ
922 4653 1100 4725 ἡμῶν,
1131 4672 1175 4723 ῳ
1199 4655 1231 4725 ή
1253 4654 1381 4721 δόξα
1406 4657 1501 4708 καὶ
1527 4655 1587 4709 τὸ
1609 4656 1743 4729 κράο

155 4759 270 4811 τος,
302 4743 403 4798 νῦν
437 4746 530 4798 καὶ
554 4745 661 4811 ἀεὶ,
689 4746 783 4799 καὶ
819 4746 901 4810 είς
932 4746 1058 4812 τοὺς
1084 4746 1525 4819 αίῶνας.Ἀμήν.

222 5008 249 5042 ⁸
280 5009 427 5066 Psal.
456 5028 555 5078 cu,
586 5014 639 5069 5.
714 5015 736 5047 ⁸
771 5016 913 5072 Psal.
945 5035 1090 5084 κων,
1118 5019 1170 5074 5.

1851 4664 1932 4710 tes
1976 4652 2304 4719 elliciamur;
2334 4652 2389 4706 in
2427 4652 2646 4707 Christo
2668 4650 2802 4707 Jesu
2834 4651 3065 4706 Domino
3094 4660 3307 4714 nostro,
3342 4650 3427 4703 cui

1848 4745 2017 4816 gloria
2043 4754 2099 4801 et
2134 4744 2445 4817 imperium,
2486 4761 2655 4811 nunc,
2688 4752 2741 4799 et
2771 4760 3011 4815 semper,
3049 4754 3103 4799 et
3132 4744 3185 4798 in
3210 4741 3426 4797 saecula.

1847 4840 2047 4895 Amen.
