3996 6444
133 440 235 507 577
1570 445 1939 506 [ΣᾹΒΜΙΝΑ.
3292 439 3397 504 578

131 555 427 627 ὀρθοδόξων
472 555 535 610 τὸ
570 556 844 628 σύστημα,
899 559 1402 631 χοροστατήσαντες
1460 559 1576 631 ἅμα
1613 559 1709 630 τὴν

1821 576 1960 621 rum.
1997 559 2303 628 chorosque
2355 555 2516 612 simul
2550 554 2734 610 ducite
2788 552 2992 610 circum
3038 567 3245 614 aream.
3303 567 3399 606 cu-

134 648 280 703 θείαν
308 648 589 718 λάρνακα,
624 648 869 717 ἰαμάτων
905 647 1248 719 πλημμύραν
1286 648 1543 712 λα6όντες
1575 650 1705 719 παρ’

1819 651 2087 706 rationum
2120 651 2348 722 gratiam
2378 648 2505 702 inde
2574 646 2943 701 exundantem
2998 644 3397 716 suscipientes;

129 737 325 807 αὐτῆς,
352 735 685 808 ἱκετεύωμεν
714 736 1044 809 αἰτήσασθαι
1072 739 1309 810 Χριστὸν
1334 741 1426 792 τὸν
1451 738 1586 793 Θεὸν
1613 738 1707 794 τοῦ

1818 759 2105 816 precemur
2127 755 2308 797 autem
2338 749 2398 795 ut
2427 738 2907 795 exoretChristum
2936 738 3105 792 Deum
3123 745 3396 803 nostrum,

136 829 398 904 ρυσθῆναι
427 830 529 903 τὴν
556 830 881 902 οἰκουμένην
906 829 1016 885 ἀπὸ
1042 831 1226 903 πάσης
1256 832 1544 904 αἱρέσεως.

1819 848 2096 908 quatenus
2145 836 2463 892 universum
2500 832 2695 889 liberet
2720 832 2789 887 ab
2827 831 2976 888 omni
3013 830 3229 887 haeresi.

1479 1253 2057 1348 MONITUM

1264 1455 1331 1513 IN
1380 1455 1564 1512 ΤΒΕὸ
1612 1455 1795 1513 ODAS
1842 1453 2278 1522 SEQUENTES.

1122 1614 1283 1687 (Aug.
1319 1612 1424 1669 MM
1457 1612 1715 1680 Scriptor.
1745 1621 1850 1667 vet.
1893 1620 2026 1667 tom.
2060 1608 2105 1678 l,
2146 1624 2201 1680 p.
2245 1609 2424 1682 χχιιι.)

201 1903 387 1963 Photii
418 1906 537 1963 oda:
561 1916 672 1964 tres
688 1908 840 1966 suavi
862 1910 1105 1967 carmine
1120 1911 1357 1983 scriptae,
1380 1909 1666 1965 mediocris
1695 1909 2039 1981 prolixitatis,
2076 1918 2295 1966 exstant
2326 1909 2379 1964 in
2403 1918 2583 1965 vetere
2601 1909 2788 1966 codice
2814 1908 3250 1966 Barheriuiorum
3283 1910 3411 1975 246,

136 2003 378 2074 itemque
443 2004 499 2058 iu
543 2004 664 2076 ejus
689 2006 895 2061 recenti
943 2008 1277 2079 apographo,
1316 2009 1459 2062 inter
1498 2007 1729 2062 aliorum
1770 2016 2055 2062 auctorum
2123 2007 2265 2062 bene
2332 2006 2536 2061 multos
2594 2006 2889 2075 multaeque
2933 2006 3213 2077 elegantiae
3261 2005 3416 2060 (Ἐπιι-

135 2110 226 2149 cns
248 2094 506 2166 hymnos,
536 2110 770 2166 quorum
794 2095 833 2150 ii
877 2096 1069 2151 saltem
1109 2098 1204 2167 qui
1241 2113 1453 2152 morum
1509 2096 1782 2152 honestati
1826 2112 1938 2151 non
1996 2096 2215 2159 obsunt,
2265 2096 2407 2150 haud
2458 2095 2665 2149 diutius
2692 2096 2745 2150 in
2802 2097 3041 2151 tenebris
3100 2096 3413 2151 continendi

142 2189 435 2255 videntur,
463 2206 644 2261 neque
671 2191 961 2247 siueudum
997 2201 1056 2247 ut
1078 2191 1261 2247 Photii
1284 2206 1504 2263 quoque
1543 2206 1698 2245 musa
1733 2206 1858 2246 cum
1918 2191 2005 2245 his
2060 2190 2226 2244 invita
2260 2190 2438 2243 sileat.
2480 2188 2593 2243 lmo
2633 2204 2763 2244 vero
2794 2190 2924 2243 odas
2969 2188 3148 2244 Photii
3216 2204 3415 2242 novem

136 2296 274 2335 mss.
303 2281 523 2354 collegii
546 2284 690 2354 apud
724 2283 907 2340 Gallos
956 2284 1364 2340 Claroruontaui
1397 2284 1671 2339 exstitisse
1725 2285 1803 2339 ait
1865 2283 2117 2338 Labbeus
2168 2281 2301 2335 Nov.
2350 2281 2600 2365 Riblioth.
2652 2298 2853 2352 τηειρ.
2903 2283 3025 2337 159.
3064 2282 3243 2336 Pholii
3302 2292 3415 2336 tres

135 2378 245 2431 illa:
274 2377 397 2432 uda:
439 2380 543 2434 sub
590 2380 801 2436 codicis
830 2380 1205 2436 Barberiuiaui
1266 2382 1373 2435 line
1414 2381 1669 2452 leguntur
1702 2397 1713 2447 ;

1837 2396 1983 2434 arum
2018 2379 2191 2449 prima
2248 2387 2332 2431 est
2360 2378 2424 2429 ὲκ
2471 2377 2767 2448 προσώπου
2815 2375 3098 2431 Βασιλείου
3151 2376 3415 2429 δεσπότου

131 2474 199 2525 a.l
225 2472 445 2540 Deum;
486 2474 543 2529 in
566 2490 632 2529 ea
669 2475 880 2531 scilicet
902 2475 1147 2545 loquitur
1174 2476 1291 2546 ipse
1314 2475 1565 2530 Basilius.
1599 2475 1709 2529 Alte

1831 2477 1885 2526 ὲκ
1913 2472 2206 2545 προσώπου
2239 2472 2338 2541 τῆς
2378 2470 2709 2540 Ἐκκλησίας
2737 2473 2818 2535 εἰς
2847 2472 3125 2523 Βασίλειον
3164 2470 3409 2540 φιλόχρι·

132 2583 264 2621 στον
294 2564 553 2635 gaudia;
588 2566 829 2623 Ecclesia
860 2568 1122 2624 nimirum
1158 2570 1458 2639 alloquitur
1484 2572 1710 2641 imperat

1840 2585 1893 2624 η.
1920 2568 2105 2623 Tertia
2140 2568 2244 2623 ode
2272 2567 2691 2637 ἐγκωμιαστικὴ
2713 2566 2792 2629 εἰς
2822 2566 3104 2620 Βασίλειον
3140 2567 3233 2617 τὸν
3266 2564 3418 2633 φιλό-

137 2677 371 2731 χριστον
412 2660 694 2732 δεσπότην.
727 2662 1080 2718 Notissimum
1105 2673 1210 2725 est.
1243 2664 1501 2719 Photium
1525 2664 1696 2736 gratia
1723 2664 1867 2735 apud
1897 2662 2152 2717 Basiliam
2187 2663 2570 2731 imperatorem
2602 2659 2872 2724 ﬂoruisse,
2897 2659 2981 2712 cui
3016 2658 3181 2712 etiam
3214 2658 3416 2728 regiam

143 2770 412 2810 coronam
439 2756 668 2810 sumenti
708 2773 891 2812 sacras
922 2773 1116 2827 preces
1151 2759 1403 2828 prarivit;
1436 2775 1559 2828 mox
1595 2759 1664 2813 ab
1695 2759 1888 2813 eodem
1914 2759 1971 2814 in
1993 2756 2246 2812 exsilium
2283 2764 2464 2811 actum
2498 2755 2691 2810 fuisse.
2729 2753 3029 2823 Utramque
3085 2769 3199 2806 rem
3230 2760 3421 2806 narrat

136 2844 309 2897 etiam
335 2844 677 2900 Hamartolus
705 2846 760 2900 in
803 2825 1066 2903 Vaticano
1091 2825 1279 2903 codice
1309 2825 1573 2913 ineditus,
1597 2864 1714 2920 pag.

1842 2850 1852 2901 ι
1876 2848 1910 2902 b
1939 2867 1951 2902 :
2004 2848 2065 2900 '0
2098 2847 2371 2908 Βασίλειος
2398 2848 2461 2899 ἐκ
2486 2847 2584 2915 τῆς
2618 2844 2812 2899 ἐαυτοῦ
2840 2842 3085 2914 κεφαλῆς
3107 2843 3168 2895 τὸ
3199 2845 3420 2913 στέμμα

131 2933 417 3004 ἀράμενος
434 2935 632 2989 δέδωκε
659 2938 849 3009 Φωτίῳ
878 2938 957 3010 τῷ
978 2941 1294 3013 πατριάρχῃ
1312 2957 1328 2973 ·
1362 2942 1458 2995 καὶ
1486 2939 1799 3009 εἰσαγαγὼν
1832 2941 1993 2994 αὑτὸν
2017 2941 2075 2993 ἐν
2101 2943 2169 3011 τῇ
2200 2940 2333 3012 ἁγίᾳ
2358 2939 2628 3011 τραπέζῃ,
2661 2939 2919 3008 ἐποίησεν
2939 2939 3105 3009 εὐχὴν
3137 2935 3224 2990 ἐπ’
3246 2937 3418 3007 αὐτῷ.

133 3057 207 3069 -—
246 3027 308 3082 '0
343 3029 400 3082 δὲ
424 3031 773 3104 πατριάρχης
794 3033 855 3086 τὺ
887 3035 1108 3106 στέμμα
1141 3035 1448 3105 ἐξενεγκὼν
1479 3036 1560 3104 τῷ
1586 3035 1799 3107 βασιλεῖ
1824 3035 2120 3089 ἐπιδέδωκε
2144 3053 2157 3065 ·
2187 3036 2282 3089 καὶ
2310 3034 2420 3088 τῶν
2444 3035 2745 3105 σκήπτρων
2799 3033 3098 3094 πεσόντων,
3151 3032 3226 3094 ὼς
3275 3030 3420 3093 ἔθος.

134 3114 367 3192 ἔστεψεν
395 3125 423 3177 ό
458 3124 681 3196 Μιχαὴλ
704 3125 798 3179 τὸν
828 3127 1129 3183 Βασίλειον.
1161 3129 1379 3184 Patrata
1404 3129 1606 3184 deinde
1659 3128 1706 3183 Μ

1844 3128 1945 3183 elis
2011 3127 2360 3199 imperatoris
2412 3127 2579 3189 aede,
2644 3125 2822 3197 pergit
2851 3126 3036 3179 dicere
3076 3123 3422 3177 Hamartolus

138 3229 195 3283 p.
235 3214 345 3270 904
376 3217 413 3271 b
448 3235 463 3272 :
496 3217 605 3270 Τοῦ
637 3216 923 3274 Βασιλείου
942 3224 1015 3287 ,ἐν
1039 3224 1106 3293 τῇ
1142 3222 1412 3295 ἐκκλησίᾳ
1438 3205 1705 3289 ἐλθόντος,
1741 3222 1962 3292 καὶτῆς
1988 3222 2257 3293 ἀχράντου
2289 3219 2480 3283 Θυσίας
2513 3218 2838 3291 μεταλαϐεῖν
2867 3217 3239 3288 βουληθέντος,
3265 3217 3293 3268 ὁ
3314 3233 3423 3267 πα-

133 3308 411 3380 τριάρχης
450 3312 656 3376 Φὼτιος
678 3314 778 3385 τῆς
810 3313 961 3378 θείας
979 3315 1145 3369 αὐτὸν
1175 3318 1409 3388 ἀπεῖργε
1451 3314 1828 3387 μεταλήψεως,
1857 3315 2184 3385 ἀνδροφόνον
2211 3313 2501 3367 ἀποκαλῶν
2522 3314 2616 3365 καὶ
2640 3311 2844 3384 λῃστὴν
2868 3312 2964 3365 καὶ
2986 3314 3093 3363 τῶν
3137 3310 3423 3381 ἀχράντων

144 3400 475 3472 μυστηρίων
503 3403 721 3468 ἀνάξιον
745 3420 759 3434 ·
792 3405 879 3475 ἐφ’
904 3399 985 3468 οἷς
1019 3405 1297 3476 θυμωθεὶς
1324 3409 1353 3460 ὁ
1382 3405 1686 3470 Βασίλειος,
1712 3407 1775 3458 ἐκ
1822 3405 2040 3474 Ῥώμης
2069 3404 2409 3466 ἐπισκόπους
2448 3402 2625 3456 ἐλθεῖν
2653 3402 3058 3472 παρεσκεύασε,
3098 3403 3266 3472 τόμον
3296 3402 3423 3453 ἐπι-

140 3492 484 3559 φερομένους
507 3493 602 3546 τοῦ
638 3494 821 3558 πάπα,
846 3496 943 3549 κα)⁸
970 3496 1068 3551 τοῦ
1098 3495 1505 3569 πατριαρχικοῦ
1535 3494 1731 3567 θρόνου
1757 3492 1949 3549 τοῦτον
1978 3494 2274 3566 ἐξώθησεν,
2318 3496 2578 3566 Ἰγνάτιον
2609 3494 2669 3549 δὲ
2717 3495 2810 3548 τὸν
2852 3496 2911 3547 ἐν
2942 3494 3121 3561 ἁγίοις
3151 3492 3426 3563 πατριαρ⁴

137 3598 246 3649 χην
268 3584 692 3654 προεχειρίσατο
713 3586 774 3639 τὸ
804 3587 1079 3660 δεύτερον.
1114 3589 1355 3659 Utroque
1385 3588 1715 3643 Hamartolil

1854 3589 2029 3643 utitur
2059 3587 2302 3643 Zonaras
2327 3605 2438 3652 xw,
2464 3590 2517 3655 7,
2549 3590 2614 3644 8:
2647 3598 2703 3645 et
2731 3590 2973 3643 secundo
2999 3588 3218 3657 quidem
3250 3601 3425 3655 prope

138 3676 210 3728 ad
241 3673 503 3729 litteram.
566 3674 680 3733 Hac
738 3696 872 3735 vero
909 3697 1083 3752 super
1130 3698 1187 3737 re
1212 3680 1438 3753 legenda
1462 3691 1546 3736 est
1574 3679 1755 3736 Photii
1780 3681 2010 3750 epistola
2038 3681 2103 3736 97
2136 3682 2307 3752 (nunc
2340 3681 2462 3735 libri
2495 3698 2538 3746 ι,
2568 3682 2682 3751 16),
2710 3696 2833 3751 qua:
2859 3691 2943 3736 est
2960 3680 3139 3752 gravis
3164 3679 3428 3733 adversus

136 3772 409 3827 Basiliam
439 3771 809 3840 expostulatio
872 3776 940 3830 ab
962 3775 1161 3830 exsilio
1200 3776 1388 3830 missa.
1416 3774 1665 3843 Denique
1700 3789 1921 3841 moneo,
1956 3775 2125 3830 alium
2156 3790 2279 3831 esse
2295 3774 2552 3830 Photium
2580 3776 2912 3830 monachum
2948 3774 3245 3837 melodum,
3271 3774 3431 3842 cujus

137 3867 343 3937 exigua
380 3866 617 3939 στιχηρά
656 3875 787 3922 sunt
814 3866 870 3921 in
906 3868 1095 3923 codice
1128 3867 1391 3923 Vaticano
1411 3866 1539 3933 216,
1564 3883 1622 3938 p.
1649 3867 1703 3931 6,

1852 3884 1871 3922 ι
1907 3867 2156 3923 Palatino
2206 3869 2330 3936 158,
2362 3885 2416 3940 p.
2476 3871 2596 3926 6-8.
2634 3871 2805 3926 Porro
2845 3872 2933 3926 ille
2977 3857 3119 3925 πάνυ
3144 3887 3430 3941 nunquam

137 3958 253 4015 fuit
278 3960 588 4013 monachus
630 3977 644 4014 :
686 3959 788 4014 etsi
836 3960 1089 4030 juvenem
1124 3976 1184 4016 se
1219 3976 1248 4016 a
1281 3961 1584 4016 monastica
1605 3961 1717 4015 vita
1740 3976 1853 4016 non
1881 3960 2049 4017 fuisse
2070 3962 2335 4027 alienum,
2362 3962 2459 4019 sed
2488 3964 2636 4019 euris
2661 3964 3010 4020 saecularibus
3048 3965 3428 4035 prmpeditum,

142 4061 351 4107 narrat
407 4052 717 4108 Photiusin
766 4054 997 4125 epistola
1026 4056 1095 4111 ad
1148 4055 1446 4126 syncellum
1484 4053 1910 4122 Antiochenam,
1947 4070 2111 4126 quam
2146 4065 2202 4112 et
2251 4055 2436 4112 Graece
2494 4056 2695 4112 editam
2736 4057 2871 4122 scio,
2900 4066 2954 4113 et
2996 4073 3096 4128 ego
3147 4057 3200 4114 in
3250 4070 3435 4116 vetere

134 4145 343 4201 codice
374 4146 497 4218 lego
521 4147 621 4217 (7).

218 4237 367 4291 Ulim
421 4237 478 4292 iu
508 4237 829 4309 praefatione
855 4239 986 4293 torni
1011 4238 1176 4310 primi
1207 4236 1549 4309 Scriptorum
1584 4249 1721 4305 vet.,
1753 4240 1847 4295 ubi
1870 4239 1940 4294 de
1977 4238 2200 4295 ineditis
2236 4239 2418 4295 Photii
2471 4240 2689 4310 scriptis
2718 4241 2972 4309 disserui,
3008 4244 3141 4299 odas
3184 4245 3432 4314 ejusdem

135 4336 264 4381 tres
301 4326 756 4393 commemoravi,
796 4344 827 4382 a
867 4342 954 4382 me
989 4330 1043 4381 in
1078 4328 1468 4384 Barberiuiano
1495 4330 1684 4385 codice
1712 4330 2065 4396 observatas;
2098 4346 2329 4400 quarum
2367 4332 2423 4385 in
2452 4333 2635 4402 priore
2667 4333 2835 4389 Deum
2870 4337 3167 4406 alloquitur
3199 4338 3435 4394 Basilius

135 4423 378 4477 Macedo
406 4422 708 4492 imperator
740 4438 756 4488 ;
806 4422 862 4477 in
907 4421 1077 4476 altera
1107 4420 1366 4476 Basilium
1402 4421 1580 4492 ipsum
1626 4422 1761 4493 imp.
1795 4424 2095 4494 alloquitur
2115 4424 2397 4491 Ecclesia;
2426 4426 2479 4480 in
2513 4428 2671 4482 tertia
2699 4429 2915 4484 demum
2946 4430 3260 4501 imperfecta
3291 4431 3435 4486 idem

130 4514 389 4571 Basilius
408 4514 542 4585 imp.
574 4513 846 4569 laudatur.
878 4514 960 4569 En
992 4522 1177 4569 autem
1209 4513 1310 4569 has
1342 4514 1563 4570 demum
1594 4515 1728 4572 odas
1757 4531 1791 4572 a
1825 4516 1900 4572 cl.
1926 4516 2046 4574 viro
2085 4516 2147 4573 P.
2175 4517 2453 4590 Matrauga
2481 4520 2780 4593 exscriptas
2809 4523 3065 4580 exhibeo.

1763 4670 1828 4729 II.

553 4809 779 4865 Φωτίου
810 4806 1179 4880 πατριάρχου
1205 4806 1393 4878 ὕμνος
1435 4806 1507 4860 ἐκ
1552 4804 1878 4876 προσώπου
1910 4810 2244 4865 Βασιλειου
2276 4810 2608 4870 δεσπότου.
2638 4847 2709 4857 -
2728 4813 2924 4887 Ἦχος
2952 4823 3023 4872 α’.

1315 4920 1474 4994 (Aug.
1503 4916 1606 4975 MAI
1646 4917 1835 4990 Spicit.
1877 4921 2149 4993 RomJX,
2189 4925 2341 4997 759.)

596 5039 729 5094 Ἀπὸ
760 5039 985 5112 χειλέων
1014 5037 1184 5111 ὕμνον
2287 5043 2459 5109 Βάθος
2494 5062 2589 5098 σου
2618 5046 2717 5115 τῆς
2749 5046 2961 5113 σοφίας.

523 5131 828 5205 Προσφὲρω
852 5132 1031 5203 σοιτῷ
1062 5132 1293 5203 Κτίστῃ,
2210 5135 2510 5209 Κριμάτων
2534 5136 2630 5201 τὰς
2651 5138 2924 5201 ἀϐύσσους

534 5227 670 5282 Ἀπὸ
698 5227 929 5299 καρδίας
955 5227 1153 5299 βάθους
2214 5231 2311 5295 Τίς
2336 5230 2493 5299 λόγος
2526 5229 2839 5299 ἐξυμνήσει,

524 5321 616 5376 Σοὶ
644 5322 802 5387 δόξαν
830 5322 1164 5393 ἀναπέμπω.
2214 5324 2459 5377 Δέσποτα
2481 5326 2591 5378 τῶν
2618 5326 2908 5392 ἀπάντων;

783 5439 963 5495 Photii
997 5438 1320 5508 patriarcha:
1355 5436 1581 5508 hymnus
1613 5438 1668 5492 in
1697 5452 1918 5508 persona
1943 5434 2134 5493 Basilii
2163 5438 2522 5509 imperatoris.
2550 5472 2621 5482 ——
2646 5440 2755 5497 Ode
2778 5440 2826 5497 I.

227 5551 519 5625 Bymuum
546 5566 577 5606 e
606 5551 764 5607 labiis
792 5551 859 5605 ad
886 5560 937 5605 te
965 5550 1139 5622 dirigo
1164 5550 1509 5615 Creatorem,
1540 5565 1571 5605 e
1601 5550 1785 5606 cordis
1808 5550 2188 5620 penetralibus
2215 5552 2311 5608 tibi
2340 5553 2556 5610 laudem
2588 5558 2796 5614 emitto.

229 5647 549 5720 Sapientia:
579 5657 683 5703 tuce
713 5646 1067 5719 profundum,
1099 5646 1433 5718 judiciorum
1462 5646 1825 5719 abyssos’quis
1846 5661 2029 5705 sermo
2054 5648 2395 5721 praedicabit,
2432 5652 2815 5712 universorum
2851 5657 3121 5717 Domine?

1712 5785 1946 5845 NOTAE}.

229 5901 328 5975 (Ἰ)
352 5902 511 5959 Ctmf.
558 5903 622 5957 ad
650 5902 969 5973 Amphiloch
1000 5942 1012 5955 .
1044 5902 1165 5956 H30.
