4052 6416
258 404 358 472 581
1721 406 1858 468 CAR

1934 407 2088 471 INA.
3421 413 3529 478 582

695 522 1045 595 Φιλάνθρωπε
1066 523 1241 596 οίκτίρ
1251 541 1370 595 μον,
1877 530 1924 586 Α
2313 525 2632 591 ’Λπαύστως
2671 526 3005 598 εὐλογοῦμεν

621 617 726 670 Ἦν
752 616 959 680 ἔδωκας
985 617 1210 688 εἰρήνην
2289 615 2403 688 Τὴν
2427 617 2575 672 θείαν
2606 615 2908 687 βασιλεῖαν.

613 709 740 772 Τοῖς
781 708 944 770 θείοις
975 707 1314 772 ἀποστόλοις,
2371 706 2430 760 Ὀ
2465 707 2684 760 πάντων
2721 706 3020 778 βασιλεύων

609 801 899 872 Παράσχου
929 800 1006 872 τῷ
1027 799 1142 871 λαῷ
1173 817 1289 852 σου.
2293 799 2414 852 Τῶν
2434 799 2546 852 ἄνω
2569 800 2662 852 καὶ
2697 801 2806 854 τῶν
2835 800 3009 868 κάτω,

678 895 873 963 Χάριν,
901 893 968 964 ἣν
1002 891 1314 960 ἐπηγγείλω
2290 890 2386 953 Εἰς
2421 890 2479 942 σὲ
2509 892 2690 946 πᾶσαν
2724 891 2915 958 ἐλπίδα

613 986 720 1040 Τοῦ
763 985 1076 1056 ιινεύματος
1097 984 1378 1056 παρέξειν,
2289 977 2451 1046 Οἶδας
2479 983 2553 1046 ὡς
2581 983 2878 1056 ἀνεθέμην.

615 1076 1014 1146 Κατὰπεμψον,
1041 1070 1085 1129 ὦ
1113 1077 1365 1146 Πλάστης
2367 1077 2440 1129 Σὺ
2468 1074 2561 1130 οὖν
2585 1077 2660 1140 ὡς
2685 1078 2928 1148 Κτίστης
2956 1078 3180 1134 πάντων

626 1172 909 1226 Ἀπὰντων
939 1172 1034 1225 καὶ
1064 1171 1364 1240 Δεσπότης.
2289 1167 2422 1230 Θεὸς
2452 1169 2546 1221 καὶ
2575 1167 2840 1231 Βασιλεύς
2874 1185 2977 1239 μου

679 1265 842 1334 Ψυχῇ
874 1263 919 1316 ὣ
951 1263 1017 1318 ἂν
1054 1263 1152 1334 μιᾷ
1188 1279 1248 1314 σε
1312 1246 1333 1255 ’
2298 1263 2394 1314 Ὃν
2423 1261 2630 1324 ἔδωκας
2653 1260 2779 1314 λαόν
2815 1279 2904 1332 μοι

616 1358 731 1411 Καὶ
757 1355 959 1427 γνώσει
991 1356 1087 1410 καὶ
1118 1355 1316 1428 καρδίᾳ
2267 1355 2347 1426 Τῇ
2381 1353 2529 1425 δεξιᾷ
2557 1371 2648 1408 σου
2681 1354 2858 1424 ἄγοις.

319 1475 422 1540 Qui
450 1473 698 1528 homines
719 1487 871 1527 amas
900 1480 956 1526 et
985 1472 1285 1535 misereris,
1319 1487 1484 1543 quam
1507 1471 1705 1527 dedisti
1740 1485 1930 1542 pacem
1953 1469 2156 1525 divinis
2184 1469 2465 1540 apostolis,
2495 1469 2696 1539 populo
2731 1476 2824 1523 tuo
2870 1479 3090 1538 praesta.

307 1566 586 1630 .Gratiam,
613 1580 776 1634 quam
804 1563 1076 1635 pollicitus
1095 1580 1155 1619 es
1185 1565 1425 1635 Spiritus
1449 1574 1502 1619 te
1531 1563 1928 1635 przestiturum,
1959 1563 2166 1628 emitte,
2198 1577 2230 1618 0
2255 1561 2482 1616 Creator
2507 1562 2753 1615 omnium
2790 1569 2846 1615 et
2874 1562 3216 1617 Dominator.

320 1658 516 1712 Anima
545 1667 604 1711 ut
639 1672 766 1724 una,
793 1665 848 1712 et
875 1657 1192 1728 cognitione
1221 1665 1277 1712 et
1309 1658 1473 1713 corde
1501 1667 1766 1727 perpetuo
1795 1666 1847 1712 te
1878 1657 2184 1722 laudemus,
2215 1656 2464 1712 divinum
2496 1655 2738 1710 concede
2759 1670 3012 1725 regnum.

318 1753 424 1820 Qui
454 1755 708 1809 universa
742 1755 902 1826 regis,
930 1771 1054 1824 qua:
1083 1771 1300 1810 sursum
1327 1765 1384 1810 et
1417 1754 1672 1810 deorsum
1697 1763 1844 1820 sunt,
1872 1753 1925 1808 in
1961 1763 2012 1809 te
2042 1769 2196 1824 spem
2233 1752 2378 1807 nosti
2415 1766 2631 1807 onmem
2663 1759 2720 1804 ut
2749 1749 3051 1820 posuerim.

321 1843 404 1897 Tu
430 1859 579 1914 ergo,
609 1853 666 1898 ut
695 1844 941 1899 omnium
975 1845 1221 1910 Creator,
1253 1846 1398 1902 Deus
1421 1855 1476 1900 et
1507 1845 1624 1899 Rex
1655 1861 1831 1910 meus,
1857 1860 2020 1915 quem
2048 1843 2244 1900 dedisti
2267 1842 2399 1898 mihi
2432 1841 2697 1914 populum
2739 1842 2960 1894 dextera
2995 1850 3084 1894 tua
3107 1840 3328 1910 dirigas.

247 2002 366 2058 Τοῦ
437 2003 626 2060 αὑτοῦ
673 2005 863 2076 ὕμνος
917 2007 988 2062 ἐκ
1047 2007 1376 2076 προσώπου
1417 2006 1530 2078 τῆς
1588 2008 1963 2097 Ἕκξιλησιάςῖ
2001 2009 2086 2076 είς
2141 2007 2470 2062 Βασίλειον
2511 2003 2620 2058 τὸν
2678 2004 3078 2075 φιλόχριστον
3117 1999 3405 2064 βασιλέα.
3445 2025 3517 2040 -

1715 2080 1879 2148 Ηχος
1911 2084 1989 2132 α’.

681 2187 1122 2260 Ἀκουτισθῶμεν
1149 2191 1351 2254 πάντες
1861 2203 1902 2258 Β
2290 2192 2401 2263 Τὴν
2425 2191 2620 2246 ἕνωσιν
2649 2190 2747 2262 τὴν
2773 2189 2979 2244 τούτων

599 2280 711 2350 Τῆς
739 2282 1008 2352 βασιλίδος
1037 2282 1276 2354 νύμφης,
1971 2289 1977 2294 ’
2286 2284 2535 2355 Φαιδρῶς
2566 2283 2944 2354 πανηγυρίζω.

605 2376 844 2448 Χριστοῦ
873 2378 972 2448 τῆς
1016 2377 1364 2448 Ἑκκλησίας,
2351 2375 2669 2447 Θυγατέρες
2699 2375 2985 2448 παρθένοι,

596 2470 891 2532 Μυστικῶς
917 2469 1292 2541 ὑπαρχούσης.
2283 2468 2562 2530 Νεάνιδες.
2597 2470 2654 2520 ἐν
2687 2468 2824 2538 οἴκῳ

671 2562 873 2634 Βουλὴν
917 2563 1180 2634 Ὑψίστου
1218 2563 1400 2634 μένειν
2285 2563 2567 2632 Ζητὴσατε
2607 2560 2842 2632 ᾀδούσας

597 2655 690 2718 Εἰς
715 2656 808 2711 τὸν
840 2655 1012 2710 αἰῶνα
1037 2655 1235 2725 γνῶτε,
2283 2653 2392 2707 Τοῦ
2416 2655 2636 2707 πάντων
2668 2651 2956 2724 βασιλέως.

599 2749 801 2813 Βουλὰς
827 2749 883 2802 δὲ
915 2749 1023 2801 τῶν
1056 2746 1362 2820 ἀνθρώπων
2366 2745 2495 2800 Ἰδού
2531 2763 2598 2812 με
2625 2745 2817 2815 ὥσπερ
2847 2743 3007 2797 ἄλλον

597 2843 670 2895 Τὸ
693 2841 912 2912 βέϐαιον
947 2841 1046 2893 οὐκ
1084 2839 1252 2910 ἔχειν.
1793 2869 1797 2873 -
2276 2837 2520 2910 υύρανδν
2549 2835 2969 2907 ὲξαστράπτειν,

666 2931 837 2985 Γενεὰ
865 2931 1144 2982 ἐπαινέσει
2291 2933 2419 2995 Τοῖς
2444 2929 2678 3002 ἀστράσι
2707 2931 2818 2992 τοῖς
2849 2927 3060 2990 τέκνοις

594 3024 704 3096 Τὴν
735 3023 832 3096 σὴν
865 3023 1278 3095 μεγαλωσύνην.
2240 3050 2248 3056 ·
2277 3024 2572 3080 Καλλύνων
2596 3024 2624 3076 ὁ
2645 3020 2944 3090 Δεσπότης.

594 3119 704 3170 Καὶ
723 3117 885 3186 γενεὰ
911 3116 1134 3188 λαλήσει
2355 3119 2719 3172 Κατάπαυσον
2748 3115 2839 3168 τὸν
2875 3114 3064 3181 κόπον,

594 3209 712 3262 Σῶν
741 3210 916 3279 ἔργων
938 3210 1036 3272 τὰς
1059 3208 1339 3278 δυνάμεις.
2289 3210 2502 3281 Ἰἰνίοχε
2535 3209 2772 3280 ἡμέρας

665 3301 851 3365 Διδοὺς
886 3301 1369 3372 συντετριμμένοις
2286 3305 2584 3357 Ἀνέτειλεν
2608 3305 2718 3374 γὰρ
2745 3302 2907 3365 ἄλλος

599 3395 870 3466 Βραχίονα
903 3397 996 3448 καὶ
1018 3395 1240 3465 κράτος,
2278 3396 2468 3460 Ἰίλιος
2503 3399 2582 3460 εἰς
2606 3397 2696 3450 τὸν
2722 3397 2948 3466 κόσμον.

601 3490 711 3544 Καὶ
745 3489 1041 3543 κατασπῶν
1066 3488 1255 3557 ἐδάφει
1853 3549 1888 3557 _
2344 3488 2552 3557 Δύχνον
2579 3488 2672 3541 τὸν
2702 3487 2844 3541 θεῖον
2884 3488 3054 3542 πᾶσιν

607 3581 809 3651 Ὀφρὺν
840 3579 938 3650 τὴν
961 3549 1300 3650 ἐπηρμένην.
1823 3549 1889 3614 σε
2294 3580 2381 3632 Ἐν
2414 3549 2567 3650 μέσῳ
2598 3579 2696 3647 τῆς
2722 3578 2944 3650 λυχνίας

675 3670 938 3740 Ἐξὰρχου
970 3670 1069 3739 τῆς
1098 3669 1320 3741 χορείας
2278 3672 2546 3742 ὐρῶντες
2575 3670 2962 3742 δᾳδουχοῦντα,

595 3763 759 3816 Δαὸίδ
778 3779 792 3792 ⁸
822 3763 906 3827 τίς
932 3763 1246 3833 ἐξαγγέλλει
2271 3765 2414 3829 Δαδς
2443 3764 2578 3818 Θεοῦ
2611 3765 2930 3836 εὐφραίνου.

588 3855 700 3918 Τὰς
729 3855 1068 3920 δυναστείας,
1096 3854 1244 3926 ᾅδων
2339 3856 2748 3925 Μεγαλύνωμεν
2775 3855 2916 3926 ἅμα,

593 3948 704 4013 Τὴν
728 3949 936 4002 αίνεσιν
963 3949 1170 4020 Κυρίου
1190 3965 1209 4016 ;
2269 3949 2586 4019 Δίνέσωμεν
2609 3947 2864 4018 βοῶντες,

658 4042 904 4114 Ζήτησον
929 4042 1200 4116 μελῳδούς
1227 4059 1322 4097 σου
2276 4042 2341 4095 Ἦ
2369 4041 2652 4105 ἀλλοίωσις
2678 4040 2820 4112 αὕτη

590 4132 915 4204 Συνκρούειν
939 4136 1038 4207 τὴν
1063 4135 1313 4207 κινύρανο
1381 4189 1384 4192 ι
2273 4135 2434 4200 Δεξιὰ
2458 4137 2551 4188 τοῦ
2587 4133 2865 4204 Ὑψίστου.

598 4225 814 4296 Ἡμέρα
841 4227 1033 4299 ἑορτῆς
1060 4228 1169 4298 γὰρ
2338 4225 2445 4277 Ναὶ
2471 4225 2558 4296 δὴ.
2590 4226 2685 4278 καὶ
2708 4225 2974 4296 βασιλέως

597 4317 868 4390 ’Υπὰρχει
896 4319 991 4372 τοῦ
1020 4319 1319 4377 Δεσπότου.
2268 4317 2495 4388 Κεφαλῇ
2519 4320 2583 4388 τῇ
2615 4319 2750 4390 ἁγίᾳ

673 4410 738 4462 Ἱι
771 4411 903 4480 πρὶν
926 4409 1273 4481 ἁλγυνομένη
2269 4409 2377 4463 Τοῦ
2407 4409 2566 4478 λόγου
2598 4409 2658 4476 ἐξ
2679 4409 2888 4466 ἀνθέων

577 4501 668 4573 Τῷ
691 4503 1007 4574 σπαραγμῷ
1037 4501 1145 4556 τῶν
1168 4503 1398 4566 τέκνων,
2267 4503 2515 4572 Διάδημα
2544 4502 2853 4559 πλεκέσθω.

533 4615 784 4686 Ejusdem
803 4619 1025 4690 hymnus
1047 4619 1105 4672 in
1132 4636 1354 4688 persona
1386 4619 1629 4676 Ecclesia:
1659 4621 1714 4675 in
1737 4621 1997 4677 Basiliam
2022 4621 2219 4678 Christi
2251 4622 2480 4675 amicum
2512 4622 2904 4690 imperatorem.
2924 4651 2997 4664 ——
3018 4621 3126 4679 Ode
3147 4622 3194 4677 Ι.

291 4738 598 4795 Audiamus
621 4756 812 4797 omnes
840 4745 1042 4817 regiam
1073 4762 1352 4817 sponsam,
1381 4745 1585 4801 Christi
1609 4744 1931 4813 Eeclesiam,
1966 4747 2199 4818 mystice
2231 4745 2612 4800 exsistentem.

291 4831 598 4886 Consilium
622 4833 889 4891 Altissimi
917 4839 972 4892 in
1005 4849 1270 4894 aaternum
1299 4856 1521 4895 manere
1550 4840 1766 4906 scitote,
1799 4839 2032 4896 consilia
2061 4849 2242 4894 autem
2270 4838 2557 4893 hominum
2580 4837 2891 4892 ﬁrmitatem
2919 4852 3028 4890 non
3062 4833 3284 4888 habere.

291 4925 595 4981 Generatio
625 4926 872 4983 laudabit
895 4938 1040 4984 tuam
1072 4931 1524 5002 magnitudinem,
1561 4941 1618 4988 et
1644 4933 1928 5004 generatio
1955 4932 2210 5002 loquetur
2229 4947 2460 5002 operum
2486 4940 2703 4986 tuorum
2737 4930 2986 4985 virtutes.

293 5015 503 5070 Dedisti
531 5017 614 5071 his
647 5019 738 5088 qui
769 5021 986 5075 contriti
1022 5032 1148 5076 sunt
1177 5022 1464 5077 brachium
1495 5031 1548 5079 et
1578 5023 1904 5094 potentiam,
1933 5033 1990 5080 et
2017 5024 2086 5080 ad
2121 5023 2296 5079 solum
2331 5021 2582 5094 deiecisti
2607 5024 2702 5092 qui
2728 5019 2964 5075 frontem
2993 5017 3346 5074 extollebant.

289 5113 632 5184 Principium
658 5132 718 5171 es
741 5115 958 5172 Davidis
981 5119 1176 5175 cantici
1201 5137 1216 5188 ;
1245 5121 1368 5190 quis
1396 5120 1712 5192 praedicabit
1735 5121 2029 5192 potentias,
2061 5137 2269 5176 canens
2297 5120 2512 5175 Domini
2534 5117 2793 5175 laudem?

289 5210 487 5272 Quaere
521 5208 763 5265 musicos
787 5212 880 5265 tibi
907 5212 1144 5282 Cinyram
1168 5213 1470 5282 pulsantes,
1502 5215 1623 5271 dies
1649 5215 1796 5272 enim
1820 5215 1994 5271 festus
2021 5214 2385 5270 Dominatoris
2413 5214 2613 5286 agitur.

288 5305 422 5363 Quae
452 5311 613 5355 antea
652 5312 814 5372 rupta
840 5312 956 5357 erat
988 5305 1304 5359 turbatione
1332 5304 1595 5374 ﬁliorum,
1619 5322 1810 5362 eorum
1841 5321 1994 5361 nunc
2021 5307 2374 5362 concordiam
2406 5306 2659 5359 lietanter
2691 5301 3047 5358 concelebro.

289 5391 496 5447 l-‘uella:
521 5395 786 5466 virgines,
809 5396 1061 5463 juvenes,
1096 5396 1153 5452 in
1187 5398 1352 5456 domo
1379 5401 1606 5471 quazrile
1628 5416 1749 5471 qua:
1779 5408 1981 5455 canant
2006 5401 2389 5455 universorum
2417 5398 2642 5468 Regem.

287 5487 434 5540 Ecce
466 5502 577 5548 me,
617 5497 675 5542 ut
702 5489 866 5542 alium
897 5491 1097 5544 coelum
1129 5493 1497 5562 splendidam,
1529 5492 1655 5548 {iliis
1679 5501 1738 5547 ut
1762 5493 1928 5549 astris
1958 5494 2183 5549 decorat
2205 5492 2521 5563 imperator.

287 5579 528 5644 Quiesce
552 5595 582 5634 a
614 5581 819 5647 labore,
842 5584 1028 5654 auriga
1049 5585 1178 5650 diei,
1211 5595 1366 5640 ortus
1391 5595 1478 5640 est
1505 5587 1650 5641 enim
1679 5587 1759 5642 sol
1791 5587 1928 5643 alius
1957 5587 2011 5641 in
2040 5587 2329 5642 mundum.

287 5670 496 5725 Lucem
527 5672 764 5728 divinam
789 5677 1046 5732 omnibus
1081 5678 1348 5748 lampadis
1377 5679 1436 5733 in
1465 5680 1644 5736 medio
1673 5682 1986 5736 illucentem
2021 5688 2334 5744 cernentes,
2359 5678 2454 5734 Dei
2487 5679 2707 5750 popule,
2739 5681 2990 5752 gaudete.

289 5765 703 5838 lllagniticemus
731 5769 914 5837 simul,
938 5770 1228 5826 laudemus
1255 5773 1620 5830 acclamantes
1655 5792 1668 5829 :
1693 5776 1821 5830 llaac
1860 5774 2094 5829 mutatio
2120 5782 2206 5830 est
2235 5773 2474 5828 dextera:
2497 5773 2728 5830 Excelsi.

286 5855 370 5912 ita
404 5859 647 5930 quidem,
679 5870 732 5914 et
763 5862 1105 5935 imperatoris
1135 5874 1326 5922 sancto
1358 5865 1521 5936 capiti
1561 5882 1591 5922 e
1619 5881 1930 5923 sermonum
1964 5865 2188 5922 ﬂoribus
2215 5864 2467 5920 diadema
2495 5871 2842 5923 contexatur.
