3996 6418
566 326 665 433 .537

1696 370 1955 432 PHOTII
1994 368 2497 430 PATBIARCH/E
2551 370 2658 430 (ΣΡ.

3716 366 3821 433 588

554 458 894 537 ostendisset
937 520 951 545 ,
992 496 1055 535 ac
1108 481 1336 536 multum
1384 480 1621 550 undique
1673 480 1948 551 specimen
2004 479 2128 533 dile-

2243 477 2495 548 ἀληθινὸν
2545 478 2677 531 Θεόν
2736 476 2895 547 ἡμῶν
2925 475 3360 547 ἐπιδεδειγμένος
3414 475 3672 543 πίστεως,
3722 478 3817 530 καὶ

564 572 764 627 ctionis
807 571 862 626 in
910 586 1035 626 eum
1086 572 1326 627 dedisset
1359 587 1375 625 :
1410 575 1563 641 quasi
1595 571 1910 625 coronidem
1954 586 2137 625 rerum

565 663 821 732 praeclare
868 663 935 717 ab
980 678 1048 717 eo
1082 672 1355 733 gestarum
1389 672 1447 716 et
1488 670 1830 731 peractarum
1876 661 2135 731 pascendi

566 753 926 821 ministerium
971 753 1281 824 dignatione
1325 753 1567 823 magistri
1613 753 1874 823 suscepit.
1904 752 1972 807 Et
2006 767 2139 808 vero

564 859 724 899 servo
777 845 891 900 scio
951 844 1206 899 concredi
1279 846 1575 910 talentum,
1619 859 1854 914 eumque
1918 854 2141 914 propter

565 951 746 989 meum
784 935 1077 989 Dominicae
1119 934 1423 989 severitatis
1448 935 1835 1002 occultantem,
1862 950 1963 990 nec
1994 935 2140 990 unde

562 1025 667 1079 sibi
712 1023 858 1094 quod
892 1024 1157 1079 creditum
1204 1030 1355 1088 erat,
1386 1024 1644 1080 excideris
1686 1025 2037 1095 diriperetur,
2074 1040 2139 1081 ac

564 1124 851 1185 propterea
905 1115 1169 1169 talentum
1216 1124 1272 1169 et
1308 1116 1400 1185 qui
1445 1115 1673 1171 dederat
1715 1117 2137 1188 multiplicatum

562 1226 670 1263 non
703 1209 953 1273 reddidit,
978 1209 1242 1263 rationem
1275 1211 1344 1264 ab
1369 1225 1435 1265 eo
1464 1212 1695 1280 reposci,
1723 1226 1957 1284 eumque
1997 1213 2135 1283 ignis

560 1317 623 1356 ac
638 1302 899 1372 gehenna:
915 1301 1422 1357 condemnationem
1440 1302 1643 1358 subire.

631 1568 831 1623 Verum
861 1582 958 1624 cur
988 1568 1106 1623 haec
1139 1583 1169 1623 a
1196 1582 1282 1623 me
1304 1568 1637 1633 scribuntur,
1660 1576 1716 1623 et
1737 1566 1917 1639 gliscit
1955 1566 2131 1632 dolor,

558 1670 613 1716 et
661 1660 908 1715 molestia
957 1660 1281 1721 intenditur,
1338 1668 1393 1713 et
1447 1657 1680 1712 turbatio
1735 1656 2131 1728 investigatur?

559 1751 693 1805 Nam
719 1750 976 1804 memoria
1000 1765 1181 1804 rerum
1203 1749 1484 1803 anxiarum
1512 1749 1713 1803 malum
1741 1748 1923 1805 acrius
1946 1749 2129 1813 eﬂicit,

2238 570 2442 640 πολλὴν
2469 570 2801 639 πανταχόθεν
2830 570 2929 640 τὴν
2954 571 3148 641 πεῖραν
3172 569 3270 639 τῆς
3301 569 3382 632 είς
3409 568 3574 621 αὐτὸν
3595 568 3821 639 ἀγάπης

2239 663 2504 726 δεδωκὼς,
2531 661 2719 731 ὥσπερ
2745 663 2866 715 τινὰ
2914 660 3182 732 κορωνίδα
3234 660 3346 715 τῶν
3379 660 3617 731 πρόσθεν
3666 660 3820 729 αὐτῷ

2240 752 2420 812 καλῶς
2467 750 2871 821 πεπραγμένων
2908 768 2968 804 τε
2997 753 3093 805 καὶ
3120 752 3514 821 διηνυσμένων,
3566 748 3668 821 τὴν
3698 768 3821 804 ποι-

2242 842 2510 913 μαντικὴν
2556 846 2693 913 πρὸς
2741 842 2836 894 τοῦ
2874 841 3196 895 διδασκάλου
3235 840 3451 911 ἠξιοῦτο
3475 839 3819 911 λειτουργίαν

2240 932 2619 997 ἀναδέξασθαι.
2661 932 2820 987 Ἀλλά
2848 931 2953 1003 μὴν
2968 932 3063 985 καὶ
3081 931 3263 986 δοῦλον
3285 928 3403 986 οἶδα
3419 932 3822 986 καταπιστευόσ

2247 1040 2406 1093 μενον
2432 1022 2693 1077 τάλαντον
2715 1063 2731 1089 ,
2785 1024 2879 1077 καὶ
2910 1023 2980 1076 δι’
3023 1023 3311 1078 εὐλάϐειαν
3346 1024 3445 1095 τῆς
3476 1023 3818 1091 Δεσποτικῆς

2237 1116 2538 1188 αὐστηρίας
2568 1114 3039 1184 κατακρύπτοντα,
3068 1117 3153 1169 ἴνα
3178 1114 3420 1185 μήποθεν
3446 1114 3595 1185 αύτῷ
3621 1114 3685 1167 τὺ
3712 1117 3817 1182 ἑμ-

2239 1208 2524 1261 πιστευθὲν
2553 1208 2808 1262 διαπεσδν
2833 1210 3180 1278 ἀνάρπαστον
3210 1208 3435 1276 γένηται
3453 1247 3469 1271 ,
3501 1208 3595 1261 καὶ
3624 1209 3707 1260 ὅτι
3737 1206 3814 1277 μὴ

2230 1300 2296 1363 ,τὸ
2327 1300 2587 1353 τάλαντον
2622 1299 2699 1369 τῷ
2742 1299 2993 1354 δεδωκότι
3052 1300 3477 1371 πλειστηριάσας
3530 1298 3813 1352 ἀπέδωκεν

2240 1390 2471 1452 εὐθύνας
2496 1391 2980 1461 είσπραττόμενον,
3034 1390 3130 1444 καὶ
3163 1390 3273 1462 πῦρ
3323 1390 3413 1444 καὶ
3458 1390 3687 1458 γέενναν
3712 1389 3814 1459 τὴν

2240 1482 2536 1552 καταδίκην
2566 1480 2953 1552 ὑφιστάμενον.

2321 1573 2480 1627 Ἀλλὰ
2505 1573 2557 1627 τί
2581 1571 2750 1626 ταῦτά
2773 1590 2863 1644 μοι
2880 1573 3173 1646 γράφεται,
3194 1575 3288 1628 καὶ
3312 1573 3372 1627 τὺ
3400 1575 3623 1645 ἄλγημα
3650 1575 3814 1641 a552-

2231 1686 2341 1734 ται,
2375 1668 2471 1721 καὶ
2497 1667 2558 1721 τὸ
2580 1667 2820 1739 λυπηρὸν
2857 1668 3205 1733 ἐπιτείνεται,
3236 1670 3330 1722 καὶ
3350 1668 3664 1737 τὸδιοχλοῦν
3710 1672 3809 1722 ἀν-

2238 1760 2544 1829 ιχνεύεται;
2577 1762 2764 1832 μνήμη
2791 1760 2899 1829 γὰρ
2926 1760 3035 1812 τῶν
3064 1759 3303 1829 ἀνιαρῶν
3328 1758 3582 1830 ὀξύτερον
3610 1759 3675 1812 τὸ
3700 1758 3809 1812 πτά-

558 1860 624 1900 ac
655 1843 926 1899 sublevari
964 1859 1075 1897 non
1104 1842 1232 1897 sinit
1278 1856 1588 1897 maerorem.
1616 1841 1684 1895 At
1716 1841 1862 1897 enim
1890 1841 2029 1896 hanc
2061 1841 2128 1896 ob

2236 1853 2325 1915 θος
2353 1829 2859 1921 ἀπεργάζεται,ήκαὶ
2888 1851 3236 1919 κουφίζεσθαι
3270 1851 3370 1921 τὴν
3403 1829 3678 1923 ρᾳθυμίαν
3707 1850 3809 1903 οὐκ

559 1952 778 1991 causam
821 1951 1009 1990 eorum
1045 1951 1165 2004 quae
1204 1935 1520 1991 acciderunt
1568 1936 1823 2006 tragoedia
1868 1935 2021 2005 quasi
2072 1936 2125 1989 in

555 2043 723 2083 scena
755 2038 874 2083 acta
904 2037 1007 2095 est,
1046 2036 1106 2081 ut
1143 2027 1337 2081 vestris
1378 2026 1736 2089 orationibus,
1764 2026 1951 2080 nescio
1990 2041 2129 2096 quo-

559 2119 721 2174 modo
752 2118 1017 2173 creditum
1056 2117 1213 2172 nobis
1256 2133 1470 2189 gregem
1504 2118 1725 2186 pulchre
1762 2118 2010 2173 videntes
2043 2117 2127 2187 agi

558 2220 613 2265 et
656 2209 945 2280 gubernari
979 2208 1304 2263 ofﬁcientem
1354 2208 1512 2262 nobis
1553 2207 1881 2263 diﬂicultatis
1924 2209 2127 2264 nubem

556 2298 930 2362 discutiamus,
963 2306 1018 2353 et
1045 2297 1253 2352 inertiae
1286 2296 1571 2369 caliginem
1600 2296 1942 2368 elfugiamus.
1966 2299 2127 2355 Novit

554 2391 726 2454 enim,
759 2390 910 2445 novit
941 2389 1291 2460 gubernatori
1323 2390 1563 2445 secundo
1598 2401 1763 2446 vento
1800 2393 1956 2447 navis
1998 2409 2125 2447 cur-

558 2496 707 2546 rens,
745 2496 810 2535 ac
846 2480 1063 2552 egregie
1080 2480 1465 2553 gubernaculis
1483 2493 1630 2536 recta
1653 2483 1890 2537 lzetitiam
1910 2482 2123 2548 aﬂ‘erre,

555 2582 611 2627 et
650 2572 900 2627 Ecclesia:
928 2578 1102 2629 emtas
1128 2574 1348 2644 pietate,
1375 2574 1775 2646 virtutibusque
1818 2577 2125 2631 exuberans

557 2665 869 2734 prmfcctum
891 2675 945 2721 et
966 2676 1237 2736 pastorem
1259 2666 1473 2722 allicere
1493 2668 1790 2738 voluptate,
1816 2676 1872 2723 et
1889 2668 2123 2735 efficere,

558 2769 617 2813 ut
671 2760 895 2815 incerta:
952 2762 1171 2826 mentis,
1233 2762 1537 2834 inopiaque
1604 2764 1818 2822 consilii
1868 2764 2125 2820 nebulam

531 2883 537 2891 υ
558 2850 856 2921 abstergat.

626 3103 807 3174 Nuper
858 3105 1039 3175 itaque
1082 3121 1203 3161 cum
1256 3108 1321 3172 is,
1377 3110 1461 3164 cui
1514 3120 1639 3164 ante
1679 3127 1779 3167 nos
1822 3116 2124 3173 sacerdotio

554 3192 704 3265 fungi
753 3194 1038 3261 obtigerat,
1085 3210 1151 3249 eo
1200 3198 1406 3252 honore
1441 3201 1667 3255 abiisset
1705 3220 1716 3254 :
1754 3207 1942 3260 nescio
1984 3225 2123 3278 quo-
2153 3182 2196 3240 ϐ

556 3284 722 3338 modo
754 3285 967 3354 impulsi
1012 3302 1205 3357 magna
1262 3306 1348 3344 me
1394 3291 1442 3344 vi
1474 3293 1875 3361 aggrediuntur,
1925 3308 1979 3352 et
2033 3300 2127 3369 qui

553 3376 919 3429 censebantur
952 3377 1004 3429 in
1038 3379 1205 3441 clero,
1235 3390 1290 3434 et
1327 3386 1709 3455 episcoporum
1752 3392 2129 3460 metropolita-

540 3481 748 3520 norum
788 3478 1110 3535 conventus,
1164 3481 1219 3525 et
1246 3483 1373 3527 ante
1405 3475 1523 3541 bos,
1561 3494 1794 3549 cumque
1827 3481 1892 3535 iis
1922 3482 2127 3551 pietate

553 3567 816 3628 praestans
855 3558 1239 3631 Christumque
1259 3564 1488 3636 diligens
1513 3568 1825 3638 imperator,
1850 3574 1906 3625 in
1935 3589 2128 3629 omnes

551 3647 769 3716 quidem
806 3648 1072 3720 benignus
1102 3661 1158 3706 et
1179 3668 1367 3723 aequus
1390 3665 1445 3711 et
1477 3657 1760 3714 humanus
1782 3662 1931 3731 (quid
1957 3664 2128 3718 enim?

552 3753 741 3791 verum
778 3740 1070 3795 dicendum
1094 3759 1202 3798 non
1231 3747 1387 3818 est?)
1430 3764 1534 3804 nec
1574 3766 1906 3822 quemquam
1934 3770 2123 3811 eorum

551 3832 642 3899 qui
665 3841 793 3886 ante
832 3833 1005 3901 ipsum
1031 3835 1368 3907 imperarunt
1395 3842 1648 3910 aequitate
1666 3859 1848 3913 parem
1882 3847 2122 3916 habens;

540 3918 686 3972 mihi
701 3936 834 3974 vero
861 3930 973 3976 tum
990 3924 1319 3981 inhumanus
1339 3929 1554 3998 quidem
1578 3932 1726 3987 visus
1750 3947 1814 3989 ac
1834 3934 2121 4003 violentus,

550 4010 955 4083 admodumque
984 4014 1376 4075 formidandus.
1408 4020 1458 4075 ls
1500 4023 1647 4077 enim
1678 4040 1785 4080 una
1815 4042 1941 4082 cum
1971 4044 2121 4083 com-

550 4115 852 4156 memorato
895 4107 1236 4161 sacerdotum
1276 4119 1422 4165 cmtu
1460 4112 1595 4166 nihil
1634 4116 1943 4173 remittebat
1971 4119 2038 4174 de
2070 4120 2120 4174 vi

551 4202 606 4246 et
636 4192 989 4262 impressione
1025 4199 1158 4252 mihi
1191 4199 1474 4269 facienda,
1516 4206 1610 4258 sed
1645 4209 1994 4276 quamobrem
2032 4227 2120 4266 me

545 4282 875 4339 dimissurus
903 4304 1006 4340 non
1038 4299 1202 4356 esset,
1232 4293 1578 4350 excusatione
1608 4298 1859 4353 utebatur
1885 4316 2119 4357 consen-

552 4375 737 4431 tientis
806 4380 1147 4434 sacerdotum
1216 4382 1510 4440 voluntatis
1563 4398 1618 4442 et
1667 4393 1868 4460 studii;
1951 4410 2118 4464 seque

2236 1942 2528 1996 ἐνδίδωσιν.
2574 1941 2734 1997 Ἀλλά
2752 1942 2858 2013 γάρ
2888 1941 3089 2010 ταύτης
3129 1943 3291 1995 ἕνεκα
3337 1942 3439 2012 τῆς
3472 1942 3656 2006 αἰτίας
3698 1942 3808 1995 τῦν

2237 2033 2656 2103 συμϐεϐηκότων
2698 2035 2732 2103 ή
2784 2033 3061 2102 τραγῳδία
3098 2033 3593 2103 διεσκηνοποίηται,
3635 2033 3713 2096 ὡς
3743 2034 3807 2086 ἂν

2232 2126 2353 2185 ταῖς
2386 2124 2675 2195 ὑμετέραις
2701 2124 2889 2194 εὐχαῖς
2920 2123 3000 2190 τὸ,
3023 2124 3121 2177 οὐκ
3146 2118 3242 2177 οἷδ’
3283 2124 3430 2187 ὅπως
3469 2125 3666 2186 εἰπεῖν,
3699 2124 3805 2194 ἑμ-

2236 2216 2520 2269 πιστευθὲν
2553 2217 2684 2287 ἡμῖν
2718 2215 2968 2286 ποίμνιον
2998 2215 3177 2280 καλῶς
3205 2216 3439 2287 ὁρῶντες
3460 2215 3804 2285 ποδηγούμεσ

2233 2310 2322 2363 νόν
2353 2326 2412 2362 τε
2442 2309 2537 2362 καὶ
2565 2308 2997 2380 κυϐερνώμενον,
3034 2309 3094 2363 τὸ
3114 2308 3481 2379 ἐπιπροσθοῦν
3525 2310 3660 2379 ἡμῖν
3705 2308 3805 2377 τῆς

2234 2400 2542 2469 ἀμηχανίας
2585 2401 2746 2469 νέφος
2802 2400 3306 2470 ἀποσκευασώμεθα
3326 2440 3342 2465 ,
3382 2400 3479 2453 καὶ
3508 2401 3609 2471 τὴν
3636 2400 3804 2469 ἀχλὺν

2232 2490 2332 2559 τῆς
2364 2492 2632 2562 ῥᾳθυμίας
2658 2493 3091 2563 ὑπεκφύγοιμεν.
3125 2488 3247 2545 Οίδε
3266 2493 3397 2563 γὰρ,
3439 2488 3548 2545 οἶδε
3576 2494 3673 2545 καὶ
3700 2510 3802 2544 κυ-

2232 2582 2469 2653 ϐερνήτῃ
2501 2583 2679 2645 καλῶς
2706 2585 2765 2635 τὸ
2800 2584 3004 2653 σκάφος
3033 2583 3423 2655 ούριοδρομοῦν
3466 2599 3527 2635 τε
3560 2584 3657 2637 καὶ
3695 2602 3802 2653 πη-

2230 2672 2680 2742 δαλιουχούμενον
2710 2673 2973 2742 εὐθυμίας
3001 2674 3362 2729 καθίστασθαι
3393 2677 3674 2744 πρόξενον,
3705 2675 3799 2727 καὶ

2230 2765 2291 2820 τδ
2321 2766 2419 2837 τῆς
2466 2765 2788 2835 Ἐκκλησίας
2834 2765 3110 2838 πλήρωμα
3153 2768 3401 2837 εὐσεϐείᾳ
3441 2769 3538 2821 καὶ⁴
3578 2768 3800 2837 ἀρεταξ

2229 2857 2622 2929 εὐθηνούμενον
2648 2859 2739 2913 τὸν
2763 2859 3100 2930 ἐφεστηκότα
3137 2860 3230 2914 καὶ
3272 2861 3529 2931 κριθέντα
3573 2860 3797 2929 ποιμαί-

2229 2966 2360 3015 νειν,
2390 2949 2701 3021 εὐφραίνειν
2731 2968 2811 3016 τε,
2842 2952 2934 3003 καὶ
2958 2951 3021 3003 τὸ
3045 2951 3141 3021 τῆς
3172 2952 3480 3022 ἀμηχανίας
3502 2952 3797 3023 ὁμιχλῶδες

2229 3040 2669 3108 παρασκευάζειν
2697 3040 3122 3111 ἀποτρίψασθαι.

2266 3131 2422 3200 ’Δρτι
2447 3130 2734 3201 τοιγαροῦν
2756 3130 2847 3182 τοῦ
2883 3131 2989 3200 πρὸ
3020 3132 3176 3201 ἡμῶν
3201 3132 3497 3203 ἱερατεύειν
3524 3132 3795 3203 λαχόντος,

2227 3220 2325 3288 τῆς
2356 3221 2611 3290 τοιαύτης
2645 3219 3026 3284 ὐπεξελθὸντος
3053 3221 3230 3287 ἀξίας.
3262 3223 3361 3277 οὐκ
3403 3219 3500 3276 οἷδ’
3527 3224 3677 3286 ὅπως
3708 3226 3799 3292 δρ-

2227 3311 2492 3382 μηθέντες
2521 3311 2851 3366 ὲπιτίθενταί
2897 3331 2986 3383 μοι
3032 3315 3330 3385 κραταιῶς,
3366 3316 3481 3369 ὅσοι
3526 3334 3583 3369 τε
3615 3316 3798 3388 κλήρῳ

2226 3400 2636 3470 κατειλεγμένοι
2662 3402 2973 3473 ἐτύγχανον,
3006 3405 3099 3457 καὶ
3131 3404 3241 3458 τῶν
3280 3407 3598 3460 ἐπισκόπων
3620 3425 3680 3460 τε
3705 3412 3798 3463 καὶ

2229 3490 2639 3560 μητροπολιτῶν
2662 3492 2722 3545 τὸ
2756 3493 3047 3563 ἄθροισμα,
3085 3495 3181 3545 καὶ
3210 3495 3318 3563 πρό
3347 3512 3412 3563 γε
3453 3497 3665 3551 τούτων
3705 3498 3798 3551 καὶ

2229 3578 2325 3631 σὺν
2367 3579 2551 3643 αὐτοῖς
2593 3583 2621 3635 6
2649 3581 2974 3653 φιλευσεϐὴς
3019 3586 3111 3637 καὶ
3150 3586 3496 3654 φιλόχριστος
3545 3586 3799 3656 βασιλεὺς

2224 3674 2359 3726 πᾶσι
2385 3674 2481 3741 μὲν
2506 3673 2736 3744 χρηστὸς
2767 3675 2842 3727 ὢν
2864 3678 2953 3728 καὶ
2977 3679 3245 3749 ἐπιεικὴς,
3269 3680 3364 3733 καὶ
3393 3680 3793 3751 φιλάνθρωπος,

2226 3766 2396 3833 καῖ(τί
2426 3768 2534 3836 γὰρ
2565 3768 2624 3817 ού
2662 3768 2767 3838 χρὴ
2796 3769 2972 3837 λέγειν
3003 3772 3233 3841 τάληθές
3253 3772 3292 3837 ;)
3324 3774 3434 3826 οὐδ’
3460 3774 3601 3843 ἔχων
3624 3774 3796 3828 ἀλλων

2224 3856 2333 3909 τῶν
2364 3857 2468 3927 πρὸ
2490 3857 2655 3910 αὐτοῦ
2682 3860 3143 3929 βεϐασιλευκότων
3189 3869 3252 3935 τῇ
3278 3867 3552 3938 ἐπιεικείᾳ
3583 3868 3793 3935 ἐξισούο

2226 3964 2406 4016 μενον,
2442 3949 2565 4017 ἐμοὶ
2590 3948 2632 4001 δ’
2662 3950 3075 4020 ἀφιλάνθρωπός
3102 3972 3185 4018 τις
3214 3957 3388 4010 ἐδόκει
3429 3960 3574 4022 τότε,
3622 3960 3794 4028 βίαιός

2220 4055 2301 4099 τε,
2334 4040 2428 4092 καὶ
2455 4040 2573 4091 λίαν
2610 4042 2857 4112 φοϐερός.
2879 4045 3010 4097 Οὐδὲ
3039 4046 3169 4117 γὰρ,
3192 4048 3312 4115 οὐδὲ.
3342 4049 3541 4119 μικρὸν
3565 4046 3636 4121 ἦν
3658 4050 3793 4103 ἐνδι-

2220 4128 2344 4191 δοὺς
2387 4130 2485 4200 τῆς
2534 4131 2652 4200 ἅμα
2681 4133 2846 4187 παντὶ
2884 4135 2961 4205 τῷ
3000 4139 3382 4209 προειρημένῳ
3440 4140 3550 4193 τῶν
3603 4142 3793 4212 ἱερέων

2221 4217 2547 4289 πληρώματι
2567 4223 2884 4288 ὲπίθέσεως.
2930 4227 3067 4279 Ἀλλ’
3089 4228 3117 4279 ὁ
3142 4229 3240 4298 μὲν
3281 4231 3555 4300 πρόφασιν
3588 4232 3674 4285 τοῦ
3710 4233 3792 4303 μὴ

2222 4311 2479 4381 μεθήσειν
2499 4315 2734 4369 ἐποιεῖτο
2758 4317 2855 4387 τὴν
2907 4319 3191 4388 ὁμόψηφον
3224 4322 3331 4374 τῶν
3381 4325 3573 4394 ἱερέων
3614 4327 3794 4396 ὁρμὴν

2219 4405 2315 4459 καὶ
2339 4406 2594 4477 σπουδὴν,
2623 4410 2717 4462 καὶ
2746 4410 2821 4473 ὡς
2848 4412 2949 4465 οὐκ
2978 4413 3043 4465 ἂν
3070 4413 3285 4468 δύναιτο
3327 4417 3423 4469 καὶ
3466 4418 3793 4489 βουλόμενος

548 4468 711 4522 etiam
736 4470 780 4523 si
819 4473 999 4537 vellet,
1035 4489 1145 4527 non
1171 4489 1331 4544 posse
1374 4479 1702 4546 postulatum
1735 4498 1914 4537 meum
1956 4486 2117 4554 perli-

2529 4468 2541 4477 .
2582 4468 2588 4469 κ
2802 4468 2816 4473 ν
3414 4468 3417 4469 ν
3466 4468 3791 4489 r""'r""

2231 4496 2499 4553 ἐκτελέσαι
2535 4500 2636 4571 τὴν
2671 4505 2906 4573 αἴτησιν.
2966 4503 3090 4569 Τοῖς
3142 4507 3187 4560 δ’
3220 4509 3344 4561 ἐπεὶ
3396 4512 3535 4565 πολὺ
3587 4511 3797 4581 πλῆθος

549 4576 694 4615 cere.
758 4563 839 4617 Ad
899 4566 1211 4621 sacerdotes
1271 4576 1451 4622 autem
1512 4586 1575 4625 ac
1618 4582 1872 4629 caeterum
1909 4577 2111 4632 clerum

549 4656 797 4723 (magnus
844 4656 989 4709 enim
1032 4673 1292 4714 numerus
1334 4666 1682 4735 convenerat)
1738 4681 1806 4721 ne
1854 4668 2108 4724 obsecra-

2222 4587 2552 4656 συνείλεκτο,
2577 4591 2684 4645 οὐδ’
2707 4595 2757 4647 οί
2783 4595 2884 4666 τῆς
2908 4598 3306 4668 παρακλήσεως
3331 4600 3490 4670 ἡμῶν
3512 4602 3653 4670 λόγοι
3676 4619 3793 4655 κα·-

2223 4676 2404 4747 θαρῶς
2440 4680 2622 4744 αὐτοῖς
2675 4684 3095 4755 προσεφέροντο.
3137 4684 3232 4751 Οἷς
3260 4688 3307 4741 δ’
3347 4690 3415 4742 ἂν
3470 4692 3565 4745 καὶ
3616 4708 3796 4762 προσ-

548 4744 713 4800 tionis
757 4746 976 4815 quidem
1021 4765 1155 4804 mea:
1198 4754 1367 4808 verba
1412 4756 1557 4813 clare
1600 4758 1993 4827 perveniebant
2026 4779 2039 4815 :
2067 4764 2112 4817 si

2231 4767 2465 4835 Ξπιπτον,
2495 4772 2558 4824 οὐ
2585 4775 2890 4843 προσίεντο.
2915 4778 3010 4829 Ἓν
3034 4777 3098 4849 δὴ
3121 4780 3277 4833 τοῦτο
3306 4782 3401 4833 καὶ
3431 4783 3793 4855 μελετήσασι,

546 4839 745 4907 quibus
786 4856 916 4894 vero
949 4857 1013 4896 ea
1060 4845 1401 4913 incidebant,
1434 4865 1545 4904 non
1578 4852 1959 4922 recipiebant;
1992 4870 2115 4911 cum

551 4930 646 4951 ιη
926 4943 963 4951 ί,
1218 4938 1249 4951 ,.
1457 4949 1462 4951 Α
1568 4950 1573 4951 ,
1646 4942 1677 4951 ..
1850 4944 1860 4951 .
1964 4946 1973 4951 -
2044 4948 2054 4951 -

2231 4861 2308 4912 ιαὶ
2332 4860 2510 4929 λέγειν
2540 4839 2925 4935 ἐξασκήσασιν,
2956 4867 3017 4920 τὸ
3048 4839 3157 4923 δεῖν
3185 4872 3285 4940 ἐμὲ
3331 4839 3550 4938 πάντως
3577 4839 3665 4928 καὶ
3708 4839 3791 4951 μη

545 4930 650 4984 hoc
704 4948 871 4986 unum
915 4943 970 4989 et
1013 4937 1253 4992 meditati
1280 4949 1488 5007 essent,
1526 4950 1581 4997 et
1627 4942 1809 4999 dicere
1848 4944 2114 5002 instituis-

2231 4950 2536 5026 ἰουλόμενον
2556 4957 2616 5010 τὸ
2648 4930 2871 5030 φορτίον
2897 4930 2997 5032 τῆς
3017 4930 3339 5029 ἐπιστασίας
3376 4930 3558 5024 αὐτῶν
3593 4930 3792 5026 ἁναδὲί

544 5032 686 5084 sent,
714 5040 800 5079 me
828 5028 1049 5083 omnino
1073 5030 1155 5085 vel
1184 5032 1459 5088 nolentem
1483 5033 1586 5089 hoc
1613 5035 1949 5105 praefectura:
1974 5054 2114 5096 onus

2231 5044 2424 5110 ξασθαι.
2469 5048 2621 5101 Ἐπεὶ
2648 5050 2706 5103 δέ
2723 5028 2822 5122 *μοι
2850 5028 3184 5124 πανταχόθεν
3205 5059 3261 5111 αί
3300 5028 3410 5113 δδοὶ
3437 5063 3549 5113 τῶν
3580 5065 3634 5115 ἐν
3661 5067 3795 5127 τοῖς

544 5128 820 5183 suscrpere
852 5127 1122 5187 oportere.

2231 5137 2391 5206 ιόγοις
2419 5141 2814 5213 παρακλήσεων
2839 5145 3264 5214 ἀπεφράττοντο,
3300 5154 3579 5223 προεπήδα
3601 5156 3661 5207 τὰ
3682 5155 3794 5207 δά-

544 5211 836 5317 ξξῗαξμκαξ
863 5211 896 5277 ἡ
945 5211 1044 5279 τῆς
1090 5213 1324 5317 ἀποξξας
1354 5213 1636 5317 ἀχλὺς.τῇ
1667 5215 1880 5272 ἔνδοθεν
1936 5222 2111 5278 πάντα
2149 5228 2484 5299 πληρώσασα
2512 5232 2609 5301 τῆς
2645 5211 3003 5305 συγχύσεως-,ν
3054 5241 3149 5293 καὶ
3220 5211 3414 5315 μέχρις
3470 5211 3644 5301 αὐτῶν
3718 5266 3792 5317 γε

541 5297 650 5348 τῶν
684 5297 946 5369 ὀμμάτων
986 5305 1372 5374 προσαράξασά
1408 5309 1488 5369 εἰς
1527 5306 1739 5379 ῥεῖθρον
1784 5317 2228 5382 μετεσκευάζετο.

613 5388 908 5461 Postquam
941 5412 1071 5450 vero
1110 5412 1301 5454 omnes
1346 5399 1478 5453 mihi
1523 5402 1625 5457 via;
1672 5420 1895 5474 precum
1931 5409 2112 5463 verbis

613 5482 905 5506 .2---I-.._s__
950 5488 1060 5506 Δίκα.
1171 5498 1183 5506 .
1367 5502 1375 5506 -
1583 5495 1633 5506 ιι.
1676 5498 1686 5506 .
1837 5499 1850 5506 -

2258 5414 2394 5506 ,Καὶ
2421 5414 2529 5486 γὰρ
2558 5417 2776 5486 ἐφάπαξ
2805 5421 2833 5473 6
2860 5418 3119 5492 λογισμὸς
3146 5428 3243 5496 τῆς
3265 5429 3329 5482 ἐκ
3348 5430 3525 5500 λόγων
3550 5435 3796 5506 ἀπειρη..

516 5480 912 5546 ,faciendarum
942 5488 1236 5544 obstructa:
1257 5502 1413 5555 sunt;
1451 5495 1804 5563 prosiliebant
1837 5499 2106 5571 lacrymaz,

542 5586 600 5596 Δ,
632 5574 1016 5596 ληηλμηεηεν
1566 5585 1577 5596 .
1677 5588 1687 5596 -
1821 5589 1831 5596 -

2231 5503 2321 5566 ιὼς
2348 5480 2618 5576 σωτηρίας
2642 5510 2722 5572 εἰς
2758 5480 3038 5581 ίκετηρίαν
3064 5516 3164 5585 τὴν
3190 5480 3351 5586 φύσιν
3381 5480 3570 5596 αὐτὴν,
3597 5480 3792 5583 καί-ζέε

540 5586 603 5626 ac
628 5574 1024 5644 desperationis
1055 5578 1227 5649 caligo
1265 5597 1387 5635 cum
1432 5585 1612 5639 omnia
1675 5588 1933 5645 interiora
1974 5607 2107 5646 con-

543 5663 756 5689 l‘..n:n..-
792 5666 1067 5689 ἓ..-..ΙΑ--,.Α
1117 5680 1158 5689 Α.
1194 5672 1236 5689 0,,
1272 5672 1283 5683 ·
1697 5680 1708 5689 ι
1800 5682 1809 5689 .
1953 5684 1964 5689 -

2480 5574 2487 5576 _
2896 5574 2926 5581 ..
3119 5574 3131 5585 .
3200 5574 3212 5586 .
3428 5574 3685 5596 ~-‘rv'"“
3724 5574 3792 5583 ν’·

2231 5596 2416 5667 ῐάκρυα
2455 5600 2841 5668 προύϐάλλετο,
2872 5606 3126 5677 βοηθείας
3149 5611 3292 5674 τινὸς
3326 5616 3424 5666 καὶ
3458 5619 3797 5689 ἐπικουρίας

543 5663 759 5719 fusione
792 5666 1089 5737 implesset,
1109 5680 1162 5725 et
1194 5672 1248 5725 in
1270 5672 1387 5743 ipso
1405 5691 1573 5746 usque
1591 5680 1775 5736 oculos
1798 5682 2101 5754 irrupisset,

543 5754 592 5780 ι..
648 5755 826 5780 -2,.....,.
896 5760 1200 5780 m.-...L_.U,,
1283 5761 1326 5780 In
1583 5768 1612 5780 ο.
1661 5770 1694 5780 Α.
1798 5773 1807 5780 ,
1834 5773 1844 5780 .

2314 5663 2322 5667 .
2498 5663 2509 5668 -
2828 5663 2884 5672 --
2957 5663 2969 5677 .
3107 5663 3123 5671 -
3272 5663 3289 5674 .
3331 5663 3396 5666 ηρ
3459 5663 3791 5689 manu"...

2231 5688 2271 5740 ἱι⁹
2300 5689 2480 5742 αὐτῶν
2508 5690 2735 5755 ἐλπίσας
2758 5700 2961 5767 τυχεῖν,
2988 5702 3036 5753 εί
3076 5705 3170 5755 καὶ
3207 5705 3499 5779 διεψεύσθη
3530 5711 3793 5780 τοῦηβου-

540 5760 595 5809 in
648 5760 829 5810 rivum
896 5760 1224 5817 mutabatur.
1282 5761 1416 5819 Nam
1477 5768 1733 5839 cogitatio
1790 5773 2102 5843 (desperata

2826 5760 2857 5767 ..
2948 5760 2955 5763 -
3303 5760 3314 5775 ο
3444 5760 3451 5761 ί
3475 5760 3499 5779 ⁷1
3544 5760 3614 5763 ’τ’
3644 5760 3667 5780 r
3689 5760 3707 5764 '
3725 5760 3751 5765 '

2234 5784 2458 5854 ήματος.
2494 5784 2614 5839 Οὐδ’
2654 5786 2796 5841 οὕτω
2833 5791 2942 5860 γάρ
2974 5794 3181 5863 ἀνῆκαν
3224 5800 3273 5851 οἱ
3307 5797 3634 5873 βιαζόμενοι,
3667 5809 3794 5874 μὲ-
