4052 6418
226 396 344 460 589

1413 392 1955 459 EPIS’I‘OLARUM
1997 392 2227 456 LIBER
2264 394 2314 456 Ι.

3376 398 3479 459 590

229 494 363 583 χρις
388 511 456 566 ἂν
482 512 619 584 ὅπερ
646 507 772 582 ἐμοὶ
798 510 897 581 μὲν
932 504 1249 580 ἀϐούλητον,
1300 510 1531 572 ἐκείνοις
1584 510 1640 562 δὲ
1671 511 1807 580 ὅπερ

1913 511 2082 565 semel
2126 510 2300 565 salute
2342 506 2522 564 verbis
2563 508 2967 579 consequentia)
3017 517 3266 565 naturam
3313 510 3479 579 ipsam

227 599 305 673 ἦν
333 603 501 675 εύχῆς
530 602 691 675 ἔργον
719 602 1111 673 διεπέπρακτο.
1164 602 1277 656 Καὶ⁵
1317 599 1466 654 οὕτω
1519 600 1703 654 λοιπὸν
1730 602 1811 665 είς

233 694 442 765 μέσους
468 698 596 759 τοὺς
621 695 903 767 ὼρύὸους,
933 689 1019 758 οίς
1065 696 1095 749 ὁ
1124 694 1302 747 πάντα
1348 694 1503 754 εἰδὼς
1546 693 1813 766 κρίμασιν

232 786 552 852 ἐπίσταται,
600 787 942 859 ὅιακαρτερῶ
999 786 1415 857 καθιστάμενος,
1444 784 1603 852 ἀλλὰ,
1642 785 1813 857 Δρυὸς

234 878 343 947 μὲν
374 878 496 943 ἅλις
517 918 533 946 ,
565 879 821 951 εῦκαιρον
850 881 1026 933 εἰπεῖν
1052 879 1154 950 τὴν
1175 877 1495 949 παροιμίαν.

1916 600 1981 654 ad
2005 599 2454 669 supplicationem
2481 606 2539 652 et
2557 598 2821 669 lacrymas
2839 599 3130 664 exertabat,
3152 600 3239 654 bis
3257 617 3484 671 sperans

1917 691 2176 745 auxilium
2214 699 2269 745 et
2311 704 2468 760 opem
2509 689 2751 744 nancisci
2789 706 2847 745 se
2887 706 3065 760 posse,
3105 692 3351 760 quamvis
3387 708 3485 749 vo-

1917 783 2126 839 luntate
2169 798 2233 838 ac
2265 782 2544 852 proposito
2576 796 2678 837 suo
2724 782 3011 838 deciderit.
3046 782 3157 837 Nec
3206 784 3353 839 enim
3401 785 3483 840 sic

1918 875 2246 930 remiserunt
2292 888 2373 937 se,
2419 873 2509 943 qui
2565 874 2671 929 vim
2730 874 3244 945 faciebant;quoad
3295 886 3484 933 contra

232 970 574 1026 voluntatem
622 986 799 1026 meam
826 1014 841 1039 ,
887 972 1102 1025 illorum
1158 984 1289 1025 vero
1332 985 1398 1024 ex
1428 968 1695 1024 sententia
1729 982 1817 1023 res
1856 966 2098 1038 perfecta
2136 977 2240 1021 est.
2280 966 2371 1021 Sic
2403 967 2458 1021 in
2489 968 2682 1023 mediis
2712 967 2780 1021 de
2819 980 3016 1023 caetero
3044 971 3386 1035 tumultibus,
3420 972 3487 1027 iis

226 1064 473 1148 iudiciis,
500 1080 622 1134 qua:
646 1066 746 1119 scit
774 1064 867 1134 qui
894 1064 1045 1119 novit
1068 1063 1274 1125 omnia,
1297 1063 1592 1118 toleranter
1624 1063 1780 1133 dego,
1806 1061 1900 1116 sed
1918 1059 2052 1115 satis
2084 1074 2335 1129 qumrens
2388 1062 2764 1131 tempestivum
2792 1072 2877 1118 est
2899 1063 3081 1117 dicere
3114 1065 3482 1133 proverbium.

322 1155 476 1207 Ἐπεὶ
507 1154 563 1207 δὲ
621 1155 809 1208 πασῶν
840 1155 1038 1225 ἀρίστη
1086 1152 1337 1208 κοινωνία
1361 1155 1394 1224 ή
1422 1153 1679 1207 κοινωνία
1711 1152 1812 1221 τῆς

233 1242 471 1304 πίστεως
502 1242 599 1295 καὶ
624 1242 721 1311 τῆς
746 1242 979 1311 ἀληθοῦς
1006 1242 1246 1311 ἀγάπης,
1268 1239 1423 1294 τοῦτο
1446 1240 1509 1311 δὴ
1536 1239 1596 1292 τὸ
1622 1238 1810 1292 αἰτιώ-

232 1354 419 1399 τατον,
453 1335 529 1398 ὡς
556 1335 624 1389 ἂν
652 1336 742 1389 τὸν
765 1338 901 1407 πρὸς
922 1336 1020 1408 τὴν
1049 1336 1321 1407 ὑμετέραν
1358 1336 1610 1407 ὁσιότητα
1638 1334 1808 1389 καθα-

236 1427 331 1497 ρόν
356 1444 415 1480 τε
446 1427 539 1479 καὶ
561 1426 929 1481 ἀδιάσπαστον
953 1429 1151 1499 δεσμὸν
1190 1426 1573 1499 ὲργασὼμεθα,
1610 1429 1808 1496 χρῆναι

235 1520 332 1573 καὶ
354 1520 422 1572 τὰ
439 1519 538 1588 τῆς
566 1519 720 1589 ἡμῶν
749 1521 843 1573 καὶ
896 1520 1052 1591 ὑμῶν
1104 1520 1341 1584 πίστεως
1376 1520 1452 1583 ὼς
1492 1522 1549 1572 ὲν
1585 1518 1807 1589 βραχέσι

235 1610 687 1681 στηλογραφῆσαι
710 1609 1371 1682 διεγνώκαμεν,.ὲντεῦθεν
1397 1611 1496 1675 τάς
1527 1628 1587 1664 τε
1619 1610 1809 1681 ὑμετέ·

236 1721 343 1773 ρας
374 1703 539 1773 εὐχὰς
565 1702 893 1773 θερμότερον
917 1702 1309 1773 ἐπισπώμενοι,
1350 1704 1445 1758 καὶ
1471 1703 1571 1773 τὴν
1603 1702 1808 1775 ἡμετέ-

235 1810 341 1865 ραν
365 1792 502 1865 πρὸς
530 1792 674 1864 ὑμᾶς
698 1793 936 1847 διάθεσιν
964 1794 1421 1858 ἀναπτύσσοντες.

1988 1151 2256 1218 Quoniam
2314 1166 2447 1205 vero
2496 1152 2740 1207 omnium
2789 1154 2990 1224 optima
3026 1163 3109 1209 est
3159 1155 3284 1211 ﬁdei
3334 1172 3487 1212 com-

1917 1245 2128 1310 munio,
2156 1245 2495 1315 maximaque
2519 1246 2761 1299 ouiuium
2786 1261 2947 1303 causa
2975 1262 3115 1303 vera:
3137 1248 3445 1304 dilectionis
3466 1268 3481 1305 :

1917 1346 1979 1392 ut
2026 1336 2079 1391 id
2125 1351 2250 1390 cum
2287 1345 2466 1390 vestra
2519 1338 2807 1392 sanctitate
2839 1354 3034 1408 purum
3087 1348 3143 1395 et
3194 1340 3486 1398 insolubile

1914 1428 2191 1483 vinculum
2209 1427 2469 1483 faciamus
2490 1445 2504 1482 :
2522 1430 2835 1484 censuimus
2857 1440 3119 1496 nostram,
3137 1440 3484 1503 vestramque

1914 1522 2075 1576 ﬁdem
2127 1521 2363 1577 breviter
2407 1530 2660 1592 tanquam
2713 1523 2766 1577 in
2821 1524 3070 1579 columna
3118 1526 3482 1581 scribendam.

1914 1613 2044 1668 lude
2104 1615 2378 1670 orationes
2444 1624 2655 1671 vestras
2715 1616 3011 1680 fervidius,
3072 1619 3483 1688 promptiusque

1912 1705 2271 1770 attrahentes,
2289 1713 2647 1775 nostrumque
2664 1705 2717 1759 in
2732 1721 2829 1761 vos
2856 1706 3107 1761 allectum
3125 1708 3479 1778 explicantes.

307 1885 557 1939 Πιστεύω
576 1885 865 1957 τοιγαροῦν
894 1886 975 1948 είς
1004 1885 1100 1940 ἕνα
1146 1886 1301 1950 Θεὸν,
1336 1887 1563 1951 τέλειον,
1610 1886 1807 1941 τελειο-

1981 1881 2158 1937 Credo
2186 1883 2349 1952 igitur
2379 1882 2431 1937 in
2480 1899 2648 1938 unum
2686 1882 2853 1939 Deum
2873 1926 2887 1949 ,
2919 1884 3241 1954 perlectum.
3265 1895 3319 1941 et
3353 1902 3481 1957 per-

236 1977 395 2029 ποιδν
418 1975 661 2046 Πατέρα,
703 1976 854 2042 Υἰδν,
912 1975 1009 2030 καὶ
1038 1976 1261 2047 Πνεῦμα
1297 1978 1473 2045 ἆγιον,
1500 1979 1560 2031 οὐ
1584 1977 1813 2031 κατατέ-

238 2086 390 2139 pws"
418 2072 485 2140 τῇ
516 2069 625 2123 τῶν
656 2068 1003 2123 ύτοοστάσεων
1032 2068 1337 2139 ἑτερότητι,
1363 2071 1456 2122 καὶ
1493 2071 1591 2141 τὴν
1648 2070 1810 2140 φύσιν

237 2160 621 2232 (ὲκτεμνέσθω
667 2160 775 2231 γάρ
834 2162 868 2230 ή
933 2159 1143 2229 ’Δρείου
1177 2161 1503 2232 κατατομὴ),
1565 2162 1701 2217 ἀλλά
1740 2165 1807 2234 τῇ

234 2254 533 2322 ταυτότητι
571 2253 671 2322 τῆς
716 2252 933 2322 φύσεως
963 2255 1063 2324 τὴν
1095 2255 1205 2309 τῶν
1235 2255 1587 2309 ὑποστάσεων
1622 2256 1809 2327 διαφο-

237 2341 345 2413 ρὰν
374 2340 606 2406 δοξάζω.
644 2342 1076 2413 Συναναιρείσθω
1127 2344 1237 2416 γὰρ
1281 2344 1675 2415 παραπλησίως
1717 2348 1810 2401 καὶ

236 2435 273 2504 ἠ
302 2433 397 2505 τοῦ
427 2433 716 2487 Σαὸελλίου
748 2436 1077 2505 συναίρεσις.
1096 2436 1300 2508 Τριάδα
1329 2437 1631 2507 παναγίαν,
1668 2456 1807 2492 παν-

234 2527 489 2596 τουργὺν,
547 2527 975 2598 παντοδύναμον,
1064 2529 1402 2600 συνάναρχον
1478 2534 1578 2601 μὲν
1638 2531 1808 2600 αὐτὴν

237 2620 432 2688 ἑαυτῇ,
486 2618 560 2682 ὡς
616 2620 874 2689 χρονικῆς
924 2620 1143 2690 ἀπάσης
1183 2621 1357 2693 ἀρχῆς
1404 2621 1803 2693 ύπεράναρχον,

235 2711 419 2780 ἀρχῆς
442 2710 500 2764 δὲ
531 2709 624 2763 καὶ
653 2710 825 2763 αἰτίου
856 2708 1013 2779 λόγον
1041 2712 1100 2765 ὲν
1134 2712 1269 2782 αὑτῇ
1320 2712 1415 2766 τοῦ
1438 2712 1650 2785 Πατρὸς
1672 2716 1806 2767 ἀνα-

236 2800 599 2871 πληροῦντος.
648 2800 807 2855 Οῦτω
856 2802 963 2873 γὰρ
1011 2803 1105 2856 καὶ
1154 2802 1255 2873 τῆς
1285 2805 1545 2874 χρονικῆς
1588 2804 1801 2868 ἐννοίας

233 2893 517 2961 ὁμοτίμως
546 2893 579 2961 ἡ
606 2892 775 2962 Τριάς
802 2892 1315 2963 ὑπεριδρυθήσεται,
1349 2895 1443 2947 καὶ
1481 2895 1582 2965 τῆς
1626 2895 1799 2965 αὐτῆς

232 2983 430 3046 οὐσίας
453 2983 531 3053 τῷ
574 2983 770 3054 Πατρὶ,
820 2984 882 3048 ἐξ
910 2978 1081 3056 οὗπερ
1134 2986 1164 3039 ὁ
1224 2985 1323 3055 μὲν
1351 2987 1668 3057 ἀρῤεύστως
1713 2988 1807 3040 καὶ

234 3076 500 3149 ἀρρήτως
520 3077 870 3148 γεγέννηται,
890 3077 951 3132 τὸ
994 3077 1053 3132 δὲ
1090 3078 1515 3151 ὲκπεπόρευται,
1563 3080 1806 3149 θεολογι-

236 3168 353 3230 κῶς
388 3168 907 3240 ύμνολογηθήσεται.
964 3170 1171 3241 Τριάδα
1224 3172 1519 3240 παναγίαν,
1576 3172 1808 3244 ύπερού-

239 3276 361 3314 σιον
410 3260 617 3326 οὐσίαν,
648 3261 710 3314 τὸ
742 3261 864 3331 μὲν,
900 3262 980 3316 ὅτι
1028 3263 1211 3332 πάσης
1255 3263 1445 3328 οὐσίας
1488 3263 1805 3335 θεοπρεπῶς

236 3352 714 3424 ὑπεραναῦῶηγε,
763 3353 825 3406 τὸ
859 3353 937 3419 δὲ,
970 3354 1053 3406 ὅτι
1087 3356 1223 3407 πᾶσι
1252 3357 1365 3416 τοῖς
1403 3348 1555 3408 οὖσιν
1581 3354 1807 3409 αὐτόθεν

234 3444 275 3514 ἠ
312 3443 513 3514 μετοχὴ
561 3442 657 3496 τοῦ
705 3439 871 3500 εῖναι.
924 3444 1307 3515 ’Υπερὰγαθον
1362 3444 1700 3514 ἀγαθότητα,
1745 3443 1807 3498 τὸ

237 3537 365 3607 μὲν,
394 3538 477 3589 ὃτι
504 3536 657 3608 πηγὴ
686 3537 1043 3607 ἀγαθότητος,
1090 3538 1152 3589 τὸ
1184 3536 1264 3601 δὲ,
1312 3536 1394 3590 ὅτι
1431 3538 1545 3600 τοῖς
1581 3535 1807 3604 ἀγαθοῖς

234 3630 450 3683 ἐκεῖθεν
468 3631 528 3682 τὸ
557 3630 946 3697 ἀγαθύνεσθαι,
978 3628 1134 3682 τοῦτο
1166 3630 1302 3699 ἡμῖν
1345 3628 1421 3690 ὼς
1459 3630 1517 3681 ἐν
1548 3627 1807 3698 βραχέσιν

235 3722 273 3792 ἠ
302 3720 403 3788 τῆς
431 3719 550 3774 καθ’
588 3721 734 3791 ἡμᾶς
762 3719 1044 3787 θεολογίας
1067 3717 1391 3788 ἀδιάϐλητος
1419 3715 1806 3787 μυσταγωγία.

312 3904 418 3957 Τὸν
445 3903 501 3957 δὲ
533 3903 664 3956 Υἰὸν
684 3904 779 3957 καὶ
810 3903 985 3971 Λόγον
1014 3902 1109 3956 τοῦ
1138 3901 1275 3956 Θεοῦ
1329 3901 1424 3955 καὶ
1466 3899 1682 3969 Πατρδς
1720 3899 1808 3951 ἐπ’

238 3997 490 4066 ἐσχάτων
517 3996 624 4050 τῶν
650 3995 871 4067 ἡμερῶν
897 3996 961 4049 ἐκ
986 3997 1085 4065 τῆς
1118 3994 1503 4065 Ἀειπαρθένου
1527 3993 1620 4045 καὶ
1641 3992 1808 4061 ὑπερ-

237 4088 455 4153 ενδόξου
500 4088 797 4157 Δεσποίνης
834 4087 990 4158 ἡμῶν
1039 4086 1306 4141 Θεοτόκου
1353 4086 1635 4155 προελθεῖν
1669 4083 1809 4154 μετὰ

240 4182 446 4251 σαρκὸς
496 4179 897 4251 ἔμψυχωμένης
954 4179 1099 4250 ψυχῇ
1151 4179 1311 4249 νοερᾷ
1337 4194 1397 4229 τε
1453 4179 1546 4230 καὶ
1592 4177 1805 4245 λογικῇ,

236 4274 488 4325 τουτέστι
508 4272 711 4325 τέλειον
727 4271 1014 4341 ἄνθρωπον
1038 4270 1406 4340 ἀνειληφέναι,
1436 4268 1531 4322 καὶ
1551 4266 1802 4338 ἀληθείᾳ,

239 4366 378 4420 ἀλλά
434 4365 509 4436 μὴ
560 4364 704 4417 κατά
759 4364 1086 4433 φαντασίαν,
1124 4364 1184 4415 οὑ
1240 4361 1630 4431 προσωπικῶς,
1686 4361 1808 4413 οὐδέ

238 4475 361 4511 τινα
389 4456 500 4511 τῶν
526 4457 645 4510 καθ’
685 4457 892 4510 ἕκαστα
930 4454 1086 4526 ἰδικῷ
1107 4453 1589 4524 καὶάφωρισμένῳ
1635 4468 1806 4521 χαρα-

1912 1971 2164 2028 fectionis
2195 1974 2517 2030 ellicientem
2552 1975 2786 2040 Patrem,
2818 1987 2874 2032 et
2903 1977 3189 2042 Filium,et
3218 1978 3477 2048 Spiritum

1910 2058 2195 2125 sanctum,
2246 2076 2355 2116 non
2413 2062 2665 2117 dividens
2717 2078 3072 2133 personarum
3133 2066 3480 2121 distinctione

1911 2151 2075 2205 etiam
2121 2161 2370 2207 naturam
2405 2153 2631 2223 (dividat
2658 2154 2805 2209 enim
2846 2155 2989 2210 Arrii
3021 2156 3240 2225 divisio)
3275 2158 3371 2213 sed
3420 2157 3476 2211 in

1911 2242 2197 2300 identilate
2237 2253 2443 2299 natura:
2492 2259 2850 2315 personarum
2900 2247 3260 2303 dill'erentiam
3292 2249 3473 2303 credo.

1910 2335 2155 2392 Tollatur
2178 2338 2324 2392 enim
2360 2338 2565 2407 pariter
2589 2347 2641 2393 et
2665 2338 2878 2395 Sabellii
2904 2340 3477 2396 contraetio.Trinita-
3559 2386 3564 2391 .

1911 2437 2021 2484 tem
2044 2428 2439 2485 sanctissimam
2464 2432 2707 2486 omnium
2728 2432 3001 2501 epincem,
3024 2436 3472 2505 omnipotentem;

1910 2522 2083 2591 ipsam
2113 2521 2335 2577 sibimet
2370 2521 2529 2577 simul
2555 2523 2907 2578 exsistentem
2942 2525 3059 2578 sine
3091 2526 3381 2597 principio,
3417 2536 3478 2583 ut

1908 2627 2071 2666 omne
2099 2612 2395 2682 temporale
2432 2612 2759 2683 principium
2802 2616 3180 2678 excedentem,
3220 2625 3275 2671 et
3316 2617 3476 2671 initio

1907 2712 2207 2768 carentem,
2222 2704 2472 2774 principii
2488 2714 2666 2761 autem
2683 2716 2739 2762 et
2758 2722 2935 2763 causae
2954 2708 3219 2763 rationem
3237 2709 3290 2762 in
3314 2708 3476 2765 l'atre

1909 2794 2206 2865 implente:
2233 2796 2312 2853 sic
2339 2797 2486 2852 enim
2516 2806 2571 2853 et
2602 2814 2769 2869 super
2799 2800 3150 2870 temporalem
3188 2801 3474 2871 cogitatio-

1906 2900 2035 2941 nem
2072 2888 2185 2957 pari
2234 2888 2441 2944 honore
2478 2889 2719 2945 Trinitas
2764 2892 3072 2959 stabilitur;
3120 2902 3176 2948 et
3229 2893 3474 2963 ejusdem

1907 2978 2224 3034 substantia:
2268 2995 2392 3036 cum
2444 2980 2624 3046 Patre,
2677 2999 2741 3039 ex
2792 2999 2901 3053 quo
2946 2985 3035 3039 hic
3075 2984 3299 3054 quidem
3354 2984 3477 3041 sine

1906 3070 2143 3127 ﬂuxione
2162 3082 2219 3128 et
2234 3073 2586 3131 inell‘abiliter
2604 3077 2821 3147 genitus
2846 3085 2946 3139 est.
2974 3077 3062 3133 hic
3082 3093 3211 3133 vero
3232 3078 3480 3148 procedit

1909 3165 2232 3235 theologice,
2253 3166 2467 3238 hymnis
2494 3169 3214 3225 celebrabitur.'l‘rinitatem
3243 3172 3479 3227 sanctis-

1909 3258 2124 3319 simam,
2168 3261 2745 3329 supersubstantialem
2788 3264 3167 3332 substantiam,
3212 3265 3317 3321 hoc
3355 3265 3479 3336 qu!-

1908 3348 2053 3417 dem,
2080 3351 2223 3420 quod
2246 3368 2460 3407 omnem
2491 3354 2853 3409 substantiam
2885 3354 2995 3410 Deo
3025 3356 3253 3411 decente
3282 3373 3477 3428 supcr-

1913 3440 2177 3511 greditur;
2214 3441 2317 3498 hoc
2346 3457 2476 3497 vero
2497 3444 2640 3512 quod
2672 3444 2798 3498 inde
2832 3445 3087 3499 oumibus
3109 3447 3330 3500 entibus
3352 3464 3477 3516 par-

1909 3530 2152 3599 ticipatio
2183 3540 2267 3587 est
2298 3532 2509 3587 essendi
2540 3548 2706 3602 super
2738 3539 2900 3587 omne
2934 3536 3131 3588 bonum
3157 3535 3475 3599 bonitatem,

1910 3622 2015 3677 hoc.
2064 3623 2280 3692 quidem
2332 3624 2476 3692 quod
2526 3623 2650 3680 fons
2694 3624 2971 3688 bonitatis,
3010 3627 3115 3681 hoc
3158 3642 3286 3681 vero
3330 3629 3477 3697 quod

1909 3712 2067 3768 bonis
2096 3712 2242 3768 illinc
2268 3722 2371 3777 est,
2404 3716 2547 3783 quod
2578 3715 2717 3770 bona
2755 3723 2913 3778 sunt,
2950 3717 3054 3770 hoc
3086 3717 3243 3771 nobis
3280 3726 3365 3772 est
3393 3721 3478 3785 (ut

1910 3806 1964 3860 in
1997 3806 2271 3876 brevibus)
2290 3808 2574 3878 theologia:
2589 3817 2793 3863 nostrae
2807 3808 3149 3878 inculpabilis
3167 3809 3473 3879 disciplina.

1982 3897 2175 3952 Filium
2211 3914 2341 3953 vero
2376 3908 2432 3953 ct
2480 3900 2713 3955 Verbum
2746 3901 2841 3955 Dei
2874 3910 2929 3955 et
2960 3898 3137 3955 Patris
3168 3900 3221 3955 in
3270 3900 3476 3956 ultimis

1908 3989 2100 4045 diebus
2130 4004 2198 4044 ex
2232 4004 2450 4061 semper
2475 3990 2695 4061 Virgine
2719 4000 2775 4048 et
2801 3994 3203 4066 supergloriosa
3247 3995 3475 4051 Domina

1908 4091 2095 4136 nostra
2158 4082 2386 4152 Deipara
2444 4084 2775 4153 processisse
2836 4100 2960 4140 cum
3013 4100 3177 4142 carne
3237 4088 3474 4143 animata

1908 4173 2088 4228 anima
2118 4174 2437 4245 intelligenti
2460 4184 2515 4230 et
2538 4176 2811 4241 rationali,
2842 4176 2897 4232 id
2923 4186 3027 4242 est,
3058 4178 3358 4248 perlectum
3379 4180 3477 4234 ho-

1909 4265 2110 4319 minem
2148 4267 2510 4336 assumpsisse
2554 4268 2803 4332 veritate,
2849 4284 2957 4323 non
2990 4270 3317 4339 phantasia:
3363 4285 3473 4326 non

1910 4356 2289 4423 personaliter,
2318 4371 2499 4426 neque
2527 4357 2762 4427 aliquem
2796 4358 2851 4412 in
2881 4359 3109 4431 singulis
3152 4362 3374 4431 praprio
3410 4377 3476 4417 ac

1908 4447 2267 4503 determinato
2312 4448 2624 4504 charactere
2666 4450 3086 4506 circumﬁnitum
3114 4491 3128 4517 ,
3163 4452 3254 4506 sed
3301 4462 3475 4507 totum

243 4550 405 4619 κτῆρι
442 4547 911 4618 περιοριζόμενον,
942 4545 1056 4599 ἀλλ’
1080 4545 1201 4598 ὅλον
1251 4545 1342 4598 τὸν
1394 4542 1705 4614 ἄνθρωπον,
1745 4541 1804 4594 ὃν

1912 4539 2209 4606 hominem,
2238 4554 2401 4611 quem
2430 4540 2488 4594 in
2519 4556 2615 4595 sua
2654 4542 2925 4613 hypostasi
2970 4543 3309 4598 individuum
3341 4545 3475 4598 sub-

239 4644 335 4695 καὶ
381 4640 438 4693 ἐν
493 4642 558 4708 τῇ
595 4637 757 4691 αὑτοῦ
813 4636 1172 4706 ἁτομώσαντά
1218 4652 1279 4687 τε
1338 4634 1655 4697 ὑποστάσει,
1713 4632 1809 4684 καὶ

240 4732 623 4803 ὑποστήσαντα
670 4729 843 4784 σῶσαι
904 4730 967 4783 τὸ
1015 4728 1353 4796 ἀνθρώπινον
1420 4727 1597 4794 γένος,
1644 4742 1811 4778 σεσω-

241 4825 517 4893 σμέναςτε
539 4821 632 4873 ἐπὶ
646 4820 740 4873 τοῦ
761 4820 923 4874 αὐτοῦ
954 4821 1047 4874 καὶ
1081 4821 1199 4884 ἑνὸς
1227 4819 1463 4891 Χριστοῦ
1488 4819 1587 4879 τὰς
1616 4818 1805 4887 φύσεις

239 4914 513 4984 θεότητος,
570 4914 666 4967 καὶ
738 4913 1179 4984 ἀνθρωπότητος,
1239 4912 1525 4983 ὴνωμένας
1585 4911 1684 4981 μὲν
1740 4912 1805 4980 τῇ

238 5008 363 5061 καθ’
391 5006 687 5058 ὑπόστασιν
711 5004 922 5067 ὲνώσει,
954 5006 1072 5057 ἀλλ’
1091 5006 1152 5057 οὑ
1200 5004 1553 5074 πεφυρμένας
1583 5005 1650 5072 τῇ
1688 5000 1807 5054 κατ’

235 5100 433 5152 οὐσίαν
473 5097 777 5152 ἀλλοιώσει.
833 5098 978 5151 Μίαν
1029 5097 1128 5166 μὲν
1183 5097 1483 5148 ὑπόστασιν
1544 5092 1804 5163 Χριστοῦ,

236 5191 335 5243 δύο
363 5189 420 5244 δὲ
449 5190 661 5259 φύσεις,
702 5190 796 5239 καὶ
833 5187 1072 5257 ἑκατέρᾳ
1098 5186 1278 5239 αὐτῶν
1299 5186 1359 5237 τὸ
1392 5185 1521 5237 ἴδιον
1550 5182 1809 5250 ἀπονέμω

240 5283 478 5352 θέλημα.
505 5282 612 5334 Δύο
636 5281 745 5350 γὰρ
781 5279 1065 5347 θελήματα
1109 5279 1202 5329 ἐπὶ
1243 5275 1486 5345 Χριστοῦ
1535 5275 1806 5344 ἁμείωτα,

239 5376 324 5427 ὃτι
385 5374 480 5426 καὶ
532 5372 626 5425 δύο
679 5373 971 5440 ἐνέργειαι.
1046 5369 1149 5421 Τὸν
1207 5369 1367 5420 αὑτὸν
1419 5366 1663 5435 παθητὸν
1715 5365 1810 5418 καὶ

236 5465 449 5535 ἀπαθῆ,
496 5464 735 5534 φθαρτὸν
806 5464 897 5515 καὶ
943 5460 1238 5532 ἄφθαρτον,
1307 5458 1549 5529 γραπτόν
1603 5474 1662 5509 τε
1714 5458 1809 5510 καὶ

236 5556 545 5627 ἄγραπτον,
573 5554 642 5607 τὰ
668 5555 766 5624 μὲν
813 5553 1182 5621 οἰκειούμενος
1238 5551 1305 5621 τῇ
1350 5549 1585 5619 θεότητι,
1639 5547 1710 5599 τὰ
1751 5546 1807 5599 δὲ

236 5648 575 5716 προσάπτων
599 5648 665 5715 τῇ
701 5644 1105 5714 ἀνθρωπότητι.
1134 5639 1524 5711 Σταυρωθέντα
1545 5638 1809 5699 ἑκουσίως

237 5740 383 5806 ὑπὲρ
434 5738 614 5807 ἡμῶν,
662 5737 755 5791 καὶ
808 5734 1069 5806 πρόξενον
1106 5735 1234 5801 ἡμῖν
1277 5732 1374 5800 τῆς
1422 5728 1515 5783 τοῦ
1567 5728 1799 5781 θανάτου

236 5830 592 5892 καταλύσεως
642 5828 731 5883 τὸν
779 5828 955 5897 τίμιον
1000 5824 1233 5895 σταυρὸν
1292 5824 1382 5876 καὶ
1440 5821 1808 5895 προσκυνητὸν

1909 4633 2102 4687 sistere
2127 4632 2278 4697 fecit,
2310 4642 2372 4689 ut
2402 4648 2575 4704 genus
2604 4634 2901 4690 humanum
2935 4636 3185 4690 salvaret.
3222 4635 3475 4689 Servatas

1908 4724 2070 4778 etiam
2106 4723 2161 4777 in
2204 4724 2395 4778 eodem
2428 4734 2484 4780 et
2515 4740 2624 4779 uno
2664 4727 2882 4781 Christo
2914 4738 3136 4780 naturas
3174 4726 3473 4780 divinitatis

1908 4827 1965 4870 et
2013 4816 2386 4879 humanitatis,
2430 4818 2610 4872 unitas
2659 4820 2875 4886 quidem
2929 4817 3129 4871 unione
3173 4817 3470 4870 seeumlum

1910 4908 2266 4979 hypnstasim,
2301 4909 2392 4963 sed
2437 4925 2546 4964 non
2578 4910 2833 4963 confusas
2872 4909 3205 4963 substantias
3246 4908 3472 4963 alterili-

1909 5000 2141 5066 catione;
2176 5015 2341 5056 unam
2367 5001 2586 5070 quidem
2616 5001 2951 5071 hypostasin,
2986 5001 3120 5054 duas
3151 5016 3281 5055 vero
3311 5010 3473 5055 natu-

1908 5106 2027 5154 ras;
2054 5100 2111 5145 et
2143 5091 2358 5159 utrique
2380 5106 2565 5144 earnm
2596 5091 2868 5160 prepriam
2906 5091 3082 5144 tribuo
3114 5091 3469 5146 voluntatem.

1910 5182 2053 5236 Duas
2075 5182 2221 5236 enim
2254 5183 2559 5238 voluntates
2589 5184 2640 5236 in
2670 5183 2889 5236 Christo
2920 5198 3025 5236 non
3055 5182 3315 5248 minutas,
3345 5184 3472 5254 quia

1907 5282 1963 5325 et
1990 5273 2111 5325 dua:
2135 5273 2475 5341 operationcs
2502 5292 2514 5326 :
2545 5272 2793 5325 eumdem
2840 5272 3149 5341 passibilem
3184 5282 3238 5327 et
3272 5273 3472 5342 impas-

1908 5362 2141 5428 sibilem;
2176 5362 2580 5432 corruptibilem
2619 5370 2675 5416 et
2709 5361 3207 5430 incorruptibilem;
3239 5362 3473 5416 circum-

1907 5454 2263 5525 scriptibilem
2302 5465 2357 5509 et
2407 5453 3064 5521 incircumscriptibilem;
3118 5455 3220 5508 alia
3271 5470 3471 5523 appro-

1908 5546 2091 5615 prians
2121 5544 2412 5608 divinitati,
2445 5545 2550 5599 alia
2579 5545 2900 5600 humanitati
2934 5547 3260 5612 attribuens;
3293 5546 3470 5600 cruci-

1908 5638 2074 5691 ﬁxum
2106 5637 2385 5693 voluntate
2423 5651 2521 5707 pro
2557 5637 2734 5692 nobis.
2782 5637 2849 5693 Et
2893 5639 2986 5708 qui
3032 5639 3189 5694 nobis
3237 5638 3471 5708 praebuit

1910 5729 2279 5784 honorabilem
2309 5738 2364 5783 et
2394 5730 2754 5785 venerandam
2780 5730 3043 5795 Crucem,
3084 5728 3469 5783 destructionis

1911 5822 2096 5875 mortis
2125 5836 2340 5876 causam
2378 5837 2389 5875 :
2424 5821 2695 5890 sepultum
2736 5820 2986 5875 eumdem
3036 5836 3099 5874 ac
3139 5820 3192 5875 in
3242 5813 3469 5873 mortuis
