4052 6410
625 383 725 451 591

1761 379 2024 440 ΡΗΟΤΙΙ
2065 376 2573 439 PATRlAliCl-Mi
2609 377 2718 440 ΟΡ.

3743 379 3838 443 592

613 507 1085 558 eounumeratum.
1107 499 1210 565 Qui
1229 497 1386 553 tertia
1413 495 1501 550 die
1517 493 1670 564 juxta
1687 491 1860 561 ipsius
1871 491 2169 561 deiloquam

2285 490 2720 561 παρασχόμενον.
2782 489 3031 560 Ταφέντα
3086 507 3148 543 τε
3175 490 3268 543 τὸν
3299 490 3462 544 αὑτὸν
3503 491 3600 545 καὶ
3641 497 3838 563 νεκροῖς

618 606 806 648 vocem
839 606 868 644 a
901 591 1128 645 mortuis
1160 588 1453 644 resurrexit
1477 605 1490 641 :
1513 585 1712 656 quique
1738 585 1886 639 visus
1911 591 1996 639 est
2021 583 2183 637 disci-

616 685 778 754 pttlis,
808 693 864 738 et
891 699 1014 738 cum
1043 682 1148 736 illis
1179 681 1390 736 edendo
1417 677 1750 741 aebibendo,
1774 691 1991 731 omnem
2009 677 2185 732 ambi-

617 773 880 843 guitatem
911 786 974 825 ac
1002 771 1303 840 phantasia:
1331 768 1642 840 opinionem
1671 767 1740 822 ab
1778 767 1860 823 eis
1887 767 2181 823 submovit.

615 862 821 917 Deinde
867 871 924 916 et
969 860 1212 915 ascendit
1258 873 1363 912 una
1398 871 1521 912 cum
1568 863 1868 926 assumpta,
1907 857 2024 911 sive
2055 869 2179 911 cum

615 950 853 1004 animata
887 948 1068 1002 anima
1102 946 1423 1018 intelligenti
1462 957 1518 1000 et
1553 945 1801 1000 rationali
1848 946 2020 1016 ipsius
2053 961 2180 1015 pro-

615 1040 732 1110 pria
765 1053 950 1094 carne.
987 1039 1053 1093 Et
1082 1038 1277 1091 iterum
1310 1037 1512 1106 pariter
1539 1046 1801 1091 venturus
1828 1036 2007 1090 estad
2040 1035 2184 1106 judi-

614 1131 847 1185 candum
890 1129 1038 1183 vivos
1083 1137 1140 1183 et
1189 1138 1455 1184 mortuos.
1507 1127 1600 1183 Sic
1640 1129 1797 1183 ’enim
1826 1128 1960 1183 dicit
1996 1127 2179 1183 divina

615 1225 893 1296 Scriptura
911 1242 958 1277 ιι
975 1223 1164 1278 Veniet
1185 1223 1640 1292 quemadmodum
1663 1222 1874 1278 vidistis
1898 1237 2024 1278 eum
2047 1238 2181 1278 eun-

615 1325 723 1370 tem
753 1317 807 1371 in
835 1317 1054 1370 coelum.
1092 1335 1110 1368 ι

2283 583 2774 652 συναριθμηθέντα,
2825 584 2921 635 καὶ
2979 583 3303 653 τριήμερόν
3334 584 3477 636 κατά
3533 583 3638 654 rip:
3684 585 3835 638 αὐτοῦ

2279 676 2644 744 θεόφθεγκτον
2675 675 2860 744 φωνὴν
2889 675 2956 727 ὲκ
2979 673 3090 728 τῶν
3140 690 3350 744 νεκρων
3377 673 3708 735 ἀναστάντα,
3752 676 3836 728 καὶ

2278 770 2392 831 τοῖς
2436 765 2706 838 μαθηταῖς
2760 765 3016 832 ὀφθέντα,
3061 765 3158 819 καὶ
3192 763 3276 835 τῷ
3310 767 3620 835 συμφαγεῖν
3668 766 3835 830 αὐτοῖς

2279 861 2374 912 καὶ
2425 859 2682 928 συμπιεῖν
2747 859 2930 911 πᾶσαν
3002 856 3342 927 ἀμφιϐολίαν
3404 854 3503 909 καὶ
3551 857 3836 925 φαντασίας
3883 852 3888 858 ’

2283 949 2552 1021 ὑπόληψιν
2595 949 2777 1004 τέλεον
2834 949 3018 1003 αὐτῶν
3080 947 3527 1002 ἀπεσκευακότα.
3581 942 3714 1001 Εἶτα
3755 951 3836 1000 καλ

2281 1040 2658 1109 ἀναληφθέντα
2693 1040 2833 1110 μετὰ
2881 1038 2980 1092 τοῦ
3022 1039 3471 1112 προσλήμματος,
3501 1040 3669 1110 ἦγουν
3714 1041 3835 1108 μετὰ

2281 1135 2381 1200 τῆς
2414 1131 2821 1202 ὲμψυχωμένης
2851 1130 3000 1201 ψυχῇ
3022 1131 3185 1200 νοερᾷ
3212 1146 3270 1182 τε
3303 1130 3399 1183 καὶ
3422 1128 3616 1200 λογικῇ
3646 1130 3836 1193 οἰκείας

2283 1223 2451 1277 αὐτοῦ
2478 1222 2703 1295 σαρκὸς,
2741 1222 2837 1276 καὶ
2869 1222 3032 1276 πάλιν
3059 1221 3322 1282 ὡσαύτως
3350 1223 3646 1292 ἐρχόμενον
3671 1224 3750 1284 εἰς
3785 1223 3838 1274 τὺ

2284 1318 2468 1384 κρῖναι
2487 1313 2696 1380 ζῶντας
2711 1315 2805 1367 καὶ
2824 1313 3071 1384 νεκρούς.
3083 1331 3104 1365 ι
3122 1312 3308 1376 Οὕτως
3323 1313 3453 1382 γὰρ,
3467 1313 3606 1383 φησὶ
3620 1313 3681 1365 τὸ
3709 1312 3840 1382 ἱερὸν

610 1408 828 1476 Δόγιον,
876 1408 1177 1469 ἐλεύσεται,
1234 1407 1292 1460 ὃν
1333 1407 1530 1478 τρόπον
1556 1405 1855 1460 ἐθεάσασθε
1877 1405 2040 1459 αὑτὸν
2075 1405 2459 1476 πορευόμενον
2490 1405 2573 1470 εἰς
2611 1404 2703 1458 τὸν
2736 1403 2987 1476 οὐρανόν.
3018 1421 3039 1454 ι

687 1500 779 1554 Sic
821 1499 1064 1553 sentiens
1115 1509 1171 1552 et
1207 1498 1474 1553 conﬁtens
1510 1497 2024 1552 incommutabiliter
2055 1512 2175 1551 eam

552 1557 560 1636 Γ
613 1589 798 1655 ﬁdem,
828 1603 950 1658 quae
983 1587 1036 1641 in
1068 1587 1334 1641 catholica
1367 1599 1422 1642 et
1446 1588 1736 1657 apostolica
1784 1587 2024 1642 Ecclesia
2064 1597 2180 1642 sta-

548 1662 556 1729 Ϊ
613 1680 806 1736 bilitur
830 1688 887 1734 et
912 1679 1258 1749 praedicatur,
1274 1688 1488 1734 sanctas
1508 1689 1564 1734 et
1582 1680 1948 1734 meumenieas
1967 1689 2173 1749 septem

2355 1497 2512 1550 Οὕτω
2538 1496 2772 1567 φρονῶν,
2808 1497 2902 1548 καὶ
2924 1493 3258 1565 διομολογῶν
3294 1495 3734 1565 ἀπαρατρέπτως
3753 1499 3842 1567 τὴν

2285 1591 2344 1642 ὲν
2371 1593 2438 1660 τῇ
2469 1587 2728 1659 καθολικῇ
2754 1605 2814 1640 τε
2845 1588 2940 1640 καὶ
2967 1587 3296 1659 ἀποστολικῇ
3312 1588 3612 1660 Ἐκκλησία
3638 1590 3844 1660 ὲφιδρυ-

2287 1683 2460 1752 μένην
2489 1699 2548 1736 τε
2570 1684 2664 1735 καὶ
2710 1682 3132 1752 κηρυσσομένην
3181 1681 3385 1746 πίστιν,
3411 1683 3514 1745 τὰς
3551 1684 3718 1750 ἁγίας
3757 1687 3843 1738 καὶ

549 1763 558 1814 ὲ
613 1771 848 1842 synodos
908 1769 1129 1839 recipio.
1195 1769 1431 1824 Primam
1489 1769 1746 1840 quidem,
1797 1779 1983 1842 utpote
2049 1788 2169 1840 tunc

2282 1778 2668 1848 οἰκουμενικάς
2697 1778 2837 1830 ἑπτὰ
2884 1777 3137 1840 συνόδους
3187 1776 3556 1846 ἀποδέχομαι·
3602 1777 3704 1847 τὴν
3753 1780 3843 1847 μὲν

612 1862 823 1925 Arium,
854 1868 911 1915 et
957 1875 1053 1915 eos
1095 1861 1184 1930 qui
1231 1877 1356 1916 cum
1400 1877 1466 1915 eo
1511 1862 1838 1928 sentiebant,
1895 1878 2001 1916 una
2052 1880 2175 1919 eum

613 1966 805 2006 eorum
827 1949 1188 2005 abominanda
1217 1961 1483 2006 creatura:
1509 1946 1826 2008 adoratione
1851 1954 2084 2023 disrupit
2113 1970 2177 2010 ac

613 2043 830 2098 evertit.
859 2042 1169 2098 Secundum
1202 2059 1354 2104 vero,
1377 2059 1496 2113 qua:
1537 2045 1673 2099 lassa:
1701 2047 1898 2100 mentis
1928 2046 2178 2102 Macedo-

616 2133 765 2186 niuin
791 2133 859 2185 ab
880 2133 1243 2186 ecclesiastica
1273 2135 1656 2188 communione
1688 2137 2090 2201 exterminavit,
2122 2146 2178 2193 et

610 2223 864 2288 abscidit,
895 2223 984 2292 qui
1023 2223 1135 2292 pari
1166 2231 1328 2292 atque
1367 2224 1527 2278 Arius
1556 2225 1761 2279 insania
1794 2225 2089 2282 laborabat.
2118 2228 2174 2283 In

613 2317 878 2372 creaturis
896 2318 1039 2370 enim
1067 2317 1152 2372 hic
1172 2334 1387 2388 quoque
1408 2320 1828 2384 sanctissimum,
1854 2330 1908 2375 et
1931 2322 2175 2376 omnium

606 2408 859 2479 epiﬂccm
893 2423 1104 2478 ponens
1139 2408 1421 2478 Spiritum,
1456 2407 1758 2465 creaturam
1794 2412 2020 2468 adorare
2062 2429 2172 2468 non

599 2501 982 2554 erubescebat.
1009 2501 1489 2556 Verumenimvero
1533 2510 1588 2557 et
1639 2503 1888 2571 tertiam,
1918 2521 2039 2575 qua:
2077 2507 2173 2560 de-

600 2592 793 2663 posuit
813 2593 1040 2662 impium
1070 2591 1403 2658 Nestorium,
1424 2608 1487 2647 ac
1509 2595 1706 2649 evertit
1741 2596 2048 2652 innovatum
2106 2600 2174 2654 ab

607 2700 676 2739 eo
702 2687 810 2738 Deo
828 2699 1046 2739 exesam
1085 2684 1572 2754 superstitionem:
1607 2686 1694 2742 hic
1723 2688 1869 2742 enim
1915 2689 2168 2757 indivise,

607 2786 664 2831 et
688 2777 985 2832 secundum
1017 2777 1326 2847 hypostasin
1363 2779 1571 2832 unitum
1606 2779 1712 2835 Deo
1742 2781 1920 2835 Verbo
1951 2785 2170 2839 totalem

609 2869 883 2924 hominem
907 2868 1162 2922 audacter
1193 2876 1250 2922 et
1282 2868 1567 2924 dementer
1597 2886 1626 2923 a
1659 2871 1838 2924 divina
1873 2870 2028 2926 Verbi
2051 2875 2173 2928 abs-

609 2961 835 3014 trahens
891 2960 1165 3030 bypostasi
1185 3001 1200 3025 ,
1228 2960 1281 3012 in
1314 2960 1531 3030 propria
1561 2977 1683 3016 eum
1718 2964 1987 3034 bypostusi
2029 2982 2169 3032 esse,

606 3061 915 3107 monstroso
966 3051 1179 3106 dicebat
1236 3062 1292 3107 et
1345 3051 1761 3123 imaginabatur.
1829 3056 1909 3114 Ac
1969 3060 2174 3116 idcirco

2288 1870 2537 1941 πρώτην,
2587 1870 2686 1923 ἅτε
2721 1867 2784 1940 δὴ
2828 1870 3047 1939 Ἀρειον
3107 1868 3201 1922 καὶ
3246 1869 3372 1931 τοὺς
3415 1870 3840 1940 ὁμοφρονοῦντας

2284 1962 2435 2034 αύτῷ
2482 1964 2596 2033 ἅμα
2651 1963 2748 2032 τῆς
2782 1961 3075 2032 βδελυκτῆς
3107 1961 3288 2016 αὑτῶν
3321 1963 3841 2033 κτισματολατρείας

2283 2053 2649 2126 διαῤῥήξασάν
2673 2071 2733 2107 τε
2775 2056 2870 2108 καὶ
2904 2052 3270 2108 καθελοῦσαν·
3321 2055 3422 2122 τὴν
3462 2055 3522 2107 δὲ
3559 2055 3838 2125 δευτέραν,

2283 2149 2359 2210 ὡς
2387 2150 2476 2201 τὸν
2502 2149 2839 2218 φρενοδλαϐῆ
2862 2148 3193 2202 Μακεδόνων
3239 2147 3338 2218 τῆς
3387 2147 3840 2218 ὲκκλησιαστικῆς

2283 2240 2638 2309 χοροστασίαις
2691 2239 3156 2308 ὲξοστρακίσασάν
3215 2255 3275 2292 τε
3347 2241 3444 2291 καὶ
3501 2239 3838 2309 ὲκτεμοῦσαν

2295 2329 2492 2399 ’Λρείῳ
2521 2330 2908 2398 παραπλησίαν
2962 2329 3060 2400 τὴν
3106 2330 3300 2399 μανίαν
3341 2331 3715 2401 ὲκμεμηνότα.
3760 2331 3840 2383 Ἐν

2282 2421 2543 2492 κτίσμασι
2571 2423 2677 2492 γὰρ
2717 2423 2813 2474 καὶ
2841 2413 2997 2485 οὗτος
3015 2423 3075 2475 τὸ
3124 2423 3384 2490 πανάγιον
3443 2425 3536 2476 καὶ
3575 2441 3838 2494 παντουρ-

2281 2513 2376 2581 γὺν
2403 2512 2572 2576 τιθεὶς
2607 2514 2850 2584 Πνεῦμα,
2893 2516 3386 2584 κτισματολατρεῖν
3425 2516 3525 2568 οὐκ
3558 2517 3839 2585 ᾐσχύνετο.

2293 2606 2450 2659 Ἀλλά
2477 2623 2540 2674 γε
2557 2606 2620 2671 δὴ
2659 2607 2753 2659 καὶ
2795 2606 2896 2677 τὴν
2932 2606 3124 2676 τρίτην
3170 2607 3492 2679 καθαίρεσιν
3541 2605 3712 2662 οὖσαν
3750 2609 3838 2661 τοῦ

2279 2698 2572 2761 δυσσεϐοῦς
2599 2698 2933 2768 Νεστορίου,,
2968 2700 3065 2752 καὶ
3110 2700 3212 2769 τῆς
3255 2699 3403 2772 αὐτῷ
3446 2703 3839 2771 καινοποιηθεξ-

2281 2807 2378 2861 σης
2399 2789 2726 2858 θεοστυγοῦς
2753 2791 3197 2861 δεισιδαιμονίας.
3233 2785 3399 2859 οὗτος
3425 2793 3537 2864 γὰρ
3561 2796 3657 2848 τὸν
3680 2797 3840 2849 ἀδιαι-

2282 2883 2448 2950 ρέτως
2489 2882 2581 2936 καὶ
2611 2882 2732 2934 καθ’
2778 2883 3073 2934 ὑπόστασιν
3118 2882 3385 2942 ὲνωθέντα
3417 2884 3496 2954 τῷ
3540 2885 3666 2954 Θεῷ
3691 2887 3838 2954 Λόγῳ

2277 2974 2457 3027 ὑλικὸν
2485 2973 2768 3045 ἄνθρωπον
2796 2975 3081 3046 τολμηρῶς
3112 2979 3208 3030 καὶ
3237 2978 3491 3048 ἀφρόνως
3536 2979 3636 3048 τῆς
3661 2980 3838 3047 θεῖκῆς

2277 3065 2372 3120 τοῦ
2392 3067 2567 3136 Λόγου
2599 3067 2847 3122 διασπῶν
2865 3068 3235 3134 ὑποστάσεως,
3263 3071 3667 3124 ἰδιοῦπόστατον
3686 3073 3838 3125 αὐτὸν

594 3143 814 3196 nudum
849 3142 1125 3198 hominem
1148 3159 1272 3197 eum
1295 3145 1389 3214 qui
1417 3162 1580 3200 carne
1609 3161 1955 3217 apparuerat,
1978 3149 2169 3206 Filium

2274 3159 2648 3229 ὲτερατολόγει
2678 3177 2738 3212 τε
2763 3161 2860 3216 καὶ
2889 3161 3241 3230 ὲφαντάζετο.
3276 3165 3367 3216 Διὸ
3390 3165 3486 3217 καὶ
3529 3163 3694 3230 ψιλὸν
3747 3166 3838 3218 ἀν-

607 3242 665 3288 et
692 3233 930 3288 Verbum
961 3232 1057 3287 Dei
1087 3235 1386 3301 somnians,
1427 3248 1822 3306 consequenter
1854 3241 1944 3296 hic
1985 3243 2171 3298 infelix

597 3325 882 3394 appellare
921 3325 1316 3379 sanctissimam
1363 3328 1453 3381 Dei
1501 3327 1832 3385 Genitricem
1885 3332 2173 3404 Deiparam

605 3415 825 3485 preprie
873 3416 1181 3484 abnegavit.
1217 3416 1472 3482 Quartam
1502 3429 1706 3486 autem,
1738 3431 1800 3476 ut
1840 3439 1960 3493 quae
2005 3423 2173 3496 Euty-

605 3506 772 3570 chen,
793 3506 1098 3576 dysticlien,
1118 3507 1169 3561 id
1194 3517 1296 3570 est,
1324 3509 1594 3564 infelicem
1621 3526 1685 3567 ac
1705 3513 1992 3568 scelestum
2043 3515 2172 3569 Dio-

603 3612 820 3651 scorum
843 3597 1009 3665 elisit,
1039 3607 1200 3668 atque
1215 3601 1691 3656 anathematizavit
1716 3620 1819 3656 una
1839 3622 1960 3658 eum
1983 3621 2171 3661 eorum

604 3688 950 3758 imaginativa
1010 3690 1283 3744 dementia
1311 3731 1326 3756 ,
1373 3708 1672 3762 eorumque
1717 3697 1867 3748 omni
1927 3708 2165 3751 caterva.

594 3777 817 3833 Domini
847 3780 994 3833 enim
1025 3796 1244 3835 carnem
1272 3797 1384 3835 non
1435 3799 1556 3838 esse
1605 3785 1761 3839 nobis
1808 3788 2170 3842 consubstan-

603 3869 809 3931 tialem,
848 3869 1019 3924 delire
1063 3873 1398 3936 asserebant,
1440 3874 1534 3927 sed
1593 3891 1654 3928 ex
1702 3877 1912 3932 duabus
1951 3879 2168 3947 quidem

603 3960 815 4015 naturis
838 3961 1094 4014 unionem
1124 3961 1316 4016 factam
1339 3979 1482 4031 esse,
1504 3965 1557 4018 in
1583 3981 1745 4020 unam
1773 3983 1899 4021 vero
1918 3978 2167 4026 naturam

603 4059 727 4122 post
767 4052 1068 4106 unitionem
1110 4065 1486 4124 consumptam
1539 4055 1708 4111 fuisse
1746 4059 1992 4114 neutrius
2033 4075 2168 4114 con-

602 4151 910 4197 servantem
941 4145 1321 4214 preprietates,
1356 4162 1458 4202 nec
1487 4149 1719 4213 divinze,
1755 4165 1857 4205 nec
1891 4167 2021 4206 vero
2065 4153 2168 4206 hu-

602 4245 801 4285 manae.
842 4229 1100 4298 Quintam
1157 4235 1357 4301 etiam,
1399 4253 1520 4306 qua:
1575 4240 1780 4294 excidit
1829 4258 1892 4296 ac
1947 4245 2168 4312 penitus

599 4321 862 4374 exstinxit
903 4337 964 4376 ea
1012 4339 1132 4392 quae
1172 4325 1224 4377 in
1261 4329 1556 4394 perniciem
1606 4339 1890 4388 auctorum
1942 4350 2165 4391 suorum

598 4412 1022 4479 suscitabantur,
1065 4417 1322 4472 scelerata
1360 4419 1630 4489 dogmata,
1674 4432 1731 4478 et
1778 4435 1966 4494 partus
2017 4429 2166 4499 impii

597 4499 855 4564 Nestorii,
887 4504 978 4572 qui
1016 4507 1176 4576 regiae
1201 4509 1350 4563 urbis
1381 4509 1497 4564 sine
1546 4513 1653 4567 Deo
1681 4490 1924 4584 pontifex
1953 4490 2158 4583 fuerat,
2199 4490 2241 4544 θ

596 4600 654 4648 et
671 4591 969 4659 Theodori,
991 4599 1084 4666 qui
1110 4597 1472 4668 Mepsuestise,
1494 4604 1663 4676 magis
1689 4607 1852 4661 etiam
1884 4609 2000 4664 sine
2027 4611 2158 4678 Deo,

596 4686 970 4758 episcopatum
1013 4700 1285 4760 gesserat;
1335 4702 1448 4748 tum
1489 4710 1607 4762 eos,
1654 4707 1768 4753 tum
1809 4716 2022 4770 omnes,
2069 4706 2159 4773 qui

593 4777 785 4832 eadem
829 4795 935 4848 qua
984 4780 1055 4834 illi
1106 4797 1241 4836 vana
1292 4787 1558 4841 sententia
1605 4793 1975 4860 aagrotabant;
2029 4796 2159 4864 quin

593 4868 757 4923 etiam
803 4879 860 4924 et
905 4887 1026 4940 qua:
1065 4873 1382 4930 dilaceravit
1425 4887 1481 4932 et
1521 4879 1819 4936 dcmessnit
1848 4884 2155 4956 Origenem,

594 4959 899 5030 Didymum,
944 4963 1253 5035 Evagrium,
1295 4969 1386 5037 qui
1432 4971 1642 5025 ratione
1689 4990 1813 5028 cum
1869 4978 2159 5046 gentilibus

592 5061 925 5120 congruente
958 5069 1022 5108 ac
1051 5056 1340 5126 insipiente
1369 5063 1638 5117 sententia
1666 5064 1721 5117 in
1755 5066 2005 5120 uitiatum
2031 5085 2157 5138 pro-

591 5139 818 5194 fundum
866 5142 976 5198 Deo
1027 5149 1350 5202 adversaria:
1401 5156 1768 5220 persuasionis
1824 5157 2154 5213 inciderunt.

588 5230 727 5284 Cum
755 5233 898 5286 enim
929 5237 1125 5305 gradus
1155 5248 1209 5292 et
1248 5239 1532 5298 inferiores
1570 5246 1729 5301 sedes
1762 5247 1990 5303 Deitatis
2023 5266 2156 5304 con-

587 5319 895 5387 ﬂuxissent,
916 5334 969 5378 et
989 5329 1287 5385 animarum
1314 5335 1794 5402 przeexsistentias,
1826 5356 1890 5393 ac
1926 5342 2156 5397 eihnxus

585 5416 643 5463 et
708 5408 1038 5468 decidentias
1093 5422 1440 5488 respectionis
1501 5439 1686 5479 earum
1743 5431 1812 5481 ad
1865 5429 2038 5484 Deum
2099 5434 2152 5486 in

585 5500 778 5570 seipsis
827 5505 1238 5571 constituentes,
1274 5527 1475 5580 easque
1517 5516 1570 5568 in
1617 5517 1824 5572 diversa
1872 5531 1926 5574 et
1967 5523 2152 5577 multi-

581 5591 776 5648 formia
809 5610 1034 5665 corpora
1059 5609 1482 5666 transvasantes,
1522 5614 1578 5659 et
1619 5617 2064 5679 transmutantes;
2100 5624 2154 5668 et

582 5684 745 5748 tinem
776 5690 1184 5758 suppliciorum,
1219 5709 1283 5748 ac
1326 5695 1631 5753 daemonum
1660 5702 2092 5770 restitutionem,
2121 5725 2151 5762 e

588 5789 782 5835 ventre
821 5782 984 5852 (sicut
1014 5783 1234 5854 dicitur)
1271 5795 1601 5857 eructantcs,
1645 5793 1820 5850 libero
1853 5805 1906 5852 et
1941 5809 2144 5868 aperto,

2277 3249 2493 3320 θρωπον
2546 3251 2640 3304 τὸν
2701 3254 2864 3323 σαρκὶ
2891 3254 3222 3322 ἐπιφανέντα
3258 3254 3388 3308 Υἱδν
3429 3255 3525 3308 καὶ
3546 3257 3723 3324 Λόγον
3750 3256 3835 3308 τοῦ

2275 3344 2408 3397 Θεοῦ
2442 3343 2754 3416 όνειρώξας,
2785 3345 3094 3408 ἀκολούθως
3119 3347 3487 3418 όίτρισάθλιος
3531 3349 3720 3401 καλεῖν
3744 3350 3836 3403 τὶν

2275 3437 2546 3504 παναγίαν
2569 3437 2854 3502 Θεοτόκον,
2893 3439 3159 3492 Θεοτόκον
3186 3439 3415 3509 κυρίως,
3466 3441 3834 3512 ἀπηρνήσατο.

2273 3529 2385 3599 Τὴν
2417 3529 2473 3581 δὲ
2497 3529 2784 3600 τετάρτην,
2809 3530 2884 3594 ὡς
2909 3530 3000 3583 τὸν
3027 3530 3268 3601 δυστυχῆ
3301 3531 3539 3602 Εὐτυχῆ,
3571 3535 3666 3585 καὶ
3689 3535 3833 3586 Διόσ-

2274 3635 2432 3689 κορον
2463 3619 2558 3671 τὸν
2595 3619 2872 3689 ἀλάστορα
2912 3621 3301 3693 διαταράξασαν
3353 3623 3446 3674 καὶ
3505 3624 3828 3692 ἀναθεματί-

2274 3724 2445 3760 σασαν
2473 3707 2610 3776 μετὰ
2633 3709 2732 3776 τῆς
2753 3709 3157 3777 φαντασιώδους
3182 3711 3362 3763 αὐτῶν
3389 3711 3829 3780 φρενοδλαὸεἱας,

2271 3799 2367 3852 καὶ
2422 3799 2598 3867 πάσης
2648 3798 2826 3851 αὐτῶν
2867 3797 2968 3868 τῆς
3035 3801 3370 3870 συμμορίας.
3423 3791 3534 3871 Τὴν
3587 3803 3699 3872 γὰρ
3745 3801 3830 3855 τοῦ

2271 3889 2477 3959 Κυρίου
2510 3889 2685 3958 σάρκα
2719 3890 2794 3960 μὴ
2826 3885 2966 3945 εἶναι
2995 3893 3127 3963 ἡμῖν
3172 3891 3459 3961 όμοούσιον
3509 3893 3830 3964 ὲληρῴδουν,

2270 3980 2385 4032 ἀλλ’
2413 3983 2478 4033 ἐκ
2505 3980 2600 4033 δύο
2631 3981 2730 4051 μὲν
2786 3982 3002 4051 φύσεων
3041 3983 3140 4056 τὴν
3195 3983 3388 4036 ενωσιν
3436 3987 3718 4052 γενέσθαι,
3759 3987 3832 4047 si;

2273 4071 2401 4139 μίαν
2430 4071 2488 4123 δὲ
2513 4071 2649 4141 μετὰ
2679 4071 2778 4143 τὴν
2799 4073 2994 4128 ἕνωσιν
3021 4075 3464 4146 συναναλωθῆναι
3509 4077 3700 4145 φύσιν,
3733 4097 3832 4149 μη-

2267 4160 2483 4230 δετέρας
2513 4161 2902 4226 ἀποσώζουσαν
2933 4165 2998 4218 τὰ
3021 4163 3305 4236 ἰδιώματα,
3347 4168 3481 4236 μήτε
3502 4167 3605 4235 τῆς
3629 4167 3828 4237 θεῖκῆς.

2274 4254 2408 4323 μήτε
2467 4254 2572 4324 μὴν
2615 4254 2718 4324 τῆς
2752 4255 3121 4326 ἀνθρωπίνης.
3177 4258 3285 4311 Καὶ
3317 4259 3417 4327 τὴν
3457 4260 3722 4330 πέμπτην
3756 4261 3827 4320 δὲ,

2268 4343 2341 4406 ὡς
2368 4345 2708 4414 ἔκτεμοῦσάν
2761 4361 2823 4400 τε
2882 4348 2974 4400 καὶ
3027 4347 3498 4418 ἀποτεφρώσασαν
3537 4351 3730 4428 ξτέλεον
3766 4353 3828 4403 τὰ

2269 4436 2356 4486 ἐπ’
2384 4435 2590 4505 ὀλέθρῳ
2615 4435 2725 4488 τῶν
2753 4438 3160 4505 γεγεννηκότων
3176 4439 3647 4510 ἀναρριπιζόμενα
3669 4445 3829 4511 μιαρὰ

2267 4527 2513 4597 δόγματά
2549 4545 2608 4579 τε
2637 4528 2733 4580 καὶ
2765 4530 3024 4598 κυήματα
3053 4530 3149 4582 τοῦ
3189 4529 3481 4594 δυσσεϐοῦς
3542 4531 3827 4601 Νεστορίου

2266 4619 2361 4672 τοῦ
2384 4620 2482 4690 τῆς
2509 4620 2779 4688 βασιλίδος
2809 4623 2981 4684 ἀθέως
3015 4623 3459 4693 ἱεραρχήσαντος,
3491 4627 3588 4680 καὶ
3624 4625 3824 4678 Θεοδώ-

2269 4729 2361 4784 ρου
2398 4713 2495 4764 τοῦ
2523 4713 2947 4783 Μομψουεστίας
2980 4715 3286 4787 ἀθεώτερον
3333 4719 3825 4788 ὲπισκοπήσαντος,

2266 4805 2463 4868 αύτούς
2491 4823 2572 4868 τε,
2626 4808 2721 4861 καὶ
2769 4809 2977 4872 πάντας
3013 4810 3140 4872 τοὺς
3175 4809 3275 4880 τὴν
3309 4809 3477 4880 αὐτὴν
3514 4811 3700 4874 αὐτοῖς
3731 4829 3826 4881 μα-

2265 4897 2662 4966 ταιοφροσύνην
2689 4901 3112 4971 ἑκνοσήσαντας.
3137 4901 3214 4953 Οὐ
3243 4901 3349 4969 μὴν
3373 4901 3510 4954 ἀλλά
3539 4919 3603 4969 γε
3631 4903 3697 4971 δὴ
3735 4902 3822 4954 καὶ

2265 4987 2340 5049 ὡς
2391 4989 2768 5042 διασπάσασάν
2828 5008 2886 5043 τε
2945 4993 3038 5044 καὶ
3098 4971 3462 5063 ἐκθερίσασαν
3525 4993 3819 5062 Ὠριγένην,

2266 5079 2521 5148 Δίδυμον.
2560 5081 2828 5152 Εύάγριον
2859 5083 3239 5155 Ἕλληνόφρονι
3272 5083 3519 5155 λογισμῷ
3551 5085 3646 5137 καὶ
3668 5086 3821 5136 ἀστυν-

2264 5170 2370 5238 έτῳ
2407 5170 2602 5241 γνώμῃ
2626 5173 2704 5233 εἰς
2727 5172 2950 5242 ἔσχατον
3007 5174 3167 5242 βυθὸν
3197 5175 3489 5246 ἀθεότητος
3527 5177 3817 5244 ἐμπεπτω-

2263 5260 2446 5313 κότας.
2481 5261 2729 5332 Βαθμοὺς
2751 5263 2860 5333 γὰρ
2884 5265 2974 5314 καὶ
2997 5264 3288 5329 ὑποδείσεις
3309 5266 3564 5335 θεότητος
3586 5265 3817 5319 ἀναπλὰ-

2263 5367 2476 5414 σαντες,
2508 5356 2602 5407 καὶ
2644 5354 2834 5424 ψυχῶν
2867 5359 3262 5428 προῦπάρξεις,
3300 5360 3393 5411 καὶ
3445 5361 3550 5428 τῆς
3596 5359 3731 5428 πρὸς
3760 5358 3819 5409 τὸ

2266 5444 2422 5496 Θεῖον
2455 5445 2632 5498 αὐτῶν
2654 5446 2888 5507 νεύσεως
2918 5449 3215 5517 ἀπορροίας
3241 5467 3298 5501 τε
3349 5451 3446 5503 καὶ
3475 5450 3814 5503 ἀποπτὼσει;

2259 5538 2317 5587 ἐν
2336 5537 2544 5598 ἑαυτοῖς
2573 5537 2993 5605 ὑποστήσαντες,
3019 5541 3098 5599 εἰς
3120 5539 3348 5608 διάφορὰ
3369 5556 3427 5591 τε
3446 5544 3542 5593 καὶ
3571 5541 3810 5607 πολυειδῆ

2262 5623 2487 5693 σώματα
2515 5626 2939 5690 υμεταγγίζοντες
2982 5629 3206 5687 ταύτας.
3247 5627 3340 5677 καὶ
3376 5626 3808 5695 μεταϐάλλοντες.

2259 5715 2351 5766 καὶ
2403 5714 2553 5775 τέλος
2587 5716 2879 5780 κολάσεων,
2916 5717 3010 5769 καὶ
3056 5716 3323 5784 δαιμόνων
3352 5717 3805 5776 ἀποκατάστασιν,

2261 5801 2316 5853 τὸ
2350 5801 2415 5872 δὴ
2449 5800 2741 5871 λεγόμενον
2773 5805 2880 5858 ἀπὸ
2905 5805 3112 5869 κοιλίας
3156 5805 3504 5876 ἐρευγόμενοι
3526 5805 3808 5876 ἀθυροστο-
