  <div class='ocr_page' id='page_1' title='image "/cluster/home/n/w/nwhite01/storage/ocr_20150623/102/hvd.32044012543948/304.png"; bbox 0 0 4052 6412; ppageno 0'>
   <div class='ocr_carea' id='block_1_1' title="bbox 250 352 3478 431">
    <p class='ocr_par' dir='ltr' id='par_1_1' title="bbox 250 352 3478 431">
     <span class='ocr_line' id='line_1_1' title="bbox 250 352 3478 431; baseline -0.002 -1"><span class='ocrx_word' id='word_1_1' title='bbox 250 366 363 430; x_wconf 80' lang='lat'><strong>593</strong></span> <span class='ocrx_word' id='word_1_2' title='bbox 1406 366 1939 431; x_wconf 83' lang='lat' dir='ltr'><strong>EPISTOLARUM</strong></span> <span class='ocrx_word' id='word_1_3' title='bbox 1982 352 2215 428; x_wconf 79' lang='lat' dir='ltr'><strong>LI&#39;BER</strong></span> <span class='ocrx_word' id='word_1_4' title='bbox 2251 367 2302 426; x_wconf 90' lang='lat'><strong>1.</strong></span> <span class='ocrx_word' id='word_1_5' title='bbox 3375 361 3478 424; x_wconf 75' lang='lat'><strong>594</strong></span> 
     </span>
    </p>
   </div>
   <div class='ocr_carea' id='block_1_2' title="bbox 252 472 1852 551">
    <p class='ocr_par' dir='ltr' id='par_1_2' title="bbox 252 472 1852 551">
     <span class='ocr_line' id='line_1_2' title="bbox 252 472 1852 551; baseline -0.001 -22"><span class='ocrx_word' id='word_1_6' title='bbox 252 493 370 545; x_wconf 87' lang='grc' dir='ltr'><strong>μως</strong></span> <span class='ocrx_word' id='word_1_7' title='bbox 390 472 798 551; x_wconf 60' lang='grc' dir='ltr'>ἐμυθολόγησαν</span> <span class='ocrx_word' id='word_1_8' title='bbox 822 474 918 530; x_wconf 76' lang='grc' dir='ltr'><strong>καὶ</strong></span> <span class='ocrx_word' id='word_1_9' title='bbox 950 473 1343 547; x_wconf 74' lang='grc' dir='ltr'>ἐρῤαψῴδησαν</span> <span class='ocrx_word' id='word_1_10' title='bbox 1364 490 1377 505; x_wconf 82' lang='lat'><strong><em>°</em></strong></span> <span class='ocrx_word' id='word_1_11' title='bbox 1420 474 1556 529; x_wconf 86' lang='grc' dir='ltr'><strong>άλλά</strong></span> <span class='ocrx_word' id='word_1_12' title='bbox 1602 475 1694 528; x_wconf 80' lang='grc' dir='ltr'><strong>καὶ</strong></span> <span class='ocrx_word' id='word_1_13' title='bbox 1722 476 1817 545; x_wconf 80' lang='grc' dir='ltr'>τὴν</span> <span class='ocrx_word' id='word_1_14' title='bbox 1844 522 1852 533; x_wconf 45' lang='grc' dir='ltr'><em>α</em></span> 
     </span>
    </p>
   </div>
   <div class='ocr_carea' id='block_1_3' title="bbox 1877 472 3477 551">
    <p class='ocr_par' dir='ltr' id='par_1_3' title="bbox 1877 474 3477 540">
     <span class='ocr_line' id='line_1_3' title="bbox 1877 474 3477 540; baseline -0.003 -8"><span class='ocrx_word' id='word_1_15' title='bbox 1877 493 1895 532; x_wconf 67' lang='grc' dir='ltr'><strong>ι</strong></span> <span class='ocrx_word' id='word_1_16' title='bbox 1918 475 2080 529; x_wconf 91' lang='lat' dir='ltr'><strong>nullis</strong></span> <span class='ocrx_word' id='word_1_17' title='bbox 2105 474 2375 540; x_wconf 77' lang='lat' dir='ltr'><strong>claustris,</strong></span> <span class='ocrx_word' id='word_1_18' title='bbox 2407 489 2502 530; x_wconf 89' lang='lat' dir='ltr'><strong>ore</strong></span> <span class='ocrx_word' id='word_1_19' title='bbox 2530 474 2751 529; x_wconf 77' lang='lat' dir='ltr'><strong>fabulati</strong></span> <span class='ocrx_word' id='word_1_20' title='bbox 2779 482 2928 535; x_wconf 89' lang='lat' dir='ltr'><strong>sunt,</strong></span> <span class='ocrx_word' id='word_1_21' title='bbox 2953 481 3009 528; x_wconf 90' lang='lat' dir='ltr'><strong>et</strong></span> <span class='ocrx_word' id='word_1_22' title='bbox 3045 482 3353 528; x_wconf 89' lang='lat' dir='ltr'><strong>commenta</strong></span> <span class='ocrx_word' id='word_1_23' title='bbox 3380 489 3477 528; x_wconf 81' lang='lat' dir='ltr'><strong>sua</strong></span> 
     </span>
    </p>
   </div>
   <div class='ocr_carea' id='block_1_4' title="bbox 250 562 1850 639">
    <p class='ocr_par' dir='ltr' id='par_1_4' title="bbox 250 568 1817 639">
     <span class='ocr_line' id='line_1_4' title="bbox 250 568 1817 639; baseline 0.001 -19"><span class='ocrx_word' id='word_1_24' title='bbox 250 570 419 637; x_wconf 74' lang='grc' dir='ltr'>ἕκτην</span> <span class='ocrx_word' id='word_1_25' title='bbox 447 568 523 635; x_wconf 85' lang='grc' dir='ltr'>ὡς</span> <span class='ocrx_word' id='word_1_26' title='bbox 549 568 931 639; x_wconf 77' lang='grc' dir='ltr'>ἁπορρίψασάν</span> <span class='ocrx_word' id='word_1_27' title='bbox 974 586 1035 621; x_wconf 85' lang='grc' dir='ltr'><strong>τε</strong></span> <span class='ocrx_word' id='word_1_28' title='bbox 1069 569 1166 621; x_wconf 73' lang='grc' dir='ltr'>καὶ</span> <span class='ocrx_word' id='word_1_29' title='bbox 1213 569 1645 622; x_wconf 87' lang='grc' dir='ltr'>κατασπάσασαν</span> <span class='ocrx_word' id='word_1_30' title='bbox 1692 570 1817 632; x_wconf 80' lang='grc' dir='ltr'>τοὺς</span> 
     </span>
    </p>
   </div>
   <div class='ocr_carea' id='block_1_5' title="bbox 1880 562 3480 639">
    <p class='ocr_par' dir='ltr' id='par_1_5' title="bbox 1920 562 3480 633">
     <span class='ocr_line' id='line_1_5' title="bbox 1920 562 3480 633; baseline -0.001 -14"><span class='ocrx_word' id='word_1_31' title='bbox 1920 575 2274 620; x_wconf 89' lang='lat' dir='ltr'><strong>consuerunt.</strong></span> <span class='ocrx_word' id='word_1_32' title='bbox 2310 565 2418 620; x_wconf 88' lang='lat' dir='ltr'><strong>Sed</strong></span> <span class='ocrx_word' id='word_1_33' title='bbox 2465 574 2522 620; x_wconf 91' lang='lat' dir='ltr'><strong>et</strong></span> <span class='ocrx_word' id='word_1_34' title='bbox 2567 573 2796 629; x_wconf 79' lang='lat' dir='ltr'><strong>sextam,</strong></span> <span class='ocrx_word' id='word_1_35' title='bbox 2824 572 2884 619; x_wconf 89' lang='lat' dir='ltr'><strong>ut</strong></span> <span class='ocrx_word' id='word_1_36' title='bbox 2914 579 3034 633; x_wconf 70' lang='lat' dir='ltr'><strong>quae</strong></span> <span class='ocrx_word' id='word_1_37' title='bbox 3056 562 3256 633; x_wconf 71' lang='lat' dir='ltr'><strong>abiecit</strong></span> <span class='ocrx_word' id='word_1_38' title='bbox 3291 577 3357 617; x_wconf 92' lang='lat' dir='ltr'><strong>ac</strong></span> <span class='ocrx_word' id='word_1_39' title='bbox 3386 563 3480 618; x_wconf 89' lang='lat' dir='ltr'><strong>de-</strong></span> 
     </span>
    </p>
   </div>
   <div class='ocr_carea' id='block_1_6' title="bbox 250 654 1850 733">
    <p class='ocr_par' dir='ltr' id='par_1_6' title="bbox 250 661 1820 733">
     <span class='ocr_line' id='line_1_6' title="bbox 250 661 1820 733; baseline 0 -20"><span class='ocrx_word' id='word_1_40' title='bbox 250 661 397 732; x_wconf 63' lang='grc' dir='ltr'>άμφὶ</span> <span class='ocrx_word' id='word_1_41' title='bbox 438 661 712 733; x_wconf 85' lang='grc' dir='ltr'>Ὀνὼριον,</span> <span class='ocrx_word' id='word_1_42' title='bbox 776 661 872 714; x_wconf 77' lang='grc' dir='ltr'><strong>καὶ</strong></span> <span class='ocrx_word' id='word_1_43' title='bbox 916 661 1161 731; x_wconf 76' lang='grc' dir='ltr'>Σέργιον,</span> <span class='ocrx_word' id='word_1_44' title='bbox 1215 664 1307 715; x_wconf 77' lang='grc' dir='ltr'><strong>καὶ</strong></span> <span class='ocrx_word' id='word_1_45' title='bbox 1340 662 1650 731; x_wconf 85' lang='grc' dir='ltr'>Μακάριον,</span> <span class='ocrx_word' id='word_1_46' title='bbox 1693 661 1820 724; x_wconf 85' lang='grc' dir='ltr'><strong>τούς</strong></span> 
     </span>
    </p>
   </div>
   <div class='ocr_carea' id='block_1_7' title="bbox 1876 654 3476 733">
    <p class='ocr_par' dir='ltr' id='par_1_7' title="bbox 1918 654 3476 726">
     <span class='ocr_line' id='line_1_7' title="bbox 1918 654 3476 726; baseline -0.001 -17"><span class='ocrx_word' id='word_1_47' title='bbox 1918 656 2102 710; x_wconf 89' lang='lat' dir='ltr'><strong>molita</strong></span> <span class='ocrx_word' id='word_1_48' title='bbox 2129 666 2230 721; x_wconf 89' lang='lat' dir='ltr'><strong>est,</strong></span> <span class='ocrx_word' id='word_1_49' title='bbox 2272 655 2569 711; x_wconf 86' lang='lat' dir='ltr'><strong>Honorium</strong></span> <span class='ocrx_word' id='word_1_50' title='bbox 2588 656 2664 725; x_wconf 59' lang='grc' dir='ltr'><strong>(ἓ)</strong></span> <span class='ocrx_word' id='word_1_51' title='bbox 2693 666 2748 711; x_wconf 87' lang='lat' dir='ltr'><strong>et</strong></span> <span class='ocrx_word' id='word_1_52' title='bbox 2775 655 3047 726; x_wconf 83' lang='lat' dir='ltr'><strong>Sergium,</strong></span> <span class='ocrx_word' id='word_1_53' title='bbox 3074 664 3134 709; x_wconf 91' lang='lat' dir='ltr'><strong>et</strong></span> <span class='ocrx_word' id='word_1_54' title='bbox 3161 654 3476 717; x_wconf 83' lang='lat' dir='ltr'><strong>Macarium,</strong></span> 
     </span>
    </p>
   </div>
   <div class='ocr_carea' id='block_1_8' title="bbox 248 747 1848 824">
    <p class='ocr_par' dir='ltr' id='par_1_8' title="bbox 248 753 1821 824">
     <span class='ocr_line' id='line_1_8' title="bbox 248 753 1821 824; baseline -0.001 -17"><span class='ocrx_word' id='word_1_55' title='bbox 248 754 639 824; x_wconf 79' lang='grc' dir='ltr'>τερατολὸγους</span> <span class='ocrx_word' id='word_1_56' title='bbox 669 755 762 807; x_wconf 77' lang='grc' dir='ltr'><strong>καὶ</strong></span> <span class='ocrx_word' id='word_1_57' title='bbox 784 755 1139 824; x_wconf 79' lang='grc' dir='ltr'><strong>παράφρονας</strong></span> <span class='ocrx_word' id='word_1_58' title='bbox 1169 753 1287 823; x_wconf 73' lang='grc' dir='ltr'><strong>ἅμα</strong></span> <span class='ocrx_word' id='word_1_59' title='bbox 1324 755 1527 817; x_wconf 80' lang='grc' dir='ltr'>αὐτοῖς,</span> <span class='ocrx_word' id='word_1_60' title='bbox 1559 754 1653 806; x_wconf 74' lang='grc' dir='ltr'><strong>καὶ</strong></span> <span class='ocrx_word' id='word_1_61' title='bbox 1693 753 1821 816; x_wconf 78' lang='grc' dir='ltr'>τοὺς</span> 
     </span>
    </p>
   </div>
   <div class='ocr_carea' id='block_1_9' title="bbox 1883 747 3483 824">
    <p class='ocr_par' dir='ltr' id='par_1_9' title="bbox 1918 747 3483 814">
     <span class='ocr_line' id='line_1_9' title="bbox 1918 747 3483 814; baseline -0.002 -13"><span class='ocrx_word' id='word_1_62' title='bbox 1918 748 2248 813; x_wconf 82' lang='lat' dir='ltr'><strong>monstruosi</strong></span> <span class='ocrx_word' id='word_1_63' title='bbox 2278 747 2528 803; x_wconf 82' lang='lat' dir='ltr'><strong>homines</strong></span> <span class='ocrx_word' id='word_1_64' title='bbox 2552 747 2821 803; x_wconf 85' lang='lat' dir='ltr'><strong>sermonis</strong></span> <span class='ocrx_word' id='word_1_65' title='bbox 2846 762 2908 802; x_wconf 89' lang='lat' dir='ltr'><strong>ac</strong></span> <span class='ocrx_word' id='word_1_66' title='bbox 2932 747 3237 810; x_wconf 89' lang='lat' dir='ltr'><strong>dementes,</strong></span> <span class='ocrx_word' id='word_1_67' title='bbox 3267 760 3483 814; x_wconf 87' lang='lat' dir='ltr'><strong>unaque</strong></span> 
     </span>
    </p>
   </div>
   <div class='ocr_carea' id='block_1_10' title="bbox 249 836 1849 915">
    <p class='ocr_par' dir='ltr' id='par_1_10' title="bbox 249 844 1820 915">
     <span class='ocr_line' id='line_1_10' title="bbox 249 844 1820 915; baseline -0.001 -18"><span class='ocrx_word' id='word_1_68' title='bbox 249 846 352 915; x_wconf 80' lang='grc' dir='ltr'>τὴν</span> <span class='ocrx_word' id='word_1_69' title='bbox 404 846 584 899; x_wconf 85' lang='grc' dir='ltr'>αὐτῶν</span> <span class='ocrx_word' id='word_1_70' title='bbox 637 845 953 898; x_wconf 75' lang='grc' dir='ltr'>δυσσέϐειαν</span> <span class='ocrx_word' id='word_1_71' title='bbox 1012 845 1264 911; x_wconf 86' lang='grc' dir='ltr'>ἀκρατῶς</span> <span class='ocrx_word' id='word_1_72' title='bbox 1304 844 1820 915; x_wconf 81' lang='grc' dir='ltr'>ἐναπομαξαμένους</span> 
     </span>
    </p>
   </div>
   <div class='ocr_carea' id='block_1_11' title="bbox 1882 836 3482 915">
    <p class='ocr_par' dir='ltr' id='par_1_11' title="bbox 1920 836 3482 909">
     <span class='ocr_line' id='line_1_11' title="bbox 1920 836 3482 909; baseline -0.002 -17"><span class='ocrx_word' id='word_1_73' title='bbox 1920 855 2044 893; x_wconf 91' lang='lat' dir='ltr'><strong>cum</strong></span> <span class='ocrx_word' id='word_1_74' title='bbox 2078 838 2179 908; x_wconf 87' lang='lat' dir='ltr'><strong>ipsi</strong></span> <span class='ocrx_word' id='word_1_75' title='bbox 2218 854 2312 894; x_wconf 91' lang='lat' dir='ltr'><strong>eos</strong></span> <span class='ocrx_word' id='word_1_76' title='bbox 2349 840 2441 909; x_wconf 90' lang='lat' dir='ltr'><strong>qui</strong></span> <span class='ocrx_word' id='word_1_77' title='bbox 2468 838 2712 894; x_wconf 84' lang='lat' dir='ltr'><strong>eamdem</strong></span> <span class='ocrx_word' id='word_1_78' title='bbox 2740 838 3074 908; x_wconf 85' lang='lat' dir='ltr'><strong>impietatem</strong></span> <span class='ocrx_word' id='word_1_79' title='bbox 3107 837 3175 890; x_wconf 91' lang='lat' dir='ltr'><strong>ad</strong></span> <span class='ocrx_word' id='word_1_80' title='bbox 3210 852 3270 891; x_wconf 91' lang='lat' dir='ltr'><strong>se</strong></span> <span class='ocrx_word' id='word_1_81' title='bbox 3313 836 3482 892; x_wconf 80' lang='lat' dir='ltr'><strong>duxe-</strong></span> 
     </span>
    </p>
   </div>
   <div class='ocr_carea' id='block_1_12' title="bbox 254 927 1854 1009">
    <p class='ocr_par' dir='ltr' id='par_1_12' title="bbox 254 937 1822 1009">
     <span class='ocr_line' id='line_1_12' title="bbox 254 937 1822 1009; baseline -0.002 -19"><span class='ocrx_word' id='word_1_82' title='bbox 254 939 396 1008; x_wconf 75' lang='grc' dir='ltr'>μετὰ</span> <span class='ocrx_word' id='word_1_83' title='bbox 424 938 523 1009; x_wconf 79' lang='grc' dir='ltr'>τῆς</span> <span class='ocrx_word' id='word_1_84' title='bbox 573 938 809 1007; x_wconf 79' lang='grc' dir='ltr'><strong>ἐκφύλου</strong></span> <span class='ocrx_word' id='word_1_85' title='bbox 844 939 939 992; x_wconf 67' lang='grc' dir='ltr'><strong>κα)⁵</strong></span> <span class='ocrx_word' id='word_1_86' title='bbox 965 938 1255 992; x_wconf 81' lang='grc' dir='ltr'><strong>ἀλλοκότου</strong></span> <span class='ocrx_word' id='word_1_87' title='bbox 1300 938 1477 991; x_wconf 88' lang='grc' dir='ltr'>αὐτῶν</span> <span class='ocrx_word' id='word_1_88' title='bbox 1509 937 1822 1006; x_wconf 89' lang='grc' dir='ltr'>πλασματο-</span> 
     </span>
    </p>
   </div>
   <div class='ocr_carea' id='block_1_13' title="bbox 1886 927 3486 1009">
    <p class='ocr_par' dir='ltr' id='par_1_13' title="bbox 1920 927 3486 1001">
     <span class='ocr_line' id='line_1_13' title="bbox 1920 927 3486 1001; baseline -0.001 -18"><span class='ocrx_word' id='word_1_89' title='bbox 1920 939 2049 984; x_wconf 89' lang='lat' dir='ltr'><strong>runt</strong></span> <span class='ocrx_word' id='word_1_90' title='bbox 2074 938 2127 985; x_wconf 91' lang='lat' dir='ltr'><strong>et</strong></span> <span class='ocrx_word' id='word_1_91' title='bbox 2155 941 2560 1001; x_wconf 82' lang='lat' dir='ltr'><strong>expresserunt,</strong></span> <span class='ocrx_word' id='word_1_92' title='bbox 2585 946 2818 1000; x_wconf 89' lang='lat' dir='ltr'><strong>cumque</strong></span> <span class='ocrx_word' id='word_1_93' title='bbox 2843 929 3037 983; x_wconf 88' lang='lat' dir='ltr'><strong>alienis</strong></span> <span class='ocrx_word' id='word_1_94' title='bbox 3060 944 3251 983; x_wconf 87' lang='lat' dir='ltr'><strong>eorum</strong></span> <span class='ocrx_word' id='word_1_95' title='bbox 3290 937 3346 983; x_wconf 88' lang='lat' dir='ltr'><strong>et</strong></span> <span class='ocrx_word' id='word_1_96' title='bbox 3373 927 3486 982; x_wconf 86' lang='lat' dir='ltr'><strong>ab-</strong></span> 
     </span>
    </p>
   </div>
   <div class='ocr_carea' id='block_1_14' title="bbox 251 1022 1851 1101">
    <p class='ocr_par' dir='ltr' id='par_1_14' title="bbox 251 1028 1821 1101">
     <span class='ocr_line' id='line_1_14' title="bbox 251 1028 1821 1101; baseline 0 -20"><span class='ocrx_word' id='word_1_97' title='bbox 251 1030 479 1099; x_wconf 77' lang='grc' dir='ltr'>λογίας·</span> <span class='ocrx_word' id='word_1_98' title='bbox 517 1029 576 1083; x_wconf 81' lang='grc' dir='ltr'>ἓν</span> <span class='ocrx_word' id='word_1_99' title='bbox 604 1029 714 1101; x_wconf 83' lang='grc' dir='ltr'>γὰρ</span> <span class='ocrx_word' id='word_1_100' title='bbox 744 1030 977 1101; x_wconf 79' lang='grc' dir='ltr'>θέλημα,</span> <span class='ocrx_word' id='word_1_101' title='bbox 1002 1030 1097 1082; x_wconf 73' lang='grc' dir='ltr'><strong>καὶ</strong></span> <span class='ocrx_word' id='word_1_102' title='bbox 1148 1030 1278 1100; x_wconf 90' lang='grc' dir='ltr'>μίαν</span> <span class='ocrx_word' id='word_1_103' title='bbox 1315 1028 1595 1099; x_wconf 77' lang='grc' dir='ltr'><strong>ἐνέργειαν</strong></span> <span class='ocrx_word' id='word_1_104' title='bbox 1637 1028 1715 1098; x_wconf 81' lang='grc' dir='ltr'>τῷ</span> <span class='ocrx_word' id='word_1_105' title='bbox 1757 1028 1821 1082; x_wconf 85' lang='grc' dir='ltr'><strong>ἐκ</strong></span> 
     </span>
    </p>
   </div>
   <div class='ocr_carea' id='block_1_15' title="bbox 1883 1022 3483 1101">
    <p class='ocr_par' dir='ltr' id='par_1_15' title="bbox 1921 1022 3483 1087">
     <span class='ocr_line' id='line_1_15' title="bbox 1921 1022 3483 1087; baseline -0.001 -11"><span class='ocrx_word' id='word_1_106' title='bbox 1921 1023 2100 1077; x_wconf 86' lang='lat' dir='ltr'><strong>surdis</strong></span> <span class='ocrx_word' id='word_1_107' title='bbox 2132 1023 2452 1079; x_wconf 85' lang='lat' dir='ltr'><strong>commentis</strong></span> <span class='ocrx_word' id='word_1_108' title='bbox 2480 1041 2493 1078; x_wconf 86' lang='lat'><strong>:</strong></span> <span class='ocrx_word' id='word_1_109' title='bbox 2524 1037 2689 1077; x_wconf 87' lang='lat' dir='ltr'><strong>unam</strong></span> <span class='ocrx_word' id='word_1_110' title='bbox 2705 1023 2851 1077; x_wconf 90' lang='lat' dir='ltr'><strong>enim</strong></span> <span class='ocrx_word' id='word_1_111' title='bbox 2878 1022 3299 1087; x_wconf 89' lang='lat' dir='ltr'><strong>voluntatem,et</strong></span> <span class='ocrx_word' id='word_1_112' title='bbox 3320 1034 3483 1075; x_wconf 86' lang='lat' dir='ltr'><strong>unam</strong></span> 
     </span>
    </p>
   </div>
   <div class='ocr_carea' id='block_1_16' title="bbox 252 1114 1852 1193">
    <p class='ocr_par' dir='ltr' id='par_1_16' title="bbox 252 1117 1821 1193">
     <span class='ocr_line' id='line_1_16' title="bbox 252 1117 1821 1193; baseline -0.002 -19"><span class='ocrx_word' id='word_1_113' title='bbox 252 1122 349 1176; x_wconf 88' lang='grc' dir='ltr'><strong>δύο</strong></span> <span class='ocrx_word' id='word_1_114' title='bbox 393 1123 835 1193; x_wconf 82' lang='grc' dir='ltr'>ἀπαρατρέπτων</span> <span class='ocrx_word' id='word_1_115' title='bbox 904 1121 1118 1189; x_wconf 84' lang='grc' dir='ltr'><strong>φύσεων</strong></span> <span class='ocrx_word' id='word_1_116' title='bbox 1174 1120 1441 1189; x_wconf 81' lang='grc' dir='ltr'><strong>πεφυκότι</strong></span> <span class='ocrx_word' id='word_1_117' title='bbox 1489 1117 1711 1190; x_wconf 80' lang='grc' dir='ltr'>Χριστῷ</span> <span class='ocrx_word' id='word_1_118' title='bbox 1744 1118 1821 1187; x_wconf 78' lang='grc' dir='ltr'>τῷ</span> 
     </span>
    </p>
   </div>
   <div class='ocr_carea' id='block_1_17' title="bbox 1886 1114 3486 1193">
    <p class='ocr_par' dir='ltr' id='par_1_17' title="bbox 1921 1114 3486 1186">
     <span class='ocr_line' id='line_1_17' title="bbox 1921 1114 3486 1186; baseline -0.003 -16"><span class='ocrx_word' id='word_1_119' title='bbox 1921 1117 2291 1186; x_wconf 83' lang='lat' dir='ltr'><strong>operationem</strong></span> <span class='ocrx_word' id='word_1_120' title='bbox 2316 1115 2533 1171; x_wconf 86' lang='lat' dir='ltr'><strong>Christo</strong></span> <span class='ocrx_word' id='word_1_121' title='bbox 2561 1116 2673 1170; x_wconf 90' lang='lat' dir='ltr'><strong>Deo</strong></span> <span class='ocrx_word' id='word_1_122' title='bbox 2696 1124 2905 1180; x_wconf 90' lang='lat' dir='ltr'><strong>nostro,</strong></span> <span class='ocrx_word' id='word_1_123' title='bbox 2937 1115 3029 1184; x_wconf 90' lang='lat' dir='ltr'><strong>qui</strong></span> <span class='ocrx_word' id='word_1_124' title='bbox 3061 1130 3127 1169; x_wconf 79' lang='lat' dir='ltr'><strong>ex</strong></span> <span class='ocrx_word' id='word_1_125' title='bbox 3156 1114 3369 1169; x_wconf 89' lang='lat' dir='ltr'><strong>duabus</strong></span> <span class='ocrx_word' id='word_1_126' title='bbox 3399 1115 3486 1167; x_wconf 90' lang='lat' dir='ltr'><strong>in-</strong></span> 
     </span>
    </p>
   </div>
   <div class='ocr_carea' id='block_1_18' title="bbox 252 1206 1852 1286">
    <p class='ocr_par' dir='ltr' id='par_1_18' title="bbox 252 1209 1820 1286">
     <span class='ocr_line' id='line_1_18' title="bbox 252 1209 1820 1286; baseline -0.003 -20"><span class='ocrx_word' id='word_1_127' title='bbox 252 1214 373 1285; x_wconf 70' lang='grc' dir='ltr'><strong>Θεῷ</strong></span> <span class='ocrx_word' id='word_1_128' title='bbox 424 1215 580 1286; x_wconf 78' lang='grc' dir='ltr'>ἡμῶν</span> <span class='ocrx_word' id='word_1_129' title='bbox 621 1213 805 1277; x_wconf 89' lang='grc' dir='ltr'>κακῶς</span> <span class='ocrx_word' id='word_1_130' title='bbox 848 1215 896 1266; x_wconf 79' lang='grc' dir='ltr'>οἱ</span> <span class='ocrx_word' id='word_1_131' title='bbox 924 1212 1146 1266; x_wconf 89' lang='grc' dir='ltr'>δείλαιοι</span> <span class='ocrx_word' id='word_1_132' title='bbox 1196 1213 1601 1284; x_wconf 73' lang='grc' dir='ltr'>ἐπεγράφοντοο</span> <span class='ocrx_word' id='word_1_133' title='bbox 1633 1210 1715 1263; x_wconf 77' lang='grc' dir='ltr'>ἔτι</span> <span class='ocrx_word' id='word_1_134' title='bbox 1763 1209 1820 1263; x_wconf 84' lang='grc' dir='ltr'>δὲ</span> 
     </span>
    </p>
   </div>
   <div class='ocr_carea' id='block_1_19' title="bbox 1886 1206 3486 1286">
    <p class='ocr_par' dir='ltr' id='par_1_19' title="bbox 1921 1206 3486 1273">
     <span class='ocr_line' id='line_1_19' title="bbox 1921 1206 3486 1273; baseline -0.003 -9"><span class='ocrx_word' id='word_1_135' title='bbox 1921 1208 2198 1264; x_wconf 79' lang='lat' dir='ltr'><strong>conversis</strong></span> <span class='ocrx_word' id='word_1_136' title='bbox 2237 1208 2442 1261; x_wconf 84' lang='lat' dir='ltr'><strong>naturis</strong></span> <span class='ocrx_word' id='word_1_137' title='bbox 2470 1217 2571 1273; x_wconf 90' lang='lat' dir='ltr'><strong>est,</strong></span> <span class='ocrx_word' id='word_1_138' title='bbox 2585 1208 2712 1261; x_wconf 89' lang='lat' dir='ltr'><strong>mali</strong></span> <span class='ocrx_word' id='word_1_139' title='bbox 2744 1208 2926 1262; x_wconf 86' lang='lat' dir='ltr'><strong>miseri</strong></span> <span class='ocrx_word' id='word_1_140' title='bbox 2954 1207 3316 1262; x_wconf 85' lang='lat' dir='ltr'><strong>ascribebant.</strong></span> <span class='ocrx_word' id='word_1_141' title='bbox 3344 1206 3486 1260; x_wconf 69' lang='lat' dir='ltr'><strong>Prae-</strong></span> 
     </span>
    </p>
   </div>
   <div class='ocr_carea' id='block_1_20' title="bbox 253 1299 1853 1377">
    <p class='ocr_par' dir='ltr' id='par_1_20' title="bbox 253 1300 1822 1377">
     <span class='ocr_line' id='line_1_20' title="bbox 253 1300 1822 1377; baseline -0.004 -18"><span class='ocrx_word' id='word_1_142' title='bbox 253 1307 353 1360; x_wconf 63' lang='lat' dir='ltr'><strong>xc).</strong></span> <span class='ocrx_word' id='word_1_143' title='bbox 379 1307 477 1377; x_wconf 80' lang='grc' dir='ltr'><strong>τὴν</strong></span> <span class='ocrx_word' id='word_1_144' title='bbox 512 1307 569 1359; x_wconf 88' lang='grc' dir='ltr'><strong>ἐν</strong></span> <span class='ocrx_word' id='word_1_145' title='bbox 595 1306 799 1376; x_wconf 77' lang='grc' dir='ltr'>Νικαίᾳ</span> <span class='ocrx_word' id='word_1_146' title='bbox 841 1304 901 1358; x_wconf 83' lang='grc' dir='ltr'><strong>τὸ</strong></span> <span class='ocrx_word' id='word_1_147' title='bbox 947 1303 1196 1375; x_wconf 87' lang='grc' dir='ltr'>δεύτερον</span> <span class='ocrx_word' id='word_1_148' title='bbox 1227 1302 1378 1375; x_wconf 82' lang='grc' dir='ltr'>ἱερὰν</span> <span class='ocrx_word' id='word_1_149' title='bbox 1427 1303 1521 1356; x_wconf 73' lang='grc' dir='ltr'><strong>καὶ</strong></span> <span class='ocrx_word' id='word_1_150' title='bbox 1577 1300 1822 1373; x_wconf 82' lang='grc' dir='ltr'>μεγάλην</span> 
     </span>
    </p>
   </div>
   <div class='ocr_carea' id='block_1_21' title="bbox 1885 1299 3485 1377">
    <p class='ocr_par' dir='ltr' id='par_1_21' title="bbox 1923 1299 3485 1370">
     <span class='ocr_line' id='line_1_21' title="bbox 1923 1299 3485 1370; baseline 0.001 -17"><span class='ocrx_word' id='word_1_151' title='bbox 1923 1309 2069 1355; x_wconf 88' lang='lat' dir='ltr'><strong>terea</strong></span> <span class='ocrx_word' id='word_1_152' title='bbox 2096 1310 2151 1355; x_wconf 88' lang='lat' dir='ltr'><strong>et</strong></span> <span class='ocrx_word' id='word_1_153' title='bbox 2172 1315 2312 1363; x_wconf 87' lang='lat' dir='ltr'><strong>eam,</strong></span> <span class='ocrx_word' id='word_1_154' title='bbox 2347 1316 2467 1370; x_wconf 81' lang='lat' dir='ltr'><strong>quae</strong></span> <span class='ocrx_word' id='word_1_155' title='bbox 2494 1299 2686 1355; x_wconf 83' lang='lat' dir='ltr'><strong>Nicaeae</strong></span> <span class='ocrx_word' id='word_1_156' title='bbox 2713 1301 2910 1355; x_wconf 90' lang='lat' dir='ltr'><strong>iterum</strong></span> <span class='ocrx_word' id='word_1_157' title='bbox 2960 1299 3100 1356; x_wconf 80' lang='lat' dir='ltr'><strong>facta</strong></span> <span class='ocrx_word' id='word_1_158' title='bbox 3129 1307 3233 1367; x_wconf 88' lang='lat' dir='ltr'><strong>est,</strong></span> <span class='ocrx_word' id='word_1_159' title='bbox 3277 1314 3485 1355; x_wconf 88' lang='lat' dir='ltr'><strong>sacram</strong></span> 
     </span>
    </p>
   </div>
   <div class='ocr_carea' id='block_1_22' title="bbox 254 1391 1854 1465">
    <p class='ocr_par' dir='ltr' id='par_1_22' title="bbox 254 1391 1820 1465">
     <span class='ocr_line' id='line_1_22' title="bbox 254 1391 1820 1465; baseline -0.004 -15"><span class='ocrx_word' id='word_1_160' title='bbox 254 1397 475 1450; x_wconf 77' lang='grc' dir='ltr'>σύνοδον</span> <span class='ocrx_word' id='word_1_161' title='bbox 494 1397 620 1460; x_wconf 84' lang='grc' dir='ltr'>τοὺς</span> <span class='ocrx_word' id='word_1_162' title='bbox 650 1394 1054 1465; x_wconf 83' lang='grc' dir='ltr'>Είκονομάχους</span> <span class='ocrx_word' id='word_1_163' title='bbox 1096 1394 1190 1448; x_wconf 75' lang='grc' dir='ltr'>καὶ</span> <span class='ocrx_word' id='word_1_164' title='bbox 1211 1394 1299 1448; x_wconf 81' lang='grc' dir='ltr'>διὰ</span> <span class='ocrx_word' id='word_1_165' title='bbox 1327 1392 1484 1447; x_wconf 84' lang='grc' dir='ltr'>τοῦτο</span> <span class='ocrx_word' id='word_1_166' title='bbox 1505 1393 1549 1445; x_wconf 89' lang='grc' dir='ltr'><strong><em>Χ</em></strong></span> <span class='ocrx_word' id='word_1_167' title='bbox 1559 1391 1820 1462; x_wconf 87' lang='grc' dir='ltr'>ριστομά-</span> 
     </span>
    </p>
   </div>
   <div class='ocr_carea' id='block_1_23' title="bbox 1883 1391 3483 1465">
    <p class='ocr_par' dir='ltr' id='par_1_23' title="bbox 1924 1391 3483 1464">
     <span class='ocr_line' id='line_1_23' title="bbox 1924 1391 3483 1464; baseline 0 -18"><span class='ocrx_word' id='word_1_168' title='bbox 1924 1403 1978 1447; x_wconf 88' lang='lat' dir='ltr'><strong>et</strong></span> <span class='ocrx_word' id='word_1_169' title='bbox 2018 1407 2265 1463; x_wconf 79' lang='lat' dir='ltr'><strong>magnam</strong></span> <span class='ocrx_word' id='word_1_170' title='bbox 2305 1392 2590 1464; x_wconf 87' lang='lat' dir='ltr'><strong>synodum,</strong></span> <span class='ocrx_word' id='word_1_171' title='bbox 2632 1407 2753 1463; x_wconf 77' lang='lat' dir='ltr'><strong>quae</strong></span> <span class='ocrx_word' id='word_1_172' title='bbox 2795 1392 3214 1458; x_wconf 87' lang='lat' dir='ltr'><strong>ieonomachos,</strong></span> <span class='ocrx_word' id='word_1_173' title='bbox 3256 1391 3311 1447; x_wconf 87' lang='lat' dir='ltr'><strong>id</strong></span> <span class='ocrx_word' id='word_1_174' title='bbox 3361 1400 3483 1457; x_wconf 87' lang='lat' dir='ltr'><strong>est,</strong></span> 
     </span>
    </p>
   </div>
   <div class='ocr_carea' id='block_1_24' title="bbox 252 1468 1852 1556">
    <p class='ocr_par' dir='ltr' id='par_1_24' title="bbox 252 1468 1823 1556">
     <span class='ocr_line' id='line_1_24' title="bbox 252 1468 1823 1556; baseline -0.001 -19"><span class='ocrx_word' id='word_1_175' title='bbox 252 1502 386 1555; x_wconf 83' lang='grc' dir='ltr'>χους</span> <span class='ocrx_word' id='word_1_176' title='bbox 418 1484 512 1538; x_wconf 75' lang='grc' dir='ltr'>καὶ</span> <span class='ocrx_word' id='word_1_177' title='bbox 560 1468 1027 1556; x_wconf 85' lang='grc' dir='ltr'>ἀγιοκατηγόρους</span> <span class='ocrx_word' id='word_1_178' title='bbox 1073 1484 1592 1538; x_wconf 77' lang='grc' dir='ltr'>άποσκυϐαλίσασάν</span> <span class='ocrx_word' id='word_1_179' title='bbox 1629 1500 1688 1535; x_wconf 87' lang='grc' dir='ltr'><strong>τε</strong></span> <span class='ocrx_word' id='word_1_180' title='bbox 1727 1481 1823 1536; x_wconf 79' lang='grc' dir='ltr'>καὶ</span> 
     </span>
    </p>
   </div>
   <div class='ocr_carea' id='block_1_25' title="bbox 1886 1468 3486 1556">
    <p class='ocr_par' dir='ltr' id='par_1_25' title="bbox 1921 1483 3486 1555">
     <span class='ocr_line' id='line_1_25' title="bbox 1921 1483 3486 1555; baseline -0.001 -18"><span class='ocrx_word' id='word_1_181' title='bbox 1921 1484 2215 1555; x_wconf 82' lang='lat' dir='ltr'><strong>imaginum</strong></span> <span class='ocrx_word' id='word_1_182' title='bbox 2261 1493 2678 1554; x_wconf 75' lang='lat' dir='ltr'><strong>oppugnatores,</strong></span> <span class='ocrx_word' id='word_1_183' title='bbox 2714 1498 2779 1539; x_wconf 87' lang='lat' dir='ltr'><strong>ac</strong></span> <span class='ocrx_word' id='word_1_184' title='bbox 2818 1494 3102 1555; x_wconf 88' lang='lat' dir='ltr'><strong>propterea</strong></span> <span class='ocrx_word' id='word_1_185' title='bbox 3148 1483 3486 1538; x_wconf 90' lang='lat' dir='ltr'><strong>Christoma-</strong></span> 
     </span>
    </p>
   </div>
   <div class='ocr_carea' id='block_1_26' title="bbox 252 1573 1852 1646">
    <p class='ocr_par' dir='ltr' id='par_1_26' title="bbox 252 1573 1822 1644">
     <span class='ocr_line' id='line_1_26' title="bbox 252 1573 1822 1644; baseline 0 -17"><span class='ocrx_word' id='word_1_186' title='bbox 252 1575 692 1640; x_wconf 77' lang='grc' dir='ltr'>καταϐαλοῦσαν,</span> <span class='ocrx_word' id='word_1_187' title='bbox 726 1576 821 1628; x_wconf 82' lang='grc' dir='ltr'><strong>σὺν</strong></span> <span class='ocrx_word' id='word_1_188' title='bbox 847 1575 1103 1637; x_wconf 82' lang='grc' dir='ltr'>αὐτοῖςδέ</span> <span class='ocrx_word' id='word_1_189' title='bbox 1143 1575 1233 1628; x_wconf 76' lang='grc' dir='ltr'>καὶ</span> <span class='ocrx_word' id='word_1_190' title='bbox 1274 1575 1373 1644; x_wconf 82' lang='grc' dir='ltr'>τὴν</span> <span class='ocrx_word' id='word_1_191' title='bbox 1404 1573 1699 1644; x_wconf 81' lang='grc' dir='ltr'>βδελυκτὴν</span> <span class='ocrx_word' id='word_1_192' title='bbox 1728 1575 1822 1627; x_wconf 77' lang='grc' dir='ltr'><strong>καί</strong></span> 
     </span>
    </p>
   </div>
   <div class='ocr_carea' id='block_1_27' title="bbox 1887 1573 3487 1646">
    <p class='ocr_par' dir='ltr' id='par_1_27' title="bbox 1923 1574 3487 1646">
     <span class='ocr_line' id='line_1_27' title="bbox 1923 1574 3487 1646; baseline -0.002 -15"><span class='ocrx_word' id='word_1_193' title='bbox 1923 1575 2075 1640; x_wconf 90' lang='lat' dir='ltr'><strong>chos,</strong></span> <span class='ocrx_word' id='word_1_194' title='bbox 2108 1575 2158 1630; x_wconf 90' lang='lat' dir='ltr'><strong>id</strong></span> <span class='ocrx_word' id='word_1_195' title='bbox 2187 1586 2288 1641; x_wconf 89' lang='lat' dir='ltr'><strong>est,</strong></span> <span class='ocrx_word' id='word_1_196' title='bbox 2321 1574 2599 1630; x_wconf 88' lang='lat' dir='ltr'><strong>Christum</strong></span> <span class='ocrx_word' id='word_1_197' title='bbox 2641 1585 3039 1646; x_wconf 85' lang='lat' dir='ltr'><strong>Oppugnantes,</strong></span> <span class='ocrx_word' id='word_1_198' title='bbox 3070 1585 3127 1630; x_wconf 91' lang='lat' dir='ltr'><strong>et</strong></span> <span class='ocrx_word' id='word_1_199' title='bbox 3168 1584 3487 1630; x_wconf 87' lang='lat' dir='ltr'><strong>sanctorum</strong></span> 
     </span>
    </p>
   </div>
   <div class='ocr_carea' id='block_1_28' title="bbox 254 1662 1854 1738">
    <p class='ocr_par' dir='ltr' id='par_1_28' title="bbox 254 1662 1822 1736">
     <span class='ocr_line' id='line_1_28' title="bbox 254 1662 1822 1736; baseline 0 -18"><span class='ocrx_word' id='word_1_200' title='bbox 254 1665 602 1735; x_wconf 66' lang='lat' dir='ltr'><strong>Mavtxa‘ix&#39;hv</strong></span> <span class='ocrx_word' id='word_1_201' title='bbox 628 1664 806 1718; x_wconf 80' lang='grc' dir='ltr'>αὐτῶν</span> <span class='ocrx_word' id='word_1_202' title='bbox 828 1665 1039 1736; x_wconf 80' lang='grc' dir='ltr'>αἵρεσιν</span> <span class='ocrx_word' id='word_1_203' title='bbox 1064 1682 1079 1695; x_wconf 72' lang='grc'><strong><em>⁸</em></strong></span> <span class='ocrx_word' id='word_1_204' title='bbox 1105 1664 1165 1717; x_wconf 86' lang='grc' dir='ltr'><strong>τὸ</strong></span> <span class='ocrx_word' id='word_1_205' title='bbox 1191 1662 1299 1736; x_wconf 83' lang='grc' dir='ltr'>γὰρ</span> <span class='ocrx_word' id='word_1_206' title='bbox 1318 1663 1411 1717; x_wconf 87' lang='grc' dir='ltr'><strong>τοῦ</strong></span> <span class='ocrx_word' id='word_1_207' title='bbox 1432 1665 1636 1736; x_wconf 82' lang='grc' dir='ltr'>Κυρίου</span> <span class='ocrx_word' id='word_1_208' title='bbox 1667 1665 1822 1735; x_wconf 82' lang='grc' dir='ltr'>ἡμῶν</span> 
     </span>
    </p>
   </div>
   <div class='ocr_carea' id='block_1_29' title="bbox 1888 1662 3488 1738">
    <p class='ocr_par' dir='ltr' id='par_1_29' title="bbox 1925 1665 3488 1738">
     <span class='ocr_line' id='line_1_29' title="bbox 1925 1665 3488 1738; baseline -0.002 -16"><span class='ocrx_word' id='word_1_209' title='bbox 1925 1667 2337 1732; x_wconf 87' lang='lat' dir='ltr'><strong>obtrectatores,</strong></span> <span class='ocrx_word' id='word_1_210' title='bbox 2363 1675 2422 1721; x_wconf 92' lang='lat' dir='ltr'><strong>ut</strong></span> <span class='ocrx_word' id='word_1_211' title='bbox 2457 1675 2815 1738; x_wconf 87' lang='lat' dir='ltr'><strong>purgamenta</strong></span> <span class='ocrx_word' id='word_1_212' title='bbox 2846 1666 3147 1721; x_wconf 76' lang='lat' dir='ltr'><strong>eliminavit</strong></span> <span class='ocrx_word' id='word_1_213' title='bbox 3172 1682 3237 1722; x_wconf 89' lang='lat' dir='ltr'><strong>ac</strong></span> <span class='ocrx_word' id='word_1_214' title='bbox 3271 1665 3488 1735; x_wconf 77' lang='lat' dir='ltr'><strong>deiecit.</strong></span> 
     </span>
    </p>
   </div>
   <div class='ocr_carea' id='block_1_30' title="bbox 266 1755 1866 1829">
    <p class='ocr_par' dir='ltr' id='par_1_30' title="bbox 266 1755 1866 1829">
     <span class='ocr_line' id='line_1_30' title="bbox 266 1755 1866 1829; baseline 0.003 -23"><span class='ocrx_word' id='word_1_215' title='bbox 266 1755 447 1826; x_wconf 85' lang='grc' dir='ltr'>Ἰησοῦ</span> <span class='ocrx_word' id='word_1_216' title='bbox 478 1756 716 1827; x_wconf 81' lang='grc' dir='ltr'>Χριστοῦ</span> <span class='ocrx_word' id='word_1_217' title='bbox 742 1755 1029 1829; x_wconf 26' lang='grc' dir='ltr'>ὁμοούνσιον</span> <span class='ocrx_word' id='word_1_218' title='bbox 1056 1758 1187 1828; x_wconf 74' lang='grc' dir='ltr'>ἡμῖν</span> <span class='ocrx_word' id='word_1_219' title='bbox 1215 1756 1369 1825; x_wconf 82' lang='grc' dir='ltr'>ἆγιον</span> <span class='ocrx_word' id='word_1_220' title='bbox 1398 1756 1556 1828; x_wconf 89' lang='grc' dir='ltr'>σῶμα</span> <span class='ocrx_word' id='word_1_221' title='bbox 1591 1756 1823 1827; x_wconf 82' lang='grc' dir='ltr'>γράφειν</span> <span class='ocrx_word' id='word_1_222' title='bbox 1860 1811 1866 1829; x_wconf 40' lang='grc' dir='ltr'>ι</span> 
     </span>
    </p>
   </div>
   <div class='ocr_carea' id='block_1_31' title="bbox 1893 1755 3493 1829">
    <p class='ocr_par' dir='ltr' id='par_1_31' title="bbox 1893 1755 3493 1829">
     <span class='ocr_line' id='line_1_31' title="bbox 1893 1755 3493 1829; baseline 0.001 -19"><span class='ocrx_word' id='word_1_223' title='bbox 1893 1758 2059 1829; x_wconf 47' lang='grc' dir='ltr'>,(Σιιιη</span> <span class='ocrx_word' id='word_1_224' title='bbox 2103 1755 2169 1812; x_wconf 93' lang='lat' dir='ltr'><strong>iis</strong></span> <span class='ocrx_word' id='word_1_225' title='bbox 2215 1766 2396 1811; x_wconf 90' lang='lat' dir='ltr'><strong>autem</strong></span> <span class='ocrx_word' id='word_1_226' title='bbox 2432 1765 2486 1812; x_wconf 91' lang='lat' dir='ltr'><strong>et</strong></span> <span class='ocrx_word' id='word_1_227' title='bbox 2514 1757 2888 1813; x_wconf 87' lang='lat' dir='ltr'><strong>detestandam</strong></span> <span class='ocrx_word' id='word_1_228' title='bbox 2920 1772 3071 1827; x_wconf 82' lang='lat' dir='ltr'><strong>aeque</strong></span> <span class='ocrx_word' id='word_1_229' title='bbox 3104 1756 3493 1811; x_wconf 82' lang='lat' dir='ltr'><strong>Manichaicam</strong></span> 
     </span>
    </p>
   </div>
   <div class='ocr_carea' id='block_1_32' title="bbox 254 1808 1854 1920">
    <p class='ocr_par' dir='ltr' id='par_1_32' title="bbox 254 1808 1823 1920">
     <span class='ocr_line' id='line_1_32' title="bbox 254 1808 1823 1920; baseline 0.001 -20"><span class='ocrx_word' id='word_1_230' title='bbox 254 1808 544 1912; x_wconf 70' lang='grc' dir='ltr'>εἰκονικῶς</span> <span class='ocrx_word' id='word_1_231' title='bbox 573 1808 957 1920; x_wconf 54' lang='grc' dir='ltr'>ἐμυσάττοντο,</span> <span class='ocrx_word' id='word_1_232' title='bbox 990 1848 1050 1903; x_wconf 84' lang='grc' dir='ltr'>τὸ</span> <span class='ocrx_word' id='word_1_233' title='bbox 1077 1808 1362 1918; x_wconf 57' lang='grc' dir='ltr'>άγρατέτον</span> <span class='ocrx_word' id='word_1_234' title='bbox 1395 1808 1493 1902; x_wconf 62' lang='grc' dir='ltr'><strong>καί</strong></span> <span class='ocrx_word' id='word_1_235' title='bbox 1552 1808 1823 1919; x_wconf 44' lang='grc' dir='ltr'>περίγδρα-</span> 
     </span>
    </p>
   </div>
   <div class='ocr_carea' id='block_1_33' title="bbox 1891 1808 3491 1920">
    <p class='ocr_par' dir='ltr' id='par_1_33' title="bbox 1891 1813 3491 1908">
     <span class='ocr_line' id='line_1_33' title="bbox 1891 1813 3491 1908; baseline 0.004 -6"><span class='ocrx_word' id='word_1_236' title='bbox 1891 1813 1900 1860; x_wconf 49' lang='grc' dir='ltr'>ι</span> <span class='ocrx_word' id='word_1_237' title='bbox 1931 1863 2120 1902; x_wconf 91' lang='lat' dir='ltr'><strong>corum</strong></span> <span class='ocrx_word' id='word_1_238' title='bbox 2150 1848 2400 1903; x_wconf 74' lang='lat' dir='ltr'><strong>haeresim</strong></span> <span class='ocrx_word' id='word_1_239' title='bbox 2429 1865 2442 1902; x_wconf 77' lang='grc' dir='ltr'><strong>ε</strong></span> <span class='ocrx_word' id='word_1_240' title='bbox 2478 1848 2687 1904; x_wconf 88' lang='lat' dir='ltr'><strong>Domini</strong></span> <span class='ocrx_word' id='word_1_241' title='bbox 2729 1851 2876 1906; x_wconf 90' lang='lat' dir='ltr'><strong>enim</strong></span> <span class='ocrx_word' id='word_1_242' title='bbox 2911 1851 3084 1905; x_wconf 88' lang='lat' dir='ltr'><strong>nostri</strong></span> <span class='ocrx_word' id='word_1_243' title='bbox 3124 1850 3255 1906; x_wconf 85' lang='lat' dir='ltr'><strong>Jesu</strong></span> <span class='ocrx_word' id='word_1_244' title='bbox 3286 1850 3491 1908; x_wconf 86' lang='lat' dir='ltr'><strong>Christi</strong></span> 
     </span>
    </p>
   </div>
   <div class='ocr_carea' id='block_1_34' title="bbox 255 1936 1855 2015">
    <p class='ocr_par' dir='ltr' id='par_1_34' title="bbox 255 1936 1823 2011">
     <span class='ocr_line' id='line_1_34' title="bbox 255 1936 1823 2011; baseline 0.004 -23"><span class='ocrx_word' id='word_1_245' title='bbox 255 1956 394 1991; x_wconf 78' lang='grc' dir='ltr'>πῖον</span> <span class='ocrx_word' id='word_1_246' title='bbox 422 1940 585 1993; x_wconf 88' lang='grc' dir='ltr'>αὐτοῦ</span> <span class='ocrx_word' id='word_1_247' title='bbox 622 1940 1145 2011; x_wconf 80' lang='grc' dir='ltr'>καταϐακχεύοντες,</span> <span class='ocrx_word' id='word_1_248' title='bbox 1178 1942 1271 1994; x_wconf 73' lang='grc' dir='ltr'><strong>καὶ</strong></span> <span class='ocrx_word' id='word_1_249' title='bbox 1297 1941 1385 1993; x_wconf 77' lang='grc' dir='ltr'><strong>διὰ</strong></span> <span class='ocrx_word' id='word_1_250' title='bbox 1410 1940 1568 1993; x_wconf 87' lang='grc' dir='ltr'>τοῦτο</span> <span class='ocrx_word' id='word_1_251' title='bbox 1592 1939 1668 2011; x_wconf 79' lang='grc' dir='ltr'>μὴ</span> <span class='ocrx_word' id='word_1_252' title='bbox 1685 1936 1823 1995; x_wconf 75' lang='grc' dir='ltr'>εἶναι</span> 
     </span>
    </p>
   </div>
   <div class='ocr_carea' id='block_1_35' title="bbox 1906 1936 3506 2015">
    <p class='ocr_par' dir='ltr' id='par_1_35' title="bbox 1930 1940 3506 2015">
     <span class='ocr_line' id='line_1_35' title="bbox 1930 1940 3506 2015; baseline 0.003 -20"><span class='ocrx_word' id='word_1_253' title='bbox 1930 1940 2393 1996; x_wconf 88' lang='lat' dir='ltr'><strong>eonsubstantiale</strong></span> <span class='ocrx_word' id='word_1_254' title='bbox 2438 1942 2598 1998; x_wconf 87' lang='lat' dir='ltr'><strong>nobis</strong></span> <span class='ocrx_word' id='word_1_255' title='bbox 2646 1953 2895 1998; x_wconf 86' lang='lat' dir='ltr'><strong>sanctum</strong></span> <span class='ocrx_word' id='word_1_256' title='bbox 2927 1958 3125 2014; x_wconf 90' lang='lat' dir='ltr'><strong>corpus</strong></span> <span class='ocrx_word' id='word_1_257' title='bbox 3176 1944 3402 2015; x_wconf 80' lang='lat' dir='ltr'><strong>pingere</strong></span> <span class='ocrx_word' id='word_1_258' title='bbox 3439 1944 3506 1999; x_wconf 71' lang='lat' dir='ltr'><strong>in</strong></span> 
     </span>
    </p>
   </div>
   <div class='ocr_carea' id='block_1_36' title="bbox 256 2030 1856 2103">
    <p class='ocr_par' dir='ltr' id='par_1_36' title="bbox 256 2030 1823 2103">
     <span class='ocr_line' id='line_1_36' title="bbox 256 2030 1823 2103; baseline 0.004 -22"><span class='ocrx_word' id='word_1_259' title='bbox 256 2032 393 2101; x_wconf 81' lang='grc' dir='ltr'>ἡμῖν</span> <span class='ocrx_word' id='word_1_260' title='bbox 432 2030 715 2102; x_wconf 84' lang='grc' dir='ltr'>ὁμοούσιον</span> <span class='ocrx_word' id='word_1_261' title='bbox 764 2031 1009 2103; x_wconf 77' lang='grc' dir='ltr'><strong>μανικῶς</strong></span> <span class='ocrx_word' id='word_1_262' title='bbox 1058 2031 1544 2102; x_wconf 78' lang='grc' dir='ltr'>συμπεραίνοντες.</span> <span class='ocrx_word' id='word_1_263' title='bbox 1605 2032 1823 2097; x_wconf 76' lang='grc' dir='ltr'>Ταύτας</span> 
     </span>
    </p>
   </div>
   <div class='ocr_carea' id='block_1_37' title="bbox 1896 2030 3496 2103">
    <p class='ocr_par' dir='ltr' id='par_1_37' title="bbox 1932 2030 3496 2103">
     <span class='ocr_line' id='line_1_37' title="bbox 1932 2030 3496 2103; baseline -0.001 -18"><span class='ocrx_word' id='word_1_264' title='bbox 1932 2030 2167 2101; x_wconf 84' lang='lat' dir='ltr'><strong>imagine</strong></span> <span class='ocrx_word' id='word_1_265' title='bbox 2199 2030 2652 2085; x_wconf 87' lang='lat' dir='ltr'><strong>abominahantur</strong></span> <span class='ocrx_word' id='word_1_266' title='bbox 2680 2050 2695 2086; x_wconf 90' lang='lat'><strong>:</strong></span> <span class='ocrx_word' id='word_1_267' title='bbox 2727 2031 2875 2103; x_wconf 86' lang='lat' dir='ltr'><strong>pingi</strong></span> <span class='ocrx_word' id='word_1_268' title='bbox 2897 2047 3006 2086; x_wconf 91' lang='lat' dir='ltr'><strong>non</strong></span> <span class='ocrx_word' id='word_1_269' title='bbox 3034 2046 3216 2102; x_wconf 87' lang='lat' dir='ltr'><strong>posse,</strong></span> <span class='ocrx_word' id='word_1_270' title='bbox 3239 2040 3293 2086; x_wconf 89' lang='lat' dir='ltr'><strong>et</strong></span> <span class='ocrx_word' id='word_1_271' title='bbox 3326 2030 3496 2085; x_wconf 89' lang='lat' dir='ltr'><strong>incir-</strong></span> 
     </span>
    </p>
   </div>
   <div class='ocr_carea' id='block_1_38' title="bbox 255 2118 1855 2194">
    <p class='ocr_par' dir='ltr' id='par_1_38' title="bbox 255 2118 1824 2194">
     <span class='ocr_line' id='line_1_38' title="bbox 255 2118 1824 2194; baseline -0.001 -19"><span class='ocrx_word' id='word_1_272' title='bbox 255 2118 355 2177; x_wconf 79' lang='grc' dir='ltr'><strong>οὖν</strong></span> <span class='ocrx_word' id='word_1_273' title='bbox 376 2123 472 2187; x_wconf 71' lang='grc' dir='ltr'><strong>τὰς</strong></span> <span class='ocrx_word' id='word_1_274' title='bbox 501 2122 663 2190; x_wconf 83' lang='grc' dir='ltr'>ἁγίας</span> <span class='ocrx_word' id='word_1_275' title='bbox 692 2124 785 2177; x_wconf 71' lang='grc' dir='ltr'><strong>καὶ</strong></span> <span class='ocrx_word' id='word_1_276' title='bbox 805 2124 1192 2194; x_wconf 78' lang='grc' dir='ltr'>οἰκουμενικάς</span> <span class='ocrx_word' id='word_1_277' title='bbox 1227 2122 1368 2176; x_wconf 70' lang='grc' dir='ltr'>ἑπτὰ</span> <span class='ocrx_word' id='word_1_278' title='bbox 1408 2122 1657 2185; x_wconf 87' lang='grc' dir='ltr'>συνόδους</span> <span class='ocrx_word' id='word_1_279' title='bbox 1688 2124 1824 2176; x_wconf 83' lang='grc' dir='ltr'>ἀπο-</span> 
     </span>
    </p>
   </div>
   <div class='ocr_carea' id='block_1_39' title="bbox 1908 2118 3508 2194">
    <p class='ocr_par' dir='ltr' id='par_1_39' title="bbox 1930 2121 3508 2191">
     <span class='ocr_line' id='line_1_39' title="bbox 1930 2121 3508 2191; baseline -0.001 -14"><span class='ocrx_word' id='word_1_280' title='bbox 1930 2122 2315 2191; x_wconf 86' lang='lat' dir='ltr'><strong>cumscriptum</strong></span> <span class='ocrx_word' id='word_1_281' title='bbox 2331 2136 2451 2177; x_wconf 87' lang='lat' dir='ltr'><strong>esse</strong></span> <span class='ocrx_word' id='word_1_282' title='bbox 2472 2121 2854 2177; x_wconf 86' lang='lat' dir='ltr'><strong>debacchando</strong></span> <span class='ocrx_word' id='word_1_283' title='bbox 2876 2131 3272 2186; x_wconf 85' lang='lat' dir='ltr'><strong>asseverantes,</strong></span> <span class='ocrx_word' id='word_1_284' title='bbox 3286 2137 3351 2177; x_wconf 86' lang='lat' dir='ltr'><strong>ac</strong></span> <span class='ocrx_word' id='word_1_285' title='bbox 3373 2121 3508 2176; x_wconf 62' lang='lat' dir='ltr'><strong>ideo.</strong></span> 
     </span>
    </p>
   </div>
   <div class='ocr_carea' id='block_1_40' title="bbox 254 2213 1854 2287">
    <p class='ocr_par' dir='ltr' id='par_1_40' title="bbox 254 2214 1825 2287">
     <span class='ocr_line' id='line_1_40' title="bbox 254 2214 1825 2287; baseline 0.001 -19"><span class='ocrx_word' id='word_1_286' title='bbox 254 2215 511 2286; x_wconf 76' lang='grc' dir='ltr'>δέχομαι,</span> <span class='ocrx_word' id='word_1_287' title='bbox 540 2214 952 2286; x_wconf 76' lang='grc' dir='ltr'>άναθεματίζων</span> <span class='ocrx_word' id='word_1_288' title='bbox 988 2215 1108 2287; x_wconf 84' lang='grc' dir='ltr'><strong>μέν,</strong></span> <span class='ocrx_word' id='word_1_289' title='bbox 1137 2215 1230 2280; x_wconf 79' lang='grc' dir='ltr'><strong>οὒς</strong></span> <span class='ocrx_word' id='word_1_290' title='bbox 1252 2215 1671 2287; x_wconf 78' lang='grc' dir='ltr'>ἀνεθεμάτισαν,</span> <span class='ocrx_word' id='word_1_291' title='bbox 1691 2233 1825 2270; x_wconf 86' lang='grc' dir='ltr'>κατ-</span> 
     </span>
    </p>
   </div>
   <div class='ocr_carea' id='block_1_41' title="bbox 1900 2213 3500 2287">
    <p class='ocr_par' dir='ltr' id='par_1_41' title="bbox 1931 2213 3499 2279">
     <span class='ocr_line' id='line_1_41' title="bbox 1931 2213 3499 2279; baseline -0.001 -11"><span class='ocrx_word' id='word_1_292' title='bbox 1931 2214 2089 2279; x_wconf 90' lang='lat' dir='ltr'><strong>nobis</strong></span> <span class='ocrx_word' id='word_1_293' title='bbox 2125 2213 2588 2269; x_wconf 86' lang='lat' dir='ltr'><strong>consubstantiale</strong></span> <span class='ocrx_word' id='word_1_294' title='bbox 2621 2230 2732 2267; x_wconf 89' lang='lat' dir='ltr'><strong>non</strong></span> <span class='ocrx_word' id='word_1_295' title='bbox 2764 2229 2902 2274; x_wconf 83' lang='lat' dir='ltr'><strong>esse,</strong></span> <span class='ocrx_word' id='word_1_296' title='bbox 2936 2214 3128 2269; x_wconf 88' lang='lat' dir='ltr'><strong>insano</strong></span> <span class='ocrx_word' id='word_1_297' title='bbox 3164 2228 3318 2268; x_wconf 90' lang='lat' dir='ltr'><strong>more</strong></span> <span class='ocrx_word' id='word_1_298' title='bbox 3362 2228 3499 2268; x_wconf 84' lang='lat' dir='ltr'><strong>eon-</strong></span> 
     </span>
    </p>
   </div>
   <div class='ocr_carea' id='block_1_42' title="bbox 257 2302 1857 2379">
    <p class='ocr_par' dir='ltr' id='par_1_42' title="bbox 257 2306 1823 2379">
     <span class='ocr_line' id='line_1_42' title="bbox 257 2306 1823 2379; baseline 0.001 -19"><span class='ocrx_word' id='word_1_299' title='bbox 257 2307 643 2378; x_wconf 78' lang='grc' dir='ltr'>ασπαζόμενος</span> <span class='ocrx_word' id='word_1_300' title='bbox 681 2307 739 2361; x_wconf 78' lang='grc' dir='ltr'>δὲ</span> <span class='ocrx_word' id='word_1_301' title='bbox 780 2310 871 2361; x_wconf 77' lang='grc' dir='ltr'>καὶ</span> <span class='ocrx_word' id='word_1_302' title='bbox 904 2308 1243 2379; x_wconf 81' lang='grc' dir='ltr'>μεγαλύνων,</span> <span class='ocrx_word' id='word_1_303' title='bbox 1268 2306 1361 2371; x_wconf 82' lang='grc' dir='ltr'><strong>οὓς</strong></span> <span class='ocrx_word' id='word_1_304' title='bbox 1401 2309 1823 2379; x_wconf 82' lang='grc' dir='ltr'>ἐπευφήμησαν.</span> 
     </span>
    </p>
   </div>
   <div class='ocr_carea' id='block_1_43' title="bbox 1897 2302 3497 2379">
    <p class='ocr_par' dir='ltr' id='par_1_43' title="bbox 1928 2302 3497 2377">
     <span class='ocr_line' id='line_1_43' title="bbox 1928 2302 3497 2377; baseline -0.002 -17"><span class='ocrx_word' id='word_1_305' title='bbox 1928 2306 2234 2362; x_wconf 90' lang='lat' dir='ltr'><strong>eludentes.</strong></span> <span class='ocrx_word' id='word_1_306' title='bbox 2252 2304 2360 2361; x_wconf 83' lang='lat' dir='ltr'><strong>Has</strong></span> <span class='ocrx_word' id='word_1_307' title='bbox 2387 2306 2549 2377; x_wconf 81' lang='lat' dir='ltr'><strong>igitur</strong></span> <span class='ocrx_word' id='word_1_308' title='bbox 2573 2314 2788 2363; x_wconf 88' lang='lat' dir='ltr'><strong>sanctas</strong></span> <span class='ocrx_word' id='word_1_309' title='bbox 2803 2314 2858 2358; x_wconf 92' lang='lat' dir='ltr'><strong>et</strong></span> <span class='ocrx_word' id='word_1_310' title='bbox 2872 2305 3240 2360; x_wconf 83' lang='lat' dir='ltr'><strong>oecumenicas</strong></span> <span class='ocrx_word' id='word_1_311' title='bbox 3258 2302 3497 2375; x_wconf 82' lang='lat' dir='ltr'><strong>synodos</strong></span> 
     </span>
    </p>
   </div>
   <div class='ocr_carea' id='block_1_44' title="bbox 258 2398 3501 2472">
    <p class='ocr_par' dir='ltr' id='par_1_44' title="bbox 258 2398 3501 2472">
     <span class='ocr_line' id='line_1_44' title="bbox 258 2398 3501 2472; baseline 0 -18"><span class='ocrx_word' id='word_1_312' title='bbox 258 2399 487 2469; x_wconf 73' lang='lat' dir='ltr'><strong>recipio,</strong></span> <span class='ocrx_word' id='word_1_313' title='bbox 509 2400 969 2456; x_wconf 86' lang='lat' dir='ltr'><strong>analhematizans</strong></span> <span class='ocrx_word' id='word_1_314' title='bbox 991 2418 1129 2472; x_wconf 87' lang='lat' dir='ltr'><strong>quos</strong></span> <span class='ocrx_word' id='word_1_315' title='bbox 1172 2401 1792 2468; x_wconf 82' lang='lat' dir='ltr'><strong>anathematizaverunt,</strong></span> <span class='ocrx_word' id='word_1_316' title='bbox 1837 2409 1891 2455; x_wconf 90' lang='lat' dir='ltr'><strong>et</strong></span> <span class='ocrx_word' id='word_1_317' title='bbox 1922 2398 3501 2471; x_wconf 77' lang='lat' dir='ltr'><strong>amplectensetmagniiicans,quoslaudibuscelebrarunt.</strong></span> 
     </span>
    </p>
   </div>
   <div class='ocr_carea' id='block_1_45' title="bbox 336 2476 1936 2563">
    <p class='ocr_par' dir='ltr' id='par_1_45' title="bbox 336 2476 1829 2563">
     <span class='ocr_line' id='line_1_45' title="bbox 336 2476 1829 2563; baseline 0 -18"><span class='ocrx_word' id='word_1_318' title='bbox 336 2489 484 2561; x_wconf 82' lang='grc' dir='ltr'>Δῦτη</span> <span class='ocrx_word' id='word_1_319' title='bbox 516 2509 617 2561; x_wconf 90' lang='grc' dir='ltr'><strong>μου</strong></span> <span class='ocrx_word' id='word_1_320' title='bbox 646 2476 795 2563; x_wconf 75' lang='grc' dir='ltr'><strong>ήτῆς</strong></span> <span class='ocrx_word' id='word_1_321' title='bbox 824 2493 1079 2559; x_wconf 82' lang='grc' dir='ltr'>πίστεως,</span> <span class='ocrx_word' id='word_1_322' title='bbox 1103 2494 1197 2547; x_wconf 80' lang='grc' dir='ltr'><strong>καὶ</strong></span> <span class='ocrx_word' id='word_1_323' title='bbox 1225 2493 1334 2548; x_wconf 89' lang='grc' dir='ltr'><strong>τῶν</strong></span> <span class='ocrx_word' id='word_1_324' title='bbox 1358 2495 1438 2556; x_wconf 84' lang='grc' dir='ltr'><strong>είς</strong></span> <span class='ocrx_word' id='word_1_325' title='bbox 1472 2495 1683 2563; x_wconf 85' lang='grc' dir='ltr'>ταύτην</span> <span class='ocrx_word' id='word_1_326' title='bbox 1733 2495 1829 2547; x_wconf 84' lang='grc' dir='ltr'>άν-</span> 
     </span>
    </p>
   </div>
   <div class='ocr_carea' id='block_1_46' title="bbox 1901 2476 3501 2563">
    <p class='ocr_par' dir='ltr' id='par_1_46' title="bbox 1997 2489 3501 2562">
     <span class='ocr_line' id='line_1_46' title="bbox 1997 2489 3501 2562; baseline -0.001 -17"><span class='ocrx_word' id='word_1_327' title='bbox 1997 2490 2124 2547; x_wconf 83' lang='lat' dir='ltr'><strong>Haec</strong></span> <span class='ocrx_word' id='word_1_328' title='bbox 2156 2499 2239 2547; x_wconf 89' lang='lat' dir='ltr'><strong>est</strong></span> <span class='ocrx_word' id='word_1_329' title='bbox 2274 2490 2398 2547; x_wconf 82' lang='lat' dir='ltr'><strong>ﬁdei</strong></span> <span class='ocrx_word' id='word_1_330' title='bbox 2425 2506 2580 2556; x_wconf 62' lang='lat' dir='ltr'><strong>mere,</strong></span> <span class='ocrx_word' id='word_1_331' title='bbox 2615 2505 2803 2547; x_wconf 89' lang='lat' dir='ltr'><strong>eorum</strong></span> <span class='ocrx_word' id='word_1_332' title='bbox 2858 2506 2982 2562; x_wconf 77' lang='lat' dir='ltr'><strong>quae</strong></span> <span class='ocrx_word' id='word_1_333' title='bbox 3018 2490 3088 2545; x_wconf 85' lang='lat' dir='ltr'><strong>ad</strong></span> <span class='ocrx_word' id='word_1_334' title='bbox 3123 2490 3298 2559; x_wconf 85' lang='lat' dir='ltr'><strong>ipsam</strong></span> <span class='ocrx_word' id='word_1_335' title='bbox 3330 2489 3501 2559; x_wconf 91' lang='lat' dir='ltr'><strong>perti-</strong></span> 
     </span>
    </p>
   </div>
   <div class='ocr_carea' id='block_1_47' title="bbox 262 2580 1862 2657">
    <p class='ocr_par' dir='ltr' id='par_1_47' title="bbox 262 2584 1833 2657">
     <span class='ocr_line' id='line_1_47' title="bbox 262 2584 1833 2657; baseline 0.003 -23"><span class='ocrx_word' id='word_1_336' title='bbox 262 2584 510 2653; x_wconf 82' lang='grc' dir='ltr'>ηκὸντων</span> <span class='ocrx_word' id='word_1_337' title='bbox 542 2585 635 2636; x_wconf 78' lang='grc' dir='ltr'><strong>καὶ</strong></span> <span class='ocrx_word' id='word_1_338' title='bbox 673 2585 803 2655; x_wconf 72' lang='grc' dir='ltr'>περὶ</span> <span class='ocrx_word' id='word_1_339' title='bbox 833 2585 1002 2657; x_wconf 83' lang='grc' dir='ltr'>αὐτὴν</span> <span class='ocrx_word' id='word_1_340' title='bbox 1035 2585 1415 2655; x_wconf 82' lang='grc' dir='ltr'>ὑφισταμένων</span> <span class='ocrx_word' id='word_1_341' title='bbox 1434 2586 1711 2657; x_wconf 87' lang='grc' dir='ltr'>ὁμολογία,</span> <span class='ocrx_word' id='word_1_342' title='bbox 1737 2588 1833 2640; x_wconf 56' lang='grc' dir='ltr'><strong>καὶ⁵</strong></span> 
     </span>
    </p>
   </div>
   <div class='ocr_carea' id='block_1_48' title="bbox 1900 2580 3500 2657">
    <p class='ocr_par' dir='ltr' id='par_1_48' title="bbox 1930 2580 3500 2651">
     <span class='ocr_line' id='line_1_48' title="bbox 1930 2580 3500 2651; baseline -0.003 -12"><span class='ocrx_word' id='word_1_343' title='bbox 1930 2594 2081 2651; x_wconf 90' lang='lat' dir='ltr'><strong>nent,</strong></span> <span class='ocrx_word' id='word_1_344' title='bbox 2126 2591 2182 2639; x_wconf 92' lang='lat' dir='ltr'><strong>et</strong></span> <span class='ocrx_word' id='word_1_345' title='bbox 2218 2584 2361 2638; x_wconf 87' lang='lat' dir='ltr'><strong>circa</strong></span> <span class='ocrx_word' id='word_1_346' title='bbox 2395 2598 2516 2638; x_wconf 87' lang='lat' dir='ltr'><strong>eam</strong></span> <span class='ocrx_word' id='word_1_347' title='bbox 2558 2582 2881 2647; x_wconf 86' lang='lat' dir='ltr'><strong>subsistunt,</strong></span> <span class='ocrx_word' id='word_1_348' title='bbox 2917 2580 3208 2647; x_wconf 81' lang='lat' dir='ltr'><strong>confessio,</strong></span> <span class='ocrx_word' id='word_1_349' title='bbox 3245 2588 3303 2636; x_wconf 91' lang='lat' dir='ltr'><strong>et</strong></span> <span class='ocrx_word' id='word_1_350' title='bbox 3339 2580 3394 2634; x_wconf 91' lang='lat' dir='ltr'><strong>in</strong></span> <span class='ocrx_word' id='word_1_351' title='bbox 3436 2595 3500 2634; x_wconf 89' lang='lat' dir='ltr'><strong>ea</strong></span> 
     </span>
    </p>
   </div>
   <div class='ocr_carea' id='block_1_49' title="bbox 260 2671 1860 2746">
    <p class='ocr_par' dir='ltr' id='par_1_49' title="bbox 260 2673 1833 2746">
     <span class='ocr_line' id='line_1_49' title="bbox 260 2673 1833 2746; baseline 0.004 -20"><span class='ocrx_word' id='word_1_352' title='bbox 260 2676 326 2727; x_wconf 84' lang='grc' dir='ltr'><strong>ἐν</strong></span> <span class='ocrx_word' id='word_1_353' title='bbox 354 2673 526 2746; x_wconf 79' lang='grc' dir='ltr'>ταύτῃ</span> <span class='ocrx_word' id='word_1_354' title='bbox 550 2675 587 2744; x_wconf 77' lang='grc' dir='ltr'><strong>ἡ</strong></span> <span class='ocrx_word' id='word_1_355' title='bbox 622 2675 796 2739; x_wconf 79' lang='grc' dir='ltr'>ἐλπὶς,</span> <span class='ocrx_word' id='word_1_356' title='bbox 825 2677 927 2729; x_wconf 90' lang='grc' dir='ltr'><strong>οὐκ</strong></span> <span class='ocrx_word' id='word_1_357' title='bbox 957 2676 1079 2746; x_wconf 74' lang='grc' dir='ltr'>ἐμοὶ</span> <span class='ocrx_word' id='word_1_358' title='bbox 1107 2676 1166 2729; x_wconf 86' lang='grc' dir='ltr'>δὲ</span> <span class='ocrx_word' id='word_1_359' title='bbox 1201 2677 1382 2746; x_wconf 86' lang='grc' dir='ltr'>μόνον,</span> <span class='ocrx_word' id='word_1_360' title='bbox 1428 2678 1562 2731; x_wconf 80' lang='grc' dir='ltr'>ἀλλὰ</span> <span class='ocrx_word' id='word_1_361' title='bbox 1603 2679 1697 2732; x_wconf 71' lang='grc' dir='ltr'>καὶ</span> <span class='ocrx_word' id='word_1_362' title='bbox 1726 2680 1833 2732; x_wconf 82' lang='grc' dir='ltr'>πᾶ-</span> 
     </span>
    </p>
   </div>
   <div class='ocr_carea' id='block_1_50' title="bbox 1901 2671 3501 2746">
    <p class='ocr_par' dir='ltr' id='par_1_50' title="bbox 1930 2671 3501 2743">
     <span class='ocr_line' id='line_1_50' title="bbox 1930 2671 3501 2743; baseline -0.003 -13"><span class='ocrx_word' id='word_1_363' title='bbox 1930 2690 2083 2743; x_wconf 89' lang='lat' dir='ltr'><strong>spes;</strong></span> <span class='ocrx_word' id='word_1_364' title='bbox 2120 2689 2223 2729; x_wconf 92' lang='lat' dir='ltr'><strong>nec</strong></span> <span class='ocrx_word' id='word_1_365' title='bbox 2257 2674 2391 2728; x_wconf 92' lang='lat' dir='ltr'><strong>mihi</strong></span> <span class='ocrx_word' id='word_1_366' title='bbox 2430 2689 2559 2728; x_wconf 90' lang='lat' dir='ltr'><strong>vero</strong></span> <span class='ocrx_word' id='word_1_367' title='bbox 2590 2673 2717 2738; x_wconf 90' lang='lat' dir='ltr'><strong>soli,</strong></span> <span class='ocrx_word' id='word_1_368' title='bbox 2761 2672 2856 2727; x_wconf 87' lang='lat' dir='ltr'><strong>sed</strong></span> <span class='ocrx_word' id='word_1_369' title='bbox 2901 2682 2957 2727; x_wconf 90' lang='lat' dir='ltr'><strong>et</strong></span> <span class='ocrx_word' id='word_1_370' title='bbox 3005 2671 3261 2726; x_wconf 90' lang='lat' dir='ltr'><strong>omnibus</strong></span> <span class='ocrx_word' id='word_1_371' title='bbox 3301 2672 3501 2742; x_wconf 85' lang='lat' dir='ltr'><strong>quibus</strong></span> 
     </span>
    </p>
   </div>
   <div class='ocr_carea' id='block_1_51' title="bbox 262 2763 1862 2839">
    <p class='ocr_par' dir='ltr' id='par_1_51' title="bbox 262 2765 1832 2839">
     <span class='ocr_line' id='line_1_51' title="bbox 262 2765 1832 2839; baseline 0.003 -22"><span class='ocrx_word' id='word_1_372' title='bbox 262 2782 356 2818; x_wconf 88' lang='grc' dir='ltr'><strong>σιν</strong></span> <span class='ocrx_word' id='word_1_373' title='bbox 386 2766 531 2827; x_wconf 81' lang='grc' dir='ltr'>ὅσοις</span> <span class='ocrx_word' id='word_1_374' title='bbox 560 2765 805 2819; x_wconf 78' lang='grc' dir='ltr'>εὐσεϐεῖν</span> <span class='ocrx_word' id='word_1_375' title='bbox 856 2766 1241 2837; x_wconf 79' lang='grc' dir='ltr'>μεμελέτηται,</span> <span class='ocrx_word' id='word_1_376' title='bbox 1292 2767 1387 2820; x_wconf 80' lang='grc' dir='ltr'><strong>καὶ</strong></span> <span class='ocrx_word' id='word_1_377' title='bbox 1434 2769 1532 2838; x_wconf 83' lang='grc' dir='ltr'>τῆς</span> <span class='ocrx_word' id='word_1_378' title='bbox 1585 2768 1832 2839; x_wconf 82' lang='grc' dir='ltr'>καθαρᾶς</span> 
     </span>
    </p>
   </div>
   <div class='ocr_carea' id='block_1_52' title="bbox 1903 2763 3503 2839">
    <p class='ocr_par' dir='ltr' id='par_1_52' title="bbox 1931 2763 3503 2836">
     <span class='ocr_line' id='line_1_52' title="bbox 1931 2763 3503 2836; baseline -0.003 -16"><span class='ocrx_word' id='word_1_379' title='bbox 1931 2767 2250 2821; x_wconf 89' lang='lat' dir='ltr'><strong>meditatum</strong></span> <span class='ocrx_word' id='word_1_380' title='bbox 2277 2774 2364 2821; x_wconf 91' lang='lat' dir='ltr'><strong>est</strong></span> <span class='ocrx_word' id='word_1_381' title='bbox 2398 2766 2483 2836; x_wconf 92' lang='lat' dir='ltr'><strong>pie</strong></span> <span class='ocrx_word' id='word_1_382' title='bbox 2509 2766 2714 2832; x_wconf 85' lang='lat' dir='ltr'><strong>vivere,</strong></span> <span class='ocrx_word' id='word_1_383' title='bbox 2746 2765 3055 2835; x_wconf 88' lang='lat' dir='ltr'><strong>quibusque</strong></span> <span class='ocrx_word' id='word_1_384' title='bbox 3092 2763 3309 2820; x_wconf 90' lang='lat' dir='ltr'><strong>divinus</strong></span> <span class='ocrx_word' id='word_1_385' title='bbox 3348 2778 3503 2819; x_wconf 90' lang='lat' dir='ltr'><strong>amor</strong></span> 
     </span>
    </p>
   </div>
   <div class='ocr_carea' id='block_1_53' title="bbox 263 2846 1863 2929">
    <p class='ocr_par' dir='ltr' id='par_1_53' title="bbox 263 2856 1827 2929">
     <span class='ocr_line' id='line_1_53' title="bbox 263 2856 1827 2929; baseline 0.002 -20"><span class='ocrx_word' id='word_1_386' title='bbox 263 2856 365 2909; x_wconf 77' lang='grc' dir='ltr'>καὶ</span> <span class='ocrx_word' id='word_1_387' title='bbox 395 2856 685 2928; x_wconf 81' lang='grc' dir='ltr'>άκιϐδήλου</span> <span class='ocrx_word' id='word_1_388' title='bbox 728 2856 886 2927; x_wconf 83' lang='grc' dir='ltr'>δόξης</span> <span class='ocrx_word' id='word_1_389' title='bbox 932 2857 1042 2910; x_wconf 91' lang='grc' dir='ltr'><strong>τῶν</strong></span> <span class='ocrx_word' id='word_1_390' title='bbox 1099 2858 1441 2928; x_wconf 82' lang='grc' dir='ltr'>Χριστιανῶν</span> <span class='ocrx_word' id='word_1_391' title='bbox 1493 2859 1634 2922; x_wconf 82' lang='grc' dir='ltr'>θεῖος</span> <span class='ocrx_word' id='word_1_392' title='bbox 1668 2860 1827 2929; x_wconf 78' lang='grc' dir='ltr'>ἔρως,</span> 
     </span>
    </p>
   </div>
   <div class='ocr_carea' id='block_1_54' title="bbox 1896 2846 3496 2929">
    <p class='ocr_par' dir='ltr' id='par_1_54' title="bbox 1896 2846 3496 2929">
     <span class='ocr_line' id='line_1_54' title="bbox 1896 2846 3496 2929; baseline -0.001 -20"><span class='ocrx_word' id='word_1_393' title='bbox 1896 2920 1899 2929; x_wconf 36' lang='grc' dir='ltr'>ι</span> <span class='ocrx_word' id='word_1_394' title='bbox 1933 2858 2152 2909; x_wconf 82' lang='lat' dir='ltr'><strong>innatus</strong></span> <span class='ocrx_word' id='word_1_395' title='bbox 2180 2865 2284 2916; x_wconf 86' lang='lat' dir='ltr'><strong>est,</strong></span> <span class='ocrx_word' id='word_1_396' title='bbox 2310 2870 2504 2925; x_wconf 89' lang='lat' dir='ltr'><strong>puram</strong></span> <span class='ocrx_word' id='word_1_397' title='bbox 2527 2863 2582 2909; x_wconf 90' lang='lat' dir='ltr'><strong>et</strong></span> <span class='ocrx_word' id='word_1_398' title='bbox 2613 2855 2879 2910; x_wconf 86' lang='lat' dir='ltr'><strong>sinceram</strong></span> <span class='ocrx_word' id='word_1_399' title='bbox 2903 2846 3336 2910; x_wconf 85' lang='lat' dir='ltr'><strong>Christianorum</strong></span> <span class='ocrx_word' id='word_1_400' title='bbox 3376 2868 3496 2909; x_wconf 86' lang='lat' dir='ltr'><strong>sen-</strong></span> 
     </span>
    </p>
   </div>
   <div class='ocr_carea' id='block_1_55' title="bbox 263 2916 1863 3020">
    <p class='ocr_par' dir='ltr' id='par_1_55' title="bbox 263 2916 1863 3020">
     <span class='ocr_line' id='line_1_55' title="bbox 263 2916 1863 3020; baseline 0.001 -20"><span class='ocrx_word' id='word_1_401' title='bbox 263 2916 657 3018; x_wconf 78' lang='grc' dir='ltr'>προσπέφυκεν</span> <span class='ocrx_word' id='word_1_402' title='bbox 684 2916 925 3018; x_wconf 66' lang='grc' dir='ltr'>ἔχεσθαι.</span> <span class='ocrx_word' id='word_1_403' title='bbox 950 2916 1168 3020; x_wconf 76' lang='grc' dir='ltr'>Ταύτην</span> <span class='ocrx_word' id='word_1_404' title='bbox 1200 2944 1293 3002; x_wconf 75' lang='grc' dir='ltr'><strong>οὖν</strong></span> <span class='ocrx_word' id='word_1_405' title='bbox 1318 2949 1475 3020; x_wconf 78' lang='grc' dir='ltr'>ἡμῶν</span> <span class='ocrx_word' id='word_1_406' title='bbox 1512 2916 1833 3020; x_wconf 34' lang='grc' dir='ltr'><strong>τὴν-ἔγγραζ</strong></span> <span class='ocrx_word' id='word_1_407' title='bbox 1860 2937 1863 2957; x_wconf 57' lang='grc'>¹</span> 
     </span>
    </p>
   </div>
   <div class='ocr_carea' id='block_1_56' title="bbox 1905 2916 3505 3020">
    <p class='ocr_par' dir='ltr' id='par_1_56' title="bbox 1942 2916 3505 3017">
     <span class='ocr_line' id='line_1_56' title="bbox 1942 2916 3505 3017; baseline -0.003 -17"><span class='ocrx_word' id='word_1_408' title='bbox 1942 2946 2168 3001; x_wconf 87' lang='lat' dir='ltr'><strong>tentiam</strong></span> <span class='ocrx_word' id='word_1_409' title='bbox 2196 2916 2489 3001; x_wconf 71' lang='lat' dir='ltr'><strong>retinendi.</strong></span> <span class='ocrx_word' id='word_1_410' title='bbox 2508 2946 2662 3000; x_wconf 86' lang='lat' dir='ltr'><strong>Hanc</strong></span> <span class='ocrx_word' id='word_1_411' title='bbox 2688 2945 2852 3017; x_wconf 83' lang='lat' dir='ltr'><strong>igitur</strong></span> <span class='ocrx_word' id='word_1_412' title='bbox 2878 2946 2935 3001; x_wconf 89' lang='lat' dir='ltr'><strong>in</strong></span> <span class='ocrx_word' id='word_1_413' title='bbox 2963 2945 3182 3015; x_wconf 88' lang='lat' dir='ltr'><strong>scriptis</strong></span> <span class='ocrx_word' id='word_1_414' title='bbox 3209 2944 3335 3000; x_wconf 84' lang='lat' dir='ltr'><strong>ﬁdei</strong></span> <span class='ocrx_word' id='word_1_415' title='bbox 3373 2959 3505 2999; x_wconf 92' lang='lat' dir='ltr'><strong>con-</strong></span> 
     </span>
    </p>
   </div>
   <div class='ocr_carea' id='block_1_57' title="bbox 263 3037 1863 3113">
    <p class='ocr_par' dir='ltr' id='par_1_57' title="bbox 263 3038 1832 3113">
     <span class='ocr_line' id='line_1_57' title="bbox 263 3038 1832 3113; baseline 0.002 -24"><span class='ocrx_word' id='word_1_416' title='bbox 263 3056 372 3107; x_wconf 78' lang='grc' dir='ltr'><strong>φον</strong></span> <span class='ocrx_word' id='word_1_417' title='bbox 406 3038 506 3108; x_wconf 81' lang='grc' dir='ltr'>τῆς</span> <span class='ocrx_word' id='word_1_418' title='bbox 564 3038 801 3101; x_wconf 83' lang='grc' dir='ltr'>πίστεως</span> <span class='ocrx_word' id='word_1_419' title='bbox 852 3038 1142 3113; x_wconf 84' lang='grc' dir='ltr'>ὁμολογίαν</span> <span class='ocrx_word' id='word_1_420' title='bbox 1181 3039 1604 3108; x_wconf 83' lang='grc' dir='ltr'>ὑποστήσαντες,</span> <span class='ocrx_word' id='word_1_421' title='bbox 1646 3042 1741 3092; x_wconf 82' lang='grc' dir='ltr'>καὶ</span> <span class='ocrx_word' id='word_1_422' title='bbox 1766 3042 1832 3109; x_wconf 79' lang='grc' dir='ltr'>τῇ</span> 
     </span>
    </p>
   </div>
   <div class='ocr_carea' id='block_1_58' title="bbox 1910 3037 3510 3113">
    <p class='ocr_par' dir='ltr' id='par_1_58' title="bbox 1936 3037 3510 3103">
     <span class='ocr_line' id='line_1_58' title="bbox 1936 3037 3510 3103; baseline 0.001 -12"><span class='ocrx_word' id='word_1_423' title='bbox 1936 3037 2231 3093; x_wconf 79' lang='lat' dir='ltr'><strong>fessionem</strong></span> <span class='ocrx_word' id='word_1_424' title='bbox 2255 3045 2578 3103; x_wconf 87' lang='lat' dir='ltr'><strong>statuentes,</strong></span> <span class='ocrx_word' id='word_1_425' title='bbox 2596 3047 2651 3093; x_wconf 90' lang='lat' dir='ltr'><strong>et</strong></span> <span class='ocrx_word' id='word_1_426' title='bbox 2674 3048 2869 3094; x_wconf 62' lang='lat' dir='ltr'><strong>vestrae</strong></span> <span class='ocrx_word' id='word_1_427' title='bbox 2898 3038 3277 3095; x_wconf 68' lang='lat' dir='ltr'><strong>sacratissima:</strong></span> <span class='ocrx_word' id='word_1_428' title='bbox 3304 3038 3510 3095; x_wconf 89' lang='lat' dir='ltr'><strong>sancti-</strong></span> 
     </span>
    </p>
   </div>
   <div class='ocr_carea' id='block_1_59' title="bbox 266 3129 1866 3203">
    <p class='ocr_par' dir='ltr' id='par_1_59' title="bbox 266 3130 1835 3203">
     <span class='ocr_line' id='line_1_59' title="bbox 266 3130 1835 3203; baseline 0.003 -21"><span class='ocrx_word' id='word_1_429' title='bbox 266 3131 429 3201; x_wconf 80' lang='grc' dir='ltr'>ὴμῶν</span> <span class='ocrx_word' id='word_1_430' title='bbox 459 3131 702 3202; x_wconf 82' lang='grc' dir='ltr'>πανιὲρῳ</span> <span class='ocrx_word' id='word_1_431' title='bbox 729 3132 965 3202; x_wconf 82' lang='grc' dir='ltr'>ίερότητι</span> <span class='ocrx_word' id='word_1_432' title='bbox 992 3132 1061 3185; x_wconf 82' lang='grc' dir='ltr'>τὰ</span> <span class='ocrx_word' id='word_1_433' title='bbox 1092 3130 1215 3185; x_wconf 87' lang='grc' dir='ltr'>καθ’</span> <span class='ocrx_word' id='word_1_434' title='bbox 1254 3133 1401 3203; x_wconf 79' lang='grc' dir='ltr'>ἡμᾶς</span> <span class='ocrx_word' id='word_1_435' title='bbox 1436 3132 1513 3196; x_wconf 85' lang='grc' dir='ltr'>ὡς</span> <span class='ocrx_word' id='word_1_436' title='bbox 1553 3134 1612 3185; x_wconf 85' lang='grc' dir='ltr'><strong>ἐν</strong></span> <span class='ocrx_word' id='word_1_437' title='bbox 1646 3132 1835 3186; x_wconf 86' lang='grc' dir='ltr'>πίνακι</span> 
     </span>
    </p>
   </div>
   <div class='ocr_carea' id='block_1_60' title="bbox 1909 3129 3509 3203">
    <p class='ocr_par' dir='ltr' id='par_1_60' title="bbox 1939 3129 3509 3201">
     <span class='ocr_line' id='line_1_60' title="bbox 1939 3129 3509 3201; baseline 0.003 -18"><span class='ocrx_word' id='word_1_438' title='bbox 1939 3129 2030 3183; x_wconf 86' lang='lat' dir='ltr'><strong>tati</strong></span> <span class='ocrx_word' id='word_1_439' title='bbox 2057 3144 2144 3183; x_wconf 90' lang='lat' dir='ltr'><strong>res</strong></span> <span class='ocrx_word' id='word_1_440' title='bbox 2164 3138 2383 3184; x_wconf 90' lang='lat' dir='ltr'><strong>nostras</strong></span> <span class='ocrx_word' id='word_1_441' title='bbox 2401 3138 2463 3185; x_wconf 90' lang='lat' dir='ltr'><strong>ut</strong></span> <span class='ocrx_word' id='word_1_442' title='bbox 2487 3129 2543 3184; x_wconf 91' lang='lat' dir='ltr'><strong>in</strong></span> <span class='ocrx_word' id='word_1_443' title='bbox 2576 3131 2754 3185; x_wconf 85' lang='lat' dir='ltr'><strong>tabula</strong></span> <span class='ocrx_word' id='word_1_444' title='bbox 2768 3130 3159 3201; x_wconf 80' lang='lat' dir='ltr'><strong>exprimentes,</strong></span> <span class='ocrx_word' id='word_1_445' title='bbox 3180 3140 3238 3187; x_wconf 90' lang='lat' dir='ltr'><strong>et</strong></span> <span class='ocrx_word' id='word_1_446' title='bbox 3252 3145 3509 3187; x_wconf 82' lang='lat' dir='ltr'><strong>sermone</strong></span> 
     </span>
    </p>
   </div>
   <div class='ocr_carea' id='block_1_61' title="bbox 263 3220 1863 3295">
    <p class='ocr_par' dir='ltr' id='par_1_61' title="bbox 263 3220 1838 3295">
     <span class='ocr_line' id='line_1_61' title="bbox 263 3220 1838 3295; baseline 0 -20"><span class='ocrx_word' id='word_1_447' title='bbox 263 3223 720 3295; x_wconf 74' lang='grc' dir='ltr'>διαχαράττοντες</span> <span class='ocrx_word' id='word_1_448' title='bbox 744 3225 857 3285; x_wconf 83' lang='grc' dir='ltr'>τοῖς</span> <span class='ocrx_word' id='word_1_449' title='bbox 882 3222 1064 3290; x_wconf 88' lang='grc' dir='ltr'>λόγοις</span> <span class='ocrx_word' id='word_1_450' title='bbox 1091 3224 1568 3293; x_wconf 80' lang='grc' dir='ltr'>ὰνιστορήσαντες,</span> <span class='ocrx_word' id='word_1_451' title='bbox 1610 3224 1743 3293; x_wconf 85' lang='grc' dir='ltr'>ὅπερ</span> <span class='ocrx_word' id='word_1_452' title='bbox 1774 3220 1838 3294; x_wconf 85' lang='grc' dir='ltr'>δὴ</span> 
     </span>
    </p>
   </div>
   <div class='ocr_carea' id='block_1_62' title="bbox 1912 3220 3512 3295">
    <p class='ocr_par' dir='ltr' id='par_1_62' title="bbox 1937 3222 3512 3295">
     <span class='ocr_line' id='line_1_62' title="bbox 1937 3222 3512 3295; baseline 0.003 -21"><span class='ocrx_word' id='word_1_453' title='bbox 1937 3230 2458 3289; x_wconf 88' lang='lat' dir='ltr'><strong>commemorantes;</strong></span> <span class='ocrx_word' id='word_1_454' title='bbox 2491 3222 2635 3292; x_wconf 89' lang='lat' dir='ltr'><strong>quod</strong></span> <span class='ocrx_word' id='word_1_455' title='bbox 2672 3238 2815 3292; x_wconf 64' lang='lat' dir='ltr'><strong>saepe</strong></span> <span class='ocrx_word' id='word_1_456' title='bbox 2847 3224 3162 3293; x_wconf 88' lang='lat' dir='ltr'><strong>petivimus,</strong></span> <span class='ocrx_word' id='word_1_457' title='bbox 3200 3223 3512 3295; x_wconf 82' lang='lat' dir='ltr'><strong>indigemus</strong></span> 
     </span>
    </p>
   </div>
   <div class='ocr_carea' id='block_1_63' title="bbox 267 3299 1867 3385">
    <p class='ocr_par' dir='ltr' id='par_1_63' title="bbox 267 3313 1838 3385">
     <span class='ocr_line' id='line_1_63' title="bbox 267 3313 1838 3385; baseline 0.001 -20"><span class='ocrx_word' id='word_1_458' title='bbox 267 3313 532 3376; x_wconf 78' lang='grc' dir='ltr'>πολλάκις</span> <span class='ocrx_word' id='word_1_459' title='bbox 606 3314 948 3385; x_wconf 71' lang='grc' dir='ltr'>ᾐτησάμεθα,</span> <span class='ocrx_word' id='word_1_460' title='bbox 1005 3313 1115 3366; x_wconf 88' lang='grc' dir='ltr'><strong>τῶν</strong></span> <span class='ocrx_word' id='word_1_461' title='bbox 1176 3314 1457 3384; x_wconf 84' lang='grc' dir='ltr'>ὑμετέρων</span> <span class='ocrx_word' id='word_1_462' title='bbox 1510 3313 1838 3382; x_wconf 86' lang='grc' dir='ltr'>ἐπιδεόμεθα</span> 
     </span>
    </p>
   </div>
   <div class='ocr_carea' id='block_1_64' title="bbox 1909 3299 3509 3385">
    <p class='ocr_par' dir='ltr' id='par_1_64' title="bbox 1937 3299 3509 3385">
     <span class='ocr_line' id='line_1_64' title="bbox 1937 3299 3509 3385; baseline 0 -17"><span class='ocrx_word' id='word_1_463' title='bbox 1937 3313 2274 3369; x_wconf 76' lang='lat' dir='ltr'><strong>orationibus</strong></span> <span class='ocrx_word' id='word_1_464' title='bbox 2302 3315 2519 3377; x_wconf 87' lang='lat' dir='ltr'><strong>vestris,</strong></span> <span class='ocrx_word' id='word_1_465' title='bbox 2542 3322 2601 3369; x_wconf 84' lang='lat' dir='ltr'><strong>ut</strong></span> <span class='ocrx_word' id='word_1_466' title='bbox 2618 3299 2785 3368; x_wconf 84' lang='lat' dir='ltr'><strong>Deum</strong></span> <span class='ocrx_word' id='word_1_467' title='bbox 2812 3315 3105 3383; x_wconf 85' lang='lat' dir='ltr'><strong>prepitium</strong></span> <span class='ocrx_word' id='word_1_468' title='bbox 3128 3330 3191 3369; x_wconf 92' lang='lat' dir='ltr'><strong>ac</strong></span> <span class='ocrx_word' id='word_1_469' title='bbox 3211 3315 3509 3385; x_wconf 85' lang='lat' dir='ltr'><strong>benignum</strong></span> 
     </span>
    </p>
   </div>
   <div class='ocr_carea' id='block_1_65' title="bbox 266 3397 1866 3475">
    <p class='ocr_par' dir='ltr' id='par_1_65' title="bbox 266 3397 1840 3475">
     <span class='ocr_line' id='line_1_65' title="bbox 266 3397 1840 3475; baseline -0.001 -18"><span class='ocrx_word' id='word_1_470' title='bbox 266 3405 614 3475; x_wconf 74' lang='grc' dir='ltr'>προσευχῶν,</span> <span class='ocrx_word' id='word_1_471' title='bbox 673 3404 806 3458; x_wconf 82' lang='grc' dir='ltr'>Θεὸν</span> <span class='ocrx_word' id='word_1_472' title='bbox 858 3405 956 3473; x_wconf 80' lang='grc' dir='ltr'><strong>μὲν</strong></span> <span class='ocrx_word' id='word_1_473' title='bbox 983 3404 1139 3460; x_wconf 85' lang='grc' dir='ltr'>ἵλεων</span> <span class='ocrx_word' id='word_1_474' title='bbox 1168 3406 1262 3461; x_wconf 75' lang='grc' dir='ltr'><strong>καὶ</strong></span> <span class='ocrx_word' id='word_1_475' title='bbox 1293 3404 1496 3475; x_wconf 80' lang='grc' dir='ltr'>εὐμενῆ</span> <span class='ocrx_word' id='word_1_476' title='bbox 1527 3406 1613 3472; x_wconf 87' lang='grc' dir='ltr'>ἐφ’</span> <span class='ocrx_word' id='word_1_477' title='bbox 1662 3397 1743 3464; x_wconf 74' lang='grc' dir='ltr'>οἷς</span> <span class='ocrx_word' id='word_1_478' title='bbox 1781 3420 1840 3456; x_wconf 90' lang='grc' dir='ltr'><strong>τε</strong></span> 
     </span>
    </p>
   </div>
   <div class='ocr_carea' id='block_1_66' title="bbox 1914 3397 3514 3475">
    <p class='ocr_par' dir='ltr' id='par_1_66' title="bbox 1943 3404 3514 3475">
     <span class='ocr_line' id='line_1_66' title="bbox 1943 3404 3514 3475; baseline 0.003 -18"><span class='ocrx_word' id='word_1_479' title='bbox 1943 3405 1997 3458; x_wconf 91' lang='lat' dir='ltr'><strong>in</strong></span> <span class='ocrx_word' id='word_1_480' title='bbox 2045 3405 2129 3458; x_wconf 90' lang='lat' dir='ltr'><strong>his</strong></span> <span class='ocrx_word' id='word_1_481' title='bbox 2177 3420 2297 3474; x_wconf 69' lang='lat' dir='ltr'><strong>qua:</strong></span> <span class='ocrx_word' id='word_1_482' title='bbox 2354 3404 2611 3475; x_wconf 85' lang='lat' dir='ltr'><strong>gerimus,</strong></span> <span class='ocrx_word' id='word_1_483' title='bbox 2659 3404 3003 3459; x_wconf 88' lang='lat' dir='ltr'><strong>inveniamus</strong></span> <span class='ocrx_word' id='word_1_484' title='bbox 3048 3422 3064 3457; x_wconf 88' lang='lat'><strong>:</strong></span> <span class='ocrx_word' id='word_1_485' title='bbox 3108 3420 3327 3460; x_wconf 89' lang='lat' dir='ltr'><strong>omnem</strong></span> <span class='ocrx_word' id='word_1_486' title='bbox 3383 3420 3514 3461; x_wconf 85' lang='lat' dir='ltr'><strong>vero</strong></span> 
     </span>
    </p>
   </div>
   <div class='ocr_carea' id='block_1_67' title="bbox 271 3494 1871 3567">
    <p class='ocr_par' dir='ltr' id='par_1_67' title="bbox 271 3494 1832 3567">
     <span class='ocr_line' id='line_1_67' title="bbox 271 3494 1832 3567; baseline -0.003 -18"><span class='ocrx_word' id='word_1_487' title='bbox 271 3496 624 3567; x_wconf 84' lang='grc' dir='ltr'>πράττομεν,</span> <span class='ocrx_word' id='word_1_488' title='bbox 698 3497 793 3549; x_wconf 73' lang='grc' dir='ltr'><strong>καὶ</strong></span> <span class='ocrx_word' id='word_1_489' title='bbox 845 3495 1297 3566; x_wconf 81' lang='grc' dir='ltr'>διεπραξάμεθα,</span> <span class='ocrx_word' id='word_1_490' title='bbox 1359 3496 1508 3565; x_wconf 81' lang='grc' dir='ltr'>ἡμᾶς</span> <span class='ocrx_word' id='word_1_491' title='bbox 1556 3494 1832 3564; x_wconf 83' lang='grc' dir='ltr'>ἐφευρεῖν,</span> 
     </span>
    </p>
   </div>
   <div class='ocr_carea' id='block_1_68' title="bbox 1920 3494 3520 3567">
    <p class='ocr_par' dir='ltr' id='par_1_68' title="bbox 1944 3495 3517 3565">
     <span class='ocr_line' id='line_1_68' title="bbox 1944 3495 3517 3565; baseline 0 -16"><span class='ocrx_word' id='word_1_492' title='bbox 1944 3495 2322 3551; x_wconf 82' lang='lat' dir='ltr'><strong>seandalorum</strong></span> <span class='ocrx_word' id='word_1_493' title='bbox 2373 3496 2611 3551; x_wconf 87' lang='lat' dir='ltr'><strong>radicem</strong></span> <span class='ocrx_word' id='word_1_494' title='bbox 2635 3534 2652 3559; x_wconf 94' lang='lat'><strong>,</strong></span> <span class='ocrx_word' id='word_1_495' title='bbox 2716 3504 2772 3549; x_wconf 92' lang='lat' dir='ltr'><strong>et</strong></span> <span class='ocrx_word' id='word_1_496' title='bbox 2827 3505 3035 3565; x_wconf 89' lang='lat' dir='ltr'><strong>petram</strong></span> <span class='ocrx_word' id='word_1_497' title='bbox 3080 3495 3401 3551; x_wconf 80' lang='lat' dir='ltr'><strong>ollensionis</strong></span> <span class='ocrx_word' id='word_1_498' title='bbox 3446 3509 3517 3550; x_wconf 80' lang='lat' dir='ltr'><strong>ex</strong></span> 
     </span>
    </p>
   </div>
   <div class='ocr_carea' id='block_1_69' title="bbox 270 3586 1870 3659">
    <p class='ocr_par' dir='ltr' id='par_1_69' title="bbox 270 3586 1844 3659">
     <span class='ocr_line' id='line_1_69' title="bbox 270 3586 1844 3659; baseline -0.003 -17"><span class='ocrx_word' id='word_1_499' title='bbox 270 3591 457 3643; x_wconf 80' lang='grc' dir='ltr'>πᾶσαν</span> <span class='ocrx_word' id='word_1_500' title='bbox 511 3589 568 3643; x_wconf 87' lang='grc' dir='ltr'><strong>δέ</strong></span> <span class='ocrx_word' id='word_1_501' title='bbox 601 3588 910 3643; x_wconf 84' lang='grc' dir='ltr'>σκανδάλων</span> <span class='ocrx_word' id='word_1_502' title='bbox 953 3589 1129 3659; x_wconf 75' lang='grc' dir='ltr'>ῥίζαν,</span> <span class='ocrx_word' id='word_1_503' title='bbox 1160 3589 1256 3641; x_wconf 67' lang='grc' dir='ltr'>καὶ</span> <span class='ocrx_word' id='word_1_504' title='bbox 1301 3588 1507 3658; x_wconf 85' lang='grc' dir='ltr'>πέτραν</span> <span class='ocrx_word' id='word_1_505' title='bbox 1563 3586 1844 3657; x_wconf 84' lang='grc' dir='ltr'>προσκόμ-</span> 
     </span>
    </p>
   </div>
   <div class='ocr_carea' id='block_1_70' title="bbox 1911 3586 3511 3659">
    <p class='ocr_par' dir='ltr' id='par_1_70' title="bbox 1944 3588 3511 3654">
     <span class='ocr_line' id='line_1_70' title="bbox 1944 3588 3511 3654; baseline -0.001 -10"><span class='ocrx_word' id='word_1_506' title='bbox 1944 3589 2312 3646; x_wconf 84' lang='lat' dir='ltr'><strong>ecclesiastico</strong></span> <span class='ocrx_word' id='word_1_507' title='bbox 2369 3589 2564 3646; x_wconf 83' lang='lat' dir='ltr'><strong>ordine</strong></span> <span class='ocrx_word' id='word_1_508' title='bbox 2602 3589 2870 3644; x_wconf 78' lang='lat' dir='ltr'><strong>sublatam</strong></span> <span class='ocrx_word' id='word_1_509' title='bbox 2916 3588 3247 3654; x_wconf 86' lang='lat' dir='ltr'><strong>intueamur,</strong></span> <span class='ocrx_word' id='word_1_510' title='bbox 3276 3603 3341 3643; x_wconf 88' lang='lat' dir='ltr'><strong>ac</strong></span> <span class='ocrx_word' id='word_1_511' title='bbox 3367 3588 3511 3643; x_wconf 84' lang='lat' dir='ltr'><strong>bene</strong></span> 
     </span>
    </p>
   </div>
   <div class='ocr_carea' id='block_1_71' title="bbox 274 3673 1874 3752">
    <p class='ocr_par' dir='ltr' id='par_1_71' title="bbox 274 3676 1841 3752">
     <span class='ocr_line' id='line_1_71' title="bbox 274 3676 1841 3752; baseline -0.001 -21"><span class='ocrx_word' id='word_1_512' title='bbox 274 3697 468 3749; x_wconf 85' lang='grc' dir='ltr'>ματος,</span> <span class='ocrx_word' id='word_1_513' title='bbox 512 3682 577 3733; x_wconf 84' lang='grc' dir='ltr'><strong>ἐκ</strong></span> <span class='ocrx_word' id='word_1_514' title='bbox 622 3680 798 3734; x_wconf 88' lang='grc' dir='ltr'>ποδῶν</span> <span class='ocrx_word' id='word_1_515' title='bbox 850 3680 1191 3752; x_wconf 80' lang='grc' dir='ltr'>γεγενημένα</span> <span class='ocrx_word' id='word_1_516' title='bbox 1244 3680 1343 3749; x_wconf 82' lang='grc' dir='ltr'>τῆς</span> <span class='ocrx_word' id='word_1_517' title='bbox 1377 3676 1841 3747; x_wconf 80' lang='grc' dir='ltr'>ἐκκλησιαστικῆς</span> 
     </span>
    </p>
   </div>
   <div class='ocr_carea' id='block_1_72' title="bbox 1914 3673 3514 3752">
    <p class='ocr_par' dir='ltr' id='par_1_72' title="bbox 1947 3673 3514 3752">
     <span class='ocr_line' id='line_1_72' title="bbox 1947 3673 3514 3752; baseline -0.001 -17"><span class='ocrx_word' id='word_1_518' title='bbox 1947 3681 2097 3752; x_wconf 86' lang='lat' dir='ltr'><strong>pasci</strong></span> <span class='ocrx_word' id='word_1_519' title='bbox 2126 3681 2393 3747; x_wconf 89' lang='lat' dir='ltr'><strong>subditos,</strong></span> <span class='ocrx_word' id='word_1_520' title='bbox 2427 3697 2530 3737; x_wconf 91' lang='lat' dir='ltr'><strong>nec</strong></span> <span class='ocrx_word' id='word_1_521' title='bbox 2558 3681 2906 3736; x_wconf 88' lang='lat' dir='ltr'><strong>multitudine</strong></span> <span class='ocrx_word' id='word_1_522' title='bbox 2939 3673 3252 3735; x_wconf 86' lang='lat' dir='ltr'><strong>nostrorum</strong></span> <span class='ocrx_word' id='word_1_523' title='bbox 3285 3679 3514 3735; x_wconf 88' lang='lat' dir='ltr'><strong>delicto-</strong></span> 
     </span>
    </p>
   </div>
   <div class='ocr_carea' id='block_1_73' title="bbox 271 3765 1871 3844">
    <p class='ocr_par' dir='ltr' id='par_1_73' title="bbox 271 3765 1837 3841">
     <span class='ocr_line' id='line_1_73' title="bbox 271 3765 1837 3841; baseline -0.003 -19"><span class='ocrx_word' id='word_1_524' title='bbox 271 3769 530 3836; x_wconf 73' lang='grc' dir='ltr'>εὐταξίας</span> <span class='ocrx_word' id='word_1_525' title='bbox 610 3769 873 3841; x_wconf 73' lang='grc' dir='ltr'>καθορᾷνσ</span> <span class='ocrx_word' id='word_1_526' title='bbox 950 3767 1343 3839; x_wconf 63' lang='grc' dir='ltr'>ποιμαίνεσθαίκ</span> <span class='ocrx_word' id='word_1_527' title='bbox 1410 3784 1469 3820; x_wconf 87' lang='grc' dir='ltr'><strong>τε</strong></span> <span class='ocrx_word' id='word_1_528' title='bbox 1533 3766 1715 3828; x_wconf 87' lang='grc' dir='ltr'>καλῶς</span> <span class='ocrx_word' id='word_1_529' title='bbox 1774 3765 1837 3817; x_wconf 90' lang='grc' dir='ltr'><strong>τὸ</strong></span> 
     </span>
    </p>
   </div>
   <div class='ocr_carea' id='block_1_74' title="bbox 1918 3765 3518 3844">
    <p class='ocr_par' dir='ltr' id='par_1_74' title="bbox 1948 3773 3518 3844">
     <span class='ocr_line' id='line_1_74' title="bbox 1948 3773 3518 3844; baseline 0 -17"><span class='ocrx_word' id='word_1_530' title='bbox 1948 3788 2089 3839; x_wconf 90' lang='lat' dir='ltr'><strong>rum,</strong></span> <span class='ocrx_word' id='word_1_531' title='bbox 2117 3773 2331 3828; x_wconf 91' lang='lat' dir='ltr'><strong>illorum</strong></span> <span class='ocrx_word' id='word_1_532' title='bbox 2376 3774 2429 3828; x_wconf 92' lang='lat' dir='ltr'><strong>in</strong></span> <span class='ocrx_word' id='word_1_533' title='bbox 2475 3773 2619 3829; x_wconf 86' lang='lat' dir='ltr'><strong>bono</strong></span> <span class='ocrx_word' id='word_1_534' title='bbox 2662 3773 2963 3844; x_wconf 81' lang='lat' dir='ltr'><strong>profectum</strong></span> <span class='ocrx_word' id='word_1_535' title='bbox 3005 3774 3080 3828; x_wconf 89' lang='lat' dir='ltr'><strong>ita</strong></span> <span class='ocrx_word' id='word_1_536' title='bbox 3120 3773 3407 3838; x_wconf 88' lang='lat' dir='ltr'><strong>retardari,</strong></span> <span class='ocrx_word' id='word_1_537' title='bbox 3456 3782 3518 3827; x_wconf 92' lang='lat' dir='ltr'><strong>ut</strong></span> 
     </span>
    </p>
   </div>
   <div class='ocr_carea' id='block_1_75' title="bbox 274 3859 1874 3935">
    <p class='ocr_par' dir='ltr' id='par_1_75' title="bbox 274 3859 1845 3933">
     <span class='ocr_line' id='line_1_75' title="bbox 274 3859 1845 3933; baseline -0.003 -19"><span class='ocrx_word' id='word_1_538' title='bbox 274 3862 541 3932; x_wconf 84' lang='grc' dir='ltr'>ὑπήκοον,</span> <span class='ocrx_word' id='word_1_539' title='bbox 592 3863 668 3933; x_wconf 81' lang='grc' dir='ltr'>μὴ</span> <span class='ocrx_word' id='word_1_540' title='bbox 729 3861 807 3933; x_wconf 83' lang='grc' dir='ltr'><strong>τῷ</strong></span> <span class='ocrx_word' id='word_1_541' title='bbox 847 3862 1044 3933; x_wconf 80' lang='grc' dir='ltr'>πλήθει</span> <span class='ocrx_word' id='word_1_542' title='bbox 1094 3860 1203 3914; x_wconf 90' lang='grc' dir='ltr'><strong>τῶν</strong></span> <span class='ocrx_word' id='word_1_543' title='bbox 1251 3860 1537 3931; x_wconf 73' lang='grc' dir='ltr'>ἡμετέρων</span> <span class='ocrx_word' id='word_1_544' title='bbox 1596 3859 1845 3928; x_wconf 82' lang='grc' dir='ltr'>ἁμαρτη-</span> 
     </span>
    </p>
   </div>
   <div class='ocr_carea' id='block_1_76' title="bbox 1919 3859 3519 3935">
    <p class='ocr_par' dir='ltr' id='par_1_76' title="bbox 1950 3864 3519 3935">
     <span class='ocr_line' id='line_1_76' title="bbox 1950 3864 3519 3935; baseline -0.002 -15"><span class='ocrx_word' id='word_1_545' title='bbox 1950 3865 2079 3920; x_wconf 91' lang='lat' dir='ltr'><strong>inde</strong></span> <span class='ocrx_word' id='word_1_546' title='bbox 2105 3864 2263 3919; x_wconf 85' lang='lat' dir='ltr'><strong>nobis</strong></span> <span class='ocrx_word' id='word_1_547' title='bbox 2282 3865 2564 3934; x_wconf 84' lang='lat' dir='ltr'><strong>multiplex</strong></span> <span class='ocrx_word' id='word_1_548' title='bbox 2600 3874 2883 3935; x_wconf 87' lang='lat' dir='ltr'><strong>peccatum</strong></span> <span class='ocrx_word' id='word_1_549' title='bbox 2925 3865 3268 3930; x_wconf 87' lang='lat' dir='ltr'><strong>ascribatur;</strong></span> <span class='ocrx_word' id='word_1_550' title='bbox 3296 3864 3391 3918; x_wconf 87' lang='lat' dir='ltr'><strong>sed</strong></span> <span class='ocrx_word' id='word_1_551' title='bbox 3419 3877 3519 3935; x_wconf 86' lang='lat' dir='ltr'><strong>ego</strong></span> 
     </span>
    </p>
   </div>
   <div class='ocr_carea' id='block_1_77' title="bbox 272 3951 1872 4026">
    <p class='ocr_par' dir='ltr' id='par_1_77' title="bbox 272 3951 1838 4026">
     <span class='ocr_line' id='line_1_77' title="bbox 272 3951 1838 4026; baseline -0.017 2"><span class='ocrx_word' id='word_1_552' title='bbox 272 3957 467 4026; x_wconf 68' lang='grc' dir='ltr'>μάτων</span> <span class='ocrx_word' id='word_1_553' title='bbox 521 3956 620 4025; x_wconf 72' lang='grc' dir='ltr'><strong>τὴν</strong></span> <span class='ocrx_word' id='word_1_554' title='bbox 672 3955 897 4009; x_wconf 81' lang='grc' dir='ltr'>ἐκείνων</span> <span class='ocrx_word' id='word_1_555' title='bbox 924 3956 1010 4017; x_wconf 66' lang='grc' dir='ltr'>ἐπ’</span> <span class='ocrx_word' id='word_1_556' title='bbox 1049 3953 1243 4025; x_wconf 78' lang='grc' dir='ltr'>ἀγαθῷ</span> <span class='ocrx_word' id='word_1_557' title='bbox 1308 3952 1592 4025; x_wconf 76' lang='grc' dir='ltr'>προκοπὴν</span> <span class='ocrx_word' id='word_1_558' title='bbox 1639 3951 1838 4005; x_wconf 85' lang='grc' dir='ltr'>ἀνακό-</span> 
     </span>
    </p>
   </div>
   <div class='ocr_carea' id='block_1_78' title="bbox 1932 3951 3532 4026">
    <p class='ocr_par' dir='ltr' id='par_1_78' title="bbox 1951 3953 3519 4024">
     <span class='ocr_line' id='line_1_78' title="bbox 1951 3953 3519 4024; baseline -0.003 -15"><span class='ocrx_word' id='word_1_559' title='bbox 1951 3954 2168 4024; x_wconf 89' lang='lat' dir='ltr'><strong>quidem</strong></span> <span class='ocrx_word' id='word_1_560' title='bbox 2187 3953 2317 4021; x_wconf 90' lang='lat' dir='ltr'><strong>ipsis</strong></span> <span class='ocrx_word' id='word_1_561' title='bbox 2336 3953 2530 4009; x_wconf 82' lang='lat' dir='ltr'><strong>faciam</strong></span> <span class='ocrx_word' id='word_1_562' title='bbox 2549 3954 2790 4009; x_wconf 89' lang='lat' dir='ltr'><strong>etdicam</strong></span> <span class='ocrx_word' id='word_1_563' title='bbox 2805 3955 2858 4008; x_wconf 93' lang='lat' dir='ltr'><strong>in</strong></span> <span class='ocrx_word' id='word_1_564' title='bbox 2877 3955 3121 4010; x_wconf 90' lang='lat' dir='ltr'><strong>doctrina</strong></span> <span class='ocrx_word' id='word_1_565' title='bbox 3140 3969 3261 4024; x_wconf 84' lang='lat' dir='ltr'><strong>quae</strong></span> <span class='ocrx_word' id='word_1_566' title='bbox 3278 3961 3519 4022; x_wconf 80' lang='lat' dir='ltr'><strong>oportet;</strong></span> 
     </span>
    </p>
   </div>
   <div class='ocr_carea' id='block_1_79' title="bbox 278 4030 1878 4116">
    <p class='ocr_par' dir='ltr' id='par_1_79' title="bbox 278 4044 1845 4116">
     <span class='ocr_line' id='line_1_79' title="bbox 278 4044 1845 4116; baseline 0 -18"><span class='ocrx_word' id='word_1_567' title='bbox 278 4046 537 4113; x_wconf 81' lang='grc' dir='ltr'>πτεσθαι,</span> <span class='ocrx_word' id='word_1_568' title='bbox 580 4046 655 4110; x_wconf 84' lang='grc' dir='ltr'>ὼς</span> <span class='ocrx_word' id='word_1_569' title='bbox 677 4045 924 4100; x_wconf 86' lang='grc' dir='ltr'>ἐντεῦθεν</span> <span class='ocrx_word' id='word_1_570' title='bbox 973 4047 1104 4116; x_wconf 78' lang='grc' dir='ltr'>ἡμῖν</span> <span class='ocrx_word' id='word_1_571' title='bbox 1138 4045 1537 4100; x_wconf 88' lang='grc' dir='ltr'>πολλαπλάσιον</span> <span class='ocrx_word' id='word_1_572' title='bbox 1565 4044 1626 4098; x_wconf 88' lang='grc' dir='ltr'><strong>τὸ</strong></span> <span class='ocrx_word' id='word_1_573' title='bbox 1664 4044 1845 4114; x_wconf 85' lang='grc' dir='ltr'>ἁμάρ-</span> 
     </span>
    </p>
   </div>
   <div class='ocr_carea' id='block_1_80' title="bbox 1920 4030 3520 4116">
    <p class='ocr_par' dir='ltr' id='par_1_80' title="bbox 1949 4030 3520 4114">
     <span class='ocr_line' id='line_1_80' title="bbox 1949 4030 3520 4114; baseline -0.003 -14"><span class='ocrx_word' id='word_1_574' title='bbox 1949 4045 1987 4100; x_wconf 94' lang='lat' dir='ltr'><strong>ii</strong></span> <span class='ocrx_word' id='word_1_575' title='bbox 2017 4061 2146 4101; x_wconf 87' lang='lat' dir='ltr'><strong>vero</strong></span> <span class='ocrx_word' id='word_1_576' title='bbox 2168 4046 2488 4101; x_wconf 86' lang='lat' dir='ltr'><strong>obedienter</strong></span> <span class='ocrx_word' id='word_1_577' title='bbox 2515 4055 2571 4101; x_wconf 90' lang='lat' dir='ltr'><strong>et</strong></span> <span class='ocrx_word' id='word_1_578' title='bbox 2599 4030 2947 4101; x_wconf 80' lang='lat' dir='ltr'><strong>traetabiliter</strong></span> <span class='ocrx_word' id='word_1_579' title='bbox 2972 4047 3038 4100; x_wconf 92' lang='lat' dir='ltr'><strong>ad</strong></span> <span class='ocrx_word' id='word_1_580' title='bbox 3081 4060 3245 4101; x_wconf 88' lang='lat' dir='ltr'><strong>suum</strong></span> <span class='ocrx_word' id='word_1_581' title='bbox 3277 4045 3520 4114; x_wconf 84' lang='lat' dir='ltr'><strong>ipsorum</strong></span> 
     </span>
    </p>
   </div>
   <div class='ocr_carea' id='block_1_81' title="bbox 275 4133 1875 4211">
    <p class='ocr_par' dir='ltr' id='par_1_81' title="bbox 275 4134 1844 4211">
     <span class='ocr_line' id='line_1_81' title="bbox 275 4134 1844 4211; baseline -0.006 -16"><span class='ocrx_word' id='word_1_582' title='bbox 275 4156 432 4210; x_wconf 82' lang='grc' dir='ltr'>τημα</span> <span class='ocrx_word' id='word_1_583' title='bbox 460 4140 929 4211; x_wconf 82' lang='grc' dir='ltr'>καταγράφεσθαι.</span> <span class='ocrx_word' id='word_1_584' title='bbox 973 4139 1113 4199; x_wconf 79' lang='grc' dir='ltr'>Ἀλλ’</span> <span class='ocrx_word' id='word_1_585' title='bbox 1157 4138 1276 4207; x_wconf 85' lang='grc' dir='ltr'>είην</span> <span class='ocrx_word' id='word_1_586' title='bbox 1320 4138 1419 4208; x_wconf 86' lang='grc' dir='ltr'>μὲν</span> <span class='ocrx_word' id='word_1_587' title='bbox 1443 4137 1632 4198; x_wconf 89' lang='grc' dir='ltr'>αὐτοῖς</span> <span class='ocrx_word' id='word_1_588' title='bbox 1670 4134 1844 4203; x_wconf 77' lang='grc' dir='ltr'>ἔγωγε</span> 
     </span>
    </p>
   </div>
   <div class='ocr_carea' id='block_1_82' title="bbox 1919 4133 3519 4211">
    <p class='ocr_par' dir='ltr' id='par_1_82' title="bbox 1951 4133 3519 4207">
     <span class='ocr_line' id='line_1_82' title="bbox 1951 4133 3519 4207; baseline -0.003 -16"><span class='ocrx_word' id='word_1_589' title='bbox 1951 4137 2187 4192; x_wconf 78' lang='lat' dir='ltr'><strong>salutent</strong></span> <span class='ocrx_word' id='word_1_590' title='bbox 2214 4138 2501 4201; x_wconf 90' lang='lat' dir='ltr'><strong>ducantur,</strong></span> <span class='ocrx_word' id='word_1_591' title='bbox 2530 4145 2584 4191; x_wconf 93' lang='lat' dir='ltr'><strong>et</strong></span> <span class='ocrx_word' id='word_1_592' title='bbox 2625 4138 2845 4192; x_wconf 79' lang='lat' dir='ltr'><strong>Christo</strong></span> <span class='ocrx_word' id='word_1_593' title='bbox 2881 4136 3125 4191; x_wconf 90' lang='lat' dir='ltr'><strong>omnium</strong></span> <span class='ocrx_word' id='word_1_594' title='bbox 3154 4135 3319 4207; x_wconf 89' lang='lat' dir='ltr'><strong>capiti</strong></span> <span class='ocrx_word' id='word_1_595' title='bbox 3351 4133 3519 4188; x_wconf 78' lang='lat' dir='ltr'><strong>inhae-</strong></span> 
     </span>
    </p>
   </div>
   <div class='ocr_carea' id='block_1_83' title="bbox 277 4225 1877 4301">
    <p class='ocr_par' dir='ltr' id='par_1_83' title="bbox 277 4226 1845 4301">
     <span class='ocr_line' id='line_1_83' title="bbox 277 4226 1845 4301; baseline -0.005 -16"><span class='ocrx_word' id='word_1_596' title='bbox 277 4233 376 4285; x_wconf 76' lang='grc' dir='ltr'><strong>καὶ</strong></span> <span class='ocrx_word' id='word_1_597' title='bbox 429 4231 600 4287; x_wconf 85' lang='grc' dir='ltr'>ποιῶν</span> <span class='ocrx_word' id='word_1_598' title='bbox 652 4233 745 4287; x_wconf 76' lang='grc' dir='ltr'><strong>καὶ</strong></span> <span class='ocrx_word' id='word_1_599' title='bbox 812 4231 987 4300; x_wconf 84' lang='grc' dir='ltr'>λέγων</span> <span class='ocrx_word' id='word_1_600' title='bbox 1032 4231 1090 4283; x_wconf 84' lang='grc' dir='ltr'><strong>ἐν</strong></span> <span class='ocrx_word' id='word_1_601' title='bbox 1142 4228 1461 4301; x_wconf 82' lang='grc' dir='ltr'>διδασκαλίᾳ</span> <span class='ocrx_word' id='word_1_602' title='bbox 1517 4227 1586 4281; x_wconf 82' lang='grc' dir='ltr'>τὰ</span> <span class='ocrx_word' id='word_1_603' title='bbox 1634 4226 1845 4289; x_wconf 77' lang='grc' dir='ltr'>δέοντα,</span> 
     </span>
    </p>
   </div>
   <div class='ocr_carea' id='block_1_84' title="bbox 1921 4225 3521 4301">
    <p class='ocr_par' dir='ltr' id='par_1_84' title="bbox 1952 4225 3521 4300">
     <span class='ocr_line' id='line_1_84' title="bbox 1952 4225 3521 4300; baseline -0.004 -16"><span class='ocrx_word' id='word_1_604' title='bbox 1952 4238 2139 4284; x_wconf 87' lang='lat' dir='ltr'><strong>renter</strong></span> <span class='ocrx_word' id='word_1_605' title='bbox 2168 4238 2633 4300; x_wconf 87' lang='lat' dir='ltr'><strong>eoagmententur,</strong></span> <span class='ocrx_word' id='word_1_606' title='bbox 2663 4229 2782 4297; x_wconf 89' lang='lat' dir='ltr'><strong>ejus</strong></span> <span class='ocrx_word' id='word_1_607' title='bbox 2808 4229 3146 4284; x_wconf 87' lang='lat' dir='ltr'><strong>humanitate</strong></span> <span class='ocrx_word' id='word_1_608' title='bbox 3185 4238 3241 4283; x_wconf 91' lang='lat' dir='ltr'><strong>et</strong></span> <span class='ocrx_word' id='word_1_609' title='bbox 3270 4225 3521 4296; x_wconf 86' lang='lat' dir='ltr'><strong>benigni-</strong></span> 
     </span>
    </p>
   </div>
   <div class='ocr_carea' id='block_1_85' title="bbox 277 4316 1877 4395">
    <p class='ocr_par' dir='ltr' id='par_1_85' title="bbox 277 4319 1851 4395">
     <span class='ocr_line' id='line_1_85' title="bbox 277 4319 1851 4395; baseline -0.004 -17"><span class='ocrx_word' id='word_1_610' title='bbox 277 4327 476 4395; x_wconf 73' lang='grc' dir='ltr'>εἴησαν</span> <span class='ocrx_word' id='word_1_611' title='bbox 496 4326 555 4379; x_wconf 85' lang='grc' dir='ltr'>δὲ</span> <span class='ocrx_word' id='word_1_612' title='bbox 600 4324 694 4379; x_wconf 74' lang='grc' dir='ltr'><strong>καὶ</strong></span> <span class='ocrx_word' id='word_1_613' title='bbox 714 4324 872 4380; x_wconf 82' lang='grc' dir='ltr'>αὐτοὶ</span> <span class='ocrx_word' id='word_1_614' title='bbox 901 4323 1167 4387; x_wconf 74' lang='grc' dir='ltr'>εὐπειθῶς</span> <span class='ocrx_word' id='word_1_615' title='bbox 1196 4323 1392 4377; x_wconf 69' lang='grc' dir='ltr'>τε“καὶ</span> <span class='ocrx_word' id='word_1_616' title='bbox 1453 4321 1680 4391; x_wconf 80' lang='grc' dir='ltr'>εὐηνίως</span> <span class='ocrx_word' id='word_1_617' title='bbox 1717 4319 1851 4389; x_wconf 72' lang='grc' dir='ltr'>πρὸς</span> 
     </span>
    </p>
   </div>
   <div class='ocr_carea' id='block_1_86' title="bbox 1928 4316 3528 4395">
    <p class='ocr_par' dir='ltr' id='par_1_86' title="bbox 1956 4316 3528 4389">
     <span class='ocr_line' id='line_1_86' title="bbox 1956 4316 3528 4389; baseline -0.004 -14"><span class='ocrx_word' id='word_1_618' title='bbox 1956 4329 2086 4384; x_wconf 85' lang='lat' dir='ltr'><strong>tate,</strong></span> <span class='ocrx_word' id='word_1_619' title='bbox 2110 4320 2196 4373; x_wconf 86' lang='lat' dir='ltr'><strong>cui</strong></span> <span class='ocrx_word' id='word_1_620' title='bbox 2225 4318 2390 4389; x_wconf 88' lang='lat' dir='ltr'><strong>gloria</strong></span> <span class='ocrx_word' id='word_1_621' title='bbox 2428 4328 2485 4372; x_wconf 91' lang='lat' dir='ltr'><strong>et</strong></span> <span class='ocrx_word' id='word_1_622' title='bbox 2522 4317 2811 4387; x_wconf 82' lang='lat' dir='ltr'><strong>imperium</strong></span> <span class='ocrx_word' id='word_1_623' title='bbox 2845 4332 2969 4373; x_wconf 90' lang='lat' dir='ltr'><strong>cum</strong></span> <span class='ocrx_word' id='word_1_624' title='bbox 2998 4316 3178 4383; x_wconf 86' lang='lat' dir='ltr'><strong>Patre,</strong></span> <span class='ocrx_word' id='word_1_625' title='bbox 3218 4325 3277 4370; x_wconf 91' lang='lat' dir='ltr'><strong>et</strong></span> <span class='ocrx_word' id='word_1_626' title='bbox 3326 4320 3528 4370; x_wconf 86' lang='lat' dir='ltr'><strong>saneto.</strong></span> 
     </span>
    </p>
   </div>
   <div class='ocr_carea' id='block_1_87' title="bbox 277 4404 1877 4491">
    <p class='ocr_par' dir='ltr' id='par_1_87' title="bbox 277 4412 1849 4491">
     <span class='ocr_line' id='line_1_87' title="bbox 277 4412 1849 4491; baseline -0.004 -20"><span class='ocrx_word' id='word_1_627' title='bbox 277 4422 382 4489; x_wconf 73' lang='grc' dir='ltr'>τὴν</span> <span class='ocrx_word' id='word_1_628' title='bbox 412 4419 619 4474; x_wconf 74' lang='grc' dir='ltr'>ἐαυτῶν</span> <span class='ocrx_word' id='word_1_629' title='bbox 666 4418 1342 4491; x_wconf 63' lang='grc' dir='ltr'>σωηρίανςάναγόμενοι,</span> <span class='ocrx_word' id='word_1_630' title='bbox 1376 4415 1472 4469; x_wconf 76' lang='grc' dir='ltr'>καὶ</span> <span class='ocrx_word' id='word_1_631' title='bbox 1514 4412 1736 4485; x_wconf 85' lang='grc' dir='ltr'>Χριστῷ</span> <span class='ocrx_word' id='word_1_632' title='bbox 1780 4413 1849 4483; x_wconf 83' lang='grc' dir='ltr'>τῇ</span> 
     </span>
    </p>
   </div>
   <div class='ocr_carea' id='block_1_88' title="bbox 1920 4404 3520 4491">
    <p class='ocr_par' dir='ltr' id='par_1_88' title="bbox 1957 4404 3520 4479">
     <span class='ocr_line' id='line_1_88' title="bbox 1957 4404 3520 4479; baseline -0.004 -15"><span class='ocrx_word' id='word_1_633' title='bbox 1957 4408 2187 4479; x_wconf 91' lang='lat' dir='ltr'><strong>Spiritu,</strong></span> <span class='ocrx_word' id='word_1_634' title='bbox 2228 4408 2352 4460; x_wconf 70' lang='lat' dir='ltr'><strong>vita:</strong></span> <span class='ocrx_word' id='word_1_635' title='bbox 2384 4408 2612 4477; x_wconf 89' lang='lat' dir='ltr'><strong>principi</strong></span> <span class='ocrx_word' id='word_1_636' title='bbox 2647 4416 2702 4462; x_wconf 90' lang='lat' dir='ltr'><strong>et</strong></span> <span class='ocrx_word' id='word_1_637' title='bbox 2743 4407 3189 4462; x_wconf 87' lang='lat' dir='ltr'><strong>eonsubstantiali</strong></span> <span class='ocrx_word' id='word_1_638' title='bbox 3225 4404 3480 4461; x_wconf 82' lang='lat' dir='ltr'><strong>Trinitati</strong></span> <span class='ocrx_word' id='word_1_639' title='bbox 3506 4444 3520 4468; x_wconf 92' lang='lat'><strong>,</strong></span> 
     </span>
    </p>
   </div>
   <div class='ocr_carea' id='block_1_89' title="bbox 280 4495 1880 4585">
    <p class='ocr_par' dir='ltr' id='par_1_89' title="bbox 280 4506 1849 4585">
     <span class='ocr_line' id='line_1_89' title="bbox 280 4506 1849 4585; baseline -0.004 -22"><span class='ocrx_word' id='word_1_640' title='bbox 280 4513 503 4566; x_wconf 84' lang='grc' dir='ltr'>πάντων</span> <span class='ocrx_word' id='word_1_641' title='bbox 531 4513 746 4585; x_wconf 74' lang='grc' dir='ltr'>κεφαλῇ</span> <span class='ocrx_word' id='word_1_642' title='bbox 800 4512 1097 4584; x_wconf 77' lang='grc' dir='ltr'>προσφυῶς</span> <span class='ocrx_word' id='word_1_643' title='bbox 1163 4506 1749 4582; x_wconf 81' lang='grc' dir='ltr'>συναρμολογούμενοι,</span> <span class='ocrx_word' id='word_1_644' title='bbox 1782 4506 1849 4575; x_wconf 85' lang='grc' dir='ltr'>τῇ</span> 
     </span>
    </p>
   </div>
   <div class='ocr_carea' id='block_1_90' title="bbox 1919 4495 3519 4585">
    <p class='ocr_par' dir='ltr' id='par_1_90' title="bbox 1919 4495 3519 4567">
     <span class='ocr_line' id='line_1_90' title="bbox 1919 4495 3519 4567; baseline -0.005 -13"><span class='ocrx_word' id='word_1_645' title='bbox 1919 4503 2102 4554; x_wconf 63' lang='grc' dir='ltr'>ιηυιιο</span> <span class='ocrx_word' id='word_1_646' title='bbox 2145 4507 2201 4552; x_wconf 79' lang='lat' dir='ltr'><strong>et</strong></span> <span class='ocrx_word' id='word_1_647' title='bbox 2242 4513 2478 4567; x_wconf 89' lang='lat' dir='ltr'><strong>semper,</strong></span> <span class='ocrx_word' id='word_1_648' title='bbox 2514 4504 2568 4550; x_wconf 89' lang='lat' dir='ltr'><strong>et</strong></span> <span class='ocrx_word' id='word_1_649' title='bbox 2606 4497 2661 4550; x_wconf 92' lang='lat' dir='ltr'><strong>in</strong></span> <span class='ocrx_word' id='word_1_650' title='bbox 2700 4498 2896 4553; x_wconf 73' lang='lat' dir='ltr'><strong>sa-cula</strong></span> <span class='ocrx_word' id='word_1_651' title='bbox 2934 4498 3276 4553; x_wconf 67' lang='lat' dir='ltr'><strong>saaculorum.</strong></span> <span class='ocrx_word' id='word_1_652' title='bbox 3326 4495 3519 4548; x_wconf 81' lang='lat' dir='ltr'><strong>Amen.</strong></span> 
     </span>
    </p>
   </div>
   <div class='ocr_carea' id='block_1_91' title="bbox 280 4587 3522 4676">
    <p class='ocr_par' dir='ltr' id='par_1_91' title="bbox 280 4587 3522 4676">
     <span class='ocr_line' id='line_1_91' title="bbox 280 4587 3522 4676; baseline -0.005 -23"><span class='ocrx_word' id='word_1_653' title='bbox 280 4601 451 4655; x_wconf 86' lang='grc' dir='ltr'>αὐτοῦ</span> <span class='ocrx_word' id='word_1_654' title='bbox 486 4602 869 4676; x_wconf 79' lang='grc' dir='ltr'>φιλανθρωπίᾳ</span> <span class='ocrx_word' id='word_1_655' title='bbox 892 4602 986 4657; x_wconf 66' lang='grc' dir='ltr'><strong>καὶ¹</strong></span> <span class='ocrx_word' id='word_1_656' title='bbox 1027 4600 1372 4673; x_wconf 76' lang='grc' dir='ltr'>χρηστότητι.</span> <span class='ocrx_word' id='word_1_657' title='bbox 1395 4592 1468 4669; x_wconf 72' lang='grc' dir='ltr'><strong>⁷ῼ</strong></span> <span class='ocrx_word' id='word_1_658' title='bbox 1497 4597 1530 4667; x_wconf 85' lang='grc' dir='ltr'>ἡ</span> <span class='ocrx_word' id='word_1_659' title='bbox 1570 4595 1717 4661; x_wconf 77' lang='grc' dir='ltr'>δόξα,</span> <span class='ocrx_word' id='word_1_660' title='bbox 1746 4593 1847 4647; x_wconf 72' lang='grc' dir='ltr'>ικαὶ</span> <span class='ocrx_word' id='word_1_661' title='bbox 1881 4591 1944 4645; x_wconf 68' lang='grc' dir='ltr'>τὸ</span> <span class='ocrx_word' id='word_1_662' title='bbox 1978 4589 2177 4661; x_wconf 83' lang='grc' dir='ltr'>κράτος</span> <span class='ocrx_word' id='word_1_663' title='bbox 2248 4588 2363 4658; x_wconf 75' lang='grc' dir='ltr'><strong>ἅμα</strong></span> <span class='ocrx_word' id='word_1_664' title='bbox 2392 4588 2468 4659; x_wconf 78' lang='grc' dir='ltr'>τῷ</span> <span class='ocrx_word' id='word_1_665' title='bbox 2512 4590 2708 4659; x_wconf 74' lang='grc' dir='ltr'>Πατρὶ,</span> <span class='ocrx_word' id='word_1_666' title='bbox 2753 4592 2850 4644; x_wconf 76' lang='grc' dir='ltr'><strong>καὶ</strong></span> <span class='ocrx_word' id='word_1_667' title='bbox 2917 4590 2997 4661; x_wconf 84' lang='grc' dir='ltr'>τῷ</span> <span class='ocrx_word' id='word_1_668' title='bbox 3031 4590 3173 4662; x_wconf 84' lang='grc' dir='ltr'>ἁγίῳ</span> <span class='ocrx_word' id='word_1_669' title='bbox 3217 4587 3522 4655; x_wconf 85' lang='grc' dir='ltr'>Πνεύματι,</span> 
     </span>
    </p>
   </div>
   <div class='ocr_carea' id='block_1_92' title="bbox 279 4680 2927 4768">
    <p class='ocr_par' dir='ltr' id='par_1_92' title="bbox 279 4680 2927 4768">
     <span class='ocr_line' id='line_1_92' title="bbox 279 4680 2927 4768; baseline -0.008 -13"><span class='ocrx_word' id='word_1_670' title='bbox 279 4698 352 4765; x_wconf 69' lang='grc' dir='ltr'>τῇ</span> <span class='ocrx_word' id='word_1_671' title='bbox 379 4694 660 4768; x_wconf 75' lang='grc' dir='ltr'>ζωαρχικῇ</span> <span class='ocrx_word' id='word_1_672' title='bbox 690 4695 786 4750; x_wconf 76' lang='grc' dir='ltr'><strong>καὶ</strong></span> <span class='ocrx_word' id='word_1_673' title='bbox 804 4694 1072 4767; x_wconf 82' lang='grc' dir='ltr'>ὁμοουσίῳ</span> <span class='ocrx_word' id='word_1_674' title='bbox 1096 4692 1288 4764; x_wconf 87' lang='grc' dir='ltr'>Τριάδι</span> <span class='ocrx_word' id='word_1_675' title='bbox 1309 4689 1429 4758; x_wconf 86' lang='grc' dir='ltr'>νῦν,</span> <span class='ocrx_word' id='word_1_676' title='bbox 1454 4689 1549 4747; x_wconf 79' lang='grc' dir='ltr'><strong>καὶ</strong></span> <span class='ocrx_word' id='word_1_677' title='bbox 1604 4688 1711 4754; x_wconf 76' lang='grc' dir='ltr'>ἀεὶ,</span> <span class='ocrx_word' id='word_1_678' title='bbox 1734 4686 1826 4740; x_wconf 71' lang='grc' dir='ltr'>καὶ</span> <span class='ocrx_word' id='word_1_679' title='bbox 1847 4685 1928 4748; x_wconf 90' lang='grc' dir='ltr'><strong>είς</strong></span> <span class='ocrx_word' id='word_1_680' title='bbox 1945 4684 2070 4746; x_wconf 74' lang='grc' dir='ltr'>τοὺς</span> <span class='ocrx_word' id='word_1_681' title='bbox 2091 4680 2294 4744; x_wconf 82' lang='grc' dir='ltr'>αἰῶνας</span> <span class='ocrx_word' id='word_1_682' title='bbox 2320 4682 2428 4735; x_wconf 85' lang='grc' dir='ltr'><strong>τῶν</strong></span> <span class='ocrx_word' id='word_1_683' title='bbox 2458 4680 2689 4737; x_wconf 80' lang='grc' dir='ltr'>αἰώνων.</span> <span class='ocrx_word' id='word_1_684' title='bbox 2729 4683 2784 4736; x_wconf 76' lang='grc' dir='ltr'>Ἀ</span> <span class='ocrx_word' id='word_1_685' title='bbox 2796 4682 2927 4753; x_wconf 78' lang='grc' dir='ltr'>μήν.</span> 
     </span>
    </p>
   </div>
   <div class='ocr_carea' id='block_1_93' title="bbox 918 4799 2518 4868">
    <p class='ocr_par' dir='ltr' id='par_1_93' title="bbox 918 4809 1259 4868">
     <span class='ocr_line' id='line_1_93' title="bbox 918 4809 1259 4868; baseline -0.012 0"><span class='ocrx_word' id='word_1_686' title='bbox 918 4811 1142 4868; x_wconf 83' lang='lat' dir='ltr'><strong>EPIST.</strong></span> <span class='ocrx_word' id='word_1_687' title='bbox 1192 4809 1259 4865; x_wconf 86' lang='grc'><strong>11.</strong></span> 
     </span>
    </p>
   </div>
   <div class='ocr_carea' id='block_1_94' title="bbox 1312 4799 2912 4868">
    <p class='ocr_par' dir='ltr' id='par_1_94' title="bbox 2571 4799 2912 4853">
     <span class='ocr_line' id='line_1_94' title="bbox 2571 4799 2912 4853; baseline -0.009 0"><span class='ocrx_word' id='word_1_688' title='bbox 2571 4800 2795 4853; x_wconf 81' lang='grc' dir='ltr'><strong>ΕΠΙΣΤ.</strong></span> <span class='ocrx_word' id='word_1_689' title='bbox 2839 4799 2912 4850; x_wconf 63' lang='grc' dir='ltr'><strong>Βίο</strong></span> 
     </span>
    </p>
   </div>
   <div class='ocr_carea' id='block_1_95' title="bbox 450 4888 3385 4963">
    <p class='ocr_par' dir='ltr' id='par_1_95' title="bbox 450 4888 3385 4963">
     <span class='ocr_line' id='line_1_95' title="bbox 450 4888 3385 4963; baseline -0.007 -6"><span class='ocrx_word' id='word_1_690' title='bbox 450 4906 513 4956; x_wconf 62' lang='grc' dir='ltr'><strong>ιιι</strong></span> <span class='ocrx_word' id='word_1_691' title='bbox 535 4906 860 4963; x_wconf 78' lang='grc' dir='ltr'>ἅπολογητική</span> <span class='ocrx_word' id='word_1_692' title='bbox 884 4905 1113 4963; x_wconf 75' lang='grc' dir='ltr'>ἐπιστολὴ</span> <span class='ocrx_word' id='word_1_693' title='bbox 1136 4900 1224 4951; x_wconf 85' lang='grc' dir='ltr'><strong>τοῦ</strong></span> <span class='ocrx_word' id='word_1_694' title='bbox 1242 4900 1435 4950; x_wconf 67' lang='grc' dir='ltr'>Φωτίου</span> <span class='ocrx_word' id='word_1_695' title='bbox 1449 4899 1571 4961; x_wconf 72' lang='grc' dir='ltr'>,πρὸς</span> <span class='ocrx_word' id='word_1_696' title='bbox 1588 4897 1670 4945; x_wconf 88' lang='grc' dir='ltr'>τὸν</span> <span class='ocrx_word' id='word_1_697' title='bbox 1693 4894 1859 4963; x_wconf 63' lang='grc' dir='ltr'>πάπαχ</span> <span class='ocrx_word' id='word_1_698' title='bbox 1890 4893 2151 4963; x_wconf 57' lang='grc' dir='ltr'>Νικολαον,</span> <span class='ocrx_word' id='word_1_699' title='bbox 2170 4894 2220 4941; x_wconf 78' lang='grc' dir='ltr'><strong>ἐν</strong></span> <span class='ocrx_word' id='word_1_700' title='bbox 2246 4894 2316 4948; x_wconf 79' lang='grc' dir='ltr'>οἷς</span> <span class='ocrx_word' id='word_1_701' title='bbox 2334 4894 2584 4957; x_wconf 77' lang='grc' dir='ltr'>ἐμέμψατο</span> <span class='ocrx_word' id='word_1_702' title='bbox 2605 4892 2738 4955; x_wconf 80' lang='grc' dir='ltr'>αὐτῷ</span> <span class='ocrx_word' id='word_1_703' title='bbox 2773 4891 2855 4939; x_wconf 78' lang='grc' dir='ltr'>διὰ</span> <span class='ocrx_word' id='word_1_704' title='bbox 2872 4892 2957 4946; x_wconf 83' lang='grc' dir='ltr'>τήν</span> <span class='ocrx_word' id='word_1_705' title='bbox 2977 4890 3094 4952; x_wconf 87' lang='grc' dir='ltr'>πρὸς</span> <span class='ocrx_word' id='word_1_706' title='bbox 3114 4888 3197 4936; x_wconf 84' lang='grc' dir='ltr'><strong>τὸν</strong></span> <span class='ocrx_word' id='word_1_707' title='bbox 3221 4888 3385 4951; x_wconf 83' lang='grc' dir='ltr'>θρόνον</span> 
     </span>
    </p>
   </div>
   <div class='ocr_carea' id='block_1_96' title="bbox 689 4923 2279 5011">
    <p class='ocr_par' dir='ltr' id='par_1_96' title="bbox 689 4923 2279 5011">
     <span class='ocr_line' id='line_1_96' title="bbox 689 4923 2279 4969; baseline -0.009 -13"><span class='ocrx_word' id='word_1_708' title='bbox 689 4923 860 4969; x_wconf 76' lang='grc' dir='ltr'>γητικη</span> <span class='ocrx_word' id='word_1_709' title='bbox 884 4923 1113 4963; x_wconf 60' lang='lat' dir='ltr'><strong>amatam</strong></span> <span class='ocrx_word' id='word_1_710' title='bbox 1136 4923 1224 4951; x_wconf 83' lang='grc' dir='ltr'><strong>του</strong></span> <span class='ocrx_word' id='word_1_711' title='bbox 1242 4923 1571 4961; x_wconf 50' lang='grc' dir='ltr'>Ψωτὶουλπρυς</span> <span class='ocrx_word' id='word_1_712' title='bbox 1588 4923 1670 4945; x_wconf 61' lang='grc' dir='ltr'><strong>ῖυν</strong></span> <span class='ocrx_word' id='word_1_713' title='bbox 1693 4923 1854 4943; x_wconf 63' lang='lat' dir='ltr'><strong>uta-1w&quot;</strong></span> <span class='ocrx_word' id='word_1_714' title='bbox 1891 4923 2142 4949; x_wconf 62' lang='grc' dir='ltr'>ιπιοιυλυινν,</span> <span class='ocrx_word' id='word_1_715' title='bbox 2170 4923 2220 4941; x_wconf 66' lang='grc' dir='ltr'>ιν</span> <span class='ocrx_word' id='word_1_716' title='bbox 2246 4923 2279 4941; x_wconf 66' lang='grc' dir='ltr'><strong>υν</strong></span> 
     </span>
     <span class='ocr_line' id='line_1_97' title="bbox 1420 4955 2279 5011; baseline -0.006 -1"><span class='ocrx_word' id='word_1_717' title='bbox 1420 4955 1964 5011; x_wconf 82' lang='grc' dir='ltr'>Κωνσταντινουπὸλεως</span> <span class='ocrx_word' id='word_1_718' title='bbox 1982 4955 2279 5005; x_wconf 78' lang='grc' dir='ltr'>άναϐίϐασιν.</span> 
     </span>
    </p>
   </div>
   <div class='ocr_carea' id='block_1_97' title="bbox 294 5036 1894 5123">
    <p class='ocr_par' dir='ltr' id='par_1_97' title="bbox 294 5042 1857 5123">
     <span class='ocr_line' id='line_1_98' title="bbox 294 5042 1857 5123; baseline -0.008 -15"><span class='ocrx_word' id='word_1_719' title='bbox 294 5055 382 5121; x_wconf 56' lang='grc' dir='ltr'><strong>Ε)</strong></span> <span class='ocrx_word' id='word_1_720' title='bbox 405 5054 477 5109; x_wconf 73' lang='grc' dir='ltr'>τιὰ</span> <span class='ocrx_word' id='word_1_721' title='bbox 506 5054 705 5109; x_wconf 79' lang='grc' dir='ltr'>πάντα</span> <span class='ocrx_word' id='word_1_722' title='bbox 739 5051 1058 5123; x_wconf 73' lang='grc' dir='ltr'>ἁγιωτάτῳ,</span> <span class='ocrx_word' id='word_1_723' title='bbox 1104 5046 1393 5119; x_wconf 81' lang='grc' dir='ltr'>ίερωτὰτῳ</span> <span class='ocrx_word' id='word_1_724' title='bbox 1447 5043 1708 5114; x_wconf 73' lang='grc' dir='ltr'>ἀδελφῷ,</span> <span class='ocrx_word' id='word_1_725' title='bbox 1758 5042 1857 5096; x_wconf 77' lang='grc' dir='ltr'>καὶ</span> 
     </span>
    </p>
   </div>
   <div class='ocr_carea' id='block_1_98' title="bbox 1929 5036 3529 5123">
    <p class='ocr_par' dir='ltr' id='par_1_98' title="bbox 1956 5036 3529 5105">
     <span class='ocr_line' id='line_1_99' title="bbox 1956 5036 3529 5105; baseline -0.003 -10"><span class='ocrx_word' id='word_1_726' title='bbox 1956 5038 2017 5095; x_wconf 83' lang='lat' dir='ltr'><strong>In</strong></span> <span class='ocrx_word' id='word_1_727' title='bbox 2053 5042 2290 5095; x_wconf 83' lang='lat' dir='ltr'><strong>omnibus</strong></span> <span class='ocrx_word' id='word_1_728' title='bbox 2314 5041 2648 5095; x_wconf 76' lang='lat' dir='ltr'><strong>sanctissimo</strong></span> <span class='ocrx_word' id='word_1_729' title='bbox 2678 5037 3037 5092; x_wconf 76' lang='lat' dir='ltr'><strong>sacratissimo</strong></span> <span class='ocrx_word' id='word_1_730' title='bbox 3067 5036 3225 5105; x_wconf 78' lang='lat' dir='ltr'><strong>fratri</strong></span> <span class='ocrx_word' id='word_1_731' title='bbox 3250 5038 3529 5091; x_wconf 78' lang='lat' dir='ltr'><strong>etcommi-</strong></span> 
     </span>
    </p>
   </div>
   <div class='ocr_carea' id='block_1_99' title="bbox 358 5130 1958 5214">
    <p class='ocr_par' dir='ltr' id='par_1_99' title="bbox 358 5137 1862 5214">
     <span class='ocr_line' id='line_1_100' title="bbox 358 5137 1862 5214; baseline -0.008 -14"><span class='ocrx_word' id='word_1_732' title='bbox 358 5144 810 5214; x_wconf 69' lang='grc' dir='ltr'>συλλειτουργῷ</span> <span class='ocrx_word' id='word_1_733' title='bbox 832 5143 1107 5211; x_wconf 76' lang='grc' dir='ltr'>Νικολάῳ</span> <span class='ocrx_word' id='word_1_734' title='bbox 1137 5140 1306 5207; x_wconf 81' lang='grc' dir='ltr'><strong>πὰπᾳ</strong></span> <span class='ocrx_word' id='word_1_735' title='bbox 1327 5139 1436 5207; x_wconf 79' lang='grc' dir='ltr'>τῆς</span> <span class='ocrx_word' id='word_1_736' title='bbox 1456 5137 1862 5207; x_wconf 78' lang='grc' dir='ltr'>πρεσϐυτέρας</span> 
     </span>
    </p>
   </div>
   <div class='ocr_carea' id='block_1_100' title="bbox 1932 5130 3532 5214">
    <p class='ocr_par' dir='ltr' id='par_1_100' title="bbox 2028 5130 3532 5204">
     <span class='ocr_line' id='line_1_101' title="bbox 2028 5130 3532 5204; baseline -0.002 -16"><span class='ocrx_word' id='word_1_737' title='bbox 2028 5137 2193 5188; x_wconf 81' lang='lat' dir='ltr'><strong>nistro</strong></span> <span class='ocrx_word' id='word_1_738' title='bbox 2222 5135 2443 5189; x_wconf 80' lang='lat' dir='ltr'><strong>Nicolao</strong></span> <span class='ocrx_word' id='word_1_739' title='bbox 2461 5136 2623 5204; x_wconf 76' lang='lat' dir='ltr'><strong>Papa:</strong></span> <span class='ocrx_word' id='word_1_740' title='bbox 2644 5134 2861 5188; x_wconf 79' lang='lat' dir='ltr'><strong>senioris</strong></span> <span class='ocrx_word' id='word_1_741' title='bbox 2889 5132 3069 5186; x_wconf 73' lang='lat' dir='ltr'><strong>Roma:</strong></span> <span class='ocrx_word' id='word_1_742' title='bbox 3100 5130 3319 5187; x_wconf 78' lang='lat' dir='ltr'><strong>Photius</strong></span> <span class='ocrx_word' id='word_1_743' title='bbox 3337 5132 3532 5198; x_wconf 84' lang='lat' dir='ltr'><strong>episco-</strong></span> 
     </span>
    </p>
   </div>
   <div class='ocr_carea' id='block_1_101' title="bbox 375 5223 1975 5310">
    <p class='ocr_par' dir='ltr' id='par_1_101' title="bbox 375 5231 1862 5310">
     <span class='ocr_line' id='line_1_102' title="bbox 375 5231 1862 5310; baseline -0.005 -18"><span class='ocrx_word' id='word_1_744' title='bbox 375 5239 617 5310; x_wconf 78' lang='grc' dir='ltr'><strong>Ῥώμης.</strong></span> <span class='ocrx_word' id='word_1_745' title='bbox 660 5237 880 5303; x_wconf 82' lang='grc' dir='ltr'>Φώτιος</span> <span class='ocrx_word' id='word_1_746' title='bbox 925 5238 1260 5301; x_wconf 81' lang='grc' dir='ltr'>ἐπίσκοπος</span> <span class='ocrx_word' id='word_1_747' title='bbox 1296 5231 1862 5291; x_wconf 78' lang='grc' dir='ltr'>Κωνσταγτινουπό-</span> 
     </span>
    </p>
   </div>
   <div class='ocr_carea' id='block_1_102' title="bbox 1475 5223 3075 5310">
    <p class='ocr_par' dir='ltr' id='par_1_102' title="bbox 1477 5223 3075 5300">
     <span class='ocr_line' id='line_1_103' title="bbox 1477 5223 3075 5300; baseline -0.006 -13"><span class='ocrx_word' id='word_1_748' title='bbox 1477 5231 1862 5288; x_wconf 78' lang='grc' dir='ltr'>ταγτινουπό-</span> <span class='ocrx_word' id='word_1_749' title='bbox 2030 5248 2124 5300; x_wconf 74' lang='lat' dir='ltr'><strong>pus</strong></span> <span class='ocrx_word' id='word_1_750' title='bbox 2156 5228 2671 5297; x_wconf 76' lang='lat' dir='ltr'><strong>Constantinopoleos</strong></span> <span class='ocrx_word' id='word_1_751' title='bbox 2705 5240 2846 5278; x_wconf 77' lang='lat' dir='ltr'><strong>nova:</strong></span> <span class='ocrx_word' id='word_1_752' title='bbox 2876 5223 3075 5281; x_wconf 68' lang='lat' dir='ltr'><strong>Romae.</strong></span> 
     </span>
    </p>
   </div>
   <div class='ocr_carea' id='block_1_103' title="bbox 362 5330 972 5400">
    <p class='ocr_par' dir='ltr' id='par_1_103' title="bbox 362 5330 972 5400">
     <span class='ocr_line' id='line_1_104' title="bbox 362 5330 972 5400; baseline -0.005 -13"><span class='ocrx_word' id='word_1_753' title='bbox 362 5336 518 5399; x_wconf 70' lang='grc' dir='ltr'>,λεως</span> <span class='ocrx_word' id='word_1_754' title='bbox 553 5332 697 5397; x_wconf 81' lang='grc' dir='ltr'>νέας</span> <span class='ocrx_word' id='word_1_755' title='bbox 735 5330 972 5400; x_wconf 81' lang='grc' dir='ltr'>Ῥώμης.</span> 
     </span>
    </p>
   </div>
   <div class='ocr_carea' id='block_1_104' title="bbox 1294 5402 2525 5478">
    <p class='ocr_par' dir='ltr' id='par_1_104' title="bbox 1294 5402 2525 5478">
     <span class='ocr_line' id='line_1_105' title="bbox 1294 5402 2525 5478; baseline -0.011 -12"><span class='ocrx_word' id='word_1_756' title='bbox 1294 5416 1471 5476; x_wconf 66' lang='lat' dir='ltr'><strong>hens,</strong></span> <span class='ocrx_word' id='word_1_757' title='bbox 1498 5416 1532 5465; x_wconf 95' lang='lat' dir='ltr'><strong>l.</strong></span> <span class='ocrx_word' id='word_1_758' title='bbox 1556 5429 1600 5465; x_wconf 89' lang='lat' dir='ltr'><strong>e.</strong></span> <span class='ocrx_word' id='word_1_759' title='bbox 1630 5430 1678 5478; x_wconf 86' lang='lat' dir='ltr'><strong>p.</strong></span> <span class='ocrx_word' id='word_1_760' title='bbox 1702 5416 1811 5465; x_wconf 74' lang='grc'><strong>459.</strong></span> <span class='ocrx_word' id='word_1_761' title='bbox 1836 5440 1897 5452; x_wconf 91' lang='lat'><em>-</em></span> <span class='ocrx_word' id='word_1_762' title='bbox 1920 5410 2161 5465; x_wconf 86' lang='lat' dir='ltr'><strong>Barenins</strong></span> <span class='ocrx_word' id='word_1_763' title='bbox 2186 5410 2244 5459; x_wconf 89' lang='lat' dir='ltr'><strong>ad</strong></span> <span class='ocrx_word' id='word_1_764' title='bbox 2271 5420 2385 5455; x_wconf 90' lang='lat' dir='ltr'><strong>ann.</strong></span> <span class='ocrx_word' id='word_1_765' title='bbox 2412 5402 2525 5454; x_wconf 78' lang='lat'><strong>861.</strong></span> 
     </span>
    </p>
   </div>
   <div class='ocr_carea' id='block_1_105' title="bbox 379 5483 1979 5579">
    <p class='ocr_par' dir='ltr' id='par_1_105' title="bbox 379 5500 1866 5579">
     <span class='ocr_line' id='line_1_106' title="bbox 379 5500 1866 5579; baseline -0.007 -17"><span class='ocrx_word' id='word_1_766' title='bbox 379 5508 629 5579; x_wconf 76' lang='grc' dir='ltr'>Ἀγάπης</span> <span class='ocrx_word' id='word_1_767' title='bbox 659 5506 757 5578; x_wconf 80' lang='grc' dir='ltr'>μὲν</span> <span class='ocrx_word' id='word_1_768' title='bbox 789 5503 866 5567; x_wconf 85' lang='grc' dir='ltr'>ὼς</span> <span class='ocrx_word' id='word_1_769' title='bbox 910 5501 1127 5570; x_wconf 83' lang='grc' dir='ltr'>ἀληθῶς</span> <span class='ocrx_word' id='word_1_770' title='bbox 1156 5500 1309 5554; x_wconf 80' lang='grc' dir='ltr'>οὐδὲν</span> <span class='ocrx_word' id='word_1_771' title='bbox 1334 5502 1519 5569; x_wconf 82' lang='grc' dir='ltr'>κτῆμα</span> <span class='ocrx_word' id='word_1_772' title='bbox 1544 5501 1866 5571; x_wconf 84' lang='grc' dir='ltr'>σεμνότερον</span> 
     </span>
    </p>
   </div>
   <div class='ocr_carea' id='block_1_106' title="bbox 1938 5483 3538 5579">
    <p class='ocr_par' dir='ltr' id='par_1_106' title="bbox 2046 5483 3538 5551">
     <span class='ocr_line' id='line_1_107' title="bbox 2046 5483 3538 5551; baseline -0.009 0"><span class='ocrx_word' id='word_1_773' title='bbox 2046 5495 2326 5551; x_wconf 83' lang='lat' dir='ltr'><strong>Charitate</strong></span> <span class='ocrx_word' id='word_1_774' title='bbox 2395 5505 2523 5544; x_wconf 82' lang='lat' dir='ltr'><strong>vere</strong></span> <span class='ocrx_word' id='word_1_775' title='bbox 2588 5483 2726 5540; x_wconf 88' lang='lat' dir='ltr'><strong>nihil</strong></span> <span class='ocrx_word' id='word_1_776' title='bbox 2801 5483 3173 5540; x_wconf 81' lang='lat' dir='ltr'><strong>venerabilius</strong></span> <span class='ocrx_word' id='word_1_777' title='bbox 3246 5500 3388 5549; x_wconf 89' lang='lat' dir='ltr'><strong>esse,</strong></span> <span class='ocrx_word' id='word_1_778' title='bbox 3437 5500 3538 5539; x_wconf 88' lang='lat' dir='ltr'><strong>nec</strong></span> 
     </span>
    </p>
   </div>
   <div class='ocr_carea' id='block_1_107' title="bbox 294 5576 1894 5671">
    <p class='ocr_par' dir='ltr' id='par_1_107' title="bbox 294 5590 1864 5671">
     <span class='ocr_line' id='line_1_108' title="bbox 294 5590 1864 5671; baseline -0.01 -9"><span class='ocrx_word' id='word_1_779' title='bbox 294 5604 423 5663; x_wconf 73' lang='grc' dir='ltr'>οὐδὲ</span> <span class='ocrx_word' id='word_1_780' title='bbox 449 5598 773 5671; x_wconf 84' lang='grc' dir='ltr'>τιμιώτερον</span> <span class='ocrx_word' id='word_1_781' title='bbox 804 5595 898 5655; x_wconf 76' lang='grc' dir='ltr'>καὶ</span> <span class='ocrx_word' id='word_1_782' title='bbox 929 5597 1050 5658; x_wconf 85' lang='grc' dir='ltr'>ταῖς</span> <span class='ocrx_word' id='word_1_783' title='bbox 1088 5594 1295 5656; x_wconf 81' lang='grc' dir='ltr'>κοιναῖς</span> <span class='ocrx_word' id='word_1_784' title='bbox 1330 5593 1563 5655; x_wconf 77' lang='grc' dir='ltr'>ἐννοίαις</span> <span class='ocrx_word' id='word_1_785' title='bbox 1585 5590 1864 5663; x_wconf 77' lang='grc' dir='ltr'>’ἀνωμολό-</span> 
     </span>
    </p>
   </div>
   <div class='ocr_carea' id='block_1_108' title="bbox 1940 5576 3540 5671">
    <p class='ocr_par' dir='ltr' id='par_1_108' title="bbox 1976 5576 3540 5661">
     <span class='ocr_line' id='line_1_109' title="bbox 1976 5576 3540 5661; baseline -0.009 -18"><span class='ocrx_word' id='word_1_786' title='bbox 1976 5586 2291 5661; x_wconf 82' lang='lat' dir='ltr'><strong>pretiosius,</strong></span> <span class='ocrx_word' id='word_1_787' title='bbox 2337 5592 2393 5637; x_wconf 90' lang='lat' dir='ltr'><strong>et</strong></span> <span class='ocrx_word' id='word_1_788' title='bbox 2443 5576 2826 5645; x_wconf 83' lang='lat' dir='ltr'><strong>communibus</strong></span> <span class='ocrx_word' id='word_1_789' title='bbox 2891 5576 3181 5631; x_wconf 84' lang='lat' dir='ltr'><strong>sententiis</strong></span> <span class='ocrx_word' id='word_1_790' title='bbox 3224 5576 3540 5630; x_wconf 78' lang='lat' dir='ltr'><strong>confessum</strong></span> 
     </span>
    </p>
   </div>
   <div class='ocr_carea' id='block_1_109' title="bbox 1754 5683 1984 5739">
    <p class='ocr_par' dir='ltr' id='par_1_109' title="bbox 1754 5683 1984 5739">
     <span class='ocr_line' id='line_1_110' title="bbox 1754 5683 1984 5739; baseline -0.004 -2"><span class='ocrx_word' id='word_1_791' title='bbox 1754 5683 1984 5739; x_wconf 61' lang='lat' dir='ltr'><strong>NU&#39;I&#39;IE.</strong></span> 
     </span>
    </p>
   </div>
   <div class='ocr_carea' id='block_1_110' title="bbox 377 5764 3571 5857">
    <p class='ocr_par' dir='ltr' id='par_1_110' title="bbox 377 5764 3571 5857">
     <span class='ocr_line' id='line_1_111' title="bbox 377 5764 3571 5857; baseline -0.006 -16"><span class='ocrx_word' id='word_1_792' title='bbox 377 5787 458 5857; x_wconf 67' lang='lat'><strong>{2)</strong></span> <span class='ocrx_word' id='word_1_793' title='bbox 484 5784 642 5840; x_wconf 86' lang='lat' dir='ltr'><strong>Falso</strong></span> <span class='ocrx_word' id='word_1_794' title='bbox 667 5796 931 5857; x_wconf 64' lang='lat' dir='ltr'><strong>accusans</strong></span> <span class='ocrx_word' id='word_1_795' title='bbox 969 5780 1265 5857; x_wconf 83' lang='lat' dir='ltr'><strong>Honorium</strong></span> <span class='ocrx_word' id='word_1_796' title='bbox 1288 5796 1323 5857; x_wconf 41' lang='grc' dir='ltr'><em>ὲ</em></span> <span class='ocrx_word' id='word_1_797' title='bbox 1344 5794 1446 5857; x_wconf 79' lang='lat' dir='ltr'><strong>nec</strong></span> <span class='ocrx_word' id='word_1_798' title='bbox 1472 5777 1740 5857; x_wconf 66' lang='lat' dir='ltr'><strong>sinedolo</strong></span> <span class='ocrx_word' id='word_1_799' title='bbox 1775 5793 1871 5857; x_wconf 79' lang='lat' dir='ltr'><strong>po-</strong></span> <span class='ocrx_word' id='word_1_800' title='bbox 1982 5773 2326 5857; x_wconf 77' lang='lat' dir='ltr'><strong>nopolitanos</strong></span> <span class='ocrx_word' id='word_1_801' title='bbox 2356 5766 2714 5857; x_wconf 16' lang='lat' dir='ltr'><strong>patriailr‘elifis</strong></span> <span class='ocrx_word' id='word_1_802' title='bbox 2743 5764 3571 5857; x_wconf 33' lang='grc' dir='ltr'><strong>Ιιξιξιὲςδξᾷωξιυξξπςοξ..ρξ’υνο-η-</strong></span> 
     </span>
    </p>
   </div>
   <div class='ocr_carea' id='block_1_111' title="bbox 313 5830 3416 5931">
    <p class='ocr_par' dir='ltr' id='par_1_111' title="bbox 313 5830 3416 5929">
     <span class='ocr_line' id='line_1_112' title="bbox 313 5830 3416 5929; baseline -0.009 -15"><span class='ocrx_word' id='word_1_803' title='bbox 313 5830 1265 5929; x_wconf 60' lang='lat' dir='ltr'><strong>&quot;éi&#39;</strong></span> <span class='ocrx_word' id='word_1_804' title='bbox 1288 5830 1871 5906; x_wconf 26' lang='lat' dir='ltr'><strong>i’aulitt&#39;nﬁconstanli-</strong></span> <span class='ocrx_word' id='word_1_805' title='bbox 1980 5830 2324 5916; x_wconf 72' lang='lat' dir='ltr'><strong>pugnatores.</strong></span> <span class='ocrx_word' id='word_1_806' title='bbox 2356 5830 2453 5894; x_wconf 71' lang='grc' dir='ltr'><strong>ὐς</strong></span> <span class='ocrx_word' id='word_1_807' title='bbox 2497 5837 2734 5893; x_wconf 70' lang='lat' dir='ltr'><strong>llonorm</strong></span> <span class='ocrx_word' id='word_1_808' title='bbox 2764 5836 2889 5889; x_wconf 85' lang='lat' dir='ltr'><strong>vide</strong></span> <span class='ocrx_word' id='word_1_809' title='bbox 2928 5846 3055 5887; x_wconf 76' lang='lat' dir='ltr'><strong>tom.</strong></span> <span class='ocrx_word' id='word_1_810' title='bbox 3092 5830 3199 5885; x_wconf 73' lang='lat' dir='ltr'><strong>Vlll</strong></span> <span class='ocrx_word' id='word_1_811' title='bbox 3229 5831 3416 5889; x_wconf 72' lang='lat' dir='ltr'><strong>Annal.</strong></span> 
     </span>
    </p>
   </div>
  </div>
