3996 6412
541 378 649 447 595

1676 394 1937 456 PHOTII
1977 394 2487 457 PATRIARCHIE
2524 392 2632 453 (ΖΡ.

3698 391 3796 457 596

536 506 642 561 est,
684 506 742 552 et
791 498 968 556 sacris
1010 499 1245 570 eloquiis
1302 510 1584 558 testatum.
1647 504 1751 560 Per
1804 522 1924 561 eam
1976 508 2123 562 enim

2229 524 2416 577 γηται,
2457 506 2551 559 καὶ
2600 505 2713 567 τοῖς
2763 504 2932 566 θείοις
2965 501 3183 571 Λογίοις
3220 504 3683 575 ὲπιμαρτύρεται.
3723 510 3796 560 Δι’

534 601 784 659 separata
820 592 1248 664 coniunguntur,
1287 604 1345 650 et
1373 596 1731 666 pacificantur
1754 599 2050 671 pugnantia
2086 600 2125 663 ¹,

538 692 597 738 et
626 684 840 751 iuncta,
873 686 1284 758 domesticaque
1310 688 1484 759 magis
1520 691 1932 755 consociantur,
1977 691 2128 747 sedi-

538 776 802 844 tionibus,
847 780 1400 849 contentionibusque
1430 782 1635 837 aditum
1671 798 1781 836 non
1806 784 2126 853 prtebentia-

540 867 662 938 Ipsa
707 871 855 924 enim
904 887 1014 925 non
1049 872 1250 942 cogitat
1298 873 1525 937 malum,
1566 874 1661 929 sed
1680 876 1863 929 omnia
1907 874 2124 937 suffert,

537 962 723 1015 omnia
748 972 951 1032 sperat.
982 964 1166 1018 omnia
1210 965 1483 1033 sustinet,
1515 982 1619 1021 nec
1657 983 1897 1037 unquam
1949 968 2124 1037 (iuxta

546 1054 745 1109 bonum
771 1054 1021 1125 Paulum)
1051 1056 1278 1113 excidit.
1309 1057 1431 1128 Ipsa
1470 1069 1527 1114 et
1559 1058 1794 1114 famulos
1826 1060 1918 1131 qui
1948 1061 2124 1114 oﬂ'en-

542 1145 760 1206 tierunt.
794 1147 1030 1202 dominis
1052 1149 1393 1215 reconciliat,
1424 1160 1634 1206 natura:
1658 1153 1915 1208 eumdem
1957 1153 2123 1207 hono-

545 1253 654 1293 rem
688 1238 755 1292 ad
778 1238 1155 1295 defensionem
1203 1241 1397 1311 lapsus
1431 1258 1739 1313 opponens.
1773 1246 1896 1314 ipsa
1929 1254 1985 1299 et
2024 1245 2123 1299 do-

546 1330 817 1386 minorum
849 1333 1170 1388 saavientem
1202 1333 1444 1390 furorem
1500 1336 1704 1392 leniter
1764 1336 1911 1393 ferre
1960 1337 2121 1392 mini-

545 1430 681 1477 stros
718 1424 931 1488 edocet,
979 1424 1213 1481 fortunze
1261 1426 1670 1496 imparilitatem
1722 1430 2013 1484 consolans
2051 1444 2118 1485 ex

548 1530 730 1568 «orum
765 1515 855 1585 qui
886 1516 1075 1571 eadem
1107 1518 1389 1587 patiuntur
1415 1520 1794 1577 similitudine.
1815 1521 1881 1575 Et
1906 1531 2119 1592 patrum

549 1608 598 1659 in
651 1605 792 1661 ﬁlios
844 1607 1180 1663 iracundiam
1228 1611 1441 1682 mitigat
1490 1622 1653 1681 atque
1706 1612 2006 1678 exhilarat;
2068 1621 2123 1667 et

548 1696 983 1751 haesitationem
1048 1697 1285 1753 filiorum
1362 1700 1417 1753 in
1440 1708 1718 1770 parentes,
1789 1702 1909 1756 sine
1933 1702 2122 1756 dolore

546 1788 791 1857 accipere
836 1789 1111 1855 hortatur,
1142 1792 1446 1845 naturalem
1501 1773 1745 1847 habitum
1773 1801 1829 1847 et
1865 1791 2119 1845 affectum

552 1886 791 1934 'nutuum
822 1896 1040 1936 armans
1068 1892 1259 1936 contra
1301 1899 1419 1937 eam
1473 1884 1894 1953 disiunctionem
1928 1899 2049 1953 qua:
2090 1899 2120 1937 a
2154 1861 2196 1917 Β

544 1980 741 2025 natura
772 1972 1069 2027 abhorret:
1101 1982 1158 2027 et
1188 1973 1380 2028 amicis
1410 1973 1581 2028 rixam
1608 1973 1940 2029 incidentem
1969 1972 2123 2028 facile

542 2062 781 2133 repellit,
817 2073 877 2118 ut
902 2078 1221 2118 communes
1243 2064 1387 2119 sales
1415 2080 1569 2134 atque
1591 2079 1655 2119 ac
1675 2071 1925 2118 naturam
1958 2077 2121 2117 reve-

547 2166 776 2211 reantur
823 2156 1123 2211 adhortans
1154 2175 1169 2211 :
1197 2166 1253 2212 et
1281 2173 1377 2213 eos
1412 2159 1504 2227 qui
1546 2158 1599 2212 in
1631 2158 1821 2213 eadem
1872 2157 1939 2211 de
1987 2157 2119 2217 Deo.

546 2247 818 2314 rebusque
844 2245 1039 2299 divinis
1064 2248 1338 2302 sententia
1364 2256 1512 2311 sunt,
1545 2248 1795 2317 quamvis
1834 2248 1943 2301 sint
1973 2246 2124 2301 loco-

543 2350 665 2389 rum
694 2336 978 2392 intervallo
1007 2337 1289 2408 disiuncti,
1314 2348 1371 2394 et
1402 2339 1735 2395 oculisinter
1761 2355 1819 2394 se
1841 2354 2119 2409 nunquam

547 2428 802 2497 viderint,
855 2431 1140 2503 coniungit
1198 2442 1253 2487 et
1312 2432 1604 2487 sententiis
1649 2431 2009 2502 conglutinat,
2069 2440 2125 2487 et

543 2537 706 2578 veros
744 2522 871 2577 facit
897 2524 1141 2588 amicos;
1172 2540 1237 2579 ac
1263 2524 1308 2579 si
1334 2524 1473 2578 forte
1499 2524 1759 2578 alteruter
1781 2524 1847 2577 ad
1901 2523 2122 2576 incusa-

546 2612 726 2667 tiones
760 2612 1256 2669 inconsiderantius
1276 2614 1509 2678 venerit,
1547 2612 1697 2667 casui
1731 2612 1806 2667 illi
1849 2613 2121 2677 medetur,

543 2705 835 2773 omniaque
894 2703 1247 2776 redintegrat,
1297 2704 1513 2763 firmum
1561 2704 1963 2777 coniunctionis
2005 2703 2125 2761 viu-

546 2795 728 2851 culum
760 2811 1115 2853 conservans.

621 2973 756 3030 llaec
788 2982 1069 3031 etnostrm
1119 2976 1484 3032 mediocritati
1512 2976 1808 3048 persuasit,
1852 2991 1963 3030 non
1997 2989 2125 3045 gra-

2233 599 2406 670 αῠτῆς
2427 599 2537 669 γὰρ
2569 597 2638 650 τὰ
2659 598 2922 651 διεστῶτα
2940 596 3290 660 συνάπτεται,
3324 597 3419 651 καὶ
3441 598 3795 668 εἰρηνοποωί-

2229 708 2322 744 ται
2349 691 2417 745 τὰ
2455 690 2761 761 μαχόμενα,
2788 690 2883 742 καὶ
2923 690 2993 743 τὰ
3021 691 3199 742 οίκεῖα
3270 689 3471 759 μᾶλλον
3501 688 3794 760 συσφίγγεο

2228 799 2342 847 ται,
2375 785 2498 846 ταῖς
2527 781 2769 845 στάσεσι,
2795 783 2888 835 καὶ
2918 783 3039 843 ταῖς
3072 781 3453 849 φιλονεικίαις,
3484 782 3720 854 πάροδον
3739 784 3796 836 οὐ

2228 875 2610 946 παρεχόμεναο
2643 873 2781 944 αὓτη
2812 873 2920 945 γὰρ
2945 875 3007 927 οὐ
3045 874 3321 944 λογίζεται
3345 874 3407 927 τὺ
3439 875 3637 937 κακδν,
3673 874 3796 928 ἀλλὰ

2228 970 2409 1024 πάντα
2437 969 2676 1039 στέργει,
2712 969 2892 1022 πάντα
2916 969 3197 1039 ὑπομένει,
3229 969 3326 1021 καὶ
3348 969 3636 1034 οὐδέποτε,
3664 973 3794 1027 κατά

2226 1062 2319 1115 τὸν
2350 1061 2617 1133 μακάριον
2649 1060 2881 1127 Παῦλον,
2909 1060 3190 1114 ἐκπίπτειο
3210 1060 3349 1131 αὕτη
3381 1062 3476 1114 καὶ
3498 1059 3794 1131 θεράποντα

2227 1151 2652 1223 ἐξημαρτηκότα
2669 1151 2965 1215 δεσπόταις
2988 1151 3359 1206 καταλλάσσει
3389 1152 3491 1223 τὴν
3509 1154 3797 1223 όμοτιμίαν

2224 1248 2325 1318 τῆς
2353 1246 2570 1316 φύσεως
2594 1248 2675 1309 είς
2705 1246 2834 1300 ἀπο)
2845 1246 3003 1315 ογίαν
3032 1245 3448 1317 προϐαλλομένη
3471 1245 3567 1299 τοῦ
3591 1244 3797 1315 ὀλισθή-

2229 1356 2401 1410 ματος
2422 1355 2436 1370 °
2463 1338 2604 1409 αὕτη
2629 1338 2722 1392 καὶ
2740 1337 3017 1392 δεσποτῶν
3044 1336 3397 1409 ἀγριαίνοντα
3412 1337 3591 1407 θυμὸν
3613 1338 3795 1410 πράως

2226 1432 2413 1503 φέρειν
2437 1432 2563 1495 τοὺς
2588 1430 3063 1502 ὑπηρετουμένους
3084 1428 3350 1494 παιδεύει,
3381 1428 3480 1499 τὴν
3503 1428 3607 1498 τῆς
3636 1427 3796 1498 τύχης

2224 1521 2517 1590 ἀνισότητα
2551 1521 3024 1593 παραμυθουμένη
3078 1520 3187 1574 ἀπὸ
3244 1521 3346 1591 τῆς
3382 1518 3493 1571 τῶν
3541 1520 3613 1571 τά
3669 1520 3794 1573 αὐτὰ

2226 1613 2543 1682 πασχόντων
2566 1612 2907 1682 ὁμοιότητος.
2929 1610 3038 1664 Καὶ
3061 1609 3270 1681 πατρὸς
3298 1607 3392 1661 ἐπὶ
3415 1608 3633 1670 τέκνοις
3666 1624 3794 1678 παρ-

2223 1705 2487 1777 οργισμὸν
2521 1702 2784 1775 ίλαρύνει,
2826 1703 2921 1756 καὶ
2946 1701 3259 1773 γογγυσμδν
3311 1702 3518 1755 τέκνων
3551 1702 3667 1763 τοῖς
3698 1718 3794 1753 πα-

2223 1799 2419 1871 τράσιν
2449 1796 2671 1859 ἀλύπως
2704 1795 3013 1868 παρακαλεῖ
3053 1794 3467 1864 καταδέχεσθαι,
3501 1795 3605 1863 τὴν
3642 1811 3792 1864 φυσι-

2227 1889 2330 1958 κὴν
2364 1888 2550 1958 σχέσιν
2574 1887 2716 1941 κατά
2736 1886 2835 1956 τῆς
2869 1885 3014 1956 παρά
3037 1884 3201 1955 φύσιν
3227 1884 3432 1955 λύσσης
3462 1884 3789 1947 όπλίζουσαο

2226 1980 2319 2034 καὶ
2353 1978 2529 2047 φίλοις
2581 1976 2697 2049 ἔριν
2746 1975 3095 2046 ἐμπεσοῦσαν
3143 1975 3340 2046 ῥᾳδίως
3366 1973 3653 2035 ἀπώσατο,
3682 1973 3792 2035 τοὺς

2226 2072 2438 2134 κοινοὺς
2467 2069 2601 2134 ἅλας
2627 2071 2718 2124 ίσα
2743 2068 2957 2137 φύσεως
3000 2065 3367 2120 δυσωπεῖσθαι
3393 2064 3788 2135 παραινέσασα.

2226 2163 2336 2219 Καὶ
2361 2163 2489 2226 τοὺς
2515 2161 2616 2232 τὴν
2650 2160 2821 2232 αὐτὴν
2860 2160 3025 2213 πάλιν
3054 2160 3185 2227 περ)⁸
3217 2158 3279 2211 τὺ
3303 2158 3457 2210 Θείον
3487 2156 3651 2220 δόξαν
3674 2174 3791 2227 xpo-

2224 2256 2503 2319 τύνοντας,
2564 2254 2671 2308 κᾶν
2693 2252 2769 2316 ὡς
2812 2250 3149 2324 πορρωτάτω
3198 2249 3592 2320 παροικοῦντες
3646 2241 3787 2309 ὦσιν,

2227 2348 2330 2404 κᾶν
2358 2348 2661 2418 ὀφθαλμοῖς
2689 2345 2936 2416 ἀλλήλων
2963 2342 3117 2397 οὔπω
3146 2342 3464 2413 ώράθησαν,
3503 2343 3584 2403 είς
3608 2341 3789 2393 ἕνωσιν

2224 2441 2372 2509 ἄγει,
2395 2439 2491 2493 καὶ
2514 2438 2757 2508 γνώμαις
2773 2436 3056 2493 συνάπτει,
3080 2434 3173 2486 καὶ
3190 2433 3378 2503 φίλους
3397 2432 3621 2502 ἀληθείς
3639 2432 3789 2501 ἁπερ-

2226 2532 2473 2601 γάζεται.
2503 2530 2624 2585 Κάν
2654 2547 2758 2582 που
2801 2528 2955 2598 τύχοι
2991 2526 3217 2597 θάτερον
3256 2527 3335 2588 είς
3363 2523 3789 2595 ἀπερισκέπτως

2231 2620 2469 2693 μέμψεις
2498 2619 2727 2689 θατέρου
2762 2615 3174 2686 κατολισθῆσαι,
3221 2612 3314 2665 τὸν
3348 2611 3449 2682 μὲν
3476 2609 3554 2680 μὴ
3585 2608 3788 2674 λογίσα-

2230 2712 2375 2774 σθαι,
2400 2712 2494 2764 τὸν
2524 2710 2581 2763 δὲ
2617 2707 3038 2781 μεταμελεῖσθαι
3081 2704 3585 2775 παρασκευάσασα.
3629 2701 3787 2770 ῥᾷστα

2225 2803 2289 2857 τδ
2328 2801 2545 2873 συμϐὰν
2574 2798 2907 2861 ἀνεσώσατο,
2942 2796 3033 2850 τὸν
3059 2793 3161 2865 τῆς
3199 2791 3446 2854 ὲνώσεως
3474 2788 3675 2859 δεσμὸν
3695 2787 3787 2856 ap-

2231 2894 2373 2969 ραγῆ
2408 2892 2647 2962 συντηρή
2657 2907 2815 2945 σασα.

2296 2985 2447 3056 Αὓτη
2493 2983 2589 3035 καὶ
2633 2980 2733 3054 τὴν
2780 2978 3056 3051 ἡμετέραν
3092 2974 3424 3047 μετριότητα
3474 2970 3787 3043 ἀνεπαχθῶς

547 3066 690 3122 viter
738 3066 1151 3138 obiurgationes
1194 3069 1359 3132 ferre,
1408 3085 1529 3139 qua:
1586 3085 1615 3122 a
1669 3077 1849 3123 vestra
1901 3075 2123 3137 paterna

2228 3080 2397 3135 οῐσειν
2427 3076 2526 3138 τὰς
2546 3074 2914 3144 ἐπιτιμήσεις,
2940 3072 2996 3125 αἳ
3041 3070 3194 3139 παρά
3225 3068 3323 3137 τῆς
3347 3066 3506 3136 ὑμῶν
3531 3062 3788 3133 πατρικῆς

545 3160 837 3215 sanctitate
864 3161 1170 3231 iaculorum
1203 3161 1377 3216 instar
1429 3161 1644 3216 emissa:
1672 3169 1835 3225 sunt;
1862 3176 1925 3214 ac
1969 3158 2123 3221 fecit,

2227 3172 2506 3241 ὁσιότητος
2538 3166 2762 3236 βολίδων
2790 3165 2948 3234 δίκην
2988 3162 3290 3234 ἠφέθησαν,
3321 3160 3563 3258 ἔπεισεν.
3596 3157 3678 3258 Ού
3696 3156 3788 3225 γὰρ

546 3262 608 3307 ιιι
641 3252 958 3317 arbitrarer,
994 3253 1295 3323 perturbati
1324 3252 1493 3307 animi
1527 3253 1627 3307 hos
1657 3253 1799 3307 fetus
1837 3268 1949 3308 non
1979 3268 2121 3316 esse,

546 3360 651 3401 nec
701 3346 900 3399 mentis
944 3344 1311 3400 oﬂ‘ensionum
1352 3354 1409 3400 et
1449 3344 1860 3400 inimicitiarum
1913 3346 2124 3415 cupidae

546 3437 755 3502 verba;
787 3437 882 3492 sed
914 3438 1098 3507 potius
1141 3437 1374 3492 atl'ectus
1400 3437 1513 3492 veri
1549 3454 1612 3492 ac
1658 3437 1795 3492 nihil
1844 3437 2120 3509 fingentis,

545 3538 601 3584 et
651 3528 1081 3585 ecclesiasticum
1103 3528 1353 3583 ordinem
1398 3528 1674 3583 subtiliter
1729 3529 2118 3591 examinantis,

545 3629 708 3689 atque
736 3620 804 3675 ad
845 3636 1117 3675 summum
1160 3630 1415 3675 accurata
1468 3621 1747 3692 diligentia
1788 3622 1992 3676 ducere
2035 3621 2120 3674 ni-

545 3713 736 3767 tentis.
768 3713 899 3767 Nam
928 3714 973 3768 si
1008 3726 1233 3785 propter
1258 3730 1527 3769 summam
1580 3715 1977 3784 benignitatem
2004 3728 2120 3767 non

544 3806 799 3861 eoncedit
820 3807 1018 3861 malum
1047 3818 1108 3862 ut
1131 3808 1331 3862 malum
1363 3808 1635 3878 cogitare:
1659 3806 1935 3882 quomodo
1957 3806 2121 3871 sinet,

547 3900 749 3954 malum
774 3916 919 3962 esse,
957 3903 1319 3970 pronuntiare
1341 3902 1366 3954 ?
1387 3917 1450 3956 ea
1473 3901 1620 3955 enim
1675 3900 1816 3954 ratio
1868 3899 2123 3971 benigni-

544 4004 711 4052 tatem
747 4012 866 4050 esse
902 3999 1076 4060 novit,
1109 4014 1229 4068 quae
1271 4013 1513 4066 eousque
1538 3996 1901 4066 progreditur,
1942 4006 1999 4055 ut
2030 4012 2122 4052 eos

545 4087 711 4142 etiam
743 4090 839 4158 qui
876 4089 1121 4143 dolorem
1156 4089 1289 4144 dant
1321 4088 1585 4143 beneficio
1612 4088 1827 4143 alliciat.
1851 4087 2118 4153 Quoniam

545 4192 679 4232 vero
709 4177 849 4232 nihil
880 4178 1157 4249 prohibet,
1183 4178 1481 4247 quominus
1511 4186 1565 4231 et
1608 4176 1804 4231 fratres
1838 4192 1964 4230 cum
2009 4176 2121 4231 fra-

545 4274 744 4335 tribus.
772 4284 828 4329 et
856 4291 978 4329 cum
1013 4273 1273 4329 Patribus
1302 4273 1397 4327 filii
1428 4272 1482 4326 in
1510 4289 1642 4326 vero
1679 4272 1912 4328 dicendo
1950 4273 2118 4326 liber-

2231 3259 2542 3332 ὲμπαθείας
2567 3255 2741 3310 ταῦτα
2791 3254 3088 3323 κινήματα,
3147 3250 3269 3303 οὐδὲ
3319 3246 3551 3317 γνώμης
3601 3246 3787 3314 φιλαπ-

2233 3352 2535 3435 εχθήμονος
2572 3348 2815 3419 ῥήματα,
2855 3343 3130 3398 ἀπλαστον
3170 3340 3227 3393 δὲ
3263 3339 3462 3410 μᾶλλον
3484 3335 3784 3435 διαθέσεως,

2231 3426 2327 3498 καὶ
2383 3439 2483 3511 τὴν
2529 3432 2990 3508 ἐκκλησιαστικὴν
3017 3433 3169 3497 τάξιν
3194 3432 3275 3495 είς
3315 3431 3489 3501 ἄκρον
3513 3426 3785 3497 ἀκριϐολο-

2231 3535 2434 3605 γούσης
2467 3528 2780 3600 λογίζεσθαι
2812 3526 3246 3599 παρεσκεύασεν.
3298 3526 3363 3578 Ei
3416 3522 3531 3593 γὰρ
3583 3520 3703 3575 οὐδὲ
3737 3518 3787 3571 τὸ

2230 3626 2398 3681 κακὸν
2427 3625 2496 3678 δι’
2529 3621 2838 3693 ὑπερϐολὴν
2868 3618 3241 3691 χρηστότητος
3289 3617 3365 3679 ὡς
3396 3616 3574 3670 κακὸν
3598 3614 3787 3682 λογίζε-

2231 3719 2357 3771 σθαι
2381 3717 2619 3782 δίδωσιν,
2639 3717 2779 3784 ὅπερ
2812 3713 2921 3767 οὐδ’
2951 3712 3060 3766 ἀπὸ
3084 3711 3285 3774 κακίας
3313 3710 3446 3773 ἴσως
3477 3710 3783 3780 προάγεται,

2230 3814 2279 3865 εί
2296 3810 2391 3865 καὶ
2414 3810 2596 3872 λυπεῖ,
2628 3808 2722 3862 καὶ¹
2744 3806 2993 3877 πλήττει,
3020 3803 3117 3857 καὶ
3147 3804 3292 3874 ἀνιᾷ,
3321 3802 3438 3865 πῶς
3458 3802 3615 3855 ὲάσει
3638 3796 3786 3853 κακὸν

2228 3901 2660 3970 ἀποφαίνεσθαις
2692 3899 2909 3969 ἐκείνην
2928 3898 3037 3968 γὰρ
3063 3899 3092 3951 ό
3113 3897 3270 3964 λόγος
3294 3890 3402 3947 οἶδε
3433 3893 3785 3964 χρηστότητα,

2227 3994 2351 4064 ἥτις
2372 3993 2478 4049 κάν
2500 3992 2619 4053 ταῖς
2647 3988 2755 4041 τῶν
2768 3985 3083 4041 λυπούντων
3110 3982 3453 4051 εὐεργεσίαις
3476 3976 3787 4049 ὑπερεκτεί-

2227 4102 2399 4143 νεται.
2436 4082 2589 4136 Ἐπεὶ
2615 4082 2671 4135 δὲ
2694 4080 2850 4133 οὐδὲν
2878 4078 3080 4132 κωλύει
3111 4076 3209 4131 καὶ
3230 4074 3480 4141 ἀδελφοῖς
3515 4069 3782 4139 ἀδελφοὺς,

2228 4179 2324 4231 καὶ
2349 4176 2590 4246 πατράσι
2612 4173 2779 4226 τέκνα
2808 4173 2867 4225 ὲν
2894 4170 2974 4240 τῷ
2999 4168 3288 4240 ἀληθεύειν
3316 4161 3783 4236 παρρησιάζεσθαι

2229 4267 2402 4338 (οὐδὲν
2433 4266 2542 4336 γὰρ
2573 4266 2672 4334 τῆς
2700 4261 2960 4334 ἀληθείας
2979 4258 3333 4329 φιλαίτερον),
3356 4257 3541 4324 ἔξεστι
3564 4254 3655 4308 καὶ
3673 4254 3785 4323 ἡμῖν

444 5442 453 5451 _
540 5386 627 5439 dia
658 5401 809 5455 aeque
841 5402 903 5439 ac
932 5394 1117 5440 sontes
1146 5384 1338 5449 habiti,
1383 5383 1642 5439 custodiis
1669 5382 2125 5444 observabamur;

545 4375 712 4427 tatem
749 4367 1038 4425 obtineant
1063 4366 1223 4436 (nihil
1266 4366 1413 4420 enim
1449 4365 1681 4419 amicius
1710 4365 1961 4433 veritate)
1993 4364 2121 4419 licet

2227 4357 2789 4432 παῤῥησιασαμένους
2813 4356 2987 4408 εἰπεῖν
3007 4354 3107 4406 οὐκ
3135 4351 3448 4419 ἀντιλογίαν
3464 4349 3782 4417 γράφοντας,

541 4468 600 4513 et
624 4459 784 4514 nobis
813 4460 988 4514 libero
1014 4474 1269 4513 sermone
1300 4458 1377 4511 uti
1397 4474 1461 4513 ac
1492 4459 1732 4512 scribere
1761 4475 1868 4512 non
1897 4470 2117 4514 contra-

2227 4452 2341 4507 ἀλλ’
2372 4450 2669 4517 ἀπολογίαν
2698 4448 3077 4521 προΐσχοντας,
3102 4444 3176 4507 ώς
3206 4443 3374 4514 ἐχρῆν
3404 4442 3504 4511 τὴν
3533 4440 3786 4509 ὑμετέραν

540 4548 758 4605 dicendi
806 4550 1010 4615 studio,
1060 4549 1154 4603 sed
1205 4547 1535 4607 defendendi
1592 4550 1895 4605 voluntate.
1940 4549 2122 4622 Opor-

2227 4543 2314 4606 ἐπ’
2347 4543 2516 4615 ἀρετῇ
2542 4540 2878 4609 τελειότητα,
2910 4537 3017 4608 πρὸ
3043 4536 3151 4589 τῶν
3177 4535 3355 4589 ἀλλων
3388 4536 3490 4604 μὲν
3522 4534 3783 4592 ἁπάντων,

544 4641 715 4696 tuisse
769 4656 971 4711 nempe
1043 4649 1281 4698 vestram
1336 4640 1391 4700 in
1442 4639 1645 4697 virtute
1698 4640 2118 4713 perfectionem,

2227 4637 2287 4690 τὸ
2316 4634 2551 4696 ἄκοντας
2593 4633 2742 4703 ἡμᾶς
2796 4630 2876 4694 είς
2903 4630 2997 4682 τὸν
3030 4628 3195 4696 ζυγὸν
3235 4626 3426 4681 τοῦτον
3474 4623 3786 4689 ἑλκυσθῆναι

541 4740 669 4788 ante
698 4732 804 4787 alia
843 4731 1026 4786 omnia
1057 4730 1497 4787 considerantem
1527 4731 1732 4788 invitos
1761 4748 1863 4788 nos
1892 4733 1961 4788 ad
2015 4733 2121 4789 hoc

2227 4726 2624 4783 Βιασκοποῦσαν
2660 4724 2734 4794 μὴ
2774 4723 3058 4792 ἐπιτιμᾷν,
3094 4720 3209 4774 ἀλλ’
3241 4719 3435 4779 ὲλεεϊν,
3466 4715 3592 4787 μηδ’
3627 4714 3785 4782 ὑπερ-

535 4829 725 4898 iugum
755 4834 956 4880 tractos
984 4840 1250 4889 esse,non
1282 4824 1585 4895 increpare,
1606 4826 1699 4880 sed
1718 4824 1994 4891 misereri;
2021 4840 2123 4880 nec

2227 4822 2382 4892 ορᾷν,
2418 4817 2555 4871 ἀλλὰ
2595 4815 2882 4883 συναλγεῖν
2901 4830 2916 4845 ο
2974 4812 3123 4874 ἔλεος
3152 4810 3263 4881 γὰρ
3296 4809 3392 4861 καὶ
3413 4802 3786 4877 φιλανθρωπία

541 4918 846 4988 despicere,
900 4917 998 4971 sed
1053 4918 1372 4972 condoiere.
1431 4916 1803 4973 Misericordia
1851 4917 2001 4973 enim
2066 4925 2123 4971 et

2227 4914 2340 4975 τοῖς
2366 4909 2485 4980 βίαν
2513 4907 2800 4970 παθοῦσιν,
2832 4904 2949 4959 ἀλλ’
2992 4904 3091 4956 οὐκ
3124 4901 3441 4971 ἐπιτίμησις
3476 4900 3510 4968 ή
3552 4898 3785 4988 παρόρα-

543 4987 861 5071 humanitas
884 5009 949 5069 iis
971 5011 1167 5081 quibus
1214 5011 1443 5066 aﬂ'ertur
1468 5010 1571 5073 vis,
1591 5010 1841 5075 debetur,
1866 5025 1979 5067 non
2021 5008 2121 5063 ob-

2228 5020 2314 5066 σις
2349 4999 2728 5069 ὲποφείλεταυ
2764 4996 2885 5067 βίαν
2936 4994 3046 5063 γὰρ
3075 4993 3416 5063 ὑπέστημεν,
3461 4989 3559 5043 καὶ
3584 4987 3784 5081 ἡλίκην,

534 5102 778 5174 iurgatio
842 5110 938 5156 aut
988 5078 1361 5172 contemptus.
1428 5101 1546 5157 Vim
1599 5102 1744 5161 enim
1810 5102 2117 5168 subiimus;

2228 5096 2383 5159 Θεὸς,
2489 5092 2669 5147 πάντα
2705 5090 2800 5144 καὶ
2830 5088 2901 5148 τὰ
2950 5087 3158 5160 κρύφια
3196 5086 3606 5156 πεφανέρωται,
3637 5078 3787 5140 αὐτὸς

539 5172 799 5265 quantam
814 5204 1015 5256 autem,
1038 5194 1178 5255 Dens
1194 5196 1279 5249 cui
1304 5195 1488 5253 omnia
1504 5194 1669 5254 etiam
1699 5194 1911 5249 occulta
1932 5202 2120 5263 aperta

2227 5186 2631 5245 συνεπίσταται.
2694 5179 3108 5250 Συνεσχέθημεν
3162 5177 3408 5239 ἄκοντες,
3466 5172 3786 5239 κακούργοις

541 5303 692 5358 sunt,
723 5292 839 5362 ipse
866 5292 1026 5347 simul
1053 5292 1174 5355 scit,
1212 5291 1590 5346 invitidetenti
1610 5306 1834 5355 sumus;
1861 5290 1915 5343 in
1943 5296 2123 5344 custo-

2228 5279 2317 5332 ῐσα
2349 5276 2776 5347 καθείρχθημεν,
2826 5270 3173 5342 ἐτηρούμεθα
3206 5268 3627 5337 φυλασσόμενοι,
3661 5263 3787 5331 ἑψη-

2231 5372 2506 5441 φίσθημεν
2549 5367 2926 5429 ἀνανεύοντες,
2960 5362 3457 5436 ἐχειροτονήθημεν
3512 5358 3789 5416 κλαίοντες

541 5446 863 5546 suﬂ‘ragium
908 5475 975 5529 de
1034 5474 1214 5537 nobis,
1279 5472 1437 5528 nobis
1488 5470 1869 5532 renuentibus,
1920 5468 2123 5521 latum:

2227 5462 2563 5534 ὀδυρόμενοι,
2612 5459 2970 5528 κοπτόμενοι,
3016 5455 3164 5547 ῐσασι
3190 5452 3367 5507 ταῦτα
3414 5453 3645 5513 πάντες·
3672 5446 3789 5547 ούδὲ

541 5566 705 5626 creati
740 5582 930 5621 sumus
950 5566 1163 5630 ﬂentes,
1194 5573 1507 5632 querentes,
1530 5563 1629 5634 ipsi
1661 5560 2024 5631 nosmetipsos
2046 5558 2123 5612 fe-

2227 5557 2336 5627 γὰρ
2361 5556 2420 5607 ὲν
2442 5553 2616 5624 γωνίᾳ
2646 5550 2883 5619 ἐγένετο,
2918 5549 3013 5601 καὶ
3048 5539 3121 5600 τὸ’
3154 5546 3382 5616 μέγεθος
3410 5544 3512 5615 τῆς
3539 5539 3789 5611 ἐπηρείας

541 5660 762 5721 rientes,
781 5667 838 5711 et
865 5657 1206 5713 amictantes.
1228 5655 1420 5711 Sciunt
1466 5659 1579 5710 haec
1608 5668 1830 5709 omnes:
1852 5667 1961 5705 non
1982 5649 2123 5704 enim

2227 5645 2326 5717 τὴν
2351 5645 2590 5716 ἱστορίαν
2617 5644 2696 5706 είς
2722 5641 2897 5695 πάντα
2927 5638 3235 5710 ἐξήνεγκεν.
3704 5721 3736 5732 η

536 5754 590 5816 in
619 5753 815 5823 angulo
831 5751 970 5805 facta
992 5758 1159 5816 sunt;
1193 5758 1248 5804 at
1268 5749 1640 5819 impressionis
1668 5754 1740 5815 et,
1763 5753 1822 5804 ut
1841 5746 1909 5805 ita
1943 5743 2142 5811 dicam,
2164 5737 2571 5802 obtrectationis
2592 5732 2902 5811 magnitudo
2934 5730 3211 5791 historiam
3237 5728 3303 5785 ad
3329 5741 3522 5787 omnes
3552 5722 3786 5800 pertulit.

610 5890 623 5923 ⁸
653 5887 671 5945 l
699 5885 824 5940 Cor.
858 5883 1050 5949 $131.7,
1085 5882 1137 5939 8.
