4052 6420
226 430 339 498 597

1387 436 1925 498 EPISTOLARUM
1965 438 2197 497 LIBER
2230 438 2280 497 Ι.

3379 436 3482 498 598

304 522 443 582 Εἶτα
494 524 559 578 τί»
600 524 681 578 δεῖ
739 529 851 591 τοῖς
905 527 1079 582 πολλὰ
1134 527 1231 583 καὶ
1285 529 1436 583 δεινά
1486 528 1811 583 πεπονθόσιν

1986 530 2126 596 Quid
2154 529 2320 601 igitur
2374 539 2588 601 oportet
2622 531 2675 585 in
2706 546 2824 595 eos,
2858 531 2950 602 qui
2978 532 3144 586 multa
3200 530 3385 602 gravia
3430 538 3485 584 et

222 616 607 689 ἐπεμϐαίνειν,
635 617 1011 688 ἐπιπλήττειν,
1036 618 1406 691 διαλοιδορεῖν,
1434 618 1467 689 ἢ
1490 619 1803 691 οἰκτείρειν,

224 711 329 763 καὶ
367 709 806 781 παραμυθεῖσθαι
836 711 935 781 ὅση
975 710 1237 782 δύναμις;
1285 710 1573 777 Ἐξέπεσον
1604 711 1808 781 εἰρηνι-

224 801 339 871 κῆς
380 802 548 871 ζωῆς,
580 801 840 869 ἐξέπεσον
873 803 1117 873 γαλήνης
1147 803 1427 873 γλυκείας,
1462 803 1723 870 ἐξέπεσον
1748 803 1807 857 δὲ

221 892 328 944 καὶ
361 891 521 961 δόξης
550 892 730 962 (εἴπερ
763 892 873 946 τισὶ
910 893 1006 946 καὶ
1043 893 1315 964 κοσμικῆς
1358 892 1518 964 δόξης
1572 893 1805 963 ἔφεσις).

166 982 177 993 ’
221 983 487 1047 ἐξέπεσον
503 983 602 1053 τῆς
625 983 786 1054 φίλης
812 982 1060 1054 ἡσυχίας,
1084 984 1184 1054 τῆς
1204 984 1452 1057 καθαρᾶς
1475 984 1692 1055 ἐκείνης
1711 986 1807 1038 καὶ

220 1075 458 1145 ἡδίστης
492 1073 635 1144 μετά
662 1076 772 1129 τῶν
801 1074 1033 1147 πλησίον
1074 1077 1382 1142 συνουσίας,
1426 1078 1529 1147 τῆς
1572 1077 1805 1142 ἀλύπου,

221 1167 327 1219 καὶ
363 1165 576 1230 ἀδόλου,
608 1168 702 1221 καὶ
731 1168 1139 1240 ἀνεπιπλήκτου
1188 1170 1667 1242 συναναστροφῆς.
1702 1171 1807 1224 Οὐ-

221 1257 342 1322 δεὶς
362 1254 433 1329 ἦν
458 1262 486 1312 6
512 1259 668 1330 δίκην
696 1260 943 1329 ἐγκαλῶν
964 1261 1109 1332 ἐμοί.
1140 1262 1255 1316 Οὐκ
1289 1262 1680 1334 ἐνεγραψὰμην
1711 1263 1806 1318 ἄλ-

222 1348 324 1402 λον
354 1350 488 1417 ἐγὼ,
514 1352 576 1405 οὐ
606 1350 715 1405 τῶν
745 1352 1048 1421 ἐπηλύδων,
1085 1352 1146 1406 οὐ
1192 1353 1302 1407 τῶν
1336 1354 1643 1427 ἐγχωρίων,
1684 1353 1807 1408 οὐδὲ

223 1440 345 1495 τῶν
370 1442 676 1512 ἀσυνήθων,
703 1444 778 1515 μή
810 1444 863 1498 τί
908 1461 973 1513 γε
995 1444 1105 1499 τῶν
1126 1445 1298 1515 φίλων
1318 1461 1332 1476 ⁸
1361 1447 1460 1516 οὐχ
1480 1445 1657 1511 οὑτως
1678 1446 1804 1500 ἐλύ-

224 1548 385 1602 πησα
424 1533 645 1588 πώποτέ
672 1552 814 1601 τινα,
862 1535 940 1600 ὡς
978 1535 1138 1607 ὐϐριν
1184 1538 1266 1601 είς
1302 1538 1453 1608 ἡμᾶς
1509 1540 1805 1604 ἐκπτύσαι,

223 1624 373 1697 πλὴν
393 1628 443 1680 εξ
480 1628 649 1698 μήπω
676 1628 806 1692 τοὺς
841 1628 985 1699 ὑπὲρ
1007 1628 1290 1693 εὐσεϐείας
1317 1629 1601 1695 κινδύνους
1619 1630 1807 1702 ἐθελή-

230 1735 317 1771 σει
337 1735 423 1782 τις
453 1720 775 1775 ἐπισκοπεῖν
794 1739 809 1753 ο
837 1721 950 1775 οὐδ’
977 1721 1152 1784 οὕτως
1178 1722 1429 1794 ἥμαρτεν
1462 1722 1621 1788 ἄλλος
1656 1726 1805 1794 ἐμοὶ,

227 1808 310 1873 ὡς
325 1811 420 1863 καὶ
443 1810 605 1881 μέχρι
622 1812 722 1881 τῆς
760 1815 841 1877 εἰς
862 1812 1028 1866 αὐτὸν
1051 1813 1265 1885 ὕϐρεως
1279 1815 1380 1886 τὴν
1406 1815 1659 1885 γλῶσσαν
1719 1817 1808 1885 ἐξ·

228 1878 764 1972 ολισθῆσαιξνοὺτως
785 1900 925 1976 ἦσαν
948 1907 1079 1977 ἡμῖν
1112 1878 1350 1971 ἀπαντες
1381 1878 1630 1981 χρηστοὶ,
1645 1910 1708 1964 τὸ
1752 1878 1808 1965 δὲ
1835 1878 1885 1938 Β

226 1991 505 2061 ἡμέτερον
528 1994 701 2059 αὐτοὶ,
729 1994 832 2049 κάν
872 1995 947 2068 μὴ
975 1996 1140 2066 λέγω,
1174 1999 1515 2069 κεκράγασιν
1534 2018 1550 2036 ο
1577 2001 1808 2071 ἠγαπώ-

233 2100 345 2155 μην
376 2085 490 2149 τοῖς
524 2085 698 2155 φίλοις
723 2087 863 2160 ὑπὲρ
894 2088 1022 2153 τοὺς
1050 2097 1354 2158 συγγενεῖς,
1392 2092 1562 2162 ἄμφω
1593 2093 1650 2146 δὲ
1694 2095 1808 2156 τοῖς

231 2176 558 2244 συγγενέσιν
579 2176 930 2251 ἐλογιζόμην,
970 2180 1069 2234 καὶ
1116 2180 1227 2235 τῶν
1257 2183 1541 2251 συγγενῶν
1565 2184 1595 2237 6
1618 2184 1812 2253 φίλτα-

227 2284 346 2334 ⁴σος,
381 2270 478 2325 καὶ
508 2270 616 2327 τῶν
640 2271 880 2343 μάλιστα
910 2274 1219 2345 φιλούντων
1240 2276 1270 2330 ό
1305 2280 1598 2347 συγγενής.

314 2558 386 2613 Ἥ
421 2558 481 2615 δέ
509 2560 639 2633 περὶ
669 2561 771 2634 ἐμὲ
802 2562 910 2617 τῶν
963 2564 1193 2637 πλησίον
1214 2568 1372 2640 φήμη
1402 2571 1504 2640 τῆς
1545 2569 1806 2640 σπουδῆς,

230 2650 331 2704 καὶ
359 2652 487 2716 τοὺς
521 2652 776 2722 ἀγνῶτας
807 2650 990 2710 εἷλκεν
1019 2658 1100 2723 είς
1125 2658 1307 2729 ἔρωτα
1329 2661 1473 2716 θεῖον
1498 2663 1593 2717 καὶ
1623 2661 1808 2733 φιλίας

227 2740 452 2811 δεσμὸν,
488 2743 619 2807 ῐσως
642 2744 687 2797 δ’
706 2744 773 2798 ἂν
801 2747 1002 2802 ἐκεῖνοι
1036 2751 1130 2804 καὶ
1164 2751 1581 2826 ἀμεταμέλητον
1628 2756 1804 2830 εὐφη-

232 2835 522 2906 μήσωμεν.
572 2838 735 2893 Ἀλλά
758 2840 879 2905 πῶς
912 2837 1025 2897 οἷόν
1062 2844 1123 2897 τέ
1149 2846 1298 2899 ἐστιν
1333 2846 1601 2920 ἀδακρυτὶ
1637 2850 1810 2906 ταῦτα

228 2927 553 2996 παρελθεῖν;
604 2928 742 2985 οίκοι
777 2932 879 3003 μὲν
930 2935 1042 3005 γάρ
1093 2935 1308 3007 μένοντι
1334 2940 1368 3010 ὴ
1392 2939 1659 3011 χαρίεσσα
1699 2942 1810 2997 τῶν

225 3021 438 3093 ἡδονῶν
460 3022 852 3094 περιεπλέκετο
866 3025 1059 3098 τέρψις
1072 3026 1181 3082 τῶν
1208 3028 1589 3099 μανθανόντων
1610 3031 1811 3102 ὁρῶντι

225 3112 327 3165 τὸν
348 3113 530 3180 πόνον,
566 3114 667 3185 τὴν
694 3114 936 3188 σπουδὴν
969 3117 1080 3173 τῶν
1105 3119 1656 3195 ἐπερωτώντων,τὴν
1689 3139 1810 3193 τρι·

228 3204 336 3276 ϐὴν
362 3205 473 3261 τῶν
504 3206 1067 3281 προσδιαλεγομένων,
1103 3211 1170 3264 δι’
1206 3204 1281 3266 ὧν
1314 3214 1348 3282 ἡ
1380 3212 1518 3284 πρὸς
1551 3212 1609 3266 τὸ
1633 3214 1807 3284 ῥᾷστα

227 3297 584 3368 παράγεσθαι
611 3280 999 3372 καταρτίζεται
1020 3302 1239 3374 γνώμη,
1266 3280 1374 3357 τῶν
1399 3280 1521 3368 ταῖς
1547 3280 1806 3376 μαθημα-
1838 3280 1879 3336 C

227 3393 415 3454 τικαῖς
442 3392 662 3463 σχολαῖς
685 3394 1099 3467 λεπτυνομένων
1126 3398 1227 3467 τὴν
1263 3397 1522 3463 διάνοιαν,
1554 3399 1663 3452 τῶν
1688 3402 1811 3463 ταῖς

228 3481 481 3551 λογικαῖς
518 3484 764 3555 μεθόδοις
821 3487 1141 3560 ίχνευὸντων
1173 3488 1234 3542 τὸ
1286 3488 1506 3559 ἀληθὲς,
1542 3490 1649 3543 τῶν
1695 3492 1811 3555 τοῖς

232 3573 404 3638 θείοις
426 3576 645 3644 Λογίοις
677 3577 1010 3647 ἰθυνομένων
1039 3580 1133 3634 τὸν
1162 3580 1288 3633 νοῦν
1325 3580 1463 3651 πρὸς
1502 3580 1808 3649 εὐσέϐειαν,

230 3664 263 3717 6
315 3665 425 3721 τῶν
474 3666 649 3721 ἄλλων
707 3669 961 3725 ἁπάντων
1007 3672 1246 3745 ὑπάρχει
1279 3674 1458 3727 πόνων
1498 3677 1526 3729 6
1569 3675 1808 3746 καρπός.

234 3757 496 3823 Τοιοῦτος
524 3761 632 3832 γάρ
662 3763 826 3833 χορὸς
853 3765 952 3833 τῆς
984 3765 1125 3836 ἐμῆς
1163 3765 1340 3830 οἰκίας
1372 3760 1439 3837 ἦν
1471 3767 1499 3820 6
1525 3766 1732 3839 χορός..

320 3921 549 3988 Ἐξιόντι
600 3921 659 3977 δὲ
716 3922 880 3978 πάλιν
925 3923 1066 3996 πρὸς
1090 3925 1192 3997 τὴν
1238 3926 1509 3997 βασίλειον
1548 3927 1814 3992 πολλάκις

232 4015 408 4086 αὐλὴν
463 4016 522 4069 αί
561 4019 1008 4090 προπεμπτήριοι
1051 4020 1161 4073 τῶν
1192 4021 1389 4091 εὐχῶν,
1439 4022 1533 4076 καλ
1585 4023 1682 4076 τοῦ
1736 4022 1812 4093 μὴ

234 4106 521 4178 βραδύνειν
550 4111 583 4179 ᾑ
616 4112 926 4183 προτροπή.
954 4106 1065 4166 Ἦν
1088 4112 1197 4185 γάρ
1224 4131 1313 4185 μοι
1340 4114 1433 4168 καὶ
1459 4114 1621 4168 τοῦτο
1642 4114 1814 4186 γέρας

230 4200 977 4285 ἀφωειωμέεον-ίεξαξρεήον,
1009 4206 1072 4262 τό
1108 4210 1307 4280 μέτρον
1350 4209 1497 4281 ἔχειν
1533 4208 1633 4281 τὴν
1688 4208 1813 4277 βού-

230 4285 396 4369 λησιν
416 4299 516 4371 τῆς
557 4300 616 4354 ἐν
645 4302 759 4363 τοῖς
817 4300 1110 4371 βασιλείοις
1156 4301 1457 4373 διατριϐῆς.
1504 4302 1812 4356 Ἐπανιόντι

230 4392 294 4445 δὲ
315 4392 477 4451 πάλιν
497 4392 602 4463 πρὸ
618 4393 802 4448 πυλῶν
825 4394 1116 4465 ἱστάμενος
1144 4396 1173 4448 6
1192 4395 1355 4464 σοφὸς
1372 4397 1579 4459 ἐκεῖνος
1600 4396 1814 4467 ὑπήντα

232 4485 416 4557 χορός.
461 4485 551 4550 ἳΕξ
582 4479 657 4540 ὧν
684 4488 734 4540 oi
765 4486 864 4559 μὲν
894 4486 1185 4541 ἐνεκάλουν
1238 4485 1336 4557 τὴν
1373 4486 1705 4557 βραδυτῆτα,
1731 4479 1814 4567 οἷς

1913 621 2106 677 acerba
2132 621 2278 691 passi
2309 630 2459 688 sunt,
2495 622 2704 687 invehi,
2734 623 3046 694 obiurgare,
3088 620 3352 678 conviciis
3383 635 3483 690 ap-

1908 723 2094 782 petere
2121 714 2305 783 potius
2360 731 2523 785 quam
2572 716 2844 779 misereri,
2877 725 2934 770 et
2977 730 3079 785 pro
3099 714 3307 769 viribus
3354 728 3485 767 con—

1907 802 2319 860 solari'lDecidi
2359 821 2389 859 e
2412 806 2520 859 vita
2548 820 2742 876 pacem
2772 806 3042 870 habente;
3073 802 3249 859 decidi
3274 818 3304 857 a
3334 812 3486 857 trans

1915 897 2377 967 quillitateZdulci
2435 908 2492 954 et
2554 898 2806 969 placida;
2864 898 3038 954 decidi
3084 899 3153 952 de
3200 896 3367 968 gloria
3418 894 3485 960 (si

1909 998 2093 1044 tamen
2122 989 2444 1059 quibusdam
2466 990 2755 1046 mundana:
2777 976 2962 1063 gloria:
2996 1005 3151 1044 amor
3167 988 3284 1057 est'(
3309 985 3487 1042 excidi

1907 1098 1940 1138 e
1962 1084 2126 1139 chara
2156 1085 2360 1155 quiete,
2392 1100 2423 1140 e
2451 1101 2588 1155 pura
2615 1084 2704 1139 illa
2735 1094 2792 1139 et
2826 1083 3225 1155 iucundissima
3254 1097 3379 1136 cum
3419 1081 3487 1135 iis

1907 1176 2001 1245 qui
2034 1176 2168 1231 mihi
2201 1177 2435 1247 proximi
2465 1185 2645 1244 erant,
2688 1177 3108 1243 consuetudine,
3150 1186 3206 1232 et
3252 1188 3487 1231 conver-

1908 1268 2120 1325 satione
2153 1269 2360 1324 doloris
2403 1280 2629 1341 experte
2658 1277 2715 1326 et
2750 1270 2860 1326 doli
2903 1266 2960 1325 et
3016 1266 3481 1338 reprehensionis.

1910 1357 2085 1415 Nemo
2108 1370 2226 1415 erat
2248 1361 2340 1431 qui
2368 1377 2457 1417 me
2492 1362 2789 1427 incusaret,
2817 1377 2921 1418 nec
2958 1361 3123 1416 alium
3145 1374 3485 1431 quemquam

1908 1467 2009 1523 ego
2039 1454 2296 1508 accusavi
2325 1454 2412 1507 vel
2439 1453 2775 1509 advenarum
2827 1453 2911 1508 vel
2956 1452 3357 1522 indigenarum,
3382 1465 3487 1506 nec

1908 1559 2037 1599 vero
2067 1543 2350 1599 hominum
2390 1545 2572 1600 minus
2600 1544 2968 1607 familiarium,
3012 1544 3216 1599 nedum
3271 1543 3484 1598 amico-

1908 1653 2052 1692 rum.
2089 1637 2209 1692 Non
2265 1653 2366 1708 ego
2411 1639 2492 1694 sic
2545 1653 2785 1708 unquam
2833 1638 2955 1694 dedi
3008 1636 3172 1692 alicui
3220 1636 3486 1700 dolorem,

1909 1741 1971 1787 ut
2003 1732 2395 1787 contumeliam
2428 1732 2521 1802 in.
2536 1747 2640 1787 nos
2673 1739 3006 1802 exspueret:
3033 1731 3139 1787 nisi
3183 1728 3325 1785 forte
3357 1729 3490 1784 velit

1910 1825 2032 1895 quis
2051 1834 2303 1895 suscepta
2326 1840 2426 1894 pro
2446 1825 2647 1895 pietate
2674 1825 2917 1895 pericula
2948 1824 3183 1880 intueri:
3215 1838 3319 1879 nec
3340 1823 3489 1893 quis—

1910 1934 2073 1990 quam
2110 1918 2166 1972 in
2198 1934 2284 1973 me
2305 1918 2377 1973 ita
2404 1919 2675 1989 peccavit,
2708 1929 2768 1974 ut
2808 1932 2982 1989 usque
3010 1918 3078 1974 ad
3100 1917 3489 1974 contumeliam

1912 2009 1967 2064 in
1988 2011 2165 2081 ipsum
2187 2010 2370 2083 lingua
2385 2011 2843 2067 laberetur.Adeo
2866 2020 3022 2067 erant
3039 2026 3230 2066 omnes
3246 2026 3371 2082 erga
3391 2025 3489 2064 nos

1910 2104 2371 2175 benigniznostra
2402 2121 2533 2160 vero
2562 2105 2721 2171 ratio,
2747 2121 2869 2176 qua!
2899 2104 3083 2169 fuerit,
3112 2104 3210 2171 illi,
3240 2104 3489 2175 quamvis

1909 2206 2140 2259 taceam,
2172 2197 2427 2251 clamant.
2476 2197 2559 2252 Me
2584 2197 2743 2253 amici
2773 2197 2943 2268 magis
2967 2195 3264 2268 diligebant
3324 2211 3487 2266 quam

1910 2290 2350 2361 consanguineos
2382 2305 2548 2346 suos:
2594 2300 2650 2345 at
2675 2305 2808 2345 vero
2835 2289 3084 2362 cognatis
3115 2289 3251 2345 meis
3299 2289 3487 2344 existi-

1910 2385 2101 2439 mabar
2154 2394 2209 2440 et
2271 2394 2628 2455 cognatorum
2687 2384 3045 2439 charissimus
3116 2393 3171 2437 et
3231 2393 3488 2455 cognatos

1910 2477 2155 2533 omnium
2189 2477 2615 2532 amantissimus.

1979 2567 2145 2624 Fama
2172 2584 2302 2625 vero
2332 2569 2495 2626 studii
2537 2584 2663 2640 erga
2686 2584 2773 2624 me
2810 2569 3182 2641 proximorum
3211 2583 3482 2632 meorum,

1910 2661 2129 2736 ignotos
2157 2677 2378 2733 quoque
2422 2662 2489 2717 ad
2533 2662 2777 2718 divinum
2827 2677 3069 2717 amorem
3103 2662 3372 2726 trahebat,
3431 2670 3488 2715 et

1910 2756 1979 2812 ad
2033 2755 2286 2811 amicitia:
2338 2755 2663 2812 vinculum:
2702 2770 2805 2810 nec
2843 2771 2939 2810 eos
2986 2755 3215 2810 fortasse
3263 2754 3485 2810 laudum

1910 2850 1979 2906 de
2011 2866 2100 2906 me
2132 2849 2443 2906 habitarum
2470 2864 2713 2920 unquam
2747 2849 3060 2920 paenitebit.
3084 2852 3153 2905 At
3185 2849 3302 2904 haec
3352 2864 3490 2918 quo-

1910 2941 2073 2996 modo
2098 2941 2216 2996 sine
2250 2941 2507 3012 lacrymis
2543 2941 2961 2997 commemorari
3016 2940 3286 3013 possunt?
3351 2938 3486 2994 Nam

1910 3030 2058 3087 domi
2091 3039 2402 3086 manentem
2439 3038 2590 3102 grata
2624 3031 2963 3102 voluptatum
3031 3029 3491 3101 complectebatur

1910 3122 2223 3186 oblectatio,
2254 3138 2378 3177 cum
2423 3123 2750 3178 discentium
2793 3122 3037 3179 laborem
3066 3123 3331 3186 intuerer,
3373 3131 3490 3176 stu-

1911 3213 2061 3270 dium
2094 3214 2571 3285 interrogantium,
2599 3213 3490 3283 alloquentiumexercitationem;

1913 3307 2115 3378 quibus
2163 3307 2327 3362 rebus
2394 3307 2724 3362 informatur
2776 3307 3069 3373 sententia,
3116 3322 3187 3361 ne
3234 3305 3499 3362 facillime

1913 3400 2090 3471 possit
2108 3399 2287 3471 decipi
2313 3417 2326 3454 :
2357 3415 2547 3454 eorum
2579 3410 2867 3469 przeterea,
2890 3414 3120 3468 quorum
3146 3414 3299 3453 mens
3327 3399 3491 3453 scho-

1914 3492 1984 3548 lis
2013 3492 2420 3548 mathematicis
2462 3493 2849 3556 exacuebatur,
2883 3492 2969 3547 vel
2998 3491 3089 3561 qui
3142 3490 3331 3569 logicis
3377 3504 3493 3544 Ille-

1914 3582 2095 3638 thodis
2162 3597 2356 3637 verum
2406 3581 2825 3653 investigabant,
2874 3580 2957 3635 vel
3013 3596 3245 3650 quorum
3296 3594 3497 3635 sensus,

1915 3674 2116 3731 divinis
2146 3674 2393 3745 Eloquiis
2424 3674 2493 3729 ad
2533 3673 2796 3743 pietatem
2828 3662 3201 3745 dirigebatur:
3230 3670 3322 3743 qui
3354 3671 3491 3725 alio-

1916 3784 2036 3823 rum
2057 3768 2305 3824 omnium
2343 3767 2589 3823 laborum
2619 3775 2702 3821 est
2730 3766 2974 3822 fructus:
3004 3765 3127 3821 talis
3166 3765 3314 3823 enim
3357 3763 3491 3820 chov

1915 3876 2031 3927 rus,
2059 3860 2255 3916 domus
2286 3874 2423 3914 mea:
2446 3859 2653 3914 chorus
2681 3867 2819 3914 erat.

1984 3953 2067 4008 Ad
2114 3952 2316 4025 regiam
2369 3969 2562 4008 rursus
2607 3952 2786 4008 aulam
2828 3966 2974 4021 saepe
3026 3948 3248 4007 adeunti
3293 3958 3495 4021 praesto

1916 4055 2073 4100 erant
2132 4048 2580 4117 prosequentium
2620 4056 2768 4113 vota,
2842 4045 3157 4101 hortatione
3206 4058 3488 4099 morarer:

1918 4153 2043 4193 nam
2087 4149 2351 4208 praeterea
2393 4140 2487 4211 qui
2535 4140 2853 4197 satisfacere
2903 4139 3088 4195 animo
3133 4152 3259 4192 meo
3303 4149 3495 4192 omnes

1916 4229 2141 4296 vellent,
2191 4229 2283 4286 hic
2343 4231 2521 4287 honor
2577 4232 2710 4287 mihi
2775 4230 3080 4291 habebatur
3131 4229 3383 4296 eximius,
3436 4241 3498 4286 ut

1915 4324 2255 4379 voluntatem
2304 4324 2590 4390 haberem,
2642 4324 2864 4384 modum
2916 4325 2971 4379 in
3029 4323 3197 4395 Regia
3249 4338 3494 4379 commo-

1917 4414 2098 4469 randi.
2142 4413 2418 4469 Redeunti
2467 4430 2659 4470 rursus
2699 4425 2826 4474 aute
2857 4424 3043 4486 portas
3086 4424 3242 4470 stans
3295 4413 3497 4469 chorus

1918 4504 2007 4560 ille
2062 4504 2283 4577 sapiens
2335 4506 2935 4578 occurrebatzquibus
2982 4518 3207 4579 propter
3273 4509 3496 4564 virtutis

231 4579 333 4633 καὶ
359 4578 581 4654 θαρῤεῖν
612 4596 666 4633 τι
706 4579 816 4634 τῶν
844 4580 1021 4635 ἄλλων
1069 4578 1230 4633 πλέον
1250 4578 1319 4632 δι’
1348 4578 1653 4650 ὑπερϐολὴν
1681 4579 1811 4650 ἀρε-

1920 4596 2293 4667 ρτιεειεηιίειιι
2328 4596 2505 4668 major
2530 4600 2943 4669 quatncaeteris
2968 4578 3165 4660 fiducia
3223 4616 3493 4656 concessa

229 4672 334 4743 τῆς
360 4673 712 4745 ἐκεχάριστο·
738 4674 849 4726 τισὶ
870 4673 926 4727 δέ
949 4676 1047 4725 καλ⁵
1072 4673 1388 4744 προσειπεῖν
1421 4672 1603 4742 ἤρκει,
1626 4671 1810 4735 ἄλλοις

229 4765 291 4818 δὲ
329 4768 426 4819 καὶ
457 4766 519 4818 τὸ
541 4765 718 4831 δεῖξαι
753 4766 913 4835 μόνον
940 4764 1023 4818 ὅτι
1069 4764 1417 4835 μεμενήκασι
1446 4780 1459 4793 ·
1491 4762 1587 4815 καὶ
1646 4760 1808 4818 τοῦτο

230 4858 423 4927 κύκλῳ
451 4858 666 4927 ἐγένετο
709 4858 809 4911 οὐκ
846 4857 1162 4920 ἐπιϐουλαῖς
1202 4856 1482 4927 λυόμενον,
1514 4854 1576 4909 οὑ
1631 4854 1811 4926 φθόνῳ

228 4951 595 5023 κοπτόμενον,
625 4952 724 5005 οὐκ
744 4951 825 5005 ὀλι
840 4950 1007 5023 ίωρίᾳ
1048 4949 1472 5022 μαραινόμενον.

304 5068 415 5121 Καὶ
442 5066 525 5131 τίς
551 5067 618 5121 ἂν
645 5064 887 5120 τοιούτου
918 5063 1034 5135 βίου
1061 5063 1251 5118 παθὼν
1272 5064 1645 5117 ἐπανάστασιν
1666 5062 1809 5117 ἐκὼν

223 5157 330 5230 τὴν
366 5155 672 5229 μεταϐολὴν
725 5157 822 5210 καὶ
856 5154 1071 5227 θρήνων
1110 5154 1267 5217 ἐκτὸς
1294 5153 1620 5223 ὑπενέγκοι;
1667 5153 1807 5207 Τού-

228 5269 344 5306 των
396 5251 654 5307 ἀπάντων
710 5250 989 5316 ἐξέπεσον,
1045 5249 1187 5319 ὑπὲρ
1235 5247 1443 5302 τούτων
1496 5245 1807 5320 ὠδυρόμην,

224 5344 440 5401 τούτων
471 5342 856 5415 ἀποσπωμένῳ
882 5342 1056 5414 πηγαὶ
1099 5342 1353 5413 δακρύων
1384 5339 1805 5411 άνεστομοῦντο,

226 5439 328 5493 καὶ
356 5437 534 5510 λύπης
562 5436 731 5509 ἀχλὺς
763 5434 1145 5506 περιεκέχυτο.
1186 5434 1374 5507 ᾜδειν
1415 5433 1525 5507 γὰρ
1564 5433 1660 5490 καὶ
1700 5432 1810 5503 πρὸ

224 5530 333 5601 τῆς
375 5532 570 5601 πείρας
599 5528 661 5582 τὸ
695 5527 1070 5597 πολυτάραχον
1115 5526 1211 5580 καὶ⁴
1257 5524 1663 5597 πολυμέριμνον
1707 5524 1809 5594 τῆς

226 5623 504 5696 καθέδρας
526 5621 731 5693 ταύτης
755 5638 769 5653 ο
800 5620 949 5692 ᾔδειν
994 5620 1056 5673 τὺ
1079 5619 1415 5691 δυσάρεστον
1436 5619 1532 5672 καὶ
1555 5618 1809 5688 δυσήνιον

226 5715 327 5770 τοῦ
360 5714 587 5787 μιγάδος
614 5715 795 5785 ὄχλου,
818 5715 916 5786 τὴν
944 5713 1082 5786 πρὸς
1099 5713 1361 5784 ἀλλήλους
1389 5710 1527 5782 ἔριν,
1562 5711 1653 5764 τὸν
1682 5709 1810 5779 φθό-

228 5828 346 5876 νον,
393 5809 492 5874 τὰς
522 5809 761 5873 στάσεις,
802 5809 898 5873 τάς
919 5809 1342 5872 ἐπαναστάσεις,
1372 5806 1471 5876 τὴν
1517 5804 1657 5861 κατὰ
1700 5804 1809 5858 τῶν

232 5902 666 5975 παρεστηκότων
704 5901 882 5972 ὕϐριν,
926 5902 1021 5955 καὶ
1071 5901 1161 5955 τὸν
1205 5898 1544 5970 γογγυσμὸν,
1572 5900 1699 5954 ὅταν
1734 5899 1810 5978 μὴ

1919 4698 2071 4755 erat;
2125 4688 2219 4743 alii
2273 4689 2518 4745 contenti
2586 4701 2746 4747 erant
2808 4694 3067 4749 salutem.
3109 4689 3345 4753 dixisse;
3402 4690 3495 4744 alii

1917 4778 2224 4835 ostendisse
2297 4788 2511 4836 tantum
2583 4784 3050 4853 exspectationem
3130 4798 3309 4838 suam.
3390 4781 3500 4841 At:

1915 4886 2023 4942 que
2060 4872 2164 4928 hoc
2217 4872 2272 4927 in
2324 4873 2514 4929 orbem
2570 4873 2755 4942 fiebat,
2820 4889 2924 4930 nec
2974 4874 3206 4930 occultis
3254 4875 3498 4931 consiliis

1920 4961 2286 5033 prohibitum,
2316 4979 2418 5019 nec
2448 4962 2651 5019 invidia
2683 4964 3081 5020 intermissum.

1985 5075 2318 5148 Ecquisnam
2382 5079 2471 5134 tali
2516 5079 2625 5135 vita
2674 5079 2961 5134 submotus
3015 5079 3191 5135 libens
3234 5082 3498 5138 mutatio-

1912 5186 2062 5238 nem,
2098 5186 2163 5226 ac
2207 5171 2330 5226 sine
2360 5171 2618 5229 lamentis
2644 5172 2826 5228 ferat?
2866 5171 2965 5229 His
2994 5174 3256 5230 omnibus
3321 5176 3499 5233 excidi

1913 5278 2078 5334 super
2113 5263 2203 5318 his
2233 5263 2677 5336 ingemiscebam.
2734 5264 2862 5320 Haec
2918 5282 3045 5322 cum
3098 5267 3493 5325 abstraheren-

1916 5365 2031 5421 tur,
2085 5354 2271 5411 fontes
2318 5356 2681 5427 lacrymarum
2737 5356 3107 5426 profluebant,
3162 5375 3226 5416 ac
3283 5362 3494 5417 doloris

1912 5448 2089 5519 caligo
2117 5447 2682 5505 circumfundebatur.
2728 5449 2981 5505 Sciebam
3012 5453 3159 5507 enim
3192 5470 3321 5508 cum
3354 5468 3496 5507 non-

1913 5539 2044 5593 dum
2114 5553 2294 5593 essem
2369 5551 2650 5608 expertus,
2700 5539 3059 5609 multiplicem
3129 5541 3307 5613 hujus.
3348 5540 3498 5596 sedis

1920 5628 2287 5685 turbationem
2336 5638 2392 5683 et
2432 5629 2880 5695 sollicitudinem,
2937 5630 3183 5687 sciebam
3212 5629 3496 5687 fastidium

1918 5730 1975 5777 et
2038 5720 2440 5777 contumaciam
2515 5724 2842 5791 promiscum
2892 5724 3090 5789 turbae,
3156 5722 3280 5777 lites
3350 5722 3497 5777 inter

1913 5812 2089 5880 ipsos,
2128 5809 2388 5871 invidiam
2421 5810 2741 5881 seditiones,
2778 5825 3003 5870 mutuos
3060 5813 3319 5883 impetus,
3363 5826 3497 5866 con-

1918 5902 2195 5957 tumeliam
2225 5900 2279 5957 in
2298 5901 2604 5973 prtcfectos,
2640 5912 2695 5959 et
2725 5906 3174 5962 mussitationcm
3211 5922 3254 5961 sn
3277 5906 3497 5976 quando
