3996 6412
598 391 702 461 593

1717 395 1974 457 ΡΗΟΤΙῙ
2012 396 2147 456 PAT

2249 395 2517 457 ARCHIE
2556 396 2665 460 CP.
3728 393 3814 457 ϐω

596 497 799 569 quibus
832 510 1021 572 egent,
1072 498 1167 570 qui
1229 510 1444 570 petunt.
1497 517 1609 556 non
1659 501 2058 572 adipiscuntur,
2112 518 2144 557 e

2267 502 2507 571 τύχωσιν
2549 503 2690 556 ὅσων
2733 501 2965 564 δέονται,
2994 502 3090 555 καὶ
3118 502 3246 554 ὅταν
3276 501 3352 572 μὴ
3405 500 3695 555 τυπῶνται
3740 507 3814 561 καὶ

596 591 817 663 quando
877 593 948 649 ad
977 592 1177 653 horum
1215 593 1551 649 voluntatem
1581 593 1657 647 illi
1701 608 1761 648 se
1794 609 1903 649 non
1936 594 2159 649 confor-

595 691 773 749 mant,
808 696 917 745 nec
934 682 1349 739 accommodant
1379 699 1395 737 :
1430 681 1837 751 despicientiam
1869 697 2061 739 rursus
2105 690 2162 738 et

595 779 977 841 contemptum
1024 784 1149 827 cum
1190 772 1257 828 ad
1307 770 1641 841 postulatum
1699 771 2047 837 adduxerim,
2101 780 2160 828 et

594 860 937 923 detraxerint
969 862 1040 917 ad
1068 861 1407 927 voluntatem
1446 877 1627 929 suam;
1656 877 1769 919 non
1802 862 1950 918 enim
1974 863 2031 917 in
2056 877 2159 919 vo-

594 951 831 1012 luntaria
850 952 1045 1029 gratia,
1074 952 1173 1008 sed
1202 952 1261 1007 in
1290 952 1537 1009 violento
1567 951 1724 1024 jussu
1765 953 2031 1024 deputant
2058 966 2159 1024 op-

594 1042 691 1097 tati
737 1043 823 1098 sui
874 1052 1156 1100 eventum.
1196 1045 1274 1102 Ac
1336 1044 1530 1115 vulgus
1561 1053 1886 1115 potestatem
1937 1056 2159 1101 nactum

593 1133 804 1203 imperii
849 1134 905 1190 in
953 1150 1078 1191 eum
1104 1135 1193 1206 qui
1224 1151 1406 1192 rerum
1462 1137 1689 1207 potitur,
1722 1147 1836 1193 tum
1876 1137 2001 1203 sibi,
2040 1148 2158 1193 tum

594 1225 797 1280 rectori
826 1226 1128 1296 perniciem
1179 1235 1348 1289 creat.
1389 1227 1556 1285 Navis
1576 1229 1780 1285 etenim
1824 1228 1984 1284 facile
2007 1244 2159 1285 mer—

591 1319 771 1382 getur,
841 1328 968 1378 cum
1013 1324 1195 1370 nautae
1252 1316 1618 1386 gubernatore
1676 1318 1923 1388 depulso,
1996 1318 2157 1373 simul

576 1421 781 1463 omnes
806 1407 1142 1479 gubernant.
1191 1409 1552 1468 Etexer'citus
1602 1408 1849 1465 funditus
1886 1411 2156 1475 interibit,

590 1510 720 1551 cum
774 1512 965 1553 eorum
999 1499 1235 1570 quisque
1268 1498 1403 1554 nulli
1450 1499 1576 1555 duci
1616 1500 2020 1571 obtemperans,
2052 1501 2156 1556 sibi

588 1586 852 1655 adversus
894 1588 1127 1644 alterum
1166 1591 1402 1647 cilicium
1443 1591 1598 1646 ducis
1628 1600 1865 1663 arrogat.
1897 1592 2007 1648 Cur
2056 1608 2153 1647 au-

591 1688 702 1733 tem
726 1678 849 1750 quis
870 1679 1079 1753 singula
1108 1682 1507 1752 prosequatur?
1550 1680 1693 1746 Nam
1737 1696 1880 1752 saepe
1928 1696 2155 1738 necesse

587 1774 674 1824 est
710 1768 1035 1840 praefectum
1067 1771 1304 1826 colorem
1335 1770 1447 1827 oris
1477 1771 1565 1827 sui
1613 1772 1671 1827 in
1715 1771 1990 1833 tristitiam
2031 1788 2154 1827 mu-

589 1863 729 1924 tare,
772 1871 899 1913 cum
943 1873 1053 1913 non
1111 1859 1185 1927 ita
1216 1860 1479 1917 afﬁciatur
1516 1861 1737 1921 animus
1784 1880 1799 1917 :
1852 1878 1916 1922 ac
1962 1878 2153 1920 rursus

592 1949 888 2017 interdum,
926 1952 1111 2009 animo
1151 1953 1374 2010 dolente
1418 1954 1601 2010 laetum
1654 1955 1898 2027 praebere
1947 1973 2009 2013 os
2050 1976 2065 2012 :
2099 1966 2155 2013 et

588 2038 745 2097 irasci
782 2056 1173 2114 nonnunquam
1212 2061 1336 2101 cum
1378 2046 1548 2105 iratus
1579 2063 1691 2104 non
1714 2048 1821 2105 sit:
1868 2057 1924 2113 et
1970 2051 2154 2106 subri-

585 2132 717 2187 dere
752 2131 881 2198 dum
911 2134 1156 2207 angitur:
1187 2138 1309 2201 talis
1337 2138 1486 2197 enim
1525 2155 1689 2195 scena
1711 2138 1903 2197 eorum
1931 2153 2034 2208 est,
2057 2144 2151 2214 qui

586 2223 953 2285 multitudinis
1039 2228 1419 2299 praefecturam
1498 2235 1778 2304 suscipere
1852 2236 2149 2306 adjudicali

586 2328 735 2391 sunt.
772 2319 949 2379 Antea
1006 2338 1137 2379 vero
1180 2326 1354 2394 qualis
1380 2328 1506 2385 est?
1549 2330 1759 2384 amicus
1799 2330 1992 2386 amicis
2037 2346 2151 2386 non

583 2412 763 2494 gravis
799 2431 815 2469 :
853 2414 1035 2487 qualis
1064 2416 1283 2473 aﬂ'ectio
1306 2427 1410 2483 est,
1447 2419 1567 2476 talis
1603 2421 1838 2491 species.

654 2505 809 2562 Nunc
845 2517 1027 2564 autem
1072 2516 1176 2575 .est,
1214 2511 1305 2566 ubi
1355 2513 1553 2568 acerbe
1599 2529 1824 2570 necesse
1848 2526 1933 2571 est
1970 2516 2151 2575 incre-

585 2611 717 2675 pare
748 2598 971 2665 amicos,
1003 2609 1058 2655 et
1092 2611 1315 2671 propter
1350 2605 1665 2660 mandatum
1703 2616 1963 2677 cognatos
1993 2623 2149 2678 sper-

584 2703 748 2755 nere;
801 2698 857 2744 et
907 2692 1263 2759 peccantibus
1310 2708 1573 2763 apparere
1630 2712 1869 2767 gravem.
1944 2697 2148 2756 Invidia

583 2777 846 2848 undique,
878 2778 1100 2836 licentia
1122 2782 1481 2838 diuturnitate
1514 2786 1773 2855 temporis
1802 2787 2144 2845 conﬁrmata.

580 2866 723 2933 Quid
787 2885 877 2926 me
927 2882 1145 2942 oportet
1188 2882 1384 2929 cetera
1446 2878 1914 2933 commemorare?
1967 2880 2147 2949 qualia

580 2960 861 3030 perpetior
917 2961 1195 3018 insectans
1258 2963 1581 3020 Simonem?
1633 2967 1834 3031 Quales
1895 2970 2145 3039 quotidie

581 3054 912 3123 tentationes
942 3054 1211 3122 sustineo,
1243 3056 1575 3119 mundanam
1616 3060 1889 3116 licentiam
1940 3078 2146 3119 sermo-

2262 596 2727 669 σχηματίζωνται,
2754 596 2877 649 καθ’
2905 594 2968 647 ὃν
2994 595 3198 663 τρόπον
3228 588 3377 648 οὗτοι
3400 594 3717 663 βούλονται·
3736 597 3816 668 τὴν

2260 689 2562 763 ὑπεροψίαν
2594 686 2761 741 πάλιν
2801 686 2896 744 καὶ
2938 688 3381 758 καταφρόνησιν,
3412 687 3640 741 ἐπειδὰν
3677 688 3816 743 tua.

2259 798 2395 834 σωσι
2411 778 2551 850 πρὸς
2567 777 2667 849 τὴν
2686 779 2921 848 αἴτησιν,
2954 777 3048 831 καὶ
3074 777 3578 845 συγκατασπάσωσι
3597 778 3681 848 τῷ
3706 796 3815 847 σφε.

2258 872 2403 944 τέρῳ
2436 872 2780 943 βουλήματιο
2840 871 2900 922 ού
2935 870 3045 939 γὰρ
3100 870 3350 922 ἑκουσίου
3391 870 3642 939 χάριτος,
3695 870 3814 928 ἀλλὰ

2261 962 2439 1032 βιαίου
2473 959 2895 1031 προστάγματος
2923 958 3019 1011 τοῦ
3070 957 3372 1027 θελήματος
3397 958 3582 1012 αὐτῶν
3614 959 3812 1028 ἐκλογίο

2257 1052 2442 1114 ζονται
2465 1050 2565 1118 τὴν
2591 1048 2889 1102 τελείωσιν.
2912 1046 3021 1099 Kal
3038 1046 3238 1116 κράτος
3253 1044 3436 1098 λαϐὼν
3459 1045 3621 1115 ὀχλος
3639 1044 3813 1115 ἄρχειν

2254 1142 2352 1197 τοῦ
2385 1139 2716 1213 κρατοῦντος
2764 1138 2942 1209 ἐαυτῷ
2980 1155 3040 1193 τε
3087 1139 3182 1193 καὶ
3218 1137 3299 1208 τῷ
3320 1137 3559 1192 διέποντι
3589 1136 3812 1207 ὀλέθριος

2255 1234 2489 1303 γίνεται.
2517 1233 2632 1287 Καὶ
2654 1232 2785 1295 ναῦς
2816 1231 2927 1302 γὰρ
2958 1230 3109 1284 δύσει
3138 1229 3358 1301 ῥαδίως,
3397 1229 3529 1283 ὅταν
3559 1229 3610 1281 οἱ
3635 1226 3811 1284 ναῦται

2254 1326 2346 1379 τὸν
2374 1324 2716 1395 κυϐερνήτην
2741 1322 3129 1393 παρωσάμενοι
3155 1321 3357 1382 πάντες
3398 1321 3517 1389 ἅμα
3556 1320 3810 1391 κυῦερνή-

2257 1431 2419 1471 σωσι·
2456 1416 2550 1469 καὶ
2582 1415 2809 1486 στρατὸς
2848 1414 3017 1484 ἀρδην
3063 1414 3287 1477 ὀλεῖται,
3327 1412 3550 1466 ἐπειδὰν
3598 1413 3811 1476 ἕκαστος

2254 1503 2433 1558 αὐτῶν
2463 1503 2876 1574 ἀστρατήγητος
2910 1502 3170 1571 ὑπάρχων
3221 1503 3706 1571 καταστρατηγεῖν
3732 1502 3810 1556 τοῦ

2254 1594 2481 1662 πλησίον
2538 1590 2939 1656 ἀλαζονεύοιτο.
2993 1593 3104 1645 Kal.
3138 1592 3191 1645 τί
3226 1592 3292 1646 ἄν
3321 1608 3402 1653 τις
3460 1592 3605 1646 κατά
3666 1592 3809 1662 μέρος

2252 1685 2474 1752 διεξίοι;
2503 1685 2717 1754 ἀνάγκη
2778 1684 2886 1755 γὰρ
2928 1683 3019 1738 τὸν
3062 1683 3408 1753 ἐφεστηκότα
3437 1682 3706 1746 πολλάκις
3734 1684 3809 1737 καὶ

2255 1777 2621 1832 ύπαλλάσσειν
2652 1775 2714 1829 rb
2739 1775 2937 1845 χρῶμα
2956 1774 3057 1843 τῆς
3079 1772 3256 1843 ὅψεως
3294 1774 3375 1836 εἰς
3402 1773 3463 1826 rb
3497 1773 3829 1850 σκυθρωπὸν,

2252 1869 2351 1936 τῆς
2368 1867 2546 1938 ψυχῆς
2581 1868 2681 1937 οὐχ
2708 1866 2851 1919 οὕτω
2877 1865 3250 1935 διακειμένης,
3279 1865 3377 1921 καὶ
3404 1865 3571 1919 πάλιν
3594 1862 3712 1917 ἐσθ’
3734 1864 3807 1919 ὅτε

2253 1960 2459 2030 ταύτης
2490 1961 2861 2029 ἀλγυνομένης
2877 1958 2937 2012 τὸ
2957 1959 3251 2027 πρόσωπον
3281 1957 3553 2028 παρέχειν
3573 1956 3803 2027 φαιδρὸν,

2251 2053 2565 2125 ὀργίζεσθαι
2595 2053 2641 2105 δ’
2662 2051 2729 2106 αὖ
2762 2051 2924 2105 πάλιν
2954 2051 3029 2122 μὴ
3062 2050 3441 2121 ὀργιζόμενον,
3467 2051 3567 2104 καὶ
3603 2051 3801 2122 μειδιᾷν

2249 2145 2569 2215 ἀνιώμενον.
2607 2144 2842 2213 Τοιαύτη
2872 2143 2982 2213 γὰρ
3008 2145 3042 2213 ὴ
3076 2144 3251 2213 σκηνὴ
3276 2143 3386 2196 τῶν
3412 2142 3661 2212 πλήθους
3690 2160 3804 2213 προ-

2254 2238 2480 2292 στασίαν
2506 2235 2869 2301 ἀναδέξασθαι
2896 2234 3426 2291 καταδικασθέντων.
3460 2236 3544 2291 Τὰ
3587 2235 3648 2287 δὲ
3671 2236 3801 2305 πρὶν,

2252 2332 2417 2393 ποῖα;
2452 2328 2603 2396 φίλος
2632 2330 2745 2390 τοῖς
2782 2326 2956 2395 φίλοις
2988 2327 3323 2398 ἀνεπαχθὴς,
3353 2327 3552 2398 ἐχθρὸς
3574 2326 3637 2381 δέ
3662 2328 3799 2383 066s-

2250 2420 2370 2482 νόςσ
2399 2414 2512 2480 οἶος
2540 2420 2639 2488 τὴν
2671 2418 2930 2482 διάθεσιν,
2974 2418 3217 2482 τοιοῦτος
3246 2418 3342 2472 καὶ
3369 2419 3432 2472 τὸ
3466 2420 3799 2488 φαινόμενον.

2321 2509 2436 2563 Νῦν
2459 2509 2516 2562 δέ
2540 2508 2652 2563 ἐσθ’
2687 2510 2779 2562 ὅτε
2807 2510 2901 2563 καὶ
2928 2510 3145 2580 πικρῶς
3173 2511 3436 2580 ἐπιτιμᾷν
3454 2510 3678 2581 ἀνάγκη
3704 2515 3799 2579 τοῖς

2250 2602 2447 2672 φίλοις,
2490 2603 2584 2655 καὶ
2626 2602 2752 2665 τοὺς
2806 2605 3090 2671 συγγενεῖς
3116 2603 3260 2673 ὑπὲρ
3288 2604 3511 2673 ἐντολῆς
3543 2607 3797 2676 παρορᾷν,

2249 2693 2342 2745 καὶ
2371 2694 2482 2755 τοῖς
2508 2692 2883 2763 ἁμαρτάνουσι
2912 2693 3201 2762 φαίνεσθαι
3232 2693 3426 2765 βαρὺς,
3455 2694 3652 2763 φθόνος
3675 2713 3796 2749 παν,

2246 2784 2495 2854 ταχόθεν.
2528 2783 2722 2849 ἀταξία
2763 2786 2939 2856 χρόνῳ
2978 2785 3365 2856 κρατυνθεῖσα.
3414 2786 3480 2839 Τί
3513 2803 3582 2857 με
3615 2787 3716 2857 χρὴ
3740 2787 3797 2845 τὰ

2246 2873 2407 2926 λοιπά
2454 2872 2816 2944 καταριθμεῖν
2849 2868 2935 2927 οἷα
2963 2875 3159 2945 πάσχω
3188 2873 3401 2928 διώκων
3439 2875 3533 2928 τὸν
3565 2876 3795 2944 Σίμωνσς

2245 2964 2390 3027 οἴους
2424 2964 2546 3016 καθ’
2574 2964 2812 3035 ἑκάστην
2856 2964 3161 3035 ὑφίσταμαι
3206 2967 3553 3036 πειρασμοῦς
3588 2968 3685 3031 τὰς
3716 2985 3794 3021 κο-

2248 3054 2448 3123 σμικὰς
2476 3056 2787 3127 παρρησίας
2816 3055 2910 3108 τοῦ
2946 3055 3094 3126 ἱεροῦ
3137 3058 3485 3126 περικόπτων
3535 3058 3794 3126 συλλόγου,

577 3148 666 3213 nis
707 3161 740 3202 a
783 3163 940 3213 sacro
995 3156 1265 3215 conventu
1297 3150 1613 3220 prohibens,
1670 3162 1723 3207 et
1769 3164 2141 3225 contemptum

2249 3148 2344 3215 τὴν
2366 3146 2657 3217 ὀλιγωρίαν
2677 3147 2775 3216 τὴν
2793 3148 2922 3215 περὶ
2950 3148 3020 3200 τὰ
3042 3148 3348 3216 κρείττονα,
3373 3149 3473 3219 τὴν
3497 3150 3797 3219 ἐπιμέλειαν

576 3240 851 3319 potiorum
898 3255 1101 3309 rerum,
1158 3250 1215 3299 et
1261 3241 1597 3314 diligentiam
1658 3248 1967 3301 vanarum?
2016 3246 2143 3302 Haec

2249 3237 2341 3308 τὴν
2370 3237 2592 3308 περὶτὰ
2622 3238 2845 3307 μάταια,
2878 3238 2914 3292 ἃ
2953 3237 3164 3308 βλέπων
3187 3239 3281 3293 καὶ
3316 3241 3468 3309 πρὶν,
3502 3242 3600 3293 καὶ
3624 3240 3792 3295 δακνό-

576 3331 955 3408 providebam,
986 3340 1042 3389 et
1071 3332 1288 3397 animus
1319 3336 1697 3391 mordebatur:
1726 3353 1829 3393 nec
1857 3354 1989 3393 vero
2008 3354 2144 3394 meae

573 3430 663 3487 est
684 3424 824 3493 opis,
866 3423 985 3483 haec
1014 3424 1345 3480 convellere.
1364 3425 1658 3500 Fugiebam
1686 3428 2024 3501 suffragium,
2044 3433 2143 3488 de-

578 3512 839 3589 precabar
880 3514 1233 3581 creationem,
1267 3516 1647 3587 praefecturam
1685 3517 2139 3591 ingemiscebam;

578 3617 765 3668 verum
813 3601 1076 3675 declinari
1110 3620 1221 3659 non
1270 3606 1446 3677 potuit
1480 3607 1624 3677 quod
1644 3618 1763 3669 erat
1790 3611 2139 3680 praeﬁnitum.

644 3691 755 3765 Sed
780 3708 880 3751 cur
902 3694 1020 3758 haec
1054 3696 1234 3755 scribo
1272 3707 1326 3752 et
1375 3698 1569 3768 scripsi
1608 3699 1802 3769 prius?
1846 3717 1910 3761 ac
1966 3703 2143 3773 siqui-

573 3782 700 3846 dem
723 3786 929 3851 credita
966 3799 1130 3855 sunt;
1159 3804 1308 3845 nunc
1330 3791 1584 3861 injuriam
1632 3793 1866 3863 accipio,
1903 3812 1934 3850 a
1971 3796 2141 3850 mise-

574 3878 807 3951 ricordia
831 3881 1100 3947 desertus.
1127 3885 1223 3941 Sin
1247 3887 1316 3946 iis
1340 3904 1450 3945 non
1476 3899 1560 3949 est
1590 3890 1882 3958 creditum,
1924 3908 2141 3951 rursum

572 3968 781 4035 θαίσίοτ
806 3973 1024 4043 injuria,
1049 3976 1141 4047 qui
1160 3994 1287 4033 vera
1313 3980 1549 4045 scribam
1580 3996 1683 4036 nec
1708 3982 1871 4037 [idem
1895 3981 2092 4038 iaciam
2122 4003 2135 4037 :

574 4062 655 4127 sic
687 4065 926 4143 undique
957 4067 1123 4124 miser
1149 4085 1291 4137 sum.
1323 4071 1369 4129 Δ
1400 4071 1599 4141 quibus
1628 4072 1912 4142 sperabam
1941 4073 2143 4135 doloris

573 4164 862 4219 nacturum
890 4174 977 4215 mc
1004 4160 1457 4233 sublevationem,
1486 4162 1611 4217 inde
1637 4163 1927 4233 increpor:
1958 4180 1989 4219 a
2015 4165 2142 4234 qui-

574 4245 677 4303 bus
702 4248 1132 4313 exbortationem
1166 4259 1222 4304 et
1272 4249 1721 4319 consolationem,
1768 4249 1894 4305 inde
1932 4250 2001 4305 ad
2023 4251 2140 4320 [do-

571 4336 743 4405 lorem
770 4338 924 4405 dolor
945 4339 1273 4411 adiungitur.
1307 4339 1385 4394 Te
1404 4354 1517 4403 non
1545 4338 1849 4409 oportebat,
1865 4340 2138 4411 inquiunt,

2246 3346 2404 3401 μενος
2426 3328 2524 3401 τὴν
2569 3328 2768 3400 ψυχὴν,
2803 3328 2999 3401 καὶμὴ
3025 3330 3124 3399 τῆς
3172 3331 3311 3400 ἐμῆς
3346 3329 3533 3401 ἰσχύος
3585 3326 3794 3385 εἶναιτὸ

2241 3420 2411 3475 ταῦτα
2448 3421 2742 3494 περιελεῖν.
2784 3422 3055 3491 Ἔφευγον
3092 3421 3189 3494 τὴν
3216 3421 3419 3492 ψῆφον,
3448 3421 3793 3495 παρῃτούμην

2240 3511 2340 3580 τὴν
2371 3511 2727 3585 χειροτονίαν,
2755 3510 3055 3581 ὼδυρόμην
3076 3511 3177 3583 τὴν
3218 3512 3569 3568 ἐπιστασίαν.
3596 3512 3707 3567 Οὐκ
3729 3507 3786 3583 ἦν

2241 3601 2298 3656 δὲ
2325 3602 2432 3674 ἄρα
2464 3605 2657 3671 φυγεῖν
2684 3602 2745 3658 rb
2771 3603 3117 3675 προορισθέν.

2324 3690 2486 3744 Ἀλλὰ
2504 3692 2556 3744 τί
2571 3693 2768 3762 γράφω
2783 3693 2955 3746 ταῦτα
2971 3710 2986 3758 ;
3006 3692 3219 3764 ἐγράφη
3242 3692 3636 3764 καὶπρότερον,
3656 3693 3739 3747 καὶ
3752 3694 3791 3746 εἰ

2246 3784 2346 3855 μὲν
2365 3784 2784 3856 ἐπιστεύθησαν,
2810 3784 3097 3856 ἀδικοῦμαι
3121 3785 3195 3857 μὴ
3222 3786 3575 3856 ἐλεούμενος·
3601 3786 3714 3840 εἰδὲ
3731 3786 3794 3859 μὴ

2243 3876 2663 3949 ἐπιστεύθησαν,
2688 3878 2981 3948 ἀδικοῦμαι
3010 3877 3175 3932 πάλιν
3224 3877 3400 3947 ἀληθῆ
3440 3878 3688 3949 γράφων,
3714 3876 3793 3930 καὶ

2242 3970 2662 4041 ἀπιστούμενος.
2724 3970 2911 4033 Οῦτως
2963 3970 3075 4039 ἐγὼ
3119 3970 3458 4041 πανταχόθεν
3523 3970 3792 4040 δυστυχὴς,

2243 4062 2335 4129 ἀφ’
2365 4056 2439 4116 ὧν
2460 4063 2662 4128 ἐλπίζω
2686 4065 2783 4133 τῆς
2813 4063 2990 4132 λύπης
3012 4064 3190 4136 εὑρεῖν
3215 4061 3570 4135 παραψυχὴν,
3603 4063 3792 4116 ἐκεῖθεν

2245 4153 2646 4225 ἐκπλήττομαι·
2676 4156 2773 4225 ἀφ’
2809 4148 2885 4209 ὧν
2913 4155 3262 4227 παράκλησιν
3303 4156 3401 4210 καὶ
3430 4155 3791 4227 παραμυθίαν.

2242 4245 2453 4299 ἐκεῖθεν
2478 4248 2571 4300 ἐπὶ
2619 4248 2699 4319 τῷ
2734 4247 3012 4319 ἀλγήματι
3032 4248 3383 4318 προστίθεται
3420 4248 3665 4319 ἄλγημα.
3694 4248 3791 4301 Οὐκ

2242 4337 2349 4391 ἔδει
2364 4354 2444 4403 σε,
2459 4340 2643 4408 φησὶν,
2659 4339 3003 4411 ἀδικηθῆναι.
3021 4341 3163 4410 Πρὸς
3185 4341 3310 4404 τοὺς
3323 4340 3645 4404 ἀδικοῦντας
3656 4338 3789 4391 τοῦτο

569 4427 709 4484 allici
784 4429 1007 4500 injuria,
1056 4432 1162 4485 boc
1210 4430 1376 4486 dicito
1422 4430 1490 4485 iis
1531 4431 1623 4500 qui
1658 4431 1978 4499 intulerunt.
2017 4431 2138 4487 Non

2249 4431 2384 4483 εἰπέ.
2403 4430 2517 4483 Οὐκ
2556 4430 2663 4493 ἔδει
2698 4431 3002 4502 βιασθῆναι.
3024 4433 3178 4503 Καλή
3196 4449 3261 4502 γε
3285 4434 3320 4503 ή
3342 4432 3652 4514 νομοθεσία,
3673 4428 3787 4484 ἀλλὰ

570 4519 813 4589 oportuit
842 4520 939 4586 tibi
970 4520 1151 4590 αποιτί
1187 4521 1316 4576 vim.
1356 4519 1582 4593 Egregia
1622 4536 1754 4578 sane
1784 4522 1887 4593 lex,
1924 4524 2020 4579 sed
2042 4524 2134 4596 qui

2249 4519 2383 4571 τίσιν
2413 4521 2447 4590 ἡ
2474 4522 2821 4595 ἐπιτίμησις;
2868 4524 2990 4595 οὐχὶ
3014 4527 3127 4586 τοῖς
3159 4524 3547 4594 βιασαμένοις;
3576 4506 3637 4576 τὸ
3656 4522 3782 4582 ἔλεος

569 4610 928 4683 obiurgandi?
959 4627 1144 4669 nonne
1172 4612 1265 4681 qui
1309 4612 1421 4667 vim
1467 4612 1747 4669 fecerunt?
1771 4613 2138 4685 Misericordia

568 4703 793 4773 quinam
821 4702 1014 4777 digni?
1064 4702 1258 4760 Nonne
1294 4704 1331 4775 ii
1358 4704 1453 4775 qui
1497 4706 1604 4761 vim
1643 4706 1965 4762 subierunt?
1994 4706 2064 4763 At
2091 4707 2138 4763 si

568 4795 695 4865 quis
729 4811 826 4853 eos
840 4796 993 4863 sinit,
1024 4812 1058 4863 ο
1101 4796 1298 4869 quibus
1322 4807 1407 4859 est
1443 4797 1586 4852 illata
1612 4798 1727 4866 vis;
1758 4798 2006 4869 increpat
2037 4815 2140 4853 au-

569 4897 680 4957 tem
724 4903 851 4957 eum
881 4888 974 4963 qui
1006 4889 1115 4957 vim
1141 4904 1334 4959 passus
1360 4897 1475 4951 est:
1516 4892 1803 4962 sperabam
1837 4900 1945 4947 tuae
1971 4891 2136 4961 justi-

568 4981 660 5036 tia:
696 4996 859 5050 posse
886 4997 975 5037 me
1008 4981 1063 5044 in
1096 4997 1223 5037 eum
1249 4981 1515 5051 judicium
1569 4980 1880 5053 implorare.
1938 4985 2007 5037 At
2050 4999 2139 5036 ra-

568 5087 765 5139 tiones,
817 5072 1013 5142 inquit,
1062 5073 1246 5131 violati
1293 5083 1442 5139 sunt,
1486 5074 1633 5151 quod
1665 5075 1733 5135 ad
1793 5064 2139 5144 pontiﬁcatus

568 5164 842 5237 fastigium
882 5183 915 5222 e
942 5166 1205 5227 laieorum
1243 5168 1435 5223 ordine
1482 5168 1797 5224 ascendisti.
1860 5168 1967 5222 Sed
2014 5169 2139 5237 quis

2239 4609 2297 4663 δέ
2325 4611 2499 4677 τίσιν;
2528 4613 2651 4684 ούχὶ
2694 4615 2806 4677 τοῖς
2854 4613 2974 4684 βίαν
3008 4615 3335 4681 ύποστᾶσιν;
3367 4614 3435 4668 ἂν
3460 4614 3519 4667 δέ
3562 4630 3644 4676 τις
3667 4608 3776 4672 τοὺς

2242 4701 2604 4772 βιασαμένους
2632 4702 2731 4773 μὲν
2756 4704 2841 4775 ἐᾷ,
2881 4704 2973 4757 τὸν
3010 4704 3067 4758 δέ
3112 4704 3403 4775 βιασθέντα
3424 4706 3667 4775 ἐπιτιμᾷ,
3693 4702 3778 4771 τὴν

2242 4793 2341 4865 σὴν
2370 4794 2596 4863 ἤλπιζεν
2621 4795 2708 4861 ἐπ’
2737 4796 2899 4850 αὐτὸν
2943 4796 3289 4868 δικαιοσύνην
3321 4798 3550 4853 καλέσαι
3587 4796 3779 4868 κριτήν.

2251 4884 2413 4938 Ἀλλά
2443 4886 2687 4954 κανόνες,
2725 4890 2882 4959 φησὶ,
2910 4888 3323 4959 παρεσάθησαν,
3356 4890 3441 4943 ὅτι
3468 4890 3603 4961 πρὸς
3617 4890 3674 4943 τὸ
3696 4888 3780 4956 τῆς

2238 4976 2648 5048 ἀρχιερωσύνης
2679 4979 2832 5048 ὕψος,
2880 4982 2989 5034 ἀπὸ
3016 4982 3207 5047 λαῖκοῦ
3242 4982 3517 5053 προῆλθες
3542 4981 3633 5036 τοῦ
3667 4981 3781 5050 cxi)-

2243 5085 2433 5137 ματος.
2465 5070 2575 5126 Καὶ
2615 5072 2695 5130 τίς
2727 5072 2756 5123 ό
2797 5074 3086 5143 παραϐὰς,
3122 5076 3152 5128 ὁ
3185 5075 3514 5143 βιασάμενος
3536 5116 3550 5140 ,
3580 5074 3612 5143 ἢ
3649 5074 3675 5123 ὁ
3706 5072 3784 5140 βίᾳ

2239 5160 2335 5211 καὶ
2365 5159 2513 5213 ἄκων
2539 5161 2923 5229 ἀνελκυσθείς;
2959 5164 3100 5216 Ἀλλ’
3123 5165 3292 5234 ἐχρῆν
3315 5166 3606 5233 ἀντισχεῖν.
3625 5162 3784 5229 Μέχρι

567 5253 827 5309 violavit?
861 5254 913 5313 is
938 5256 1032 5326 qui
1081 5257 1193 5325 vim
1237 5256 1601 5328 irrogavit,an
1640 5258 1732 5327 qui
1772 5272 1871 5327 per
1916 5257 2026 5310 vim
2082 5267 2142 5312 et

2249 5250 2413 5318 τίνος;
2448 5252 2707 5323 ἀντέσχον
2727 5254 2782 5306 δέ
2809 5256 2903 5307 καὶ¹
2942 5256 3086 5326 πέρα
3113 5256 3208 5310 τοῦ
3230 5256 3465 5319 δέοντος.
3497 5256 3560 5309 Εἰ
3592 5254 3635 5307 δ’
3661 5251 3787 5306 οὕτω

566 5343 771 5411 imitus
796 5352 1061 5407 attractus
1095 5347 1323 5405 est?sed
1353 5348 1607 5411 resistere
1635 5347 1896 5417 Oportuit.
1930 5348 2140 5412 Quous-

2249 5360 2333 5413 μοι
2355 5344 2609 5416 προῄδειν
2636 5346 2695 5399 rb
2721 5346 3013 5402 κλυδώνιον
3058 5348 3170 5402 τῶν
3200 5350 3457 5420 πονηρῶν
3484 5346 3787 5417 πνευμάτων

565 5447 675 5503 que
697 5434 722 5487 ?
748 5434 922 5491 restiti
949 5436 1117 5501 enim,
1141 5444 1199 5492 et
1238 5437 1363 5507 plus
1390 5451 1553 5509 quam
1571 5436 1834 5509 oportuit.
1884 5435 2041 5505 Quod
2088 5438 2135 5493 si

2249 5434 2457 5505 μέλλειν
2509 5437 3005 5510 ἐπιτραχύνεσθαι,
3053 5441 3314 5511 ἀντέσχον
3371 5441 3440 5495 ἂν
3481 5440 3579 5494 καὶ
3612 5437 3787 5509 μέχρις

564 5523 647 5585 sic
675 5538 787 5579 non
815 5524 1173 5594 providissem
1200 5525 1526 5592 infestorum
1556 5535 1845 5581 ventorum
1869 5527 2136 5596 procellas

2249 5528 2408 5581 αὑτοῦ
2445 5528 2699 5586 θανάτου.
2746 5533 2894 5586 Ποϊοι
2942 5533 3002 5586 δέ
3032 5534 3257 5597 κανόνες
3287 5529 3363 5595 ὧν
3396 5534 3430 5603 ή
3465 5529 3780 5602 παράϐασις,

560 5614 817 5681 ﬁrmiores
872 5615 1008 5683 fore,
1036 5617 1358 5674 restitissem
1406 5622 1571 5673 etiam
1629 5634 1801 5688 usque
1850 5619 1916 5674 ad
1965 5618 2135 5688 ipsam

2249 5618 2329 5682 >ῦς
2371 5622 2531 5691 μέχρι
2596 5624 2691 5675 καὶ
2747 5626 2989 5695 τήμερον
3040 5627 3098 5678 ἐν
3156 5618 3783 5679 Κωνσταντινουπολιτῶν

562 5716 816 5777 mortem.
848 5706 1048 5773 Quales
1076 5716 1261 5762 autem
1290 5722 1529 5762 canones
1560 5707 1637 5773 hi,
1666 5722 1897 5779 quorum
1933 5706 2131 5761 asseri-

2249 5710 2504 5781 ἐκκλησίᾳ
2533 5713 2593 5765 ού
2628 5714 3004 5786 παρείληφεν;
3038 5716 3263 5769 ἐκείνων
3302 5716 3521 5783 λέγεται
3550 5709 3785 5781 παρὰιὼ-

561 5806 651 5865 ιυτ
693 5798 1115 5871 ριέναιιὶοοιίοἳ
1143 5812 1280 5870 quos
1315 5799 1381 5854 ad
1405 5800 1548 5855 hunc
1578 5815 1746 5870 usque
1776 5799 1923 5856 dicm
1969 5799 2117 5855 Con-

2249 5817 2342 5875 τις,
2367 5794 2491 5871 ὧνή
2516 5804 2729 5873 φυλακὴ
2749 5806 3125 5876 παραδέδοται.
3158 5809 3221 5861 Ἀ
3237 5807 3291 5860 δέ
3316 5806 3391 5877 μὴ
3421 5805 3782 5878 παραδέδοται,
