3996 6416
192 400 300 466 θοι

1353 399 1900 467 E-PISTOLARUM
1935 396 2171 459 LIBER
2210 394 2263 455 Ι.

3343 383 3452 451 602

188 518 317 575 οὐδὲ
346 516 421 589 μὴ
462 518 844 593 φυλασσόμενα
882 527 1244 598 παραϐάσεως
1264 523 1430 594 φέρει
1480 519 1758 588 ἔγκλημα.

1873 508 2476 579 stantinopolitanorum
2512 497 2755 557 Ecclesia
2797 514 2909 554 non
2939 499 3170 569 accepit.
3221 497 3441 553 Illorum

276 588 421 665 Ἀλλδ
455 614 581 683 ἐμοὶ
772 618 869 671 καὶ.
899 588 974 676 τά
998 588 1238 693 ρηθέντα
1277 588 1646 687 ἀποχρώντως
1695 611 1763 666 ἂν

1871 601 2064 656 dicitur
2094 594 2466 668 transgressio,
2506 605 2740 663 quorum
2800 589 2991 643 tradita
3034 597 3118 642 est
3165 588 3444 642 custodia:

185 696 362 771 εἶχεν.
396 702 473 768 ὡς
505 703 599 758 τοῦ
628 709 996 779 προσήκοντος
1026 709 1293 781 εἰρημένα
1331 707 1514 761 πλέον.
1546 706 1621 759 Οὐ
1652 702 1761 774 γὰρ

184 793 560 864 δικαιολογίας
606 797 803 853 ἑαυτοῦ
830 805 1083 875 συνιστᾷν
1107 800 1389 875 προήχθην
1411 816 1425 830 ’
1460 797 1580 862 πῶς
1623 796 1761 867 γάρ;

185 887 251 950 ὃς
277 903 343 954 γε
382 888 544 959 εὐχῆς
572 888 734 961 ἔργον
767 894 1028 965 ποιοῦμαι
1071 893 1426 965 πολυτρόπως
1452 893 1552 961 τῆς
1597 888 1777 958 ζάλης

186 978 402 1049 ταύτης
431 981 837 1052 ἀπαλλαγῆναι,
864 986 959 1039 καὶ
996 986 1055 1041 τὸ
1086 986 1308 1057 φορτίον
1333 980 1762 1053 ὲλαφρυνθῆναι⁹

188 1068 371 1133 οὕτως
399 1069 510 1139 ἐγὼ
527 1071 622 1126 τοῦ
658 1073 849 1144 θρόνου
892 1078 1133 1148 ἐφίεμαι,
1182 1077 1278 1131 καὶ
1331 1075 1506 1136 οὔτως
1557 1072 1765 1140 σφόδρα

188 1160 511 1231 ἀντέχομαι.
538 1164 612 1217 Ού
643 1166 752 1235 γάρ
776 1167 1065 1239 ἀρχομένῳ
1096 1168 1193 1239 μὲν
1220 1167 1384 1239 βάρος
1405 1163 1474 1237 ἦν
1502 1167 1532 1219 ὁ
1554 1164 1763 1236 θρόνος.

190 1252 444 1321 προῖόντι
476 1253 532 1306 δὲ
562 1254 630 1308 δι’
659 1256 957 1328 ἐπιθυμίας
984 1259 1227 1327 ὲγίνετοο
1254 1259 1371 1313 ἀλλ’
1398 1258 1587 1328 ὥσπερ
1617 1257 1766 1310 ἄκων

184 1342 470 1414 εἰσῆλθον,
500 1344 673 1409 οὕτως
702 1346 852 1403 ἄκων
882 1349 1206 1422 καθέζομαι,
1234 1350 1331 1404 καὶ
1352 1349 1447 1403 τοῦ
1481 1349 1766 1419 βιασθῆναι

189 1435 336 1506 πρὸς
354 1437 454 1506 τὴν
475 1436 679 1492 εῐσοδον
707 1440 847 1509 μετὰ
867 1442 979 1495 τῶν
999 1442 1176 1498 άλλων
1206 1442 1443 1514 ἐναργὴς
1470 1440 1764 1505 ἀπόδειξις,

186 1526 253 1581 τὺ
274 1527 444 1598 μέχρι
474 1529 572 1583 τοῦ
605 1531 699 1585 νῦν
725 1534 819 1587 ἀπ’
849 1534 1048 1606 ἀρχῆς,
1084 1535 1185 1606 τῆς
1213 1535 1388 1607 ἀρχῆς
1414 1533 1623 1603 ταύτης
1655 1532 1770 1586 ἐθέ-

192 1620 313 1673 λειν
348 1620 687 1685 ἐξίστασθαι.
730 1623 843 1677 Καὶ
890 1626 939 1678 εί
979 1627 1282 1697 χαριέντως
1328 1624 1569 1697 ἔγραφεν
1618 1624 1767 1692 ἐμοὶ,

189 1711 294 1765 οὐκ
337 1711 541 1781 ὤφειλε
580 1714 836 1785 γράφειν,
893 1715 965 1770 τά
997 1717 1096 1787 μὲν
1136 1718 1275 1772 ἄλλα
1323 1718 1499 1770 πάντα
1532 1715 1766 1786 χρηστὰ,

190 1805 287 1857 καὶ
315 1805 596 1870 ἐπαινετὰ,
627 1805 722 1859 καὶ
752 1806 1021 1878 δεχόμεθα
1047 1808 1142 1862 καὶ
1165 1807 1502 1878 τερπόμεθα,
1542 1808 1636 1859 καὶ
1666 1822 1767 1875 χα-

188 1895 507 1965 τιστηρίους
532 1895 729 1968 ᾄδομεν
776 1898 895 1966 Θεῷ
936 1898 1014 1969 τῷ
1041 1899 1332 1968 πανσόφως
1357 1898 1501 1952 οὔτω
1542 1899 1642 1969 τὴν
1667 1901 1732 1952 ὲκ
1749 1929 1763 1940 -

187 1986 426 2057 κλησίαν
458 1987 719 2044 ίθύναντι.
753 1990 828 2043 Τὸ
854 1991 910 2044 δὲ
942 1991 1050 2045 ἀπὸ
1073 1991 1301 2060 λαῖκῶν,
1336 1993 1436 2046 ούκ
1455 1994 1763 2046 ἐπαινετόν.

187 2077 283 2129 Διὸ
313 2077 455 2141 τέως
478 2078 539 2131 ὲν
563 2078 848 2149 ἀμφιϐόλῳ
877 2080 1275 2151 καθιστάμεθα,
1305 2079 1403 2151 τὴν
1421 2079 1765 2151 τελεωτάτην

188 2168 504 2222 συναίνεσιν
534 2170 615 2232 είς
651 2169 751 2241 τὴν
802 2170 912 2223 τῶν
955 2170 1389 2242 ἀποκρισιαρίων
1428 2171 1588 2243 ἡμῶν
1630 2172 1766 2224 ὑπο-

188 2256 435 2328 στροφὴν
463 2256 812 2328 ἀναθέμενοι.
858 2259 1000 2313 Ἀλλ’
1036 2260 1143 2316 ἔδει
1168 2261 1425 2331 γράφειν,
1474 2259 1535 2312 οὐ
1576 2276 1763 2313 συναι-

185 2346 392 2415 νοῦμεν
437 2346 597 2413 ὅλως,
648 2349 709 2402 ού
758 2349 1207 2419 καταδεχόμεθα⁶
1263 2348 1386 2401 οὐδὲ
1444 2348 1519 2419 μὴ
1558 2350 1637 2410 εἰς
1674 2348 1764 2401 τὸν

185 2438 369 2494 αἰῶνα
397 2438 836 2509 καταδεξαίμεθα
875 2439 969 2493 τὸν
1004 2440 1443 2512 προσδραμόντα,
1481 2440 1573 2491 τὸν
1593 2440 1769 2509 ἐμποο

184 2533 531 2602 ρευσάμενον
552 2532 652 2602 τὴν
678 2531 874 2603 ἀρχὴν,
899 2532 990 2586 τὸν
1018 2532 1344 2603 ἀψήφιστον,
1368 2532 1459 2585 τὸν
1492 2530 1561 2583 τά
1589 2529 1768 2583 πάντα

187 2624 385 2679 κακόν.
414 2622 596 2691 Ἕξιθι
622 2622 719 2677 τοῦ
763 2623 977 2695 θρόνου,
1023 2621 1378 2695 ύποχώρησον
1409 2620 1503 2676 τοῦ
1538 2618 1767 2690 ποιμαί-

188 2732 330 2781 νειν,
352 2713 523 2777 οὕτως
558 2712 626 2768 ἂν
650 2716 679 2767 ὁ
706 2715 934 2784 γράφων
964 2712 1203 2782 ἔγραφεν
1235 2712 1358 2783 ἐμοὶ
1396 2708 1692 2780 προσφιλῆ,
1718 2706 1768 2759 εί

187 2809 288 2861 καὶ
321 2807 389 2860 τά
416 2807 585 2861 πλείω
604 2805 795 2877 ψευδῆ.
820 2806 969 2859 Ἔδει
989 2807 1117 2876 γὰρ,
1140 2805 1217 2867 ὼς
1243 2804 1409 2868 ἔοικε,
1438 2801 1531 2854 τὸν
1575 2800 1769 2868 ἀδικη-

189 2898 358 2952 θέντα
387 2899 487 2970 τὴν
511 2900 718 2957 εἴσοδον
766 2897 1091 2969 ἀδικηθῆναι
1121 2897 1282 2951 πάλιν
1307 2896 1404 2965 τὴν
1423 2894 1622 2958 ἔξοδον,
1670 2892 1768 2944 καὶ

180 2991 279 3043 τὸν
306 2991 600 3061 ἀποτόμως
640 2989 963 3053 ὠθισθέντα,
995 2989 1089 3042 καὶ
1120 2988 1320 3041 ἄκοντα
1348 2980 1765 3052 ἁποτομὼτερόν

181 3099 245 3135 τε
266 3082 363 3135 καὶ
389 3081 782 3154 νεανικώτερον
808 3080 1160 3150 ἀπωσθῆναι;
1187 3077 1276 3148 Τῷ
1299 3077 1341 3129 δ’
1368 3074 1541 3136 οὓτως
1583 3072 1760 3143 ἔχοντι

185 3173 282 3225 καὶ
309 3170 646 3243 λογιζομένῳ
673 3172 733 3225 οὐ
754 3170 924 3241 πολλὴ
956 3170 1177 3239 φροντὶς
1199 3168 1298 3230 τὰς
1335 3164 1588 3225 διαϐολάς
1616 3163 1758 3215 ἀπο-

182 3261 509 3331 τρίψασθαι,
534 3254 609 3315 ὧν
647 3261 708 3314 τὸ
737 3261 904 3331 κῦρος
938 3258 1033 3312 τοῦ
1065 3258 1254 3329 θρόνου
1301 3255 1615 3326 ἀφαίρεσις.
1648 3252 1761 3305 Καὶ

182 3359 350 3427 ἢρκει
383 3357 502 3427 μὲν,
533 3357 606 3419 ὡς
629 3357 861 3427 εἴρηται,
886 3356 955 3408 τὰ
977 3353 1230 3425 ρηθέντα.

1864 708 1985 762 qua:
2007 706 2136 745 vero
2160 689 2354 743 tradita
2377 700 2485 740 non
2510 690 2659 746 sunt,
2692 696 2754 735 ea
2800 694 2912 734 non
2932 678 3224 744 custodita,
3274 688 3453 732 trans-

1868 780 2163 854 gressionis
2186 794 2297 833 non
2324 776 2569 831 inferunt
2588 770 2821 826 crimen.
2904 828 2909 833 η

1962 873 2107 929 Satis
2153 878 2316 928 erant
2358 883 2481 939 qua:
2531 868 2643 936 jam
2688 862 2933 933 exposui,
2976 877 3041 917 ac
3074 862 3245 917 multo
3287 862 3453 917 etiam

1866 966 2022 1038 plura
2043 979 2203 1035 quam
2231 959 2607 1018 conveniebat.
2640 956 2752 1012 Nec
2780 955 2925 1011 enim
2949 954 3019 1009 ad
3041 954 3158 1009 haec
3188 954 3479 1009 adductus

1867 1075 1990 1116 sum
2025 1069 2085 1113 ut
2114 1073 2201 1112 me
2237 1057 2382 1127 iusta
2430 1050 2750 1108 defensione
2796 1047 3264 1104 commendarem.
3308 1046 3458 1112 Quo-

1865 1152 2028 1208 modo
2073 1149 2218 1205 enim
2262 1148 2421 1201 aliter
2465 1159 2587 1200 esse
2647 1150 2852 1213 posset,
2885 1155 3010 1195 cum
3058 1138 3295 1209 optabile
3320 1137 3457 1193 mibi

1866 1250 2014 1297 esset
2085 1238 2413 1296 omnimodis
2492 1236 2594 1290 hac
2648 1232 2883 1304 procella
2942 1230 3185 1298 liberari,
3239 1238 3295 1284 et
3344 1227 3457 1283 hoc

1867 1332 2035 1388 levari
2068 1329 2277 1386 onere?
2305 1327 2395 1383 Sic
2418 1341 2547 1398 ergo
2569 1325 2713 1381 sedis
2733 1332 2997 1395 appetens
3017 1338 3160 1389 sum,
3187 1320 3267 1375 sic
3284 1320 3458 1376 vehe-

1867 1429 2083 1476 menter
2110 1434 2229 1473 eam
2259 1417 2490 1471 retineo.
2524 1415 2647 1469 Non
2703 1413 2851 1468 enim
2905 1428 2937 1466 a
3000 1410 3272 1482 principio
3324 1409 3456 1479 qui-

1866 1513 1991 1567 dem
2028 1511 2182 1566 oneri
2223 1508 2453 1563 thronus
2485 1508 2607 1574 fuit,
2658 1521 2949 1577 progressu
2996 1519 3126 1560 vero
3181 1502 3446 1572 temporis

1867 1603 2145 1673 expetitus
2176 1608 2297 1655 est:
2333 1600 2431 1655 sed
2480 1598 2941 1669 quemadmodum
3000 1595 3283 1667 ingressus
3330 1610 3453 1649 sum

1868 1693 2095 1755 invitus,
2137 1690 2222 1745 sic
2267 1690 2475 1744 invitus
2505 1687 2691 1741 sedeo.
2726 1685 2879 1751 Quod
2910 1693 3091 1737 autem
3125 1683 3283 1737 initio
3321 1681 3458 1737 mibi

1867 1785 1951 1842 vis
1985 1783 2125 1838 facta
2153 1782 2243 1847 sit,
2269 1796 2393 1835 cum
2415 1794 2483 1835 cx
2511 1778 2785 1842 aliis,tum
2812 1792 2878 1831 ex
2900 1777 3004 1830 hoc
3026 1775 3455 1839 demonstratur,

1870 1876 2016 1950 quod
2051 1892 2081 1930 a
2115 1873 2395 1946 principio
2454 1886 2629 1941 usque
2664 1869 2845 1925 adhuc
2901 1867 3063 1923 velim
3103 1867 3300 1920 cedere
3352 1865 3458 1921 hac

1871 1970 2020 2025 sede.
2051 1967 2120 2023 At
2151 1967 2197 2022 si
2232 1965 2365 2020 mihi
2404 1973 2556 2037 grata
2580 1962 2866 2019 scribenda
2895 1968 3097 2026 erunt;
3127 1974 3238 2013 non
3284 1974 3457 2028 opor-

1873 2063 1976 2118 tuit
2002 2062 2258 2132 benigna,
2283 2056 2584 2126 caeteroqui
2629 2064 2685 2110 et
2721 2052 3013 2108 laudabilia
3052 2050 3254 2107 scribi:
3288 2050 3461 2106 Acce-

1870 2154 2072 2225 pimus,
2120 2152 2387 2217 laetamur,
2449 2158 2506 2204 et
2548 2147 2721 2219 gsatia
2788 2145 3001 2215 agimus
3053 2142 3458 2212 sapientissimo

1875 2245 2008 2309 Deo,
2041 2244 2135 2313 qui
2177 2240 2478 2297 Ecclesiam
2512 2240 2802 2310 gubernat.
2845 2234 2959 2289 lloc
3014 2249 3145 2289 vero
3182 2248 3248 2287 ex
3290 2232 3459 2287 laico-

1872 2348 1995 2388 rum
2043 2332 2258 2395 ordine,
2311 2328 2585 2384 laudabile
2630 2342 2742 2380 non
2790 2335 2911 2379 est:
2960 2324 3165 2378 idcirco
3216 2321 3459 2392 ambigui

1873 2425 2053 2479 adhuc
2092 2436 2305 2486 sumus,
2336 2430 2389 2475 et
2414 2420 2717 2490 perfectum
2746 2432 3041 2473 assensum
3081 2414 3138 2471 in
3160 2414 3460 2485 apocrisia-

1871 2517 2082 2570 riorum
2140 2522 2455 2569 nostrorum
2528 2512 2771 2586 reditum
2829 2509 3165 2564 distulimus.
3241 2507 3457 2564 Verum

1874 2605 2044 2662 scribi
2077 2603 2289 2669 debuit,
2314 2602 2538 2657 omnino
2584 2616 2693 2654 non
2724 2599 3073 2663 assentimur,
3119 2612 3227 2652 non
3259 2597 3461 2667 proba-

1873 2715 2020 2761 mus,
2053 2712 2167 2751 non
2206 2694 2530 2765 accipimus,
2580 2707 2686 2747 nec
2742 2706 2874 2746 vero
2936 2704 3179 2759 unquam
3225 2688 3460 2759 accipie-

1868 2806 2021 2857 mus;
2053 2789 2143 2859 qui
2167 2786 2428 2849 accurrit,
2461 2784 2556 2855 qui
2588 2783 2943 2854 praesulatum
2968 2781 3312 2835 nundinatus
3343 2786 3455 2843 est,

1870 2877 1965 2946 qui
2014 2891 2128 2930 non
2181 2883 2264 2929 est
2307 2872 2473 2943 justis
2502 2870 2779 2941 suﬂ‘ragiis
2823 2869 3046 2924 factus:
3084 2868 3136 2922 in
3197 2866 3457 2923 omnibus

1869 2967 2198 3037 improbum.
2229 2964 2330 3018 Abi
2364 2965 2466 3017 hac
2503 2962 2655 3027 sede,
2693 2969 2750 3015 et
2809 2960 2878 3014 de
2920 2958 3153 3031 pastoris
3199 2973 3450 3012 munere.

1792 3082 1833 3140 ο
1869 3059 1974 3126 Qui
1999 3060 2074 3114 ita
2106 3057 2441 3128 scripsisset,
2474 3055 2609 3109 mihi
2636 3053 2946 3123 scripsisset
2967 3051 3233 3120 jucunda,
3261 3065 3459 3119 quam-

1866 3156 1948 3210 vis
1992 3152 2123 3207 falsa
2161 3152 2442 3222 pleraque.
2472 3150 2557 3203 An
2614 3162 2748 3202 vero
2801 3145 3109 3216 Oportebat,
3141 3144 3233 3214 qui
3278 3144 3333 3198 iu
3374 3143 3462 3196 in-

1867 3264 2055 3320 gressu
2080 3245 2305 3301 allectus
2330 3254 2447 3299 erat
2480 3242 2701 3313 injuria,
2737 3243 2791 3295 in
2816 3256 3039 3312 egressu
3083 3240 3269 3293 itidem
3309 3236 3458 3307 inju-

1866 3343 2004 3396 riam
2045 3340 2330 3409 accipere?
2358 3349 2415 3393 et
2459 3338 2552 3407 qui
2589 3337 2764 3391 aliena
2792 3335 3071 3406 protervia
3125 3332 3331 3387 invitus
3392 3330 3464 3385 ad

186 3451 307 3509 lucc
360 3450 648 3513 inciderat;
696 3450 864 3519 magis
904 3422 1065 3501 etiam
1137 3444 1358 3515 praecise
1417 3457 1481 3497 ac
1511 3449 1764 3512 proterve
1823 3435 2061 3505 evpelli?
2112 3432 2215 3499 Qui
2273 3432 2352 3487 sic
2398 3429 2629 3485 aﬂ‘cctus
2676 3437 2781 3489 est,
2838 3428 3038 3496 quique
3074 3427 3190 3480 haec
3239 3422 3465 3495 cogitat,

187 3558 301 3594 non
339 3541 499 3596 valde
554 3547 727 3606 curat,
771 3516 870 3595 nec
916 3540 1123 3593 laborat
1167 3537 1234 3592 de
1276 3532 1562 3590 calumniis
1601 3527 2003 3603 propulsandis,
2042 3540 2279 3596 quarum
2330 3524 2449 3578 haec
2482 3530 2726 3592 potestas
2760 3521 2875 3575 sola
2906 3527 3012 3585 est,
3040 3526 3103 3573 ut
3156 3518 3209 3573 ei
3232 3516 3466 3571 thronus

185 3634 483 3688 adimatur.
517 3630 659 3686 Satis
691 3646 854 3702 ergo,
890 3638 949 3684 ut
981 3628 1113 3695 dixi,
1142 3628 1269 3682 bare
1290 3626 1533 3681 fuerant.

271 3725 434 3780 Ἐπεὶ
454 3724 513 3777 δὲ
537 3722 606 3778 δι’
632 3726 780 3796 ἡμᾶς
798 3724 896 3777 σὺν
924 3724 1054 3793 ἡμῖν
1101 3723 1197 3777 καὶ
1224 3724 1272 3775 oi
1299 3720 1406 3792 πρὸ
1426 3722 1460 3789 ἡ
1471 3718 1586 3790 μῶν
1616 3716 1762 3785 ἅγιοι

186 3817 286 3869 καὶ
300 3815 563 3884 μακάριοι
580 3814 825 3885 Πατέρες
840 3812 1191 3882 συνδιαϐεϐλῆ
1201 3812 1322 3865 σθαι
1340 3808 1767 3870 κινδυνεύουσιν,

1943 3713 2014 3766 At
2041 3710 2299 3781 quoniam
2328 3716 2552 3778 propter
2584 3721 2685 3761 nos
2714 3705 3006 3760 nobiscum
3046 3704 3140 3775 qui
3195 3714 3323 3761 ante
3362 3721 3465 3762 nos

1873 3802 2048 3866 fuere,
2089 3801 2263 3855 sancti
2310 3815 2375 3854 ac
2417 3798 2560 3854 beati
2607 3796 2801 3853 Patres
2853 3798 3237 3869 periclitantur
3284 3798 3339 3853 in
3369 3814 3463 3853 ca-

186 3909 265 3965 ὠς
291 3906 613 3976 Νικηφόρος
642 3906 739 3958 καὶ
756 3905 1029 3976 Ταράσιος
1050 3904 1136 3973 (ἐκ
1154 3902 1345 3956 λαῖκοῦ
1380 3904 1487 3971 γὰρ
1508 3900 1604 3953 καὶ
1622 3895 1765 3951 οὗτοι

1875 3893 2138 3948 lumniam
2169 3900 2225 3947 et
2255 3891 2465 3946 crimen
2496 3890 2702 3955 venire,
2740 3900 2799 3945 ut
2826 3889 3167 3960 Nicephorus
3200 3900 3255 3946 et
3284 3891 3460 3944 Tara-

186 3999 288 4053 τοῦ
323 3998 605 4068 σχήματος
639 3998 719 4059 είς
745 3997 807 4051 τὸ
850 4000 950 4068 τῆς
980 3994 1393 4068 ἀρχιερωσύνης
1412 3994 1578 4061 ἄκρον
1634 4007 1765 4060 προ-

1874 3986 1989 4041 sius
2014 3986 2161 4057 (nam
2200 3984 2254 4038 bi
2276 3998 2493 4054 quoque
2518 3998 2582 4036 ex
2612 3982 2807 4037 ordine
2844 3982 2981 4037 laico
3014 3982 3080 4036 ad
3110 3981 3462 4052 pontiﬁcatus
3549 4028 3565 4044 .

186 4089 425 4159 ἐϐησαν,
455 4087 505 4142 οἳ
531 4087 633 4157 τῆς
660 4087 784 4142 καθ’
813 4090 960 4158 ἡμᾶς
989 4088 1184 4155 γενεᾶς
1215 4086 1495 4154 ἁειφανεϊς
1521 4081 1765 4153 λαμπτῆ·

1877 4080 2156 4149 fastigium
2209 4075 2587 4147 pervenerint,
2625 4075 2717 4145 qui
2776 4075 3055 4130 memoriae
3101 4084 3299 4129 nostra:
3347 4074 3465 4128 cla-

185 4197 309 4251 ρες,
339 4181 437 4234 καὶ
462 4179 565 4245 τῆς
580 4178 863 4243 εὐσεϐείας
879 4178 1191 4250 διαπρύσιοι
1213 4177 1472 4246 γεγόνασι
1504 4176 1765 4245 κήρυκες,

1877 4170 2090 4224 rissi-ma
2118 4168 2345 4232 lumina,
2380 4166 2704 4238 pietatisque
2759 4166 2960 4237 egregii
3026 4180 3327 4236 praecones,
3369 4181 3463 4220 ve“—

184 4272 294 4341 βίῳ
322 4272 419 4324 καὶ
439 4270 582 4342 λόγῳ
600 4270 966 4343 κρατύναντες
992 4271 1090 4343 τὴν
1108 4269 1411 4341 ἀλήθειαν),
1430 4267 1501 4321 τά
1515 4268 1765 4321 λείποντα

1877 4260 2096 4315 ritatem
2123 4267 2181 4313 et
2202 4258 2311 4312 vita
2343 4266 2399 4312 et
2419 4257 2605 4312 verbis
2644 4255 3062 4323 conﬁrmarunt)
3091 4272 3104 4309 :
3149 4255 3459 4310 existimavi

182 4361 264 4433 τῷ
290 4360 442 4430 λόγῳ
478 4361 795 4431 προσθεῖναι
847 4360 1024 4431 χρεὼν
1058 4360 1350 4430 ἡγησάμην
1384 4357 1562 4427 πάσης
1598 4355 1765 4421 αἰτίας

1875 4367 1997 4422 qua:
2030 4357 2261 4415 restant,
2310 4348 2546 4403 orationi
2589 4356 2844 4417 oportere
2884 4345 3143 4417 adjungi;
3190 4345 3320 4399 dum
3362 4361 3458 4399 os-

181 4452 504 4523 κρείττους,
540 4451 635 4504 καὶ
664 4451 843 4521 πάσης
880 4449 1133 4519 διαϐολῆς
1164 4450 1470 4518 άνωτέρους
1508 4450 1634 4510 τοὺς
1664 4464 1765 4516 μα-

1880 4442 2044 4496 tendo
2088 4439 2279 4493 beatos
2322 4438 2443 4491 illos
2473 4437 2619 4491 viros
2677 4435 2887 4490 crimen
2935 4450 3099 4489 omne
3136 4434 3379 4497 vincere,
3408 4440 3469 4487 et

182 4514 427 4614 καρίους
448 4514 690 4607 ἐκείνους
710 4514 911 4614 ἄνδρας
939 4514 1272 4604 ἐπιδεικνύς.
1308 4514 1369 4594 Eii
1399 4541 1443 4594 δ’
1478 4539 1589 4593 οὐδ’
1618 4514 1765 4592 ἄλλοι

1886 4531 2211 4587 calumniam
2244 4545 2463 4584 omnem
2490 4544 2768 4599 superare.
2800 4528 2961 4594 Quod
3011 4528 3055 4581 si
3091 4544 3161 4581 ne
3220 4526 3311 4580 alii
3336 4525 3464 4595 qui-

178 4633 337 4696 τινὲς
359 4631 585 4696 τούτους
606 4632 890 4695 ὑπαιτίους
906 4630 1149 4702 τολμῶσι
1174 4630 1362 4699 φάναι,
1392 4628 1454 4683 τὸ
1478 4631 1544 4682 ἐκ
1567 4628 1765 4682 λαῖκῶν

1885 4624 2009 4678 dem
2048 4624 2150 4677 bos
2189 4623 2246 4676 in
2276 4622 2482 4676 crimen
2511 4635 2711 4675 vocare
2741 4619 2965 4686 audent,
3012 4619 3155 4689 quod
3201 4626 3383 4671 autem
3434 4632 3467 4670 e

176 4728 241 4781 δὲ
280 4724 427 4795 πρὸς
471 4725 773 4796 ἱερωσύνην
813 4723 989 4777 ἐλθεῖν
1038 4722 1367 4794 κρατύνουσι
1415 4722 1765 4794 πρόσκομμα,

1884 4715 2037 4769 laicis
2087 4714 2153 4769 ad
2196 4713 2569 4783 pontificatum
2632 4711 3004 4776 ascenderint,
3052 4710 3107 4762 in
3160 4705 3470 4761 offensione

182 4820 508 4889 μέμφονται
534 4816 633 4886 μὲν
662 4810 745 4881 οῖς
787 4817 847 4869 ού
904 4815 1232 4885 μέμφονται.
1280 4813 1374 4867 Ἐκ
1424 4813 1627 4867 λαῖκῶν
1661 4815 1765 4885 γὰρ

1883 4816 1939 4861 et
1971 4804 2225 4861 seandalo
2255 4812 2498 4873 ponunt;
2534 4802 2946 4872 reprehendunt
3004 4815 3134 4854 sane
3177 4813 3315 4868 quos
3357 4812 3467 4852 nec

187 4912 295 4964 καὶ
326 4903 475 4962 οὗτοι
497 4909 868 4979 προήχθησαν.
893 4909 1001 4970 Οὓς
1028 4908 1085 4960 δὲ
1113 4907 1277 4960 πάλιν
1294 4906 1520 4977 τιμῶσι,
1556 4908 1650 4959 καὶ
1689 4923 1765 4959 τε·

1889 4898 2335 4971 reprehcndunt:
2366 4914 2491 4952 nam
2529 4897 2582 4952 bi
2604 4912 2822 4967 quoque
2858 4895 2984 4949 laici
3016 4902 3146 4949 sunt
3191 4890 3466 4961 producti,

186 5002 436 5071 θήπασι,
466 5000 529 5053 τὸ
557 5000 747 5069 ψέγειν
773 4999 834 5052 ού
867 4999 1184 5069 φεύγουσιν.
1226 4998 1366 5051 Ἀλλ’
1392 4989 1542 5051 οὗτοι
1574 4997 1765 5067 (Ταρά-

1885 5006 2024 5062 quos
2068 5005 2285 5046 rursum
2337 4990 2393 5044 in
2432 4990 2639 5044 honore
2699 4990 2899 5042 habent
2953 4996 3010 5041 et
3075 4984 3465 5051 admiratione,

186 5111 316 5156 σιος
354 5088 427 5163 ἦν
463 5092 559 5146 καὶ
598 5092 931 5163 Νικηφόρος)
981 5093 1040 5143 ὲν
1094 5089 1347 5161 κοσμικῷ
1384 5090 1485 5160 βίῳ
1535 5090 1765 5160 ἁστέρωη

1883 5097 2075 5137 eorum
2120 5097 2230 5136 non
2279 5080 2495 5152 fugiunt
2522 5081 2997 5149 vituperationem.
3050 5077 3120 5131 At
3174 5075 3252 5133 bi.
3284 5072 3458 5130 Tara-

185 5188 357 5255 δίκην
379 5184 800 5254 διαλάμποντες,
829 5181 926 5236 καὶ
954 5184 1088 5254 πρὸς
1119 5181 1401 5252 ἱερατικὴν
1418 5181 1592 5251 ἀρχὴν
1621 5197 1765 5249 γεγο-

1884 5176 1999 5230 sius
2031 5185 2086 5229 et
2119 5174 2484 5244 Nicepliorus,
2515 5175 2569 5227 in
2617 5171 2798 5226 saeculi
2835 5170 2941 5223 vita
2974 5178 3245 5223 astrorum
3298 5167 3467 5221 instar

187 5278 350 5339 νότες
385 5275 680 5329 ἀπόλεκτοι
712 5274 863 5338 παρὰ
887 5276 1091 5327 κανόνα
1142 5274 1238 5326 καὶ
1267 5273 1438 5325 τύπον
1464 5273 1552 5324 τὸν
1576 5273 1765 5341 ἐκκλη-

1882 5268 2233 5330 collucentes,
2282 5267 2336 5320 in
2384 5267 2724 5320 sacerdotum
2762 5264 3011 5317 ordinem
3046 5263 3221 5317 allecti
3267 5270 3459 5315 contra

190 5369 487 5433 σιαστικδν
516 5372 617 5441 τῆς
643 5368 972 5439 Ἐκκλησίας
1008 5367 1377 5439 προέστησαν.
1410 5368 1501 5435 Μή
1556 5384 1648 5436 μοι
1680 5365 1765 5434 γέ-

1888 5362 2130 5433 regulam
2162 5370 2217 5415 et
2278 5360 2507 5413 formam
2559 5357 2984 5414 ecclesiasticam
3023 5356 3281 5411 Ecclesia:
3323 5370 3466 5423 pra:-

181 5480 339 5515 νοιτο
362 5461 624 5531 τοιαύτην
661 5464 879 5530 ἀφεῖναι
912 5461 1116 5531 φωνὴν,
1150 5460 1277 5532 μηδ’
1314 5459 1475 5514 άλλου
1521 5459 1765 5527 λέγοντος

1884 5454 2127 5509 fuerunt.
2161 5452 2317 5506 Absit
2349 5467 2379 5505 a
2414 5466 2521 5516 me,
2568 5459 2625 5505 ut
2661 5452 2801 5504 banc
2826 5449 3069 5503 emittam
3122 5463 3332 5510 vocem,
3365 5451 3464 5499 aut

179 5552 429 5613 ἀκοῦσαι
448 5567 466 5583 '
494 5545 640 5607 οὗτοι
672 5552 781 5621 γάρ
815 5551 925 5605 τῶν
958 5552 1200 5607 κανόνων
1230 5552 1477 5622 ἀκριϐεῖς
1507 5551 1765 5621 φύλακες1

1886 5550 2053 5604 alium
2088 5548 2209 5603 haec
2237 5546 2509 5601 dicentem
2555 5544 2795 5600 audiam.
2844 5543 2910 5597 lli
2956 5543 3101 5596 enim
3153 5538 3462 5610 regularum

179 5646 292 5717 τῆς
318 5644 604 5710 εὐσεϐείας
630 5645 963 5717 ύπέρμαχοι,
983 5644 1082 5715 τῆς
1102 5645 1422 5709 δυσσεϐείας
1455 5646 1765 5716 κατήγοροι,

1881 5640 2116 5696 accurati
2183 5638 2333 5692 fuere
2392 5636 2672 5701 custodes,
2725 5643 3156 5705 propugnatores
3206 5627 3455 5700 pietatis,

181 5735 487 5806 φωστῆρες
539 5737 597 5790 ὲν
630 5737 823 5806 κόσμῳ
872 5734 1015 5789 κατὰ
1058 5735 1121 5789 τὸ
1177 5735 1320 5789 θεῖον
1367 5735 1569 5802 λόγιον,
1610 5734 1765 5801 λόγον

1880 5732 2175 5803 impietatis
2205 5740 2578 5795 accusatores,
2617 5730 2771 5785 orbis
2802 5738 2963 5783 terrae
3011 5724 3239 5787 lumina,
3276 5738 3339 5777 ex
3372 5722 3457 5776 di-

184 5828 343 5898 ζωῆς
372 5828 678 5900 ὲπέχοντε;.
714 5830 774 5884 ΕΞ
821 5828 869 5891 δ’
897 5830 979 5885 ὅτι
1014 5829 1240 5894 κανόνας
1285 5827 1379 5891 οὓς
1409 5828 1509 5883 ούκ
1557 5827 1765 5909 ᾔδεισαν

1890 5827 2036 5891 vinis
2066 5824 2300 5904 eloquiis
2329 5825 2554 5881 verbum
2584 5824 2896 5882 obtinentes
2927 5819 3073 5887 vitae.
3121 5812 3273 5883 Quod
3331 5828 3463 5875 vero
