3996 6450
568 430 677 496 603

1670 429 1936 495 .PHOTII
1960 423 2482 494 IPATRIARCHIE
2520 426 2633 489 CP.
3725 418 3816 482 604

567 542 807 615 regulas,
861 556 999 612 quas
1050 556 1163 597 non
1187 550 1391 596 norunt
1452 555 1564 596 non
1619 550 1943 595 servarunt:
1984 555 2147 595 nemo

2251 539 2349 591 οὐκ
2382 536 2678 607 ἐφύλαξαν,
2709 534 2888 599 οὐδεὶς
2910 533 2978 589 ἂν
3001 533 3192 588 δίκαια
3219 531 3391 585 ποιῶν
3421 528 3813 601 ἐπιμέμιῖωιτοο

570 650 666 691 eos
691 635 816 704 jure
848 632 1251 704 reprehendere
1279 641 1476 703 potest.
1504 631 1613 687 Sed
1633 632 1777 702 quod
1808 647 1999 687 eorum
2025 647 2147 701 qua:

570 741 858 797 accepere,
897 726 1155 781 custodes
1199 724 1444 790 fuerunt,
1490 723 1696 781 idcirco
1734 742 1766 778 a
1826 726 1935 779 Deo
1978 722 2145 795 glori-

571 817 714 874 θεειί
742 825 892 873 sunt.
933 817 1071 871 Nam
1111 830 1175 871 ea
1200 831 1323 886 quae
1346 816 1547 871 tradita
1582 825 1732 880 sunt,
1791 830 2144 880 conservare,

571 908 783 965 stabilis
812 917 896 964 est
914 908 1135 975 mentis,
1163 923 1226 964 ac
1248 908 1508 964 novitatis
1525 910 1767 965 studium
1787 909 2147 979 repudiantis.

571 1003 643 1057 At
665 1001 732 1057 de
757 1000 824 1055 iis
853 1015 972 1069 quae
1000 1014 1110 1055 non
1152 1000 1451 1071 acceperis,
1492 1002 1690 1073 legem,
1726 1018 1827 1055 usu
1870 1016 1978 1055 non
2022 1001 2151 1055 hor-

573 1103 745 1159 tante,
785 1094 950 1159 l‘erre,
983 1100 1080 1147 aut
1110 1093 1415 1149 custodiam
1444 1094 1707 1150 inducere
1736 1108 2150 1165 praeproperum

572 1184 812 1239 studium
839 1195 923 1240 est
962 1185 1130 1240 animi
1163 1200 1252 1240 res
1278 1200 1448 1241 novas
1477 1186 1773 1249 molientis,
1816 1196 1981 1256 atque
2008 1200 2153 1240 erra-

569 1275 762 1332 bundi.
807 1276 1033 1347 Propria
1082 1278 1231 1333 enim
1289 1279 1521 1348 quisque
1574 1294 1831 1333 mensura
1879 1294 1941 1334 ae
1964 1278 2149 1349 regula

569 1367 888 1422 continetur
920 1374 977 1422 et
1024 1366 1299 1439 dirigitur.
1330 1369 1481 1422 Multi
1528 1384 1769 1423 canones
1796 1368 1915 1423 aliis
1966 1367 2151 1423 traditi

568 1468 718 1524 sunt,
751 1459 872 1514 aliis
900 1476 970 1514 ne
1004 1460 1114 1514 noti
1144 1460 1364 1529 quidem
1404 1469 1554 1516 sunt.
1587 1462 1691 1528 Qui
1723 1462 1924 1532 accipit
1947 1470 2003 1516 et
2032 1460 2151 1516 vio-

570 1550 672 1616 lat,
706 1549 903 1621 dignus
927 1552 1018 1621 qui
1053 1551 1109 1605 in
1138 1550 1403 1623 judicium
1429 1552 1733 1608 indicatur:
1758 1554 1851 1624 qui
1882 1568 2013 1609 vero
2039 1568 2150 1608 non

567 1643 740 1709 novit,
778 1660 880 1699 nec
912 1645 1126 1715 recipit,
1182 1647 1458 1717 quomodo
1515 1647 1789 1702 obnoxius
1819 1648 1942 1703 est?
1965 1646 2151 1702 Multae

569 1752 790 1807 quoque
812 1738 960 1809 leges
998 1739 1066 1793 ab
1103 1739 1170 1793 iis
1205 1738 1404 1808 quibus
1448 1738 1717 1809 impositae
1749 1748 1926 1803 erant,
1963 1750 2149 1795 custo-

570 1828 698 1882 dita:
724 1838 870 1892 sunt,
908 1845 972 1884 ac
997 1830 1443 1885 demonstrarunt
1473 1832 1569 1886 Dei
1603 1830 1836 1887 famulos
1883 1848 1977 1886 eos
2028 1848 2151 1888 esse

2254 629 2371 685 ἀλλ’
2412 630 2494 682 ὃτι
2546 628 2787 698 φύλακες
2842 620 2920 683 ὧν
2968 625 3280 699 παρέλαϐον
3325 624 3725 697 ἐχρημάτισαν,
3768 627 3814 679 ἐν

2252 721 2431 793 τούτῳ
2472 720 2629 792 παρὰ
2657 720 2794 774 Θεοῦ
2826 719 3215 791 ἐδοξάσθησαν.
3261 716 3335 771 Τὸ
3368 717 3468 787 μὲν
3504 715 3616 787 γὰρ
3650 715 3717 769 τά
3740 715 3813 769 δο-

2256 814 2419 869 θέντα
2446 816 2731 885 συντηρεῖν
2755 812 2985 886 γνώμης
3006 814 3123 867 ἐστὶ
3142 811 3434 884 σταθερᾶς,
3460 812 3556 865 καὶ
3580 810 3684 881 τὴν
3710 826 3815 864 και-

2254 905 2470 960 νοποιὸν
2489 905 2928 976 ἀποπεμποῦσης
2958 905 3304 976 προαίρεσιν,
3335 904 3395 957 τὸ
3416 902 3462 955 δ’
3492 903 3560 956 ἂν
3590 902 3668 972 μὴ
3692 919 3814 973 παρ-

2256 995 2472 1066 είληφε,
2529 995 2719 1068 χρείας
2760 994 2835 1066 μὴ
2881 994 3155 1066 καλούσης
3185 992 3519 1064 νομοθετεῖν,
3553 992 3589 1062 ἦ
3637 990 3818 1061 φυλάτο

2254 1106 2371 1143 τειν
2409 1090 2730 1160 ἐπιχειρεῖν,
2777 1088 3171 1160 νεωτεροποιοῦ
3224 1085 3465 1150 διανοίας
3497 1086 3596 1139 καὶ
3640 1084 3816 1155 ῥεμϐο-

2259 1179 2428 1248 μένης
2447 1180 2563 1231 ἐστὶ
2585 1177 3238 1250 περισσεύματα.·Μέτρῳ
3255 1176 3363 1247 γὰρ
3378 1177 3614 1239 ἕκαστος
3632 1177 3814 1247 οἰκείῳ,

2256 1271 2355 1325 καὶ
2382 1271 2568 1325 κανόνι
2603 1270 2889 1342 συνέχεται
2934 1288 2994 1325 τε
3039 1272 3135 1324 καὶ
3170 1269 3589 1325 κατευθύνεται.
3647 1268 3816 1322 Πολλοὶ

2257 1365 2480 1428 κανόνες
2533 1364 2714 1429 ἄλλοις
2768 1367 2866 1437 μὲν
2899 1365 3316 1437 παραδέδονται,
3371 1364 3583 1435 ἑτέροις
3629 1362 3687 1416 δὲ
3717 1362 3815 1416 οὐδὲ

2257 1458 2545 1530 γνώριμοι.
2586 1457 2645 1513 '0
2674 1458 3011 1531 παραλαϐὼν
3039 1458 3133 1512 καὶ
3156 1457 3387 1521 ἀθετῶν,
3412 1457 3567 1526 δίκης
3592 1452 3739 1519 ἄξιος
3759 1471 3772 1485 ·
3794 1460 3816 1508 ὁ

2257 1550 2316 1603 δὲ
2348 1550 2472 1622 μηδ’
2500 1551 2779 1619 ἐγνωκὼς,
2810 1552 2843 1623 ἢ
2887 1551 2962 1623 μὴ
3004 1548 3480 1622 παραδεξάμενος,
3519 1548 3641 1612 πῶς
3672 1547 3814 1600 ὑπεύ-

2259 1642 2450 1710 θυνος;
2481 1643 2684 1697 Πολλαὶ
2708 1643 2765 1697 δέ
2800 1644 2895 1696 καὶ
2927 1642 3267 1713 νομοθεσίαι,
3306 1634 3391 1704 οἷς
3426 1639 3528 1709 μὲν
3570 1637 3813 1706 ἐτέθησαν

2257 1735 2663 1806 ἐφυλάχθησαν,
2707 1735 2803 1790 καὶ
2848 1734 2985 1788 Θεοῦ
3024 1734 3363 1805 θεράποντας
3402 1732 3531 1793 τοὺς
3590 1728 3813 1800 φύλακας

2258 1829 2623 1897 ἐπεδείξαντο.
2657 1830 2721 1883 Οί
2744 1829 2801 1882 δὲ
2837 1828 2914 1899 μὴ
2951 1827 3374 1899 παρειληφότες,
3413 1825 3511 1880 καὶ
3542 1824 3635 1878 διὰ
3683 1824 3814 1877 τοῦτο

568 1921 663 1989 qui
686 1921 1099 1977 custodierunt:
1143 1922 1237 1993 qui
1269 1938 1399 1977 vero
1439 1939 1549 1979 non
1585 1933 1940 1995 acceperunt,
1999 1923 2148 1979 ideo-

2256 1922 2393 1991 μηδέ
2419 1924 2512 1975 τδν
2536 1920 2663 1975 νοῦν
2691 1921 2829 1991 πρὸς
2860 1919 3001 1975 αὐτὰ
3027 1918 3479 1991 ἐπιστρέψαντες,
3505 1917 3661 1971 οὐδὲν
3686 1916 3812 1970 ἔλατ-

571 2028 679 2080 que
716 2012 958 2068 animum
993 2014 1063 2069 ad
1092 2030 1156 2069 ea
1186 2030 1297 2069 non
1353 2015 1734 2081 adverterunt,
1788 2015 2152 2072 nihilominus

572 2103 689 2160 Deo
713 2106 975 2161 amabiles
1005 2121 1126 2161 esse
1156 2107 1355 2178 cogniti
1386 2116 1535 2163 sunt.

650 2197 830 2265 Atque
875 2195 931 2249 in
961 2197 1215 2250 manibus
1263 2205 1391 2251 sunt
1419 2196 1685 2267 exempla.
1716 2196 1990 2253 Abraham
2041 2198 2151 2253 cir-

569 2287 870 2355 cumcisus,
900 2286 1313 2343 incircumcisus
1337 2287 1762 2354 Melchisedech,
1791 2289 1883 2359 qui
1917 2290 1985 2345 ad
2003 2290 2153 2345 simi-

572 2381 873 2438 litudinem
935 2383 1059 2438 Filii
1114 2384 1230 2449 Dei,
1274 2392 1329 2439 et
1361 2384 1693 2454 principium
1752 2394 1905 2439 ortus
1962 2385 2047 2439 sui
2097 2395 2154 2440 et

578 2478 741 2529 linem
787 2476 980 2531 habuit
1024 2476 1383 2548 incognitum.
1449 2477 1744 2532 Enimvero
1771 2477 2005 2533 Abrahae
2048 2494 2151 2533 eu-

571 2566 801 2621 stodiam
825 2567 1262 2625 circumcisionis
1299 2569 1539 2641 probans
1561 2569 1706 2625 Deus
1726 2588 1741 2636 ;
1760 2586 2027 2640 nusquam
2054 2586 2152 2641 ap-

568 2663 725 2729 paret
775 2657 879 2729 ipsi
939 2658 1344 2715 Melchisedech
1403 2661 1855 2732 transgressionis
1906 2661 2151 2717 inferens

570 2749 1080 2819 eXprobrationem.
1138 2751 1252 2808 Nec
1297 2767 1430 2808 vero
1487 2754 1772 2826 quisquam
1822 2757 1969 2812 hunc
2018 2756 2152 2829 legis

568 2840 783 2896 violatae
840 2858 1085 2913 unquam
1146 2846 1448 2913 accusabit,
1502 2856 1598 2901 aut
1626 2848 1801 2914 illum,
1837 2851 1980 2919 quod
2015 2849 2152 2905 faci-

568 2948 677 2988 nus
718 2933 1154 2991 circumcisionis
1193 2952 1361 2992 ausus
1399 2939 1489 2993 sit.
1520 2939 1623 3005 Qui
1675 2955 1771 2996 eos
1826 2941 2150 2998 insimulare

566 3024 722 3091 velit,
769 3028 1145 3099 redarguetur.
1202 3029 1382 3100 Atque
1430 3031 1711 3102 prognatis
1737 3047 1803 3086 ex
1851 3032 2147 3102 Abraham,

566 3118 662 3190 qui
687 3134 811 3175 eam
855 3120 1029 3192 legem
1059 3122 1115 3176 in
1164 3122 1344 3177 sinum
1398 3134 1687 3193 acceperat
1734 3140 1916 3188 suum,
1957 3126 2151 3183 mortis

569 3227 732 3281 pmna
778 3214 1056 3283 proposita
1093 3222 1233 3281 erat,
1283 3215 1329 3270 si
1372 3216 1499 3285 quis
1552 3224 1927 3287 transgressus
1974 3228 2144 3287 esset,

2252 2032 2345 2069 τον
2391 2014 2659 2085 θεοφιλεῖς
2692 2015 3125 2087 ἐγνωρίσθησαν,
3179 2014 3275 2067 καὶ
3324 2010 3467 2067 κατά
3526 2014 3714 2083 χεῖρας
3758 2011 3811 2065 τὸ.

2253 2107 2700 2178 παραδείγματα.

2328 2200 2445 2252 Ἵνα
2474 2198 2533 2251 δὲ
2564 2198 2631 2252 τὰ
2659 2196 2797 2253 ἄλλα
2821 2198 2988 2262 ἐάσω,
3031 2198 3060 2251 ό
3094 2196 3193 2268 μέν
3243 2194 3498 2268 ’Δϐραέιμ
3539 2196 3810 2266 ἐμπερίτο-

2257 2310 2378 2365 μος,
2416 2293 2517 2364 τὴν
2547 2290 2853 2364 περιτομὴν
2883 2292 2943 2357 ἐξ
2975 2291 3197 2362 ἐντολῆς
3220 2290 3372 2352 θείας
3406 2290 3486 2352 είς
3513 2288 3811 2358 νομοθεσίαν

2252 2384 2564 2457 δεξάμενος,
2600 2387 2978 2457 ἀπερίτμητος
2993 2384 3051 2438 δὲ
3076 2385 3105 2437 ὁ
3134 2383 3495 2453 Μελχισεδὲκ,
3517 2380 3578 2445 ὅς
3607 2384 3687 2445 εἰς
3728 2382 3812 2451 ἀφ·

2252 2479 2510 2551 ομοίωσιν
2537 2480 2632 2534 τοῦ
2662 2479 2794 2534 Υἱοῦ
2819 2478 2913 2533 τοῦ
2937 2479 3199 2548 Θεοῦ,καὶ
3227 2478 3325 2550 τὴν
3349 2476 3526 2549 ἀρχὴν
3548 2476 3651 2546 τῆς
3678 2478 3808 2545 γενέ-

2255 2590 2415 2638 σεως,
2450 2572 2547 2626 καλ⁵
2584 2572 2645 2626 τὸ
2678 2572 2833 2636 τέλος
2878 2572 3035 2641 ἔσχεν
3067 2571 3367 2640 ἄγνωστον.
3408 2567 3571 2621 Ἀλλά
3604 2569 3701 2639 τὴν
3733 2567 3808 2621 τοῦ

2266 2664 2520 2737 Ἀϐραὰμ
2568 2663 2669 2735 τῆς
2717 2665 3022 2738 περιτομῆς
3070 2663 3321 2734 φυλακὴν
3365 2662 3810 2732 ἀποδεχόμενοςό

2252 2756 2407 2821 Θεὸς,
2435 2757 2671 2828 οὐδαμοῦ
2704 2758 2956 2826 φαίνεται
2984 2755 3063 2828 τῷ
3090 2756 3433 2827 Μελχισεδὲκ
3464 2755 3810 2826 παραϐάσεως

2253 2851 2534 2921 ἐπιφέρων
2560 2850 2885 2920 ὀνειδισμὸν,
2919 2850 3055 2904 ἀλλά
3082 2850 3186 2904 κᾶν
3217 2849 3321 2903 πού
3346 2866 3434 2913 τις
3468 2849 3633 2903 αὑτὸν
3661 2865 3811 2918 παρα-

2251 2943 2447 3014 νομίας
2498 2944 2764 3016 γράψοιτο
2786 2944 3029 3014 γραφὴν,
3074 2943 3239 2998 αὐτὸν
3292 2942 3520 3012 μᾶλλον,
3565 2942 3810 3013 ῆέκείνον

2254 3036 2358 3106 (ὅτι
2402 3034 2559 3089 τοῦτο
2594 3034 2799 3106 τολμῶ)
2847 3034 3302 3106 ἐξελεγχθήσεται
3330 3033 3649 3106 γεγραφώς.
3691 3034 3810 3087 Καί-

2251 3145 2335 3181 τοι
2358 3144 2421 3196 γε
2450 3129 2564 3190 τοῖς
2619 3127 2677 3194 ἐξ
2719 3125 2973 3197 Ἀϐραὰμ
3022 3127 3470 3197 γεγεννημένοις,
3503 3127 3600 3179 καὶ
3622 3125 3809 3179 τουτονὶ

2251 3216 2344 3271 τὸν
2376 3217 2541 3288 νόμον
2572 3215 3106 3286 ὲγκολπωσαμένοις,
3139 3216 3368 3280 θάνατος
3395 3211 3465 3287 ἦν
3486 3217 3520 3285 ή
3549 3216 3717 3285 ζημία
3746 3214 3809 3284 τῷ

568 3320 694 3373 quae
722 3320 832 3359 non
860 3305 928 3360 ab
959 3306 1272 3362 hominibus
1300 3307 1835 3374 modoinlerebatur,
1860 3310 1954 3365 sed
1984 3311 2148 3366 etiam

2252 3311 2597 3383 παραϐάντι,
2634 3312 2734 3364 οὐκ
2778 3311 2837 3377 ἐξ
2877 3308 3182 3381 ἀνθρώπων
3239 3309 3400 3379 μόνον
3466 3308 3807 3377 ἐπαγόμενος,

568 3395 886 3452 vehementi
917 3398 1161 3468 ipsorum
1193 3400 1508 3470 angelorum
1574 3401 2043 3461 interminatione.
2074 3406 2146 3462 Et

566 3504 695 3542 cum
724 3489 781 3542 in
827 3504 892 3544 eo
938 3489 1212 3545 Abraham
1239 3501 1295 3546 et
1340 3490 1740 3549 Melchisedech
1787 3495 2143 3564 dissiderent,

567 3588 774 3646 gratam
817 3578 872 3632 in
921 3594 1266 3635 communem
1297 3580 1586 3636 Dominum
1636 3593 1877 3639 mentem
1927 3600 1992 3641 ac
2027 3586 2148 3657 pie-

571 3677 746 3726 tatem
769 3680 825 3726 et
850 3672 1190 3727 consimilem
1216 3672 1359 3728 inter
1381 3690 1440 3728 se
1469 3675 1673 3730 cultum
1703 3678 2015 3733 servabant.
2040 3722 2051 3751 ’ν
2068 3679 2147 3734 Ex

566 3764 764 3831 quibus
790 3765 970 3819 neutri
1010 3765 1079 3819 ab
1108 3766 1281 3821 altero
1325 3767 1660 3837 vituperatio
1708 3769 2147 3841 impingebatur;

566 3854 663 3907 sed
695 3854 750 3907 in
799 3854 1098 3923 potissimis
1138 3855 1305 3910 rebus
1349 3856 1791 3911 constantissima
1838 3856 1985 3911 inter
2027 3872 2144 3921 eos,

564 3951 620 3997 et
666 3944 723 3998 in
772 3961 957 4001 rerum
1010 3961 1279 4001 novarum
1311 3946 1493 4002 Studio
1543 3947 1721 4001 aliena
1756 3947 1992 4002 societas
2034 3963 2147 4002 non

453 4054 469 4069 ο
564 4038 782 4094 sinebat
814 4048 1138 4095 caeterarum
1200 4054 1385 4094 rerum
1420 4039 1727 4095 discrimen
1755 4039 2028 4095 curiosius
2061 4040 2149 4094 in-

568 4132 729 4189 tueri.
768 4131 903 4187 Nam
949 4149 1139 4189 revera
1184 4132 1499 4189 communia
1543 4133 1803 4189 omnibus
1849 4144 1998 4199 sunt,
2026 4150 2146 4205 quae

567 4239 760 4279 i-mnes
786 4226 1063 4281 custodire
1106 4240 1340 4281 necesse
1386 4234 1493 4290 est,
1539 4235 1595 4280 et
1622 4233 1749 4281 ante
1774 4226 1879 4281 alia
1927 4244 2049 4297 qua:
2079 4229 2147 4285 de

567 4301 670 4370 ﬁde
697 4317 983 4381 habemus,
1009 4318 1101 4372 ubi
1127 4318 1215 4373 vel
1236 4319 1457 4389 paulum
1499 4318 1796 4386 declinare,
1821 4328 1906 4376 est
1957 4321 2151 4375 morti-

565 4410 684 4464 fero
712 4425 771 4465 se
797 4410 1013 4480 piaculo
1044 4412 1406 4482 obstringere.
1436 4410 1697 4478 Quaedam
1746 4412 1965 4484 proprie
2007 4414 2145 4468 alios

565 4512 996 4570 consequuntur,
1023 4518 1259 4572 quorum
1285 4503 1676 4572 prmtermissio
1701 4504 1780 4560 eis
1808 4505 2037 4560 multam
2064 4505 2148 4560 af-

564 4592 671 4647 fert
699 4591 898 4662 quibus
919 4592 1005 4646 illa
1046 4593 1278 4647 tenenda
1300 4602 1461 4649 sunt:
1494 4594 1586 4664 qui
1621 4610 1751 4650 vero
1773 4611 1884 4650 non
1920 4612 2148 4667 accepe-

563 4684 711 4741 ru’nt.
739 4682 795 4737 hi
824 4692 1113 4754 propterea
1150 4686 1295 4754 quod
1328 4700 1437 4740 non
1458 4686 2148 4750 observaverunt,minime

562 4780 1022 4836 condemnamur.
1056 4779 1123 4836 Et
1148 4797 1267 4851 qua:
1290 4782 1649 4838 mcumenieis
1674 4791 1728 4838 et
1758 4784 2146 4839 communibus

562 4878 834 4941 praecepta
899 4878 1029 4924 sunt
1082 4870 1378 4937 suli‘ragiis,
1433 4872 1693 4927 convenit
1746 4871 1816 4925 ab
1886 4871 2143 4927 omnibus

560 4962 858 5017 custodiri:
902 4978 1025 5033 qua:
1050 4978 1180 5018 vero
1206 4963 1429 5018 Patrum
1454 4963 1653 5033 aliquis
1703 4964 1975 5033 exposuit,
2044 4979 2146 5018 au—

560 5054 783 5109 ctoralis
815 5054 1068 5109 deﬁnivit
1095 5055 1357 5127 synodus,
1386 5071 1575 5111 eorum
1627 5055 1719 5125 qui
1751 5063 1991 5120 servant,
2036 5071 2147 5110 non

560 5144 729 5200 cliieit
758 5145 1196 5216 superstitiosam
1218 5159 1460 5202 mentem
1484 5163 1496 5199 :
1524 5146 1616 5218 qui
1648 5156 1833 5201 autem
1856 5162 1967 5202 non
1989 5162 2149 5203 acce-

560 5246 783 5308 perunt,
832 5254 896 5294 ea
960 5241 1244 5310 praeterire
1290 5241 1411 5296 sine
1452 5239 1702 5311 periculo
1750 5249 2004 5310 possunt.
2055 5238 2149 5295 Sic

562 5329 777 5384 tonderi
840 5330 961 5387 aliis
1009 5333 1248 5404 patrium
1314 5341 1422 5400 est,
1477 5330 1600 5386 aliis
1659 5330 1917 5402 synodica
1975 5330 2145 5387 etiam

560 5422 882 5479 deﬁnitione
912 5425 1305 5496 abjiciendum.

631 5514 795 5572 Bonis
822 5517 968 5573 enim
1000 5519 1182 5574 verbis
1212 5518 1332 5573 haze
1362 5516 1468 5572 dici
1503 5514 1809 5587 oportebat,
1860 5523 1921 5569 ut
1968 5523 2025 5570 et
2048 5529 2148 5569 nos

559 5607 819 5666 diximus.
874 5607 1032 5676 Quod
1067 5608 1114 5663 si
1142 5623 1271 5664 eum
1310 5622 1600 5676 canonem,
1648 5607 1740 5678 qui
1802 5606 1856 5661 in
1903 5606 1979 5677 (3)
2019 5604 2147 5661 Sida

2250 3402 2387 3457 ἀλλὰ
2416 3402 2511 3456 καὶ
2540 3403 2671 3472 παρ’
2697 3403 2877 3456 αὐτῶν
2914 3401 3165 3471 ἀγγέλων
3210 3400 3459 3472 σφοδρῶς
3505 3399 3809 3468 ἀπειλούμε-

2249 3512 2357 3560 νος.
2405 3494 2547 3550 Ἀλλ’
2585 3494 2643 3548 ἐν
2682 3513 2746 3563 γε
2768 3494 2943 3567 τούτῳ
2979 3494 3234 3567 ⁹Αϐραάμ
3264 3512 3324 3547 τε
3372 3495 3468 3547 καὶ
3500 3492 3808 3563 Μελχισεδὲκ

2248 3588 2652 3660 διαφερόμενοι,
2687 3588 2788 3660 τὴν
2840 3588 2921 3651 είς
2959 3586 3049 3640 τὸν
3099 3585 3278 3640 κοινὸν
3316 3585 3602 3656 Δεσπότην
3630 3586 3809 3652 εὔγνω-

2253 3680 2491 3752 μοσύνην
2540 3698 2601 3733 τε
2649 3681 2745 3734 καὶ
2802 3679 3063 3751 λατρείαν
3124 3676 3533 3749 παραπλησίως
3586 3675 3807 3747 ἀλλήλοις

2249 3771 2598 3839 διέσωζον,ἐξ
2624 3766 2699 3826 ὧν
2724 3771 2988 3845 οὖδετέρῳ
3016 3771 3170 3843 παρά
3192 3769 3421 3839 θατέρου
3442 3769 3638 3840 μῶμος
3664 3786 3805 3839 προσ·

2250 3866 2475 3935 ἡπτετο,
2528 3865 2669 3917 Ἀλλ’
2712 3865 2814 3935 ἦγε
2853 3864 2913 3919 ἐν
2947 3866 3062 3927 τοῖς
3110 3862 3501 3932 καιριωτάτοις
3540 3862 3736 3934 σφοδρὰ
3756 3878 3805 3913 τε

2250 3958 2345 4012 καὶ
2370 3957 2803 4028 ἀκαινοτόμητος
2837 3955 3114 4024 κοινωνία,
3143 3955 3244 4025 τὴν
3282 3957 3341 4008 ἐν
3363 3957 3479 4018 τοῖς
3502 3953 3704 4018 λοιποῖς
3721 3952 3805 4006 οὐκ

2249 4048 2336 4103 εἴα
2368 4051 2591 4104 σκοπεῖν
2628 4066 2688 4102 τε
2720 4049 2815 4103 καλ¹
2842 4049 3323 4130 πολυπραγμονεῖν
3361 4044 3681 4118 ἑτερότητα.
3713 4044 3805 4099 Καὶ

2248 4136 2358 4208 γάρ
2409 4139 2560 4190 ἐστιν
2597 4136 2767 4200 ὅντως
2826 4136 2984 4191 κοινά
3038 4137 3226 4199 πᾶσιν,
3266 4136 3490 4191 ἅπαντα
3541 4135 3806 4204 φυλάττειν

2250 4228 2585 4296 ἐπάναγκες,
2611 4229 2708 4282 καὶ
2741 4226 2848 4299 πρό
2878 4243 2943 4295 γε
2970 4228 3081 4283 τῶν
3109 4227 3286 4284 ἄλλων
3315 4228 3383 4281 τὰ
3406 4229 3541 4299 περὶ
3568 4228 3800 4290 πίστεως,

2247 4321 2379 4377 ἔνθα
2405 4322 2501 4376 καὶ
2559 4321 2622 4375 τὸ
2670 4323 3035 4393 παρεγκλῖναι
3089 4323 3304 4394 μικρὸν,
3343 4323 3617 4393 ἁμαρτεῖν
3674 4324 3805 4375 ἐστιν

2250 4412 2523 4483 ἁμαρτίαν
2548 4411 2648 4477 τὴν
2690 4410 2828 4481 πρὸς
2865 4412 3119 4470 θάνατον.
3156 4412 3316 4465 Ἐστι
3368 4413 3467 4466 καλ⁵
3515 4412 3805 4477 ἰδιαζόντως

2248 4504 2361 4555 τισὶ
2395 4501 2774 4573 παρεπόμενα,
2833 4494 2908 4556 ὧν
2961 4503 2995 4575 ἠ
3033 4501 3367 4573 παράϐασις,
3402 4496 3485 4567 οἷς
3541 4502 3642 4573 μὲν
3670 4502 3801 4572 ἐδόθη

2250 4595 2600 4665 κατέχεσθαι,
2656 4594 2949 4665 ἐπιζήμιος
2969 4611 2983 4624 ·
3008 4592 3091 4659 οἷς
3127 4591 3173 4649 δ“
3212 4596 3273 4649 οὐ
3306 4596 3696 4667 παρείληπται,
3724 4593 3807 4647 καὶ

2181 4668 2225 4723 D
2252 4684 2314 4739 τὸ
2353 4686 2429 4756 μὴ
2468 4689 2777 4758 συντηρεῖν,
2816 4680 3206 4758 ἀκατάκριτον,
3242 4687 3355 4741 Καὶ
3406 4686 3477 4739 τὰ
3518 4687 3617 4757 μὲν
3645 4687 3805 4740 οίκου-

2257 4779 2506 4845 μενικαῖς
2535 4780 2630 4831 καὶ
2658 4781 2870 4844 κοιναῖς
2900 4779 3221 4833 τυπωθέντα
3245 4778 3469 4849 ψήφοις,
3496 4782 3631 4833 πᾶσι
3656 4794 3805 4849 προσ·

2250 4869 2375 4939 ήκει
2440 4869 2822 4939 φυλάττεσθαι.
2882 4871 2951 4923 Ἀ
2986 4869 3045 4924 δέ
3083 4887 3168 4933 τις
3206 4870 3316 4924 τῶν
3353 4869 3618 4941 Πατέρων
3674 4870 3803 4930 ἰδίως

2245 4958 2480 5026 ἐξέθετο,
2500 4961 2533 5032 ἢ
2556 4965 2765 5032 τοπικὴ
2792 4961 3086 5033 διωρίσατο
3109 4961 3350 5026 σύνοδος,
3372 4962 3484 5015 τῶν
3507 4963 3604 5033 μέν
3624 4960 3808 5030 φυλατ-

2245 5052 2450 5105 τόντων
2483 5051 2581 5124 τὴν
2622 5053 2851 5125 γνώμην
2899 5054 2962 5107 οὐ
3011 5054 3311 5125 παρίστησι
3338 5054 3719 5124 δεισιδαίμονα.
3747 5052 3804 5105 οὐ

2252 5144 2360 5215 μὴν
2394 5146 2509 5207 τοῖς
2534 5161 2598 5213 γε
2625 5145 2701 5216 μὴ
2734 5145 3206 5217 παραδεξαμένοις
3233 5147 3295 5199 τὸ
3332 5149 3584 5218 παρορᾷν
3612 5143 3808 5198 ἐπικίν-

2248 5235 2426 5292 δυνον.
2484 5236 2642 5292 Οῦτω
2675 5237 2942 5309 ξυρᾶσθαι
2982 5238 3081 5311 μὲν
3122 5238 3305 5303 ἄλλοις
3335 5238 3589 5312 πάτριον,
3617 5239 3812 5309 ἑτέροις

2250 5329 2310 5384 δὲ
2338 5331 2433 5385 καὶ
2462 5331 2761 5397 συνοδικοῖς
2783 5332 2934 5405 ὅροις
2970 5332 3299 5404 ἀπόϐλητον.
3549 5316 3571 5324 ’ν

2331 5510 2605 5583 Εὑφήμως
2631 5511 2689 5567 δὲ
2722 5512 2814 5567 τδν
2841 5511 2999 5581 λόγον
3036 5513 3211 5566 εἰπεῖν
3241 5511 3369 5577 ἔδει,
3404 5511 3503 5565 καὶ
3548 5513 3761 5581 εῐπομεν
3792 5519 3810 5535 ’

2254 5602 2304 5655 εί
2332 5601 2390 5656 δὲ
2414 5604 2511 5657 καὶ
2534 5602 2627 5657 τὸν
2669 5604 2728 5657 ἐν
2755 5604 2883 5674 Σίδῃ
2916 5603 3115 5657 κανόνα
3140 5602 3502 5675 προσέθεμεν,
3532 5601 3711 5673 βαρεῖς
3748 5599 3817 5653 ἆν

2084 5735 2314 5797 ΝΟΤᾸΞ.

630 5858 706 5920 (3)
746 5857 975 5911 Videtur
1008 5856 1245 5911 obscure
1270 5869 1451 5917 orare,
1502 5862 1561 5907 ut
1589 5852 1923 5907 misericordi
1966 5852 2147 5907 indul-

560 5928 738 5997 gentia
767 5936 817 5982 et
842 5926 1248 5998 dispensatione
1276 5926 1422 5983 sedis
1446 5923 1755 5996 apostolicae
1770 5922 2008 5993 episcopi
2042 5939 2141 5977 ῐιο-

2253 5867 2379 5907 men
2399 5851 2641 5921 obtineat
2668 5859 2724 5905 ct
2751 5851 3089 5920 dignitatem.
3120 5866 3243 5905 cum
3274 5849 3639 5921 suspicaretur
3670 5849 3818 5921 lgna-

2254 5922 2386 5975 tium
2428 5920 2741 5977 restitutum
2778 5918 2865 5977 δή.
2913 5921 3001 5978 Sic
3037 5921 3326 5977 concilium
3374 5918 3709 5990 Ephesinuni
3744 5918 3813 5974 de

3946 708 3953 737 ι

3946 752 3953 791 ‘4
