4052 6410
197 408 313 471 605

1348 416 1884 482 EPISTOLARUM
1925 416 2156 484 LIBER
2194 422 2249 493 Ι,

3340 422 3446 485 606

203 526 300 578 καὶ
350 522 470 577 λίαν
513 524 761 597 φορτικοὶ
812 526 1214 597 κατεφάνημεν.
1276 528 1433 583 Οὖτω
1482 529 1621 601 πλὴν
1676 530 1768 584 τοῦ

1885 534 2355 604 proposuissemus
2377 549 2392 599 ;
2415 547 2608 604 graves
2646 541 2809 603 atque
2826 532 3120 605 importuni
3139 531 3445 586 fuissemus.

197 614 324 677 ἑνὸς
348 612 418 667 τά
467 614 603 670 ἄλλα
633 615 883 669 Σάϐϐατα
920 620 1208 689 συντηρεῖν
1241 619 1374 689 ἡμῖν
1417 620 1770 691 ἐπιλήψιμον,

197 704 412 774 ἑτέροις
443 706 502 758 δὲ
533 706 741 761 καὶτοῦ
766 707 884 771 ἐνὸς
913 708 1082 763 πλείω
1114 711 1454 782 νηστεύεται.
1493 713 1605 766 Καὶ
1644 715 1773 782 φεύ-

196 809 324 864 γειν
360 795 458 867 τὴν
490 797 700 867 μέμψιν
744 801 777 869 ὴ
811 800 1108 869 παράδοσις
1151 802 1319 856 οῖεται
1362 803 1442 874 τῷ
1469 802 1580 857 ἔθει
1609 821 1777 858 κατα-

196 891 431 958 κρατεῖν
458 887 554 941 τοῦ
599 890 823 954 κανόνος
846 894 1200 965 ὲκνικήσασα.
1236 896 1345 949 Καὶ
1368 897 1583 968 νομίμῳ
1610 897 1774 969 γάμῳ

197 978 433 1046 γυναικὶ
460 981 799 1050 συναφθέντα
823 983 922 1037 οὐκ
949 984 1095 1039 ἔστιν
1114 987 1293 1055 εὑρεῖν
1313 988 1371 1040 ἐν
1409 986 1596 1059 Ῥώμῃ
1638 1006 1772 1059 πρε-

200 1071 491 1143 σϐύτερον,
514 1076 677 1145 ἡμεῖς
706 1076 763 1129 δὲ
791 1078 1034 1142 καὶτοὺς
1064 1081 1369 1152 μονογαμίᾳ
1421 1081 1513 1135 τὸν
1539 1082 1652 1152 βίον
1681 1080 1787 1153 ρυ-’

200 1161 499 1231 Θμίζοντας
553 1166 635 1229 είς
702 1168 1075 1242 πρεσϐυτέρου
1118 1172 1304 1243 φέρειν
1347 1173 1556 1244 βαθμὸν
1603 1173 1776 1227 ἐδιδά-

205 1254 447 1323 χθημεν,
480 1256 578 1308 καὶ
602 1260 730 1321 τούς
747 1275 810 1326 γε
837 1259 1281 1332 διακρινομένους
1303 1264 1362 1329 ὲξ
1388 1265 1566 1319 αὐτῶν
1584 1265 1769 1319 λαϐεῖν

202 1345 304 1398 τοῦ
353 1347 635 1417 Κυριακοῦ
671 1349 923 1419 σώματος
962 1352 1062 1424 τὴν
1110 1355 1414 1425 μετάληψιν
1440 1356 1776 1426 πανταχόθεν

202 1438 572 1510 ἁποκλείομεν
617 1441 677 1505 ἐξ
722 1442 860 1508 ίσου,
888 1445 1016 1505 τούς
1051 1464 1111 1499 τε
1145 1448 1399 1517 πορνείαν
1426 1448 1776 1519 νομοθετοῦν·

203 1547 331 1595 τας,
365 1531 460 1584 καὶ
490 1532 614 1595 τοὺς
646 1533 826 1603 γάμου
846 1534 1010 1605 νόμον
1037 1537 1394 1608 ἀναιροῦντας
1415 1539 1772 1609 λογιζόμενοι.

208 1620 385 1675 Πάλιν
418 1621 484 1674 ἄν
508 1639 592 1685 τις
611 1623 741 1691 παρ’
770 1626 901 1695 ἡμῖν
930 1626 1027 1698 τὴν
1045 1628 1141 1681 τοῦ
1171 1630 1544 1701 πρεσϐυτέρου
1575 1630 1777 1701 παρελ-

209 1711 324 1766 θὼν
358 1715 688 1785 χειροτονίαν
744 1716 843 1787 τὴν
905 1716 999 1770 τοῦ
1055 1720 1350 1774 ἐπισκόπου
1401 1721 1479 1790 τῷ
1530 1722 1768 1792 διακόνῳ

208 1803 488 1874 περιθείη,
518 1806 592 1869 ὡς
622 1806 701 1869 είς
730 1806 797 1860 τὰ
815 1808 1002 1877 καίρια
1024 1809 1420 1881 ἐξημαρτηκὼς
1452 1814 1775 1883 κατακρίνε-

1875 621 1952 675 Ita
2000 632 2195 690 praeter
2249 638 2451 690 unum,
2510 622 2614 677 alia
2648 622 2879 678 Sabbata
2912 605 3233 689 observare,
3292 622 3449 676 nobis

1874 714 2297 783 reprehensione
2328 729 2438 770 non
2467 722 2635 780 caret,
2665 714 2783 769 aliis
2811 730 2944 769 vero
2977 713 3133 784 plura
3174 728 3281 768 uno
3300 713 3449 783 jeju-

1874 814 2097 870 nantur,
2144 818 2208 859 ac
2254 803 2470 859 traditio
2525 812 2681 874 putat
2717 819 2777 859 se
2814 804 3053 875 effugere
3091 803 3451 874 vituperatio-

1873 909 2023 956 nem,
2066 910 2187 965 qua:
2231 895 2630 950 consuetudine
2674 910 2940 950 canonem
2973 896 3221 965 pervicit,
3276 911 3450 966 eoque

1873 984 2054 1052 potior
2078 983 2201 1038 fuit.
2234 982 2510 1055 Legitimis
2532 984 2737 1053 nuptiis
2764 984 3046 1055 presbyter
3077 984 3263 1040 Romae
3291 986 3449 1040 uxori

1874 1073 2199 1142 conjunctus
2238 1089 2347 1128 non
2374 1072 2686 1128 invenitur:
2721 1089 2824 1129 nos
2848 1090 2981 1129 vero
3026 1089 3121 1129 eos
3149 1074 3240 1144 qui
3291 1076 3452 1130 unico

1875 1164 2131 1235 conjugio
2179 1164 2300 1219 vitae
2332 1180 2445 1220 suae
2476 1164 2744 1219 moderati
2777 1176 2925 1229 sunt,
2954 1166 3131 1220 edocti
3160 1182 3348 1221 sumus
3393 1166 3451 1220 in

1874 1254 2175 1323 presbyteri
2217 1254 2443 1325 gradum
2503 1254 2726 1322 eﬂ'erre,
2764 1271 2967 1325 eosque
3000 1256 3091 1326 qui
3131 1256 3236 1310 hoc
3267 1256 3322 1309 in
3369 1254 3450 1309 di—

1876 1347 2133 1402 scrimine
2154 1356 2383 1417 ponunt,
2411 1363 2476 1402 ac
2505 1362 2565 1404 se
2590 1356 2908 1413 secernunt,
2934 1363 3005 1402 ne
3033 1348 3101 1401 ab
3124 1347 3208 1403 bis
3240 1346 3452 1401 Domini

1874 1440 2121 1510 corporis
2176 1439 2644 1509 participationem
2691 1440 2929 1509 capiant,
2978 1439 3221 1509 undique
3264 1439 3454 1493 exclu-

1875 1533 2074 1596 dimus,
2132 1532 2323 1585 eodem
2374 1531 2494 1585 loco
2542 1531 2803 1586 ducentes
2846 1545 2942 1586 eos
2991 1530 3085 1600 qui
3139 1530 3310 1600 legem
3358 1538 3454 1583 aut

1874 1625 2250 1682 fornicationis
2282 1624 2554 1688 sanciunt,
2582 1634 2677 1679 aut
2712 1624 3024 1694 nuptiarum
3068 1622 3283 1677 tollunt.
3318 1620 3454 1676 Item

1874 1720 1919 1775 si
1962 1720 2085 1790 quis
2123 1717 2265 1788 apud
2293 1730 2397 1769 nos
2444 1713 2768 1784 presbyterii
2820 1710 3285 1768 consecrationem
3313 1725 3453 1779 pra:-

1885 1810 2122 1874 teriens,
2153 1807 2392 1879 episcopi
2425 1806 2635 1860 honore
2655 1805 2945 1861 diaconum
2970 1802 3230 1867 effecerit,
3264 1809 3455 1870 utpote

208 1870 326 1949 ταί.
371 1870 496 1949 Τισὶ
526 1895 584 1949 δὲ
614 1870 990 1969 παραπλήσίον
1199 1870 1573 1974 πρεσϐυτέρου

1885 1903 1974 1974 qui
2025 1902 2257 1957 maxime
2284 1899 2591 1970 deliquerit,
2640 1898 3076 1953 condemnatur:
3128 1894 3453 1965 quibusdam

209 1987 369 2051 άγειν
394 1986 714 2054 ἐπίσκοπον,
750 1990 844 2043 καὶ
886 1992 994 2045 ἀπὸ
1021 1993 1271 2047 διακόνου
1300 1995 1398 2068 τὴν
1429 1995 1601 2067 μέσην
1624 1998 1778 2063 τάξιν

214 2078 656 2150 ύπεραλλόμενον
690 2081 770 2145 είς
820 2082 882 2135 τὸ
925 2085 1026 2153 τῆς
1080 2087 1391 2157 ἐπισκοπῆς
1443 2089 1779 2159 ἀναρπάζειν

213 2169 453 2236 ἀξίωμα,
485 2171 664 2224 καίτοι
712 2189 779 2241 γε
829 2174 1015 2245 ἡλίκον
1073 2177 1171 2230 καλ⁸
1242 2179 1367 2232 ὅσον
1406 2179 1468 2232 τδ
1510 2180 1675 2248 μέσον
1720 2184 1779 2236 ἐν

212 2257 455 2327 τούτοις;
501 2261 691 2315 ’Δλλαι
736 2263 837 2332 μὲν
868 2264 977 2334 γὰρ
1018 2265 1141 2319 καθ’
1192 2267 1430 2340 ἑκάστην
1472 2268 1626 2334 τάξιν
1684 2272 1781 2325 καὶ

215 2353 428 2425 βαθμὸν
474 2355 664 2427 εὐχαὶ,
720 2358 876 2411 ἄλλαι
928 2359 984 2413 δὲ
1044 2360 1303 2428 τελεταὶ,
1359 2364 1454 2417 καὶ
1488 2364 1779 2438 ὑπουργίαι

214 2443 380 2497 πάλιν
418 2443 627 2517 ἕτεραι,
661 2445 815 2501 ἄλλαι
868 2448 927 2502 δὲ
969 2451 1177 2521 καιρῶν
1220 2454 1639 2523 παραφυλακαὶ,
1684 2459 1780 2510 καὶ

210 2535 533 2606 δοκιμασίαι
565 2538 783 2606 τρόπων
829 2540 1034 2611 ἕτεραι.
1082 2541 1219 2595 Ἀλλ’
1248 2544 1385 2615 ὅπερ
1426 2562 1512 2608 τις
1558 2546 1783 2616 νομοθε-

215 2627 341 2680 σίαν
371 2627 435 2680 ού
474 2628 809 2698 παρεδέξατο
832 2630 926 2685 τοῦ
954 2632 1029 2703 μὴ
1064 2636 1350 2705 συντηρεῖν
1398 2634 1697 2704 ἀπολογίαν
1721 2635 1782 2690 τδ

217 2716 357 2787 μηδὲ
386 2717 784 2789 παρειληφέναι
815 2719 1276 2791 προϐαλλόμενος,
1308 2724 1408 2776 οὐκ
1453 2722 1520 2777 ἂν
1552 2724 1782 2788 εὐθύνας

217 2806 661 2876 άπαιτηθήσεται
692 2825 707 2838 ·
739 2811 786 2862 εί
815 2809 870 2862 δέ
904 2828 987 2872 τις
1016 2811 1144 2882 παρ’
1173 2813 1305 2882 ἡμῖν
1334 2812 1489 2867 τοῦτο
1508 2814 1783 2884 δεδρακὼς

216 2897 594 2968 ἐξελήλεγκτο,
622 2900 796 2964 οὐδεὶς
825 2901 891 2955 ἂν
913 2902 1062 2974 αὐτῷ
1091 2903 1420 2977 συγγνώμης
1448 2906 1569 2960 οὐδὲ
1592 2908 1784 2975 ρανίδα

214 2989 506 3057 επέσταξε.
540 2992 662 3046 Τῶν
701 2994 808 3064 γὰρ
835 2995 1133 3049 ἐλαττόνων
1166 2996 1345 3069 νόμων
1379 2998 1414 3070 ή
1446 2999 1782 3071 παράϐασις,

215 3082 566 3154 ἀτιμώρητος
593 3084 727 3154 πρὸς
761 3084 856 3155 τὴν
884 3085 993 3137 τῶν
1025 3086 1285 3155 μειζόνων
1316 3089 1585 3159 ἐπιτρίϐει
1608 3108 1784 3145 κατα--

1878 2012 2007 2053 vero
2035 1994 2151 2065 pari
2180 1994 2400 2049 ducitur
2432 1993 2574 2058 loco,
2606 2006 2637 2046 e
2664 1990 2982 2061 presbytero
3011 1987 3311 2059 provehere
3340 1985 3459 2056 epi-

1880 2095 2206 2157 scopumret
2235 2086 2531 2149 ediacono,
2574 2082 2813 2140 medium
2848 2080 3277 2136 transilientibus
3310 2079 3457 2133 ordi-

1878 2194 2027 2241 nem,
2077 2178 2144 2232 ad
2180 2176 2419 2248 episcopi
2448 2175 2698 2245 abripere
2748 2173 3084 2244 dignitatem.
3118 2172 3187 2227 Et
3231 2170 3451 2241 quidem

1880 2270 2023 2325 inter
2047 2270 2162 2324 hzec
2185 2276 2451 2339 quantum
2484 2267 2710 2321 interest
2731 2266 2755 2319 ί
2778 2266 2913 2320 Alia:
2937 2264 3083 2319 enim
3104 2263 3162 2319 in
3202 2276 3460 2331 unoquo-

1880 2382 1986 2439 que
2010 2363 2201 2420 ordine
2225 2370 2280 2417 et
2305 2360 2475 2431 gradu
2497 2356 2792 2421 orationes,
2816 2355 2934 2410 aliae
2964 2353 3323 2417 caeremoniae,
3351 2351 3457 2406 alia

1882 2458 2012 2513 item
2042 2452 2366 2518 ministeria,
2396 2450 2517 2506 alia;
2548 2458 2604 2503 et
2629 2446 3041 2503 observationes
3070 2454 3375 2515 temporum
3399 2452 3458 2498 et

1880 2562 2095 2604 morum
2122 2544 2495 2616 probationes.
2522 2540 2724 2595 Verum
2764 2537 2909 2608 quod
2937 2537 3060 2607 quis
3087 2536 3142 2591 in
3172 2535 3305 2607 legis
3336 2535 3457 2590 loco

1881 2654 1993 2695 non
2037 2636 2265 2707 accepit,
2295 2634 2417 2705 ejus
2444 2648 2554 2688 non
2590 2630 2869 2688 observati
2899 2628 3273 2685 defensionem
3312 2627 3458 2681 banc

1882 2730 2163 2803 objiciens,
2210 2727 2357 2798 quod
2385 2741 2497 2781 non
2550 2722 2865 2795 receperit:
2916 2722 2984 2776 ab
3031 2735 3096 2774 eo
3122 2718 3261 2772 ratio
3307 2716 3459 2771 nulla

1881 2829 2160 2891 poscetur.
2209 2817 2308 2873 Sin
2354 2818 2479 2887 quis
2528 2816 2672 2886 apud
2726 2829 2828 2869 nos
2889 2811 3310 2868 convinceretur
3351 2809 3460 2862 hoc

1884 2914 2097 2979 fecisse,
2148 2924 2311 2965 nemo
2337 2908 2385 2964 ei
2415 2906 2578 2962 ullam
2611 2905 2783 2961 venia:
2806 2912 3011 2977 guttam
3063 2897 3410 2955 instillaverit
3440 2915 3456 2952 :

1884 3004 2156 3059 minorum
2186 3001 2332 3055 enim
2363 3000 2541 3070 legum
2589 2996 2761 3051 inulta
2808 2994 3049 3055 violatio,
3080 2990 3320 3048 tritiores
3357 2988 3461 3043 bo-

1884 3096 2061 3150 mines
2098 3093 2166 3148 ad
2196 3092 2462 3162 majorum
2493 3096 2866 3158 contemptum
2894 3085 3044 3140 facit.
3093 3082 3231 3137 Aliis
3289 3078 3461 3136 semel

216 3175 503 3268 φρόνησιν.
526 3176 752 3268 ,Ἀλλοις
776 3178 922 3242 an:
961 3179 1260 3248 μονάτασιν
1297 3184 1330 3251 ἡ
1377 3184 1683 3255 κρεοφαγία
1722 3183 1782 3237 οὔ

1887 3186 2045 3241 factis
2084 3183 2369 3241 monachis
2405 3196 2532 3237 esus
2580 3179 2827 3236 carnium
2861 3192 2973 3231 non
3026 3171 3458 3237 exsecrantibus,

216 3267 273 3320 τί
318 3283 381 3334 γε
430 3266 894 3338 βδελυσσομένοις,
920 3269 1035 3322 ἀλλ’
1072 3271 1432 3342 ἀσκουμένοις
1483 3273 1643 3344 μέχρι
1689 3275 1783 3328 τέ-

216 3360 346 3423 λους
373 3360 684 3430 ἀπρόσιτος,
713 3361 917 3434 ἑτέροις
943 3362 998 3416 δὲ
1025 3364 1119 3417 ἐπὶ
1154 3364 1287 3417 πολὺ
1309 3368 1782 3438 παρατηρήσιμος.

229 3450 378 3519 Ἐγὼ
400 3452 454 3503 δὲ
475 3453 567 3504 καὶ
600 3452 757 3521 λόγον
790 3454 942 3525 παρά
970 3455 1180 3526 ἀνδρῶν
1206 3457 1311 3527 πρὸ
1336 3456 1531 3509 πολλοῦ
1582 3457 1786 3527 τιμών-

216 3559 333 3594 των
369 3540 579 3610 ηκουσα
600 3542 699 3612 τὴν
725 3541 1001 3612 ἀλήθειαν,
1031 3543 1106 3606 ὠς
1134 3543 1226 3596 τὸν
1251 3542 1350 3614 τὴν
1392 3543 1786 3614 Ἀλεξανδρέων

232 3631 561 3701 Ἐκκλησίαν
621 3633 821 3704 ὲφορᾷν
852 3632 1134 3703 μέλλοντα,
1185 3634 1281 3688 καὶ
1322 3633 1478 3702 λόγον
1532 3634 1789 3705 ὑποσχεῖν

220 3722 590 3786 ἐκϐιάζονται,
624 3724 732 3776 ἀπό
761 3741 905 3786 τινος
936 3726 1228 3795 ἐπιχωρίου
1272 3725 1620 3795 περιπετείας
1662 3724 1788 3778 τού-

218 3832 319 3868 του
375 3815 747 3884 κρατήσαντος
773 3854 789 3880 ,
841 3815 917 3884 μὴ
969 3816 1034 3871 ἀν
1104 3833 1233 3869 ποτε
1294 3817 1395 3886 τῆς
1447 3818 1787 3887 κρεοφαγίας

219 3905 550 3973 ἀφίστασθαι
575 3921 589 3935 ι
616 3905 709 3957 καὶ
766 3905 949 3975 σχῆμα
1004 3904 1103 3975 μὲν
1154 3904 1248 3958 τοῦ
1307 3905 1639 3975 μονάσαντος
1689 3906 1791 3959 οὐκ

220 3997 294 4052 ἄν
346 4014 431 4059 τις
465 3996 593 4066 παρ’
626 3998 757 4066 ἡμῖν
792 3997 872 4058 είς
926 3996 1188 4067 κληρικοῦ
1233 3998 1788 4068 μετασχηματίσειεν,

222 4089 361 4143 ενιοι
398 4090 457 4142 δὲ
501 4088 722 4142 ἐπειδὰν
766 4088 899 4159 πρὸς
950 4089 1256 4158 ἐπισκοπῆς
1316 4088 1449 4158 ὕψος
1489 4089 1582 4142 τὸν
1628 4106 1792 4160 μονα-

223 4184 359 4254 πὴν
383 4182 550 4253 ὑψοῦν
573 4181 888 4252 ἐθελήσωσι,
932 4181 1116 4235 τοῦτον
1161 4181 1457 4253 περίτροχα
1497 4181 1791 4252 κείροντες,

220 4274 289 4327 τὸ
315 4272 577 4342 πρότερον
616 4270 1002 4340 μεταμείϐουσι
1026 4271 1230 4341 σχῆμα.
1266 4271 1451 4333 Οὕτως
1481 4272 1539 4323 ὲν
1574 4265 1655 4335 οἷς
1694 4271 1794 4325 οὐκ

221 4360 342 4414 ἐστι
399 4359 580 4423 πίστις
635 4360 697 4411 τ’)
743 4357 1102 4429 ἀθετούμενον
1127 4398 1143 4423 ,
1195 4358 1315 4412 οὐδὲ
1361 4359 1539 4413 κοινοῦ
1590 4376 1649 4412 τε
1701 4361 1795 4412 καὶ

223 4452 520 4508 καθολικοῦ
609 4451 959 4523 ψηφίσματος
1015 4450 1308 4515 ἔκπτωσις.
1370 4453 1579 4506 ’Δλλων
1658 4452 1789 4522 παρ’

1887 3279 1981 3335 sed
2004 3294 2064 3333 se
2090 3275 2468 3332 exercentibus
2486 3288 2657 3342 usque
2685 3270 3033 3325 interdicitur
3056 3285 3069 3321 :
3101 3267 3170 3321 ab
3191 3265 3310 3320 aliis
3332 3278 3464 3319 vero

1888 3386 1995 3425 non
2039 3369 2134 3424 diu
2177 3368 2281 3422 hoc
2315 3367 2653 3420 observatur.
2694 3361 2803 3431 Ego
2834 3370 2889 3416 et
2942 3359 3223 3414 hominum
3276 3356 3463 3411 audivi

1889 3475 2199 3517 sermonem
2228 3457 2513 3514 veritatem
2556 3470 2751 3525 magno
2784 3454 2840 3507 in
2876 3452 3085 3506 honore
3118 3447 3459 3508 habentium,

1889 3569 2011 3609 cum
2066 3565 2264 3620 nempe
2310 3547 2598 3603 occasione
2659 3545 2779 3615 ejus
2824 3544 2917 3613 qui
2972 3539 3463 3596 Alexandrinorum

1890 3643 2148 3700 Ecclesia:
2174 3640 2374 3714 praesul
2404 3638 2619 3693 futurus
2643 3645 2780 3701 erat,
2807 3635 2949 3688 hanc
2983 3632 3246 3687 rationem
3276 3627 3462 3682 subire

1890 3736 2050 3808 cogi;
2093 3733 2238 3805 quod
2286 3747 2351 3786 ex
2403 3729 2585 3799 aliquo
2621 3728 2690 3782 iis
2740 3727 2793 3781 in
2826 3725 2957 3780 locis
3011 3737 3138 3778 casu
3193 3718 3464 3775 constitu-

1894 3840 2006 3886 tum
2024 3838 2109 3882 est
2138 3844 2152 3880 :
2180 3840 2240 3880 se
2264 3836 2544 3892 nunquam
2576 3819 2645 3874 ab
2675 3833 2775 3873 esu
2803 3815 3049 3873 carnium
3078 3812 3374 3868 abstinere.
3394 3807 3466 3864 At

1890 3919 2033 3992 apud
2062 3933 2161 3974 nos
2179 3914 2432 3971 monachi
2460 3912 2706 3967 habitum
2739 3924 2901 3965 nemo
2930 3921 3171 3976 unquam
3198 3904 3254 3958 in
3280 3900 3463 3957 clerici

1902 4009 2294 4070 commutarit:
2351 4005 2601 4062 nonnulli
2631 4013 2833 4064 autem,
2877 4017 3000 4056 cum
3032 3996 3302 4053 voluerint
3343 4009 3465 4048 nio-

1892 4104 2128 4161 nachum
2170 4101 2239 4156 ad
2273 4097 2515 4169 episcopi
2552 4096 2827 4167 fastigium
2859 4092 3127 4155 attollere,
3156 4103 3280 4143 eum
3312 4085 3463 4140 orbi-

1892 4191 2144 4248 culariter
2197 4187 2504 4249 tondentes,
2552 4186 2793 4255 priorem
2847 4181 3093 4235 habitum
3151 4177 3462 4230 immutant.

1894 4285 1993 4348 Ita,
2030 4282 2118 4336 ubi
2148 4280 2299 4334 nulla
2325 4286 2409 4333 est
2435 4274 2813 4348 prazvaricatio
2845 4272 2989 4334 ﬁdei.
3022 4286 3128 4325 nec
3153 4266 3463 4325 communis

1894 4382 1963 4445 et;
2011 4369 2263 4427 catholici
2310 4366 2513 4423 decreti
2541 4365 2755 4420 eversio
2788 4381 2805 4430 ;
2839 4379 2961 4419 cum
2993 4362 3111 4417 aliis
3139 4360 3281 4431 apud
3329 4358 3465 4413 alios

1896 4480 2077 4519 mores
2108 4470 2163 4518 et
2196 4461 2342 4532 leges
2384 4458 2798 4522 custodiantur;
2829 4470 2932 4509 nec
2962 4453 3215 4508 custodes
3265 4450 3467 4520 injuste

220 4546 409 4609 ἄλλοις
436 4544 574 4599 ἐθῶν
593 4562 653 4597 τε
676 4545 770 4597 καὶ
789 4545 1036 4613 νομίμων
1062 4543 1498 4614 φυλαττομένων,
1518 4542 1642 4596 οὔτε
1671 4545 1785 4609 τοὺς

1902 4569 2080 4625 agere,
2109 4567 2212 4605 nec
2241 4565 2335 4604 eos
2360 4548 2455 4618 qui
2474 4563 2581 4601 non
2610 4553 2958 4615 acceperunt,
2988 4552 3175 4597 contra
3206 4542 3378 4613 legem
3397 4539 3469 4592 fa-

224 4639 480 4708 φύλακας
528 4638 734 4691 ἀδικεῖν
764 4675 780 4700 ,
835 4636 958 4689 οὔτε
1006 4637 1134 4699 τοὺς
1196 4634 1272 4707 μὴ
1320 4634 1799 4706 παραδεξαμένους

222 4733 591 4800 παρανομεῖν,
624 4728 800 4800 ὀρθῶς
828 4729 894 4783 ἄν
922 4746 1005 4791 τις
1049 4727 1255 4797 κρίνειν
1298 4726 1455 4788 εἰδὼς
1480 4726 1795 4799 διορίσαιτο.

300 4824 492 4876 Καίτοι
544 4839 610 4889 γε
650 4821 713 4874 τὸ
758 4820 1011 4891 νομισθὲν
1064 4822 1198 4890 ἡμῖν
1238 4822 1317 4885 είς
1352 4820 1631 4891 ἐπίκλημα
1662 4820 1801 4892 πρὸς

224 4914 346 4966 ἔνια
392 4912 500 4965 τῶν
553 4911 1052 4983 κατηριθμημένων
1097 4911 1207 4965 οὐδ’
1264 4913 1324 4965 ὲν
1380 4911 1663 4981 συγκρίσει
1731 4911 1795 4965 τὸ

224 5004 522 5058 ἀνεύθυνον
576 5003 936 5073 ἀποφέρεται,
964 5002 1099 5055 ἀλλὰ
1146 5001 1215 5055 τά
1272 5002 1372 5072 μὲν
1426 5002 1506 5065 είς
1548 5000 1646 5072 τὴν
1690 5001 1800 5055 τῶν

226 5097 521 5165 ὲκθέσμων
576 5099 671 5148 καὶ⁵
712 5094 1015 5164 βδελυκτῶν
1052 5094 1376 5148 ἀπελαύνειν
1426 5094 1633 5165 χώραν,
1668 5094 1801 5148 αὐτὸ

223 5188 287 5241 δὲ
312 5190 412 5257 τῆς
436 5187 545 5239 τῶν
574 5185 871 5239 ἐπαινετῶν
898 5186 992 5238 καὶ
1008 5185 1307 5238 καλλίστων
1338 5185 1550 5256 μερίδος
1579 5185 1801 5258 ἐξήρτη-

226 5295 341 5332 ται.
366 5278 544 5330 Καὶτὸ
563 5277 661 5346 μὲν
674 5277 768 5329 καὶ
783 5275 1114 5346 πεπρᾶχθαι,
1139 5277 1232 5329 καὶ
1249 5275 1694 5347 διαπράττεσθαι,
1713 5275 1803 5345 μέ-

228 5386 322 5439 χρι
352 5369 448 5422 νῦν
482 5370 1010 5440 πεπαρῥησιασμένῃ
1044 5369 1137 5422 καὶ
1166 5371 1339 5437 φωνῇ,
1358 5370 1451 5419 καὶ
1466 5367 1681 5439 γνώμῃ,
1707 5367 1801 5419 καὶ

229 5466 511 5533 προσώπῳ
525 5462 876 5534 κηρύσσεται.
900 5462 1021 5524 Πῶς
1034 5462 1140 5531 γὰρ
1156 5462 1256 5514 ούκ
1278 5460 1345 5513 ἂν
1374 5459 1798 5531 σεμνολογηθείη

234 5616 531 5687 Eustochio
552 5615 617 5669 ad
640 5630 848 5687 sacram
872 5632 992 5685 qua:
1015 5625 1099 5670 est
1118 5616 1173 5687 in
1204 5615 1512 5687 Pamphylia
1533 5616 1799 5686 synodum

232 5690 379 5742 Sidae
410 5686 686 5740 collectam
725 5685 866 5740 Sida:
894 5687 1111 5755 quidem
1133 5685 1463 5755 Pamphylin
1492 5685 1574 5740 est
1603 5687 1799 5741 Metro-

235 5758 398 5827 polis,
443 5757 524 5810 vel
565 5756 727 5825 (quod
761 5771 871 5808 non
916 5755 1099 5827 minus
1142 5756 1433 5827 verisimile
1472 5756 1576 5827 est)
1624 5773 1691 5811 ex
1736 5772 1800 5811 eo

234 5825 378 5897 orat,
404 5843 472 5883 ne
514 5829 892 5883 restitueretur
917 5825 1175 5899 lgnatius,
1207 5826 1302 5884 sed
1336 5834 1540 5883 tantum
1558 5825 1638 5885 'sit
1664 5842 1796 5884 con-

1899 4659 2043 4710 cere,
2071 4643 2117 4698 is
2146 4640 2239 4712 qui
2263 4648 2408 4695 recte
2432 4637 2677 4709 judicare
2700 4635 2869 4700 norit,
2888 4633 3131 4690 deﬁniat.

1968 4818 2038 4873 Et
2065 4830 2195 4872 vero
2230 4814 2375 4885 quod
2408 4830 2438 4869 a
2462 4812 2620 4868 nobis
2648 4810 2702 4865 in
2730 4810 2957 4865 crimine
2987 4806 3228 4878 ponitur,
3265 4804 3309 4858 si
3341 4819 3467 4858 cum

1899 4908 2176 4965 nonnullis
2201 4923 2321 4977 quae
2366 4906 2734 4962 admemorata
2767 4912 2915 4965 sunt,
2948 4899 3278 4957 conferatur,
3335 4896 3467 4950 recti

1900 5012 1955 5057 et
1982 5000 2098 5055 veri
2121 4998 2576 5054 existimationem
2604 4994 2859 5049 habebit:
2911 5000 2965 5046 et
2989 4990 3090 5044 alia
3120 4990 3339 5058 quidem
3371 5003 3469 5041 ne-

1900 5094 2160 5148 fariorum
2189 5100 2244 5147 et
2273 5088 2684 5145 exsecrabilium
2720 5087 2839 5140 loco
2879 5083 3173 5147 ducuntur,
3198 5080 3305 5136 hoc
3338 5095 3470 5135 vero

1900 5184 2045 5238 laudi
2075 5190 2178 5250 est,
2212 5190 2267 5237 et
2292 5189 2515 5252 putatur
2548 5193 2669 5233 esse
2689 5175 3137 5247 pulcherrimum,
3164 5171 3268 5225 hoc
3295 5186 3470 5241 usque

1900 5274 2084 5327 adhuc
2132 5281 2188 5326 et
2217 5270 2418 5325 factum
2445 5282 2588 5332 esse,
2627 5274 2684 5320 et
2712 5265 2849 5331 fieri,
2892 5263 3058 5317 libera
3086 5276 3218 5317 voce
3246 5270 3302 5317 et
3342 5276 3469 5316 sen—

1902 5365 2089 5428 tentia,
2132 5372 2187 5418 et
2240 5361 2393 5415 vultu
2443 5358 2785 5431 praedicatur.
2845 5354 3126 5422 Quomodo
3167 5354 3313 5409 enim
3356 5368 3468 5407 non

1900 5457 2129 5513 summis
2168 5455 2418 5511 laudibus
2449 5451 2574 5523 quis
2603 5450 2883 5518 efferatur,
2925 5447 3072 5520 quod
3096 5446 3338 5502 nondum
3378 5459 3470 5499 sa-

1902 5625 2082 5672 tentus
2111 5614 2333 5671 nomine
2356 5611 2596 5684 episcopi
2610 5611 2732 5684 frui
2753 5611 2884 5684 dum
2910 5609 3137 5684 viveret,
3158 5604 3237 5660 sic
3258 5608 3470 5656 astutus

1900 5686 2083 5814 3mm),
2114 5686 2259 5811 quold
2284 5678 2515 5741 maxime
2541 5678 2687 5753 velit,
2714 5682 2856 5739 haud
2881 5678 3171 5736 admodum
3192 5689 3250 5732 se
3278 5686 3469 5729 curare

1937 5766 2208 5814 cmonstra
2238 5795 2255 5811 .
