4052 6480
573 419 680 484 607
901 368 909 385 Ι
1688 418 1946 480 ΡΗΟΤΙΙ
1985 417 2173 478 PATR

2277 416 2489 478 RCHE
2537 417 2648 476 (ΣΡ.
3712 404 3814 467 θθΒ

576 532 860 587 cerdotum
879 529 1127 586 ordinem
1144 536 1447 593 assecutus,
1476 526 1548 581 ita
1574 525 1738 581 vitam
1764 543 1917 581 suam
1952 528 2148 581 immo-

2277 544 2355 592 ἰς,
2383 527 2465 580 ὅτι
2490 527 2658 596 μήπω
2688 520 2892 593 λήξεως
2940 516 3255 591 ἱερωμένων
3301 516 3504 587 τυχὼν,
3532 512 3818 588 οὖτωςτήν

577 624 799 678 do‘ratus
823 630 928 685 est,
957 632 1017 676 ut
1044 630 1099 676 et
1130 621 1272 687 aliis,
1316 618 1514 691 quibus
1540 619 1901 674 sacerdotium
1937 618 2148 689 obtigit,

2277 618 2450 671 ιαυτοῦ
2503 614 2780 670 πολιτείαν
2829 611 3147 684 ἐρύθμισεν,
3184 610 3325 664 ὥστε
3368 610 3465 663 κα.)⁴
3525 608 3622 662 ὑπ’
3648 608 3819 661 αὐτῶν

578 726 635 770 et
658 717 726 770 ab
756 715 904 770 omni
933 715 1140 782 reliquo
1173 722 1317 768 coetu
1365 712 1431 767 ad
1472 712 1841 781 pontiﬁcatum
1870 712 1990 766 aliis
2014 727 2151 781 pra:—

2277 709 2368 760 τῶν
2418 703 2851 776 κεκληρωμένων
2887 702 2987 772 τὴν
3033 700 3357 772 ἱερωσύνην,
3380 698 3475 751 καὶ
3503 698 3707 759 παντὸς
3732 694 3819 748 τοῦ

580 807 786 859 feratur
812 807 836 858 ?
870 803 1125 870 Qumdam
1156 817 1287 857 vero
1314 816 1383 856 ne
1411 802 1479 855 ab
1506 802 1573 855 iis
1602 802 1820 871 quidem
1845 803 1935 871 qui
1966 802 2147 856 d‘elin-

2277 798 2415 851 ἱλλου
2470 795 2833 867 πληρώματος
2862 794 2941 857 εἰς
2988 790 3249 863 ἀρχιερέα
3278 788 3676 861 προκρίνεσθαι
3704 806 3719 853 ;
3747 786 3823 840 Τά

578 907 756 967 qnunt
807 896 971 968 (quod
999 895 1213 965 quidem
1263 894 1452 964 sciam)
1493 893 1638 963 quod
1674 894 1810 947 ﬁunt
1846 934 1862 960 ,
1924 894 2157 947 laudan-

2277 894 2319 944 Ξέ
2352 889 2460 943 οὐδ’
2483 890 2565 943 ὅτι
2604 887 2925 957 πράττεται,
2957 884 3056 937 ὅσα
3102 882 3203 954 ἐμὲ
3233 881 3550 951 γινώσκειν,
3585 895 3823 947 συκομο-

584 994 670 1037 ιιιι·
725 983 794 1038 ob
849 998 1117 1037 summam
1178 980 1410 1037 fortasse
1448 982 1861 1045 absurditatem,
1924 992 2020 1037 aut
2056 998 2158 1036 ne-

2277 986 2487 1054 lémrat
2512 982 2625 1044 τοῖς
2659 978 3039 1050 ἁμαρτάνουσι
3061 978 3132 1048 τῇ
3182 974 3457 1046 ὑπερῦολῇ
3485 970 3584 1025 τοῦ
3626 972 3823 1041 άτοπή-

581 1075 693 1128 scio
733 1074 862 1143 quid
905 1072 1111 1139 dicam,
1156 1073 1222 1128 iis
1261 1073 1355 1143 qui
1407 1072 1655 1128 fecerunt
1699 1114 1715 1137 ,
1774 1073 2159 1127 inﬁciationem

583 1166 794 1218 veritati
862 1164 1342 1233 anteponentibus.
1405 1163 1536 1229 Quis
1583 1165 1727 1217 enim
1776 1163 2112 1218 sabbatizare
2140 1202 2157 1228 ,

581 1257 671 1325 qui
704 1255 757 1308 in
794 1253 1119 1309 Christianis
1182 1262 1490 1318 censeatur,
1548 1254 1760 1308 etiamsi
1826 1253 2022 1308 millies
2076 1253 2163 1307 his

585 1348 926 1413 succumbat,
960 1362 1072 1402 non
1102 1348 1322 1417 ejuret?
1350 1346 1482 1412 Quis
1526 1361 1584 1401 se
1627 1346 1959 1417 conjugium,
1992 1361 2164 1401 exse—

586 1438 727 1491 crari
782 1437 1102 1507 legitimum,
1150 1437 1254 1490 nisi
1281 1437 1404 1506 quis
1447 1437 1740 1507 impiorum
1768 1452 1831 1491 ac
1879 1436 1996 1490 sine
2052 1436 2165 1491 Deo

588 1529 868 1582 hominum
890 1530 1215 1583 sententiam
1232 1528 1408 1598 opiﬁci
1428 1536 1716 1599 proponat,
1735 1527 1850 1583 etei
1868 1528 2162 1599 hypostasi,

586 1634 707 1686 quae
736 1617 862 1671 inde
890 1632 989 1687 per
1016 1617 1313 1672 bonitatem
1341 1619 1589 1673 exstitit?
1616 1617 1747 1684 Quis
1769 1628 1949 1672 autem
1981 1617 2166 1671 Domi-

588 1712 837 1764 nicorum
867 1718 922 1763 et
944 1718 1319 1779 paternorum,
1354 1718 1409 1764 et
1444 1708 1786 1782 synodalium
1816 1709 2165 1763 decretorum

591 1804 684 1871 (ne
735 1800 1007 1872 sigillatim
1054 1799 1251 1870 dicam)
1290 1815 1403 1854 non
1440 1808 1755 1855 revereatur
1782 1800 2052 1865 conﬁteri,
2097 1814 2157 1854 se

2266 1091 2429 1145 ματος
2485 1074 2613 1135 iam;
2644 1070 2677 1142 ἦ
2713 1069 2813 1122 οὐκ
2873 1063 2970 1120 οἷδ’
2997 1068 3024 1120 ὃ
3051 1084 3104 1120 τι
3152 1068 3247 1119 καὶ
3292 1066 3453 1127 εἴπω,
3487 1063 3603 1116 τῶν
3648 1061 3823 1132 δεδρα-

2264 1167 2435 1221 κότων
2488 1162 2904 1232 ἀλλασσομένων
2976 1158 3174 1230 μᾶλλον
3243 1158 3340 1226 τῆς
3406 1154 3671 1225 ἀληθείας
3736 1154 3825 1222 τὴν

2265 1260 2513 1330 ἄρνησιν.
2535 1256 2631 1317 Τις
2663 1254 2771 1326 γὰρ
2802 1252 3152 1316 σαϐϐατίζειν
3174 1252 3234 1303 ἐν
3263 1249 3617 1319 Χριστιανοῖς
3644 1244 3825 1305 τελῶν,

2270 1352 2371 1405 κᾶν
2398 1349 2655 1420 μυριάκις
2679 1344 3000 1414 ὑπενεχθείη
3028 1342 3239 1404 τούτοις
3270 1342 3369 1394 οὐκ
3388 1339 3454 1394 ἂν
3485 1338 3825 1408 ἐξομόσαιτος

2268 1443 2363 1506 Τίς
2393 1442 2450 1495 δὲ
2486 1441 2665 1509 γάμον
2696 1435 3075 1508 βδελύττεσθαι
3116 1433 3401 1504 ἔνθεσμον,
3433 1431 3485 1484 εἰ
3520 1430 3601 1499 μὴ
3634 1428 3825 1482 τᾶτῶν

2267 1532 2543 1590 δυσσεϐῶν
2565 1532 2658 1585 καὶ
2688 1530 2862 1583 ἀθέων
2892 1526 3249 1599 ἐπιπροσθείη
3298 1524 3394 1578 καὶ
3437 1522 3535 1576 σωῦ
3563 1525 3830 1592 Δημιουρ-

2270 1626 2394 1696 γοῦ,
2427 1625 2519 1678 καὶ
2576 1622 2674 1691 τῆς
2703 1621 2913 1674 ἐκεῖθεν
2947 1618 3284 1687 άγαθοειδῶς
3313 1613 3674 1681 ούσιωθείσης
3713 1612 3831 1664 ὑπο-

2274 1720 2554 1779 στάσεωςς
2585 1715 2681 1776 Τίς
2707 1712 2763 1767 δὲ
2790 1713 2901 1765 τῶν
2920 1709 3265 1764 Δεσποτικῶν
3299 1708 3393 1760 καὶ
3425 1704 3723 1775 Πατρικῶν
3754 1703 3832 1754 καὶ

2278 1807 2569 1862 συνοδικῶν
2620 1805 2906 1877 δογμάτων
2962 1804 3073 1871 (ἴνα
3121 1802 3196 1870 μὴ
3234 1798 3355 1853 καθ’
3385 1798 3624 1850 ἕκαστον
3659 1792 3832 1863 λέγω).

591 1892 772 1946 moliri
803 1891 1220 1961 contemptum?
1248 1891 1331 1955 Ex,
1350 1890 1501 1946 laicis
1532 1906 1661 1946 sane
1691 1907 1814 1946 eum
1843 1891 1935 1961 qui
1955 1906 2168 1945 sacrum

2277 1903 2372 1955 οὐκ
2430 1901 2497 1954 ἂν
2558 1896 2870 1967 αἰσχυνθείη
2923 1895 3019 1948 καὶ
3065 1892 3319 1963 πράττων
3349 1889 3694 1959 ὁμολογῆσαι
3746 1884 3832 1953 τὴν

594 1984 721 2037 vitae
755 1998 925 2053 genus
959 1983 1282 2053 susceperit,
1317 1983 1386 2037 ad
1432 1982 1804 2052 pontiﬁcatum
1836 1980 2166 2052 promoveri,

592 2076 751 2129 valde
773 2089 1113 2145 consequens
1143 2088 1264 2129 esse
1308 2073 1507 2129 divinis
1539 2072 1811 2135 Patribus,
1848 2088 1955 2126 non
1988 2071 2170 2126 verbis

594 2163 1033 2233 pronuntiatum,
1061 2164 1155 2218 sed
1185 2178 1244 2218 re
1274 2161 1390 2233 ipsa
1419 2172 1650 2234 gestum,
1683 2177 1890 2233 magna:
1924 2160 2172 2215 utilitatis

595 2270 811 2324 sponsa:
838 2253 1041 2309 Christi
1068 2253 1324 2311 Ecclesia:
1356 2270 1541 2320 causa,
1582 2254 1640 2310 in
1667 2254 1917 2326 pluribus
1945 2253 2175 2308 demono

594 2356 827 2401 stratum
847 2353 952 2401 est.

663 2520 748 2576 Ad
780 2522 917 2588 haec,
935 2522 1137 2591 aspice,
1166 2522 1209 2577 si
1240 2522 1341 2586 vis,
1362 2532 1417 2577 et
1436 2523 1866 2578 ministeriorum
1887 2523 2176 2579 varietates

593 2629 717 2683 qua:
748 2612 805 2667 in
839 2614 1207 2677 orationibus,
1259 2629 1380 2685 quae
1423 2613 1480 2667 in
1516 2614 1972 2677 invocationibus,
2000 2614 2056 2667 in
2081 2628 2175 2667 or-

598 2707 729 2761 dine
760 2712 815 2760 et
847 2705 1258 2775 consequentia,
1309 2705 1363 2759 in
1411 2706 1672 2777 temporis
1709 2706 2073 2761 diuturnitate
2120 2719 2177 2762 et

594 2798 891 2865 brevitate,
944 2798 1001 2853 in
1045 2799 1396 2855 multitudine
1427 2808 1481 2854 et
1518 2801 1814 2870 paucitate.
1856 2800 1922 2855 Et
1953 2801 2174 2871 quidem

602 2893 658 2946 in
711 2891 779 2945 iis
826 2892 883 2960 (ο
935 2891 1284 2959 miraculum)
1320 2892 1627 2946 communis
1675 2892 1831 2961 panis
1878 2892 1934 2946 in
1979 2907 2179 2963 corpus

486 3046 487 3049 η
596 2983 805 3039 Christi
856 2992 1120 3048 mutatur,
1155 2992 1209 3039 et
1243 2998 1533 3038 commune
1567 2982 1753 3038 vinum
1804 2984 2024 3055 sanguis
2063 2985 2182 3054 ejus

605 3076 698 3139 sit,
717 3076 810 3145 qui
831 3090 955 3128 eum
975 3075 1029 3128 in
1052 3074 1480 3144 redemptionem
1504 3075 1662 3130 nobis
1683 3076 1750 3130 de
1771 3076 1990 3146 proprio
2013 3076 2183 3131 latere

606 3181 733 3222 cum
762 3181 901 3236 aqua
948 3165 1182 3231 ell‘udit;
1223 3176 1281 3221 et
1330 3168 1526 3222 horum
1557 3167 1847 3222 discrimen
1891 3182 1955 3222 ac
2004 3167 2181 3222 varie-

610 3268 696 3314 tas
721 3259 1072 3323 uniformem,
1105 3258 1471 3330 Deiﬁcamque
1494 3261 1729 3330 Spiritus
1754 3261 1981 3331 gratiam
2001 3259 2184 3314 multi-

610 3349 845 3420 pliciter,
878 3358 934 3404 et
961 3350 1354 3407 invariabiliter
1397 3352 1597 3422 suscipi
1636 3352 1703 3406 ab
1731 3352 1794 3406 iis
1827 3360 2049 3424 propter
2066 3369 2188 3422 qua:

612 3439 729 3493 haac
750 3446 1031 3509 geruntur,
1056 3455 1166 3494 non
1190 3441 1487 3510 prohibuit.
1509 3440 1654 3506 Quin
1669 3441 1832 3496 etiam
1856 3451 2021 3497 testes
2046 3442 2190 3513 apud

612 3547 712 3586 nos
754 3539 810 3585 et
834 3532 1035 3602 regulis
1066 3533 1267 3587 nostris
1299 3533 1366 3588 ad
1402 3542 1510 3588 tres
1552 3549 1944 3589 numeramus:
1996 3535 2086 3605 qui
2142 3535 2189 3590 si

608 3625 905 3695 cwteroqui
965 3625 1101 3681 vitio
1142 3635 1386 3692 careant,
1423 3625 1556 3680 satis
1598 3636 1727 3680 sunt
1754 3627 1821 3680 ad
1851 3625 2009 3680 ﬁdem
2047 3624 2192 3679 veri-

2272 1990 2653 2059 ὲξουδένωσινς
2729 1988 2823 2040 Ἐκ
2881 1986 3065 2055 μέντοι
3122 1981 3324 2036 λαῖκῶν
3366 1978 3520 2051 ἱερὰν
3570 1976 3836 2030 πολιτείαν

2273 2080 2689 2153 ἐπανῃρημένον
2727 2080 2806 2141 εἰς
2854 2076 3114 2147 ἀρχιερέα
3148 2072 3514 2142 προάγεσθαι,
3549 2068 3836 2124 ἀκόλουθον

2272 2176 2433 2241 ἄγαν,
2469 2174 2565 2226 καὶ
2586 2171 2830 2242 Πατράσι
2864 2169 3029 2231 θείοις
3060 2167 3119 2221 οὐ
3151 2166 3327 2233 λόγοις
3364 2162 3832 2234 καθωμιλημένον,

2272 2260 2385 2313 ἀλλ’
2414 2258 2597 2328 ἔργοις
2617 2256 2797 2316 αὐτοῖς
2818 2252 3313 2322 διαπεπραγμένον,
3339 2251 3431 2302 ἐπὶ
3460 2249 3689 2319 μεγάλῳ
3718 2245 3831 2315 κέρ-

2272 2350 2351 2403 δει
2378 2353 2475 2420 τῆς
2516 2348 2735 2418 νύμφης
2762 2344 2996 2417 Χριστοῦ
3035 2343 3358 2415 Ἐκκλησίας
3390 2341 3536 2396 κατά
3552 2339 3834 2411 διαφόρως

2276 2442 2503 2512 καιροὺς
2536 2439 2921 2492 ἐπιδέδεικται.

2350 2530 2495 2600 Ὅρα
2520 2530 2601 2595 δὲ,
2621 2531 2666 2581 εἰ
2690 2527 3040 2597 βού).ει,πρδς
3054 2528 3165 2589 τοῖς
3186 2523 3495 2597 εἰρημένοις
3520 2521 3724 2585 καὶτὰς
3739 2523 3838 2574 τῶν

2276 2621 2669 2696 λειτουργικῶν
2706 2621 3031 2692 ἑτερότητας
3060 2619 3157 2682 τὰς
3191 2620 3249 2670 ἐν
3268 2620 3388 2680 ταῖς
3421 2618 3635 2686 εὐχαῖς,
3656 2614 3753 2676 τὰς
3782 2614 3835 2665 ἐν

2278 2720 2397 2781 ταῖς
2444 2716 2785 2786 ἐπικλήσεσι,
2808 2712 2907 2777 τὰς
2937 2713 2994 2767 ἐν
3020 2712 3167 2778 τάξει
3198 2710 3293 2765 καὶ
3313 2706 3626 2779 ἀκολουθίᾳ,
3664 2706 3761 2770 τὰς
3786 2706 3839 2759 ἐν

2277 2809 2356 2876 τῷ
2400 2805 2494 2860 τοῦ
2545 2806 2737 2877 χρόνου
2790 2805 2974 2877 μήκει,
3000 2806 3091 2856 καὶ
3128 2804 3193 2872 τῇ
3252 2800 3572 2872 βραχύτητι,
3637 2798 3737 2860 τὰς
3786 2796 3838 2848 ἐν

2280 2899 2474 2970 πλήθει
2492 2901 2584 2951 καὶ
2595 2896 2888 2968 ὀλιγότητι,
2904 2895 3078 2948 καίτοι
3090 2893 3157 2945 δι’
3169 2894 3364 2956 αὐτῶν,
3378 2890 3423 2943 ῶ
3439 2891 3533 2943 τοῦ
3550 2888 3840 2959 θαύματοςῑ

2279 2995 2308 3048 ό
2334 2992 2511 3055 κοινὸς
2537 2990 2700 3061 ἄρτος
2716 2989 2796 3052 εις
2822 2988 2981 3058 σῶμα
3006 2983 3239 3057 Χριστοῦ
3274 2982 3694 3054 μεταϐάλλεται,
3717 2981 3846 3033 καλό

2282 3083 2459 3147 κοινὸς
2483 3078 2623 3146 οἶνος
2651 3077 2793 3151 αἷμα
2838 3079 3170 3151 χρηματίζει
3194 3076 3285 3130 τοῦ
3310 3075 3506 3145 λύτρον
3537 3074 3673 3143 ἡμῖν
3691 3071 3750 3139 ἐξ
3774 3072 3844 3124 oi-

2283 3177 2437 3239 κείας
2462 3176 2701 3244 πλευρᾶς
2733 3172 2893 3227 τοῦτο
2923 3173 3019 3225 σὺν
3046 3170 3197 3222 ῦδᾶτι
3222 3166 3535 3237 βλύσαντος.
3559 3164 3672 3216 Καὶ
3696 3163 3731 3231 ἡ
3750 3162 3852 3216 τῶν

2286 3268 2588 3340 εἰρημένων
2603 3266 2858 3338 ἑτερότης
2878 3282 2933 3318 τε
2948 3262 3043 3317 καὶ
3068 3261 3389 3334 παραλλαγὴ
3408 3259 3508 3328 τὴν
3532 3257 3745 3326 ἐνοειδῆ
3764 3256 3848 3309 καὶ

2288 3358 2532 3413 θεοποιὸν
2572 3357 2730 3428 χάριν
2777 3355 2868 3408 τοῦ
2920 3349 3235 3424 Πνεῦματος
3272 3348 3629 3417 άπληθύντως
3669 3363 3729 3400 τε
3767 3344 3849 3399 καὶ

2293 3449 2727 3521 ἀπαραλλάκτως
2758 3444 3117 3509 ὑποδέξασθαι
3143 3442 3212 3497 τά
3255 3441 3339 3510 ἐφ’
3375 3435 3456 3504 οἷς
3486 3438 3667 3492 ταῦτα
3693 3437 3849 3490 τελεῖ-

2290 3560 2380 3595 ται
2404 3542 2461 3594 οὺ
2488 3538 2834 3593 διεκώλυσεν.
2860 3536 2997 3590 ἀλλὰ
3022 3534 3116 3589 καὶ
3154 3533 3429 3605 μάρτυρες
3451 3530 3553 3602 μὲν
3578 3531 3714 3601 παρ’
3734 3529 3849 3598 ἡμῖν

2292 3634 2388 3688 καὶ
2419 3634 2530 3697 τοῖς
2564 3632 2692 3700 παρ’
2723 3631 2854 3700 ἡμῖν
2877 3628 3060 3681 κανόσι
3087 3626 3250 3698 μέχρι
3274 3626 3440 3696 τριῶν
3464 3622 3851 3695 ἀριθμούμενοι

615 3716 713 3770 tati
767 3714 1097 3782 faciendam,
1132 3715 1385 3786 quamvis
1416 3717 1470 3770 in
1501 3716 1744 3788 episcopi
1774 3716 1982 3771 crimen
2049 3716 2193 3771 asci-

613 3818 874 3864 scantur:
905 3807 1051 3880 apud
1087 3808 1223 3863 alios
1265 3823 1393 3863 vero
1430 3808 1536 3863 nisi
1562 3809 1778 3863 testium
1811 3823 2072 3862 numerus
2104 3822 2173 3861 su

2294 3816 2681 3887 ἀλήθειαν,κᾶν
2696 3817 2778 3878 εἰς
2799 3814 3097 3867 ἐπισκόπου
3117 3811 3393 3882 ληφθῶσιν
3412 3808 3613 3878 ἐπίκλη
3625 3824 3722 3878 μα’
3741 3806 3852 3876 παρ’

616 3907 772 3968 peret
819 3898 1163 3968 septuaginta
1220 3898 1377 3968 quasi
1433 3898 1712 3967 populum,
1744 3895 1837 3966 qui
1890 3904 2173 3951 accusatur

2297 3908 2479 3971 ἄλλοις
2496 3906 2553 3959 δὲ
2575 3905 2643 3961 ἂν
2658 3906 2735 3975 μὴ
2759 3905 2849 3958 τὸν
2867 3903 2986 3957 ἐὸδο
2993 3904 3065 3973 μή
3073 3918 3233 3954 κοντα
3250 3900 3422 3970 δῆμον
3449 3899 3510 3951 τὸ
3531 3898 3645 3952 τῶν
3662 3895 3854 3966 μαρτύσ

617 3986 969 4054 quantumvis
1011 3987 1067 4041 in
1118 4002 1179 4042 re
1234 3986 1352 4058 ipsa
1394 3988 1557 4042 fuerit
1604 3988 2001 4059 deprehensus,
2046 4002 2173 4041 omn

2302 4016 2412 4073 ρων
2427 3998 2529 4053 {me
2539 3996 2783 4070 ρεκπέση
2800 3993 3023 4065 πλῆθος,
3045 3992 3375 4061 ἀνέγκλητος
3389 3992 3417 4043 ὁ
3428 3990 3854 4059 καθηγούμενος,

620 4079 856 4133 crimine
888 4079 1027 4134 liber
1056 4078 1376 4136 absolvitur.
1424 4079 1566 4135 Satis
1602 4096 1722 4151 qua:
1748 4081 1892 4134 dicta
1922 4090 2050 4135 sunt
2076 4094 2173 4135 εδει

2298 4092 2404 4147 κᾶν
2461 4091 2545 4144 ἐπ’
2590 4087 2891 4156 αὐτοφώρῳ
2911 4084 3089 4155 ληφθῇ
3116 4083 3432 4137 ἀπολύεται.
3470 4080 3770 4150 Ἐπιλεὶψει
3801 4095 3856 4148 με

622 4176 767 4225 duco
783 4170 1099 4226 hominibus
1126 4172 1316 4243 aequis,
1345 4172 1547 4241 quique
1575 4188 1681 4226 non
1699 4171 1908 4236 malint,
1930 4187 2088 4241 quam
2113 4174 2173 4225 in,

2301 4187 2335 4255 ἢ
2370 4183 2550 4255 ἡμέρα
2583 4181 2683 4244 τὰς
2714 4177 2972 4241 τοιαύτας
3013 4176 3277 4246 διαφορὰς
3304 4173 3652 4242 ἐπιλέγοντα,
3687 4173 3857 4244 ἀρκεῖν

625 4262 891 4333 telligere,
924 4263 1197 4336 redargui.
1244 4264 1385 4331 Quid
1414 4273 1595 4318 autem
1636 4262 1807 4334 ﬁgura
1862 4262 2173 4332 capillorum

2300 4277 2346 4330 δ’
2389 4273 2628 4347 ἡγοῦμαι
2656 4272 2752 4326 καὶ
2779 4274 2878 4334 τὰς
2917 4269 3212 4342 εἰρημένας
3250 4268 3363 4329 τοῖς
3413 4264 3747 4336 εὐγνώμοσι,
3780 4263 3861 4317 καὶ

623 4373 688 4417 ac
718 4356 977 4426 temporis
1002 4356 1307 4429 prorogatio
1327 4358 1395 4413 ad
1419 4357 1777 4413 sacerdotium
1802 4355 2173 4424 suscipiendum

2303 4364 2385 4431 οἷς
2411 4365 2485 4437 μὴ
2515 4364 2713 4435 μᾶλλον
2737 4363 2999 4434 ἐράσμιον
3021 4359 3115 4414 τοῦ
3143 4360 3382 4412 συνιέναι
3397 4357 3459 4411 τὸ
3477 4354 3857 4425 διελέγχεσθαι.

625 4448 849 4521 potest?
880 4448 1056 4505 Mores
1080 4450 1226 4505 enim
1270 4450 1552 4505 hominem
1588 4460 1715 4505 ante
1745 4449 2034 4505 sacerdotii
2070 4448 2173 4519 ﬁgu

2306 4458 2350 4511 Τ
2357 4459 2373 4510 ί
2408 4457 2465 4511 δὲ
2493 4455 2590 4510 καὶ
2633 4457 2819 4525 σχῆμα
2850 4452 3076 4524 τριχῶν,
3108 4452 3200 4505 καὶ
3232 4450 3426 4521 χρόνου
3457 4448 3773 4519 παράτασις
3792 4445 3862 4506 εἰς

627 4555 745 4596 ram
806 4542 1029 4613 dignum
1056 4545 1372 4612 ostendunt,
1418 4546 1632 4601 tametsi
1688 4546 1931 4601 nondum
1986 4545 2109 4615 quis
2149 4560 2173 4599 ρ

2310 4546 2608 4618 ἱερωσύνης
2660 4545 2943 4615 ἀντίληψιν
2989 4544 3251 4605 δύναται;
3290 4544 3319 4595 ό
3368 4540 3471 4611 μὲν
3525 4539 3636 4609 γὰρ
3679 4538 3862 4608 τρόπος

624 4650 850 4690 manum
877 4637 1141 4706 imponat,
1163 4637 1403 4692 nondum
1427 4637 1617 4693 didicit
1642 4653 1849 4708 preces.
1874 4636 2027 4691 Multi
2048 4652 2173 4692 vero

2309 4641 2401 4692 τὸν
2454 4638 2623 4711 ἄνδρα
2672 4639 2766 4691 καὶ
2808 4638 2916 4707 πρὸ
2969 4634 3063 4690 τοῦ
3110 4636 3386 4704 σχήματος
3423 4631 3525 4700 τῆς
3579 4628 3863 4698 ἱερωσύνης

624 4740 763 4795 quos
807 4741 988 4781 mores
1038 4726 1273 4796 fugiunt,
1323 4728 1513 4782 habitu
1536 4729 1850 4794 venerandi,
1902 4727 1957 4781 in
2008 4727 2173 4781 habiti

2307 4729 2582 4786 δείκνυσιν
2614 4727 2785 4794 ἀξιον,
2817 4727 2919 4780 κᾶν
2945 4729 3018 4795 μή
3052 4724 3138 4778 πώ
3163 4741 3244 4787 τις
3272 4722 3536 4793 αὐτῷτὴν
3567 4723 3730 4791 χεῖρα
3756 4722 3862 4770 ἐπι-

625 4815 938 4872 consistunt
984 4834 1000 4883 ;
1046 4818 1250 4874 etenim
1300 4818 1620 4889 capillorum
1670 4819 1935 4874 resccatio
1991 4818 2173 4889 signur

2306 4822 2449 4892 τιθῇ,
2484 4821 2588 4876 κᾶν
2614 4821 2689 4891 μὴ
2728 4819 2960 4891 ἐπιλέγῃ
2985 4819 3083 4888 τὴν
3118 4818 3306 4888 εὐχήν.
3330 4815 3567 4877 Πολλοὺς
3608 4814 3667 4867 δέ
3696 4810 3866 4882 φυγὼν

627 4916 713 4963 est
733 4911 1169 4966 conversationis
1201 4927 1231 4966 a
1260 4913 1493 4967 mortuis
1539 4911 1797 4982 operibus
1825 4926 1996 4981 pttt‘tB.
2026 4909 2091 4963 Et
2116 4925 2173 4978 qt

2306 4913 2336 4965 ό
2376 4910 2576 4981 τρόπος
2612 4910 2706 4961 ἐπὶ
2749 4910 3030 4979 σχήματος
3090 4908 3275 4978 μένειν
3317 4906 3444 4967 τοὺς
3511 4906 3753 4973 σχήματι
3794 4916 3864 4952 σε-

630 5002 707 5055 ita
762 5010 866 5067 est,
898 5003 1145 5072 quamvis
1174 5003 1313 5074 signi
1339 5005 1467 5059 tuba
1496 5005 1737 5059 nondum
1766 5003 2005 5067 insonet,
2042 5002 2173 5055 vitar

2313 5000 2677 5072 μνυνομένους
2705 4999 3086 5069 ἐγκατέλιπεν.
3129 4997 3192 5050 Ἥ
3228 4996 3325 5066 μὲν
3360 4996 3471 5066 γάρ
3516 4996 3630 5047 τῶν
3684 4990 3865 5064 τριχῶν

628 5092 748 5161 ejus
774 5093 1078 5161 praedicans
1107 5110 1321 5165 puram,
1348 5096 1432 5150 hic
1462 5097 1517 5150 in
1539 5097 1715 5152 nihilo
1732 5096 1863 5151 mihi
1893 5110 1959 5150 eo
1986 5092 2173 5149 inferio

2312 5093 2622 5165 περικοπὴ,
2694 5090 2921 5162 σημεῖόν
2977 5092 3096 5143 ἐστι
3152 5089 3426 5150 πολιτείας
3474 5085 3865 5156 καθαρευούσης

625 5183 832 5239 virtute
855 5194 957 5251 est,
986 5186 1079 5256 qui
1108 5186 1323 5259 signum
1362 5188 1522 5259 gerit.

2315 5182 2494 5254 ἔργων
2538 5180 2770 5250 νεκρῶν.
2816 5179 2874 5232 '0
2906 5178 2963 5231 δὲ
3012 5178 3104 5231 τὸν
3156 5175 3354 5234 ἐαυτοῦ
3387 5173 3502 5245 βίον
3543 5172 3860 5242 ἁκηλὶδωτον

628 5274 732 5346 ὅση
763 5275 987 5348 δύναμις
1019 5279 1321 5350 συντηρῶν,
1356 5280 1459 5334 κᾶν
1503 5280 1661 5352 ἡτοῦ
1698 5279 1926 5351 σημείου
1998 5274 2238 5345 σάλπιγξ
2286 5274 2461 5335 ,οὔπω
2512 5274 2694 5343 ὴχήσῃ
2724 5272 2813 5325 τὸν
2868 5270 2986 5341 βίον
3033 5268 3200 5329 αὑτοῦ
3243 5266 3590 5338 κηρύττουσα
3626 5262 3864 5335 καθαρὸν.

629 5360 786 5431 οὗτος
809 5369 962 5422 οὐδὲν
991 5371 1115 5441 ἐμοὶ
1128 5370 1223 5424 τοῦ
1248 5371 1505 5441 φέροντος
1529 5372 1591 5424 τὸ
1621 5374 1845 5443 σημεῖον
1862 5369 2203 5441 ἐνδεέστερος
2243 5365 2323 5431 εἰς
2352 5366 2577 5437 ἀρετὴν.

702 5462 880 5532 Atque
927 5462 1045 5517 haec
1059 5463 1301 5520 dicemus
1321 5477 1433 5520 non
1455 5479 1557 5518 nos
1578 5463 1724 5534 ipsos
1745 5463 2173 5518 commendante:

2386 5472 2496 5533 Καὶ
2529 5470 2701 5524 ταῦτά
2749 5487 2931 5539 φαμεν
2966 5469 3067 5541 οὐχ
3118 5469 3346 5533 ἑαυτοὺς
3396 5467 3863 5539 ἀποσεμνύνοντες.

632 5555 791 5609 Absit
822 5556 836 5609 ι
887 5570 1043 5626 aeque
1069 5556 1216 5611 eitim
1246 5572 1350 5612 nos
1374 5572 1406 5611 a
1435 5556 1680 5612 moribus
1722 5563 1887 5625 atque
1908 5555 1977 5610 ab
2021 5554 2173 5610 habit

2320 5565 2395 5635 μή
2424 5580 2476 5616 τι
2521 5562 2765 5631 γένηται.
2808 5561 3037 5631 Ἐπίσης
3062 5561 3173 5632 γὰρ
3206 5562 3367 5631 ἡμεῖς
3394 5560 3503 5613 τῶν
3540 5577 3603 5612 τε
3648 5558 3865 5630 τρόπων,

634 5649 929 5715 abfuimus,
982 5656 1307 5720 lituumque
1338 5650 1515 5714 abest,
1537 5658 1598 5703 ut
1623 5650 1742 5703 hazc
1765 5648 1834 5703 de
1862 5649 2075 5719 meipso
2122 5647 2173 5703 di

2317 5657 2411 5710 καὶ
2453 5654 2548 5708 τοῦ
2593 5656 2873 5726 σχήματος
2914 5653 3311 5724 ἀπελιπόμεθα,
3351 5651 3448 5705 καὶ
3486 5650 3736 5705 τοσοῦτον
3776 5647 3865 5699 δέω

634 5759 780 5809 cmn,
820 5751 880 5798 ut
927 5743 1132 5808 verius,
1156 5744 1200 5797 si
1230 5743 1323 5813 qui
1358 5758 1459 5797 nos
1487 5741 1654 5797 velint
1701 5740 1814 5798 risu
1853 5757 1916 5796 ac
1970 5742 2173 5797 dicterii

2316 5746 2488 5801 ταῦτα
2534 5745 2715 5814 λέγειν
2760 5747 2892 5815 περὶ
2940 5743 3203 5813 ἐμαυτοῦ,
3231 5742 3371 5797 ὥστε
3399 5743 3495 5796 καὶ
3522 5738 3865 5809 εὐλογώτερον

642 5843 933 5905 incessere,
971 5837 1181 5908 possint
1219 5835 1388 5912 magis
1420 5851 1484 5892 ex
1520 5835 1763 5894 moribus
1800 5836 2103 5894 sacerdotio
2135 5838 2169 5897 d

2320 5835 2459 5895 εἶναι
2491 5855 2633 5908 φημι
2664 5840 2772 5901 τοῖς
2816 5836 3162 5915 βουλομένοις
3189 5834 3554 5890 ἐπισκώπτειν
3587 5833 3729 5907 ἡμᾶς
3772 5825 3862 5882 ἀπὸ

2293 3725 2358 3779 ἂν
2378 3723 2550 3787 ἄλλως
2562 3722 2877 3793 ἀδιάὸλητοι
2893 3719 3147 3791 τύχωσιν,
3174 3718 3347 3772 ἱκανοὶ
3364 3714 3746 3770 πιστώσασθαι
3766 3713 3854 3782 τὴν
