4052 6412
161 379 273 445 ως

1320 364 1873 429 .EPISTOLARUM
1904 333 2138 431 LIBER
2170 372 2221 432 ι.

3303 364 3412 433 610

159 490 278 543 τῶν
319 480 538 557 τρόπων
588 480 788 554 μᾶλλον
832 478 941 533 τῶν
990 477 1092 548 τῆς
1136 475 1433 546 ἱερωσύνης
1488 475 1678 541 ἀξίων,
1708 474 1742 544 ἢ

1858 476 1985 546 guis,
2029 491 2195 545 quam
2228 492 2292 533 ex
2340 476 2509 549 ﬁgura
2541 476 2597 532 in
2625 491 2724 533 nos
2757 476 3059 547 insurgere.
3087 475 3207 532 Non
3255 477 3419 549 igitur

161 580 275 634 ἀπό
300 594 368 648 γε
396 576 493 630 τοῦ
523 578 802 645 σχήματος
830 570 1242 625 ἐπανίστασθαι.
1279 570 1390 638 Οὐχ
1422 568 1560 639 ὑπὲρ
1584 567 1741 637 ἡμῶν

160 670 263 726 οὖν
292 669 488 733 ταῦτα,
514 667 627 720 ἀλλ’
669 665 812 734 ὑπὲρ
844 657 922 716 ὢν
964 662 1060 716 καὶ
1101 660 1336 731 πρόσθεν
1358 659 1568 730 ἔφημεν
1598 657 1741 729 γρά-

162 779 352 833 φεται.
382 759 644 830 Πατέρων
675 757 786 827 γάρ
842 754 1029 817 κακῶς
1063 753 1370 807 ἀκουόντων
1420 752 1631 807 δέδοικα
1680 751 1743 806 τὸ

166 855 246 925 μὴ
273 848 802 923 ὑπεραγωνίξεσθαι.
832 848 899 899 Τί
938 847 1068 916 γάρ,
1129 846 1290 916 σιγᾷν
1329 844 1525 914 παρὸν,
1577 845 1745 914 ὑπερ-

163 942 553 1013 αγωνίξεσθαι,
584 940 678 993 καὶ
733 938 794 991 τὸ
822 940 917 1008 τῆς
979 937 1270 1006 κωμῳδίας
1300 934 1640 1007 ἀπάρχεσθαι
1681 934 1743 987 οὐ

164 1034 314 1088 κατά
340 1031 475 1085 πολὺ
504 1030 565 1082 τὸ
610 1030 865 1098 διάφορον
891 1043 906 1089 ;
935 1028 997 1080 τὸ
1038 1027 1096 1080 δὲ
1133 1026 1467 1097 πατραλοίας
1520 1025 1743 1094 ὑπέχειν

164 1126 391 1196 γραφὴν
423 1124 517 1177 καὶ
542 1123 578 1191 ἡ
623 1120 785 1189 φύσις
821 1120 1170 1190 μυσάττεται.
1202 1116 1412 1171 Οὔκουν
1449 1118 1741 1186 Ταράσιος,

165 1217 203 1287 ἢ
254 1214 569 1284 Νικηφόρος
628 1211 892 1273 ύπαίτιοι,
923 1209 973 1262 οἶ
1010 1208 1104 1262 κτὸν
1136 1208 1245 1279 βίον
1283 1209 1379 1263 τοῦ
1424 1209 1615 1280 θρόνου
1649 1208 1744 1261 καὶ

168 1308 281 1380 πρὸ
313 1307 410 1360 τοῦ
459 1306 735 1375 σχήματος
774 1303 1114 1367 ἐπεδείξαντο
1142 1302 1313 1369 ἄξιον.
1347 1302 1468 1356 Οὐδ’
1510 1301 1744 1372 Ἀμϐρό-

172 1417 288 1464 ato;
317 1398 503 1461 κακῶς
530 1397 777 1456 ἀκούσει.
816 1396 911 1449 καὶ
949 1396 1281 1465 δυσωπήσει,
1321 1391 1380 1449 εὖ
1402 1391 1499 1449 οἷδ’
1526 1395 1607 1449 ὄτι
1650 1394 1745 1447 καὶ

170 1494 422 1546 Λατίνων
451 1494 499 1544 εἰ
533 1492 693 1561 μήτις
717 1489 890 1552 ἄλλος,
934 1488 1260 1559 Ἀμὸρόσιος
1280 1487 1745 1555 Δατινίδοςὺπάρ-

171 1602 286 1653 χων
338 1583 726 1652 καλλὼπισμα,
754 1583 846 1634 καὶ
893 1580 1135 1635 Λατίνων
1165 1577 1384 1649 γλώσσῃ
1438 1578 1611 1631 πολλά
1646 1579 1744 1631 καὶ

170 1674 468 1745 ψυχωφελῆ
545 1672 1021 1743 συγγραψάμενος.
1077 1671 1212 1724 Οὐδὲ
1278 1670 1385 1742 μὴν
1440 1671 1745 1739 Νεκτάριος

174 1765 284 1817 ὑπὸ
319 1762 508 1833 μῶμον
538 1763 805 1813 πεσεῖται.
847 1759 1069 1812 Σύνοδον
1098 1758 1206 1829 γὰρ
1231 1757 1388 1827 ἔσχεν
1430 1758 1742 1826 οἰκουμενι-

1840 584 1943 639 pro
1972 570 2129 625 nobis
2150 570 2288 635 haec,
2322 572 2418 626 sed
2449 586 2548 641 pro
2570 571 2647 626 iis
2675 586 2812 641 quos
2840 578 2967 624 ante
2997 569 3259 630 diximus.
3279 570 3414 623 scri~

1840 659 2064 715 buntur.
2092 660 2345 717 Patribus
2368 664 2513 718 enim
2540 663 2682 717 male
2709 662 3059 717 audientibus
3080 676 3181 731 pro
3210 661 3276 717 iis
3311 674 3421 715 non

1840 751 2122 808 decertare
2173 762 2359 808 metuo
2392 769 2555 808 :nam
2598 762 2777 808 tacere
2800 769 2923 808 eum
2956 752 3280 807 defendendi
3324 768 3425 822 po-

1841 849 2006 897 testas
2035 843 2125 909 sit,
2148 853 2204 899 et
2231 846 2513 902 comcediis
2535 845 2805 901 incessere
2825 860 2935 899 non
2968 846 3199 900 multum
3224 843 3389 899 distat
3407 858 3420 868 ·

1840 947 1872 988 a
1894 934 2166 1002 parricidii
2201 950 2331 989 vero
2357 936 2585 990 crimine
2615 936 2731 1003 ipsa
2759 951 2980 1005 quoque
3002 943 3191 989 natura
3222 933 3424 988 abhor-

1840 1033 1945 1079 ret.
1975 1024 2095 1079 Non
2131 1024 2293 1097 igitur
2314 1025 2571 1084 Tarasius
2601 1036 2697 1082 aut
2730 1026 3069 1097 Nicephorus
3093 1026 3152 1081 in
3206 1026 3423 1081 crimen

1842 1117 2172 1184 adducendi,
2221 1120 2313 1188 qui
2361 1120 2526 1174 vitam
2560 1119 2761 1173 throno
2804 1107 2968 1175 etiam
3005 1128 3133 1174 ante
3177 1118 3427 1173 habitum

1844 1209 2195 1278 praebuerant
2220 1209 2458 1280 dignam.
2484 1209 2671 1280 Neque
2700 1210 3023 1266 Ambrosius
3044 1210 3186 1265 male
3214 1210 3429 1274 audiat,

1842 1303 2091 1372 quinimo
2128 1303 2339 1359 Latinis
2368 1305 2474 1375 (sat
2516 1306 2653 1378 scio)
2684 1306 2911 1361 incutiet
2961 1307 3269 1377 pudorem;
3318 1306 3431 1360 nisi

1844 1395 1983 1449 forte
2013 1396 2153 1451 alius
2181 1398 2488 1450 exoriretttr
2515 1396 2856 1463 Ambrosius,
2898 1396 3226 1461 Latinitatis,
3259 1397 3433 1452 decus
3474 1414 3475 1421 η

1843 1488 2044 1557 quique
2067 1488 2254 1542 Latino
2276 1504 2527 1545 sermone
2564 1490 2751 1554 multa,
2782 1504 2954 1559 eaque
2970 1489 3253 1543 utilissima
3297 1490 3431 1543 scri-

1843 1579 1972 1647 psit.
2002 1579 2113 1634 Nec
2138 1595 2266 1634 vero
2287 1579 2573 1636 Nectarius
2595 1582 2648 1635 in
2677 1582 3158 1652 reprehensionem
3205 1582 3427 1649 incidet,

1844 1671 1931 1725 cui
1966 1672 2205 1742 synodus
2256 1673 2581 1729 universalis
2608 1674 2953 1728 conﬁrmavit
2987 1674 3228 1746 episcopi
3252 1676 3423 1747 digni-

1846 1771 2011 1816 tatem
2039 1778 2053 1827 ;
2091 1762 2285 1833 cuique
2319 1764 2362 1817 si
2392 1766 2515 1834 quis
2544 1765 2851 1821 obtrectare
2874 1776 3124 1833 conatur,
3152 1782 3264 1821 non
3279 1781 3430 1833 eum,

173 1856 280 1927 κην
313 1853 585 1925 κυροῦσαν
609 1852 760 1923 αύτῴ
790 1855 888 1921 τῆς
909 1852 1214 1919 ἐπισκοπῆς
1244 1850 1307 1902 τὸ
1339 1850 1575 1920 ἀξίωμα,
1607 1850 1666 1903 ὃν
1695 1848 1749 1902 εἴ

1858 1855 1941 1910 sed
1970 1856 2234 1925 synodum
2265 1856 2448 1926 potius
2475 1856 2529 1911 in
2561 1858 2652 1927 jus
2687 1868 2867 1913 vocat.
2897 1858 2967 1913 Et.
2992 1858 3215 1928 quidem
3240 1873 3429 1914 eorum

172 1964 261 2011 τις
306 1944 615 2016 ἐνδιασῦραι
653 1943 984 2014 πειράσοιτο,
1014 1942 1113 1996 οὑκ
1158 1941 1342 2004 αὑτὸν,
1371 1941 1505 1995 ἀλλὰ
1544 1942 1642 2010 τήν
1684 1957 1747 2008 γε

125 2030 132 2059 τ
177 2035 397 2091 σύνοδον
449 2033 553 2086 ὑπὸ
628 2032 783 2101 δίκην
834 2029 1033 2101 μᾶλλον
1107 2031 1271 2092 ποιεῖ,
1312 2028 1490 2081 καίτοι
1544 2027 1751 2079 τούτων

177 2128 439 2197 ἑκάτερος
476 2126 578 2178 οὐκ
623 2126 688 2177 ὲκ
714 2122 905 2176 λαῐκοῦ
955 2122 1116 2191 μόνον
1158 2120 1254 2173 ἐπὶ
1274 2119 1373 2189 τὴν
1418 2119 1513 2188 τῆς
1563 2119 1754 2187 ἀρχιε-

180 2217 432 2289 ρωσύνης
472 2213 707 2286 προῆλθε
739 2212 1041 2278 τελείωσιν,
1080 2210 1217 2265 ἀλλὰ
1252 2212 1355 2263 κάν
1406 2212 1515 2273 τοῖς
1570 2210 1753 2279 ἀμυή-

179 2327 293 2371 τοις
332 2305 707 2376 ἐξεταζόμενοι
747 2303 881 2375 όμοῦ
916 2320 975 2356 τε
1029 2304 1126 2372 τῆς
1155 2302 1362 2372 δωρεᾶς
1404 2300 1498 2354 τοῦ
1559 2298 1753 2369 βαπτί-

188 2415 399 2469 σματος
434 2439 450 2464 ,
507 2398 599 2448 καὶ
657 2396 752 2465 τῆς
812 2392 1206 2465 ἀρχιερατικῆς
1264 2391 1575 2462 ἠξιώθησαν
1606 2392 1758 2461 χάρι-

179 2509 292 2556 τος.
320 2492 383 2544 Εἰ
412 2490 468 2542 δὲ
502 2488 705 2542 τούτων
753 2486 1055 2557 οὐδέτερον,
1094 2486 1264 2547 οὐδεὶς
1312 2483 1379 2535 ἂν
1415 2485 1471 2535 ἐν
1506 2481 1757 2545 εὐθύναις

201 2582 514 2650 λογίζεσθαι
562 2578 755 2648 τολμᾷ,
800 2575 908 2629 οὐδ’
964 2578 1013 2628 εἰ
1046 2576 1221 2628 πάντα
1262 2573 1464 2645 θρασὺς
1497 2576 1603 2644 εἴη,
1637 2573 1758 2625 οὐδὲ

181 2675 454 2744 Ταράσιον
496 2671 586 2725 τὸν
630 2670 897 2740 ἡμέτερον
924 2668 1265 2737 πατρόθειον,
1302 2668 1363 2720 ού
1394 2666 1450 2718 δέ
1483 2683 1546 2734 γε
1585 2666 1758 2734 Νικη-

183 2769 354 2838 φόρον
376 2766 468 2819 τὸν
514 2763 722 2816 καὶτοῦ
757 2762 944 2830 γένους
989 2761 1085 2814 καὶ
1127 2762 1220 2813 τοῦ
1259 2759 1470 2831 θρόνου,
1498 2759 1593 2811 καὶ
1651 2758 1759 2811 τῶν

184 2860 408 2931 τρόπων
434 2859 597 2925 ἀξίως
645 2856 913 2925 διάδοχον.
958 2854 1061 2907 Ἐὦ
1088 2853 1145 2906 δὲ
1177 2852 1340 2913 τανῦν
1385 2853 1476 2904 τὸν
1500 2850 1594 2904 τοῦ
1625 2852 1753 2903 Θεο-

185 2954 348 3021 λόγου
403 2952 737 3023 Γρηγόριον,
772 2950 868 3001 καὶ
914 2946 1005 2999 τὸν
1055 2945 1390 3016 Καισαρείας
1437 2943 1759 3005 Θαλάσσιον,

187 3048 285 3098 καὶ
313 3045 421 3095 τῶν
459 3041 658 3094 λοιπῶν
711 3039 1019 3111 ἀρχιερέων
1065 3038 1156 3097 τὸν
1185 3037 1391 3100 θίασον,
1416 3035 1465 3087 οἳ
1498 3035 1640 3087 κατὰ
1661 3035 1760 3103 τὴν

1846 1956 2074 2017 uterque
2103 1964 2211 2003 non
2243 1964 2275 2003 e
2300 1949 2438 2005 laico
2459 1950 2633 2005 solum
2657 1951 2722 2006 ad
2741 1952 3086 2021 episcopatus
3104 1966 3428 2023 progressus

1849 2044 1933 2091 est
1962 2038 2517 2105 consummationem,
2554 2040 2649 2094 sed
2680 2053 2802 2096 cum
2834 2041 3076 2095 nondutn
3116 2051 3301 2096 essent
3324 2041 3432 2095 ini-

1851 2124 1992 2189 tiati,
2042 2124 2202 2179 simul
2230 2133 2286 2179 et
2324 2126 2668 2195 baptismatis
2712 2144 2915 2183 munus
2937 2128 3022 2202 _ad
3063 2130 3431 2200 pontiﬁcalem

1852 2217 2080 2285 gratiam
2105 2226 2441 2271 meruerunt.
2475 2218 2627 2284 Quod
2677 2220 2723 2274 si
2772 2220 2967 2275 horum
2996 2232 3252 2277 neutrum
3280 2214 3433 2293 quis-

1851 2319 2013 2375 quam
2075 2307 2142 2360 ad
2187 2307 2523 2363 reddendam
2579 2310 2846 2364 rationem
2905 2327 3188 2368 accersere
3247 2314 3432 2378 audet,

1854 2396 2019 2450 etiam
2068 2398 2225 2453 valde
2251 2399 2550 2465 confidens,
2583 2416 2692 2455 non
2727 2399 3011 2456 Tarasium
3065 2404 3287 2472 quidem
3332 2420 3433 2457 nn-

1856 2497 2035 2544 strutn
2054 2491 2505 2558 proavunculum,
2524 2506 2627 2546 nec
2640 2492 3007 2562 Nicephorum
3023 2494 3167 2548 illius
3189 2501 3245 2548 et
3266 2510 3434 2564 gene-

1856 2580 1933 2634 ris
1951 2590 2006 2634 et
2038 2582 2184 2636 sedis
2217 2592 2271 2637 et
2290 2599 2502 2637 morum
2539 2585 2762 2655 dignum
2789 2599 3183 2641 successorem.
3204 2587 3437 2641 Praeter-

1855 2672 2014 2726 mitto
2050 2674 2101 2726 in
2132 2688 2373 2742 praesens
2394 2684 2448 2729 et
2476 2676 2735 2745 Theologi
2768 2684 3050 2746 parentem
3093 2677 3435 2748 Gregorium,

1854 2770 1911 2817 et
1927 2762 2189 2818 Caesarea:
2208 2764 2575 2830 Thalassium,
2594 2778 2647 2820 et
2664 2767 2980 2837 pontiﬁcum
3004 2768 3168 2821 vitam
3195 2768 3435 2837 reliquo-

1855 2869 1996 2912 rum.
2023 2854 2112 2923 qui
2147 2856 2418 2910 cunsitnili
2442 2857 2633 2912 ordine
2655 2867 2713 2911 et
2736 2858 2843 2911 ritu
2867 2868 3123 2928 suscepto
3142 2860 3435 2928 praesulatu

1856 2943 2250 3010 Ecclesiarum,
2277 2946 2427 2999 omni
2458 2946 2856 3015 vituperatione
2882 2956 2939 3002 et
2954 2946 3229 3002 calumnia
3248 2961 3437 3003 carue-

1860 3044 2013 3090 τιηιι.

186 3140 382 3207 ὁμοίαν
410 3138 561 3201 τάξιν
579 3153 639 3187 τε
675 3136 765 3187 mi.
784 3131 1099 3188 ἀκολουθίαν
1126 3132 1224 3191 τὰς
1274 3128 1381 3182 τῶν
1422 3126 1761 3197 Ἐκκλησιῶν
1790 3128 2128 3197 προστασίας
2189 3129 2582 3199 ἀναδεξάμενοι
2636 3114 2835 3193 παντὸς
2882 3128 3051 3200 ψόγου
3076 3130 3172 3184 καὶ
3188 3130 3440 3202 διαϐολῆς

191 3236 411 3303 ἁπάσης
435 3231 713 3302 κρείττους
740 3228 1004 3295 ἐγένοντο.

277 3323 437 3377 Ἀλλά
461 3322 628 3375 ταῦτα
659 3318 756 3387 μὲν
803 3316 943 3386 ὑπὲρ
975 3309 1049 3367 ὧν
1092 3312 1368 3382 προσῆκον
1401 3306 1480 3381 ,ἦν
1525 3310 1756 3381 ῥηθῆναι

1931 3310 2106 3379 Atque
2154 3309 2269 3364 haec
2307 3324 2406 3379 pro
2448 3310 2644 3379 quibus
2672 3308 2776 3363 dici
2815 3310 3174 3365 conveniebat
3227 3348 3244 3375 ,
3297 3311 3439 3365 dicta

191 3418 291 3470 καὶ
322 3417 555 3485 εἴρηται.
589 3409 762 3479 ’Υπὲρ
779 3407 934 3479 ἡμῶν
980 3406 1037 3458 δὲ
1070 3405 1126 3457 ἓν
1156 3405 1388 3473 εἴρηται,
1424 3402 1518 3454 καὶ
1548 3403 1763 3471 εἰρήσε-

190 3522 307 3569 ται,
335 3503 410 3563 ὡς
437 3501 655 3560 ἄκοντες
687 3499 781 3551 καὶ
803 3495 1157 3565 εἰσήχθημεν,
1193 3494 1285 3545 καὶ
1315 3494 1478 3563 μέχρι
1528 3491 1623 3541 τοῦ
1670 3490 1763 3542 νῦν

192 3600 271 3661 ὡς
311 3593 663 3664 κατεχόμενοι
712 3588 1078 3657 καθεζόμεθα.
1126 3587 1211 3638 Ἐν
1244 3587 1377 3637 πᾶσι
1409 3584 1462 3636 δὲ
1500 3582 1559 3635 τὸ
1606 3582 1763 3634 πειθ-

192 3694 347 3760 ήνιον
384 3688 451 3755 τῇ
485 3684 724 3752 πατρικῇ
764 3680 914 3750 ὑμῶν
944 3676 1338 3738 ἐπιδεικνύντες
1362 3677 1570 3748 ἀγάπῃ,
1600 3674 1680 3725 ἔτι
1706 3673 1762 3726 δὲ

194 3757 386 3852 σαφῶς
400 3779 769 3850 παριστῶντες
789 3776 863 3845 μὴ
891 3774 1219 3844 φιλονεικίας
1236 3772 1394 3844 χάριν
1414 3775 1478 3825 τὰ
1507 3772 1758 3840 ρηθέντα,

192 3876 294 3942 τῆς
311 3871 485 3925 δὲτῶν
510 3867 795 3940 μακαρίων
821 3868 1078 3938 Πατέρων
1091 3869 1122 3933 η
1132 3865 1250 3935 μῶν
1294 3864 1593 3925 άθωώσεω;
1622 3866 1764 3933 εἱρῆ-

195 3963 325 4017 σθαι
350 3960 637 4022 συνοδικῶς
657 3958 1037 4027 ὲκφωνηθῆναι
1056 3956 1544 4027 συνευδοκήσαμεν,
1569 3957 1768 4027 μηκέτι

192 4053 295 4108 τοῦ
311 4052 497 4106 λοιποῦ
536 4052 671 4122 πρὸς
699 4051 760 4103 τὸ
788 4050 885 4119 τῆς
913 4051 1213 4119 ἐπισκοπῆς
1244 4048 1374 4118 ὕψος
1418 4048 1627 4118 ἁθρόως
1671 4049 1766 4101 ἁν-

195 4145 433 4211 ἁγεσθαι
474 4145 597 4205 τοὺς
639 4144 701 4195 ὲκ
738 4142 1022 4210 λαῖκῶν,ἢ
1055 4141 1300 4211 μοναχῶν
1346 4126 1768 4211 ψηφιζομένους,

194 4240 246 4291 εἰ
270 4237 345 4307 μὴ
364 4237 451 4287 διὰ
482 4235 587 4287 τῶν
616 4235 813 4303 ἐφεξῆς
849 4234 1136 4304 ίερατικῶν
1169 4234 1388 4303 βαθμῶν
1404 4234 1765 4287 διοδεύσωσιν.

208 4323 303 4375 Ἐν
320 4318 398 4385 οἷς
425 4322 532 4392 γὰρ
563 4322 857 4374 σκανδάλου
878 4322 1031 4382 νόσος
1048 4324 1159 4384 τοῖς
1186 4322 1432 4389 ἀδελφοῖς
1456 4321 1766 4391 ἐπιφύεται,

1865 3399 1994 3453 sint.
2026 3399 2099 3452 De
2124 3398 2283 3453 nobis
2316 3408 2499 3453 autem
2538 3414 2708 3452 unum
2740 3399 2946 3454 dictqu
2974 3409 3081 3465 est,
3113 3415 3179 3455 ac
3204 3400 3465 3473 dieetur._

1865 3489 2025 3545 Inviti
2056 3492 2162 3544 huc
2190 3490 2407 3545 adducti
2439 3506 2629 3545 sumus
2654 3507 2668 3544 :
2700 3506 2873 3560 usque
2905 3491 3082 3546 adhuc
3112 3491 3438 3554 retinentur,

1863 3590 1919 3636 et
1944 3582 2217 3635 sedemus.
2259 3582 2701 3636 Demonstrantes
2723 3591 2903 3635 autem
2935 3596 3036 3635 nos
3063 3581 3440 3649 obtemperare

1864 3681 2108 3741 paterna:
2158 3680 2354 3726 vestra:
2402 3669 2677 3733 cbaritati,
2722 3680 3014 3738 aperteque
3067 3668 3439 3723 ostendentes.

1866 3778 1977 3816 non
2028 3762 2397 3817 contentionis
2425 3778 2585 3816 causa
2618 3761 2733 3815 bzec
2756 3761 2897 3816 dicta
2938 3776 3077 3825 esse,
3110 3760 3206 3816 sed
3258 3760 3443 3815 beato-

1870 3870 1989 3907 rum
2020 3864 2331 3908 nostrorum
2362 3853 2581 3907 Patrum
2612 3852 2946 3923 purgationis
2971 3870 2983 3906 :
3016 3851 3224 3906 assensi
3253 3866 3444 3906 sumus

1871 3955 1931 4000 ut
1960 3946 2219 4016 synodice
2251 3946 2325 4016 (4)
2380 3946 2840 4015 promulgarctur,
2868 3960 2935 3998 ne
2967 3944 3194 4014 posthac
3217 3943 3285 3999 ad
3328 3945 3444 4015 epi-

1873 4050 2133 4110 scopatus
2176 4040 2568 4095 sublimitatem
2597 4038 2884 4094 confestim
2914 4039 3323 4105 extollerentur,
3349 4055 3444 4109 qut

1874 4149 1905 4188 e
1934 4134 2085 4188 laicis
2140 4133 2224 4188 vel
2263 4132 2545 4187 monachis
2592 4139 2932 4193 crearentur,
2963 4131 3070 4185 nisi
3116 4146 3213 4201 per
3259 4146 3446 4186 sacros

1872 4224 2131 4292 deinceps
2186 4224 2384 4294 gradus
2412 4221 2790 4293 procederent.
2824 4219 2957 4275 Nam
2988 4220 3079 4275 ubi
3130 4220 3445 4275 offensionis

1874 4315 2097 4368 morbus
2147 4312 2397 4367 Patribus
2428 4314 2688 4378 exoritur,
2719 4311 2823 4365 nisi
2862 4311 3000 4366 forte
3035 4311 3299 4366 medicina
3347 4312 3443 4365 iul--

196 4416 271 4469 ἂν
297 4414 372 4483 μὴ
401 4414 543 4484 μέγα
577 4413 786 4483 βλάπτῃ
819 4413 878 4465 τὸ
910 4413 1184 4477 ἰάσασθαι,
1219 4414 1341 4467 ἐπεὶ
1374 4415 1465 4466 καὶ
1481 4415 1643 4482 ἄφετε
1674 4415 1757 4466 αύ-

1873 4407 1965 4460 dat
1995 4406 2449 4477 (quandoquidem
2492 4405 2782 4459 nonnullos
2834 4403 2962 4458 vitio
2995 4418 3095 4457 suo
3122 4403 3319 4458 oll‘endi
3348 4418 3443 4456 su-

196 4506 352 4567 τοὺς,
371 4504 724 4573 ἐδιδάχθημεν
744 4500 1380 4565 σκανδαλίζεσθαι.”οταν
1401 4501 1541 4563 τινὲς
1557 4500 1773 4563 ἑκόντες

196 4595 283 4666 τῷ
336 4594 517 4664 φθόνῳ
561 4593 967 4662 τυφλώττωσιν,
1015 4592 1221 4661 ἕτοιμοι
1276 4592 1422 4644 λύειν
1461 4594 1620 4662 ἡμεῖς
1676 4591 1772 4644 τοῦ

198 4686 506 4740 σκανδάλου
539 4686 639 4756 τὴν
688 4685 985 4755 πρόφασιν,
1026 4684 1117 4736 καὶ
1150 4684 1353 4753 ῥᾴστην
1405 4682 1667 4753 παρέχειν
1706 4686 1771 4754 τῇ

197 4779 496 4849 ἀφαιρέσει
540 4778 633 4831 τοῦ
689 4777 1171 4848 συνταράσσοντος,
1206 4776 1303 4846 τὴν
1348 4776 1643 4846 θεραπείαν
1680 4776 1773 4828 τοῦ

196 4869 666 4939 ἀρρωστήματος.
688 4867 762 4918 Τὸ
798 4868 894 4934 μέν
921 4860 1014 4918 οὖν
1049 4864 1263 4917 ἐπὶτῶν
1285 4866 1773 4935 προγεγενημένων

196 4960 573 5029 ἀποδέχεσθαι
599 4960 697 5026 τὴν
730 4959 1057 5030 συμϐουλὴν,
1091 4960 1183 5010 καὶ
1213 4958 1304 5011 τὸν
1336 4955 1462 5028 παρ’
1513 4958 1640 5026 ὑμῖν
1679 4976 1777 5009 κα·-

196 5051 333 5104 νόνα
386 5051 609 5119 κρατεῖν
640 5048 840 5113 ἀξιοῦν.
877 5049 1019 5101 κατά
1078 5049 1338 5119 Πατὲρων
1382 5044 1448 5119 ἦν
1475 5049 1574 5117 τὴν
1623 5050 1777 5119 ὓϐριν

196 5146 556 5212 ἁναμετρεῐν,
590 5142 682 5192 καὶ
713 5143 837 5202 τοὺς
866 5140 1028 5209 μηδὲν
1057 5141 1384 5210 ἠδικηκότας
1418 5140 1573 5208 δίκην
1600 5140 1769 5191 ἀπαι-

196 5237 316 5288 τεῖν
348 5251 363 5264 ⁸
389 5234 451 5286 τὸ
469 5231 513 5286 δ’
535 5235 614 5296 είς
655 5233 780 5294 τοὺς
816 5232 1006 5285 ἔπειτα
1040 5233 1435 5301 γενησομένους
1470 5232 1770 5301 συγχωρεῖν

198 5324 299 5377 καὶ
367 5323 758 5393 παραπέμπειν
808 5322 983 5390 κρίσει
1023 5321 1251 5384 πολλῶν,
1313 5319 1435 5372 οὔτε
1496 5321 1770 5388 Πατρασιν

200 5415 367 5483 ὓϐριν
398 5414 637 5484 ἐμποιεῖ,
662 5412 787 5465 οὕτε
817 5414 1007 5480 ποινὴν
1045 5412 1247 5475 ἄδικον,
1274 5411 1388 5464 ἀλλ’
1413 5412 1532 5463 οὑδὲ
1567 5410 1770 5481 ζημίαν

197 5507 403 5573 ἐπάγει
460 5506 594 5559 τισί.
627 5509 717 5558 Δεῖ
762 5506 869 5575 γάρ
912 5504 981 5556 τὰ
1036 5504 1277 5567 τεθέντας
1306 5503 1617 5570 φυλάσσειν,
1678 5503 1771 5554 καὶ

196 5600 448 5677 πατράσι
470 5599 639 5652 τέκνα
666 5597 870 5651 δίκαιόν
901 5613 957 5649 τε
987 5597 1078 5648 καὶ
1114 5597 1258 5648 ὅσιον
1298 5594 1633 5665 πειθαρχεῖν.

1872 4514 1992 4552 mus
2018 4497 2217 4562 edocti,
2242 4511 2365 4550 cum
2396 4504 2590 4566 sponte
2617 4503 2841 4564 prepter
2868 4493 3127 4547 invidiam
3149 4493 3445 4547 excutiunt

1869 4590 2040 4659 parati
2070 4603 2260 4643 sumus
2281 4587 2620 4641 occasionem
2651 4585 2838 4640 tollere
2860 4584 3178 4639 oﬁ‘ensionis
3204 4593 3255 4638 et
3279 4598 3442 4638 scan-

1868 4681 1996 4745 dali,
2028 4680 2444 4748 facillimamque
2469 4680 2734 4747 praebere,
2764 4676 2975 4732 sublato
3005 4692 3070 4732 eo
3086 4676 3229 4746 quod
3259 4675 3443 4729 turba-

1871 4772 1983 4835 bat,
2009 4769 2347 4839 azgritudinis
2382 4784 2588 4823 curam.
2637 4768 2999 4834 Quamobrem
3026 4767 3092 4821 de
3116 4766 3277 4820 rebus
3305 4782 3443 4835 pra-

1874 4863 2051 4916 teritis
2080 4861 2371 4916 consilium
2411 4860 2679 4931 accipere,
2715 4868 2771 4915 et
2807 4857 3082 4928 postulare
3118 4863 3265 4910 utea
3320 4872 3441 4926 qua:

1874 4954 2014 5024 apud
2050 4968 2148 5008 vos
2194 4963 2298 5017 est,
2332 4954 2519 5024 regula
2561 4960 2764 5017 teneat,
2803 4948 3056 5003 Patribus
3101 4955 3217 5002 erat
3248 4956 3447 5002 contu~

1873 5048 2095 5100 nteliam
2146 5046 2418 5110 admetiri,
2470 5052 2525 5099 et
2556 5045 2624 5097 ab
2654 5043 2719 5096 iis
2747 5040 2839 5111 qui
2888 5040 3022 5093 nihil
3064 5039 3443 5109 deliquissent,

1878 5154 2067 5208 pmnas
2088 5148 2359 5207 expetere.
2392 5138 2449 5189 in
2493 5145 2764 5205 posterum
2793 5147 2922 5186 vero
2953 5132 3003 5185 id
3038 5125 3359 5198 concedere,
3393 5144 3445 5187 et

1877 5232 2192 5301 permittere
2219 5230 2509 5283 multormn
2533 5227 2737 5297 judicio
2765 5240 2866 5279 nec
2886 5223 3136 5280 Patribtts
3162 5235 3447 5280 contume—

1876 5323 2004 5376 liam
2056 5322 2233 5385 aﬁ‘ert,
2265 5337 2365 5376 nec
2401 5321 2649 5389 cuiquam
2700 5332 2915 5386 pmnam
2953 5316 3233 5386 injustam,
3276 5332 3340 5372 ac
3378 5333 3449 5371 ne

1876 5416 2132 5470 damnum
2156 5415 2369 5484 quidem
2389 5413 2606 5482 irrogat.
2653 5410 2784 5476 Qua:
2807 5410 2951 5463 cuitu
2974 5410 3268 5465 constituta
3298 5424 3443 5469 sum,

1878 5505 2148 5558 custodire
2187 5511 2440 5573 oportet;
2480 5510 2535 5556 et
2558 5501 2803 5572 patribus
2837 5500 2974 5556 ﬁlios
3024 5500 3115 5572 jus
3142 5500 3329 5569 fasque
3366 5504 3448 5551 est

1877 5595 2121 5649 obedire.

1759 5712 1992 5769 NOTAE.

273 5813 355 5884 (4)
392 5811 526 5868 Can.
557 5810 645 5879 l7,
672 5811 933 5881 repetitus
961 5811 1014 5865 in
1045 5820 1235 5867 octava
1261 5810 1464 5879 synodo
1493 5809 1751 5865 Photiuna
1788 5809 2013 5864 inferius
2033 5807 2133 5863 sub
2154 5806 2312 5863 Joan.
2344 5822 2469 5878 pap.
2505 5817 2697 5865 octavo
2725 5809 2929 5866 habita.
