3996 6440
1703 253 1791 280 οη·-

573 364 674 430 611

1767 362 2035 427 ΡΗΟΤΙΙ
2070 365 2158 428 ΡΑ

2261 366 2577 429 ιΙΑΒΟΗΙΕ
2610 367 2721 430 CP.
3734 362 3828 430 612

633 474 845 531 Idcirco
875 473 1108 529 alterum
1133 472 1354 544 quidem
1379 486 1491 530 non
1509 470 1844 543 accepimus,
1871 473 1967 529 sed
1994 489 2158 544 repu-

2334 477 2427 529 Διὸ
2452 476 2514 529 τὸ
2539 477 2638 547 μὲν
2661 475 2723 529 οὐ
2745 472 3166 545 προσηκάμεθα,
3193 472 3308 529 ἀλλ’
3330 470 3825 543 ἀπεδοκιμάσαμεν,

566 569 754 633 limus,
779 574 836 622 et
856 567 977 622 aliis
1000 576 1061 623 ut
1086 566 1425 637 repellerent
1455 604 1472 631 ,
1514 564 1808 631 suasimus,
1844 575 2005 637 atque
2033 582 2161 622 sua-

566 662 859 724 debimus;
893 660 1122 715 alterum
1140 673 1271 715 vero
1302 668 1359 714 et
1405 659 1722 725 ascivimus,
1755 668 1812 715 et
1830 659 2161 727 synodaliter

566 754 799 824 egimus.
834 755 1009 822 Atque
1032 752 1239 806 utinam
1298 751 1520 822 pridem
1551 751 2159 823 Constantinopolitana

568 844 811 901 Ecclesia
833 845 1073 916 regulam
1102 844 1245 899 hanc
1272 854 1548 899 servasset
1575 846 1587 898 ί
1615 843 1708 899 Sic
1730 845 1874 900 enim
1929 844 2160 900 fortasse

569 938 929 994 intolerabilis
957 936 1255 1003 violentiae,
1289 946 1345 992 et
1392 936 1738 992 inﬂuentium
1767 937 1823 991 in
1862 952 1949 992 me
1976 936 2161 1008 oppri-

570 1026 947 1101 mentiumque
998 1029 1476 1086 incommodorum
1544 1029 1761 1084 turbam
1820 1027 2157 1099 effugissem.

572 1122 775 1179 Verum
803 1123 927 1178 aliis
953 1122 1173 1192 quidem
1210 1120 1282 1175 ob
1318 1120 1551 1176 salutem
1593 1131 1650 1175 et
1679 1137 1933 1175 curarum
1959 1119 2158 1175 libera-

572 1218 777 1274 tionem
798 1216 981 1288 regula
1012 1230 1076 1270 ea
1104 1214 1304 1285 scripta
1329 1224 1414 1270 est
1445 1232 1458 1268 :
1483 1214 1619 1269 mihi
1646 1229 1779 1269 vero
1804 1214 1983 1269 crebri
2011 1214 2160 1268 labo-

569 1325 715 1376 rum,
737 1309 1231 1380 :egritudinumque
1260 1306 1500 1363 influxus
1526 1322 1649 1378 qua:
1669 1307 1939 1370 liberatio.
1969 1321 2159 1376 quaeve

569 1402 713 1458 ratio
748 1411 804 1457 et
826 1402 914 1457 via
945 1401 1176 1455 inveniri
1216 1400 1463 1472 poterit?
1493 1398 1649 1466 Quod
1680 1399 1966 1454 instabiles
1985 1398 2156 1453 stabi-

568 1495 673 1551 lire
715 1502 987 1564 oporteat,
1021 1493 1240 1564 ignaros
1281 1493 1535 1557 edocere,
1567 1492 1872 1547 ineruditos
1917 1490 2155 1556 erudire,

569 1595 626 1642 et
653 1586 864 1641 ratione
909 1599 975 1639 ac
1006 1599 1262 1639 sermone
1315 1598 1412 1638 eos
1448 1583 1686 1656 agg'redi,
1722 1583 1813 1653 qui
1845 1598 1988 1655 aegre
2022 1597 2155 1638 con-

568 1684 882 1741 vertuntur,
929 1685 985 1730 et
1015 1674 1196 1745 ﬂagris
1225 1683 1511 1744 protervos
1554 1673 1873 1744 reprimere,
1934 1673 2156 1745 ignavos

568 1769 834 1834 excitare,
863 1767 1046 1822 avaris
1087 1766 1421 1836 persuadere
1451 1766 1807 1837 pecuniarum
1847 1765 2156 1835 despicien-

570 1862 726 1927 tiam,
764 1870 935 1931 atque
981 1874 1283 1930 pauperum
1337 1874 1622 1925 amorem;
1673 1857 1951 1914 refrenare
1984 1858 2159 1913 ambi-

570 1955 765 2020 tiosos,
818 1953 1003 2022 itaque
1060 1950 1426 2019 assuefacere,
1476 1960 1538 2006 ut
1584 1952 1847 2007 honorem
1899 1959 2160 2021 expetant

571 2047 666 2118 qui
694 2044 1178 2110 honorabiliorem,
1203 2044 1639 2114 divinioremque
1662 2043 1901 2098 animam
1926 2042 2156 2107 efﬁciat;

571 2138 837 2209 superbos
884 2136 1141 2192 deorsum
1195 2136 1437 2203 trahere,
1468 2150 1672 2206 eosque
1725 2135 1793 2190 ad
1837 2135 2157 2191 modestiam

573 2230 806 2297 hortari,
840 2239 897 2285 et
927 2229 997 2284 ad
1032 2228 1248 2283 modice
1279 2228 1346 2283 de
1377 2242 1436 2283 se
1479 2226 1825 2283 sentiendum
1855 2244 1869 2293 ;
1915 2227 2160 2297 impuros

569 2339 636 2380 ac
665 2322 983 2378 libidinosas
1009 2329 1067 2376 et
1086 2320 1410 2375 fornicarios
1440 2319 1826 2389 comprimere,
1841 2328 1898 2374 et
1925 2319 1993 2375 ad
2021 2328 2159 2373 tem-

570 2416 876 2488 perantiam
923 2412 1313 2478 conformare;
1350 2412 1650 2483 prohibere
1684 2410 1935 2482 injurias,
1978 2410 2158 2467 homi-

570 2524 781 2579 nesque
803 2508 871 2563 ad
894 2508 1043 2578 juste
1070 2505 1343 2577 agendum
1371 2505 1683 2571 adducere;
1732 2503 1904 2559 lenire
1925 2513 1979 2559 et
2004 2519 2160 2557 man-

569 2604 854 2657 suefacere
905 2599 1221 2662 iracundos,
1256 2596 1635 2668 pusillanimes
1656 2594 1961 2661 consolari;
1992 2610 2057 2649 ac
2090 2608 2161 2649 ne

570 2706 767 2748 cmtera
810 2690 1090 2763 sigillatim
1117 2704 1462 2755 enumerem,
1491 2688 1771 2744 consuetis
1812 2687 2161 2757 passionibus

568 2794 627 2841 et
653 2784 1002 2855 improbitate
1034 2790 1092 2837 et
1126 2781 1369 2851 nequitia
1407 2796 1529 2851 qua:
1563 2789 1680 2834 tum
1716 2779 1930 2834 animas
1949 2780 2013 2834 in
2039 2794 2159 2834 ser-

568 2877 802 2932 vitutem
859 2875 1137 2945 redigunt,
1169 2883 1283 2927 tum
1327 2887 1555 2942 corpora
1600 2870 1901 2936 sordidant,
1943 2869 2161 2925 studere

569 2966 659 3021 vel
706 2965 905 3020 invitos
960 2980 1056 3019 eos
1112 2963 1344 3018 liberare
1383 2964 1477 3033 qui
1528 2963 1595 3018 iis
1654 2972 1933 3030 tenentur,
1958 2977 2162 3033 eosque

571 3058 794 3113 Christo
826 3072 983 3112 veros
1008 3058 1241 3111 famulos
1284 3056 1503 3111 offerre.
1535 3057 1602 3111 Et
1637 3073 1744 3126 qua
1774 3057 1982 3111 ratione
2009 3057 2162 3127 quis-

2264 570 2359 623 καὶ
2390 572 2502 632 τοῖς
2527 568 2709 632 ἄλλοις
2747 567 3173 637 ἀποδοκιμάζειν
3230 564 3735 634 συνεϐουλεύσαμέν
3776 583 3828 619 τι

2263 661 2357 715 καὶ
2396 659 2894 731 συμϐουλεύσομεν.
2937 658 3013 711 Τὸ
3039 659 3096 712 δὲ
3123 660 3221 713 καὶ
3257 657 3825 730 πῳσῳκειωσάμεθα,

2263 755 2358 810 καὶ
2414 753 2709 817 συνοδικῶς
2760 751 3211 823 διεπραξάμεθα,
3262 750 3359 805 καὶ
3412 750 3527 804 είθε
3587 750 3754 805 πάλαι
3798 753 3825 823 ἡ

2261 844 2916 901 Κωνσταντινουπολιτῶν
2953 842 3256 914 Ἐκκλησία
3284 842 3378 897 τὸν
3404 842 3614 897 κανόνα
3657 840 3827 899 τοῦτον

2260 940 2605 1010 φυλάττουσα
2630 938 3005 1008 κατεφαίνετο.
3040 936 3197 990 Οὖτω
3221 937 3332 1009 γὰρ
3355 937 3422 991 ἂν
3448 938 3582 999 ι’σως
3613 935 3723 1006 ἐγὼ
3741 937 3827 1007 τῆς

2260 1029 2536 1099 ἀφορήτου
2582 1028 2734 1097 βίας,
2768 1028 2862 1080 καὶ
2896 1027 3003 1080 τῶν
3032 1025 3401 1097 ἐπιρρεόντων
3432 1041 3525 1096 μοι
3560 1024 3663 1077 καὶ
3708 1042 3827 1095 συρο

2260 1123 2565 1191 πνιγόντων
2613 1122 2982 1194 πειρατηρίων
3021 1121 3113 1175 τὸν
3155 1120 3312 1192 ὀχλον
3364 1120 3654 1191 ἐξέφυγον.
3703 1122 3827 1175 Ἀλλ’

2261 1216 2470 1288 ἐτέροις
2517 1218 2616 1287 μὲν
2654 1216 2747 1270 ἐπὶ
2796 1215 3037 1287 σωτηρίᾳ
3072 1216 3169 1270 καὶ
3215 1216 3507 1287 ἀπαλλαγῇ
3544 1215 3825 1285 φροντίδων

2260 1311 2290 1364 ὀ
2338 1309 2519 1363 κανὼν
2549 1310 3000 1382 ἀναγέγραπται,
3040 1310 3165 1379 ἐμοὶ
3198 1311 3256 1363 δέ
3293 1310 3393 1379 τῆς
3435 1309 3822 1380 ἀλλεπαλλήλου

2260 1403 2370 1457 τῶν
2410 1404 2591 1458 πόνων
2643 1419 2704 1457 τε
2755 1404 2853 1457 καὶ
2888 1403 3152 1474 καμάτων
3185 1402 3452 1475 ἐπιρροῆς
3500 1404 3589 1467 τίς
3626 1404 3821 1476 μηχανὴ

2258 1498 2359 1565 τῆς
2393 1497 2717 1568 ἀπαλλαγῆς
2738 1496 3130 1570 εὐρεθήσεται;
3158 1497 3286 1560 τοὺς
3314 1497 3687 1568 ἀστηρίκτους
3713 1514 3823 1568 om.

2264 1588 2445 1660 ρίξαι,
2479 1589 2607 1653 τοὺς
2657 1587 2891 1656 ἀμαθεῖς
2938 1587 3244 1653 ἐκδιδάξαι,
3299 1587 3426 1649 τοὺς
3483 1584 3823 1651 ἀπαιδεύτους

2259 1681 2570 1747 παιδεῦσαι,
2602 1680 2794 1751 καὶτῷ
2814 1680 2957 1751 λόγῳ
2983 1680 3299 1750 πειρᾶσθαι,
3330 1680 3379 1733 οἳ
3408 1680 3569 1750 μόλις
3594 1680 3822 1751 ἐπιστρέ-

2261 1794 2451 1846 φονται
2474 1776 2571 1830 καὶ
2600 1778 2721 1838 ταῖς
2747 1773 2967 1846 μάστιξι
2986 1789 3002 1805 ⁶
3026 1774 3157 1837 τοὺς
3181 1774 3404 1845 θρασεῖς
3436 1772 3692 1836 ἐλκῦσαι,
3716 1774 3821 1834 τοὺς

2264 1868 2562 1941 βλακώδεις
2592 1867 2889 1938 ἀνδρῶσαι,
2920 1868 3048 1930 τοὺς
3076 1865 3447 1938 φιλαργύρους
3483 1866 3676 1918 πεῖσαι
3702 1882 3817 1935 χρη..

2263 1962 2449 2035 μάτων
2503 1962 2901 2033 ὑπερφρονεῖν,
2937 1960 3031 2013 καὶ
3078 1958 3453 2029 φιλοπτώχους
3507 1952 3682 2017 εἶναι.
3714 1958 3819 2021 τοὺς

2260 2055 2579 2125 φιλοτίμους
2619 2052 3098 2125 χαλιναγωγῆσαι,
3130 2049 3227 2105 καὶ
3250 2051 3417 2122 τιμῆς
3450 2050 3589 2120 ἐρᾷν
3628 2048 3817 2112 ἐθίσαι,

2259 2146 2383 2214 ἥτις
2410 2144 2746 2215 τιμιωτέραν
2784 2144 2880 2198 καλ⁵
2908 2141 3188 2213 θειοτέραν
3216 2140 3395 2212 ψυχὴν
3423 2138 3816 2212 ἀπεργάζεται·

2259 2240 2387 2301 τοὺς
2434 2237 2819 2308 ὑπερηφάνους
2870 2234 3255 2299 κατασπᾶσαι,
3294 2233 3393 2287 καὶ
3431 2235 3819 2306 μετριοφρονεῐν

2260 2329 2656 2401 παρορμῆσαι⁹
2712 2329 2839 2390 τοὺς
2892 2325 3325 2398 ἐκπορνεύοντας
3370 2324 3684 2395 ἀνακόψαι,
3742 2325 3818 2377 καὶ

2263 2421 2561 2493 σωφρονεῖν
2606 2420 2969 2491 καταρτίσαιο
3018 2420 3148 2483 τοὺς
3195 2416 3520 2480 ἀδικοῦντας
3561 2416 3815 2479 κωλῦσαι,

2262 2510 2361 2563 καὶ
2416 2510 2834 2581 δικαιοπραγεῖν
2895 2509 3350 2580 παρασκευάσαι·
3412 2509 3542 2572 τοὺς
3594 2508 3819 2577 ὀργίλους

2261 2604 2575 2676 ἡμερῶσαι,
2606 2605 2732 2666 τοὺς
2781 2602 3135 2673 ὀλιγοψύχους
3169 2600 3698 2672 παραμυθήσασθαι,
3739 2600 3818 2653 καὶ

2260 2697 2314 2750 τί
2343 2696 2424 2749 δεῖ
2452 2696 2521 2750 τά
2563 2697 2705 2750 κατὰ
2742 2695 2907 2766 μέρος
2944 2695 3233 2767 ἀριθμεῖν;
3270 2694 3381 2748 τῶν
3416 2694 3627 2763 ἐθίμων
3654 2693 3816 2747 παθῶν

2259 2804 2319 2839 τε
2348 2788 2441 2841 καὶ
2466 2787 2697 2851 κακιῶν,
2738 2786 2774 2841 ἀ
2800 2787 2978 2858 ψυχὰς
3001 2786 3284 2852 ἐδούλωσε,
3305 2788 3399 2840 καὶ
3429 2784 3661 2857 σώματα
3702 2802 3815 2839 κιτ-

2262 2876 2572 2949 ερῥύπωσε,
2605 2876 2705 2931 καὶ
2736 2877 2983 2932 ἀκόντων
3006 2876 3115 2930 τῶν
3145 2877 3535 2949 κατεχομένων
3593 2876 3817 2930 σπεύδειν

2260 2967 2591 3035 ἀπαλλάξαι,
2630 2968 2727 3022 καὶ
2757 2968 2978 3040 Χριστῷ
3005 2969 3356 3040 παραστῆσαι
3389 2968 3647 3040 γνησίους
3676 2969 3816 3039 θερά-

2260 3077 2485 3123 ποντας.
2519 3061 2631 3114 Καί⁵
2658 3060 2777 3126 πῶς
2803 3062 2870 3115 ἀν
2896 3079 2979 3126 τις
2998 3062 3332 3134 τηλικούτων
3361 3078 3421 3115 τε
3451 3062 3549 3116 καὶ
3574 3062 3817 3115 τοσούτων

571 3166 737 3222 quam
768 3149 856 3205 cui
886 3159 965 3204 tot
1008 3158 1391 3220 tantarumque
1418 3165 1602 3204 rerum
1632 3166 1763 3205 cura
1793 3150 1861 3205 sit
1884 3150 2153 3220 imposita,

2264 3152 2610 3222 πραγμάτων
2668 3153 2976 3223 φροντίζειν
3029 3153 3210 3219 τεθεὶς
3271 3154 3333 3207 ού
3396 3154 3499 3224 τὴν
3555 3153 3815 3225 ἀφαίρεσιν

574 3256 687 3296 non
728 3241 1132 3311 ademptiouem
1187 3241 1359 3312 magis
1407 3257 1570 3311 quam
1623 3241 2154 3297 administrationem

575 3334 741 3405 hujus
768 3334 1107 3405 principatus
1129 3335 1370 3405 requirat
1393 3335 1417 3388 ?

647 3428 706 3481 In
753 3427 983 3482 circuitu
1019 3442 1207 3482 rursus
1248 3426 1445 3497 impii:
1480 3426 1571 3482 alii
1622 3426 1915 3500 imaginem
1954 3426 2156 3484 Christi

575 3530 943 3590 eonspuentes
977 3528 1033 3575 et
1065 3519 1169 3589 ipsi
1192 3519 1411 3575 Christo
1444 3519 1500 3574 in
1526 3535 1591 3574 ea
1624 3520 1991 3576 obtrectantes
2017 3539 2033 3587 ;
2062 3521 2155 3576 alii

575 3624 799 3669 naturas
825 3616 879 3668 in
912 3629 978 3668 eo
1006 3612 1433 3680 confundentes,
1474 3621 1568 3667 aut
1595 3613 1949 3684 abnegantes,
1984 3623 2041 3669 et
2066 3613 2157 3669 alii

576 3722 731 3762 nova:
777 3715 989 3761 natura:
1024 3704 1343 3760 inductione
1370 3705 1585 3775 priores
1606 3706 2055 3769 exterminantes,
2102 3715 2158 3761 et

574 3807 821 3868 quartam
851 3798 1116 3870 synodum
1145 3796 1638 3852 innumerabilibus
1654 3796 1957 3851 maledictis
1978 3798 2157 3851 inces-

574 3900 781 3958 sontes,
832 3891 1124 3945 adversum
1158 3904 1296 3959 quos
1324 3888 1484 3943 nobis
1524 3886 1727 3941 bellum
1754 3887 2050 3941 excitatum
2103 3897 2160 3943 et

574 3983 746 4040 multo
768 3990 1011 4054 tempore
1038 3993 1271 4055 gestum,
1290 3980 1494 4035 multos
1511 3980 1563 4034 in
1581 3981 1947 4036 obedientiam
1998 3980 2158 4036 Chri-

574 4076 645 4131 sti
680 4074 1002 4144 eaptivavit.
1054 4071 1253 4142 Ecquis
1292 4071 1425 4125 mihi
1458 4072 1571 4137 det,
1603 4080 1663 4126 ut
1698 4087 1890 4127 omnes
1916 4072 2159 4143 captivos

574 4166 838 4222 videam?
868 4163 1072 4236 Vulpes
1105 4178 1297 4219 rursus
1330 4178 1397 4218 ex
1440 4163 1680 4218 latibulis
1706 4163 1820 4217 suis
1868 4164 2156 4233 prodeunt,

576 4274 781 4328 eosque
804 4258 900 4328 qui
934 4255 1121 4311 multis
1136 4254 1503 4325 simpliciores
1529 4263 1659 4310 sunt
1681 4263 1736 4309 et
1763 4270 1927 4326 prave
1946 4255 2156 4321 faciles,

577 4368 685 4425 per,
700 4350 951 4405 fraudem
983 4357 1044 4403 ut
1074 4348 1253 4418 pullos
1282 4348 1570 4403 devorant.
1617 4346 2007 4403 Schismaticas
2036 4348 2159 4403 dico

574 4444 788 4512 vulpes,
833 4455 1066 4511 quarum
1121 4438 1441 4496 abscondita
1487 4447 1570 4494 est
1612 4439 1837 4503 malitia,
1885 4441 2056 4495 multo
2091 4440 2159 4493 iis

2262 3245 2485 3315 μᾶλλον,
2510 3245 2545 3317 ἢ
2578 3244 2680 3317 τὴν
2709 3246 3028 3318 ἐγχείρησιν
3054 3245 3153 3317 τῆς
3177 3246 3353 3317 ἀρχῆς
3381 3246 3757 3318 ἐπιζητήσειε;

2330 3425 2535 3498 Κύκλῳ
2574 3426 2739 3481 πάλιν
2767 3426 2819 3481 οἱ
2862 3425 3101 3493 ἀσεϐεῖς,
3147 3427 3196 3480 οί
3228 3427 3328 3498 μέν
3359 3426 3459 3498 τὴν
3493 3427 3675 3481 εἰκόνα
3699 3428 3814 3499 Χρι-

2261 3518 2389 3574 στοῦ
2420 3517 2796 3584 διαπτύοντες,
2824 3520 2921 3575 καὶ
2957 3521 3191 3591 Χριστὸν
3230 3521 3393 3574 αὐτὸν
3423 3522 3484 3574 ἐν
3508 3520 3679 3593 ταύτῃ
3714 3522 3812 3575 δια-

2261 3613 2540 3684 σύροντες,
2588 3614 2639 3666 οἱ
2687 3613 2743 3667 δὲ
2773 3613 2873 3677 τάς
2926 3612 3137 3667 ἑαυτῶν
3181 3612 3373 3682 φύσεις
3418 3612 3808 3684 συγχέοντες,ῆ

2258 3706 2699 3777 ἀπαρνούμενοι,
2728 3706 2893 3777 ἄλλης
2921 3707 3135 3776 φύσεως
3166 3707 3490 3777 καινοτέρας
3534 3709 3811 3773 sustentor

2260 3799 2426 3867 γηταὶ
2471 3798 2750 3869 προτέρας
2779 3798 3137 3871 ἐξορίζοντες,
3156 3802 3251 3854 καὶ
3276 3799 3375 3871 τὴν
3419 3803 3686 3871 τετάρτην
3712 3800 3812 3853 σύν-

2259 3891 2382 3945 οδον
2428 3892 2652 3963 μυρίαις
2718 3895 2841 3958 ταῖς
2887 3893 3258 3964 βλασφημίαις
3302 3894 3808 3959 καθυποϐάλλοντες,

2261 3984 2399 4056 πρὸς
2422 3984 2513 4048 οὒς
2549 3986 2681 4055 ἡμῖν
2708 3986 2737 4039 ὀ
2775 3985 3012 4057 πόλεμος
3062 3986 3505 4058 ἀναῤῥιπισθεὶς,
3537 3987 3631 4041 καὶ
3665 3987 3811 4057 χρόνῳ

2263 4074 2445 4145 συχνῷ
2474 4076 2889 4148 συγκρρτηθεὶς,
2935 4080 3016 4143 είς
3044 4079 3145 4149 τὴν
3179 4081 3426 4151 ὑπακοὴν
3472 4083 3570 4136 τοῦ
3606 4082 3811 4154 Χριστοῦ

2263 4167 2491 4233 πολλοὺς
2538 4169 2952 4240 ᾐχμαλώτευσε.
3000 4172 3098 4236 Τίς
3138 4173 3198 4225 δέ
3231 4190 3321 4243 μοι
3354 4172 3470 4246 δοίη
3516 4176 3611 4228 καὶ
3643 4178 3699 4228 τὸ
3728 4177 3815 4228 πᾶν

2265 4260 2393 4313 ίδεῖν
2450 4261 3022 4333 αίχμαλωτιζόμενονς
3067 4266 3135 4318 Αἱ
3188 4266 3473 4330 ἀλώπεκες
3525 4270 3687 4323 πάλιν
3728 4269 3814 4321 τῶν

2262 4351 2486 4421 φωλεῶν
2517 4354 2947 4421 ὑπεκδύνουσαι,
2978 4358 3074 4411 καὶ
3102 4358 3228 4423 τοὺς
3260 4360 3369 4413 τῶν
3405 4361 3621 4415 πολλῶν
3649 4362 3816 4431 ἀφελε-

2264 4444 2508 4514 στέρους,
2561 4446 2594 4516 ἢ
2648 4446 3061 4520 εὐηθεστέρους,
3093 4449 3354 4522 ὀρνιθίοις
3386 4452 3479 4506 ἴσα
3515 4454 3585 4508 δι’
3630 4455 3817 4523 ἀπάτης

576 4532 847 4597 infestior,
889 4530 983 4601 qui
1020 4539 1211 4601 aperte
1239 4530 1585 4586 insidiantur.
1620 4530 1756 4585 Nam
1792 4531 2158 4602 ingredientes

2264 4537 2682 4604 κατεσθίουσαι,
2715 4540 2815 4603 τὰς
2849 4544 3217 4613 σχισματικάς
3250 4543 3546 4609 ἀλώπεκας
3575 4546 3735 4615 λέγω,
3757 4539 3818 4598 ὧν

578 4624 635 4680 in
700 4623 914 4689 domos,
969 4622 1122 4693 juxta
1173 4622 1417 4677 divinum
1469 4621 1788 4693 Apostolum
1837 4624 2157 4694 decipiunt”

576 4717 929 4773 mulierculas
974 4724 1230 4791 oneratas
1281 4716 1536 4786 peccatis,
1589 4726 1857 4788 quaestum
1889 4717 1989 4772 sibi
2036 4733 2161 4773 esse

577 4811 839 4868 ducentes
865 4809 1123 4882 ingluviei
1154 4817 1208 4864 et
1241 4824 1393 4864 vana:
1433 4809 1637 4880 gloriae,
1669 4818 1725 4864 et
1747 4820 1958 4865 eadem
1983 4812 2160 4866 omnis

577 4904 875 4975 voluptatis
919 4914 1083 4972 atque
1130 4901 1357 4971 impurae
1384 4900 1653 4967 libidinis,
1707 4903 2053 4958 artificiosam
2103 4905 2160 4958 in

577 5006 819 5051 sanctam
854 4995 1154 5050 Eeciesiam
1187 4994 1670 5049 insurrcctionem.

2264 4630 2324 4682 ἐν
2350 4630 2582 4703 κρυπτῷ
2616 4633 2650 4703 ἠ
2682 4633 2872 4698 κακία,
2906 4636 2999 4688 καὶ
3030 4637 3063 4706 ἡ
3108 4635 3283 4708 βλάϐη
3321 4639 3457 4692 πολὺ
3494 4638 3603 4694 τῶν
3631 4656 3820 4709 προφα-

2264 4723 2370 4787 νῶς
2399 4725 2862 4781 ἐπιϐουλευόντων
2893 4728 3272 4803 χαλεπωτέρα.
3306 4733 3417 4786 Καὶ
3448 4732 3558 4804 γὰρ
3590 4735 3821 4794 εἰσιόντες

2264 4817 2345 4881 είς
2370 4818 2471 4883 τάς
2498 4820 2676 4884 οἰκίας
2705 4823 2851 4877 κατὰ
2881 4824 2974 4877 τδν
2999 4824 3142 4879 θεῖον
3182 4826 3509 4882 Ἀπόστολον
3535 4828 3820 4893 ἐξαπατῶσι

2264 4912 2596 4984 γυναικάρια
2637 4916 3025 4987 σεσωρευμένα
3066 4918 3394 4990 ἁμαρτίαις,
3448 4922 3714 4993 πορισμὸν
3740 4920 3823 4973 αύο

2265 5005 2377 5068 τοῖς
2405 5009 2871 5078 γαστριμαργίας,
2919 5010 3014 5065 καὶ
3050 5011 3377 5077 κενοδοξίας,
3414 5015 3511 5068 καὶ
3546 5015 3646 5086 τῆς
3679 5014 3822 5081 ἄλλης

579 5089 798 5158 ἀπάσης
824 5086 1192 5156 ίηδυπαθείας,
1226 5088 1324 5141 καὶ
1351 5088 1723 5160 ἀκαθαρσίας,
1751 5088 1851 5161 τὴν
1883 5090 2024 5145 κατὰ
2061 5092 2160 5163 τῆς
2183 5094 2511 5168 Ἑκκλησίας
2542 5100 2963 5172 ἐπιτεχνώμενοι
2991 5104 3383 5161 ἐπανάστασιν.

652 5180 844 5234 Solent
864 5178 1010 5233 enim
1038 5216 1054 5243 ,
1097 5189 1155 5235 ut
1182 5180 1505 5251 plurimum,
1545 5181 1692 5252 vulgi
1729 5197 1911 5237 mores
1941 5194 2162 5253 propter

582 5272 955 5328 inﬁrmitatem
1001 5282 1056 5328 et
1092 5272 1502 5329 instabilitatem
1538 5273 1757 5340 mentis,
1804 5274 2159 5341 novitatibus,

2334 5189 2485 5243 Φιλεῖ
2508 5192 2613 5264 γὰρ
2641 5192 2715 5257 ὡς
2744 5195 2811 5249 τά
2838 5195 3007 5249 πολλά
3029 5198 3138 5249 τῶν
3171 5198 3444 5266 ἀγελαίων
3471 5203 3500 5254 ὁ
3526 5201 3719 5272 τρόπος
3744 5199 3824 5252 διὰ

2263 5280 2327 5335 τὺ
2355 5282 2453 5353 τῆς
2510 5285 2735 5358 γνώμης
2783 5288 3148 5360 ἠρρωστηκδς
3200 5292 3296 5345 καὶ
3337 5292 3670 5365 ἀστήρικτον
3719 5292 3826 5352 ταῖς

583 5366 847 5434 novisque
903 5364 1235 5419 factionibus
1288 5364 1460 5435 magis
1510 5364 1753 5429 studere,
1798 5380 1960 5434 quam
2006 5365 2158 5421 bonis

2267 5378 2639 5446 καινοτομίαις
2672 5396 2730 5431 τε
2764 5380 2861 5434 καὶ
2901 5384 3023 5445 ταῖς
3055 5384 3503 5455 νεωτεροποιίαις
3536 5400 3827 5458 προσκεχιι·

584 5455 846 5512 institutis
879 5456 999 5511 niti.
1033 5454 1279 5523 Quorum
1309 5457 1553 5510 omnium
1572 5456 1821 5527 quamvis
1844 5457 2083 5512 audacia:
2111 5466 2158 5512 et

2267 5464 2417 5520 νέναι
2459 5469 2681 5538 μᾶλλον,
2714 5472 2747 5543 ἢ
2782 5476 2893 5536 τοῖς
2923 5454 3286 5546 καθεστηκόσι
3318 5477 3411 5531 καὶ
3442 5454 3625 5542 καλῶς
3658 5476 3832 5546 κειμέ-

582 5549 924 5613 contumeliae
938 5548 1156 5605 flamma
1186 5548 1453 5606 exstincta
1477 5551 1568 5620 sit,
1595 5550 1673 5621 (5)
1701 5550 1959 5623 synodico
1973 5551 2158 5609 dcere-

2271 5574 2384 5623 νοις
2415 5564 2961 5635 προσεπερείδεσθαι,
2995 5560 3072 5622 ὧν
3099 5569 3359 5624 ἁπάντων
3406 5572 3455 5625 εί
3491 5571 3589 5627 καὶ
3630 5570 3686 5625 τὸ
3728 5564 3831 5636 πῑρ

664 5673 684 5703 ²
722 5669 770 5725 ll
812 5668 955 5723 Tim.
987 5683 1068 5732 ιη,
1095 5666 1149 5721 6.
1248 5668 1260 5683 '

2102 5739 2335 5798 NOTAE.

653 5813 730 5883 t5)
774 5811 904 5864 Can.
944 5809 1035 5864 15l
1070 5817 1181 5865 oet.
1212 5810 1400 5878 synod.
1434 5813 1536 5869 sub
1566 5812 1724 5868 Phot.
