4052 6412
159 371 271 438 613

1316 359 1865 426 EPISTOLABUM
1904 356 2135 422 LIBER
2169 359 2221 422 ῐ.

3296 359 3404 428 614

160 483 256 538 τοῦ
300 479 533 551 θράσους
593 477 690 531 καὶ
722 475 823 545 τῆς
871 472 1159 546 παροινίας
1189 476 1256 546 τῇ
1288 476 1540 545 συνοδικῇ
1592 491 1720 528 κατ-

1853 488 1885 527 ο
1910 483 2148 541 paterna
2182 479 2378 527 vestras
2408 470 2684 541 religionis
2710 512 2727 536 ,
2771 470 3039 527 sententia
3070 470 3125 526 in
3170 486 3266 528 eos
3307 490 3407 530 sua

163 573 397 642 εσϐέσθη
408 571 597 642 ψήφῳ,
621 569 725 636 τῆς
746 566 903 639 ὑμῶν
922 567 1196 639 πατρικῆς
1216 568 1493 637 ὁσιότητος
1517 566 1607 619 διὰ
1623 564 1732 619 τῶν

161 661 505 734 τιμιωτάτων
531 659 700 729 αὐτῆς
724 656 1112 729 τοποτηρητῶν
1134 658 1235 727 τὴν
1260 656 1381 709 κατ’
1411 655 1590 709 αὑτῶν
1614 654 1733 707 ὲπι-

161 752 441 823 κυρούσης
468 751 765 819 ἀπόφασιν.
812 749 928 804 ἀλλ’
976 745 1071 803 οὖν
1102 751 1131 802 ὁ
1164 748 1377 812 καπνὸς
1401 747 1483 802 ἔτι
1524 746 1731 808 δάκνει,

164 846 262 899 καὶ
324 844 450 915 ἀνιᾷ
505 841 632 905 τοὺς
689 841 1005 894 ἐπισκοπεῖν
1055 839 1309 910 ἐμμελῶς
1366 838 1427 892 τὸ
1484 838 1734 907 ποίμνιον

167 931 655 1004 προαιρουμένους,
686 930 782 985 καὶ¹
823 930 884 983 τὸ
920 928 1114 1000 μικρὸν
1150 927 1259 981 τῶν
1297 929 1734 1000 ποιμαινομένων

166 1024 492 1096 ἁμάρτημα,
520 1020 763 1092 μεγάλην
787 1020 938 1090 σφῶν
959 1017 1339 1091 λογιζομένους
1358 1018 1423 1091 ζη
1433 1020 1582 1090 μίαν,
1605 1020 1735 1083 ἴσως

168 1120 224 1173 δὲ
247 1120 361 1181 τοῖς
379 1116 676 1170 τυπωθεῖσι
698 1115 943 1181 κανόσιν,
963 1108 1045 1178 οἷς
1071 1114 1361 1185 ὁλόκληρος
1385 1116 1419 1184 ή
1451 1113 1737 1183 Ῥωμαίων

170 1211 469 1282 Ἐκκλησία
481 1210 892 1281 συντετήρηται,
908 1210 1295 1279 σχισματικαῖς
1321 1208 1383 1261 οὐ
1406 1206 1735 1278 μεριζομένη

174 1303 415 1376 μανίαις,
452 1302 546 1356 καὶ
572 1304 601 1355 ὁ
629 1300 835 1361 καπνὸς
860 1300 1245 1370 διασκεὼσθῇ,
1277 1299 1371 1353 καὶ
1400 1299 1461 1353 τὸ
1502 1298 1738 1368 ζοφῶδες

173 1394 493 1464 ὲκριπισθῇ,
523 1394 619 1446 καὶ
646 1393 776 1462 ημῖν
801 1394 900 1461 τῆς
928 1391 1163 1461 ἀθυμίας
1187 1390 1434 1461 ἀναψυχὴ
1476 1390 1738 1461 πορισθή-

175 1503 350 1541 σεται.
385 1485 462 1538 Οὐ
490 1485 600 1555 γὰρ
633 1484 794 1554 μόνος
831 1486 860 1537 ό
894 1483 1223 1555 προρρηθεὶς
1257 1481 1436 1535 κανὼν
1466 1481 1607 1535 κατὰ
1642 1480 1742 1552 τὴν

175 1578 448 1650 ὑμετέραν
478 1577 799 1647 παραίνεσιν
832 1574 1195 1645 φυλάττεσθαι
1216 1574 1580 1639 δεδικαίωται,
1608 1572 1743 1627 ἀλλά

176 1688 240 1739 γε
288 1670 355 1741 δὴ
398 1667 865 1723 συνευδοκούντων
898 1667 1154 1723 ἁπάντων
1191 1668 1288 1720 καὶ
1334 1666 1515 1736 ἕτεροι
1568 1681 1744 1735 παρα·

176 1763 438 1826 δέδονται,
465 1754 541 1815 ὧν
568 1760 631 1814 τὸ
651 1760 851 1832 κράτος
874 1760 970 1813 καὶ
992 1758 1192 1829 πολλὴν
1217 1761 1283 1829 τῇ
1325 1756 1618 1829 Ἐκκλησία
1645 1754 1743 1825 τὴν

176 1856 403 1926 είρήνην
435 1852 710 1924 βραϐεύει,
742 1856 838 1905 καὶ
862 1851 960 1923 τὴν
987 1849 1345 1921 ὀφειλομένην
1367 1850 1535 1920 τιμήν
1567 1865 1627 1901 τε
1652 1847 1748 1902 καὶ
1777 1842 1819 1897 Β

177 1949 336 2015 δόξαν
368 1950 447 2012 εἰς
477 1948 603 2010 τοὺς
640 1945 810 2000 πάλαι
839 1945 936 2015 μὲν
971 1942 1398 2016 παρειληφότας,
1429 1941 1549 1995 νυνὶ
1572 1940 1630 1993 δὲ
1654 1938 1749 1993 καὶ

182 2037 510 2109 μεταδόντας
558 2037 879 2104 διαϐιϐάζει,
928 2037 1024 2091 καί⁹
1067 2035 1241 2100 οὐδεὶς
1279 2034 1346 2088 ἂν
1374 2033 1482 2088 τῶν
1517 2033 1623 2086 ὑπὸ
1648 2031 1750 2102 τῆς

181 2130 336 2202 ὑμῶν
378 2129 810 2200 θεομακαρίστου
846 2127 1186 2200 πατρότητος
1240 2127 1618 2200 διορισθέντων
1652 2141 1749 2177 τυ-

181 2223 430 2292 πωθῆναι
452 2221 875 2292 παραλέλειπτο,
903 2222 952 2274 εἰ
980 2221 1056 2291 μή
1077 2238 1161 2284 τις
1185 2219 1438 2292 βασιλικὴ
1463 2222 1749 2287 ἀνάνευσις

182 2310 346 2365 πλέον
386 2310 650 2381 ἰσχύσασα
684 2310 778 2364 τοῦ
814 2311 1080 2382 ἡμετέρου
1123 2310 1448 2381 θελήματος,
1482 2313 1611 2383 περὶ
1642 2314 1750 2367 τῶν

181 2399 389 2455 λοιπῶν
425 2401 789 2454 ἀποθεσπίσαι
819 2400 880 2453 οὑ
908 2397 1295 2471 παρεχώρησε.
1324 2400 1403 2453 Δι’
1442 2400 1471 2454 ὅ
1501 2401 1617 2472 ἅμα
1640 2402 1751 2454 τῶν

181 2490 529 2562 τιμιωτάτων
550 2491 937 2562 τοποτηρητῶν
968 2490 1245 2561 συμφέρον
1273 2476 1642 2562 ἡγησάμενος,
1676 2492 1753 2563 μὴ

183 2585 242 2637 ὲν
277 2586 349 2655 τῇ
378 2582 698 2654 ἐπιζητήσει
748 2582 844 2635 τοῦ
888 2582 1087 2645 παντὸς
1121 2583 1483 2636 συναπολέσαι
1515 2583 1577 2636 τδ
1606 2584 1715 2637 πᾶν
1734 2625 1751 2650 ,

184 2678 242 2731 ὲν
269 2683 340 2747 τῇ
370 2675 639 2747 ἀπολήψει
662 2675 767 2729 τῶν
792 2674 1054 2730 πλειόνων
1093 2676 1193 2745 τὴν
1219 2676 1277 2729 ὲν
1305 2677 1417 2740 τοῖς
1440 2676 1754 2740 ὑπολοίποις

185 2768 394 2839 ζημίαν
432 2784 501 2837 γε
545 2767 610 2821 ἂν
636 2767 973 2837 ὑπέστημεν.
1008 2768 1263 2839 Ἀριστον
1293 2768 1392 2839 μὲν
1421 2769 1529 2838 γὰρ
1559 2760 1635 2823 ὧν
1668 2786 1756 2833 τις

186 2859 400 2929 ἐφίεται
443 2858 669 2929 μηδενὸς
715 2859 1005 2912 ἐκπεσεῖνσ
1036 2860 1373 2929 ἀπρονόητον
1410 2859 1467 2913 δὲ
1493 2861 1756 2915 πλειόνων

188 2948 483 3020 διδομένων
522 2949 651 3019 περὶ
676 2947 785 3000 τῶν
823 2949 884 3002 οὑ
923 2948 1213 3020 διδομένων
1240 2949 1754 3022 πολυπραγμονεῖν,

189 3041 284 3095 καὶ
311 3039 723 3110 φιλονεικοῦντα
758 3041 887 3111 περὶ
926 3040 1131 3095 τούτων
1158 3041 1376 3097 πάντων
1397 3044 1591 3097 ἑαυτὸν
1619 3045 1758 3097 ἀπο-

190 3137 429 3207 στερεῖν.
477 3132 555 3186 Δι’
605 3131 634 3185 ὃ
668 3132 799 3203 περὶ
849 3126 925 3188 ὧν
962 3136 994 3205 ἡ
1036 3134 1227 3205 γνώμη
1256 3134 1544 3205 σύμφωνος
1578 3136 1759 3207 ιέξενή⁶

190 3244 416 3293 νεκται,
469 3226 764 3291 συνοδικῶς
814 3227 1036 3290 τούτους
1092 3226 1415 3296 ὲξεθέμεθα.
1457 3222 1552 3291 οὒς
1585 3230 1643 3282 ἐν
1674 3228 1753 3300 τῷ

1834 581 1932 636 per
1962 566 2304 621 venerabiles
2334 565 2566 619 vicarios
2603 579 2732 620 suos
2759 565 3077 635 opitulantis
3104 583 3117 619 :
3166 574 3408 621 attamen

1833 657 2015 713 fumus
2034 673 2129 713 eos
2154 658 2334 713 adhuc
2361 657 2573 711 mordet
2615 666 2670 711 et
2703 656 2871 729 angit,
2900 656 2991 726 qui
3016 656 3161 729 gregi
3190 673 3408 713 accom-

1833 750 2050 805 modate
2080 764 2313 819 praeesse
2343 749 2551 811 volunt,
2572 763 2634 803 ac
2656 748 2909 820 exiguum
2933 764 3140 814 eorum,
3172 749 3264 819 qui
3311 764 3411 819 pa-

1837 848 2087 906 scuntur,
2126 850 2432 911 peccatum,
2472 854 2727 911 magnum
2772 855 2930 895 suum
2983 841 3242 894 damnum
3288 853 3412 894 esse

1835 933 2065 988 ducunt.
2097 933 2175 987 Ae
2207 932 2439 987 fortasse
2469 932 2555 986 his
2584 932 2886 988 canonibus
2912 932 3250 995 constitutis,
3284 932 3412 1002 qui-

1836 1025 1940 1081 bus
1978 1026 2187 1096 integra
2234 1024 2602 1080 Romanorum
2639 1025 2883 1081 Ecclesia
2930 1034 3251 1081 conservata
3297 1033 3411 1089 est,

1837 1117 2048 1173 insanis
2081 1117 2467 1173 schismatibns
2492 1133 2603 1172 non
2630 1118 2825 1185 divisa,
2857 1118 3208 1189 dissipabitur
3233 1118 3416 1174 fumus

1836 1218 1893 1266 et
1921 1210 2096 1282 caligo
2117 1210 2468 1275 discutietur,
2515 1226 2580 1267 ac
2610 1211 2773 1268 nobis
2809 1212 3059 1268 maeroris
3090 1212 3419 1282 pra-bebitur

1837 1304 2162 1359 consolatio.
2194 1302 2312 1358 Non
2345 1304 2495 1358 enim
2520 1312 2729 1360 tantum
2773 1320 2948 1360 canon
2987 1305 3417 1377 prmfatusjuxta

1840 1395 2279 1450 exhortationem
2320 1406 2557 1451 vestram
2589 1396 2846 1452 custodiri
2870 1396 3058 1466 jussus
3093 1407 3208 1464 est;
3241 1397 3336 1452 sed
3366 1406 3420 1452 et

1840 1490 1951 1554 alii,
1990 1491 2182 1544 vestris
2238 1489 2454 1544 vicariis
2507 1490 2954 1555 assentientibus,
3012 1500 3141 1546 sunt
3189 1491 3416 1546 traditi:

1841 1597 2073 1651 quorum
2128 1581 2210 1637 vis
2238 1589 2294 1636 et
2332 1581 2518 1645 robur,
2570 1590 2625 1636 et
2659 1582 2881 1636 multam
2931 1580 3187 1637 Ecclesiae
3230 1598 3420 1651 pacem
3460 1585 3463 1588 ’

1843 1673 2058 1738 afferet,
2095 1681 2151 1727 et
2195 1672 2438 1728 debitum
2468 1672 2731 1728 honorem
2763 1674 3094 1745 gloriamque
3144 1674 3211 1729 iis
3251 1674 3421 1739 dabit,

1845 1764 1937 1834 qui
1965 1764 2169 1819 dudum
2200 1763 2420 1833 quidem
2454 1773 2801 1834 acceperunt,
2836 1780 2986 1819 nunc
3012 1780 3142 1819 vero
3173 1766 3424 1834 imperti-

1848 1865 2062 1911 verunt.
2086 1854 2196 1910 Nec
2214 1856 2321 1909 ulla
2340 1856 2648 1925 regularum
2666 1871 2696 1910 a
2716 1856 3027 1911 beatissima
3044 1856 3099 1911 in
3116 1857 3228 1912 Deo
3250 1867 3427 1928 pater-

1848 1949 2019 2004 nitate
2069 1958 2251 2003 vestra
2279 1948 2629 2003 deﬁnitarum
2671 1949 2800 2018 quin
2845 1949 3157 2004 sanciretur
3199 1959 3423 2020 praeter-

1850 2040 2015 2094 missa
2060 2049 2225 2103 esset,
2287 2041 2392 2095 nisi
2440 2041 2685 2111 qiuedam
2741 2040 3088 2110 imperatoria
3136 2041 3426 2113 refragatio

1848 2129 2135 2199 plusquam
2183 2130 2438 2186 voluntas
2484 2140 2669 2185 nostra
2694 2131 2923 2200 pollens,
2953 2130 3022 2186 de
3068 2131 3289 2203 reliquis
3316 2148 3427 2187 non

1849 2221 2156 2277 sanciendis
2182 2222 2601 2278 intercessisset.
2635 2223 2840 2277 Idcirco
2871 2238 2977 2277 una
3000 2239 3121 2278 cum
3145 2225 3429 2279 venerabi-

1850 2312 1995 2367 libus
2032 2312 2250 2369 vivariis
2283 2314 2336 2368 in
2377 2330 2493 2369 rem
2517 2330 2638 2370 esse
2684 2315 2946 2379 arbitrati,
2979 2332 3113 2378 non,
3144 2317 3271 2371 dum
3305 2331 3428 2371 om-

1850 2416 1948 2456 nes
1999 2416 2237 2457 canones
2275 2411 2641 2472 expetuntur,
2707 2418 2973 2458 summam
3020 2403 3097 2457 rei
3143 2404 3427 2467 amittere,

1851 2491 2159 2561 complures
2197 2491 2509 2559 obtinendo,
2544 2493 2873 2562 reliquorum
2905 2494 3163 2547 damnum
3194 2494 3249 2548 in
3285 2510 3429 2564 prm—

1852 2598 1977 2639 sens
2022 2583 2309 2639 subiimus.
2358 2584 2629 2653 Optimum
2670 2585 2817 2639 enim
2864 2584 3192 2654 estquidem
3238 2601 3428 2642 eorum

1852 2693 1975 2749 quae
2002 2677 2127 2747 quis
2168 2685 2408 2748 expetat,
2467 2677 2617 2733 nullo
2651 2677 2899 2732 excidere
2931 2694 2944 2731 :
2981 2686 3038 2733 at
3084 2679 3431 2748 desperantis

1852 2777 1956 2834 est,
1988 2783 2092 2823 nec
2124 2768 2257 2823 satis
2276 2783 2424 2823 sana:
2456 2767 2680 2833 mentis,
2711 2785 2835 2823 cum
2869 2771 3021 2840 plura
3048 2772 3244 2825 dantur
3268 2770 3336 2826 de
3363 2770 3432 2826 iis

1854 2876 1977 2932 qua:
2022 2877 2133 2916 non
2176 2862 2396 2927 dantur,
2436 2861 2601 2917 nimis
2634 2877 2755 2917 esse
2785 2862 3079 2928 curiosum,
3124 2878 3189 2917 ac
3218 2861 3287 2917 de
3341 2862 3432 2916 his

1856 2954 2301 3019 contendentem,
2343 2954 2598 3008 omnibus
2635 2954 2874 3024 seipsum
2927 2956 3162 3025 privare.
3197 2955 3466 3025 Ideoque

1856 3060 1971 3110 eos,
2012 3047 2079 3101 de
2116 3049 2315 3116 quibus
2342 3047 2624 3102 sententiae
2640 3062 2892 3102 consona:
2908 3048 3064 3102 dicta:
3097 3055 3245 3111 sunt,
3275 3061 3437 3117 syno-

1856 3140 2052 3195 daliter
2076 3141 2446 3212 exposuimus,
2480 3156 2697 3211 unaque
2746 3140 2800 3194 in
2836 3140 3033 3195 litteris
3053 3156 3176 3195 cum
3215 3140 3281 3195 iis
3313 3155 3435 3210 qua:

1857 3246 1888 3285 a
1918 3232 2075 3287 nobis
2091 3232 2244 3302 prius
2273 3232 2518 3303 exposita
2545 3231 2781 3298 fuerant,
2816 3230 3169 3300 subjecimus.

189 3321 527 3393 γραμματίῳ
549 3320 688 3392 μετὰ
713 3320 820 3373 τῶν
848 3319 1284 3390 προεκτεθέντων
1314 3320 1403 3387 ὑφ’
1433 3319 1595 3390 ήμῶν
1644 3320 2111 3393 συνυπετάξαμεν.

262 3418 405 3490 Περὶ
452 3418 509 3471 δέ
557 3435 623 3488 γε
653 3418 762 3470 τῶν
804 3418 904 3480 τὰς
948 3414 1278 3487 χειροτονίας
1314 3414 1544 3469 αὑτόθεν
1588 3415 1755 3469 πάλαι

1931 3419 2008 3473 De
2042 3420 2107 3472 iis
2140 3434 2290 3484 vero,
2340 3418 2431 3489 qui
2462 3418 2835 3473 ordinationes
2868 3417 2944 3488 (6)
2972 3432 3037 3472 ex
3069 3433 3149 3478 se,
3180 3426 3236 3472 et
3287 3419 3437 3473 arbi-

191 3511 615 3582 λαμϐανόντων,
663 3509 1141 3578 ὲκοινολογήσαντο
1191 3508 1322 3577 ήμῖν
1371 3507 1422 3560 οἱ
1466 3509 1564 3577 τῆς
1607 3507 1761 3577 ὑμῶν

192 3604 475 3673 ὑπιότητος
503 3600 908 3671 τοποτηρηταὶ,
934 3600 1009 3663 ὡς
1035 3598 1212 3670 χρεὼν
1254 3598 1340 3667 εἴη
1383 3599 1605 3659 τούτους
1658 3600 1761 3652 ὲπ-

197 3696 635 3766 αναστραφῆναι,
669 3696 765 3747 καὶ
796 3695 933 3763 πρὸς
966 3691 1065 3763 τήν
1087 3690 1291 3744 οἰκείαν
1329 3690 1761 3762 παλινδρομῆσαι

195 3791 542 3861 προμήτορα.
586 3788 726 3840 Ἀλλ’
757 3788 808 3839 εί
842 3788 939 3857 μὲν
966 3787 1023 3838 ὲν
1047 3787 1179 3855 ἡμῖν
1206 3784 1266 3837 τὸ
1294 3783 1388 3837 τοῦ
1424 3783 1763 3853 βουλήματος
1800 3840 1803 3843 λ

191 3880 364 3953 κῦρος
394 3880 593 3944 ἔκειτο,
641 3880 735 3933 καὶ
766 3882 841 3949 μὴ
878 3877 1309 3948 συνεμεμέριστο
1340 3878 1405 3947 τῇ
1448 3876 1691 3947 βασιλείᾳ
1727 3876 1761 3946 ἠ

192 3971 421 4043 πρᾶξις,
475 3971 573 4023 οὐκ
623 3970 689 4024 ἂν
737 3971 1031 4037 ἀπολογίας
1067 3969 1193 4033 ἔδει,
1250 3968 1381 4021 αὐτὸ
1412 3969 1467 4022 δὲ
1517 3967 1765 4037 τὸέργον

191 4066 447 4135 κρεῖττον
493 4062 552 4115 ὃν
598 4062 697 4133 τῆς
729 4062 1025 4130 ἀπολογίας
1058 4062 1354 4115 ἐδείκνυτο.
1402 4060 1554 4113 Ἐπεὶ
1598 4060 1655 4114 δὲ
1696 4060 1765 4115 τὰ

191 4155 651 4226 ὲκκλησιαστικὰ,
678 4154 775 4207 καὶ
800 4153 1032 4223 μάλιστά
1072 4170 1135 4220 γε
1156 4152 1224 4206 τὰ
1250 4154 1378 4222 περ)⁸
1404 4151 1513 4205 τῶν
1541 4150 1766 4222 ὲνοριῶν

188 4246 383 4302 δίκαια
409 4248 531 4310 ταῖς
578 4246 884 4309 πολιτικαῖς
928 4245 1304 4314 ὲπικρατείαις
1331 4261 1391 4297 τε
1435 4243 1530 4298 καὶ
1563 4243 1768 4314 διοική-

191 4353 313 4390 σεσι
355 4335 901 4406 συμμεταϐάλλεσθαι
927 4334 1138 4398 εἴωθεν,
1176 4335 1209 4403 ἡ
1244 4333 1343 4400 τῆς
1367 4333 1523 4403 ὑμῶν
1549 4332 1767 4402 όσιότη-

187 4444 284 4493 τος
315 4426 709 4497 εὐγνωμοσύνη
744 4426 805 4480 τὸ
832 4425 989 4497 ἡμῶν
1019 4425 1111 4478 ἐπὶ
1137 4424 1200 4477 τὸ
1233 4424 1571 4478 συνευδοκεῖν
1597 4425 1679 4487 είς
1705 4423 1767 4476 τὸ

188 4520 508 4590 παρασχεῖν
546 4519 922 4589 ἀποδεχομένη
962 4516 1196 4586 θέλημα,
1225 4516 1286 4569 τὸ
1314 4516 1391 4587 μὴ
1425 4515 1627 4581 λαϐεῖν,
1667 4515 1769 4584 τῆς

190 4607 525 4677 πολιτικῆς,
564 4607 678 4660 ἀλλ’
722 4607 821 4677 οὑχ
853 4608 1125 4677 ἡμέτερον
1153 4601 1453 4673 λογιζέσθω
1494 4602 1766 4672 ἔγκλημα.

204 4700 359 4769 Ἐγὼ
398 4702 509 4771 γὰρ
535 4702 631 4771 οὑχ
675 4701 712 4755 ἃ.
746 4701 913 4754 πάλαι
944 4700 1037 4754 ὑπ’
1068 4699 1260 4763 ἄλλους
1297 4697 1467 4751 ἐτέλει
1500 4697 1640 4769 μετὰ
1675 4695 1770 4749 τοῦ

1858 3510 1963 3566 trio
2016 3526 2117 3567 suo
2162 3512 2369 3581 pridem
2401 3511 2695 3581 accipiunt,
2723 3510 3007 3565 nobiscum
3059 3510 3436 3565 communica-

1858 3610 1989 3656 runt
2015 3601 2319 3655 sanctitatis
2355 3610 2552 3656 vestrm
2576 3600 2764 3656 vicarii
2795 3618 2810 3667 ;
2842 3607 3096 3670 oportere
3121 3614 3216 3653 eos
3248 3615 3435 3653 rever-
3524 3618 3525 3621 η

1863 3691 1921 3758 ιί,
1968 3698 2025 3746 et
2049 3690 2117 3745 ad
2143 3690 2414 3760 propriam
2448 3705 2730 3745 recurrere
2765 3704 2904 3754 eam,
2952 3703 3072 3759 qua:
3102 3688 3254 3757 prius
3310 3688 3431 3753 fuit,

1860 3790 2111 3837 matrem.
2149 3781 2347 3837 Verum
2368 3781 2413 3836 si
2434 3781 2578 3852 quod
2602 3782 2919 3836 volebamus
2947 3781 3003 3835 in
3024 3789 3211 3836 nostra
3242 3778 3436 3835 fuisset

1864 3884 2132 3946 potestate
2166 3875 2354 3937 situm,
2389 3890 2492 3930 nec
2530 3873 2810 3945 negotium
2858 3890 2984 3929 cum
3031 3875 3259 3945 imperio
3294 3875 3437 3930 divi-

1862 3984 1983 4023 sum
2038 3969 2249 4033 fuisset,
2276 3967 2502 4023 dicenda
2533 3982 2695 4022 causa
2724 3981 2832 4021 non
2856 3980 3022 4031 esset,
3054 3967 3149 4021 sed
3177 3966 3293 4037 ipsa
3323 3981 3433 4032 res,

1861 4075 1983 4131 quae
2009 4075 2185 4116 causae
2212 4059 2451 4115 dictione
2480 4074 2545 4112 ac
2571 4058 2717 4113 omni
2764 4057 3081 4113 defensione
3105 4066 3190 4113 est
3236 4057 3435 4128 potior,

1861 4161 2006 4208 esset
2032 4152 2292 4209 exhibita.
2311 4151 2577 4218 Quoniam
2606 4166 2735 4206 vero
2763 4151 3113 4207 ecclesiastici
3133 4160 3189 4205 et
3204 4150 3439 4206 maxime

1858 4246 1981 4316 jura
2034 4260 2155 4313 qua:
2202 4243 2269 4298 de
2334 4241 2645 4311 regionibus
2707 4247 2836 4294 sunt
2891 4248 2946 4294 et
2993 4239 3215 4301 finibus,
3263 4238 3440 4293 solent

1863 4352 1986 4391 cum
2024 4334 2332 4405 reipublicae
2368 4340 2635 4403 potestate
2686 4347 2751 4386 ac
2784 4332 3250 4387 administratione
3313 4347 3437 4386 mu-

1866 4429 1964 4481 tari
1999 4435 2229 4490 ;vestraa
2252 4424 2529 4495 religionis
2563 4421 2811 4491 aequitas,
2842 4431 3083 4477 nostram
3139 4423 3207 4477 ad
3242 4438 3440 4479 conce-

1864 4518 2099 4573 dendum
2150 4517 2520 4571 assensionem
2580 4514 2831 4584 probans,
2875 4514 2928 4569 id
2964 4530 3073 4569 non
3114 4515 3436 4579 obtinuisse,

1866 4606 2175 4677 reipublicaa
2192 4604 2699 4665 administrationis,
2734 4618 2844 4656 non
2872 4613 3118 4658 nostrum
3144 4612 3296 4673 putet
3317 4619 3439 4658 esse

1868 4698 2099 4754 crimen.
2134 4698 2248 4767 Ego
2288 4697 2432 4751 enim
2456 4713 2564 4752 non
2596 4698 2776 4764 modo,
2811 4714 2930 4767 qua:
2959 4697 3165 4766 pridem
3200 4696 3254 4749 in
3302 4696 3441 4749 alio-

194 4792 440 4854 δικαίου,
474 4793 568 4846 καὶ
598 4793 697 4863 τῆς
726 4792 886 4863 φίλης
915 4793 1137 4863 εἰρήνης
1180 4789 1542 4861 ἀναστρέφειν
1571 4787 1755 4859 πρόθυ-

1875 4805 1995 4844 rum
2026 4789 2232 4843 ditione
2266 4796 2441 4852 erant,
2471 4804 2592 4843 cum
2622 4790 2744 4858 jure
2777 4800 2832 4844 et
2855 4791 3027 4844 amica
3063 4797 3214 4858 parte
3247 4787 3445 4841 studeo

197 4900 325 4955 μος,
358 4881 496 4936 ἀλλὰ
523 4883 615 4935 καὶ
645 4882 752 4935 τῶν
778 4881 1040 4937 ἀνέκαθεν
1062 4881 1139 4952 τῷ
1163 4882 1338 4953 θρόνῳ
1381 4880 1555 4951 τούτῳ
1604 4897 1755 4952 προσ-

1874 4883 2099 4937 reddere
2132 4899 2147 4938 :
2179 4880 2274 4936 sed
2300 4881 2514 4936 etiamsi
2547 4881 2902 4951 quorumdam
2935 4896 2998 4934 ex
3040 4879 3105 4933 iis
3130 4894 3252 4948 qua:
3279 4887 3439 4934 antea

193 4973 629 5045 ανατιθεμένων,
643 4974 697 5027 εί
707 4990 792 5038 τις
819 4973 1016 5044 ίσχύων
1042 4972 1423 5044 ἐπιτροπεύειν
1446 4971 1619 5042 ἠξίου,
1636 4970 1755 5025 έτοί·

1876 4974 2004 5029 huic
2045 4973 2157 5028 sedi
2188 4973 2365 5027 dicata
2397 4982 2555 5028 erant
2601 4974 2795 5043 aliquis
2827 4973 3033 5027 viribus
3058 4972 3267 5041 pollens
3308 4986 3437 5042 pro-

194 5082 322 5135 μως
367 5065 435 5118 ἂν
459 5064 829 5135 παρεχώρησα
856 5066 933 5135 τῷ
953 5065 1239 5135 δυναμένῳ
1273 5063 1471 5134 μᾶλλον
1511 5062 1772 5116 πλειόνων

183 5152 542 5223 ἀντέχεσθαι.
570 5156 681 5207 Καὶ
702 5156 812 5223 γὰρ
833 5156 861 5208 ό
884 5155 981 5223 μὲν
1011 5154 1134 5226 ἐμοί
1157 5173 1207 5207 τι
1233 5154 1341 5207 τῶν
1366 5155 1428 5208 οὑ
1461 5153 1770 5224 προσόντων

184 5245 536 5317 προστιθεὶς,
570 5240 726 5308 οὗτος
753 5245 818 5297 τὸ
848 5246 1011 5317 βάρος
1036 5244 1195 5298 πλέον
1212 5244 1365 5297 ἐστὶν
1402 5244 1430 5297 ὁ
1460 5243 1724 5306 ἐπιτιθείς
1750 5260 1765 5276 ο

188 5336 476 5410 μερίμνης
507 5335 617 5407 γὰρ
661 5332 891 5405 αὔξησιν
940 5338 1113 5389 ποιεῖ’
1166 5337 1197 5389 ὁ
1245 5335 1302 5387 δὲ
1339 5334 1434 5388 καὶ
1478 5334 1591 5389 τῶν
1632 5350 1767 5405 προ-

188 5432 561 5505 ὑπαρχόντων
598 5431 720 5485 τινὰ
751 5432 846 5484 σὺν
880 5430 1069 5504 ἀγάπῃ
1096 5430 1278 5484 λαϐεῖν
1302 5430 1605 5500 ἐπιζητῶν,
1636 5430 1773 5501 μᾶλ-

183 5542 280 5582 Αον
333 5525 463 5596 ἐμοὶ
509 5525 670 5596 χάριν
698 5524 917 5589 διδόντι,
964 5524 999 5598 ἢ
1037 5523 1186 5594 αὑτῷ
1222 5524 1552 5595 λαμϐάνοντι
1582 5524 1772 5596 κέρδος

1874 5066 2215 5121 curationem
2262 5065 2600 5135 deposceret,
2650 5071 2867 5135 paratus
2908 5080 3053 5118 eram
3092 5065 3297 5133 petenti
3340 5079 3443 5135 po-

1876 5156 1985 5211 tius
2014 5156 2229 5222 cedere,
2260 5171 2420 5226 quam
2443 5156 2596 5226 plura
2618 5156 2874 5209 retinere.
2906 5154 3037 5208 Nam
3063 5154 3155 5224 qui
3184 5155 3315 5210 mihi
3338 5157 3440 5212 ali-

1872 5248 2001 5318 quid
2025 5263 2212 5303 eorum
2243 5263 2364 5318 quae
2391 5264 2501 5303 non
2539 5248 2762 5301 habeam
2803 5246 2974 5308 addit,
3001 5246 3045 5299 is
3066 5247 3187 5316 plus
3213 5249 3444 5319 imponit

1872 5338 2058 5394 oneris
2082 5356 2096 5403 ;
2121 5353 2305 5393 curam
2328 5338 2475 5391 enim
2494 5347 2548 5391 et
2572 5335 2992 5390 sollicitudinem
3010 5351 3039 5390 a
3063 5352 3148 5392 me
3171 5339 3441 5404 postulat:

1873 5430 1963 5499 qui
1993 5445 2123 5485 vero
2158 5444 2347 5486 eorum
2373 5443 2492 5498 quin
2511 5427 2644 5482 mihi
2667 5436 2841 5492 erant,
2867 5428 3071 5497 aliquid
3101 5429 3158 5483 in
3178 5444 3236 5484 se
3263 5438 3442 5485 trans-

1874 5522 2002 5589 fert,
2037 5522 2264 5595 gratiam
2316 5536 2349 5577 a
2386 5536 2472 5577 me
2504 5519 2647 5586 init;
2698 5520 2871 5576 levius
2898 5523 3042 5576 enim
3069 5521 3204 5577 mihi
3245 5520 3444 5592 praefe-

1708 5665 1938 5728 NOTAE.

259 5761 348 5832 (6)
390 5762 503 5817 Hos
534 5760 710 5816 (ἴε-πεί
734 5758 1301 5832 αὑτοχειροτονήτους.
