4052 6438
176 392 283 456 617

1328 386 1864 453 EPISTOLARUM
1903 380 2136 448 LIBER
2179 388 2229 448 Ι.

3313 382 3420 448 618

170 505 317 568 σθαι,
373 501 406 574 ἢ
457 502 593 575 πρὸς
650 503 851 557 κακίαν
914 501 1316 573 ύποσύρεσθαι·
1378 501 1460 554 διὸ
1516 500 1597 552 δεῖ
1658 500 1752 551 καὶ

1861 500 2139 570 sciplinam
2182 512 2247 552 ac
2287 487 2606 552 modestiam
2643 493 2697 548 in
2732 494 2985 549 omnibus
3022 510 3166 549 curae
3190 495 3417 557 habens,

164 596 266 664 τὴν
323 594 593 665 ὑμετέραν
647 592 1012 664 πολυέραστον
1070 591 1442 664 μακαριότητα
1494 593 1592 661 τῆς
1645 593 1737 642 ὲκ-

166 685 565 755 κλησιαστικῆς
605 683 859 748 εὐταξίας
897 686 955 738 ἐν
1010 686 1145 737 πᾶσι
1205 683 1611 754 φροντίζουσαν,
1648 684 1741 735 καὶ

166 775 268 846 τῆς
297 776 581 845 κανονικῆς
605 774 970 845 ἀντεχομένην
993 774 1303 844 εὐθύτητος,
1338 776 1460 840 τοὺς
1493 775 1619 829 ἄνευ
1650 792 1744 827 συ-

168 867 441 921 στατικῶν
473 867 813 938 γραμμάτων
840 868 974 937 πρὸς
997 868 1096 938 τὴν
1124 868 1229 922 τῶν
1292 867 1576 937 Ῥωμαίων
1620 868 1742 920 Ἐκ-

169 959 405 1030 κλησίαν
430 959 678 1014 ἐντεῦθεν
707 960 1063 1031 ἀπαίροντας,
1122 961 1195 1033 μὴ
1230 961 1305 1025 ὡς
1334 961 1522 1031 ἔτυχεν
1555 960 1745 1014 ὑποδέ-

170 1053 400 1124 χεσθαι·
440 1053 575 1123 μηδὲ
618 1050 922 1122 φιλοξενίας
957 1057 1339 1125 προσχήματι,
1389 1053 1746 1125 μισαδελφίας

170 1146 524 1215 παραχωρεῖν
583 1141 1014 1197 καταϐάλλεσθαι
1065 1145 1355 1215 σπέρματα
1375 1161 1388 1175 ο
1424 1143 1485 1196 τὸ
1517 1143 1614 1213 μὲν
1638 1144 1744 1214 γὰρ

170 1238 295 1290 καθ’
323 1237 557 1306 ἑκάστην
581 1236 717 1307 πρὸς
739 1238 837 1307 τὴν
862 1236 890 1289 ύ
900 1236 1015 1305 μῶν
1038 1238 1311 1308 πατρικὴν
1339 1236 1593 1306 ὁσιότητα
1619 1238 1745 1300 τοὺς

174 1327 537 1397 βουλομένους
594 1328 1013 1400 παραγίνεσθαι,
1056 1329 1149 1381 καὶ
1201 1330 1313 1382 τῶν
1341 1329 1538 1400 τιμίων
1572 1329 1745 1398 αὐτῆς

172 1420 471 1473 ἀπολαύειν
526 1420 707 1489 ίχνῶν,
760 1419 917 1473 τοῦτο
970 1420 1089 1473 λίαν
1123 1424 1246 1491 ἐμοὶ
1301 1422 1619 1492 προσφιλὲς,
1650 1424 1747 1475 καὶ

176 1509 284 1577 πρὸ
307 1507 516 1560 πολλῶν
545 1508 720 1561 ἄλλων
750 1506 1059 1577 τιμώμενον
1080 1524 1093 1537 ⁸
1122 1510 1182 1562 τὸ
1203 1509 1259 1561 δὲ
1287 1510 1455 1580 χωρὶς
1488 1510 1587 1580 τῆς
1609 1511 1747 1579 ἡμε-

173 1599 342 1668 τέρας
371 1599 646 1669 είδήσεως,
686 1600 779 1653 καὶ
812 1600 1149 1655 συστατικῶν
1202 1601 1544 1673 γραμμάτων
1594 1601 1745 1666 ἄνευ,

175 1691 489 1760 ἀποδημίας
519 1691 787 1755 ἀτάκτους
822 1693 1115 1757 ποιεῖσθαι,
1140 1692 1263 1746 οὔτε
1312 1695 1442 1764 ἡμῖν
1482 1692 1602 1748 οὔτε
1633 1696 1747 1757 τοῖς

177 1783 420 1850 κανόσιν,
454 1783 567 1836 ἀλλ’
588 1784 705 1837 οὐδὲ
726 1786 790 1854 τῇ
822 1785 851 1838 ὑ
860 1785 976 1854 μῶν
995 1785 1277 1856 ἀδεκάστῳ
1297 1788 1474 1856 κρίσει
1501 1785 1747 1855 εὐπαρά-

1843 595 1899 640 et
1946 586 2264 647 canonicam
2312 593 2504 639 tenens
2563 582 2971 647 rectitudinem,
3028 599 3123 638 eos
3167 583 3259 653 qui
3301 584 3423 638 sine

1842 677 2304 731 commendatitiis
2324 676 2522 730 litteris
2542 674 2609 730 ad
2642 674 2940 730 Romanam
2968 676 3267 730 Ecclesium
3295 676 3424 731 hinc

1843 767 2283 838 proficiscentur,
2333 782 2443 820 non
2510 775 2717 821 temere
2767 780 2830 821 ae
2880 764 3105 820 fortuito
3156 766 3420 837 recipere,

1842 876 1948 916 nec
1978 860 2159 915 sinere
2217 858 2605 929 hospitalitatis
2671 858 2852 928 specie
2894 858 3003 913 odii
3048 857 3273 912 fraterni
3315 859 3424 929 jaci

1846 955 2077 1011 semina.
2107 951 2243 1007 Nam
2288 950 2528 1022 quotidie
2592 952 2660 1007 ad
2701 963 2938 1006 vestram
2990 962 3271 1022 paternam
3302 969 3425 1006 san-

1845 1050 2085 1105 ctitatem
2149 1064 2264 1110 eos,
2318 1038 2410 1116 qui
2465 1046 2653 1110 velint,
2683 1047 2854 1112 adire,
2900 1056 2955 1101 et
3006 1045 3260 1116 pretiosis
3305 1048 3426 1118 ejus

1846 1139 1953 1195 frui
1972 1139 2237 1210 vestigiis,
2259 1139 2364 1193 hoc
2389 1137 2523 1193 mihi
2556 1138 2711 1192 valde
2748 1138 2983 1193 amabile
3013 1146 3117 1204 est,
3144 1153 3209 1192 ae
3241 1138 3428 1192 multis

1847 1234 1966 1288 aliis
1995 1233 2159 1288 rebus
2192 1232 2634 1302 anteponendum
2667 1251 2679 1287 :
2710 1242 2765 1286 at
2794 1232 2913 1287 sine
2968 1242 3152 1286 nostra
3178 1232 3427 1297 scientia,

1847 1336 1903 1381 et
1949 1325 2153 1395 absque
2207 1325 2671 1381 commendatitiis
2720 1314 2918 1379 litteris
2968 1324 3430 1394 peregrinationes

1848 1419 2001 1474 nullo
2033 1419 2223 1474 ordine
2271 1418 2474 1489 suscipi
2500 1436 2513 1473 :
2540 1418 2594 1473 id
2629 1434 2730 1472 nec
2760 1408 2940 1483 nobis,
2974 1433 3076 1473 nec
3106 1418 3427 1480 canonibus,

1847 1526 1953 1566 nec
1975 1525 2105 1566 vero
2146 1520 2331 1567 vestro
2359 1511 2711 1583 integerrimo
2729 1510 2934 1579 judicio
2962 1518 3049 1565 est
3077 1509 3430 1580 aceeptabile.

1849 1604 2054 1661 Omitto
2085 1606 2231 1662 enim
2254 1606 2356 1661 alia
2386 1621 2507 1676 qua:
2535 1605 2758 1660 evenire
2783 1605 2964 1659 solent
2992 1605 3061 1659 iis
3077 1605 3169 1675 qui
3187 1604 3315 1659 hinc
3345 1604 3433 1659 di-

1850 1696 2099 1759 scedunt,
2133 1697 2236 1751 iter
2258 1713 2324 1753 ac
2363 1699 2834 1770 peregrinationes
2863 1714 2973 1754 non
2994 1701 3147 1769 juxta
3168 1714 3431 1755 canonem

1854 1786 2182 1843 habentibus
2224 1805 2452 1866 pugnas,
2495 1791 2813 1855 seditiones,
2840 1790 3005 1855 rixas,
3034 1792 3432 1853 contentiones,

177 1875 391 1929 δεκτονσ
448 1874 627 1945 ἐῶμεν
661 1874 769 1945 γὰρ
797 1875 843 1927 τ’
881 1875 1015 1929 ἄλλα
1045 1876 1079 1931 ἃ
1106 1877 1426 1947 συμϐαίνειν
1465 1876 1643 1941 εῑωθε,
1674 1876 1750 1948 μὴ

1861 1881 2174 1946 calumnias,
2208 1881 2454 1947 insidias,
2483 1882 2937 1936 insurreetiones.
2987 1880 3093 1936 Sed
3122 1882 3264 1952 quod
3288 1898 3435 1938 nune

179 1968 326 2039 κατά
355 1967 449 2018 τὸν
501 1967 703 2021 κανόνα
754 1967 853 2030 τὰς
885 1967 1194 2038 ἀποδημίας
1251 1968 1610 2039 ποιουμένων,
1642 1968 1751 2022 τῶν

177 2037 606 2128 ἀποδημούντων
632 2058 732 2121 τὰς
756 2060 955 2129 μάχας,
1121 2060 1337 2124 στάσεις
1359 2099 1373 2125 ,
1418 2037 1517 2124 τὰς
1551 2058 1751 2132 ἔριδας,

178 2149 283 2212 τὰς
310 2149 664 2218 φιλονεικίας,
708 2152 807 2213 τὰς
857 2150 1132 2214 διαϐολὰς,
1184 2151 1281 2213 τὰς
1311 2152 1622 2218 ἐπιϐουλὰς,
1655 2154 1754 2215 τὰς

181 2242 622 2305 ἐπαναστάσεις,
671 2242 806 2296 ἀλλὰ
859 2244 920 2295 τό
977 2261 1039 2310 γε
1096 2242 1192 2297 νῦν
1226 2242 1501 2314 ὁρώμενόν
1552 2262 1615 2297 τε
1663 2245 1757 2297 καὶ⁹

183 2334 559 2403 πραττόμενον
597 2334 744 2405 ἐρῶο
781 2334 1000 2388 ἐπειδὰν
1041 2335 1150 2407 γὰρ
1206 2334 1439 2388 ἐνταῦθά
1481 2352 1627 2400 τινες
1667 2336 1757 2390 διὰ

182 2426 291 2495 τῆς
322 2425 622 2479 παθοποιοῦ
675 2426 955 2499 ῥᾳστώνης
979 2427 1068 2481 τὸν
1119 2427 1234 2497 βίον
1256 2427 1754 2500 καταρρυπώσωσι,

184 2519 300 2574 τῶν
333 2520 388 2573 δὲ
447 2519 936 2592 πλημμελημάτων
994 2518 1225 2584 εὐθύνας
1269 2522 1622 2585 ἀπαιτεῖσθαι
1656 2517 1759 2576 ὦσι

182 2611 567 2683 προσδόκιμοι,
603 2612 740 2683 μετά
769 2612 973 2682 σεμνῆς
1003 2610 1104 2681 τῆς
1157 2613 1476 2684 ἐπωνυμίας
1523 2616 1760 2686 φυγάδες

184 2703 493 2773 γίγνονται,
540 2705 849 2775 προσευχῆς
901 2703 1071 2774 ὄνομα
1096 2707 1162 2775 τῇ
1209 2708 1354 2777 φυγῇ
1388 2706 1759 2778 περιθέμενοι,

186 2796 289 2848 καὶ
303 2797 502 2866 πρᾶξιν
523 2796 756 2866 αἰσχρὰν
775 2795 1041 2866 ὀνομασία
1065 2815 1168 2867 χρη
1178 2800 1275 2869 στῇ
1295 2799 1758 2869 συγκαλύψαντες·

188 2880 268 2940 ὧν
298 2887 350 2940 οῑ
373 2886 473 2956 μὲν
503 2885 815 2957 ἀλλοτρίους
844 2887 1052 2956 γάμους
1080 2885 1363 2958 διώρυξαν,
1387 2886 1435 2940 οί
1456 2886 1764 2953 δὲ’κλοπαῖς

188 2979 528 3043 ἑαλώκεσαν,
556 2978 590 3050 ἢ
618 2981 739 3041 ταῖς
771 2977 961 3048 μέθαις
987 2977 1388 3049 προεπόθησαν,
1423 2978 1456 3048 ἢ
1484 2980 1603 3043 ταῖς
1636 2980 1766 3033 ἀκο-

188 3072 353 3126 λασία
364 3089 410 3135 ις
430 3070 804 3139 ἐδουλώθησαν
825 3085 839 3098 ·
871 3069 1017 3123 ἄλλοι
1046 3067 1100 3121 δὲ
1127 3068 1220 3120 καὶ
1238 3068 1347 3122 τῶν
1366 3069 1766 3140 ταπεινοτέρων

190 3163 511 3233 αὐτόχειρες
561 3161 941 3233 ἐφωράθησαν,
1001 3161 1094 3215 καὶ
1145 3160 1293 3216 ἄλλοι
1326 3160 1502 3224 ἄλλοις
1538 3162 1764 3215 πάθεσιν

191 3252 539 3323 ἀκαθαρσίας
573 3250 994 3321 συνεσχέθησανο
1040 3250 1089 3303 οἳ
1135 3251 1352 3304 ὲπειδὰθ
1411 3252 1532 3305 κατ’
1586 3253 1766 3306 αὐτῶν

191 3344 294 3415 τὴν
315 3342 475 3412 δίκην
500 3341 822 3411 ἀφιεμένην,
857 3339 1047 3411 ὥσπερ
1076 3342 1308 3410 ἔφημεν,
1355 3339 1768 3406 συναίσθωνται,

192 3435 335 3509 ὁμοῦ
362 3436 541 3488 πάντα
571 3433 911 3503 κυκήσαντές
935 3450 995 3486 τε
1019 3434 1112 3487 καὶ
1145 3432 1576 3503 συνταράξαντες
1595 3473 1610 3497 ,
1637 3434 1768 3503 δρα-

195 3527 323 3598 σμῷ
347 3526 446 3589 τὰς
478 3526 571 3577 ἐπὶ
615 3527 728 3588 τοῖς
773 3522 1258 3594 αἰσχρουργηθεῖσι
1303 3523 1403 3576 ικαὶ
1447 3524 1771 3595 τολμηθεῖσι

194 3614 580 3688 διακρούονται
613 3614 898 3677 κολάσειςο
938 3615 1075 3685 μήτε
1119 3616 1240 3678 ταῖς
1289 3615 1634 3684 ὲπιτιμήσεσι
1667 3631 1773 3668 σωο

197 3707 604 3779 φρονιζόμενοι,
643 3708 781 3777 μήτε
839 3706 960 3758 ταῖς
987 3705 1278 3775 τιμωρίαις
1326 3704 1769 3776 θεραπευόμενοι,

201 3803 345 3871 μήτε
375 3798 467 3851 τοῦ
499 3797 790 3866 πτώματος
814 3796 1217 3868 ἀνορθούμενοι,
1250 3797 1362 3851 ἀλλ’
1391 3798 1573 3862 αὐτοῖς
1594 3816 1655 3851 τε
1678 3797 1773 3852 καὶ

198 3892 317 3953 τοῖς
350 3888 532 3951 ἄλλοις
577 3887 948 3950 διατελοῦντες
993 3886 1246 3958 ὀλέθριοιο
1291 3887 1351 3953 ἐξ
1368 3880 1443 3943 ὧν
1474 3887 1551 3957 τῷ
1585 3887 1772 3958 βουλο-

202 3983 355 4053 μένῳ
382 3979 582 4034 πάθεσι
607 3981 818 4051 τρυφᾷν
849 3981 883 4049 ἡ
916 3979 1059 4049 πύλη
1089 3980 1318 4033 πλατεῖα
1355 3981 1456 4051 τῆς
1496 3982 1775 4048 ἀπωλείας

199 4072 618 4141 ύσιιιανοίγνυται⁹
654 4070 965 4142 ἐχουσιγάρ
1014 4074 1113 4142 τῆς
1143 4071 1298 4144 δίκης
1343 4073 1647 4143 ἀποφυγεῖν
1675 4073 1775 4147 τὴν

197 4165 299 4217 ἐπὶ
327 4164 604 4234 προφάσει
643 4163 953 4233 προσευχῆς
1004 4164 1099 4215 ἐπὶ
1144 4163 1364 4234 Ῥώμην
1410 4165 1664 4221 κάθοδον·
1700 4162 1776 4221 ῶν

195 4256 301 4326 τὴν
331 4255 661 4324 κακότεχνον
702 4254 949 4325 μηχανὴν
982 4254 1014 4324 ἡ
1041 4254 1282 4323 ὑμετέρα
1319 4255 1647 4319 παθοκτόνος
1680 4257 1775 4310 καὶ

196 4346 597 4417 θεοχαρίτωτος
639 4343 1024 4398 ἀνασκοποῢσα
1048 4344 1282 4414 κεφαλὴ,
1300 4346 1571 4417 ἄχρηστον
1593 4348 1777 4411 αὐτοῖς

197 4442 299 4495 καὶ
335 4440 767 4511 ἁτελεσφόρητον
794 4439 885 4493 τὸν
904 4439 1054 4492 δόλον
1082 4440 1176 4493 καὶ
1216 4440 1316 4511 τὴν
1360 4441 1777 4513 μηχανορράφον

1854 1973 2092 2039 videtur,
2129 1988 2193 2028 ac
2232 1975 2308 2039 fit,
2351 1974 2571 2040 dicam;
2600 1988 2725 2028 cum
2765 1973 2913 2027 enim
2940 1973 3030 2028 hic
3068 1974 3312 2028 nonnulli
3338 1990 3437 2044 per

1855 2067 2124 2137 impuram
2156 2066 2458 2136 nequitiam
2516 2069 2681 2122 vitam
2717 2066 3139 2122 contaminarint
3168 2082 3232 2121 ac
3260 2067 3435 2122 sordi-

1856 2153 2036 2207 darint
2066 2172 2079 2207 :
2113 2153 2185 2207 sit
2212 2168 2340 2208 vero
2368 2155 2722 2225 exspectatio,
2744 2155 2811 2210 de
2836 2156 2902 2210 iis
2935 2155 3221 2210 criminum
3250 2172 3439 2226 poenas

1856 2246 2155 2315 expetitum
2188 2246 2250 2300 iri
2279 2263 2293 2300 :
2327 2247 2575 2316 speciosa
2603 2252 3011 2318 nuncupatione
3039 2246 3250 2319 fugitivi
3276 2246 3434 2311 fiunt,

1857 2336 2119 2391 orationis
2140 2352 2203 2391 ac
2224 2337 2334 2391 voti
2354 2352 2557 2392 nomen
2591 2336 2730 2409 fugae
2754 2354 2867 2393 suae
2895 2338 3165 2404 indentes,
3188 2353 3252 2393 ac
3282 2347 3438 2407 turpe

1857 2426 2119 2500 ﬂagitium
2160 2426 2523 2498 appellatione
2548 2430 2717 2500 proba
2763 2438 3139 2499 eontegentes.
3193 2427 3433 2494 Quorum

1859 2520 1951 2574 alii
1993 2520 2171 2575 aliena
2198 2521 2452 2594 coniugia
2490 2521 2868 2593 perfoderunt,
2904 2521 2993 2575 alii
3019 2520 3151 2575 furti
3194 2518 3439 2575 damnati

1863 2621 2012 2677 sunt,
2039 2621 2133 2667 aut
2168 2613 2481 2668 vinolentia
2505 2629 2563 2669 se
2591 2613 2975 2683 propinarunt,
3033 2620 3126 2667 aut
3178 2610 3436 2678 lasciviae,

1861 2705 2071 2761 libidini
2102 2714 2156 2760 et
2186 2705 2624 2776 intemperantiae
2670 2706 2979 2760 servierunt
3009 2720 3025 2771 ;
3064 2703 3155 2758 alii
3192 2717 3323 2759 vero
3364 2712 3441 2759 te-

1861 2795 2116 2849 nuiorum
2147 2794 2430 2849 hominum
2464 2809 2815 2865 percussores
2843 2804 2898 2849 et
2927 2792 3212 2848 homicidae
3243 2792 3443 2862 depre-

1865 2885 2021 2941 hensi
2064 2894 2225 2949 sunt;
2276 2885 2368 2939 alii
2424 2886 2547 2941 aliis
2591 2884 2938 2957 passionibus
2982 2882 3341 2940 immunditiaa
3382 2897 3443 2939 se

1866 2979 2272 3034 immerserunt.
2317 2977 2421 3045 Qui
2485 2994 2607 3032 cum
2656 2978 2711 3032 in
2760 2979 2970 3049 seipsos
3009 2978 3099 3048 jus
3146 2974 3343 3042 emitti,
3382 2985 3444 3031 ut

1867 3070 2124 3135 diximus,
2172 3070 2592 3141 persentiscunt,
2626 3068 2788 3124 simul
2836 3069 3018 3124 omnia
3063 3067 3355 3123 miscentes
3389 3074 3446 3121 et

1868 3164 2277 3231 conturbantes,
2334 3163 2660 3233 ﬂagitiorum
2726 3177 2791 3217 ac
2860 3160 3163 3216 facinorum
3219 3174 3445 3215 suorum

1869 3272 2060 3328 pmnas
2084 3256 2210 3328 fuga
2249 3259 2601 3323 amoliuntur,
2632 3271 2734 3312 nec
2774 3253 3241 3327 objurgationibus
3278 3252 3445 3308 casti-

1872 3353 2002 3425 gati,
2032 3367 2133 3408 nec
2161 3352 2441 3423 suppliciis
2466 3351 2662 3417 curati,
2693 3365 2796 3405 nec
2824 3365 2884 3405 se
2913 3365 2941 3403 a
2973 3348 3126 3417 lapsu
3152 3345 3443 3415 erigentes,

1871 3443 1970 3498 sed
2001 3442 2104 3498 sibi
2138 3451 2301 3512 atque
2346 3442 2466 3496 aliis
2500 3456 2672 3511 usque
2719 3437 3029 3510 perniciosi.
3065 3426 3141 3489 Ex
3171 3434 3367 3505 quibus
3393 3432 3445 3487 ei

1871 3533 1964 3605 qui
2012 3533 2147 3589 velit
2200 3533 2544 3604 passionibus
2599 3531 2822 3586 delicias
2868 3530 3080 3595 facere,
3144 3529 3248 3583 lata
3291 3525 3445 3581 exitii

1872 3636 2025 3697 porta
2059 3627 2424 3697 subaperitur.
2483 3624 2694 3680 Habent
2749 3624 2895 3679 enim
2935 3638 3109 3694 paena:
3162 3606 3445 3693 effugium,

1872 3719 2102 3774 Romam
2141 3720 2245 3774 sub
2298 3718 2557 3773 orationis
2592 3718 2817 3773 obtentu
2866 3715 3155 3788 proficisci.
3202 3713 3447 3780 Quorum

1874 3812 2015 3866 male
2065 3810 2354 3866 artiﬁciosa
2426 3811 2706 3865 molimina
2767 3808 3134 3874 considerans,
3202 3813 3447 3862 vestrum

1876 3904 2155 3974 passiones
2221 3902 2552 3958 interﬁciens
2611 3914 2668 3956 et
2721 3899 2831 3956 Deo
2865 3898 3230 3971 gratissimum
3264 3905 3447 3966 caput,

1874 3996 2122 4051 inutilem
2157 3994 2243 4059 iis,
2286 4003 2342 4050 et
2396 4010 2595 4049 vanum
2618 4000 2671 4048 et
2705 3984 2824 4047 sine
2846 3991 3045 4047 effectu
3079 3989 3327 4045 ostendat
3361 3988 3455 4042 do-

1873 4088 2006 4153 lum,
2049 4096 2103 4142 et
2154 4087 2487 4142 voluntatem
2532 4088 2702 4141 multa
2754 4084 3002 4154 nequiter
3022 4070 3447 4147 machinantem,

1875 4187 1929 4234 et
1965 4176 2111 4233 varie
2147 4185 2526 4245 eonsuentem,
2560 4193 2654 4232 eos
2697 4179 2789 4248 qui
2836 4177 2955 4231 sine
2990 4173 3451 4231 commendatitiis

1876 4269 2072 4324 litteris
2111 4269 2430 4335 adveniunt,
2489 4267 2779 4339 diligenter
2820 4266 2949 4321 illuc
3000 4265 3274 4335 redigens,
3305 4264 3451 4319 unde

1876 4361 2036 4427 male,
2069 4376 2132 4414 ac
2160 4361 2310 4415 nullo
2347 4360 2535 4415 ordine
2572 4360 2903 4431 effugerunt.
2948 4358 3038 4413 Sic
3068 4359 3218 4413 enim
3248 4366 3303 4412 et
3332 4340 3463 4411 illo?

1880 4464 1998 4506 rum
2044 4453 2189 4507 salus
2238 4454 2636 4523 procurabitur,
2673 4462 2731 4507 et
2787 4451 3051 4523 regularis
3106 4450 3372 4505 modestia
3398 4456 3454 4503 et

193 4532 556 4600 ἀποφαινέτω
579 4533 931 4602 προαίρεσινο
962 4532 1091 4595 τοὺς
1137 4532 1266 4586 ἄνευ
1296 4534 1636 4587 συστατικῶν
1667 4552 1760 4587 πα-

1875 4544 2012 4598 ordo
2046 4545 2399 4608 custodietur,
2430 4554 2483 4599 et
2525 4545 2827 4599 ﬁrmabitur
2880 4560 3032 4598 amor
3072 4542 3362 4605 fraternus,
3398 4550 3453 4594 et

196 4624 594 4695 ραγινομένους
650 4624 1009 4695 γραμμάτων,
1066 4623 1182 4694 μετ’
1233 4624 1549 4693 ἐπιμελείας
1596 4627 1772 4681 ἐκεῖσε

193 4716 373 4770 πάλιν
429 4715 933 4786 ἐπαναστρέφουσα,
981 4716 1102 4769 ὅθεν
1160 4717 1347 4779 κακῶς
1396 4721 1488 4770 καὶ
1524 4718 1774 4784 ἀτάκτως

1881 4634 2187 4689 communis
2232 4636 2534 4691 sollicitudo
2581 4637 2835 4692 omnibus
2872 4636 2939 4691 ad
2975 4636 3204 4691 salutem
3257 4636 3451 4688 animae

1882 4735 1936 4779 et
1955 4726 2199 4797 corporis
2236 4728 2599 4799 impendetur.

193 4809 474 4877 ἐξέφυγον
493 4826 507 4839 ·
536 4807 678 4861 οὕτω
700 4810 808 4879 γὰρ
836 4808 903 4861 ἂν
932 4808 1113 4862 αὐτῶν
1130 4826 1191 4860 τε
1219 4809 1445 4862 ἐκείνων
1469 4812 1503 4880 ἡ
1541 4812 1783 4883 σωτηρία
1827 4820 2292 4888 πραγματεύοιτο,
2323 4822 2474 4893 κοινή
2528 4840 2587 4875 τε
2644 4825 2677 4894 ῄ
2727 4822 2947 4893 φροντὶς
2968 4823 3131 4875 πᾶσιν
3178 4819 3265 4873 ἐπ’
3304 4817 3453 4887 ώφε-

194 4900 325 4973 λείᾳ
361 4901 541 4972 ψυχῆς
571 4917 633 4954 τε
665 4901 759 4954 καὶ
789 4902 1036 4971 σώματος
1059 4900 1491 4972 ape-cavatione]

1575 4994 1915 5052 EPISTOLA'
1956 4997 2044 5053 IlI.

775 5084 854 5138 Ad
894 5084 1188 5141 Orientales
1234 5084 1579 5143 Patriam/ms
1625 5101 1675 5144 et
1712 5084 2077 5146 0Economum
2119 5092 2369 5147 Ecclesia:
2398 5094 2729 5148 Antiochenw
2760 5094 2858 5162 (8).

825 5173 1047 5228 ΕΠΙΣΤ.
1084 5172 1161 5227 Δ’.

192 5263 429 5335 Βάρδᾳ,
487 5262 824 5331 Μαγίστρῳ,
856 5265 1147 5328 Πατρικίῳ
1201 5265 1303 5319 καὶ
1330 5269 1780 5338 Κουροπαλὰτῃ.

2485 5178 2702 5238 EPIST.
2763 5184 2851 5239 ιν.

2036 5274 2261 5341 Βανάίε,
2293 5275 2574 5347 Magistro,
2612 5276 2839 5330 Patritio
2869 5284 2915 5329 et
2952 5274 3307 5349 Curopalalw.

1362 5360 1503 5413 Edita
1526 5378 1550 5412 a
1575 5365 1868 5415 Montaeutio
1890 5374 1993 5430 (ep.
2014 5373 2114 5432 3,p
2155 5369 2258 5434 63.)

269 5446 411 5501 Ἐπὶ
438 5442 499 5497 τὸ
551 5447 714 5510 ἀλγος
760 5440 867 5494 τῶν
901 5444 1229 5514 τραυμάτων
1260 5463 1363 5516 μου
1392 5450 1777 5520 προστίθεσθαι

188 5541 459 5609 ἄλγημα,
496 5534 593 5606 τῆς
626 5532 724 5602 μὲν
751 5534 891 5605 ὲμῆς
943 5534 1072 5599 ἴσως
1110 5535 1428 5609 ἀθλιότητος
1466 5541 1633 5609 ἄξιον,
1677 5547 1779 5611 τῆς

1960 5456 2207 5509 Dolorem
2254 5456 2424 5510 dolori
2468 5472 2712 5510 meorum
2742 5459 3029 5513 vulnerum
3062 5442 3448 5531 Superaddere,

1886 5547 2112 5617 dignum
2136 5547 2383 5602 fortassis
2409 5564 2526 5603 mea
2548 5550 2766 5605 miseria
2799 5550 2933 5620 fuit;
2964 5552 3242 5621 indignum
3267 5567 3449 5611 autem

1718 5656 1948 5715 ΝΟΤΑΞ.

283 5749 368 5823 (8)
385 5746 574 5801 Exstat
591 5745 643 5799 in
663 5760 823 5816 opere
845 5745 931 5799 cui
958 5745 1147 5802 tituius
1160 5748 1341 5820 Τόμος
1361 5747 1572 5820 χαρᾶς,
1599 5751 1806 5808 editum
1832 5753 2118 5812 Buclzarest
2136 5774 2228 5812 an.
2245 5757 2402 5815 1705.
2429 5757 2539 5815 [loc
2555 5759 2753 5816 frustra
2772 5762 2876 5817 huc
2894 5778 3064 5832 usque
3080 5764 3451 5831 quaesivimus.

420 5839 693 5899 Ριτιιοι..
740 5836 857 5901 Gn.
908 5836 1037 5899 Cll.

3059 5856 3137 5915 20
