4052 6414
559 310 664 373 619

1718 307 1977 367 ΡΗΟΤΙΙ
2016 310 2515 371 PATRIARCILE
2553 312 2658 371 (ΖΡ.

3712 307 3839 371 69.0

562 426 721 497 plane
746 423 1223 481 conmuscratione
1250 434 1451 488 vestra.
1501 435 1557 481 et
1591 424 1790 479 allectu
1833 425 1922 479 illo
1950 442 2055 495 quo
2084 426 2130 479 in

2240 428 2281 479 δ’
2322 428 2591 499 ὑμετέρας
2624 426 2986 499 συμπαθείας,
3022 426 3115 479 καὶ
3161 426 3289 498 περὶ
3322 426 3465 497 ἡμᾶς
3499 416 3835 486 διαθέσεως,

564 533 651 572 me
679 517 905 571 animari
927 517 1152 572 debeas.
1177 517 1331 583 Quod
1369 518 1415 572 si
1456 518 1577 587 quis
1637 518 1740 573 sibi
1808 518 2139 587 persuaserit

565 616 758 663 contra
790 618 1023 663 vestram
1056 610 1315 664 obvenire
1350 610 1507 665 nobis
1542 610 1643 664 ista
1677 610 2012 665 voluntatem
2040 651 2054 672 .
2094 610 2141 663 is

565 715 690 753 cum
724 700 903 754 videat
925 700 1028 754 ista
1059 714 1158 754 nos
1184 700 1319 770 pati,
1355 708 1409 754 te
1437 708 1764 769 potestatem
1801 710 1857 755 et
1886 701 1993 754 vim
2018 702 2139 771 pul-

568 792 721 847 Satldi
761 792 1098 862 possidente,
1127 802 1301 847 mutet
1327 793 1553 847 omnino
1581 794 1911 848 sententiam
1961 810 2134 847 suam.

568 884 795 954 Dccepti
827 900 1035 949 sumus,
1066 884 1243 939 allecti
1289 885 1634 939 contumeliis
1668 925 1683 950 ,
1744 886 2013 941 dedecore
2086 893 2143 939 et

570 976 805 1045 injuriis,
830 976 1054 1045 insuper
1078 984 1134 1030 et
1153 976 1207 1029 in
1230 992 1331 1033 nos
1352 976 1771 1046 conSpirabatur
1798 994 1812 1043 ;
1842 978 1935 1032 sed
1961 988 2140 1033 tamen

568 1068 772 1138 plagas,
801 1068 975 1135 aiunt,
1008 1084 1117 1122 non
1166 1070 1477 1140 accepimus
1508 1088 1521 1124 :
1552 1070 1661 1125 imo
1693 1081 1873 1125 autem
1922 1073 2137 1140 accepi-

568 1177 710 1223 mus.
741 1170 795 1215 et
839 1164 980 1231 quod
1028 1162 1249 1231 gravius
1279 1169 1383 1227 est,
1424 1162 1568 1217 haud
1605 1163 1659 1217 in
1711 1178 1974 1233 corpore;
2012 1164 2142 1219 illud

568 1254 715 1306 enim
748 1253 802 1306 in
841 1254 1031 1308 oculos
1073 1253 1315 1308 incurret
1344 1255 1591 1309 omnium
1616 1297 1630 1322 ,
1679 1264 1734 1309 et
1786 1256 2140 1310 lacessentem

567 1347 890 1417 redarguet,
934 1356 992 1401 et
1042 1347 1095 1399 in
1152 1346 1485 1401 intuentium
1532 1357 1587 1403 et
1638 1349 2141 1403 commiscrantium

567 1436 936 1502 condolentia,
967 1438 1257 1507 quamdam
1290 1438 1456 1494 habet
1474 1439 1900 1494 consolationem
1929 1456 1942 1503 ;
1966 1440 2061 1495 sed
2087 1440 2143 1494 in

566 1528 748 1582 anima
780 1529 965 1599 plagas
997 1529 1237 1593 tulimus,
1262 1544 1362 1600 per
1396 1530 1631 1584 animam
1653 1530 1858 1585 morbis
1890 1530 2145 1601 alﬂigillut‘

566 1636 799 1690 corpus:
834 1620 921 1674 hic
938 1621 1028 1690 qui
1060 1620 1269 1692 allligit,
1296 1620 1459 1675 veluti
1495 1622 1631 1675 nihil
1662 1620 1868 1675 faciens
1907 1621 2141 1691 injuriae,

565 1729 677 1767 non
709 1714 953 1783 pudelit;
997 1714 1042 1767 is
1075 1723 1257 1767 autem
1285 1713 1377 1781 qui
1413 1712 1630 1779 vapulat
1670 1728 1845 1782 pmnae
1871 1713 2142 1781 qauddam

2243 519 2480 585 ἀνάξιον.
2525 520 2631 572 Καὶ
2665 522 2715 572 εἰ
2743 538 2825 582 τις
2856 517 3102 587 πεισθείη
3136 520 3211 589 μὴ
3232 518 3369 571 κατά
3399 516 3626 585 γνώμην
3660 514 3841 585 ὑμῶν

2241 610 2415 664 ταῦτα
2445 613 2741 680 συμπεσεῖν
2788 611 2957 679 ἡμῖν·
3013 608 3149 662 ἀλλά
3188 625 3250 676 γε
3278 608 3335 660 τὸ
3376 607 3529 678 ὑμῶν
3566 606 3843 669 ἐξουσια-

2245 702 2443 767 ζόντων
2488 703 2581 754 καὶ
2633 702 2951 771 ἰσχυόντων,
3004 700 3180 753 ταῦτα
3214 700 3443 769 πάσχειν
3486 700 3655 769 ἡμᾶς,
3701 697 3847 749 ἐπεὶ

2242 790 2400 844 τοῦτο
2424 790 2629 861 βλέπει,
2656 791 2763 843 οὐδ’
2786 790 2849 844 ἂν
2881 789 3288 861 μεταπεισθείη.
3312 787 3847 859 Παρελογίσθημεν.

2245 884 2667 958 ὲξυϐρίσθημεν,
2700 882 3082 953 ἠτιμώθημεν,
3114 881 3551 953 ἐπηρεαζόμεθα,
3596 880 3849 932 ἐπιϐου-

2246 975 2558 1045 λευόμεθα·
2600 974 2735 1027 ἀλλά
2774 974 2988 1045 πληγὰς
3041 975 3140 1027 οὑκ
3186 973 3481 1043 ἐλάϐομεν·
3515 972 3845 1042 ἐλάϐομεν·

2248 1066 2340 1120 καὶ
2373 1066 2434 1119 τὸ
2478 1065 2879 1136 χαλεπώτερον,
2912 1068 3011 1119 οὑκ
3041 1066 3133 1119 ἐπὶ
3169 1065 3441 1134 σώματος,
3475 1064 3503 1118 ὂ
3552 1066 3649 1117 καὶ
3688 1064 3849 1116 πᾶσι

2246 1162 2516 1229 φαίνεται,
2565 1161 2655 1212 καὶ
2707 1160 2797 1212 τὸν
2848 1159 3139 1214 ἀδικοῦντα
3177 1160 3425 1229 ἐλέγχει,
3477 1158 3568 1211 καὶ
3621 1157 3851 1228 πολλὴν

2245 1250 2622 1320 παραμυθίαν,
2651 1252 2749 1322 τὴν
2778 1252 2885 1304 ἀπὸ
2912 1252 3018 1305 τῶν
3049 1250 3299 1323 ὁρώντων
3328 1252 3418 1303 καὶ
3441 1249 3850 1320 οἰκτειρόντων

2246 1344 2455 1411 εἰσάγει
2506 1345 2891 1412 συμπάθειαν·
2930 1346 3195 1415 ἐλάϐομεν
3251 1344 3461 1414 πληγὰς
3501 1344 3593 1396 ἐπὶ
3642 1343 3849 1412 ψυχὴν

2244 1434 2437 1502 αὑτὴν,
2490 1433 2556 1485 δι’
2593 1434 2658 1504 ἣν
2690 1436 2789 1488 καὶ
2841 1435 2901 1488 τὸ
2933 1436 3093 1506 σῶμα
3142 1437 3281 1506 νόσῳ
3318 1436 3639 1504 μαστίζεται
3665 1452 3679 1465 ·
3738 1434 3851 1487 καὶ

2244 1525 2273 1576 ὁ
2306 1527 2540 1588 τύπτων,
2600 1527 2673 1589 ώς
2707 1528 2783 1598 μὴ
2819 1528 3022 1582 ἀδικῶν
3045 1571 3059 1595 ,
3094 1528 3192 1582 οὑκ
3250 1527 3599 1598 αἰσχύνεται·
3656 1529 3768 1581 καὶ
3820 1529 3852 1581 ὁ

2243 1622 2580 1691 τυπτόμενος
2614 1622 2931 1693 προσθήκην
2959 1622 3170 1692 δέχεται
3192 1623 3479 1693 τιμωρίας,
3505 1623 3601 1675 ἐπὶ
3623 1625 3693 1691 τῇ
3722 1621 3848 1673 τῶν

2248 1711 2473 1781 πληγῶν
2504 1712 2686 1782 ὀδύνῃ,
2718 1712 2816 1780 τὴν
2844 1712 2952 1765 ἀπὸ
2986 1712 3077 1765 τοῦ
3109 1712 3392 1767 λανθάνειν
3422 1712 3845 1782 ἀσπλαγχνίαν.

564 1807 994 1861 additamentum
1053 1805 1238 1868 habet,
1272 1804 1413 1873 quod
1464 1820 1587 1859 cum
1647 1805 1844 1870 doleat,
1878 1806 1997 1874 ejus
2032 1822 2130 1858 non

2244 1803 2513 1858 Λανθάνει
2558 1804 2666 1876 γάρ
2718 1806 2842 1867 τοὺς
2882 1805 3109 1868 πολλοὺς
3166 1805 3225 1858 τδ
3270 1805 3510 1860 τοιοῦτον
3547 1802 3691 1870 εἶδος
3733 1806 3846 1875 τῆς

563 1898 891 1953 miserentur
919 1896 1033 1962 alii,
1062 1897 1207 1967 quod
1230 1896 1340 1967 pati
1366 1912 1489 1951 eum
1536 1897 1808 1968 ignorant.
1848 1896 2139 1973 Enimvero

562 1991 854 2061 plerosque
883 1991 1015 2081 latet
1037 1989 1344 2045 istiusmodi
1369 1990 1672 2059 punitionis
1697 1991 1932 2061 species,
1956 2005 2061 2059 qua
2084 1999 2137 2045 et

564 2084 740 2153 magis
762 2084 1068 2138 oblectatur
1090 2085 1183 2154 qui
1212 2084 1419 2155 plagam
1448 2082 1629 2145 infert,
1654 2091 1709 2138 et
1741 2085 1794 2137 in
1827 2084 1879 2139 id
1910 2084 2135 2139 adduci-

2248 1895 2540 1960 κολάσεως,
2575 1896 2603 1948 ὃ
2648 1895 2860 1949 καὶτὸν
2909 1896 3207 1959 κολάζοντα
3247 1896 3407 1949 πλέον
3444 1897 3698 1966 εὐθυμεῖ,
3738 1898 3840 1952 καί

2244 1989 2615 2061 ἀμετανόητον
2645 1989 2930 2043 ἀποτελεῖ·
2969 1992 3064 2043 καὶ
3095 1991 3185 2043 τὸν
3226 1990 3583 2061 κολαζόμενον
3618 1989 3850 2061 μᾶλλον

2242 2081 2481 2151 δαπανᾷ,
2513 2083 2561 2134 εί
2592 2083 2686 2135 καὶ
2715 2083 2805 2135 τὸν
2833 2081 3023 2153 μισθὸν
3060 2084 3232 2154 μείζω
3263 2084 3528 2154 προξενεῖ.

560 2183 740 2237 tur,ut
756 2192 824 2231 ne
846 2177 1109 2246 pteniteat
1130 2174 1286 2243 facti;
1309 2175 1566 2231 amictum
1582 2193 1713 2231 vero
1735 2179 1902 2248 magis
1918 2178 2123 2241 atterit,
2148 2184 2427 2245 utcunque
2452 2176 2710 2245 majorem
2746 2177 2794 2229 ei
2819 2177 3195 2231 retributionis
3217 2178 3518 2232 mercedem
3539 2188 3842 2248 procurat.

634 2265 900 2320 Caeterum
927 2276 982 2320 et
1016 2266 1117 2320 ista
1155 2282 1257 2321 nos
1289 2276 1507 2337 propter
1537 2266 1813 2322 Christum
1844 2274 1897 2320 et
1922 2266 2133 2320 divinas

555 2357 705 2429 leges
734 2357 1083 2413 toleravimus
1112 2366 1302 2423 antea;
1330 2368 1383 2412 et
1410 2358 1613 2429 gratias
1634 2357 1744 2412 Deo
1761 2359 1990 2429 agimus.
2015 2360 2131 2427 qui,

554 2463 683 2504 cum
707 2450 978 2518 angimur,
1006 2448 1150 2519 quod
1174 2449 1420 2504 celantur
1447 2464 1723 2516 aerumnae,
1760 2460 1815 2503 et
1848 2454 1928 2505 sic
1960 2449 2132 2520 inglo-

555 2543 636 2596 rie
665 2541 933 2611 patimur,
972 2542 1281 2597 mercedem
1326 2542 1587 2612 majorem
1613 2542 1994 2598 accumulavit.
2042 2541 2132 2595 ln-

557 2635 864 2705 telligebam
887 2636 1059 2705 probe
1084 2677 1099 2701 ,
1137 2637 1205 2690 ab
1240 2636 1376 2689 inito
1429 2636 1665 2705 primum
1701 2636 2000 2689 certamine
2046 2650 2133 2690 me

555 2727 677 2782 bzec
705 2742 1021 2797 passurum;
1065 2729 1443 2794 exspectabam
1490 2741 1707 2795 quoque
1746 2735 1874 2780 ante
1916 2741 2135 2795 perpes-

553 2822 766 2878 sionem
791 2830 847 2873 et
865 2828 1142 2874 certamen
1171 2820 1235 2887 (si
1267 2835 1394 2873 vera
1425 2833 1534 2872 non
1574 2818 1786 2887 loquar,
1822 2818 1998 2889 patiar
2035 2832 2136 2887 ego

552 2912 736 2966 adhuc
760 2910 825 2965 iis
843 2926 963 2979 qua:
986 2924 1275 2979 perpessus
1293 2925 1411 2962 sum
1438 2908 1728 2980 graviora),
1749 2908 2131 2977 exspectabam

550 3004 796 3075 quidem,
823 3002 1129 3074 proutdixi,
1153 3017 1215 3056 ea
1234 3017 1353 3071 qua:
1380 3016 1570 3070 passus
1586 3015 1730 3064 sum,
1748 3016 1915 3069 angor
1933 3000 2137 3054 nihilo-

2332 2264 2494 2317 Ἀλλὰ
2520 2265 2691 2318 ταῦτα
2730 2266 2829 2336 μὲν
2864 2266 3005 2336 ὑπὲρ
3037 2266 3297 2335 Χριστοῦ,
3323 2268 3418 2320 καὶ
3445 2265 3603 2320 θείων
3638 2268 3845 2337 νόμων

2244 2356 2561 2427 ὑπέστημεν
2587 2357 2900 2428 ἔμπροσθεν
2922 2376 2935 2390 ·
2971 2359 3062 2411 καί
3094 2376 3157 2428 γε
3191 2360 3348 2431 χάρις
3373 2360 3511 2431 Θεῷ,
3542 2361 3621 2431 τῷ
3658 2364 3845 2416 πλέον

2242 2447 2460 2515 αὔξοντι
2488 2451 2578 2503 τὸν
2609 2452 2820 2521 μισθὸν,
2859 2453 2916 2507 ὲν
2954 2455 3021 2523 τῇ
3049 2453 3142 2505 τοῦ
3166 2452 3442 2508 λανθάνειν
3468 2453 3705 2526 ἀθυμίᾳ,
3733 2457 3843 2509 καὶ

2240 2546 2310 2614 τῇ
2344 2542 2453 2598 τῶν
2485 2542 2673 2597 παθῶν
2698 2542 2906 2616 ἀδοξίᾳ.
2941 2546 3054 2599 Καὶ
3080 2545 3229 2616 ᾔδειν
3257 2547 3354 2616 μὲν
3378 2546 3613 2617 ὲμαυτδν
3644 2548 3842 2602 ταῦτα

2242 2635 2458 2703 παθεῖν,
2516 2635 2675 2700 εὐθὺς
2724 2638 3026 2708 ἀρχομένου
3059 2637 3154 2692 τοῦ
3192 2639 3435 2707 ἀγῶνος,
3495 2640 3735 2710 ἤλπιζον
3775 2642 3840 2695 δὲ

2239 2730 2336 2784 καὶ
2366 2729 2471 2801 πρὸ
2500 2728 2596 2781 τοῦ
2633 2728 2863 2793 πάθους,
2889 2732 2984 2783 καὶ
3011 2731 3117 2804 πρὸ
3150 2730 3244 2785 τοῦ
3290 2731 3497 2800 ἀγῶνος
3534 2732 3606 2802 (εἰ
3649 2734 3712 2787 δὲ
3752 2736 3839 2805 μὴ

2234 2819 2441 2890 τάληθῆ
2488 2818 2651 2887 λέγω,
2686 2819 2915 2890 πάθοιμι
2956 2823 3082 2891 παρ’
3137 2821 3318 2874 αὑτῶν
3367 2814 3548 2891 ὧνπερ
3583 2821 3837 2888 ἔπαθον,

2236 2911 2477 2984 χείρονα,
2531 2911 2756 2983 ἤλπιζον
2822 2912 2964 2982 μὲν,
3023 2914 3097 2976 ώς
3149 2914 3318 2985 ἔφην,
3377 2912 3519 2984 ἅπερ
3586 2914 3836 2979 ἔπαθον,

2240 3003 2515 3071 λυποῦμαι
2551 3003 2607 3055 δὲ
2658 3003 2883 3074 πάσχων
2935 3004 3039 3057 ὑπὸ
3090 3005 3383 3057 τοιούτων·
3436 3004 3497 3057 τὸ
3547 3005 3654 3075 μὲν
3705 3007 3840 3077 γὰρ

552 3095 741 3150 minus
772 3095 939 3149 animi
998 3093 1141 3163 quod
1201 3092 1303 3147 sub
1336 3092 1536 3146 talibus
1566 3093 1775 3163 patior:
1810 3090 1961 3145 Finis
1994 3092 2129 3144 mihi

2237 3095 2367 3165 ἐμὸν
2392 3094 2542 3159 τέλος
2567 3094 2684 3165 Θεῷ
2716 3094 2975 3167 ὥρισται·
3001 3097 3095 3149 καὶ
3125 3096 3353 3167 δέχομαι
3383 3096 3589 3167 χαίρων
3631 3100 3839 3151 ὁποῖον

553 3201 586 3238 a
619 3184 733 3239 Deo
758 3184 1063 3240 destinatus
1100 3192 1217 3249 est,
1251 3191 1307 3239 et
1345 3182 1540 3238 lubens
1576 3183 1737 3238 ebibo
1767 3183 2129 3252 quodcunque

554 3277 690 3332 mihi
723 3280 1044 3348 prepinatur
1074 3276 1350 3347 poculum.
1392 3275 1502 3330 Nec
1525 3286 1746 3345 propter
1775 3276 1864 3330 illa
1890 3292 2011 3347 quae
2035 3293 2127 3346 pa-

553 3369 683 3437 tior,
722 3385 1051 3435 succenseo;
1078 3370 1187 3424 imo
1215 3368 1380 3423 etiam
1408 3378 1464 3423 et
1488 3369 1578 3421 illa
1605 3368 1856 3422 desidero
1886 3384 2006 3437 quae
2042 3384 2128 3423 me

552 3463 730 3521 adhuc
750 3464 861 3534 pati
882 3473 1095 3533 oportet
1141 3473 1420 3533 utcunque
1478 3461 1598 3515 sine
1652 3476 1817 3515 sensu
1848 3461 2127 3516 doloriﬁco

548 3554 664 3625 pati
698 3552 798 3609 ista
854 3569 1154 3623 nequeam;
1190 3554 1437 3609 homines
1468 3555 1613 3607 enim
1640 3552 1714 3607 ita
1743 3552 2036 3623 comparati
2071 3562 2130 3607 ut

549 3646 670 3701 sine
701 3646 903 3701 doloris
935 3661 1098 3701 sensu
1135 3647 1247 3715 pati
1284 3655 1562 3715 nequeant
1592 3662 1606 3699 :
1637 3655 1691 3699 et
1724 3645 1795 3699 ita
1829 3660 1917 3698 me
1947 3645 2128 3699 animo

548 3738 808 3793 allectum
866 3737 1063 3791 debere
1118 3752 1239 3790 esse
1286 3737 1532 3806 intelligo
1561 3751 1687 3806 erga
1736 3736 1825 3790 illa
1895 3753 2016 3806 qum
2042 3753 2126 3792 me

547 3830 874 3903 jampridem
924 3831 1265 3890 invaserunt.
1298 3839 1354 3883 et
1395 3830 1655 3898 deinceps
1679 3838 1808 3883 sunt
1848 3830 2121 3885 invasura.

550 3926 628 3980 Te
652 3933 835 3979 autem
861 3924 1037 3992 potius
1066 3922 1297 3992 optarim
1316 3936 1416 3991 ego
1448 3921 1674 3976 ultorem
1704 3938 1892 3975 eorum
1920 3922 2011 3992 qui
2040 3939 2123 3978 me

550 4016 767 4087 injuriis
804 4014 1067 4080 afﬁciunt,
1112 4030 1271 4083 quam
1306 4029 1523 4068 causam
1563 4022 1617 4068 et
1658 4014 1872 4068 initium
1905 4014 2122 4069 dedisse

2240 3188 2306 3241 ἂν
2392 3189 2451 3241 τὸ
2480 3189 2737 3259 ποτήριον
2751 3206 2764 3220 ·
2785 3190 2878 3242 καὶ
2892 3189 2989 3260 οὐχ
3015 3190 3154 3261 ὑπὲρ
3175 3183 3249 3243 ὧν
3275 3190 3468 3261 πάσχω
3488 3192 3834 3259 ἀγανακτῶ,

2238 3279 2351 3333 ἀλλ’
2386 3273 2461 3335 ὧν
2488 3298 2555 3346 με
2583 3281 2663 3333 δεῖ
2700 3280 2893 3335 παθεῖν
2939 3282 3032 3335 καὶ
3063 3281 3132 3334 τά
3166 3282 3416 3336 λείποντα
3450 3284 3732 3354 ἐπιζητῶ,
3773 3287 3833 3339 εἰ

2237 3372 2331 3425 καὶ
2362 3372 2528 3442 χωρὶς
2557 3371 2849 3444 ἀλγηδόνος
2871 3372 3044 3425 ταῦτα
3077 3373 3263 3443 φέρειν
3286 3373 3529 3426 ἀδυνατῶ
3549 3391 3562 3403 ·
3591 3375 3834 3445 auem.

2235 3462 2367 3533 πίνη
2391 3463 2499 3533 γὰρ
2529 3462 2686 3531 φύσις
2738 3463 3058 3533 ἀναλγήτως
3091 3465 3324 3534 πάσχειν
3351 3465 3411 3517 οὑ
3439 3464 3651 3531 πέφυκε
3675 3481 3688 3492 ·
3722 3468 3837 3521 καὶ

2242 3556 2367 3625 περὶ
2399 3554 2497 3624 μὲν
2538 3553 2645 3609 τῶν
2696 3554 3202 3627 ὲπισκηῲάντων,ῆ
3253 3556 3347 3609 καὶ
3397 3557 3837 3627 ὲπισκηιξόντων

2239 3646 2319 3697 ἔτι
2350 3646 2493 3716 ἐμοὶ,
2526 3646 2667 3699 οὕτω
2696 3664 2763 3717 με
2790 3646 2870 3699 δεῖ
2897 3651 3139 3717 φρονεῖν,
3164 3649 3258 3701 καὶ
3283 3648 3592 3719 λογίζομαι.
3624 3651 3834 3719 Τιμω-

2234 3740 2360 3810 ροὺς
2391 3738 2446 3791 δὲ
2483 3738 2592 3791 τῶν
2628 3738 2955 3792 ἀδικούντων
2984 3779 2999 3804 ,
3050 3741 3168 3794 ἀλλ’
3216 3742 3318 3794 οὐκ
3377 3743 3654 3812 ἀρχηγοὺς
3705 3745 3834 3797 τῶν

2230 3833 2604 3903 ἀδικημάτων,
2637 3833 2783 3902 ὑμᾶς
2830 3833 3069 3903 εὐχόμην
3121 3835 3321 3902 εὑρεῖν.
3378 3834 3517 3887 Ἀλλ’
3544 3835 3671 3888 οὒτε
3716 3839 3833 3909 ἐμὲ

2231 3926 2422 3991 φυγεῖν
2469 3922 2639 3985 ἔστιν,
2691 3923 2727 3975 δι
2783 3938 2850 3993 με
2880 3922 2959 3975 δεῖ
3008 3923 3236 3981 παθεῖν·
3290 3923 3415 3977 οὔτε
3445 3924 3542 3995 τὴν
3605 3926 3832 3996 ἑτέρων

2230 4016 2418 4086 εὐχὴν,
2467 4015 2670 4086 ἑτέρων
2699 4014 2925 4087 γνώμην
2963 4017 3206 4071 ἀκόντων
3244 4018 3589 4089 μεταϐαλεῖν.

552 4113 875 4183 iniuriarum
908 4130 920 4165 :
956 4112 1053 4167 sed
1079 4127 1141 4166 ea
1174 4127 1293 4182 quae
1337 4127 1423 4166 me
1464 4111 1571 4181 pati
1604 4112 1805 4166 debere
1846 4122 2103 4167 statutum
2140 4121 2243 4179 est,
2286 4112 2523 4182 effugere
2581 4128 2824 4185 nequeo;
2855 4114 2946 4184 qui
2983 4130 3085 4169 nec
3149 4124 3469 4170 cancrorum
3527 4115 3829 4186 optionem

551 4211 637 4265 vel
690 4209 954 4279 judicium
1000 4219 1188 4265 contra
1239 4209 1569 4263 voluntatem
1613 4207 1852 4278 ipsorum
1887 4220 2097 4263 mutare
2125 4225 2367 4279 possum.

568 4334 571 4337 ν
621 4303 802 4370 Atque
831 4302 979 4372 prius
1009 4302 1231 4372 quidem
1257 4310 1334 4356 tot
1361 4310 1415 4356 et
1446 4310 1595 4355 tanta
1622 4303 1996 4372 patiebamur;
2031 4302 2126 4357 sed

2304 4304 2413 4355 Καὶ
2450 4302 2688 4356 τοσαῦτα
2724 4303 2824 4374 μὲν
2860 4303 3208 4375 πεπόνθαμεν
3243 4305 3551 4376 ἔμπροσθεν
3574 4321 3590 4335 ·
3615 4305 3830 4380 ῶσπερ

549 4401 809 4462 tanquam
842 4408 951 4447 non
983 4394 1117 4447 satis
1148 4393 1419 4463 ingestum
1455 4393 1612 4446 no‘bis
1652 4394 1915 4448 malorum
1960 4402 2124 4458 esset,

548 4484 888 4555 cxcogitatur
926 4484 1120 4539 modus
1171 4484 1310 4539 alius
1354 4483 1552 4553 injuria
1598 4484 1863 4539 alliciendi
1902 4501 2009 4548 me,
2068 4494 2128 4540 ut

548 4594 672 4632 mea
701 4594 864 4633 causa
889 4578 1051 4633 etiam
1078 4577 1164 4631 alii
1198 4579 1353 4633 malis
1386 4578 1689 4632 adiciantur
1722 4596 1734 4632 :
1765 4578 1926 4633 Fame
1948 4580 2126 4634 clerus

550 4672 936 4741 strangulatur,
969 4683 1024 4727 et
1058 4672 1149 4743 qui
1180 4673 1314 4727 mihi
1355 4675 1608 4738 subsunt,
1643 4674 1963 4728 illustriores
2000 4675 2124 4744 qui-

548 4780 675 4834 que,
699 4764 754 4818 in
772 4780 895 4818 eum
917 4764 1103 4829 ﬁnem,
1129 4775 1188 4820 ut
1217 4782 1340 4819 cum
1359 4767 1654 4835 loquuntur
1685 4776 1738 4820 et
1770 4767 2125 4821 recordantur

548 4870 607 4909 se
636 4870 812 4910 meam
831 4857 901 4910 ob
916 4872 1132 4910 causam
1156 4857 1256 4911 hac
1282 4858 1592 4912 calamitate
1618 4874 1834 4927 pressos
1859 4858 1912 4911 in
1941 4873 2123 4911 meum

547 4946 763 5001 demum
784 4956 945 5017 caput
964 4956 1019 5001 et
1043 4948 1491 5017 exprobrationes
1512 4958 1567 5003 et
1590 4948 1986 5003 exsecrationes
2010 4949 2124 5018 eja-

547 5039 817 5094 culentur.
837 5039 991 5095 Mitto
1019 5041 1148 5095 illud
1176 5040 1380 5106 dicere,
1398 5042 1542 5111 quod
1568 5041 1921 5112 mihimctipsi
1946 5042 2124 5112 portio

545 5131 837 5186 exhibetur
868 5134 934 5188 ad
966 5133 1297 5202 dimensum,
1321 5136 1468 5205 quod
1502 5134 1724 5189 dimidia
1756 5144 1911 5204 parte
1938 5135 2125 5204 privor

541 5224 935 5296 jurisdictionis
983 5241 1118 5281 mea:
1156 5244 1169 5281 :
1208 5235 1354 5281 certe
1394 5227 1652 5298 praeclara
1686 5228 1824 5282 ratio
1866 5228 1997 5283 inita
2040 5239 2123 5283 est

545 5331 647 5387 per
675 5316 1007 5383 auferentes,
1042 5319 1134 5388 qui
1164 5319 1243 5374 sic
1266 5319 1621 5375 artiﬁciosam
1661 5321 1713 5374 in
1747 5335 1831 5374 me
1861 5336 2124 5390 persecu-

545 5409 748 5464 tionem
773 5411 1138 5466 concitarunt.
1157 5411 1311 5477 Quod
1336 5414 1477 5479 si,ut
1497 5429 1678 5466 meum
1709 5413 1961 5483 expleant
1990 5414 2123 5467 mihi

543 5501 873 5557 desiderium
906 5505 923 5569 (
953 5504 1057 5557 hoc
1082 5513 1183 5567 est,
1222 5514 1279 5560 ut
1308 5506 1414 5560 isto
1438 5506 1565 5576 jugo
1603 5516 1769 5575 atque
1826 5521 1995 5560 onere
2027 5522 2123 5560 ex-

543 5592 782 5664 pediar),
810 5596 925 5649 haec
952 5605 1335 5663 perpetrarunt
1358 5599 1654 5667 (utcunque
1689 5613 1901 5653 meeum
1934 5598 2121 5652 ludere

542 5686 720 5739 visum
751 5687 805 5740 in
836 5687 955 5740 istis
987 5688 1113 5757 est),
1144 5689 1341 5759 gratias
1360 5698 1504 5745 certe
1535 5690 1601 5744 de
1636 5690 1830 5743 ablatis
1863 5704 1980 5743 sum
2020 5690 2118 5744 ba-

545 5774 759 5829 biturus
789 5794 803 5830 :
835 5784 891 5830 et
915 5792 1077 5847 grave
1111 5778 1247 5834 mihi
1289 5790 1371 5837 est
1403 5781 1547 5852 quod
1593 5781 1794 5836 residui
1822 5781 2116 5851 quidquam

2230 4393 2289 4447 δὲ
2328 4394 2610 4458 λείποντος
2638 4395 2730 4448 τοῦ
2754 4397 2952 4461 κακοῦ,
2998 4402 3439 4467 προσεπινοεῖται
3469 4400 3559 4452 καὶ
3601 4401 3829 4469 τρόπος

2222 4482 2385 4554 ἀλλος
2437 4488 2757 4553 κακώσεως,
2800 4489 2895 4541 καί
2936 4489 3231 4542 κακοῦνται
3277 4490 3347 4542 δι’
3388 4493 3535 4561 ἡμᾶς
3586 4491 3826 4563 ἕτεροι·

2229 4580 2326 4635 καὶ
2357 4582 2770 4652 λιμαγχονεῖται
2819 4581 3041 4652 κλῆρος,
3094 4583 3187 4634 καὶ
3234 4582 3342 4635 τῶν
3395 4583 3499 4636 ὑπὸ
3552 4585 3721 4654 χεῖρα
3754 4588 3827 4639 τὸ

2233 4673 2635 4745 ὲπισημότερον
2658 4690 2671 4704 ο
2707 4675 2774 4727 ἵν’
2820 4676 2907 4743 ἐφ’
2935 4677 2968 4745 ἡ
2979 4673 3095 4744 μῶν
3128 4674 3425 4745 ὑποστῆναι
3466 4674 3561 4746 τὴν
3594 4693 3828 4745 συμφο-

2228 4764 2330 4836 ρὰν
2356 4765 2447 4817 καὶ
2468 4764 2718 4833 λέγοντες
2752 4765 2846 4818 καὶ
2882 4765 3333 4836 μνημονεύοντες,
3367 4766 3458 4819 τὸν
3500 4767 3825 4837 ὀνειδισμὸν

2226 4857 2320 4910 καὶ
2374 4858 2468 4928 τὴν
2506 4858 2645 4930 ἀρὰν
2675 4860 2769 4911 ἐπὶ
2814 4858 3059 4930 κεφαλὴν
3111 4858 3269 4930 ἡμῶν
3298 4859 3662 4930 ἀναφέρωσιν.
3698 4861 3825 4915 Ἐὦ

2226 4950 2336 5022 γὰρ
2362 4953 2556 5016 εἰπεῖν,
2589 4952 2673 5005 ὅτι
2704 4952 2798 5007 καὶ
2820 4955 2954 5023 ἡμῖν
2999 4955 3032 5023 ἡ
3069 4952 3222 5024 μᾶζα
3253 4955 3434 5023 μέτρῳ
3463 4956 3821 5027 προσρίπτεο

2225 5060 2336 5107 ται,
2372 5043 2466 5096 καὶ
2492 5045 2808 5114 ἀφαιρεῖται
2840 5045 2934 5115 ἀφ’
2966 5046 3120 5117 ἡμῶν
3164 5047 3227 5099 τὸ
3258 5048 3431 5117 ἥμισυ
3459 5047 3559 5116 τῆς
3588 5047 3817 5117 ἀρχῆς·

2228 5133 2409 5197 καλῶς
2464 5151 2529 5203 γε
2581 5135 2878 5189 ποιούντων
2907 5136 3015 5190 τῶν
3059 5137 3458 5208 ἀφαιρούντων,
3508 5137 3603 5190 καὶ
3635 5138 3819 5209 τέχνῃ

2226 5226 2317 5279 τὸν
2363 5225 2487 5279 καθ’
2526 5226 2686 5297 ἡμῶν
2726 5227 2967 5297 διωγμὸν
3016 5228 3399 5283 ἐπινοούντων.
3444 5228 3589 5284 Ἀλλ’
3622 5230 3671 5280 εἰ
3704 5230 3823 5301 τὴν

2226 5318 2504 5389 ἡμετέραν
2524 5315 2858 5389 πληροῦντες
2887 5320 3103 5389 αῐτησιν
3133 5321 3298 5390 (λέγω
3316 5320 3379 5391 δὴ
3411 5321 3472 5373 τὸ
3500 5321 3820 5390 ἐλευθερω-

2226 5410 2386 5479 θῆναι
2411 5411 2558 5480 ἡμᾶς
2589 5410 2679 5462 τοῦ
2710 5409 2876 5479 ζυγοῦ
2902 5412 2994 5465 καὶ
3021 5412 3115 5465 τοῦ
3143 5414 3362 5482 φορτίου
3388 5414 3607 5482 τούτου)
3628 5412 3820 5467 ταῦτα

2226 5504 2596 5573 πεποιήκασιν
2654 5505 2809 5574 (ἴσως
2863 5506 2974 5576 γὰρ
3027 5505 3315 5559 καὶτοῦτο
3370 5505 3629 5571 παίζουσι
3677 5507 3819 5560 καθ’

2226 5593 2425 5664 ἡμῶν),
2460 5596 2620 5665 χάρις
2656 5596 2755 5665 μὲν
2786 5598 2969 5662 αὑτοῖς
2997 5600 3135 5670 ὑπὲρ
3164 5593 3239 5652 ὧν
3276 5601 3493 5668 ἀφεῖλον
3522 5616 3537 5631 ·
3568 5599 3821 5654 λυποῦσι

2224 5685 2280 5739 δὲ
2332 5687 2472 5757 ὑπὲρ
2522 5684 2597 5741 ὧν
2633 5688 2959 5755 κατέλιπον,
2996 5692 3089 5744 καὶ
3120 5691 3473 5761 βραδύνοντες
3509 5692 3647 5764 πρὸς
3698 5694 3816 5763 τὴν

2225 5779 2515 5852 ἀφαίρεσιν
2545 5780 2639 5833 τοῦ
2665 5780 2874 5852 λοιποῦ,
2908 5784 3067 5839 πλέον
3111 5784 3334 5841 ἀνιῶσιν
3361 5803 3372 5815 ·
3396 5786 3588 5856 ῶσπερ
3616 5786 3665 5838 οἱ
3696 5803 3817 5837 κα·-
