3996 6416
199 400 305 467 621

1357 402 1893 466 EPISTOLARUM
1935 408 2166 468 LIBER
2204 406 2252 468 Ι.

3335 404 3442 471 622

196 508 639 574 τιλιμπανεντες
675 509 768 564 τδν
800 509 892 578 ὑπ’
923 510 1085 566 αὐτὸν
1118 521 1139 550 ο
1195 511 1609 585 ἀναιρούμενον,
1644 518 1774 587 ἡμι-

1887 519 2254 588 reliquerunt,
2306 533 2522 589 quoque
2568 517 2779 572 tardius
2841 517 3097 572 incedant
3148 516 3216 573 ad
3256 532 3447 573 eorum

198 602 337 671 θανῆ
371 601 468 655 καὶ
506 602 796 673 ἡμίτομον,
828 603 862 673 ἦ
900 605 949 656 οἱ
988 603 1200 674 ἀθρόως
1230 605 1578 677 ἀναιροῦντες
1598 625 1612 639 ο
1645 608 1773 663 ἑκά-

194 713 359 767 τερος
391 695 491 766 μὲν
517 695 628 766 γὰρ
650 697 811 749 αὐτὸν
842 697 1074 767 ἀναιρεῖ,
1112 698 1227 751 ἀλλ’
1266 701 1295 751 ό
1328 698 1425 769 μὲν
1453 699 1553 768 τῆς
1583 700 1777 773 ὀδύνης

194 790 261 842 οὐ
310 788 653 857 παρατείνων
695 787 793 859 τὴν
853 789 1126 859 αἴσθησιν,
1179 792 1207 844 ό
1246 792 1304 844 δὲ
1335 792 1538 863 ζημίαν
1586 791 1776 864 ὥσπερ

197 878 527 949 ἡγούμενος,
566 883 614 932 εἰ
646 879 858 949 θανάτῳ
884 883 1031 952 μόνῳ
1056 882 1417 954 παραπέμψει
1446 885 1537 939 τὸν
1566 885 1778 955 ἄνθρωα-

199 988 325 1034 πον,
359 973 433 1041 μὴ
472 971 643 1024 πολλὰ
668 974 930 1044 πρότερον
958 974 1304 1046 στρεϐλώσας
1330 993 1389 1029 τε
1413 977 1505 1030 καὶ
1529 977 1775 1049 μελίσας,

200 1066 299 1115 καὶ
347 1065 689 1117 πολλαπλοῦν
740 1067 890 1139 αὐτῷ
945 1071 1012 1140 τῇ
1063 1069 1357 1140 δριμύτητι
1413 1070 1519 1123 τῶν
1544 1071 1651 1124 ἀπὸ
1677 1073 1778 1142 τῆς

199 1156 481 1219 κολάσεως
536 1158 845 1226 ἀλγηδόνων
892 1160 1297 1214 κατασκευάσοι
1364 1160 1458 1215 τὸν
1522 1161 1773 1215 θάνατον.

200 1247 460 1301 Τοιοῦτον
493 1248 639 1301 ἔστιν
679 1250 810 1320 όρᾷν
840 1251 933 1303 καὶ
964 1253 1026 1304 τὸ
1054 1252 1342 1324 ἡμέτερον.
1376 1252 1778 1324 Τιμωρούμεθα

202 1341 331 1395 καθ’
368 1342 633 1412 ἑκάστην,
676 1343 778 1395 καὶ⁵
819 1344 1198 1414 πληττόμεθα,
1234 1347 1349 1398 νυνὶ
1374 1346 1431 1399 δὲ
1466 1348 1558 1399 καὶ
1582 1347 1779 1417 ἡμίτο-

204 1451 301 1503 μοι
354 1434 655 1503 γεγόναμεν
679 1450 691 1462 ·
731 1436 825 1487 καὶ
864 1436 940 1498 ώς
983 1436 1178 1503 ἔοικεν,
1209 1439 1290 1491 ὅτι
1314 1449 1375 1491 το
1405 1439 1526 1492 ὅλον
1548 1438 1613 1492 ἂν
1639 1440 1777 1493 ἀπο-

204 1524 398 1577 θέσθαι
440 1523 783 1595 ᾐτησάμεθα,
821 1526 1011 1580 τούτου
1050 1529 1209 1599 χάριν
1254 1530 1313 1581 τὸ
1356 1531 1528 1599 ἦμισυ
1559 1532 1777 1604 ἀφῃρή-

212 1614 356 1685 μεθα
389 1631 401 1642 ·
435 1616 530 1667 καὶ
558 1617 605 1668 εἰ
642 1616 742 1685 τὴν
767 1617 1033 1686 διαίρεσιν
1065 1619 1162 1688 τῆς
1196 1621 1372 1695 ἀρχῆς
1410 1622 1775 1691 ἐζητήσαμεν,

202 1709 284 1770 εἰς
314 1708 375 1761 τὸ
401 1706 519 1761 ὅλον
554 1707 620 1761 ἂν
645 1709 1104 1779 είσηκούσθημεν.
1155 1711 1297 1764 Ἀλλ’
1329 1712 1451 1765 οὔτε
1473 1713 1563 1767 τὸν
1589 1713 1780 1784 ἡμίτο-

206 1816 311 1871 μον
357 1799 457 1871 ζῇν
504 1802 623 1854 ἐστι
650 1801 903 1855 δυνατόν·
949 1802 1073 1856 οὔτε
1114 1804 1262 1875 ἡμᾶς
1308 1805 1544 1859 ἐνταῦθα
1575 1806 1796 1876 μένειν,’

1876 612 2225 679 ablationem,
2258 628 2323 667 eo
2358 612 2492 667 mihi
2527 620 2653 667 sunt
2684 610 3053 676 molestiores;
3093 611 3449 681 quemadmo-

1876 704 2004 757 dum
2044 702 2137 772 qui
2168 702 2483 772 relinquunt
2531 702 2945 757 semimortuum
2995 710 3051 756 et
3098 702 3447 756 semisectum

1875 810 2028 848 reum
2078 809 2241 863 quem
2289 794 2547 848 volebant
2624 794 2895 861 occidere,
2961 795 3307 863 potiusquam
3356 793 3446 863 qui

1878 886 2099 957 penitus
2138 884 2424 956 privarunt
2463 886 2609 951 vita;
2658 886 2935 942 hominem
2970 885 3057 940 hic
3107 895 3336 954 uterque
3364 883 3451 937 in-

1882 977 2097 1042 terﬁcit,
2117 977 2211 1033 sed
2240 977 2375 1033 alter
2402 978 2701 1033 cruciatum
2729 993 2838 1032 non
2861 992 2954 1045 per
2976 993 3156 1033 moras
3180 974 3449 1039 extendit,

1878 1067 2014 1122 alter
2046 1067 2187 1123 forte
2216 1078 2367 1123 ratus
2388 1069 2715 1124 detrimento
2749 1085 2807 1123 se
2831 1068 2990 1129 allici.
3021 1070 3063 1122 si
3097 1084 3243 1122 mera
3276 1077 3453 1121 morte

1882 1160 2156 1214 hominem
2197 1160 2327 1215 hinc
2356 1160 2628 1226 amandet,
2662 1161 2846 1216 multis
2877 1176 3001 1215 eum
3048 1160 3315 1230 imprimis
3353 1174 3454 1212 ex-

1878 1251 2248 1306 carniﬁcatum
2300 1253 2586 1307 tormentis
2631 1261 2686 1308 et
2723 1254 3015 1307 dissectum
3075 1251 3451 1316 membratim,

1878 1359 1991 1397 non
2039 1343 2271 1412 simplici
2306 1352 2482 1397 morte
2519 1342 2797 1405 affectum.
2832 1360 2926 1413 per
2956 1344 3213 1398 horrores
3251 1353 3305 1398 et
3325 1358 3453 1397 cru-

1880 1434 2053 1488 ciatus
2080 1433 2389 1489 doloriﬁcos
2423 1450 2454 1489 e
2482 1433 2592 1489 vita
2622 1435 2807 1488 trahit.
2840 1434 2953 1489 Nec
2982 1434 3328 1489 abludentem
3370 1433 3456 1487 vi-

1881 1525 2012 1579 dere
2055 1533 2141 1580 est
2176 1533 2418 1580 nostram
2445 1524 2834 1580 conditionem.
2870 1524 3125 1590 Quotidie
3164 1524 3456 1594 plectimur

1881 1626 1937 1671 et
1973 1615 2238 1671 allieimur
2259 1616 2451 1687 plagis,
2487 1616 2545 1670 in
2573 1618 2829 1687 praesenti
2862 1616 3136 1671 semisecti
3166 1615 3455 1671 constitui-

1882 1726 2041 1778 mur;
2074 1710 2292 1765 videtur
2323 1719 2505 1765 autem
2538 1725 2637 1783 per
2665 1718 2850 1779 partes
2885 1710 2998 1763 tolli
3028 1726 3058 1764 a
3092 1709 3249 1764 nobis
3287 1705 3452 1767 illud.

1882 1804 2024 1873 quod
2053 1803 2215 1859 simul
2244 1813 2300 1859 et
2341 1805 2509 1859 semel
2540 1813 2601 1858 ut
2625 1805 2966 1873 deponamus
3002 1801 3244 1873 ﬂagitant
3270 1820 3282 1855 :
3308 1803 3455 1871 quod

201 1891 351 1946 οὓτω
372 1892 743 1963 διαιρεθέντας
769 1910 783 1924 ·
816 1895 1046 1966 αἰσχύνη
1077 1896 1174 1950 καὶ
1198 1897 1423 1962 ὄνειδος,
1446 1898 1506 1951 ού
1527 1901 1641 1962 τοῖς
1672 1899 1777 1970 πρὸ

1887 1896 1926 1950 si
1960 1895 2322 1965 principatum
2354 1894 2547 1966 partiri
2579 1896 2957 1959 voluissemus.
2987 1894 3222 1949 exauditi
3262 1892 3456 1948 fuisse-

206 1982 371 2053 ἡμῶν
422 1984 833 2055 γεγενημένοις,
877 1984 1012 2039 ἀλλά
1043 2003 1107 2054 γε
1147 1987 1241 2041 καὶ
1288 1990 1400 2051 τοῖς
1451 1988 1570 2059 μεθ’
1603 1990 1773 2061 ἡμᾶς,

204 2074 367 2145 εἴπερ
411 2076 518 2145 ἄρα
555 2077 650 2128 καὶ
680 2073 789 2129 εἷεν
829 2076 966 2142 ὅλως
1001 2078 1145 2142 τινὲς
1171 2079 1329 2150 ἡμῶν
1357 2080 1695 2153 ἀθλιώτεροι,
1726 2082 1776 2134 οἳ

206 2166 333 2236 μεθ’
360 2168 509 2237 ἡμᾶς
535 2168 652 2221 ἀνθ’
684 2168 841 2239 ἡμῶν
866 2171 1079 2224 τουτονὶ
1119 2172 1211 2225 τὸν
1246 2171 1410 2243 ζυγὸν
1453 2173 1779 2229 ύπελεύσον-

204 2275 319 2311 ται.
365 2258 729 2329 Ἑξερχόμεθα
775 2261 870 2315 τοῦ
906 2262 1072 2317 τόπου
1095 2280 1108 2293 ⁶
1146 2267 1364 2320 παυέτω
1395 2265 1589 2335 φθόνος
1611 2285 1626 2300 ο
1653 2268 1779 2321 εἰδὲ

208 2351 311 2420 μὴ,
344 2350 621 2421 λυποῦμέν
650 2370 840 2415 τιναςο
893 2356 1094 2424 μᾶλλον
1126 2356 1182 2411 δὲ
1219 2359 1267 2411 εἰ
1304 2358 1398 2429 μὴ,
1446 2360 1551 2413 κάν
1606 2358 1781 2432 τούτῳ

205 2442 555 2513 γραφόμεθα.
597 2446 706 2498 Καὶ
743 2445 834 2499 τὸν
876 2448 1151 2517 κονιορτὸν
1180 2450 1613 2515 ὲκτινάσσοντες,
1644 2453 1782 2506 ἀπο-

206 2532 473 2602 τιθέμεθα
492 2534 586 2587 τὸν
621 2533 841 2606 θρόνονο
872 2538 1319 2594 ἁποτιθέσθωσαν
1349 2542 1441 2595 τὸν
1468 2543 1590 2597 καθ’
1623 2545 1782 2615 ἡμῶν

208 2624 383 2691 δόλον,
424 2626 522 2689 τάς
551 2629 925 2698 ὲπιτηρὴσεις,
957 2632 1056 2694 τὰς
1076 2631 1316 2701 ἐνέδρας,
1344 2635 1444 2697 τάς
1468 2634 1780 2699 ἐπιϐουλάς.

211 2713 286 2770 Ὦ
307 2717 450 2790 δίκη,
480 2720 575 2773 καὶ
599 2720 773 2791 νόμοι,
808 2722 903 2775 καὶ
934 2723 1070 2777 Θεοῦ
1122 2727 1409 2797 κριτήριαῐ
1438 2728 1520 2780 ὅτι
1559 2728 1635 2798 μὴ
1678 2744 1784 2781 πα-

210 2814 415 2886 τοῦμεν
464 2816 631 2886 ὑμᾶς,
697 2816 1028 2888 ἀδικοῦμεν⁹
1086 2818 1181 2871 καὶ
1218 2821 1301 2873 ὃτι
1355 2821 1676 2893 στέργομεν,
1723 2822 1782 2874 ού

213 2906 544 2978 φιλούμεθαο
570 2908 664 2961 καὶ
688 2908 768 2961 ὅτι
786 2909 925 2979 ὑπὲρ
948 2907 1101 2978 ὑμῶν
1126 2911 1415 2979 ίστάμεθα,
1431 2911 1781 2981 δικαζόμεθα·

210 2998 308 3051 καὶ
335 2997 666 3051 πλάττονται
689 2996 859 3066 λόγοι,
886 2999 981 3052 καὶ
1006 3001 1035 3052 ό
1060 2998 1181 3057 καθζ
1207 2999 1363 3069 ἡμῶν
1388 3017 1440 3053 τι
1472 3002 1786 3073 καινότερον

212 3087 466 3151 ἐπινοῶν,
513 3081 668 3153 οὗτος
720 3091 748 3143 ὁ
795 3090 1054 3160 νουνεχὴς
1095 3092 1192 3145 καὶ
1246 3091 1604 3163 δραστήριοςο
1649 3095 1678 3147 ὁ
1729 3093 1787 3145 δὲ

213 3180 672 3251 συλλυπούμενος,
703 3180 895 3253 ἐχθρὸς
927 3183 1020 3235 καὶ
1062 3181 1383 3254 παραϐάτης
1425 3183 1603 3253 νόμων
1634 3184 1785 3237 εἰσά-

211 3292 390 3343 γεται,
422 3273 528 3327 κάν
563 3274 790 3343 ἀδελφὸς
822 3271 876 3349 ᾖ,
911 3273 1003 3329 καὶ
1032 3275 1130 3345 τὴν
1178 3276 1342 3346 φύσιν
1384 3276 1483 3347 ἔχῃ
1530 3276 1785 3330 κινοῦσαν

216 3366 356 3436 πρὸς
381 3364 558 3419 ἔλεον.
585 3364 746 3418 Ποῖόν
776 3382 861 3429 τις
888 3364 1476 3435 ὑπενέγκειάρᾳδίως,
1494 3366 1576 3418 ὅτι
1598 3367 1792 3437 κριτὰς

215 3456 416 3527 ἔχομεν
441 3456 535 3509 τοῦ
573 3456 714 3527 βίου,
744 3458 870 3520 τοὺς
904 3458 1035 3528 πρὶν
1068 3457 1380 3523 ἐπαινέτας,
1424 3458 1521 3510 καὶ
1548 3458 1597 3510 οἳ
1630 3458 1792 3529 χάριν

214 3548 552 3619 ὡμολόγουν,
588 3550 637 3601 εί
664 3549 741 3619 μὴ
768 3546 896 3619 παρ’
932 3547 1091 3619 ἡμῶν
1122 3551 1507 3619 κατεκρίνοντο
1526 3566 1539 3579 ·
1573 3549 1654 3604 ὅτι
1683 3552 1792 3603 τῶν

215 3638 389 3707 φίλων
424 3638 797 3709 χωριζόμεθα,
848 3639 932 3692 ὅτι
959 3638 1068 3691 τῶν
1100 3637 1345 3708 ἀδελφῶν
1375 3637 1752 3709 ἀποσπώμεθα
1771 3656 1786 3671 ο

215 3732 353 3801 πρὸς
379 3736 510 3785 ποῖα
544 3732 748 3786 τούτων
780 3732 863 3795 τίς
894 3731 1302 3802 ύποστήσεται;

1880 2003 2002 2042 mus
2036 1988 2095 2041 in
2133 1995 2268 2042 toto.
2300 1985 2502 2042 Verum
2534 2004 2657 2043 cum
2698 1988 3046 2043 semisectum
3096 1987 3279 2041 vivere
3324 2001 3455 2057 pos-

1880 2080 2037 2134 sibile
2080 2096 2190 2133 non
2237 2081 2329 2147 sit,
2362 2096 2465 2135 nec
2495 2096 2597 2136 nos
2627 2081 2718 2135 hic
2758 2080 3055 2135 subsistere
3084 2078 3158 2133 ita
3190 2079 3456 2134 diminuta

1881 2173 2190 2243 principatu
2220 2191 2234 2225 :
2270 2173 2528 2228 dedecori
2572 2173 2719 2228 enim
2769 2183 2823 2227 et
2872 2171 3277 2242 exprobrationi
3328 2171 3453 2227 facti

1862 2262 2199 2329 fuissemus,
2224 2279 2332 2318 non
2356 2264 2576 2334 quidem
2603 2264 3096 2334 praedecessoribus
3115 2264 3337 2330 nostris,
3360 2265 3457 2318 sed

1881 2358 2293 2414 successoribus
2336 2368 2459 2429 post
2496 2358 2713 2424 futuris,
2764 2359 2810 2415 si
2858 2366 3039 2414 tamen
3081 2359 3244 2414 futuri
3289 2359 3457 2429 aliqui

1881 2451 2170 2522 aliquando
2201 2452 2332 2515 sint,
2367 2451 2528 2507 nobis
2561 2450 2894 2512 miseriores.
2925 2452 3015 2520 qui
3047 2460 3170 2521 post
3212 2466 3314 2506 nos
3358 2466 3460 2521 pro

1883 2546 2042 2600 nobis
2063 2546 2251 2617 iugum
2282 2543 2425 2599 istud
2450 2543 2634 2598 subire
2656 2544 2843 2598 velint.
2869 2542 3013 2599 Loco
3036 2544 3167 2614 quin
3192 2543 3456 2609 cedimus;

1883 2645 2061 2690 cesset
2088 2634 2308 2689 invndia.
2344 2632 2497 2699 Quod
2537 2634 2580 2687 si
2616 2648 2724 2687 non
2760 2632 3008 2695 facimus,
3045 2631 3306 2702 quosdam
3339 2630 3458 2685 alli-

1884 2728 2061 2782 cimus
2089 2742 2345 2791 maarore.
2372 2727 2555 2798 potius
2593 2735 2648 2780 et
2672 2725 2742 2780 ob
2770 2726 2871 2780 hoe
2894 2724 3071 2795 ipsum
3102 2724 3157 2779 in
3175 2723 3265 2793 jus
3286 2724 3464 2794 rapie-

1886 2835 2011 2873 mur
2040 2839 2054 2874 :
2086 2834 2316 2874 excusso
2355 2818 2599 2889 pulvere,
2633 2817 2817 2871 sedem
2850 2816 3171 2876 deserimus.
3205 2815 3460 2885 quocirca

1885 2912 2039 2968 dolos
2076 2913 2336 2981 deinceps
2370 2911 2424 2964 in
2448 2926 2550 2965 nos
2588 2918 2909 2965 construere
2939 2916 2996 2962 et
3044 2908 3294 2963 meditari
3325 2908 3463 2964 desi-

1886 3013 2051 3069 stant,
2067 3019 2136 3058 ne
2151 3003 2462 3066 observent,
2478 3000 2819 3065 insidientur,
2841 3000 3229 3070 impressiones
3241 3000 3461 3056 faciant.

1888 3094 2005 3151 Heu
2034 3095 2268 3166 justitia,
2304 3094 2451 3163 leges
2484 3093 2605 3155 Dei.
2638 3093 2903 3147 tribunal!
2936 3090 3092 3158 Quod
3120 3108 3464 3163 nequaquam

1889 3205 1988 3244 vos
2016 3189 2422 3251 conculcamus,
2451 3187 2649 3246 iniuria
2681 3184 2947 3241 allicimus
2970 3202 2985 3251 ;
3008 3195 3295 3256 propterea
3317 3188 3465 3256 quod

1891 3282 2189 3351 diligimus,
2220 3295 2329 3335 non
2364 3294 2640 3342 amamur;
2663 3293 2729 3333 eo
2759 3277 2904 3348 quod
2928 3293 3027 3347 pro
3047 3277 3202 3332 vobis
3232 3287 3464 3339 stamus.

1892 3387 1922 3425 a
1962 3371 2122 3425 nobis
2150 3369 2207 3424 ﬁt
2251 3370 2559 3425 dissidium.
2596 3370 3103 3425 Comminiscuntur
3144 3370 3463 3436 mendacia,

1890 3466 1946 3512 et
1975 3458 2066 3526 qui
2110 3465 2300 3512 contra
2334 3472 2437 3512 nos
2470 3456 2763 3511 maximam
2802 3457 3169 3526 proditionem
3206 3456 3423 3513 ﬁnxerit
3448 3502 3463 3522 ,

1891 3550 2133 3619 prudens
2169 3549 2401 3603 habetur
2429 3558 2484 3604 et
2535 3558 2815 3616 actuosus;
2848 3550 2942 3619 qui
3000 3550 3172 3607 vicem
3220 3558 3467 3606 nostram

1890 3641 2056 3705 dolet,
2096 3654 2153 3695 ut
2180 3642 2355 3696 hostis
2383 3651 2437 3695 et
2472 3642 2652 3712 legum
2678 3642 2910 3697 violator
2942 3652 3253 3706 accusatur,
3298 3644 3470 3699 frater

1896 3732 2024 3787 licet
2047 3731 2234 3796 fuerit,
2258 3740 2315 3786 et
2350 3742 2544 3787 natura
2573 3733 2688 3803 ipsa
2718 3741 3003 3787 moveatur
3035 3733 3103 3787 ad
3122 3733 3471 3803 compassio—

214 3841 364 3880 nem.
407 3825 692 3892 Quomodo
727 3825 870 3896 quis.
906 3840 1111 3895 quaeso,
1155 3824 1384 3879 tolerare
1423 3834 1625 3894 posset,
1652 3824 1798 3895 quod
1838 3823 1906 3880 de
1932 3826 2039 3881 vita
2067 3826 2279 3895 judices
2299 3834 2354 3881 et
2380 3841 2638 3881 censores
2662 3826 2927 3881 habemus
2954 3842 3068 3893 eos,
3123 3843 3261 3898 quos
3317 3831 3471 3899 prius

212 3919 547 3984 laudatores.
590 3927 646 3973 et
685 3919 779 3988 qui
832 3918 971 3973 bene
1020 3931 1205 3972 secum
1256 3916 1341 3985 agi
1394 3926 1680 3985 putassent
1740 3918 1787 3972 si
1823 3918 2374 3988 nostrojudicionon
2397 3918 2924 3985 condemnarentur;
2976 3919 3121 3989 quod
3182 3921 3251 3976 ab
3277 3922 3469 3979 amicis

213 4016 561 4078 divellamur,
604 4027 635 4066 a
682 4012 954 4083 germanis
998 4011 1411 4066 abstrahamur?
1456 4011 1655 4081 Ecquis
1699 4021 1786 4067 est
1821 4012 1916 4083 qui
1953 4013 2149 4068 horum
2182 4013 2385 4084 aliquid
2415 4012 2620 4083 possit?

299 4105 445 4160 Ἀλλ’
477 4107 596 4176 ἐρεῖ
642 4122 750 4169 τις,
791 4102 867 4174 μὴ
919 4103 1033 4156 δεῖν
1063 4101 1317 4172 ἀθυμεῖν,
1349 4102 1587 4174 Χριστοῦ
1617 4103 1787 4175 πάθη,

1972 4106 2076 4158 Sed
2116 4104 2353 4171 dicetur.
2383 4104 2829 4174 despondendum
2860 4119 2971 4159 non
3010 4119 3133 4160 esse
3188 4104 3469 4173 animum;

209 4200 310 4254 καὶ
342 4198 584 4268 Χριστὸν
630 4196 793 4250 αὐτὸν
819 4196 898 4258 εἰς
939 4194 1101 4265 μέσον
1149 4194 1319 4261 ἄγων,
1354 4195 1597 4257 καὶτοὺς
1649 4195 1783 4265 ὑπὲρ

1898 4195 2097 4251 Christi
2130 4197 2267 4251 mihi
2304 4197 2618 4266 passiones,
2665 4196 2867 4253 Christi
2923 4196 3233 4267 exemplum
3266 4212 3473 4267 reprae-

208 4291 383 4345 αὐτοῦ
417 4290 732 4361 μάρτυραςο
759 4287 825 4342 ἄν
859 4304 949 4358 μοι
974 4286 1067 4340 καὶ
1091 4287 1183 4339 τὸν
1212 4286 1476 4357 προδότην
1500 4286 1669 4358 δείξῃ,
1696 4288 1783 4340 καὶ

1901 4287 2158 4353 sentabit,
2188 4296 2242 4341 et
2266 4287 2582 4356 martyrium
2604 4287 2695 4356 qui
2718 4294 2942 4357 propter
2968 4285 3121 4340 illum
3143 4286 3467 4341 tolerarunt.

206 4385 315 4453 τὴν
345 4381 701 4445 κουστωδίαν,
734 4378 829 4432 καὶ
877 4380 1003 4441 τοὺς
1036 4377 1354 4449 τυράννους,
1404 4377 1608 4447 πολλὴν
1638 4370 1783 4440 οὗτος

1901 4378 2063 4434 Certe
2086 4381 2130 4434 si
2170 4380 2303 4434 mihi
2351 4380 2684 4449 proditorem
2736 4379 2827 4435 hic
2873 4380 3161 4445 exhibeat,
3192 4382 3239 4435 si
3286 4391 3473 4437 custo-

205 4477 311 4547 τὴν
358 4472 627 4544 εὐθυμίαν
678 4470 1003 4543 χαρίσεται’
1057 4470 1218 4540 μέχρι
1252 4469 1295 4523 δ’
1324 4467 1389 4522 ἂν
1427 4468 1502 4539 μὴ
1551 4468 1783 4537 φανῶσιν

1899 4470 2067 4534 diam,
2091 4474 2135 4525 sl
2168 4480 2447 4542 tyrannos,
2474 4470 2700 4524 multam
2734 4470 2824 4525 ille
2857 4470 3117 4542 largietur
3144 4473 3472 4527 consolatio-

207 4562 385 4630 οὗτοι,
435 4565 577 4636 λόγῳ
629 4564 881 4617 πλάττων
909 4562 1008 4633 τὴν
1064 4560 1382 4630 ὁμοιότητα,
1440 4559 1643 4629 ἀσθενῆ
1693 4560 1783 4630 τὴν

1899 4578 2050 4617 nem.
2090 4563 2159 4617 At
2190 4563 2431 4633 quandiu
2462 4578 2730 4633 nusquam
2758 4572 3021 4634 apparent
3054 4564 3166 4628 isti,
3195 4566 3285 4635 qui
3319 4565 3472 4619 simi-

207 4659 575 4730 παραμυθίαν
613 4658 937 4728 παρέχεται.
962 4656 1024 4707 Εἰ
1052 4655 1149 4723 μὲν
1180 4653 1272 4707 οῦν
1303 4653 1563 4707 πλειόνων
1591 4653 1793 4723 ξεσμά-

203 4768 324 4805 των
356 4750 439 4803 ἔτι
469 4750 566 4803 καὶ
613 4747 993 4819 χωνευτηρίων
1023 4748 1051 4798 ὁ
1088 4746 1354 4817 ἡμέτερος
1391 4745 1614 4815 ἀνδριὰς
1655 4744 1794 4815 πρὸς

206 4844 487 4911 κάθαρσιν
516 4844 708 4905 δεῖται,
762 4842 858 4895 καὶ
914 4838 1122 4905 ξυέσθω
1150 4840 1245 4892 καὶ
1291 4837 1543 4908 τηκέσθω
1568 4837 1661 4891 καὶ
1683 4856 1793 4907 χω-

207 4936 479 4998 νευέσθω,
505 4932 741 5006 Χριστοῦ
766 4932 1003 4996 διδόντος
1025 4930 1328 5002 ὑπομονὴν,
1348 4930 1443 4983 καὶ
1459 4932 1524 5001 τῇ
1540 4927 1795 4998 ἀσθενείᾳ.

207 5032 319 5099 τῆς
352 5028 569 5097 φύσεως
622 5028 722 5098 τὴν
756 5026 988 5097 βάσανον
1050 5022 1513 5095 συμμετροῦντος.
1575 5022 1637 5074 El
1678 5020 1723 5074 δ’
1757 5022 1790 5093 ή

208 5121 497 5193 ὑπερϐολὴ
536 5120 646 5173 τῶν
685 5120 959 5174 κολάσεων
1001 5116 1190 5187 φθάνει
1241 5115 1537 5170 δαπανῶσα
1568 5114 1665 5185 τὴν
1696 5112 1791 5167 δύ-

208 5225 280 5270 να
289 5232 386 5285 μιν
411 5215 532 5285 (οὐκ
561 5213 694 5284 ἐμὸν
718 5212 827 5283 γὰρ
852 5212 1029 5265 εἰπεῖν
1048 5212 1095 5264 εί
1117 5207 1474 5280 κεκάθαρται)
1501 5211 1528 5261 ὁ
1550 5208 1793 5277 πλάστης

212 5308 398 5381 ρυέτω
445 5307 507 5360 τὸ
559 5306 786 5377 πλάσμα
815 5305 914 5375 τῆς
965 5304 1237 5375 βασάνου,
1270 5304 1363 5355 καὶ
1405 5301 1594 5372 μηδεὶς
1636 5301 1794 5371 ἡμῶν

207 5401 386 5453 ἕνεκα
437 5398 660 5468 όφθήτω
715 5397 854 5466 μήτε
908 5394 1216 5466 προδότης,
1268 5394 1406 5463 μήτε
1463 5391 1788 5456 κουστωδία,

214 5493 366 5564 μήτε
394 5491 655 5561 τύραννος
676 5507 691 5521 ·
720 5489 913 5557 εἴησαν
945 5488 1003 5541 δὲ
1030 5486 1230 5550 πάντες
1248 5484 1498 5539 ἐκλεκτοὶ
1527 5484 1665 5538 Θεοῦ
1702 5500 1800 5538 και

210 5566 320 5649 τῆς
347 5579 462 5633 ἀνω
480 5577 637 5649 δόξης
664 5577 899 5641 ἐπάξιοι.

1895 4653 2184 4708 litudinem
2221 4670 2473 4711 sermone
2498 4672 2598 4711 suo
2653 4655 2865 4727 aﬂingit
2890 4656 3165 4711 inﬁrmum
3217 4656 3472 4711 solatium

1898 4746 2197 4801 exhibebit.
2250 4745 2405 4812 Quod
2438 4748 2484 4802 si
2514 4757 2696 4803 autem
2726 4758 2915 4803 nostra
2951 4744 3052 4803 ista
3085 4757 3262 4803 statua
3298 4749 3471 4819 pluri-

1902 4838 2093 4892 fariam
2122 4839 2299 4894 adhuc
2322 4839 2558 4895 radenda
2603 4840 2789 4905 fuerit,
2821 4850 2935 4905 aut,
2968 4849 3026 4895 ut
3054 4840 3241 4910 purior
3265 4840 3378 4906 ﬁat,
3406 4841 3476 4895 li—

1901 4928 2261 4998 queiacienda
2318 4932 2418 4998 sit;
2471 4932 2686 4995 radant,
2715 4930 3089 5001 liquefaciant,
3120 4929 3391 4995 couﬂent.
3424 4932 3475 4988 si

1902 5027 2093 5089 velint.
2119 5025 2414 5080 dummodo
2433 5024 2682 5080 Christus
2721 5023 3030 5094 suppeditet
3055 5024 3392 5093 patientiam.
3416 5033 3475 5079 et

1900 5117 2200 5171 secundum
2246 5117 2649 5187 preportionem
2689 5114 2954 5170 naturalis
2990 5128 3190 5170 nostra:
3240 5114 3474 5170 inﬁrmi-

1901 5208 2028 5262 tatis
2072 5208 2429 5263 tentationem
2468 5208 2837 5261 admensuret.
2883 5205 3038 5271 Quod
3089 5205 3135 5261 si
3185 5221 3473 5276 poenarum

1900 5315 2161 5355 excessus
2200 5301 2516 5370 patientiam
2555 5298 2816 5369 anticipet
2864 5307 2920 5353 et
2969 5299 3222 5354 absumat
3267 5299 3343 5368 (in
3384 5315 3474 5353 me

1904 5390 2047 5445 haud
2090 5400 2174 5445 est
2199 5390 2361 5444 situm
2395 5388 2663 5445 aﬂirmare
2690 5388 2835 5459 quod
2869 5390 3188 5462 purgatur),
3223 5390 3378 5445 ﬁctor
3409 5389 3474 5442 [i-

1903 5492 2179 5555 gmentum
2206 5483 2274 5537 de
2327 5482 2615 5537 tormentis
2667 5482 2891 5546 liberet,
2954 5498 3133 5552 neque
3185 5481 3473 5550 quisquam

1904 5576 2133 5645 optarim
2163 5591 2284 5629 mea
2307 5589 2470 5630 causa
2488 5574 2715 5630 exsistat
2744 5575 3008 5644 proditor,
3027 5572 3272 5629 custodia
3304 5570 3473 5639 nulla,

213 5678 409 5735 nullus
437 5687 728 5748 tyrannus;
762 5676 873 5732 sint
899 5683 1080 5730 autem
1112 5690 1304 5731 omnes
1334 5692 1364 5731 a
1390 5676 1502 5733 Deo
1527 5674 1705 5742 electi,
1742 5683 1798 5728 et
1822 5672 1968 5743 digni
1998 5674 2091 5744 qui
2124 5689 2415 5745 supernam
2440 5687 2798 5747 assequantur
2835 5672 3082 5747 gloriam.

1557 5789 1792 5846 VARIAE
1833 5789 2236 5849 LECTIONES.

292 5871 320 5903 ⁸
348 5862 438 5917 ισ.
469 5862 669 5917 αὐτῶν.
797 5858 823 5899 ἀ
854 5860 890 5915 l.
914 5859 1233 5932 ὑπήνεγκοι.
