4052 6430
536 416 650 482 623

1162 514 1378 571 EPIST.
1420 512 1483 568 ν.

550 618 768 683 Eidem,
806 614 1111 686 Deprecatio
1155 603 1618 686 prop/aristarum
1671 617 1706 656 a
1754 596 1963 655 secretis
2022 591 2111 662 qui

1123 678 1539 752 periclitabatur.

1685 395 1946 459 PHOTII
1988 388 2492 453 PATRIARCIME
2526 387 2633 448 (ΣΡ.

2137 505 2182 559 Α

3672 372 3795 437 624

2821 490 3042 547 ΕΠΙΣΤ.
3085 490 3157 543 E'.

2222 587 2306 654 Τῷ
2337 586 2517 653 αὐτῷ,
2546 584 2835 655 Πρεσϐεία
2870 583 3021 655 ὑπὲρ
3045 580 3483 651 Χριστοδούλου
3512 576 3799 647 ὰσηκρή-

2674 673 2762 721 τις
2790 654 3315 715 κινδυνεύσαντος.

1641 759 1784 810 Edita
1803 748 2144 807 aMontacutio
2166 747 2222 809 (l.
2246 760 2287 797 c.
2318 760 2399 810 ep.
2425 748 2471 809 ι,
2502 762 2551 810 p.
2578 746 2679 808 68).

624 863 908 930 Utcunque
966 858 1224 912 molestus
1274 869 1393 909 esse
1424 850 1632 911 videor,
1670 856 1723 901 et
1774 844 1911 899 ultra
1958 853 2111 893 men—

554 972 733 1011 suram
774 954 971 1007 frustra
1012 948 1339 1010 misericors,
1372 960 1479 999 non
1512 951 1695 997 tamen
1737 939 1879 1010 quod
1925 947 2115 1007 potero

552 1056 807 1119 praestare
851 1042 1161 1111 diffugiant,
1214 1037 1458 1092 fortassis
1510 1050 1691 1089 acrem
1744 1034 2016 1086 lacessens
2060 1038 2117 1083 et

549 1140 748 1194 frustra
774 1137 1024 1189 laborans
1055 1151 1068 1186 :
1106 1147 1230 1185 nam
1262 1130 1364 1183 hoc
1397 1126 1647 1181 me‘facit
1683 1123 1939 1193 cogitare,
1971 1119 2115 1188 quod

555 1244 650 1298 spe
682 1228 921 1295 tlcjectus
950 1222 1235 1292 aliquoties
1268 1218 1587 1280 exciderim;
1622 1218 1675 1269 in
1696 1224 1955 1285 quantum
1985 1226 2113 1265 vero

553 1320 853 1390 potuerim,
932 1315 1172 1368 debitum
1251 1310 1578 1380 persolvam.
1639 1307 1849 1377 Pauper
1898 1306 2112 1375 quidem

547 1410 758 1481 jocans,
822 1416 1103 1475 antiquum
1153 1419 1309 1457 suum
1362 1400 1626 1460 obtinuit;
1666 1401 1875 1467 jocatus
1915 1405 2018 1461 est,
2062 1406 2117 1450 et

552 1498 760 1553 comico
792 1510 962 1559 more,
998 1495 1124 1547 licet
1157 1509 1264 1545 non
1298 1492 1350 1544 in
1385 1505 1539 1558 quos,
1581 1496 1673 1541 aut
1702 1487 1930 1555 qualiter
1958 1500 2117 1555 opor—

554 1589 676 1643 tuit.
721 1588 849 1641 Erat
891 1585 1125 1638 ebrietas
1161 1579 1467 1651 primipilus
1502 1598 1514 1631 :
1551 1578 1653 1632 hac
1691 1586 1869 1630 autem
1907 1573 2116 1643 abrepti

2288 836 2347 887 El
2376 835 2469 887 ml.
2500 834 2593 886 νῦν
2641 831 2869 902 ὀχληρὸς
2895 824 3032 883 εἶναι
3062 828 3217 894 δόξω,
3272 827 3366 880 καὶ
3419 827 3679 897 περιττὸς
3731 826 3805 878 τὸ

2218 926 2614 997 φιλάνθρωπον,
2650 923 2787 980 ἀλλὰ
2816 923 2941 992 τόγε
2972 921 3207 992 ἐμαυτοῦ
3254 921 3429 973 ποιεῖν
3456 919 3556 972 οὐκ
3586 917 3803 985 ἀφέξου

2222 1035 2341 1087 μαι,
2385 1018 2511 1079 ἴσως
2549 1015 2650 1084 μὲν
2689 1016 2766 1078 είς
2794 1014 2931 1085 ἀέρα
2980 1014 3174 1085 δέρων,
3224 1012 3316 1065 καὶ
3360 1011 3535 1081 μάτην
3578 1010 3798 1064 πονῶν.

2219 1109 2403 1163 Ταῦτα
2436 1110 2544 1181 γάρ
2580 1126 2645 1179 με
2682 1106 3017 1175 λογίζεσθαι,
3074 1104 3135 1157 τὸ
3162 1103 3420 1165 πολλάκις
3462 1102 3801 1171 διαμαρτεῖν

2222 1204 2318 1271 τῆς
2352 1201 2588 1265 ἐλπίδος,
2624 1198 3036 1269 παρεσκεύασεν
3058 1208 3071 1223 ⁹
3098 1197 3223 1249 ὅσον
3249 1194 3292 1247 δ’
3327 1196 3407 1256 είς
3457 1192 3595 1263 ἐμὴν
3634 1194 3801 1262 ἰσχὺν

2221 1291 2345 1368 ἧκε,
2380 1295 2439 1347 τὸ
2478 1294 2637 1365 χρέος
2681 1292 2923 1363 πληρῶν.
2983 1287 3297 1358 ’Ἄνθρωπος
3348 1284 3518 1354 πένης
3550 1283 3801 1346 παίζων,

2222 1387 2424 1458 ἔπραξε
2474 1386 2540 1439 τὰ
2593 1384 2799 1455 συνήθη
2848 1380 3029 1452 αὐτῷ’
3077 1379 3266 1445 ἔπαιξε
3311 1379 3437 1446 γὰρ,
3474 1377 3523 1429 εἰ
3574 1377 3675 1428 καὶ
3714 1376 3803 1445 μὴ

2224 1482 2360 1551 πρὸς
2412 1479 2504 1541 οῦς
2564 1478 2693 1538 ἔδει,
2756 1476 2880 1545 μηδ’
2926 1469 3035 1537 οἶα,
3077 1470 3573 1542 κωμικευσάμενος.
3629 1466 3801 1535 Μέθη

2222 1574 2515 1643 κορυφαῖος
2543 1565 2631 1639 ἦν,
2653 1562 2695 1636 ᾧ
2731 1567 2801 1620 τὰ
2833 1565 3004 1619 πολλὰ
3035 1563 3453 1634 περιπίπτοντες
3487 1559 3801 1629 ἄνθρωποι,

552 1678 801 1734 homines
834 1675 1125 1745 plurimum
1162 1648 1346 1726 solent
1388 1667 1751 1737 delinquendo
1795 1667 1918 1720 labi.
1963 1664 2121 1719 Dedit

2231 1659 2571 1728 σφάλλονται.
2610 1657 2818 1709 Ἔδωκε
2856 1654 2955 1723 τῆς
2983 1653 3284 1707 ἀκολάστου
3314 1649 3563 1718 γλώσσης
3598 1648 3793 1711 δὶκας,

554 1780 735 1823 autem
806 1782 994 1837 pcenas
1059 1765 1127 1818 de
1184 1763 1501 1816 lasciviente
1558 1760 1780 1827 lingua,
1839 1758 2117 1811 acerbiore

2231 1755 2443 1805 κόλασιν
2471 1748 2674 1818 πικράν
2697 1746 2955 1807 ὑποστὰς,
2977 1744 3102 1806 τοὺς
3122 1742 3272 1812 ἐντῷ
3298 1741 3507 1811 σώματι
3526 1740 3806 1809 σφοδροὺς

554 1862 813 1917 multatus
862 1857 1165 1929 punitione,
1201 1869 1427 1924 corpore
1468 1851 1846 1906 vehementius
1879 1866 2049 1903 caesus
2066 1856 2122 1903 et

2231 1844 2539 1913 αἰκισμούς.
2586 1842 2773 1909 Στήτω
2817 1838 2975 1908 μέχρι
3012 1835 3199 1889 τούτου
3249 1834 3316 1886 τὰ
3350 1834 3448 1902 τῆς
3488 1831 3800 1901 τιμωρίας.

555 1953 850 2007 mutilatos.
907 1948 1148 2004 Ulterius
1212 1962 1278 2000 ne
1331 1945 1725 2015 progrediatur.
1787 1942 2013 1996 Sacrum
2069 1950 2123 1995 et

2243 1936 2303 1988 '0
2330 1934 2423 1987 τοῦ
2454 1932 2589 1986 Θεοῦ
2638 1931 2786 1997 ναὸς,
2843 1930 3003 1999 ἱερὸς,
3039 1931 3133 1981 καὶ.
3167 1928 3300 1980 πᾶσι
3348 1927 3461 1987 τοῖς
3509 1924 3808 1975 εύσεϐέσιν

556 2053 806 2100 sanctum
840 2050 921 2095 est
946 2040 1038 2094 Dei
1067 2041 1345 2107 templum,
1368 2053 1397 2091 a
1416 2036 1564 2091 nullo
1583 2034 1889 2090 ChriSLiano
1914 2032 2125 2086 violan-

2231 2029 2442 2092 ἄσυλος,
2496 2025 2631 2095 πρὸς
2680 2024 2739 2077 ὂν
2764 2016 2919 2085 οὗτος
2954 2020 3263 2089 κατέφυγε’
3308 2016 3600 2089 πρεσϐεύει
3647 2016 3801 2083 ὑπὲρ

552 2135 722 2199 dum;
764 2133 829 2187 ad
864 2132 963 2185 hoc
993 2105 1235 2197 confugit
1264 2128 1363 2181 iste
1395 2146 1408 2181 :
1440 2126 1728 2180 intercedit
1758 2138 1855 2193 pro
1886 2123 1978 2178 illo
2012 2123 2125 2175 An-

2231 2117 2390 2172 αὐτοῦ
2420 2118 2449 2170 ὁ
2475 2114 2569 2168 τοῦ
2601 2113 2728 2167 ναοῦ
2767 2112 2967 2182 ἱερεὺς.
3011 2109 3072 2162 τὸ
3110 2108 3202 2161 τοῦ
3261 2107 3601 2177 πταίσματος
3638 2105 3803 2157 εὖτε-

558 2226 714 2281 tistes
752 2224 968 2293 templi;
1012 2195 1300 2277 intercedit
1340 2228 1394 2279 et
1439 2220 1610 2288 culpa:
1655 2216 1924 2283 tenuitas;
1973 2223 2028 2271 et
2081 2214 2125 2269 si

2231 2210 2341 2274 λές,
2395 2210 2441 2261 εί
2474 2207 2651 2278 βούλει
2680 2205 2759 2269 δὲ,
2790 2204 2883 2258 καὶ
2913 2201 2995 2265 τὸ,
3030 2203 3245 2270 Ἅφετε
3288 2198 3386 2251 καὶ
3423 2195 3803 2267 ἀφεθήσεται

552 2318 736 2374 adhuc
769 2317 970 2388 pateris
1010 2315 1139 2371 illud
1171 2334 1183 2368 :
1210 2314 1488 2375 Dimittite,
1522 2286 1571 2365 et
1595 2312 1886 2364 dimittetur
1914 2310 2122 2374 vobis';

2231 2302 2372 2373 ὑμῖν
2393 2318 2408 2334 ·
2434 2302 2530 2354 καὶ
2559 2299 2639 2363 τὺ,
2677 2298 2773 2352 Ἐν
2802 2290 2849 2364 ᾧ
2874 2293 3069 2365 μέτρῳ
3114 2289 3399 2360 μετρεῖτε,
3424 2286 3806 2357 μετρηθήσε-

553 2411 644 2468 vel
675 2410 819 2476 :Qua
840 2427 1080 2464 mensura
1110 2408 1270 2463 mensi
1292 2408 1431 2469 estis,
1453 2407 1636 2459 eadem
1656 2404 1793 2457 vobis
1822 2406 2065 2457 metiatur
2082 2403 2123 2455 ⁸.
2230 2414 2324 2449 ται
2350 2394 2512 2464 ὑμῖν.

1180 2514 1395 2571 EPIST.
1446 2515 1535 2570 VI.
1964 2514 1965 2517 “

2822 2500 3045 2554 eum.
3102 2500 3191 2565 cr.

605 2610 796 2666 Barda:
821 2610 872 2665 Μ
886 2612 1081 2680 nqistro
1115 2609 1409 2680 Patrilioet
1434 2607 1770 2675 Curopalatw
1785 2624 1879 2676 pro
1909 2608 2093 2661 clerico

2237 2601 2437 2680 Βάρδα
2493 2598 2806 2680 Marioque)
2854 2591 3143 2680 {uitetle
3188 2586 3287 2641 καὶ
3313 2583 3779 2680 ιλΚουροπαλιὶτῃ

886 2642 1037 2680 ιιιμοιι
1054 2642 1081 2662 υ
1115 2642 1133 2663 Ι.
1159 2642 1337 2661 ιιιΙῑιιυ
1364 2642 1409 2662 τι
1434 2642 1766 2675 υυιιυμωιιιιιο
1785 2642 1878 2676 μιν
1909 2642 2001 2661 υιοι
2018 2642 2093 2661 ῑυυ

872 2681 1037 2734 Btasii
1072 2683 1125 2732 in
1155 2679 1401 2749 periculis
1425 2680 1727 2731 constituto.

2237 2642 2441 2740 ι’ψὲεῶ
2468 2642 2755 2736 κληρικοῦ
2776 2646 2887 2717 ’τοῦ
2914 2642 3181 2714 Βᾶασίου
3208 2642 3805 2720 κινδυνεύσαντος.”’

1656 2768 1799 2817 Edita
1830 2784 1857 2818 a
1878 2768 2177 2821 Montacutio
2199 2771 2255 2833 (l.
2279 2781 2324 2817 c.
2345 2778 2427 2828 ep.
2448 2761 2497 2818 6.
2518 2757 2691 2824 p.69).

625 2854 891 2910 Noveram
910 2869 1009 2924 ego
1028 2852 1266 2921 quidem,
1281 2849 1522 2905 nondum
1551 2859 1826 2918 expertus,
1846 2851 2125 2920 indignum

2307 2827 2491 2919 ᾝδειν
2527 2843 2659 2911 ἐγὼ,
2704 2841 2797 2894 καὶ
2835 2838 2941 2908 πρὸ
2978 2836 3198 2905 πείρας,
3230 2832 3446 2899 ἀνάξιον
3484 2829 3680 2883 ἑαυτὸν
3696 2827 3807 2886 Μ,

554 2964 645 3002 me
670 2946 839 3000 fuisse
877 2922 999 2999 cum
1048 2946 1213 3015 gradu
1254 2952 1309 2996 et
1343 2942 1607 3012 dignitate
1648 2941 2125 3013 archiepiscopaliI

2236 2941 2330 2996 καὶ
2358 2938 2452 2992 τοῦ
2485 2931 2868 3006 ἀρχιερατικοῦ
2906 2928 3133 3000 βαθμοῦ,
3170 2927 3265 2980 καὶ
3302 2927 3402 2996 τῆς
3433 2922 3812 2993 ποιμαντικῆς

556 3049 674 3093 tum
706 3035 991 3107 pastoralis
1030 3034 1399 3101 cujuscunque
1443 3031 1758 3098 functionis,
1791 3042 1953 3103 atque
2010 3048 2125 3088 eam

2237 3029 2618 3101 ἐγχειρήσεωςο
2641 3022 2731 3077 διὰ
2752 3021 2908 3074 τοῦτο
2932 3021 3041 3088 γὰρ
3068 3017 3332 3087 ἀγόμενος
3362 3013 3457 3068 καὶ
3484 3014 3810 3082 ἑλκόμενος,

559 3130 631 3183 ob
660 3142 876 3182 causam
907 3134 1061 3179 actus
1096 3133 1151 3178 et
1195 3131 1455 3178 attractus
1481 3123 1707 3178 moleste
1735 3139 1853 3178 eam
1896 3139 2008 3179 rem
2048 3124 2131 3179 fe-

556 3222 745 3277 rebam
777 3234 790 3284 ;
822 3226 981 3288 atque
1022 3217 1224 3271 utinam
1264 3231 1350 3271 me
1388 3216 1538 3285 prius
1566 3231 1712 3270 mors
1747 3216 2003 3271 invaserit
2034 3233 2132 3271 an-

559 3317 778 3382 tequam
818 3311 921 3365 hac
940 3309 1195 3375 violenta,
1233 3308 1556 3363 intolerabili
1607 3308 1809 3378 potius,
1867 3309 2134 3363 electione

560 3404 866 3473 arripererl
907 3401 1252 3470 Nequaquam
1306 3406 1385 3453 tot
1426 3408 1481 3453 et
1536 3408 1807 3454 tantorum
1866 3401 2129 3454 malorum

562 3487 757 3544 ﬂuctus
788 3488 1021 3542 animam
1064 3501 1236 3541 meam
1268 3487 1509 3556 quotidie
1543 3487 1860 3554 abluissent,
1900 3504 2131 3559 quorum

561 3597 685 3651 spes
711 3591 765 3636 et
792 3582 1118 3650 exspectatio
1136 3580 1238 3649 (est
1266 3580 1409 3633 enim
1431 3587 1625 3633 natura
1650 3579 1931 3633 hominum
1959 3579 2134 3648 appri-

453 3677 457 3683 '
560 3688 651 3728 me
682 3681 987 3744 comparata
1017 3671 1084 3726 ad
1114 3673 1321 3726 futuras
1367 3670 1708 3725 difficultates
1737 3670 2129 3739 prievidendas,

558 3767 858 3837 praesertim
889 3765 981 3820 ubi
1015 3762 1432 3833 propriazipsius
1476 3776 1637 3815 causa
1665 3761 1861 3830 agitur)
1896 3778 2129 3816 concus-

564 3875 686 3914 sum
739 3872 824 3912 me
876 3866 931 3911 et
968 3856 1355 3910 conturbatum
1396 3862 1526 3907 tunc
1576 3852 1839 3921 temporis
1891 3853 2126 3909 habuit:

565 3950 685 4004 istis
717 3963 816 4018 ego
888 3945 1192 4015 exagitatus
1244 3954 1300 3999 et
1365 3944 1559 3998 acerbe
1606 3951 1834 3998 vexatus
1873 3943 2073 4013 ploravi
2110 3986 2124 4011 ,

562 4040 914 4111 deprecabar,
938 4037 1075 4092 nihil
1096 4052 1204 4091 non
1231 4036 1411 4105 potius
1430 4036 1483 4089 in
1508 4050 1593 4089 me
1613 4035 1950 4090 admisissem
1966 4052 2127 4105 quam

568 4139 628 4185 ut
663 4130 721 4183 in
768 4128 1015 4199 suﬂragia
1054 4142 1240 4181 eorum
1279 4127 1435 4189 irem,
1466 4126 1555 4195 qui
1586 4142 1675 4179 me
1701 4126 2124 4195 compellebant';

567 4231 627 4276 ut
647 4222 899 4292 poculum
955 4219 1086 4273 illud
1136 4220 1426 4274 multarum
1458 4227 1514 4273 et
1554 4218 1927 4287 multiplicium
1974 4234 2128 4273 cura-

566 4328 687 4369 rum
712 4328 742 4367 a
782 4328 868 4367 me
886 4311 1241 4366 transferatur
1281 4324 1441 4381 atque
1484 4311 1861 4375 tentationum,
1894 4312 2127 4367 interce-

565 4405 778 4461 debam.
822 4403 975 4458 Nunc
1008 4403 1273 4473 siquidem
1328 4418 1416 4457 res
1464 4402 1592 4472 ipsa:
1651 4418 1739 4457 me
1792 4403 2013 4468 docent,
2073 4412 2128 4458 et

567 4512 743 4552 meam
771 4496 903 4550 satis
941 4496 1275 4566 redarguunt
1319 4494 1637 4564 dignitatem
1678 4511 1692 4561 ;
1736 4510 1837 4550 nec
1897 4495 2127 4550 ulterius

566 4604 654 4644 me
676 4597 855 4643 metus
880 4587 1265 4658 exspectando.
1296 4587 1392 4641 sed
1442 4586 1594 4641 dolor
1644 4587 1851 4656 accepti
1912 4587 2125 4643 lethalis

2239 3119 2642 3175 ἁπεδυσπέτουν
2686 3115 2823 3185 πρὸς
2853 3111 3041 3165 ταῦτα·
3076 3109 3151 3173 ὡς
3186 3108 3298 3161 εῖθε
3332 3106 3562 3167 θάνατός
3608 3121 3676 3175 με
3701 3102 3810 3171 τῆς

2236 3214 2357 3268 τότε
2381 3209 2673 3283 προϐολῆς,
2701 3205 2899 3278 μᾶλλον
2926 3205 2982 3257 δέ
3010 3203 3113 3273 τῆς
3139 3200 3410 3271 ἀφορήτου
3480 3197 3625 3267 βίας,
3661 3213 3804 3264 προ-

2235 3308 2572 3377 ανήρπασεν.
2597 3303 2669 3355 Ού
2691 3300 2796 3372 γὰρ
2825 3299 2892 3353 ἂν
2914 3296 3178 3351 τοσούτων
3210 3294 3303 3347 καὶ
3333 3289 3669 3361 τηλικούτων
3695 3305 3806 3341 κα-

2239 3399 2351 3452 κῶν
2399 3395 2618 3465 κύματα
2663 3393 2761 3463 τὴν
2804 3390 2962 3461 ἐμὴν,
3007 3387 3128 3441 καθ’
3168 3385 3439 3455 ἑκάστην,
3479 3380 3802 3444 ἐϐάπτιζον,

2238 3487 2598 3552 ἐπικλύζοντα
2644 3484 2901 3538 τάλαιναν
2949 3480 3155 3551 ψυχήν·
3214 3470 3288 3531 ὦν
3326 3477 3359 3545 ἡ
3408 3474 3568 3536 ἐλπὶς
3626 3474 3718 3524 καὶ
3770 3474 3805 3540 ή

2238 3578 2533 3653 προσδοκία
2567 3575 2732 3648 (δεινὴ
2778 3574 2887 3645 γὰρ
2938 3575 2973 3643 ἡ
3021 3571 3128 3625 τῶν
3173 3568 3475 3639 ἀνθρώπων
3526 3564 3690 3634 φύσις
3730 3562 3806 3615 τὰ

2240 3670 2498 3742 μέλλοντα
2529 3667 2757 3722 συνιδεῖν
2787 3663 3045 3735 δυσχερῆ,
3076 3661 3141 3714 ἂν
3171 3662 3255 3711 ἐπ’
3288 3658 3458 3727 αὐτὴν
3495 3657 3532 3727 ή
3568 3653 3805 3725 χαλεπό-

2233 3781 2334 3833 της
2392 3761 2628 3833 μάλιστα
2678 3756 2949 3829 φέρηται)
2994 3752 3357 3822 συνετάρασσὲ
3406 3768 3474 3821 με
3529 3752 3656 3803 τότε
3706 3747 3804 3802 καὶ

2237 3855 2513 3925 συνέσχενο
2546 3852 2636 3921 ὑφ’
2668 3845 2743 3904 ὧν
2774 3848 3098 3921 βαλλόμενος
3127 3844 3223 3897 καὶ
3252 3841 3465 3912 πικρῶς
3495 3840 3801 3909 ἀλγυνόμε-

2234 3966 2344 4012 νος,
2378 3946 2611 4010 ἐκλαιον,
2657 3941 2984 4004 ἐδυσώπουν,
3029 3937 3207 3990 πάντα
3242 3935 3438 4004 μᾶλλον
3475 3934 3728 3995 ἐποίουν,
3762 3931 3800 4002 ἦ

2232 4044 2346 4104 τοῖς
2391 4036 2782 4109 ψηφιζομένοις
2830 4032 2926 4087 καὶ
2985 4029 3321 4101 βιαζομένοις
3366 4025 3799 4094 συγκατένευον,

2234 4132 2636 4204 παρενεχθῆναι
2665 4129 2725 4182 τὸ
2751 4128 3007 4197 ποτήριον
3030 4122 3123 4177 ἀπ’
3151 4120 3305 4193 ἐμοῦ,
3332 4119 3442 4171 τῶν
3473 4117 3685 4170 πολλῶν
3705 4115 3801 4168 καὶ

2234 4227 2587 4298 πολυτρόπων
2613 4219 2910 4293 φροντίδων
2932 4216 3027 4270 καὶ
3054 4213 3371 4285 πειρασμῶν
3402 4206 3794 4278 ποτνιώμενοςο

2234 4319 2331 4374 νῦν
2383 4319 2441 4372 δὲ
2487 4315 2626 4372 αὐτὰ
2674 4310 3047 4385 μεταδιδάσκει
3084 4307 3152 4360 τὰ
3198 4305 3520 4377 πράγματα,
3569 4303 3665 4354 καὶ
3701 4300 3799 4369 τὴν

2236 4408 2424 4484 [ἐμὴν]
2458 4407 2666 4475 ἐλέγχει
2692 4402 3037 4472 ἀναξιότηταο
3057 4398 3149 4453 καὶ
3177 4396 3357 4450 οὐκέτι
3387 4392 3554 4462 φόϐος
3578 4389 3801 4461 προσδο-

2233 4483 2376 4567 κίας,
2392 4500 2506 4557 ἀλλ’
2519 4499 2675 4569 ὀδύνη
2692 4492 3045 4564 στεριζομένη
3060 4488 3265 4559 περὶτὰ
3281 4485 3491 4555 καίρια,
3508 4483 3605 4535 καὶ
3620 4497 3803 4535 στενα-

2231 4596 2407 4667 γμὸς,
2448 4592 2543 4647 καὶ
2584 4586 2882 4661 ἀμηχανία.
2929 4584 3024 4638 ἐπὶ
3070 4582 3191 4667 τοῖς.
3227 4577 3326 4648 ἤδη
3374 4571 3796 4631 καταλαϐοῦσιν.

564 4682 804 4737 vulneris
838 4691 1069 4752 torquet,
1113 4680 1410 4752 singultus,
1460 4679 1690 4749 suspiria
1729 4689 1785 4734 et
1820 4680 2124 4749 desperatio

2235 4662 2366 4742 ἆὸτε
2394 4686 2503 4756 γὰρ
2534 4683 2720 4755 ἱερεῖς,
2749 4680 2918 4732 ὁποῖοι
2947 4675 3013 4729 ἂν
3034 4672 3128 4727 καὶ
3150 4664 3281 4734 εἷεν,
3310 4666 3449 4737 ὁμοῦ
3471 4665 3681 4724 πάντας
3707 4662 3799 4714 ἐπὶ

566 4786 808 4831 tenuere.
845 4774 978 4828 Cum
1006 4772 1230 4827 afﬂictos
1258 4772 1469 4826 intuear
1503 4772 1786 4826 universos
1806 4781 1861 4826 et
1890 4773 2130 4843 singulos

565 4868 875 4924 sacerdotes
929 4866 998 4919 ob
1054 4866 1272 4919 unicum
1297 4864 1614 4929 admissum,
1648 4863 1993 4929 verberibus,
2018 4865 2132 4918 vin-

563 4960 703 5016 culis
730 4958 870 5012 male
912 4965 1189 5020 tractatos,
1224 4954 1384 5008 etiam
1430 4955 1626 5008 excisis
1658 4953 1856 5024 linguis
1891 4954 2129 5025 (ignosce

564 5052 822 5123 peccatis,
863 5064 1068 5120 quaeso,
1106 5048 1329 5103 nostris.
1360 5046 1626 5115 Domine),
1663 5061 1759 5100 cur
1794 5062 1904 5101 non
1942 5046 2129 5101 beatos

564 5142 852 5213 praedicem
900 5140 1204 5204 defunctos,
1253 5138 1432 5208 potius
1468 5153 1631 5206 quam
1690 5137 1996 5207 meipsum?
2032 5154 2128 5193 cur

566 5250 677 5289 non
728 5234 832 5287 hoc
858 5248 993 5285 antis
1013 5231 1145 5287 mihi
1197 5230 1510 5300 impositum
1532 5238 1773 5299 reputem
1798 5230 1849 5283 in
1884 5246 2128 5285 meorum

565 5333 914 5394 peccatorum
950 5323 1383 5393 redargntionem
1405 5322 1427 5375 ?
1450 5321 1698 5393 indigens
1718 5322 1881 5377 homo
1915 5332 1969 5377 et
2010 5324 2128 5378 sine

567 5426 820 5487 patrono,
857 5416 952 5469 sed
984 5432 1087 5471 nec
1126 5428 1311 5470 mente
1366 5430 1493 5468 sana
1549 5416 1804 5484 praeditus
1828 5418 1966 5484 (quae
2003 5426 2129 5470 sunt

563 5506 687 5578 ejus
720 5507 935 5577 generis
974 5516 1033 5561 ut
1072 5506 1437 5561 misericordia
1467 5507 1646 5575 potius
1676 5523 1836 5578 quam
1880 5506 2129 5577 indigna—

637 5622 661 5654 ³
702 5621 836 5677 Luc.
862 5637 936 5687 vr,
964 5622 1056 5679 57.
1131 5623 1154 5653 δ
1192 5621 1377 5677 Matth.
1407 5638 1503 5689 vn,
1538 5622 1590 5675 2.

2233 4782 2313 4834 ἐνὶ
2343 4778 2641 4847 πταίσματι
2663 4773 2969 4842 πάσχοντας
2990 4765 3122 4836 ὁρῶ,
3146 4760 3536 4829 τυπτομένους,
3569 4756 3800 4825 δημευο-

2236 4874 2453 4945 μένους,
2485 4866 2933 4939 φαυλιζομένους,
2962 4860 3062 4929 τὴν
3090 4854 3341 4925 γλῶσσαν
3364 4848 3800 4919 ὲκτεμνομένους

2231 4940 2460 5035 (φεῖσαι,
2481 4960 2673 5030 Κύριε,
2701 4957 2806 5011 τῶν
2828 4951 3109 5024 ἁμαρτιῶν
3144 4947 3300 5020 ἡμῶν
3321 4944 3361 5011 ),
3387 4942 3505 5035 πῶς
3531 4940 3595 5035 οὐ
3614 4955 3802 5035 ’μακα-

2236 5031 2370 5127 ρ’ίσω
2391 5056 2517 5117 τοὺς
2544 5046 2997 5117 τετελευτηκότας
3022 5041 3163 5109 ὑπὲρ
3186 5038 3316 5109 ἐμέ;
3344 5034 3464 5098 πῶς
3489 5031 3803 5127 033-1590?-

2232 5120 2345 5199 τίον
2393 5146 2455 5197 τὸ
2494 5140 2740 5195 ἐπιτεθέν
2793 5155 2903 5208 μοι,
2952 5135 3053 5187 οὐκ
3101 5134 3181 5193 είς
3234 5129 3455 5195 ἔλεγχον
3504 5123 3612 5176 τῶν
3649 5120 3801 5190 ἐμῶν

2232 5229 2644 5301 ἁμαρτημάτων
2672 5226 2957 5293 λογίσομαι
2980 5239 2995 5287 ;
3039 5218 3321 5289 ἄνθρωπος
3345 5214 3549 5301 ἄπορος
3568 5250 3584 5275 ,
3617 5210 3800 5301 ἀπρο-

2236 5298 2546 5384 στάτευτος.
2571 5317 2694 5377 οὐδὲ
2719 5316 2809 5370 τὸν
2833 5314 2955 5369 νοῦν
2974 5313 3113 5382 ἔχων
3142 5307 3325 5377 ἀπαθῆ
3358 5298 3460 5377 (οἷς
3489 5302 3634 5364 ἕλεος
3664 5299 3800 5369 μᾶλ-

2233 5415 2343 5476 λον,
2381 5413 2481 5466 οὐκ
2513 5409 2884 5480 ἀγανάκτησις
2916 5402 3146 5470 ἕπεται)
3180 5398 3380 5453 ἔπαθεν
3412 5396 3528 5466 ἅμα
3559 5391 3805 5447 τοσαῦτα

2238 5506 2412 5559 κακά·
2444 5503 2679 5575 ἐπράθη,
2713 5498 2939 5569 ἐτύφθη,
2972 5492 3325 5563 ἐφυλακίσθψ
3349 5489 3409 5544 τὸ
3436 5484 3805 5557 ἀπαραμύθηο

1854 5686 2082 5742 νΛΙῖΙΑΞ
2128 5680 2418 5741 LECTION
2429 5684 2530 5739 ES.

640 5764 723 5804 ’-τ
752 5765 837 5819 ιον.
862 5764 1117 5835 ἐμαυτόν.
