4052 6418
230 469 343 532 6Ξ5
1382 467 1912 529 EPISTULARUM
1951 468 2182 528 LIBER
2218 469 2267 528 Ι.
3345 474 3456 534 6'25-

226 605 347 651 τον,
389 581 680 653 ἀπετμήθη
725 581 823 652 τὴν
851 581 1120 650 γλῶσσαν,
1148 581 1243 633 καὶ
1282 579 1457 634 ταῦτα
1497 581 1826 652 ἱερωσύνην,

1853 598 1866 638 ι
1895 581 2041 636 tione
2065 581 2224 652 digna
2262 580 2581 650 habeantur)
2605 580 2803 636 multas
2827 581 2985 636 simul
3009 591 3251 653 aggestas
3280 585 3453 638 mise—

230 679 418 750 φορῶν
437 694 453 709 '
485 675 626 747 ὑπὲρ
653 669 714 728 οὗ
739 673 998 736 πολλάκις
1025 669 1386 743 ἐπρέσϐευσα,
1415 672 1554 742 ὑπὲρ
1579 664 1641 724 οὗ
1674 671 1798 724 πολ-

1900 677 2008 730 rias
2054 675 2274 746 pertulit
2313 694 2328 731 :
2375 674 2657 741 venditus,
2681 684 2737 730 et
2759 675 3076 730 verberibus
3121 690 3292 729 caesus
3351 685 3453 739 est,

225 770 392 832 λάκις
420 764 777 836 ὲδυσώπησα,
815 764 954 834 ὑπὲρ
989 755 1048 817 οὗ
1093 763 1121 815 ὁ
1164 761 1393 832 μάταιος
1437 760 1546 830 ἐγὼ
1575 761 1669 815 καὶ
1699 763 1797 831 ῥή-

1901 767 1953 823 ἰη
1984 783 2256 822 carcerem
2289 767 2505 822 demum
2529 768 2827 838 coniectus.
2864 776 2939 831 et,
2967 768 3107 837 quod
3128 769 3337 822 nullum
3371 785 3457 823 so-

232 877 384 932 ματα
428 857 692 920 ἀπαθείας
718 854 928 917 ἔλαϐον,
953 853 1048 908 καὶ
1069 855 1117 907 oi
1147 854 1342 916 ἰδόντες
1374 855 1709 906 ἐπίστανται.
1737 854 1800 906 Ei

1877 855 2086 910 latium
2107 855 2364 919 admittit,
2386 855 2566 925 lingua
2631 856 2705 910 illi
2737 855 3176 922 exscindebatur,
3209 859 3465 926 quodque

227 949 294 1004 δὲ
342 950 434 1003 καὶ
471 946 796 1001 ἐπελάθοντο
841 937 1010 1008 οὗτοι,
1057 943 1117 998 τὸ
1149 945 1299 998 Θεῖον
1345 944 1444 996 οὐκ
1481 941 1796 996 ἐπελάθετο.

1901 945 2072 1016 magis
2107 954 2190 1000 est
2232 945 2532 1016 indignum,
2561 962 2683 1002 cum
2721 947 2974 1002 sacerdos
2999 956 3144 1002 esset
3173 964 3186 1014 ;
3217 963 3317 1018 pro
3368 949 3460 1002 illo

229 1041 372 1095 Ποία
413 1039 598 1094 λοιπὸν
647 1040 802 1103 ἐλπὶς
844 1039 980 1110 πρὸς
1028 1038 1096 1092 τά
1151 1037 1339 1108 ἄδηλα,
1383 1037 1471 1091 ὅτε
1516 1037 1643 1107 περὶ
1692 1035 1800 1090 τῶν

1904 1036 2100 1106 saepius
2152 1037 2452 1100 intercessi,
2491 1037 2686 1106 saepius
2717 1038 2939 1094 adhibui
2973 1054 3180 1108 preces,
3214 1039 3266 1092 in
3301 1039 3459 1108 cujus

229 1133 486 1204 φανερῶν
519 1135 614 1186 καὶ
645 1133 737 1186 ὑπ’
769 1132 890 1203 ὖψιν
928 1132 1196 1202 κειμένων
1228 1131 1398 1194 οὕτως
1438 1129 1800 1199 ἀποτυγχάνω

1903 1143 2062 1183 causa
2097 1128 2259 1183 verba
2293 1136 2502 1184 tantum
2525 1129 2708 1199 accepi
2757 1144 2855 1199 ego
2893 1146 3064 1186 vanus
3109 1131 3227 1184 sine
3256 1130 3461 1183 condo-

230 1225 331 1276 καὶ
362 1222 757 1292 διαπαίζομαι;
793 1221 910 1283 πῶς
955 1220 1093 1289 ὑπὲρ
1129 1219 1430 1292 ἁμαρτιῶν,
1464 1219 1558 1273 καὶ
1611 1219 1797 1291 ὑμῶν,

1907 1217 2090 1271 lentiae
2141 1233 2327 1283 sensu,
2358 1217 2502 1287 quod
2552 1219 2796 1274 videntes
2839 1218 3227 1289 intelligebant.
3260 1216 3363 1283 Qui
3415 1218 3476 1273 si-

231 1314 335 1368 καὶ
357 1313 452 1367 τοῦ
481 1312 632 1379 λαοῦ,
661 1312 1004 1384 πρεσϐεύσας
1023 1311 1357 1383 ἑξιλάσομαι,
1387 1313 1475 1366 ὅτε
1503 1312 1637 1382 πρὸς
1658 1312 1802 1381 ὑμᾶς

1905 1310 2100 1364 horum
2135 1309 2284 1366 obliti
2319 1309 2449 1376 sint,
2497 1319 2555 1364 at
2606 1325 2714 1364 non
2741 1311 2983 1365 divinum
3023 1310 3234 1364 Numen
3266 1309 3461 1392 oblivi-

233 1408 379 1478 ὑπὲρ
423 1406 539 1470 ἐνὸς
572 1404 912 1476 πρεσὸεύσας
945 1403 1116 1467 οὕτως
1149 1403 1405 1469 ὲξέπεσα,
1434 1402 1577 1458 οὕτω
1623 1419 1797 1473 παρε-

1905 1411 2106 1458 scetur.
2137 1402 2270 1458 Cum
2317 1402 2372 1456 in
2405 1401 2570 1457 rebus
2599 1409 2705 1456 tam
2739 1402 3036 1471 perspicuis
3065 1412 3120 1456 et
3149 1403 3249 1456 sub
3277 1402 3476 1457 oculos

234 1497 549 1568 κρούσθην;
574 1496 760 1550 Ταῦτα
783 1495 1032 1566 δακρύων
1064 1495 1254 1565 αἱματι
1285 1493 1522 1565 ἔγραψα·
1546 1496 1604 1546 ὲν
1632 1494 1714 1547 σοι
1742 1492 1801 1548 δέ

1901 1494 2093 1564 positis
2122 1494 2196 1549 ita
2222 1509 2318 1564 spe
2341 1494 2597 1564 dejiciar,
2624 1503 2678 1550 et
2705 1493 2837 1549 risui
2894 1510 3168 1564 exponar,
3199 1511 3319 1564 quae
3375 1511 3463 1549 re-

234 1592 355 1643 ὲστι
387 1590 448 1642 τὸ
472 1588 677 1653 λοιπὸν,
705 1588 738 1659 ἢ
784 1587 1025 1659 πρώτην,
1075 1586 1107 1658 ἢ
1141 1587 1454 1641 τελευταίαν
1512 1586 1667 1657 τήνδε
1701 1586 1802 1653 τὴν

1902 1586 2026 1641 licta
2054 1586 2159 1641 erit
2188 1601 2312 1656 spes
2344 1586 2479 1641 mihi
2515 1586 2583 1640 de
2612 1585 2880 1641 incertis?
2908 1585 3188 1652 Quomodo
3213 1603 3311 1657 pro
3338 1603 3464 1657 pec—

235 1679 528 1750 ὲπιστολὴν
557 1678 832 1744 δέξασθαι.
875 1675 1016 1744 Ἐγὼ
1043 1677 1151 1746 γὰρ
1183 1676 1299 1729 κατ’
1330 1675 1558 1730 ἐνώπιον
1593 1673 1798 1745 Κυρίου

1903 1675 2040 1729 catis
2062 1683 2118 1729 et
2141 1675 2338 1730 vestris
2364 1683 2418 1730 et
2441 1675 2626 1745 p0pu|i
2650 1675 3002 1738 intercedam,
3021 1686 3076 1731 et
3097 1677 3184 1730 illa
3213 1677 3465 1746 expiabo,

236 1770 412 1839 λέγω,
435 1770 511 1834 ὡς
541 1772 587 1824 εἰ
612 1768 782 1834 οὕτως
803 1771 947 1823 ἐστὶν
969 1770 1096 1840 ὑμῖν
1118 1768 1318 1831 σκοπὸς
1340 1770 1397 1822 ὲν
1418 1769 1540 1830 ταῖς
1560 1766 1802 1834 εὐλόγοις

1903 1780 2026 1820 cum
2059 1781 2161 1836 pro
2199 1767 2284 1821 vel
2313 1782 2422 1821 uno
2447 1767 2590 1837 apud
2645 1779 2699 1822 te
2737 1767 3097 1831 intercedens,
3131 1769 3268 1824 adeo
3318 1769 3468 1822 exci-

246 1861 406 1931 ἡμῶν
424 1859 647 1923 ἱκεσίαις
677 1860 1183 1931 καὶπαρακλήσεσιν
1199 1855 1802 1929 παρακρούεσθαιήμᾶς
1834 1919 1846 1931 ε

1905 1858 2082 1914 derim
2131 1859 2558 1929 exspectatione,
2615 1859 2751 1914 adeo
2795 1859 2989 1915 fuerim
3039 1858 3475 1930 deceptus?lsta

238 1919 336 2006 κ’άὶ
372 1919 814 2022 ἀποπέμπεσθαι·
845 1919 938 2004 καὶ
963 1919 1114 2021 είμή
1148 1967 1231 2012 τις
1264 1919 1489 2019 γένηται
1525 1949 1605 2020 τῷ
1635 1919 1802 2020 ἀθλίῳ
1834 1920 1838 1974 ἦ

1907 1950 2124 2020 quidem
2155 1951 2456 2022 laerymans
2490 1967 2612 2007 cum
2640 1953 2898 2024 sanguine
2948 1952 3184 2008 exaravi.
3217 1951 3393 2007 Penes
3415 1962 3470 2007 te

241 2043 438 2112 ἐκείνῳ
454 2042 544 2095 τὸν
555 2042 774 2095 δυνατὸν
790 2045 990 2113 τρόπον
1008 2059 1085 2094 πα
1094 2040 1308 2111 ραψυχὴ
1321 2041 1416 2094 καὶ
1439 2041 1808 2110 παράκλησις,

1907 2051 1990 2096 est
2019 2041 2275 2112 deinceps
2325 2052 2385 2098 ut
2414 2043 2556 2099 hanc
2599 2045 2686 2100 vel
2739 2046 2966 2114 primam
3003 2046 3089 2100 vel
3139 2055 3467 2114 postremam

241 2133 368 2188 οὔτε
387 2134 600 2205 γράψω,
620 2132 742 2186 οὔτε
755 2132 926 2196 ἄλλως
947 2149 1060 2195 πως
1077 2133 1372 2202 ἐνοχλήσω,
1395 2131 1508 2184 ἀλλ’
1525 2131 1804 2202 ἡσυχάσω,

1907 2133 2188 2202 epistolam
2217 2149 2248 2187 a
2277 2148 2364 2188 me
2412 2133 2636 2190 habeas.
2681 2136 2905 2191 Domino
2941 2136 3141 2190 etenim
3187 2145 3324 2190 teste
3369 2135 3470 2189 de-

242 2226 481 2297 ὲμαυτὸν
513 2225 846 2290 ἐπισκοπῶν,
880 2224 975 2278 καὶ
998 2225 1066 2277 τά
1104 2222 1339 2294 ἐμαυτοῦ
1367 2222 1707 2295 ὀδυρόμενος.
1743 2223 1807 2276 Εἰ

1907 2224 2120 2291 nuntio,
2148 2224 2293 2294 quod
2317 2226 2365 2280 si
2396 2226 2450 2281 id
2495 2227 2594 2281 tibi
2651 2228 2989 2298 propositum
3022 2229 3093 2284 sit
3125 2239 3188 2283 ut
3215 2231 3491 2298 deceptos.

239 2319 353 2388 γὰρ
389 2319 525 2389 μετὰ
556 2318 662 2372 τῶν
691 2315 1095 2388 καθημερινῶν,
1123 2316 1231 2369 τῶν
1273 2314 1470 2379 ἔξωθεν
1511 2317 1643 2385 ἡμῖν
1675 2316 1807 2368 ἀνα-

1908 2329 2011 2368 nos
2043 2314 2259 2385 ableges
2287 2325 2340 2371 et
2374 2325 2748 2387 contemptus,
2771 2319 2863 2373 ubi
2888 2327 2994 2373 tam
3022 2319 3366 2374 rationabiles
3390 2321 3491 2375 of---

242 2411 583 2481 φυσωμένων
635 2410 958 2481 πειρασμῶν
1000 2410 1093 2462 καὶ
1127 2409 1501 2479 περιστάσεων
1523 2449 1537 2473 ,
1573 2409 1667 2460 καὶ
1707 2407 1807 2476 τὴν

1907 2404 2133 2461 ferimus
2153 2407 2506 2477 supplicando
2537 2409 2958 2477 admonitiones,
2981 2411 3053 2465 ita
3085 2422 3162 2473 ut,
3195 2427 3319 2466 cum
3347 2427 3472 2481 pos-

242 2501 436 2555 ἀθλίαν
493 2517 592 2570 μου
646 2498 1038 2570 προσαπολέσω
1085 2496 1298 2566 ψυχὴν,
1359 2491 1683 2565 ἀθλιώτερος
1738 2491 1806 2546 ἂν

1908 2497 1979 2551 sit
2019 2497 2135 2552 fieri
2187 2515 2298 2553 non
2356 2499 2668 2567 difficulter,
2727 2501 2897 2557 miser
2942 2503 3030 2558 ille
3081 2503 3282 2558 nullam
3319 2504 3473 2557 inve-

243 2593 362 2664 εἴην
391 2591 606 2646 πάντων
633 2589 730 2646 ἀνθ
739 2607 956 2662 ρωπων.

1906 2586 2050 2641 nerit
2068 2589 2491 2646 consolationem
2514 2601 2606 2646 aut
2635 2591 3113 2648 refocill'amentum
3136 2610 3473 2665 nequaquam

243 2689 500 2758 deinceps
519 2688 867 2757 scripturum,
894 2695 987 2740 aut
1007 2683 1311 2739 molestiam
1333 2682 1426 2736 tibi
1454 2680 1883 2746 creaturum,sed
1905 2682 2071 2737 rebus
2095 2684 2230 2739 meis
2259 2686 2566 2752 consulens,
2585 2696 2640 2742 et
2661 2703 2838 2743 meam
2860 2689 3031 2745 vicem
3046 2690 3351 2761 deplorans,
3372 2694 3480 2748 ob-

245 2791 566 2836 mutescam.
606 2780 660 2833 Si
686 2780 830 2833 enim
849 2786 971 2848 post
994 2777 1336 2847 quotidianas
1361 2773 1481 2829 illas
1503 2789 1623 2843 quae
1659 2789 1690 2827 a
1719 2772 1853 2827 foris
1875 2773 2186 2842 quotidiein
2218 2791 2304 2830 me
2332 2777 2675 2833 concitantur
2710 2781 3049 2837 tentationes.
3069 2790 3123 2837 et
3159 2784 3489 2855 exigentias,

245 2876 478 2931 miseras
500 2890 717 2945 quoque
742 2873 976 2928 animam
1009 2886 1184 2926 meam
1216 2871 1272 2926 in
1306 2885 1372 2925 eo
1411 2869 1511 2924 sim
1531 2877 1591 2923 ut
1613 2867 1942 2937 disperdam,
1963 2869 2103 2924 ultra
2128 2885 2319 2927 omnes
2343 2874 2599 2928 mortales
2628 2874 3089 2944 deploratissimus
3116 2894 3314 2936 essem.

853 2963 1080 3018 ΕΠΙΣΤ.
1114 2963 1186 3017 Ζ’.

2483 2964 2703 3022 EPIST.
2736 2967 2849 3023 VII.

771 3054 968 3124 Βάρδᾳ
1012 3056 1283 3121 Καίσαρι.

2455 3052 2649 3111 Bardw
2674 3055 2890 3113 Cwsari.

1346 3141 1486 3192 Edita
1507 3155 1533 3190 a
1553 3141 1849 3193 Montacutjo
1875 3143 1931 3208 (ι.
1955 3155 2000 3192 c.
2025 3154 2108 3206 ep.
2129 3144 2180 3205 8,
2201 3157 2254 3206 p.
2272 3143 2374 3208 τι).

313 3229 595 3300 Χαίρομεν
638 3228 1085 3298 επηρεαζόμενοι·
1118 3226 1392 3296 ἀλγῶμεν
1421 3227 1510 3288 δὲ,
1560 3228 1642 3280 ὅτι
1683 3227 1808 3288 τοὺς
1833 3229 1878 3290 C

1981 3225 2334 3282 Contumeliis
2372 3227 2552 3283 affecti
2581 3231 2911 3301 gaudemus;
2945 3249 3084 3305 aegre
3111 3244 3318 3291 tantum
3351 3237 3485 3294 feri-

245 3319 653 3392 ὲπηρεάζοντας
693 3321 835 3390 ὑμᾶς
874 3319 1098 3389 ἔχομεν,
1131 3317 1259 3389 παρ’
1297 3311 1370 3370 ὧν
1397 3319 1526 3390 ἡμῖν
1554 3316 1648 3370 καὶ
1678 3333 1814 3387 προ-

1917 3332 2038 3373 mus
2076 3320 2220 3388 quod
2253 3329 2311 3374 tu
2355 3321 2461 3376 scis
2499 3323 2589 3392 qui
2628 3323 2707 3377 sic
2762 3324 2948 3391 afficis,
2986 3342 3109 3396 spes
3157 3339 3275 3384 erat
3314 3341 3403 3396 ut,
3434 3333 3482 3387 si

248 3413 476 3476 στασίας
519 3412 728 3475 ἐλπίδες
754 3453 769 3478 ,
818 3412 988 3465 ἄλλων
1021 3411 1150 3474 ἴσως
1195 3410 1619 3478 ἐπιτιθεμένων,
1660 3408 1816 3476 ἐκρέ-

1917 3406 2038 3476 quis
2093 3407 2230 3461 alius
2258 3423 2355 3463 nos
2401 3410 2805 3478 aggrederetur,
2837 3422 2948 3468 tute
2982 3423 3033 3468 te
3084 3426 3370 3484 patronum
3400 3421 3483 3473 in-

248 3524 442 3578 μαντο,
473 3507 566 3559 καὶ
594 3506 654 3556 τὸ
688 3503 985 3574 βαρύτατον
1005 3542 1020 3566 ,
1049 3503 1129 3555 ὅτι
1159 3501 1320 3555 ἄδικα
1349 3500 1664 3568 πάσχοντες,
1701 3497 1814 3551 ἀδι-

1919 3506 2254 3568 terponeres.
2291 3501 2482 3557 Adhuc
2513 3503 2682 3574 magis
2709 3520 2850 3576 aegre
2888 3516 2967 3561 est
2994 3510 3155 3577 quod,
3191 3527 3311 3565 cum
3337 3513 3483 3581 inju-

246 3599 368 3650 κεῖν
401 3595 796 3666 ἐγκαλούμεθα’
831 3595 924 3646 καὶ
969 3594 1153 3656 δόλους
1187 3593 1413 3664 ῥάπτειν
1457 3589 1813 3661 γραφόμεθα,

1917 3600 2000 3646 ste
2021 3593 2271 3662 patimur,
2302 3595 2553 3664 iniuriam
2582 3604 2762 3650 tamen
2786 3597 3016 3652 dicimur
3064 3600 3264 3656 inferre
3288 3620 3302 3668 ;
3333 3605 3485 3660 dolos

247 3690 339 3758 ὑφ’
361 3681 437 3742 ὧν
462 3689 614 3740 αὐτοὶ
639 3687 866 3749 πολλοὺς
888 3686 1009 3739 καθ’
1036 3687 1270 3755 ἑκάστην
1301 3684 1662 3755 ὑπομένομεν.
1697 3684 1816 3738 Χά-

1918 3699 2224 3751 consuere;
2262 3692 2317 3739 et
2353 3685 2427 3738 illi
2467 3686 2569 3741 hoc
2605 3687 2878 3752 scribunt,
2923 3691 3013 3760 qui
3066 3708 3166 3747 nos
3237 3696 3474 3751 multifa-

251 3797 335 3850 ρις
367 3775 481 3843 οὖν,
501 3780 714 3834 πάντων
738 3781 920 3844 ἕνεκα,
939 3777 1015 3849 τῷ
1037 3781 1250 3850 Σωτῆρι
1277 3778 1432 3849 ήμῶν
1461 3776 1598 3848 Θεῷ.
1629 3777 1740 3832 Καὶ
1763 3777 1815 3830 εί

1919 3775 2056 3829 riam
2084 3775 2326 3843 quotidie
2357 3777 2496 3831 dolis
2554 3786 2768 3847 petunt.
2810 3779 2889 3835 De
2956 3783 3167 3839 cunctis
3209 3783 3482 3842 Servatori

251 3870 328 3940 μὴ
359 3869 448 3922 τὸν
491 3871 732 3941 παρόντα
783 3871 894 3939 βίον
938 3873 1290 3943 πειρατήριον
1321 3871 1574 3944 ᾔδειμεν,
1613 3871 1818 3942 σφόδρα

1920 3864 2030 3918 Deo
2065 3867 2260 3936 gratias
2295 3867 2524 3937 agimus.
2576 3869 2732 3936 Quod
2786 3871 2828 3925 si
2873 3883 3054 3928 autem
3124 3877 3262 3931 hanc
3316 3879 3483 3933 vitam

251 3961 318 4015 ἂν
347 3963 438 4015 ἐπὶ
466 3965 575 4026 τοῖς
609 3962 1010 4034 συμόεὸηκόσιν
1041 3963 1543 4034 ἀπωλοφυράμεθα.
1571 3962 1644 4015 Σὺ
1670 3963 1747 4029 δὲ,
1766 3962 1815 4014 εί

1919 3973 2028 4012 non
2087 3959 2464 4029 profiteremur
2524 3965 2893 4032 tentatorium,
2948 3978 3095 4022 certe
3155 3985 3274 4038 quze
3325 3973 3485 4027 nobis

253 4057 328 4127 μή
361 4073 414 4110 τι
459 4057 587 4111 ἄλλο
617 4058 724 4111 τῶν
762 4057 1004 4111 παλαιῶν
1044 4056 1506 4127 παραδειγμάτων
1552 4055 1645 4108 ἐπὶ
1689 4053 1816 4107 νοῦν

1919 4050 2171 4106 accidunt
2211 4053 2562 4109 vehementer
2611 4056 2937 4112 doleremus.
2987 4060 3068 4114 'l'u
3118 4071 3322 4128 autem,
3362 4066 3407 4119 si
3453 4082 3483 4121 ε

249 4146 538 4201 ἀναλαϐεῖν
561 4147 791 4214 ἐθέλοις,
829 4149 964 4202 ἀλλὰ
998 4149 1090 4202 τόν
1111 4165 1174 4217 γε
1224 4146 1464 4217 Ἡρώδου
1505 4142 1684 4210 οἷκον,
1720 4144 1816 4198 καὶ

1919 4151 2129 4196 vetusta
2189 4145 2446 4198 memoria
2495 4146 2700 4200 nullum
2729 4147 2874 4201 aliud
2908 4153 3212 4221 exemplum
3245 4157 3485 4212 recolere

247 4239 378 4302 τοὺς
433 4239 784 4310 Ἀντιπάτρου
838 4241 1068 4308 τρόπους
1117 4242 1436 4292 ἐπισκοπεῖν
1478 4237 1813 4307 διανάστηθι.

1918 4234 2175 4300 volueris,
2227 4244 2407 4290 tamen
2457 4239 2630 4292 excita
2697 4247 2862 4294 temet
2904 4251 2961 4296 ut
3001 4245 3207 4300 recolas
3259 4247 3481 4304 Herodis

250 4326 464 4392 Ὅπως,
493 4329 521 4379 ό
551 4329 649 4400 μὲν
677 4328 896 4393 πολλαῖς
915 4331 1180 4400 μηχαναῖς
1202 4329 1292 4382 τὸν
1319 4329 1508 4400 ἄνδρα,
1534 4329 1708 4382 καίτοι
1751 4343 1816 4396 γε

1918 4326 2156 4390 domum,
2193 4337 2248 4382 ct
2293 4327 2559 4398 Antipatri
2604 4346 2784 4387 mores
2817 4351 2829 4386 :
2857 4333 3138 4399 Quomodo
3181 4340 3479 4408 Antipater,

252 4419 349 4471 xui.
377 4419 632 4488 ἀγχίνουν
658 4419 808 4486 ὅντα,
845 4425 985 4473 κατά
1014 4421 1119 4473 τῶν
1157 4422 1450 4490 φιλτάτων,
1486 4420 1778 4492 περιῆλθεν
1797 4435 1812 4450 ο

1917 4417 2112 4482 virum,
2143 4429 2417 4489 utcunque
2444 4421 2718 4486 solertem,
2750 4434 2938 4479 contra
2967 4429 3324 4486 amicissimos
3349 4449 3481 4487 con—

249 4507 279 4558 ό
325 4507 383 4560 δὲ
415 4511 527 4572 τοῖς
560 4507 758 4575 ἔξωθεν
793 4511 928 4562 πᾶσι
963 4510 1386 4580 περιῤῥεόμενος
1436 4509 1690 4578 ἀγαθοῖς,
1721 4509 1816 4562 καὶ
1843 4578 1849 4580 _

1922 4508 2126 4574 citavit,
2156 4510 2340 4563 multis
2381 4510 2818 4568 circunwentum
2865 4519 3339 4576 machinamentis.
3374 4524 3479 4578 lle—

251 4597 643 4668 εὐτυχέστατος
672 4595 810 4653 εἶναι
839 4600 1112 4671 νομισθεὶς
1134 4640 1148 4662 ,
1185 4601 1608 4670 δυστυχέστατος
1636 4617 1692 4652 τε
1719 4601 1816 4654 καὶ
1842 4578 1851 4634 Ῐ

1883 4585 2076 4653 'rodes
2117 4615 2237 4653 cum
2293 4601 2536 4656 externis
2586 4602 2744 4659 bonis
2798 4609 3050 4664 omnibus
3094 4611 3380 4678 difllueret,
3429 4623 3483 4668 et

250 4689 584 4754 ἀθλιώτατος
614 4693 873 4760 γέγονεν’
907 4694 987 4748 ὅτι
1021 4693 1201 4764 φθόνῳ
1247 4695 1341 4746 καὶ
1370 4692 1641 4756 διαϐολαῖς
1683 4693 1817 4745 ἁνα-

1915 4689 2256 4742 beatissimus
2285 4687 2606 4754 habebatur,
2635 4690 3046 4750 infelicissimus
3071 4699 3351 4754 exstititet
3375 4701 3479 4753 mi-

249 4780 496 4858 πετάσας
525 4781 593 4833 τὰ
622 4775 758 4846 ὦτα,
795 4782 987 4850 γένους
1019 4783 1136 4850 ἅμα
1174 4783 1266 4836 καὶ
1299 4782 1497 4851 φίλων,
1530 4784 1621 4835 καὶ
1647 4782 1818 4852 αὐτῆς

1914 4779 2201 4844 serrimus;
2263 4780 2478 4835 invidia:
2517 4783 2777 4851 siquidem
2815 4795 2869 4839 et
2908 4787 3190 4842 calumniis
3207 4790 3486 4858 patefactis

248 4852 437 4938 γόνῆς,
470 4869 562 4921 τὸν
594 4869 741 4922 οἷκον
787 4872 991 4942 ἔρημον
1025 4871 1245 4939 ἔδειξεν.
1286 4873 1351 4926 Εἴ
1385 4890 1438 4925 τι
1481 4867 1574 4926 οὖν
1610 4889 1691 4925 σοι
1723 4873 1817 4925 καὶ

1916 4871 2159 4930 auribus,
2189 4871 2410 4924 domum
2437 4873 2709 4942 progenie,
2760 4874 2964 4937 amicis,
3017 4875 3197 4930 liberis
3219 4880 3481 4934 vacuarit.

249 4961 413 5030 ’ἡμεῖς
447 4961 504 5012 ἐν
533 4960 702 5030 φίλων
743 4962 835 5014 καὶ
859 4962 1070 5016 οίκείων
1100 4963 1245 5027 τάξει
1284 4964 1674 5034 λελογίσμεθα,
1715 4963 1818 5034 ὅρα.

1918 4962 2070 5030 Quod
2106 4963 2153 5017 si
2183 4979 2284 5017 nos
2339 4964 2392 5016 in
2445 4965 2624 5033 aliquo
2674 4966 2970 5019 amicorum
3025 4983 3088 5022 ac
3138 4967 3483 5028 familiarium

252 5053 465 5122 μήποτε
497 5055 609 5116 τοῖς
636 5056 996 5121 συκοφάνταις
1020 5056 1212 5108 ἑαυτὸν
1240 5055 1496 5126 χειροήθη
1531 5071 1818 5125 παραστη-

1926 5055 2117 5110 ordine
2143 5071 2490 5121 annumeras,
2527 5055 2672 5115 vide.
2706 5071 2909 5124 quaeso,
2963 5073 3034 5110 ne
3077 5067 3130 5112 te
3173 5061 3481 5118 committas

251 5147 518 5213 σάμενος,
561 5145 654 5196 τὸν
684 5146 774 5197 σὸν
807 5140 955 5198 οἷκον
987 5147 1156 5215 φίλων
1185 5149 1279 5200 καὶ
1309 5147 1657 5200 οἰκειοτάτων
1699 5147 1817 5211 ἐξε-

1923 5147 2437 5202 circumducendum
2479 5147 2842 5218 sycophantis,
2895 5157 3055 5219 atque
3090 5151 3162 5206 ita
3198 5162 3317 5208 tuas
3341 5158 3484 5212 aedes

251 5237 553 5309 ρημὼσεις.
589 5238 653 5294 ΕΞ
701 5239 757 5291 δέ
800 5239 884 5302 τίς
913 5241 1028 5292 ἐστι
1074 5240 1167 5292 καὶ⁵
1208 5241 1364 5310 δίκης
1413 5239 1690 5309 ὀφθαλμὸς
1733 5241 1819 5291 ὲν.

1925 5253 2139 5308 quoque
2193 5239 2449 5308 spoliatas
2521 5238 2711 5292 amicis
2762 5247 2816 5292 et
2857 5239 3211 5299 familiaribus
3268 5247 3482 5303 reddas.

245 5329 448 5394 ταῦθα,
501 5331 576 5402 μὴ
635 5331 822 5402 νόμισε
866 5331 1054 5385 τοῦτον
1105 5333 1400 5396 διαπαντὸς
1439 5333 1829 5402 καθευδήσειν··

1926 5331 2081 5396 Quod
2106 5332 2151 5384 si
2170 5331 2362 5384 oculus
2392 5329 2782 5384 rchusnostris
2799 5329 3018 5388 intersit
3036 5335 3281 5404 justitize,
3313 5341 3485 5395 nolito

248 5423 398 5491 ἡμᾶς
435 5421 492 5476 δὲ
523 5422 751 5493 πάσχειν
775 5422 975 5486 ἀδίκως
1007 5425 1100 5476 καὶ
1127 5424 1197 5476 τά
1227 5423 1431 5494 ἔσχατα
1471 5441 1814 5495 παρεσκευα-

1927 5431 2117 5490 putare
2161 5429 2424 5489 perpetuo
2457 5419 2608 5473 illum
2637 5434 2830 5476 somno
2851 5425 3086 5494 sepitum
3131 5445 3144 5481 :
3175 5443 3239 5483 ea
3266 5445 3365 5486 nos
3389 5447 3487 5485 au-

250 5515 504 5583 σμένους,
533 5516 593 5568 οὐ
629 5515 745 5581 νῦν,
774 5515 909 5569 ἀλλά
945 5532 1008 5584 γε
1049 5518 1142 5568 καὶ
1172 5515 1357 5579 πάλαι,
1393 5519 1504 5579 τοῖς
1533 5515 1694 5578 θείοις
1722 5518 1809 5569 ὲν-

1925 5522 2055 5577 tem,
2087 5526 2194 5564 non
2226 5526 2372 5564 nunc
2405 5510 2661 5579 primum,
2722 5513 2818 5566 sed
2868 5514 2981 5584 jam
3022 5518 3230 5585 pridem
3287 5519 3485 5590 injuste

249 5606 575 5674 τραφέντας,
610 5605 739 5670 ἴσθι,
773 5605 1159 5678 προστάγμασι
1179 5622 1192 5635 ·
1219 5606 1314 5658 καὶ
1342 5606 1501 5678 χάριν
1530 5606 1812 5676 ὁμολογεῖν

1919 5603 2002 5657 vel
2033 5612 2274 5658 extrema
2301 5603 2408 5671 pati
2439 5612 2670 5670 paratos,
2703 5613 2888 5675 utpote
2939 5608 3136 5665 divinis
3193 5611 3496 5673 innutritos

251 5695 472 5762 εἰδέναι,
501 5697 661 5761 εἴτις
694 5698 824 5767 ἡμῖν
854 5697 1262 5767 ἐπιτομωτέραν
1304 5698 1442 5768 πρὸς
1470 5698 1570 5766 τὴν
1601 5699 1812 5752 ἐκεῖθεν

1920 5689 2226 5760 przeccptis,
2247 5705 2556 5760 cognoscas.
2571 5691 2728 5748 Certe
2744 5695 2940 5765 gratias
2961 5697 3032 5750 illi
3048 5700 3278 5754 habituri
3299 5717 3493 5760 sumus

253 5787 527 5843 πολιτείαν
560 5789 657 5860 τὴν
688 5787 909 5858 πορείαν
943 5789 1348 5842 συσκευάσοιτο.

1921 5783 2012 5853 qui
2039 5784 2177 5836 viam
2193 5781 2349 5835 nobis
2363 5781 2591 5836 maxime
2605 5787 3080 5854 compendiariam,
3100 5791 3224 5845 licet
3240 5797 3490 5866 principle

1934 5883 2157 5930 tantem.
2191 5873 2258 5928 ad
2293 5873 2564 5929 etelestem
2592 5879 2972 5936 monstraverit
2993 5887 3484 5945 conversationem.
