4052 6414
582 423 683 485 627

1186 537 1407 595 EI‘IST.
1448 538 1587 594 VIII.

579 633 757 688 Photii
835 634 1154 706 sanctissimi
1209 636 1528 706 patriarcha:
1586 634 2157 706 Constantinopolitani

650 705 888 776 Epistola
918 705 1007 776 ad
1060 704 1363 759 Michaelem
1409 704 1681 775 Bulgaria:
1722 704 2050 776 principem;
2094 708 2158 761 de

652 774 816 848 ofﬁcio
844 774 1094 843 principis
1124 776 1219 849 (6).

1752 428 2011 489 PHOTII
2048 428 2553 491 PATRIARClI/E
2589 432 2700 490 (ΣΡ.

3736 426 3840 487 628

2870 544 3093 597 ΕΠΙΣΤ.
3134 544 3214 597 Η’.

2260 641 2483 695 Φωτίου
2512 638 2618 693 τοῦ
2647 635 2969 707 ἁγιωτάτων
2999 634 3366 704 πατριάρχου
3392 634 3503 707 τῆς
3521 637 3838 707 Κωγστᾳγ.

2330 704 2730 775 τινουπόλεωζν
2796 708 2863 761 ἐκ
2902 705 3011 774 τῆς
3078 706 3228 774 πρὸς
3261 705 3500 775 Μιχαὴλ
3567 706 3679 758 τὸν
3733 704 3836 771 ἆρ-

2332 798 2517 850 χοντα
2576 774 2947 847 Βουλγαρίας
3002 778 3077 845 (7)
3127 774 3497 843 ἐπιστολῆς,
3556 778 3617 830 Τί
3667 775 3838 828 ἐστιν

2331 852 2509 920 ἔργον
2545 851 2856 919 ἄρχοντος.

673 943 814 992 Edita
836 941 896 991 ab
919 941 1130 991 Henrico
1153 940 1342 991 Canisio
1363 939 1543 1006 (Antia.
1578 939 1792 1004 leniam,
1814 948 1853 994 t.
1879 942 1943 1005 Π,
1967 958 2015 1007 p.
2056 960 2105 1003 ιι,
2129 942 2249 993 edit.
2287 941 2532 1005 Basnagii,
2577 956 2690 1004 pag.
2715 941 2848 1002 582),
2874 942 2926 988 et
2943 952 2969 987 a
3001 938 3303 987 Montacntio
3329 935 3434 998 (ep.
3458 935 3507 997 1,
3528 949 3643 999 pag.
3674 935 3746 995 ι).

653 1026 707 1080 I.
758 1028 872 1081 Alia
920 1026 1138 1095 quidem
1184 1026 1348 1087 dona,
1390 1027 1759 1083 illustrissime
1790 1044 1853 1083 ac
1882 1030 2043 1083 nobis
2070 1030 2153 1083 di-

2324 1028 2395 1082 a'.
2444 1029 2509 1081 Al
2562 1028 2660 1096 μὲν
2714 1026 2871 1079 ἄλλαι
2930 1027 3189 1096 χάριτες,
3243 1024 3683 1092 περιφανέστατε
3743 1022 3832 1074 καὶ

582 1119 721 1173 lecte
763 1119 871 1181 lili,
925 1119 1175 1189 exiguam
1223 1120 1383 1188 plane
1444 1134 1674 1189 eamque
1723 1136 1833 1173 non
1876 1121 1969 1175 diu
2016 1121 2150 1175 adeo

2254 1120 2578 1193 ἠγαπημένε
2612 1118 2769 1187 ἡμῶν
2806 1117 2911 1175 υἱὲ,
2956 1117 3158 1187 μικρὰς
3186 1116 3282 1169 καὶ
3312 1112 3711 1185 προσκαίρους,
3756 1108 3832 1177 οἷς

584 1215 897 1268 duraturam
932 1215 1216 1268 utilitatem
1246 1216 1310 1267 iis
1331 1216 1567 1270 allerunt
1597 1217 1652 1269 in
1686 1233 1825 1285 quos
1859 1218 2154 1272 conferun-

584 1312 691 1356 tur.
723 1300 1073 1372 Quaacunque
1109 1319 1237 1356 vero
1268 1304 1359 1357 illa
1397 1304 1713 1359 conditione
1747 1306 1983 1360 naturali
2010 1322 2153 1375 pra:-

581 1392 692 1447 dita
726 1403 872 1457 sunt,
900 1405 959 1448 ut
988 1396 1222 1449 animam
1254 1396 1415 1450 nobis
1436 1396 1665 1450 reddant
1695 1398 1995 1461 meliorem,
2024 1398 2153 1453 dum

581 1487 651 1540 ab
689 1502 874 1542 errore
917 1498 971 1542 et
1002 1490 1181 1558 pravis
1216 1490 1500 1543 allectibus
1526 1501 1839 1561 repurgant,
1875 1492 1995 1546 luce
2026 1506 2156 1546 vero

582 1591 636 1633 et
689 1580 977 1649 splendore
1023 1582 1281 1636 virtutum
1345 1583 1623 1652 ipsiusque
1669 1583 1915 1637 veritatis
1978 1585 2153 1638 collu-

583 1680 779 1729 strant.
816 1673 930 1727 hmc
950 1673 1061 1742 jam
1094 1674 1375 1729 verissima
1407 1675 1549 1729 dona
1579 1674 1738 1729 nobis
1772 1676 1897 1729 data
1921 1676 2150 1730 dicenda

582 1770 747 1826 sunt;
789 1773 977 1831 utpote
999 1780 1119 1832 quae
1144 1765 1338 1827 menti,
1361 1764 1562 1819 divina:
1584 1765 1819 1834 cuipiam
1852 1765 1927 1819 rei
1963 1775 2016 1819 et
2046 1766 2152 1819 im-

582 1854 820 1914 mortali,
864 1871 1054 1926 magna
1105 1872 1205 1911 nec
1239 1872 1480 1925 unquam
1517 1857 1812 1910 emoritura
1851 1858 2155 1928 largiuntur

581 1946 949 2001 emolumenta
996 1965 1009 2001 :
1053 1948 1267 2003 divitias
1309 1960 1489 2003 autem
1536 1949 1825 2003 illiusmodi
1850 1950 1896 2003 ei
1933 1965 2153 2019 compa-

580 2045 706 2089 rant
748 2041 1093 2109 negotiando,
1146 2058 1265 2112 qua:
1303 2058 1427 2097 cum
1459 2044 1568 2097 sint
1601 2043 1848 2097 cmicstcs
1888 2058 1995 2095 non
2030 2059 2155 2111 pos-

580 2138 707 2183 sunt
736 2132 995 2202 sacrilege
1025 2136 1327 2203 compilari.
1360 2135 1568 2190 Primas
1595 2137 1739 2190 inter
1775 2136 1876 2189 ista
1916 2145 1971 2188 et
2006 2136 2153 2204 prin-

579 2218 817 2288 cipatum
871 2233 1020 2278 tenet
1070 2225 1202 2279 illud
1248 2227 1392 2295 quod
1442 2242 1543 2281 nos
1587 2242 1752 2279 manu
1780 2226 1929 2279 velut
1955 2242 2153 2295 appre-

580 2310 782 2367 hensos
825 2315 943 2369 sine
988 2317 1096 2371 ulla
1141 2319 1487 2374 aberratione
1517 2319 1584 2374 ad
1618 2318 1787 2372 Deum
1820 2318 2068 2388 perducit
2094 2330 2151 2374 et

2259 1215 2656 1285 προσάγονται,
2712 1211 2811 1272 τὰς
2858 1210 3126 1277 ὡφελείας
3186 1210 3554 1279 παρέχουσιν·
3607 1208 3735 1260 ὅσαι
3781 1208 3834 1259 δὲ

2258 1305 2537 1376 πεφύκασι
2591 1303 2770 1374 ψυχὴν
2830 1302 3077 1372 βελτίονα
3127 1300 3574 1372 ἀπεργάζεσθαι,
3629 1299 3835 1365 πλάνης

2262 1401 2359 1465 μὲν
2411 1397 2772 1466 καθαίρουσαι
2812 1396 2907 1448 καὶ
2960 1393 3185 1457 παθῶν,
3226 1394 3323 1463 τὴν
3375 1392 3575 1462 αἴγλην
3636 1393 3697 1445 δὲ
3743 1392 3835 1445 καὶ

2257 1490 2620 1561 λαμπρότητα
2650 1488 2759 1540 τῶν
2796 1484 3008 1557 ἀρετῶν
3049 1485 3141 1539 καὶ
3179 1486 3275 1550 τῆς
3307 1484 3569 1555 ἀληθείας
3608 1484 3834 1551 διαυγά⁹

2262 1584 2483 1649 ζουσαι,
2522 1576 2681 1636 αὗται
2735 1581 2791 1633 δὲ
2845 1581 2952 1647 ἄρα
3006 1579 3227 1649 χάριτές
3272 1580 3442 1642 εἰσιν,
3471 1577 3548 1640 ὡς
3582 1576 3833 1646 ἀληθῶς,

2264 1675 2475 1746 μεγάλα
2531 1674 2695 1743 κέρδη
2741 1673 2833 1724 καὶ
2881 1671 3123 1725 ἀθάνατα
3176 1670 3428 1740 ἀθανάτῳ
3464 1671 3561 1722 καὶ
3614 1669 3835 1721 θεοειδεῖ

2261 1769 2546 1837 πράγματι
2603 1763 2974 1835 χορηγοῦσαι,
3023 1767 3089 1833 τῇ
3128 1763 3304 1833 ψυχῇ,
3358 1762 3455 1815 καὶ
3508 1762 3605 1815 τὸν
3643 1761 3836 1815 ἄσυλον

2261 1860 2397 1929 αὐτῇ
2438 1858 2533 1910 καὶ
2575 1857 2824 1925 οὐράνιον
2873 1857 3312 1925 ὲμπορευόμεναι
3360 1854 3593 1907 πλοῦτον
3622 1895 3637 1917 ,
3685 1848 3760 1906 ὢν
3803 1854 3834 1922 ἠ

2258 1950 2567 2020 τιμιωτάτη
2606 1951 2699 2003 καὶ
2728 1949 2839 2002 τῶν
2870 1949 3046 2004 ἄλλων
3071 1948 3425 2021 πρωτεύουσα
3451 1948 3617 2019 χάρις
3646 1950 3680 2016 ἡ
3707 1946 3836 2016 πρὸς

2257 2045 2317 2098 τὸ
2366 2042 2507 2097 θεῖόν
2537 2045 2684 2096 ἐστιν
2733 2041 2977 2111 ἀπλανὴς
3018 2042 3112 2095 καὶ
3147 2042 3413 2112 σωτήριος
3461 2040 3828 2111 χειραγωγία.

2263 2138 2364 2189 Ἠν
2407 2137 2597 2209 πρώτη
2643 2135 2738 2189 καὶ
2775 2136 2911 2206 μόνη
2962 2135 3245 2205 χαρίζεται
3289 2137 3390 2203 τῆς
3433 2133 3687 2203 καθαρᾶς
3744 2132 3832 2184 καὶ

2254 2231 2558 2300 ἀμωμήτου
2590 2230 2823 2290 πίστεως
2860 2228 3017 2298 ἡμῶν
3065 2227 3173 2282 τῶν
3229 2226 3603 2298 Χριστιανῶν,
3656 2228 3691 2296 ὴ
3728 2226 3829 2295 μά-

2253 2322 2408 2393 θησις
2439 2324 2533 2375 καὶ
2567 2321 2943 2392 μυσταγωγία.

578 2403 829 2460 salutem.
876 2407 987 2462 lloc
1040 2410 1218 2480 ipsum
1256 2422 1436 2467 autem
1490 2411 1773 2482 imprimis,
1803 2410 1935 2480 quin
1973 2414 2153 2479 potius
2192 2414 2326 2477 sola,
2371 2424 2596 2484 przestat
2649 2415 2783 2470 ﬁdes
2823 2420 3008 2468 nostra
3053 2411 3382 2479 Christiana,
3415 2411 3720 2482 purissima
3746 2410 3830 2465 illa

574 2515 637 2554 ac
655 2502 776 2559 ideo
803 2506 1097 2577 inculpata,
1132 2523 1255 2563 cum
1277 2507 1530 2578 mysteria
1564 2512 1684 2579 ejus
1714 2512 1891 2567 edocti
1926 2507 2334 2567 edidicerimus.

644 2598 697 2652 ἓ,
732 2596 856 2653 Haec
883 2602 1029 2655 enim
1062 2603 1328 2670 homines,
1361 2612 1649 2673 postquam
1692 2606 1759 2659 ab
1787 2622 1971 2661 errore
2003 2606 2145 2661 mul-

572 2686 777 2742 tiformi
806 2690 1065 2745 liberatos
1090 2694 1444 2763 expedivcrit,
1475 2695 1725 2765 illiusque
1751 2698 2005 2752 tenebras
2026 2714 2148 2751 om-

573 2779 706 2834 nino
744 2780 1060 2850 dispulerit,
1113 2784 1424 2839 facultatem
1469 2786 1575 2842 illis
1611 2790 1817 2857 prmhet
1866 2790 1917 2842 in
1965 2788 2146 2842 Divini

574 2873 755 2928 cultus
802 2876 1269 2944 pulchritudinem
1314 2879 1487 2934 oculis
1530 2880 1722 2936 deﬁxis
1762 2882 2028 2936 intuendi.
2058 2886 2152 2937 At-

575 2982 682 3033 que
717 2968 789 3021 ita
829 2985 928 3038 per
954 2970 1135 3036 istam,
1170 2973 1236 3026 ad
1267 2972 1563 3027 essentiam
1606 2973 1750 3026 illam
1781 2990 1902 3044 qua:
1932 2985 2154 3045 superat

577 3054 935 3120 intellectum,
983 3073 1166 3113 rerum
1207 3061 1422 3115 scilicet
1444 3062 1687 3116 omnium
1718 3080 1935 3120 causam
1966 3075 2021 3120 et
2044 3067 2155 3135 opi-

578 3147 753 3202 ficcm.
782 3150 1048 3217 subvecti,
1072 3153 1357 3208 Trinitatis
1384 3155 1527 3209 illius
1546 3155 1869 3213 uniformcm
1896 3168 1951 3213 et
1976 3168 2154 3214 trans-

2324 2601 2388 2673 β’.
2424 2602 2570 2673 Αὕτη
2601 2603 2710 2672 γὰρ
2750 2602 2847 2669 τῆς
2884 2600 3233 2669 πολυμόρφου
3263 2597 3473 2668 πλάνης
3502 2595 3600 2649 τὸν
3624 2596 3832 2667 ἂνθρω-

2255 2709 2376 2746 πον.
2416 2692 2587 2761 (8)....
2614 2691 2693 2761 τῷ
2722 2690 2905 2745 κάλλει
2935 2691 3033 2759 τῆς
3066 2689 3321 2760 λατρείας
3354 2686 3614 2758 καθαρῶς
3645 2688 3827 2739 ὲνατε-

2254 2783 2423 2848 νίζειν
2458 2784 2794 2854 παρέχεταιο
2846 2782 2912 2835 δι’
2960 2778 3028 2851 ἧς
3063 2783 3141 2844 εἰς
3168 2780 3264 2850 τὴν
3307 2780 3449 2848 ὑπὲρ
3482 2778 3609 2831 νοῦν
3643 2779 3827 2831 οὐσίαν

2250 2878 2347 2929 καὶ
2374 2875 2594 2929 πάντων
2633 2876 2811 2927 αἰτίαν
2842 2876 2935 2927 καὶ
2970 2872 3303 2944 δημιουργὸν
3342 2872 3704 2941 ἀναγόμενοι,
3735 2872 3827 2939 τὴν

2251 2969 2458 3037 ἐνοειδῆ
2492 2968 2585 3020 καὶ
2608 2966 2872 3037 ὑπέρθεον
2902 2968 3001 3036 τῆς
3027 2967 3256 3038 Τριάδος
3279 2966 3531 3035 θεότητα,
3557 2966 3687 3018 καθ’
3710 2966 3825 3018 ὅσον

2250 3062 2399 3114 ἐστὶν
2430 3059 2701 3130 ἀνθρώπῳ
2742 3058 2989 3123 δυνατὸν,
3034 3057 3485 3130 ὲνοπτριζόμεθα.
3533 3057 3653 3125 Τῆς
3684 3056 3826 3125 τηλιο

2252 3156 2457 3224 καύτης
2479 3152 2658 3206 τοίνυν
2690 3153 2913 3225 χάριτος
2951 3153 3045 3205 καὶ
3080 3153 3288 3224 δωρεᾶς
3317 3152 3416 3223 τήν
3453 3151 3711 3224 ἔμφρονά
3740 3167 3825 3203 σου

2189 3268 2420 3325 ΝΟΤᾹΕ.

651 3354 729 3435 _(6_)
752 3357 986 3435 ΕρίξιοΙα
1008 3362 1087 3435 ad
1119 3363 1418 3435 illic/ladem
1451 3364 1723 3435 Bulgaria:
1753 3366 2060 3433 principem.
2086 3368 2150 3420 de
2177 3369 2221 3427 C
2254 3363 2900 3435 ChristianusApatricius
2945 3362 3074 3416 item
3105 3371 3342 3435 creatur,
3378 3359 3443 3413 ad
3479 3374 3691 3435 annum

581 3427 744 3509 officio
791 3432 1061 3509 principis.
1113 3433 1210 3488 Hic
1269 3443 1351 3509 est
1405 3427 1595 3489 titulu's
1635 3451 1667 3490 a
1717 3427 1989 3509 librariis,
2038 3451 2150 3509 non

580 3502 802 3576 opinor.
831 3502 899 3555 ab
933 3514 1154 3576 auctore
1181 3505 1432 3576 praeditus
1463 3520 1477 3559 :
1502 3521 1808 3576 quanquam
1834 3522 1903 3560 ne
1923 3506 2002 3561 sic
2030 3507 2154 3576 qui-

581 3571 704 3646 dem
747 3583 976 3646 constat
1011 3571 1315 3646 inscriptio.
1361 3574 1495 3629 Nam
1521 3571 1591 3630 'in
1628 3571 1849 3646 scriptis
1873 3586 2010 3642 erat,
2040 3571 2153 3631 non

580 3639 855 3715 ἐπιστολή,
888 3645 982 3699 sed
1025 3648 1088 3699 ὲκ
1132 3639 1234 3715 τῆς
1270 3647 1579 3715 ἐπιστολῆς.
1628 3646 1696 3701 Ut
1744 3639 2005 3701 'videatur
2041 3664 2153 3701 non

581 3719 689 3787 tam
740 3712 948 3782 integra
989 3712 1238 3785 epistola,
1284 3718 1368 3772 vel
1417 3712 1553 3771 liber
1596 3718 1798 3787 potius,
1837 3726 1891 3771 et
1932 3718 2153 3787 quidem

581 3782 713 3835 satis
759 3782 1207 3855 magnusfquam
1251 3782 1725 3856 repraasentanms,
1759 3802 1920 3856 quam
1950 3782 2029 3841 'ex
2063 3788 2152 3841 illa

581 3867 837 3926 excerpta
874 3856 1119 3924 quaedam
1164 3858 1468 3919 continere,
1502 3857 1570 3911 ab
1600 3858 1780 3926 aliquo
1808 3858 2033 3919 lectore,
2067 3859 2151 3912 vel

584 3920 827 3978 fortassis
870 3920 985 3994 ipso
1013 3926 1207 3998 Pbotio
1246 3927 1357 3997 (qui
1388 3920 1758 3998 delectabatur
1784 3928 2059 3998 epitomis)
2096 3928 2150 3982 in

582 4008 871 4047 numerum
908 4004 1069 4062 atque
1097 3997 1343 4049 ordinem
1377 4006 1618 4051 coactus.
1672 3997 1767 4051 Est
1802 4008 2003 4059 autem,
2039 3997 2152 4053 Sive

583 4071 701 4137 erat
749 4063 883 4118 liber
914 4068 1143 4135 integer,
1174 4068 1286 4121 sive
1311 4067 1539 4135 epistola
1570 4067 1853 4137 νουθετική
1888 4082 1939 4122 et
1966 4069 2151 4122 διδακ-

580 4134 747 4208 τικῄε-
787 4151 884 4208 per
929 4134 1109 4191 omnia
1159 4134 1492 4193 conformata
1541 4137 1793 4193 Isocratis
1842 4134 1922 4193 illi
1955 4140 2154 4208 scripto

584 4204 653 4258 ad
686 4203 982 4278 Nicoclem,
1015 4208 1172 4276 cujus
1212 4223 1407 4276 scopus
1440 4208 1507 4263 ab
1534 4208 1886 4278 inscriptione
1925 4203 2153 4263 exhibe~

585 4283 696 4349 tur,
725 4275 962 4349 Τίὲργον
983 4275 1261 4348 ἄρχοντος.
1292 4275 1477 4348 Itaque
1508 4275 1757 4334 inscribit
1779 4280 1893 4349 ipse
1917 4281 2151 4346 titulum,

586 4346 729 4421 Πρρς
760 4348 852 4399 τὸν
897 4346 1131 4419 ἄρχοντα
1176 4346 1529 4420 Βουλγαρίας,
1564 4352 1644 4401 Ad
1672 4346 1959 4421 principem
1989 4352 2153 4421 gentis

580 4415 1090 4491 Bulg_aroram.:lta
1130 4420 1274 4475 enim
1302 4415 1637 4475 vocabantur
1669 4415 1853 4491 gentis
1885 4415 2029 4476 illius
2051 4462 2066 4486 ,
2098 4432 2153 4477 et

581 4488 825 4568 omnium
846 4489 957 4543 fere
972 4488 1351 4553 Barbarorum,
1371 4491 1647 4557 ductores,
1674 4488 1792 4546 sive
1817 4492 2005 4557 duces,
2038 4493 2152 4568 sive

602 4563 899 4633 irincipes;
942 4577 1050 4615 non
1098 4571 1279 4615 autem
1328 4571 1485 4617 erant
1539 4577 1714 4633 reges,
1756 4571 1815 4616 ut
1853 4578 2070 4631 semper
2098 4563 2152 4617 in

628 4632 838 4701 aronio,
896 4644 1005 4701 per
1034 4645 1274 4685 errorem
1327 4632 1639 4701 interpretis
1688 4634 1794 4695 sui.
1837 4634 2153 4687 nominatur

2256 3436 2387 3491 mini
2436 3435 2563 3489 777.
2612 3429 2858 3488 Prmsens
2903 3442 3082 3487 autem
3140 3434 3413 3500 princeps,
3468 3430 3699 3483 nomine
3740 3429 3827 3481 Mi-

2255 3506 2478 3567 chaelis,
2512 3505 2580 3559 ab
2611 3504 2817 3567 origine
2842 3504 3033 3572 prima,
3067 3502 3211 3556 inter
3242 3516 3393 3562 suos,
3431 3501 3514 3553 vel
3549 3500 3603 3552 in
3633 3500 3824 3568 patria,

2252 3576 2499 3646 Bogaris,
2542 3591 2649 3629 non
2687 3573 2906 3629 Michael
2938 3573 3266 3646 dicebatur:
3302 3586 3492 3646 verum
3524 3584 3826 3646 conversus

2253 3640 2521 3701 ad'ﬁdem
2563 3646 2949 3707 Christianam,
2993 3652 3049 3697 et
3086 3642 3352 3709 baptismo
3384 3641 3713 3699 illustratus,
3743 3640 3825 3709 qui

2255 3718 2359 3772 fuit
2405 3719 2459 3770 in
2488 3716 2805 3787 paganismo
2840 3714 3083 3787 Bogaris,
3118 3714 3186 3787 ab
3211 3713 3468 3787 episcripo
3494 3711 3823 3787 baptiaante,

2254 3788 2347 3857 qui
2385 3787 2452 3841 ad
2491 3780 2625 3841 eum
2670 3788 2872 3857 missus
2918 3780 3827 3857 fueratAConstantinopolibapti-

2255 3851 2509 3921 iandum,
2538 3858 2607 3911 de
2642 3856 2865 3909 nomine
2890 3855 3157 3909 mittentis
3186 3852 3557 3920 imperatoris.
3593 3851 3827 3906 Michae-

2254 3929 2322 4001 lis
2346 3927 2515 4001 tertii,
2544 3942 2638 3981 seu
2666 3926 3158 4001 Rorphvrogenitaa.
3181 3922 3416 4001 _hlitsliael
3445 3931 3500 3977 et
3532 3923 3652 3991 ipse
3686 3921 3826 4001 dice-

2255 3999 2415 4053 batur
2444 4014 2458 4051 :
2504 3999 2644 4051 hanc
2688 3994 2969 4050 historiam
3002 3995 3263 4049 Baronius
3290 3994 3461 4047 fusius
3490 3994 3823 4062 exsequitur,

2254 4068 2321 4123 ad
2352 4084 2553 4122 annum
2582 4068 2706 4131 845,
2738 4082 2769 4121 e
2806 4065 3017 4120 Joanne
3042 4064 3384 4133 CurOpalata.
3420 4062 3734 4133 hloxucc'r.

2328 4140 2403 4205 (7)
2439 4138 2815 4205 Βουλγαρίας
2880 4138 3047 4191 Erant
3080 4132 3315 4205 Bulgari,
3346 4142 3441 4187 aut
3469 4132 3675 4202 Bulgae,
3702 4147 3828 4203 gens

2253 4210 2506 4273 barbara,
2538 4209 2725 4269 eﬂera,
2760 4223 2987 4279 pagana,
3020 4206 3388 4279 Aquilonaris,
3413 4220 3536 4273 qua:
3558 4213 3826 4279 postrema

2254 4295 2392 4340 pene
2440 4280 2683 4334 omnium
2729 4273 2797 4333 ab
2832 4273 3133 4348 'Aquilone.
3167 4275 3309 4330 unde
3335 4275 3746 4348 omne__malum
3776 4273 3825 4327 in

2254 4352 2561 4424 Romanum
2610 4344 2927 4424 imperium'
2960 4348 3263 4424 inundavit,
3310 4354 3434 4416 post
3466 4345 3605 4424 alias
3634 4362 3666 4399 e
3696 4344 3825 4424 Sey.-

2254 4422 2369 4475 thia
2413 4417 2706 4491 proluvies,
2744 4420 3079 4491 irruperunt,
3104 4428 3160 4473 et
3183 4420 3485 4491 Romanum
3513 4417 3823 4491 imperium,

2254 4506 2284 4545 a
2307 4484 2669 4545 Constantino
2698 4484 2962 4553 divisum,
2986 4491 3040 4544 in
3080 4499 3261 4558 partes
3292 4484 3611 4550 dissectum,
3639 4484 3821 4558 praesi-

2254 4562 2360 4615 diis
2402 4562 2748 4621 destitutum,
2787 4560 2841 4615 in
2884 4556 3096 4615 ruinam
3122 4559 3412 4619 dederunt,
3442 4572 3583 4626 quos
3618 4556 3822 4625 primus

2253 4631 2643 4688 Constantinus
2686 4633 3059 4699 Copronymus
3099 4629 3240 4684 bello
3282 4628 3444 4695 vicit;
3487 4627 3586 4681 sed
3617 4642 3727 4699 non
3756 4626 3823 4679 ita

581 4701 672 4775 hic
720 4696 925 4775 ἅρχων.
979 4696 1811 4775 CuillelmusBibliothecarius
1868 4704 1936 4757 ad
1985 4704 2147 4775 ﬁnem
2182 4720 2226 4775 ι)
2254 4703 2648 4775 pessumdedit,
2689 4696 2820 4772 quin
2846 4696 3137 4775 resumptis
3170 4699 3376 4753 viribus
3428 4706 3619 4775 postea
3667 4696 3821 4775 Nicef

592 4769 726 4823 Vita:
754 4769 1025 4825 Anastasii
1056 4772 1150 4836 ait,
1177 4772 1430 4826 Dominus
1469 4773 1714 4839 Michael,
1748 4775 1987 4843 princeps
2017 4774 2149 4827 Bul-

581 4857 848 4925 qaroram,
895 4850 951 4895 et
987 4843 1352 4925 inexcerplt‘is
1390 4844 1743 4925 apud__ipsunt
1770 4845 2090 4925 ραι-οιιίιιιη,⁸
2116 4860 2149 4899 e

581 4911 898 4983 Menologio,
918 4928 982 4966 ex
1014 4911 1259 4968 historiis
1282 4911 1463 4967 Basilii
1487 4911 1671 4968 Cilicis
1693 4924 1748 4968 et
1770 4914 2144 4983 TheOphanis,

579 4982 665 5036 vel
688 4984 831 5053 dum,
862 4984 943 5036 vel
970 4985 1208 5053 princeps
1236 4984 1547 5038 nominatur
1585 5002 1597 5037 :
1631 4985 1727 5039 sed
1756 4982 2018 5053 imprimis
2048 4986 2143 5039 Ba-

578 5051 719 5124 τι)ηῄἰί
741 5051 1043 5124 versionem
1074 5051 1293 5116 refellit,
1319 5056 1465 5124 quod
1495 5057 1636 5123 apud
1669 5056 1819 5109 illum
1834 5051 2145 5110 Bibliothe-

578 5122 784 5196 carium
802 5123 1018 5194 legitur,
1051 5126 1191 5195 quod
1218 5122 1476 5194 principes
1499 5122 1850 5196 Bulgarorum
1873 5135 1920 5178 et
1943 5128 2146 5182 litteras

576 5194 653 5247 eis
707 5202 754 5246 et
789 5196 926 5266 dona
966 5194 1081 5263 per"
1109 5197 1321 5249 Petrum
1351 5194 1923 5265 aliasque'direxerint.
1962 5196 2147 5266 Neque

578 5278 710 5317 sane
742 5265 979 5334 princeps
1007 5267 1273 5327 absolute,
1300 5268 1383 5321 vel
1415 5268 1562 5319 solus
1590 5277 1736 5333 erat;
1764 5267 2009 5321 fortassis
2031 5265 2149 5323 erat

578 5337 790 5388 czeteris
833 5338 1179 5406 eminentior,
1234 5337 1326 5391 sed
1373 5353 1496 5389 cum
1542 5338 1683 5401 aliis,
1734 5339 2009 5406 princeps.
2060 5341 2149 5394 Ait

577 5406 724 5459 cnim
775 5404 1033 5475 principes
1064 5407 1439 5477 Bulgarorum.
1490 5408 1685 5461 Multos
1728 5408 1802 5463 illi
1852 5404 2145 5476 principes,

577 5487 638 5529 ut
680 5485 734 5530 et
782 5478 900 5531 alia:
938 5494 968 5531 e
1002 5479 1384 5544 Septentrione
1414 5488 1622 5545 gentes,
1659 5480 1900 5535 habuere
1931 5480 2147 5535 familiis

575 5547 890 5611 distinctos,
937 5558 991 5601 et
1042 5548 1261 5601 familiis
1305 5549 1620 5617 prchectos;
1679 5551 1771 5604 scd
1826 5550 2145 5618 plerumque

578 5634 767 5680 unum,
810 5633 873 5671 ex
921 5618 1137 5671 illorum
1171 5634 1419 5681 nmnero,
1453 5619 1521 5672 de
1541 5621 1922 5674 communibus
1948 5621 2145 5674 suffra-

575 5690 676 5757 giis
715 5690 969 5751 electum,
1014 5689 1247 5761 αιτιοι-ῖς,
1296 5690 1564 5757 imprimis
1613 5692 1754 5743 bello
1795 5692 2050 5761 gerendo.
2093 5701 2148 5746 et

574 5770 750 5813 emtus
778 5760 1149 5812 convocando.
1196 5760 1561 5827 prieliciebant
1590 5778 1607 5813 :
1635 5760 1822 5829 quales
1851 5764 1991 5829 apud
2029 5762 2147 5816 illos

574 5839 1073 5903 commemorantur
1119 5831 1437 5903 Chrunnus,
1493 5831 1687 5903 Zur-iis,
1738 5834 2004 5893 Tetricus,
2052 5834 2142 5903 qui

577 5900 766 5954 relicto
795 5899 1105 5968 principatu
1133 5901 1647 5971 Constantinopolin
1673 5904 1822 5972 abiit,
1848 5904 1938 5959 ubi
1971 5899 2143 5959 lactus

2259 4769 2492 4842 phorum
2537 4769 2923 4841 imperatorem
2969 4769 3309 4843 profligatum
3362 4769 3730 4843 occiderent,_
3771 4774 3820 4819 et

2258 4837 2421 4913 caput
2479 4837 2944 4913 ejus'abscissum
2972 4837 3230 4913 ludibrio
3274 4850 3637 4913 exponerent.
3691 4837 3820 4913 Cum

2251 4907 2486 4983 primum
2510 4907 2914 4981 irrumperent,
2948 4912 3267 4966 Dardaniam
3302 4908 3652 4983 occupabant
3686 4926 3701 4962 :
3734 4907 3821 4961 sed

2250 4980 2509 5054 deinceps
2551 4980 2881 5038 Maccdonia‘.
2910 4994 2964 5038 et
2997 4982 3187 5054 Illyrici
3224 4991 3406 5049 partes
3434 4980 3816 5054 possederunt.

2251 5054 2328 5109 De
2368 5048 2490 5119 illis,
2534 5056 2601 5109 ad
2650 5055 2965 5126 religionem
3013 5048 3254 5107 nostram
3286 5048 3816 5126 co_nversis,_deinde

2250 5137 2515 5180 certatum
2570 5132 2654 5179 est
2695 5119 2840 5179 inter
2884 5125 3182 5177 Romanam
3228 5131 3284 5175 et
3320 5119 3819 5188 Constantinopoli-

2252 5205 2431 5249 tanam
2462 5197 2666 5258 sedem,
2703 5196 2859 5261 cujus
2878 5196 3167 5249 subcssent
3189 5191 3577 5262 jurisdictioni.
3610 5191 3689 5244 De
3721 5203 3817 5262 quo

2250 5268 2545 5320 certamine
2590 5260 2817 5320 Photius
2851 5266 3045 5338 alicubi
3074 5266 3144 5338 _in
3191 5260 3433 5338 epistolis
3466 5279 3479 5313 :
3520 5262 3640 5338 q_ui_
3662 5260 3818 5338 vehe-

2248 5338 2483 5391 mentius
2532 5353 2593 5391 ea
2622 5338 2688 5391 de
2716 5352 2772 5389 re
2804 5335 3163 5408 contendebat
3186 5352 3200 5399 ;
3225 5330 3375 5408 unde
3403 5332 3674 5408 imprimis
3694 5330 3816 5408 odio

2247 5416 2408 5475 atque
2456 5408 2659 5462 invidia
2709 5408 2851 5478 apud
2903 5406 3179 5478 Romanos
3247 5404 3544 5478 laborabat.
3595 5401 3815 5478 Bulgari

2247 5473 2587 5540 dicebantur,
2640 5495 2671 5533 a
2728 5473 2911 5547 Belga,
2961 5476 3081 5549 sive
3131 5474 3296 5545 Volga
3335 5473 3559 5549 flumine
3593 5473 3812 5549 ingenti,

2249 5550 2409 5601 etiam
2448 5550 2605 5603 hodie
2637 5545 2922 5602 notissimo
2949 5564 2963 5612 ;
2998 5546 3153 5613 cuius
3184 5554 3339 5599 erant
3367 5545 3566 5599 accolae
3594 5558 3717 5597 cum
3745 5545 3814 5593 ir-

2250 5629 2566 5689 rumperent
2597 5620 2649 5672 in
2672 5619 3001 5689 imperiuma
3023 5617 3331 5689 Mouracur.

2322 5686 2393 5750 (8i
2430 5688 2620 5745 Iliatus
2646 5686 2764 5744 erat
2813 5697 2868 5743 et
2911 5688 3157 5742 defectus
3186 5688 3242 5739 in
3274 5694 3461 5741 nostro
3482 5686 3674 5740 codice
3701 5692 3809 5749 post

2249 5760 2533 5829 ἄνθρωπον
2590 5779 2602 5812 :
2653 5761 2907 5820 fortassis
2972 5758 3273 5828 supplenda
3322 5758 3513 5829 lacuna
3566 5756 3633 5809 ad
3666 5753 3812 5829 hunc

2251 5824 2494 5893 modum,
2546 5829 2977 5900 ἐλευθερώσασα,
3038 5824 3132 5900 καὶ
3174 5827 3617 5900 πάσανὲεκείνης
3654 5824 3812 5894 ἀχλὺν

2251 5901 2692 5969 ἀποσκεδάσασα,
2738 5896 2977 5971 ’δύναμιν
3020 5899 3168 5970 αὐτῷ
3195 5896 3271 5969 τῷ
3299 5898 3501 5963 κάλλει,
3533 5906 3639 5951 etc.
