4052 6420
203 473 318 536 6‘29
1363 472 1901 540 EPISTOLARUM
1945 479 2177 540 LIBER
2218 483 2269 541 Ι.
3348 474 3455 538 630

193 589 381 662 ψυχὴν
421 589 716 662 εὑρηκότες
747 591 902 656 ἀξίαν
968 591 1130 664 (ἐρᾷν
1165 594 1272 664 γάρ
1306 611 1366 648 σε
1414 597 1615 668 ἀρετῆς
1671 598 1763 652 καὶ

1892 596 2193 652 :endentem
2231 594 2615 661 divinitatem,
2659 600 2930 664 quatenus
2970 589 3119 645 illam
3174 587 3451 654 homines,

195 684 486 748 εὐσεϐείας
535 683 940 754 πεπείσμεθα),
966 685 1043 754 τῷ
1102 686 1406 758 φιλουμένῳ
1465 689 1620 762 δώρῳ
1684 695 1779 748 καὶ

1892 687 2097 757 assequi
2119 687 2443 758 poterimus,
2473 694 2732 756 tanquam
2761 684 2817 738 in
2849 682 3076 754 speculo
3100 688 3454 736 contuemur.

203 775 624 846 μεγαλοπρεπεῖ
651 775 996 846 δεξιούμεθα.
1047 779 1134 831 Ἐν
1160 770 1223 847 ᾧ,
1255 779 1352 849 τῆς
1389 781 1658 850 ἀχράντου
1683 787 1777 840 καὶ

201 865 456 936 καθαρᾶς
480 866 636 936 ἡμῶν
672 868 905 932 πίστεως
939 867 1002 921 τὸ
1038 870 1180 954 ίερρν
1213 871 1306 924 καὶ
1331 869 1584 942 θεόσοφον
1623 875 1779 929 ἐντά-

206 956 400 1022 ξαντες
431 959 680 1030 μάθημα,
722 961 822 1026 τὰς
856 961 1020 1030 ἁγίας
1064 963 1158 1016 καὶ
1208 965 1593 1035 οίκουμενικὰς
1640 967 1780 1022 ἑπτά

205 1051 484 1115 συνόδους,
517 1053 679 1107 οἱονεὶ⁸
702 1054 948 1124 χάρακας
973 1073 1126 1118 τινας
1151 1056 1245 1111 καὶ
1275 1056 1595 1128 περιϐόλους
1617 1057 1784 1123 οὔσας

205 1143 306 1194 τοῦ
349 1143 493 1196 θείου
536 1143 730 1198 τούτου
780 1149 875 1199 καὶ
916 1147 1195 1218 ὀρθοδόξου
1231 1148 1576 1219 μαθήματος,
1622 1153 1785 1218 σαφεῖ

206 1251 269 1287 τε
307 1235 402 1288 καὶ
436 1237 685 1307 συντόμῳ
733 1238 874 1307 λόγῳ
931 1242 1494 1312 συμπαρατιθέμεθα·
1531 1243 1637 1296 οὐδ’
1683 1245 1783 1298 ὅσα

211 1327 330 1398 βίον
367 1328 535 1382 ἰθύνει
558 1369 572 1393 ,
605 1332 699 1384 καὶ
751 1337 1022 1404 μαρτυρεί
1055 1337 1154 1404 τῆς
1185 1334 1442 1398 ,πίστεως
1480 1336 1580 1408 τὴν
1620 1335 1778 1408 ὀρθόμ-

208 1438 388 1492 τητα,
443 1422 724 1487 παντελῶς
783 1425 1237 1495 ἀποσιγήσαντες.
1304 1427 1510 1498 ’Ὠσπερ
1557 1427 1664 1497 γὰρ
1721 1430 1782 1482 τὸ

211 1515 393 1568 πάντα
441 1516 721 1587 καταρχὰς
764 1517 1056 1588 πειρᾶσθαι
1109 1518 1327 1586 λέγειν,
1378 1519 1780 1592 ἀπειρόκαλον·

210 1606 354 1660 οὕτω
388 1611 482 1662 καὶ
509 1610 570 1662 τὸ
608 1609 772 1679 μηδὲν
804 1611 976 1662 εἰπεῖν
997 1651 1011 1675 ,
1044 1611 1392 1679 ἀφιλόκαλον.

1884 779 2192 837 Istiusmodi
2227 794 2356 851 ergo
2385 777 2555 850 gratia
2600 785 2762 847 atque
2782 773 2928 830 dono
2958 773 3180 843 dignum
3207 780 3262 827 et
3289 787 3454 840 capa-

1884 889 2005 929 cem
2049 872 2377 944 prudentem
2416 879 2572 925 tuum
2605 869 2846 924 animum
2870 874 3234 939 agnoscentes
3254 865 3455 930 (virtu-

1885 977 1994 1022 tem
2048 974 2102 1021 te
2149 965 2417 1036 siquidem
2471 978 2536 1019 ac
2576 962 2835 1033 pietatem
2887 975 3083 1016 amare
3129 971 3456 1030 persuasum

1880 1058 2166 1130 habemus)
2207 1072 2406 1112 munus
2443 1055 2512 1110 ad
2540 1067 2592 1110 te
2624 1054 2723 1110 tibi
2765 1063 2978 1126 gratum
3005 1052 3273 1114 futurum,
3309 1049 3367 1102 in
3395 1061 3456 1102 se

1881 1151 2266 1221 magniﬁcum,
2311 1148 2624 1204 aﬁ‘erimus-
2658 1147 2761 1202 Cui
2813 1145 3035 1216 quidem
3080 1142 3203 1197 ﬁdei
3252 1148 3456 1194 nostrae

1879 1241 2318 1298 incontaminatas
2362 1248 2419 1295 et
2460 1237 2760 1300 defaecatae,
2804 1244 2862 1291 et
2897 1235 3142 1290 divinam
3187 1239 3242 1285 et
3281 1246 3313 1284 a
3343 1231 3456 1283 Deo

1881 1337 2130 1392 edoctam
2182 1333 2496 1388 inserentes
2558 1329 2940 1400 disciplinam,
3007 1325 3178 1381 sacris
3239 1333 3455 1393 septem

1883 1425 2281 1482 universalibus
2322 1424 2566 1496 synodis,
2608 1438 2720 1477 non
2775 1422 2934 1476 aliter
2967 1433 3128 1488 quam
3155 1416 3296 1471 vallo
3319 1427 3455 1484 quo.-

1885 1521 2010 1575 dam
2061 1528 2118 1573 et
2165 1517 2489 1588 sepimento,
2535 1515 2844 1570 doctrinam
2893 1515 3034 1568 hanc
3073 1511 3351 1567 caelestem
3400 1511 3458 1559 ct

1888 1611 2280 1676 orthodoxam,
2333 1607 2824 1673 communivimus,
2879 1619 3014 1674 quas
3065 1601 3349 1672 perspicua
3400 1603 3458 1648 et

208 1701 366 1757 brevi
395 1704 660 1769 oratione,
693 1721 800 1759 una
829 1707 1252 1775 cognoscendas,
1308 1708 1672 1778 adiunximus.
1731 1706 1841 1763 Nec
1881 1708 2109 1772 interea,
2159 1722 2281 1778 quas
2338 1704 2404 1760 ad
2450 1704 2616 1759 vitam
2659 1710 2805 1758 recte
2850 1699 3238 1755 instituendam
3289 1695 3455 1766 perti-

208 1806 366 1859 nent,
404 1795 632 1866 ﬁdeique
665 1797 977 1852 rectitudini
1009 1799 1378 1852 testimonium
1424 1801 1737 1870 perhibent,
1779 1815 2000 1869 prorsus
2029 1799 2244 1855 silentio
2286 1795 2713 1868 prateribimus.
2764 1791 2926 1847 Certe
2957 1791 3099 1846 sicut
3167 1790 3351 1843 omnia
3380 1788 3456 1844 si-

205 1889 434 1961 gillatim
479 1889 547 1943 ab
584 1888 740 1945 initio
785 1890 921 1944 velle
974 1889 1187 1956 dicere,
1232 1889 1477 1961 ineptum
1528 1901 1653 1957 est;
1701 1893 1776 1946 ita
1813 1891 1954 1948 nihil
1997 1891 2220 1948 omnino
2249 1889 2452 1954 dicere,
2478 1896 2637 1958 turpe
2665 1895 2720 1941 et
2749 1885 3102 1939 inhonestum
3140 1889 3246 1936 est.

281 1980 352 2050 1’.
383 1984 476 2048 Δεῖ
508 1981 564 2034 δὲ
596 1982 693 2045 τὰς
725 1983 922 2053 ἀρετὰς
958 1987 1022 2054 τῇ
1059 1984 1240 2037 πίστει
1283 1985 1742 2056 παραπεπηγέναι
1762 2024 1777 2047 ,

1950 1986 2005 2044 5.
2044 1983 2274 2053 Oportet
2325 1989 2510 2036 autem
2556 1982 2786 2036 virtutes
2821 1987 2876 2034 et
2915 1977 3062 2032 bona
3098 1989 3265 2046 opera
3291 1990 3322 2028 τι
3353 1974 3461 2030 ﬁde

205 2075 305 2128 Ital
324 2075 388 2128 δι’
412 2076 613 2144 ἀμφοῖν
640 2074 730 2128 τὸν
761 2074 1043 2129 σπουδαῖον
1074 2076 1494 2146 καταρτίζεσθαι
1533 2077 1635 2148 (9).
1670 2078 1776 2130 Καὶ

206 2167 320 2238 γὰρ
351 2165 636 2236 δογμάτων
683 2166 782 2236 μὲν
820 2165 1051 2238 εὐθύτης
1095 2167 1374 2233 πολιτείας
1419 2164 1780 2239 προϐάλλεται

207 2259 577 2329 κοσμιότητα,
620 2257 871 2330 πράξεων
919 2259 976 2314 δὲ
1023 2260 1330 2332 καθαρότης
1380 2261 1482 2332 τῆς
1544 2262 1783 2325 πίστεως

206 2349 545 2418 ἀπαγγέλλει
570 2349 823 2420 θειότητα
843 2367 856 2380 '
877 2343 951 2403 ὧν
982 2351 1243 2422 ἑκάτερον
1267 2352 1433 2422 χωρὶς
1461 2350 1556 2405 τοῦ
1590 2352 1780 2423 ἑτέρου

209 2441 342 2511 ῥᾷον
393 2438 580 2494 εἴωθεν
616 2441 874 2512 ὑποῤῥεῖν
908 2441 1004 2494 καὶ
1047 2441 1494 2513 παρασύρεσθαι,
1547 2441 1621 2513 μὴ
1657 2443 1784 2496 ἁνε-

208 2535 439 2604 χόμενον
491 2535 804 2606 καταμόνας
857 2536 1058 2606 ψυχαῖς
1114 2535 1416 2606 ἀνθρώπων
1466 2536 1784 2604 ἐγκατοικί-

208 2622 421 2688 ζεσθαι.
465 2622 625 2678 Ἀλλά
661 2625 791 2695 περὶ
825 2623 923 2695 μὲν
952 2624 1157 2677 τούτων
1182 2625 1276 2678 καὶ
1310 2624 1556 2695 ὕστερον.
1585 2625 1699 2679 Νῦν
1726 2625 1784 2678 δέ

211 2733 297 2769 σοι
323 2715 385 2769 τὸ
409 2717 552 2786 ἱερὸν
575 2717 667 2769 καὶ
694 2717 1021 2790 θεόχρηστον
1043 2718 1142 2788 τῆς
1172 2719 1324 2789 ίερᾶς
1344 2715 1503 2789 ἡμῶν
1531 2718 1783 2790 λατρείας

210 2807 581 2876 ἀνατιθέμεθα
623 2807 876 2880 μάθημα.

286 2903 350 2957 δ’.
408 2906 671 2958 Πιστεύω
714 2906 800 2968 είς
831 2902 942 2957 ἕνα
992 2902 1139 2957 Θεὸν
1178 2902 1411 2970 Πατέρα
1451 2900 1785 2969 παντοκρά-

209 3010 377 3062 τορα,
416 2991 671 3060 ποιητὴν
701 2991 963 3060 οὐρανοῦ
1001 2993 1097 3047 καί
1129 2992 1264 3063 τῆς,
1295 2990 1522 3060 ὁρατῶν
1549 3009 1610 3045 τε
1633 2990 1786 3044 πάν-

213 3102 335 3138 των
366 3087 462 3139 καί
517 3084 808 3152 ἀοράτων.
858 3086 967 3139 Καὶ
997 3087 1084 3150 είς
1129 3084 1240 3138 ἕνα
1286 3085 1505 3152 Κύριον
1554 3083 1788 3150 Ἰησοῦν

211 3179 476 3248 Χριστὸν
498 3218 514 3243 ,
542 3180 648 3233 τὸν
682 3179 817 3232 Υίὸν
849 3178 955 3232 τοῦ
991 3177 1138 3234 Θεοῦ
1180 3177 1285 3231 τὸν
1309 3175 1608 3247 μονογενῆ
1633 3217 1648 3242 ,
1682 3175 1789 3230 τὸν

211 3271 284 3325 ὲκ
320 3271 427 3326 τοῦ
461 3271 689 3340 Πατρός
713 3271 1078 3341 γεννηθέντα
1110 3270 1221 3339 πρὸ
1247 3270 1490 3324 πάντων
1511 3269 1630 3323 τῶν
1655 3268 1788 3323 aid)-

1882 2092 1992 2132 non
2049 2076 2254 2136 divelli.
2300 2074 2395 2130 sed
2437 2074 2694 2143 utrinque
2735 2073 2914 2127 virum
2948 2071 3153 2125 bonum
3185 2066 3374 2138 perﬁci
3404 2076 3462 2121 et

1883 2167 2249 2224 consummari
2291 2185 2304 2220 :
2338 2166 2473 2222 ﬁdes
2506 2165 2665 2220 enim
2687 2173 2833 2218 recta
2862 2177 3044 2217 mores
3070 2161 3324 2231 producit
3358 2160 3460 2214 ho-

1883 2273 2067 2319 nestos
2092 2281 2107 2330 ;
2134 2272 2189 2318 et
2211 2277 2438 2332 operum
2465 2260 2672 2332 puritas
2699 2259 2858 2314 ﬁdem
2891 2274 3012 2314 esse
3035 2257 3274 2312 divinam
3299 2257 3464 2326 plane

1882 2357 2076 2426 probat
2119 2374 2133 2410 :
2184 2355 2419 2409 istorum
2462 2368 2595 2407 vero
2641 2351 2875 2405 alterum
2917 2350 3036 2404 sine
3089 2350 3262 2402 altero
3302 2348 3464 2403 facile

1879 2447 2128 2505 dilIluere
2177 2447 2316 2502 solet
2352 2455 2411 2502 et
2450 2445 2710 2500 aliorsum
2751 2444 2868 2514 rapi
2901 2460 2914 2496 :
2949 2458 3124 2513 neque
3148 2443 3299 2498 enim
3334 2459 3463 2513 pos-

1885 2542 2015 2588 sunt
2053 2532 2303 2602 seiuncta
2349 2541 2407 2588 et
2431 2532 2658 2586 divulsa
2706 2531 2762 2584 in
2802 2530 3000 2586 animis
3040 2529 3325 2585 hominum
3369 2545 3460 2584 se-

1883 2624 2008 2680 dem
2037 2624 2220 2696 ﬁgere.
2255 2624 2363 2679 Sed
2392 2624 2460 2678 de
2489 2623 2607 2677 istis
2641 2621 2948 2677 videbimus
2982 2622 3037 2676 in
3080 2622 3460 2692 sequentibus.

1885 2717 1945 2771 ln
1986 2717 2244 2787 praesenti
2272 2731 2482 2771 sacram
2516 2724 2572 2770 ct
2601 2714 2788 2770 divino
2817 2715 3040 2770 oraculo
3071 2713 3250 2768 fusam
3270 2729 3463 2769 sacro-

1886 2816 2088 2862 sanctae
2116 2815 2316 2862 nostrre
2346 2805 2625 2876 religionis
2653 2805 2956 2859 doctrinam
2982 2812 3461 2875 repraesentamus.

1957 2901 2011 2952 4.
2066 2896 2232 2954 Credo
2267 2899 2324 2952 in
2364 2915 2530 2951 unum
2565 2896 2736 2950 Deum
2774 2896 2997 2951 Patrem
3028 2898 3462 2966 omnipotentem,

1888 2990 2001 3045 caeli
2036 2999 2084 3044 et
2116 2998 2272 3044 terra
2294 2989 2622 3052 Creatorem,
2661 3004 2860 3042 necnon
2913 2987 3200 3041 visibilium
3233 2987 3468 3040 omnium

1887 3099 1951 3136 ac
1987 3081 2329 3136 invisibilium
2367 3096 2386 3134 :
2420 3079 2486 3133 Et
2522 3081 2577 3134 in
2602 3095 2762 3133 unum
2792 3079 3078 3133 Dominum
3101 3078 3279 3133 Jesum
3309 3077 3468 3134 Chri—

1887 3184 2046 3236 stum,
2094 3171 2294 3226 Filium
2326 3173 2422 3227 Dei
2456 3173 2807 3244 unigenitum,
2843 3188 2908 3227 ea:
2932 3171 3094 3226 Patre
3129 3181 3313 3226 natum
3343 3179 3477 3226 ante

1889 3267 2066 3320 omnia
2106 3263 2532 3329 swcula;lumen
2574 3269 2636 3318 de
2679 3264 2917 3330 tantine,
2964 3263 3131 3317 Deum
3176 3280 3357 3318 verum
3402 3263 3472 3317 de

213 3381 360 3418 νων.
390 3361 519 3428 Φῶς
545 3363 612 3417 ἐκ
641 3362 853 3431 φωτὸς,
884 3365 1032 3416 Θεὸν
1061 3361 1353 3426 ἀληθινὸν
1371 3361 1440 3415 ἐκ
1473 3360 1620 3416 Θεοῦ
1647 3361 1790 3428 ἁλη-

1892 3358 1999 3412 Deo
2042 3373 2162 3412 vero
2175 3372 2194 3420 ;
2242 3357 2494 3427 genitum,
2545 3373 2650 3410 non
2679 3357 2911 3426 factum;
2943 3355 3099 3410 Patri
3122 3356 3468 3410 consubstan-

217 3454 422 3508 θινοῦ·
480 3453 878 3522 γεννηθέντα,
935 3454 1006 3506 οὐ
1057 3451 1412 3518 ποιηθέντα·
1465 3452 1791 3520 ὀμοούσιον

217 3545 299 3612 τῷ
333 3549 539 3616 Πατρί,
572 3547 646 3601 δι’
685 3542 754 3602 οὗ
779 3547 852 3600 τὰ
873 3545 1068 3600 πάντα
1097 3545 1332 3616 ἐγένετο
1354 3562 1366 3574 ·
1399 3545 1506 3598 τὸν
1534 3544 1607 3597 δι’
1633 3543 1791 3612 ἡμᾶς

216 3641 362 3706 τοὺς
393 3641 743 3709 ἀνθρώπους
776 3641 874 3694 καὶ
898 3639 994 3712 διὰ
1022 3639 1137 3707 τὴν
1161 3639 1454 3707 ἡμετέραν
1491 3637 1794 3705 σωτηρίαν

219 3734 588 3786 κατελθόντα
640 3731 709 3796 ἐξ
763 3729 1065 3800 οὐρανῶν*
1124 3730 1222 3784 καὶ
1279 3730 1664 3797 σαρκωθένντα
1723 3729 1792 3782 ἐκ

218 3826 566 3894 Πνεύματος
594 3823 768 3892 ἁγίου
785 3824 882 3878 καὶ
918 3824 1144 3891 Μαρίας
1180 3821 1288 3890 τῆς
1318 3821 1626 3889 Παρθένου
1648 3861 1662 3883 ,
1695 3819 1793 3874 καὶ

222 3915 788 3983 ὲνανθρωπήσαντα,
827 3914 1246 3984 σταυρωθέντα
1289 3930 1353 3967 τε
1413 3913 1564 3980 ὑπὲρ
1625 3911 1795 3981 ημῶν

217 4008 318 4062 ἐπὶ
351 4008 602 4061 Ποντίου
632 4006 913 4072 Πιλάτου,
949 4008 1046 4060 καὶ
1077 4008 1364 4072 παθόντα,
1385 4007 1480 4060 καὶ
1513 4005 1792 4074 ταφέντα,

221 4098 322 4153 καὶ
346 4098 693 4154 ἀναστάντα
719 4097 791 4166 τῇ
820 4100 986 4167 τρίτῃ
1012 4098 1200 4168 ἡμέρᾳ
1222 4100 1370 4152 κατὰ
1395 4097 1502 4162 τὰς
1530 4098 1793 4166 Γραφὰς,

220 4191 320 4246 καὶ
380 4191 709 4245 ἀνελθόντα
740 4194 827 4256 εις
866 4191 1005 4257 τοὺς
1047 4191 1342 4260 οὐρανοὺς
1364 4230 1380 4254 ,
1425 4191 1523 4244 καὶ
1566 4188 1798 4250 καθεζό-

215 4301 409 4355 μενον
429 4285 496 4338 ἐν
516 4282 686 4351 δεξιᾷ
704 4284 812 4338 τοῦ
833 4284 1062 4352 Πατρός
1085 4300 1099 4314 ο
1127 4284 1228 4338 καὶ
1257 4283 1444 4338 πάλιν
1471 4284 1799 4354 ἐρχόμενον

217 4374 373 4446 μετὰ
404 4376 588 4443 δόξης
635 4376 832 4445 κρῖναι
861 4375 1081 4442 ζῶντας
1117 4375 1216 4430 καί
1247 4377 1502 4444 νεκρούς
1521 4393 1535 4408 ·
1570 4372 1640 4444 οὗ
1688 4375 1798 4442 τῆς

217 4466 545 4534 ,βασιλείας
578 4469 690 4520 οὐκ
739 4467 910 4522 ἔσται
956 4467 1148 4532 τέλος.
1180 4467 1290 4520 Καὶ
1328 4470 1414 4532 είς
1458 4465 1524 4520 τὸ
1556 4466 1798 4534 Πνεῦμα

223 4557 292 4612 τὸ
330 4558 520 4628 ἅγιον,
550 4560 616 4613 τύ
644 4559 863 4627 Κύριον
895 4559 992 4613 καὶ
1032 4555 1318 4618 ζωοποιὸν
1347 4557 1415 4609 τὸ
1440 4558 1509 4611 ἐκ
1545 4556 1651 4611 τοῦ
1683 4560 1800 4610 Πα-

223 4650 368 4719 τρὸς
395 4650 891 4720 ἐκπορευόμενον,
923 4647 990 4702 τὸ
1022 4649 1142 4702 σὺν
1167 4649 1348 4712 Harp!
1381 4651 1482 4702 καὶ
1526 4646 1635 4712 Υίῷ
1657 4664 1798 4714 προ-

225 4745 652 4813 σκυνούμενον
693 4745 792 4798 καὶ
833 4743 1378 4811 συνδοξαζόμενον,
1410 4742 1477 4794 τὸ
1515 4739 1802 4807 λαλῆσαν

1893 3449 2092 3516 tialem,
2132 3465 2224 3519 per
2257 3465 2408 3519 quem
2442 3450 2620 3502 omnia
2645 3450 2786 3519 facta
2817 3458 2940 3502 sunt
2971 3466 2989 3504 :
3019 3450 3108 3518 qui
3137 3457 3352 3518 propter
3377 3465 3485 3504 nos

1891 3546 2123 3599 homines
2142 3555 2190 3600 et
2210 3553 2421 3614 prapter
2437 3553 2669 3596 nostram
2683 3542 2909 3597 salutem
2924 3542 3186 3595 descendit
3209 3543 3271 3594 de
3292 3541 3432 3596 caelis
3451 3559 3472 3602 ;

1892 3639 2203 3692 incarnatus
2246 3655 2311 3692 ea:
2357 3635 2562 3708 Spiritu
2604 3644 2786 3688 sancto
2831 3643 2880 3689 et
2930 3633 3103 3688 Maria
3144 3632 3387 3704 Virgine;
3421 3641 3474 3688 ot

1893 3733 2045 3785 homo
2089 3732 2259 3802 factus
2311 3739 2408 3794 est,
2447 3728 2829 3798 cruciﬁxusque
2865 3743 2960 3796 pro
2991 3725 3136 3780 nobis
3161 3725 3255 3780 sub
3282 3724 3475 3780 Pontio

1893 3823 2096 3888 Pilato,
2145 3840 2329 3892 passus
2379 3832 2428 3876 et
2478 3821 2745 3891 sepultus;
2797 3830 2846 3874 et
2873 3820 3154 3874 resurrexit
3203 3819 3364 3873 tertia
3388 3818 3476 3873 die

1895 3917 2177 3970 secundum
2219 3914 2556 3983 Scripturas;
2594 3923 2643 3968 et
2672 3915 2906 3968 ascendit
2941 3914 2996 3966 in
3023 3912 3212 3976 cretes;
3243 3922 3292 3966 et
3334 3917 3477 3965 sedet

1897 4025 1931 4061 a
1969 4006 2169 4060 dextris
2198 4003 2378 4058 Patris
2405 4021 2424 4059 :
2450 4013 2498 4058 et
2527 4005 2716 4058 iterum
2753 4014 3002 4056 venturus
3031 4011 3105 4056 est
3133 4018 3250 4054 cum
3279 4000 3490 4071 gloria,

1888 4101 2230 4171 judicaturus
2287 4100 2428 4153 vivos
2483 4109 2640 4169 atque
2679 4108 2950 4162 mortuos;
2992 4097 3140 4166 cujus
3180 4097 3326 4168 regni
3375 4112 3482 4149 non

1897 4192 1996 4246 erit
2031 4191 2150 4254 ﬁnis
2185 4208 2198 4244 :
2236 4190 2312 4244 Et.
2340 4192 2393 4244 in
2417 4189 2677 4258 Spiritum
2700 4199 2954 4244 sanctum
2971 4188 3254 4242 Dominum
3288 4197 3338 4241 et
3373 4203 3480 4242 au-

1899 4290 2093 4336 ctorem
2117 4281 2239 4335 vita:
2258 4298 2276 4344 ;
2298 4281 2387 4350 qui
2409 4280 2695 4350 procedit-a
2724 4278 2924 4343 Patre;
2957 4279 3048 4349 qui
3072 4295 3192 4332 cum
3224 4277 3392 4332 Patre
3415 4293 3481 4330 ac

1901 4371 2035 4426 Filio
2080 4373 2337 4425 adoratur
2384 4380 2433 4424 et
2477 4370 2840 4442 gloriﬁcatur;
2896 4371 2987 4441 qui
3031 4370 3232 4424 locutus
3272 4379 3346 4424 est
3388 4385 3483 4438 per

1901 4463 2180 4533 prophetas
2224 4479 2242 4516 :
2294 4462 2358 4516 In
2388 4479 2546 4516 unam
2572 4461 2882 4516 catholicam
2910 4471 2958 4515 et
2999 4461 3345 4530 apostolicam
3378 4460 3483 4513 Ec-

1902 4556 2133 4610 clesium.
2187 4554 2450 4622 Conﬁteor
2501 4572 2664 4608 unum
2710 4556 2996 4624 baptisma,
3041 4556 3096 4608 in
3128 4555 3484 4608 remissionem

1900 4656 2248 4716 peccatorum.
2293 4646 2546 4711 Exspecto
2575 4649 3013 4703 resurrectionem
3052 4657 3398 4708 mortuorum,
3422 4651 3500 4697 est

1909 4740 2071 4792 vitam
2100 4739 2310 4794 uenturi.
2330 4738 2531 4793 swculi.
2555 4739 2740 4794 Amen.

225 4837 327 4891 διὰ
378 4835 496 4890 τῶν
543 4836 882 4905 προφητῶν.
929 4839 1032 4902 Εἰς
1059 4837 1206 4904 μίαν
1247 4836 1425 4905 ἁγίαν
1471 4832 1803 4899 καθολικὴν
1838 4833 1936 4889 καὶ
1977 4831 2396 4898 ἀποστολικὴν
2444 4834 2836 4901 Ἐκκλησίαν.
2885 4829 3182 4901 Ὁμολογιῦ
3245 4827 3314 4881 ἓν
3365 4827 3484 4891 ,ϐά-

226 4948 460 5002 πτισμα
481 4933 568 4997 εὶς
593 4931 808 5000 ἇςεσιν
829 4929 1126 4999 ἁμαρτιῶν
1146 4946 1161 4961 ·
1189 4928 1506 4999 προσδοκῶ
1533 4926 1892 4982 ἀνάστασιν»
1911 4927 2144 4996 νεκρῶν
2162 4967 2178 4992 ,
2218 4927 2318 4981 καὶ
2343 4925 2497 4995 ζωὴν
2533 4927 2640 4981 τοῦ
2656 4928 2993 4996 μέλλοντος
3019 4921 3254 4986 αίῶνοςι
3274 4917 3478 4987 Ἀμήν,

301 5022 365 5079 ε’.
417 5023 574 5076 Οὕτω
606 5023 894 5093 τοιγαροῦν
923 5023 1136 5094 φρονῶν
1180 5022 1276 5075 καὶ
1317 5021 1622 5084 πιστεύων,
1665 5020 1791 5074 κατά

1983 5023 2036 5077 5.
2091 5023 2171 5076 Ad
2217 5022 2364 5076 hunc
2396 5037 2525 5092 ergo
2548 5021 2769 5075 modum
2800 5017 3043 5072 sentiens
3073 5030 3136 5069 ac
3169 5014 3398 5070 credens
3425 5024 3486 5066 ut

230 5113 335 5184 τὴν
383 5113 682 5184 παράδοσιν
719 5113 817 5183 τῆς
858 5113 1019 5181 ἁγίας
1066 5112 1161 5166 τοῦ
1197 5112 1332 5165 Θεοῦ
1373 5112 1667 5184 καθολικῆς
1706 5113 1803 5165 καὶ

234 5206 603 5276 ἀποστολικῆς
634 5205 980 5277 Ἐκκλησίας,
1001 5199 1046 5260 ὧ
1066 5205 1228 5260 καλὸν
1265 5205 1488 5275 ἄγαλμα
1516 5205 1621 5259 τῶν
1652 5204 1804 5275 ἐμῶν

1912 5114 2214 5170 secundum
2241 5113 2588 5168 traditionem
2628 5119 2828 5166 sanctae
2869 5106 3151 5163 catholica
3187 5114 3241 5160 et
3267 5114 3488 5176 aposto-

1913 5207 2028 5261 licze
2083 5203 2364 5271 Ecclesiae,-
2405 5219 2439 5258 ο
2479 5203 2722 5256 laborum
2763 5213 3014 5253 meorum
3039 5195 3301 5251 eximium
3326 5210 3488 5251 orna-

1741 5341 1971 5399 NOTIE.

309 5463 387 5533 (9)
428 5462 507 5515 Δι’
539 5453 764 5531 ἀμφοῖν
801 5461 909 5533 τὸν
950 5461 1304 5533 σπουδαῖον-
1328 5458 1791 5533 καταρτίζεσθαι.

239 5529 480 5606 lgnatitts
524 5529 590 5587 in‘
621 5534 718 5606 illa
766 5531 832 5606 ad
873 5534 1093 5606 ΔΕβίι-εε.
1156 5530 1335 5606 ἈρχὴΔ
1374 5529 1557 5599 ζωῆς,
1610 5530 1812 5606 πίστις,

725 5619 740 5634 ο
775 5603 843 5654 τὰ
869 5599 1087 5662 δὲ’δύο,
1147 5599 1464 5669 ὲνὲνότητι
1519 5599 1809 5668 γενόμενα,

237 5675 376 5729 Θεοῦ
403 5671 1000 5743 ἀνθρωπονίάποτελεῖο
1040 5675 1108 5726 τὰ
1136 5673 1189 5725 δὲ
1215 5672 1350 5726 ἄλλα
1376 5671 1560 5743 πάντα
1590 5671 1668 5733 είς
1709 5686 1812 5743 κα-

239 5604 395 5665 τέλος
423 5604 501 5667 δὲ,
531 5605 716 5672 ἀγάπη

237 5741 577 5812 λοκαγαθίαν
601 5742 870 5796 ἀκόλουθὰ
895 5746 1060 5796 ἐστιν·
1100 5744 1276 5804 οὐδεὶς
1324 5742 1506 5793 πίστιν
1537 5741 1809 5812 ἐπαγγελ-

242 5810 469 5886 λόμενος
503 5815 703 5886 ὀφείλει
736 5815 1092 5886 ἀμαρτάνειν,
1132 5815 1252 5867 οὐδὲ
1288 5814 1510 5880 ἀγάπην
1537 5810 1813 5886 κεκτημέ-

247 5881 338 5950 νοξ
372 5881 555 5957 μισεῖν
578 5885 668 5938 τὸν
693 5881 938 5953 ἀδελφόν.
970 5884 1068 5940 Ubi
1092 5887 1240 5948 τέλος
1272 5900 1378 5938 non
1407 5896 1490 5939 est
1529 5892 1636 5938 tam
1664 5881 1806 5950 ﬁnis,

1904 5466 1964 5512 ut
1981 5464 2198 5512 vertunt
2216 5457 2558 5525 interpretes.
2579 5466 2746 5525 quam
2761 5449 3039 5525 τελείωσις
3054 5447 3327 5525 ρειγέοιὶρἶ
3341 5446 3488 5502 Idem

1920 5530 2110 5583 beatus
2177 5517 2384 5596 martyr
2425 5517 2631 5596 iterum
2699 5523 2832 5596 ait:
2898 5521 2963 5572 Οί
3016 5517 3490 5596 Δίετιαγγελλόμεείίοι

1918 5579 2155 5668 Ξίῇιξςὲὶιῡ
2178 5579 2343 5658 um:
2383 5595 2483 5668 οὐκ
2506 5594 2565 5658 ἐξ
2595 5587 2669 5646 ὧν
2698 5593 2920 5668 λέγουσι
2958 5579 3398 5668 Linamenta;
3415 5579 3489 5668 ᾦν

1917 5655 2216 5742 πράττουσι
2247 5655 2636 5742 γνωρίζονται·
2659 5655 2985 5742 ,ὲκ-γὰρποῦ
3030 5657 3244 5742 καρποῦ
3283 5657 3344 5742 ἐδ
3372 5655 3490 5742 δέν;

1914 5725 2040 5810 δρον
2066 5725 2508 5810 γινώσκεται.”Α
2521 5737 2702 5806 μεινόν
2744 5725 2859 5789 ἐστὶ
2889 5725 3117 5798 σιωπᾷνή
3139 5728 3232 5780 καὶ
3264 5725 3423 5790 εἶναι,
3453 5725 3505 5797 ἦ,

1913 5805 2089 5866 λαλεῖν
2116 5809 2208 5868 καὶ
2245 5808 2318 5879 μὴ
2353 5805 2512 5862 εἶναι.
