3996 6466
579 425 674 490 631

1745 424 2002 488 ΡΗΟΤΙΙ
2041 427 2546 491 ΡΑΤΒΙΑΒΟΗΕ
2593 431 2700 493 CP.

3723 433 3820 497 632

579 541 845 594 mentum,
893 547 1077 587 sacras
1121 540 1177 588 et
1222 533 1590 588 (acumenicas
1641 543 1850 603 septem
1904 535 2156 606 synodos,

2265 538 2441 591 πόνων
2481 539 2591 609 (10)
2613 584 2626 602 ,
2671 541 2770 603 τὰς
2793 541 2954 609 ἁγίας
2982 543 3074 596 καὶ
3101 543 3482 612 οἰκουμενικάς
3512 543 3655 597 ἑπτὰ
3688 547 3818 598 συνό-

567 625 777 694 .partim
833 633 1091 695 tanquam
1124 626 1344 696 pietatis
1371 626 1681 692 magistras,
1705 627 1904 696 partim
1936 637 1996 682 ut
2028 644 2156 699 pro-

579 716 947 786 pugnatrices,
991 717 1206 786 suscipe
1253 725 1310 770 et
1347 716 1676 786 amplectere
1708 734 1720 770 :
1755 716 1860 771 Per
1915 718 2035 773 illas
2074 726 2158 772 et-

582 807 728 862 enim
747 818 801 862 et
822 808 1031 862 illarum
1062 823 1163 878 ope
1193 809 1373 862 omnis
1400 809 1701 874 innovatio,
1727 810 1950 865 haeresis
1978 810 2157 865 omnis

587 901 906 970 repellitur:
954 912 1010 955 et
1055 901 1200 971 quod
1253 901 1618 956 orthodoxum
1667 911 1768 966 est,
1815 917 1954 971 puro
1988 912 2044 956 et
2089 901 2157 955 ab

585 992 821 1062 antiquis
869 992 1070 1052 tradito
1120 993 1402 1048 intellectu
1451 1003 1830 1059 conservatur,
1893 1003 2055 1062 atque
2101 993 2157 1046 in

581 1084 797 1154 piorum
849 1083 1144 1147 mentibus,
1182 1083 1530 1141 dubitatione
1563 1085 1806 1144 exclusa.
1836 1085 2155 1140 collocatur.

582 1175 785 1229 Harum
837 1191 936 1244 ego
975 1177 1303 1247 synodorum
1342 1177 1709 1232 narrationem
1739 1175 2030 1248 aggredior
2068 1175 2156 1230 in-

584 1268 848 1334 stituere;
889 1269 1067 1322 locum
1122 1270 1313 1335 simul,
1355 1284 1670 1335 numerum,
1719 1269 2155 1333 multitudinem,

582 1358 840 1427 praesides
897 1375 1060 1429 porro
1108 1361 1465 1431 singularum,
1509 1377 1614 1415 una
1655 1376 1780 1416 cum
1833 1361 2157 1426 actionibus,

583 1466 691 1521 quo
720 1467 808 1506 res
842 1453 1036 1508 melius
1069 1453 1458 1525 intelligantur,
1487 1454 1877 1523 descripturus.

655 1545 709 1598 6.
752 1543 932 1600 Prima
973 1547 1093 1600 ideo
1131 1548 1368 1618 synodus
1395 1548 1719 1603 universalis
1754 1549 1895 1618 apud
1924 1547 2158 1602 Nicaeam

583 1633 851 1706 Bithynia:
895 1637 1170 1692 civitatem
1230 1647 1416 1692 coacta
1479 1639 1602 1693 fuit.
1664 1639 2046 1693 Convenerant
2095 1654 2161 1694 eo

585 1726 813 1780 trecenti
855 1727 1044 1782 decem
1091 1738 1144 1782 et
1171 1737 1294 1783 octo
1333 1729 1425 1783 Dei
1452 1729 1765 1785 sacerdotes
1796 1747 1809 1782 :
1837 1730 1905 1784 de
1934 1730 2160 1784 veritate

580 1819 847 1889 judicium
913 1823 1112 1877 latum.
1173 1821 1338 1876 Erant
1391 1821 1549 1876 istius
1611 1831 1788 1878 cretus
1846 1821 2157 1892 principes.

584 1912 894 1966 Alexander
933 1911 1597 1983 Constantinopolitanum
1642 1913 2158 1983 archiepiscnpalem

588 2005 851 2059 thronum
903 2005 1127 2060 sortitus
1177 2006 1664 2061 administrandum
1729 2007 1868 2077 (erat
1933 2005 2026 2060 ille
2080 2006 2164 2060 vir

584 2097 858 2168 profunda
915 2097 1131 2167 quidem
1181 2099 1404 2161 canitie,
1453 2108 1508 2153 et
1545 2097 1820 2154 consimili
1851 2097 2159 2165 prudentia,

587 2191 943 2253 venerabilis;
986 2191 1276 2261 plurimam
1311 2205 1476 2260 porro
1509 2191 1796 2260 possidens
1822 2191 1966 2260 apud
1995 2189 2162 2244 Deum

586 2282 862 2344 ﬁduciam,
902 2291 1125 2353 propter
1167 2284 1292 2338 vita:
1328 2283 1676 2353 splendorem
1701 2324 1716 2346 .
1758 2282 1926 2342 animi
1963 2282 2166 2337 sancti-

589 2375 852 2439 moniam,
886 2383 942 2429 et
969 2386 1278 2430 accuratam
1315 2374 1438 2430 ﬁdei
1477 2375 1895 2446 professionem)
1927 2393 1939 2429 :
1990 2375 2086 2429 sed
2112 2383 2170 2430 et

590 2467 818 2538 insuper
849 2467 1114 2524 Silvester
1144 2478 1310 2538 atque
1343 2468 1522 2524 Julius
1542 2469 1787 2539 insignes
1812 2467 1888 2522 illi
1917 2467 2163 2523 celeber-

585 2561 822 2632 rimique
860 2562 1118 2617 Romanae
1151 2561 1411 2616 Ecclesia
1450 2562 1735 2632 przesules,
1765 2571 1962 2616 neuter
1987 2569 2167 2614 tamen

587 2668 781 2708 eorum
816 2653 1176 2723 personaliter
1208 2667 1470 2722 praesens,
1500 2652 1731 2707 aderant
1763 2671 1776 2707 :
1813 2651 1908 2706 sed
1939 2661 2169 2721 uterque

582 2762 688 2802 sua
727 2747 869 2813 vice,
914 2747 1000 2800 sui
1025 2747 1374 2816 pontificatus
1409 2757 1674 2816 tempore,
1717 2743 1904 2798 Vitum
1945 2753 2000 2799 et
2033 2741 2170 2797 Vin-

589 2839 854 2900 centium,
888 2840 1168 2893 communi
1208 2839 1281 2892 illi
1317 2839 1602 2893 consessui
1634 2837 1830 2893 adesse
1863 2837 2168 2908 jusserunt,

593 2931 847 2987 homines
886 2933 1086 2986 virtute
1128 2933 1404 3002 przeditos,
1437 2932 1639 3002 quique
1671 2931 1738 2986 ad
1767 2931 2172 3001 presbyteratus

593 3025 909 3093 dignitatem
955 3026 1314 3080 ascenderant
1359 3043 1372 3077 :
1416 3039 1541 3078 cum
1575 3023 1774 3093 quibus
1807 3032 1865 3077 et
1908 3021 2174 3076 Cordubae

594 3117 884 3188 episcopus
927 3118 1168 3188 (Hosius)
1203 3118 1544 3182 sociabatur;
1576 3117 1668 3187 qui
1702 3131 1798 3186 per
1830 3117 2173 3186 Paganorum

2257 627 2400 693 δους,
2430 629 2528 692 τὰς
2565 629 2666 698 μὲν
2694 630 2768 694 ώς
2792 631 3168 695 διδασκάλους,
3199 633 3298 696 τὰς
3324 634 3380 685 δὲ
3409 631 3486 696 ὡς
3516 633 3818 703 προμάχους

2256 719 2358 788 τῆς
2384 720 2684 785 εὐσεϐείας,
2714 722 2975 792 ἀποδέχου
3001 724 3096 776 καὶ
3131 724 3379 796 περίεπε.
3419 725 3498 777 Δι’
3524 724 3707 777 αὐτῶν
3728 726 3822 796 γὰρ

2258 815 2410 867 πᾶσα
2459 815 2782 884 καινοτομία
2820 817 2914 870 καὶ
2959 819 3171 889 αἵρεσις
3217 818 3621 871 ἀπελαύνεται·
3666 819 3727 872 τὸ
3772 818 3820 871 δὲ

2256 905 2356 974 τῆς
2387 904 2694 975 ὀρθοδοξίας
2719 908 2998 977 ἀκήρατον
3029 911 3124 962 καὶ
3164 908 3673 979 ἀρχαιοπαράδοτον
3707 911 3820 979 φρό-

2259 1013 2407 1066 νημα
2455 999 2576 1060 ταῖς
2614 998 2982 1052 εὐσεϐούντων
3023 999 3222 1069 ψυχαῖς
3261 1001 3340 1063 είς
3384 1000 3710 1053 ἁδίστακτον
3739 1015 3817 1050 σε-

2259 1088 2598 1159 ϐασμιότητα
2629 1089 3032 1162 καθιδρύνεται.
3070 1085 3169 1144 Ὧν
3203 1093 3527 1162 ἀπάρχομαι
3569 1090 3667 1160 τὴν
3697 1091 3818 1161 ἀφή-

2259 1197 2447 1252 γησιν,
2486 1182 2581 1234 καὶ
2612 1181 2777 1235 τόπον
2801 1223 2814 1246 ,
2867 1184 2961 1235 καὶ
3013 1183 3245 1254 ἀριθμὸν
3278 1183 3372 1236 τοῦ
3410 1183 3690 1252 πλήθους,
3742 1183 3819 1235 καὶ

2257 1275 2387 1337 τοὺς
2447 1275 2723 1347 ἀρχηγοὺς
2795 1277 3067 1348 ἑκάστης,
3133 1277 3293 1347 χάριν
3358 1277 3664 1348 εὐμαθίας,
3719 1277 3818 1339 ταῖς

2257 1367 2486 1432 οἰκείαις
2522 1368 3068 1441 συνυποτυπούμενος
3096 1373 3121 1411 3
3153 1370 3433 1444 πράξεσιν.

2331 1545 2404 1612 ς’.
2451 1547 2516 1600 Ἦ
2553 1546 2732 1600 τοίνυν
2766 1545 2957 1617 πρώτη
2985 1548 3077 1600 καὶ
3121 1547 3472 1619 οἰκουμενικὴ
3505 1547 3639 1615 ἀγία
3684 1546 3816 1600 σύνο-

2259 1638 2367 1703 δος,
2412 1639 2470 1691 ἐν
2494 1641 2556 1708 τῇ
2590 1637 2730 1691 κατὰ
2755 1638 3010 1692 Βιθυνίαν
3035 1639 3240 1709 Νικαίᾳ⁸
3272 1639 3669 1710 συνεκροτήθη·
3692 1639 3816 1692 ὀκτὼ

2258 1731 2351 1782 καὶ
2380 1728 2513 1782 δέκα
2543 1729 2600 1781 δὲ
2635 1729 2935 1798 τριακόσιοι
2967 1728 3100 1800 (Η),
3134 1729 3294 1782 θείων
3350 1728 3658 1799 ἀρχιερέων
3691 1731 3813 1799 ὁμήο

2262 1840 2439 1892 γυρις,
2472 1822 2570 1892 τὴν
2618 1823 2716 1892 τῆς
2760 1821 3020 1893 ἀληθείας
3050 1821 3230 1891 κρίσιν
3265 1821 3683 1892 ἐνεχειρίζοντο.
3727 1816 3812 1874 Ὧν

2261 1910 2400 1983 ἦσαν
2430 1913 2778 1984 προέχοντες,
2820 1913 3169 1983 Ἀλέξανδρός
3193 1931 3275 1977 τε,
3308 1915 3336 1966 ό
3369 1913 3462 1965 τὸν
3488 1913 3814 1965 Κωνσταντι-

2262 2007 2568 2070 νουπόλεως
2619 2007 3008 2079 ἀρχιερατικδν
3056 2008 3244 2079 θρόνον
3281 2005 3469 2077 λαχὼν
3501 2004 3814 2059 διευθύνειν·

2265 2099 2406 2170 ἀνὴρ
2434 2099 2624 2172 βαθείᾳ
2659 2101 2758 2171 μὲν
2788 2099 2969 2172 πολιᾷ,
3011 2100 3384 2172 παραπλησίῳ
3420 2099 3480 2152 δὲ
3508 2099 3818 2170 φρονήματι,

2267 2192 2686 2261 σεμνυνόμενος,
2715 2193 2832 2263 βίου
2860 2195 2917 2248 δὲ
2939 2192 3286 2264 λαμπρότητι
3310 2192 3408 2246 καὶ
3438 2192 3682 2260 ὁσιότητι
3705 2192 3819 2259 γνώ-

2269 2299 2376 2354 μης
2411 2283 2506 2338 καὶ
2542 2284 2776 2348 πίστεως
2813 2284 3069 2357 ἀκριϐείᾳ
3097 2285 3196 2354 τὴν
3224 2286 3305 2347 εἰς
3342 2283 3404 2336 τὸ
3438 2283 3585 2336 θεῖον
3625 2285 3819 2353 παρρη-

2269 2375 2388 2429 σίαν
2409 2375 2607 2446 πολλὴν
2643 2377 3010 2449 οἰκειούμενος
3054 2394 3068 2408 ·
3100 2377 3196 2430 καὶ
3241 2377 3306 2448 δὴ
3352 2378 3448 2428 καὶ
3503 2373 3817 2442 Σίλϐεστροε,

2268 2468 2360 2520 καὶ
2421 2466 2676 2531 Ἰούλιος,
2746 2468 2847 2538 τῆς
2909 2466 3226 2537 Ῥωμαῖκῆς
3290 2465 3622 2536 Ἐκκλησίας
3697 2465 3817 2534 (ίὲ)

2268 2563 2529 2634 ὲπίσημοί
2570 2581 2630 2616 τε
2682 2563 2779 2618 καὶ
2823 2564 3097 2635 διαϐόητοι
3151 2563 3446 2634 πρόεδροι·
3504 2562 3684 2616 αὐτῶν
3743 2563 3820 2631 μὲν

2268 2654 2544 2725 οὐδέτερος
2579 2654 2987 2727 παραγεγονώς.
3045 2654 3250 2708 Βίτωνα
3293 2655 3350 2708 δὲ
3397 2654 3491 2707 καὶ¹
3533 2653 3818 2718 Βικέντιον,

2270 2747 2530 2819 ἑκάτερος
2559 2747 2676 2802 ἀνθ’
2717 2749 2933 2814 ἑαυτοῦ,
2975 2747 3115 2800 κατά
3146 2746 3236 2800 τὸν
3276 2749 3477 2799 οἰκεῖον
3515 2746 3616 2813 τῆς
3659 2747 3822 2815 ἀρχιε-

2276 2838 2492 2910 ρατείας
2533 2839 2722 2910 χρόνον
2745 2881 2761 2905 ,
2791 2842 2854 2910 τῇ
2887 2841 3042 2910 κοινῇ
3080 2840 3334 2909 παρεῖναι
3366 2837 3678 2890 συνελεύσει
3716 2853 3822 2905 προ-

2273 2931 2613 3002 ϐαλλόμενοι,
2648 2931 2968 3003 ἀνθρώπους
2994 2932 3195 3003 ἀρετὴν
3217 2930 3518 3001 τιμῶντας,
3547 2930 3644 2982 καὶ
3685 2931 3754 2990 εἰς
3775 2929 3826 2980 τὸ

2271 3022 2365 3074 τοῦ
2410 3023 2805 3094 πρεσϐυτερίου
2845 3024 3060 3093 ἀξίωμα
3093 3021 3598 3093 παραγγέλλοντας.
3634 3013 3722 3082 Οἷς
3749 3022 3827 3071 καὶ

2273 3117 2302 3167 ὁ
2336 3116 2648 3186 Κορδούϐης
2688 3117 3018 3179 Ἐπίσκοπος
3044 3116 3404 3170 συνετέτακτο
3425 3131 3439 3145 ⁸
3470 3115 3530 3178 ὃς
3559 3115 3697 3166 κατὰ
3721 3114 3826 3175 τοὺς

595 3211 1008 3281 persecutiones
1052 3226 1254 3265 nomen
1292 3209 1396 3265 sibi
1438 3209 1710 3265 veraciter
1738 3209 2047 3278 impositum
2077 3207 2164 3261 de-

2286 3208 2630 3278 Ἐλληνικοὺς
2682 3208 2956 3278 διωγμοὺς
3006 3209 3106 3278 τὴν
3164 3208 3360 3277 κλῆσιν
3410 3206 3827 3277 ἐπαληθεύουσιν

595 3301 899 3357 claraverat
950 3324 962 3358 :
1004 3301 1202 3357 Hosius
1233 3305 1379 3357 enim
1407 3302 1468 3370 (i.
1502 3317 1554 3356 e.
1584 3301 1829 3365 sanctus)
1859 3299 2172 3355 nmninatus

596 3410 789 3465 puram
835 3402 892 3448 et
949 3403 1194 3449 sanctam
1253 3393 1652 3464 professionem
1690 3407 1722 3446 a
1763 3392 1914 3447 cultu
1947 3389 2173 3446 idolola-

597 3488 735 3543 trico
765 3497 1137 3543 conservarat.
1381 3477 1394 3488 “

667 3579 723 3636 7.
765 3581 966 3635 Aderat
1014 3581 1177 3634 etiam
1223 3589 1276 3634 et
1319 3577 1661 3633 Alexandria:
1709 3575 1996 3646 episcopus
2042 3573 2171 3627 Ale-

595 3674 826 3737 xander,
857 3674 942 3727 vir
972 3674 1136 3728 rebus
1158 3681 1345 3728 sancte
1379 3679 1434 3726 et
1455 3671 1712 3742 prteclare
1736 3668 1898 3740 gestis
1918 3666 2171 3720 eximius.

595 3762 838 3817 Adduxit
878 3763 968 3817 ille
1010 3777 1194 3818 secum
1238 3762 1646 3818 colluctatorem
1692 3767 1748 3813 et
1795 3755 2172 3818 Athanasium,

599 3854 690 3926 qui
731 3864 862 3910 tunc
895 3855 1245 3912 diaconorum
1277 3853 1624 3926 primicerius
1662 3860 1818 3913 erat,
1861 3855 1983 3916 post
2013 3845 2178 3918 paulo

2276 3298 2496 3363 ἔδειξεν.
2533 3299 2719 3362 "Octo;
2759 3300 2868 3370 γάρ
2913 3299 3311 3369 ὀνομαζόμενος
3356 3298 3621 3368 ἀϐέϐηλον
3684 3295 3825 3350 αὐτοῦ

2275 3389 2374 3460 τὴν
2405 3390 2695 3461 ὁμολογίαν
2717 3391 2813 3461 τῆς
2841 3391 3122 3462 είδωλικῆς
3149 3391 3402 3463 λατρείας
3439 3391 3768 3464 διετήρησεν.

2347 3571 2414 3634 ζ’.
2455 3572 2512 3624 Ὀ
2576 3571 2760 3641 μέντοι
2810 3569 3215 3641 Ἀλεξανδρείας
3266 3570 3640 3642 Ἀλέξανδρος,
3693 3571 3827 3633 αὑτός

2277 3679 2337 3716 τε
2380 3664 2563 3734 παρῆν
2605 3665 2772 3734 ἱεροῖς
2817 3665 2874 3716 ὲν
2900 3664 3216 3734 διαπρέπων
3245 3663 3668 3734 κατορθώμασιν
3695 3680 3708 3693 ·
3739 3658 3824 3731 ἦγε

2279 3755 2336 3807 δὲ
2371 3757 2772 3824 συναγωνιστὴν
2791 3755 2968 3826 ἐαυτῷ
2996 3757 3090 3810 καὶ
3149 3756 3489 3821 Ἀθανάτων,
3515 3757 3574 3821 ὃς
3610 3757 3722 3809 τότε
3745 3756 3825 3825 μὲν

2281 3847 2376 3900 τοῦ
2408 3847 2686 3918 τάγματος
2714 3847 2821 3902 τῶν
2845 3848 3104 3902 διακόνων
3129 3849 3314 3920 ἡγεῖτο
3332 3864 3346 3880 ⁸
3380 3851 3504 3920 μετ’
3525 3849 3588 3903 οὐ
3612 3849 3732 3903 πολὺ
3757 3847 3824 3912 δὲ,

1889 3989 2118 4047 VARUE
2156 3989 2449 4046 LECTION
2457 3990 2559 4045 ES.

2119 4129 2352 4185 NOTAE.

678 4072 702 4110 8
731 4067 890 4124 ἴση..
923 4085 1067 4130 νους.

673 4238 785 4310 (iii)
813 4232 890 4310 Ὦ
923 4236 1114 4310 καλὸν
1141 4235 1380 4310 ἄγαλμα
1402 4229 1521 4286 τῶν
1547 4229 1708 4310 ego")?
1736 4231 1956 4284 πόνων.
1985 4229 2175 4310 Simile

605 4301 692 4367 est
713 4301 864 4378 illud:
894 4318 950 4364 et
973 4309 1133 4378 plane
1150 4301 1471 4378 genuinum
1501 4344 1515 4367 ,
1563 4303 1617 4378 in
1653 4303 1761 4378 fine
1778 4301 2174 4378 *παραινέσεως

608 4381 766 4437 istius
825 4375 872 4436 ὦ
915 4371 1020 4432 τῶν
1067 4371 1214 4445 ἐμῶν
1263 4373 1652 4445 πνευματικῶν
1691 4371 1897 4445 ὠδίνων
1953 4371 2175 4445 εὐγενὲς

608 4451 705 4507 καὶ
738 4455 959 4522 γνήσιον
980 4442 1242 4517 γέννημα.
1262 4445 1430 4522 Ωιιοεί
1448 4443 1643 4522 Phqtio
1663 4443 1991 4512 praedicante
2013 4442 2176 4522 θρεο-

609 4523 685 4577 ris
709 4511 797 4576 ille
814 4511 1164 4590 Bulgarorum
1194 4517 1447 4590 princeps
1461 4513 1528 4566 ad
1546 4511 1704 4590 fidem
1727 4528 2024 4568 conversus
2045 4511 2179 4590 fuis-

608 4601 710 4648 set.
731 4592 885 4658 Quod
903 4583 1008 4643 [ἶοη
1037 4588 1130 4650 ita,
1146 4583 1240 4641 sed
1258 4586 1349 4639 illo
1366 4584 1608 4658 fortassis
1626 4591 1951 4658 procurante
1965 4583 2185 4658 modum

607 4653 1002 4718 convcrsionis.
1031 4658 1217 4712 Refert
1237 4658 1382 4712 enim
1411 4653 1650 4710 Joannes
1671 4653 2028 4723 Curopalates
2047 4653 2190 4721 apud

607 4735 902 4788 Baronium
934 4733 1082 4798 (nam
1115 4743 1284 4797 penes
1310 4743 1396 4798 me
1418 4727 1553 4782 liber
1576 4741 1685 4780 non
1707 4732 1833 4798 est),
1859 4725 1962 4798 hoc
1985 4724 2187 4798 modo‘:

609 4803 880 4873 Principis
906 4794 1056 4854 soror
1093 4794 1301 4873 captiua
1334 4797 1798 4873 Contantinopoli‘n
1837 4794 2088 4873 adducta,
2115 4795 2190 4873 ﬁt

610 4863 938 4936 Christiana;
963 4863 1212 4949 ctpostéa
1243 4871 1454 4949 domum
1484 4863 1715 4949 reversa,
1745 4867 1902 4949 fratri
1927 4863 2192 4947 Christia-

611 4959 801 4998 norum
823 4942 1124 5011 mysterium
1146 4939 1514 5011 commendatt
1547 4948 1596 5011 et
1633 4939 1765 5011 fidei
1794 4953 1965 5011 semen
1993 4939 2191 5011 in‘ejus

612 5031 702 5068 cor
719 5006 1190 5083 spargit.Cumque
1207 5011 1463 5083 deinceps
1488 5006 1700 5083 Bulgari
1718 5008 1787 5060 ab
1813 5007 2015 5076 ingenti
2050 5006 2192 5061 fame

611 5081 1121 5154 pren‘tereutur._ad
1169 5083 1334 5135 Deum
1384 5081 1964 5154 Christianorumuper
1999 5091 2192 5154 preces

611 5147 872 5223 princeps
909 5152 1169 5221 confugit,
1206 5153 1366 5222 idque
1390 5147 2019 5223 gentirsibiusn‘bditw,ut
2045 5149 2190 5203 face-

613 5218 759 5288 rent,
796 5218 1044 5294 imperat.
1082 5218 1370 5293 impetrato
1394 5218 1622 5281 auxilio,
1651 5221 1723 5294 _tit
1745 5218 2106 5294 Christianus,
2136 5227 2192 5294 et

615 5311 714 5364 per
745 5289 1080 5364 episcopum,
1129 5289 1199 5348 ob
1251 5294 1305 5348 id
1350 5295 1600 5347 missum.
1651 5289 1978 5364 baptizatur.
2020 5289 2189 5364 Δριιυά

617 5358 741 5419 cum
765 5358 946 5420 Photii
967 5366 1244 5436 auspiciis,
1269 5374 1326 5436 et
1353 5381 1449 5433 per
1467 5364 1586 5430 ejus
1605 5360 1988 5436 auctoritatem
2012 5358 2186 5436 fieret,

619 5445 810 5506 utpote
840 5438 982 5506 quod
1014 5432 1160 5491 esset
1195 5436 1254 5489 P.
1294 5432 1568 5506 C.,_il|um
1605 5432 1678 5485 ita
1711 5438 1888 5496 vocat,
1920 5437 2033 5484 tum
2063 5432 2191 5500 γέν-

617 5504 787 5573 νημα,
821 5504 932 5561 tum
961 5507 1202 5576 ἄγαλμα,
1238 5516 1349 5559 tum
1383 5504 1604 5576 θρέμμα
1646 5518 1825 5576 suum.

691 5570 735 5649 (1
756 5579 800 5648 ι)
830 5570 1162 5648 Legendum,
1189 5576 1335 5649 ᾧκτὼ
1363 5570 1454 5627 καὶ
1470 5570 1601 5626 δέκα
1622 5574 1713 5649 καὶ
1742 5571 2060 5649 τριακόσιοι.
2089 5570 2192 5627 Tot

619 5645 791 5714 cnim,
837 5645 980 5716 quod
1017 5647 1362 5701 notissimum
1405 5655 1505 5709 est,
1552 5645 1792 5714 episcopi
1820 5653 2191 5698 convenerant

619 5718 674 5772 in
707 5718 938 5774 concilio
959 5719 1200 5772 Nicmno.

693 5790 804 5858 (12)
829 5789 937 5844 Καὶ
959 5788 1027 5841 δὲ
1059 5789 1158 5841 καὶ
1188 5788 1546 5856 Σίλϐεστρος
1569 5787 1680 5855 τῆς
1705 5785 2038 5858 Ῥωμαῖκῆς
2065 5787 2188 5840 Ἑκ-

621 5856 907 5928 κλησῖας.
940 5859 1068 5914 Vult
1087 5858 1377 5915 concilium
1400 5859 1676 5915 Nicaenum
1705 5859 1806 5914 sub
1841 5856 2103 5922 Silv,cstro
2134 5871 2190 5913 et

2280 4225 2422 4280 Julio
2450 4230 2812 4285 celebratum:
2842 4232 2986 4300 quod
3013 4241 3096 4285 est
3125 4229 3500 4286 falsissimum.
3518 4231 3688 4286 Julius
3709 4229 3832 4285 enim

2282 4301 2866 4372 successitSilvestro;
2911 4311 2966 4356 at
3008 4302 3270 4372 Silvester
3299 4301 3535 4356 concilio
3566 4301 3836 4372 supervixit

2281 4369 2469 4437 plures
2499 4387 2692 4428 annos.
2734 4371 2932 4428 Verum
2963 4388 3072 4426 non
3100 4371 3324 4425 Photius
3355 4374 3504 4427 solus
3541 4369 3680 4426 hunc
3705 4387 3836 4426 erro-

2282 4453 2397 4513 rem
2438 4443 2659 4506 erravit,
2695 4444 2787 4498 sed
2817 4454 2874 4498 et
2898 4451 3089 4497 auctor
3115 4442 3374 4512 Synopsis
3405 4443 3725 4513 synodorum
3754 4456 3839 4513 per

2293 4508 2659 4567 Hceschelium
2705 4513 2905 4568 editus.
2947 4515 3012 4567 Et
3052 4508 3200 4566 illum
3240 4508 3482 4566 errorem
3527 4514 3691 4567 altero
3722 4508 3838 4566 insi-

2297 4584 2469 4654 gniori
2516 4594 2694 4655 auget,
2721 4585 2810 4652 qui
2845 4583 3426 4655 decimorConstantini
3459 4599 3605 4638 anno
3635 4584 3839 4655 aﬂirmat

2297 4653 2983 4710 concilium'celebratum.
3044 4654 3167 4709 Haec
3195 4654 3340 4707 enim
3380 4655 3456 4707 ait
3500 4672 3512 4707 :
3561 4656 3731 4723 Καὶή,
3754 4653 3838 4720 μὲν

2296 4725 2488 4796 πρώτη
2543 4725 2758 4788 σύνοδος
2792 4727 3015 4794 γέγονεν
3069 4727 3126 4780 ὲν
3153 4724 3358 4796 Νικαίᾳ
3497 4726 3706 4796 δεκάτῳ,
3743 4726 3838 4796 East

2294 4801 2394 4866 τῆς
2426 4795 2700 4863 βασιλείας
2730 4797 3142 4850 Κιυνσταντίνου
3171 4795 3265 4847 τοῦ
3303 4795 3550 4866 μεγάλου
3579 4795 3836 4864 βασιλέως,

2295 4865 2358 4930 ὃς
2389 4867 2734 4938 ἐϐασίλευσεν
2767 4867 2862 4937 ἔτη
2893 4869 2996 4938 ληε.
3029 4867 3182 4932 Quod
3202 4875 3498 4938 utrumque
3531 4865 3719 4938 falsum
3747 4874 3836 4938 est.

2296 4939 2538 5008 ὑπῆρχον
2572 4937 2630 4989 δὲ
2657 4933 2892 5006 πατέρες
2914 4933 2978 4990 τί.
3017 4943 3069 4992 ι’.
3094 4943 3164 5006 η’.
3197 4933 3424 5008 δγῐιοόό
3443 4937 3736 5008 principem
3775 4933 3840 4985 Io-

2295 5006 2421 5063 cum
2449 5006 2775 5063 Jebtinuisse
2824 5009 2898 5063 ibi
2946 5008 3203 5070 dicuntur
3241 5006 3520 5062 b‘ilvestcr
3564 5006 3840 5064 Romanus,

2294 5081 2602 5134 Alexander
2623 5079 3280 5149 Constantinopolitanus.
3304 5077 3844 5149 Alexanderélexan-

2296 5152 2445 5211 driae,
2501 5149 2812 5203 Eustathius
2859 5147 3176 5209 Antiochi-aa.
3223 5157 3275 5201 et
3313 5149 3576 5202 Macarius
3610 5147 3845 5201 Hieroso-

2295 5221 2607 5290 lymitanus,
2668 5221 2907 5293 episcopi
2964 5219 3324 5293 :_Sozomen,
3378 5219 3474 5293 lib.
3516 5233 3556 5282 ι,
3605 5233 3716 5286 cap.

2293 5285 2493 5347 Iulium
2562 5285 2820 5362 suggerit.
2857 5285 3022 5356 ’ρειοό
3068 5302 3125 5344 et
3160 5290 3568 5362 ipsum__falsum
3611 5285 3708 5362 est.
3760 5285 3847 5337 lbi-

2297 5367 2442 5425 dem,
2489 5358 2691 5414 Βίτωνα
2721 5365 2814 5414 καὶ
2843 5363 3137 5415 Βικέντιον.
3172 5361 3293 5415 Vult
3327 5359 3507 5414 Vitum
3546 5367 3602 5413 et
3632 5358 3847 5410 Vincen-

2297 5437 2430 5490 tium
2479 5451 2493 5488 :
2540 5434 2634 5488 sed
2667 5433 2839 5487 Graeci
2874 5434 3026 5488 facile
3055 5447 3239 5488 errare
3267 5431 3445 5484 solent
3472 5431 3525 5483 in
3553 5427 3848 5483 nominibus

2299 5506 2524 5561 Latinis.
2578 5505 2734 5574 Apud
2777 5503 3289 5577 Sozoutulegimus,
3332 5501 3546 5577 'lmiho;
3576 5500 3633 5552 δὲ
3657 5501 3683 5550 ὁ
3719 5497 3845 5577 ἱΡιν-

2298 5577 2474 5647 μαίων
2502 5573 2822 5647 ἐπίσκοπος,
2853 5574 3139 5647 διὲιᾼγῇρας
3160 5573 3589 5647 ιΞιπελιμςιὰνεςτοζ
3613 5573 3850 5647 παρῆσαν

2293 5640 2350 5702 δὲ
2390 5647 2503 5701 ἀντ’
2537 5645 2705 5700 αὑτοῦ
2741 5640 2982 5699 Βιτωτῶ
3007 5640 3304 5706 Βικέντιος,
3328 5640 3429 5710 τῆς
3458 5643 3628 5708 αὐτῆς
3664 5640 3850 5710 ἐκκλη-

2297 5721 2416 5782 σίας
2438 5717 2816 5788 πρεσϐύτεροι.
2852 5715 3040 5789 Inepta
3087 5715 3247 5770 lectio
3278 5723 3362 5771 est
3390 5709 3649 5776 Βιτωτῶ;
3677 5709 3851 5779 lescn‘

2294 5790 2426 5847 dum
2450 5789 2704 5844 Βίτωντε.
