3996 6444
198 450 315 513 633

1356 444 1894 506 EPISTOLARUM
1934 446 2166 507 LIBER
2198 448 2249 507 Ι.

3342 452 3447 517 634

197 565 305 618 καὶ
332 560 426 617 τοῦ
453 556 835 633 ἀρχιερατικοῦ
856 556 1048 628 θρόνου
1100 556 1336 625 κατέστη
1365 556 1628 626 διάδοχος.
1662 556 1754 609 Na‘

1876 568 2058 612 autem
2112 560 2166 613 in
2219 558 2668 628 archiepiscopali
2730 558 2929 614 throno
2976 576 3274 617 successor.
3329 562 3444 618 Una

195 657 270 729 δὴ
303 658 398 709 καὶ
421 657 450 709 6
478 653 687 716 κλεινὸς
735 651 1029 713 Εὐστάθιος
1063 649 1380 720 συμπαρῆν,
1418 650 1517 717 τῆς
1564 649 1770 702 Ἀντιο-

194 751 347 822 χέων
407 747 701 816 ἐκκλησίας
762 744 822 796 τὸ
881 741 1350 811 ἐγκαλλώπισμα,
1406 739 1611 804 πίσεως
1674 741 1772 811 μὲν

195 840 597 911 ὲναστράπτων
639 834 992 905 καθαρότητι,
1031 833 1204 901 λόγων
1230 832 1288 885 δὲ
1336 832 1430 886 καὶ
1484 830 1771 901 νοημάτων

198 914 533 1001 σωφροσύνῃ
576 928 1004 998 θαυμαζόμενος.
1040 925 1169 978 Μεθ’
1224 918 1297 978 ὧν
1347 924 1442 977 καὶ
1467 926 1495 977 6
1535 925 1769 994 Ἰεροσο-

193 1024 392 1094 λύμων
439 1022 758 1089 Μακάριος,
796 1019 1017 1081 πολλαῖς
1066 1017 1229 1080 ίδέαις
1279 1017 1489 1086 ἀρετῶν
1545 1016 1771 1071 ὲνευθυ-

193 1115 461 1186 νούμενος
482 1130 494 1143 ⁸
525 1113 671 1168 ἄλλοι
697 1129 755 1164 τε
786 1110 1025 1163 πλεῖστοι
1056 1108 1433 1169 ἀποστολικοῖς
1464 1108 1767 1178 χαρίσμασι

194 1208 297 1261 καὶ
341 1208 690 1277 μαρτυρικοῖς
728 1203 1014 1274 παθήμασι
1068 1200 1481 1272 διαλάμποντες.
1520 1196 1621 1253 Ὧν
1662 1201 1775 1253 Πα-

193 1301 471 1370 φνούτιος,
502 1298 596 1350 καὶ
616 1296 940 1366 Σπυριδίων,
984 1294 1235 1358 Ἰάκωϐός
1264 1312 1342 1358 τε,
1376 1292 1470 1345 καὶ
1490 1293 1767 1361 Μάξιμος,

193 1389 408 1459 ἀγαθοῦ
438 1390 534 1442 καὶ
563 1388 867 1457 θαυμασίου
897 1386 1239 1457 συστήματος
1272 1384 1465 1453 ἀγαθοὶ
1510 1384 1605 1437 καὶ
1632 1383 1768 1437 θαυ-

196 1483 390 1552 μάσιοι
448 1478 826 1550 πρωτοστάται
881 1476 1258 1548 ἐγνωρίζοντο.
1328 1476 1443 1543 Ἐφ’
1494 1471 1575 1539 οἷς
1623 1476 1768 1529 ἀπα-

194 1591 302 1637 σιν,
333 1573 428 1626 καὶ
459 1574 485 1625 6
509 1571 682 1643 μέγας
714 1571 807 1623 καὶ
836 1570 1161 1637 ἀξιάγαστος
1206 1569 1632 1631 Κωνσταντῖνος,
1666 1567 1766 1634 τῆς

202 1663 521 1735 Ῥωμαῖκῆς
576 1664 749 1734 ἀρχῆς
806 1660 999 1714 ἰθύνων
1055 1661 1124 1714 τά
1175 1660 1448 1729 σκῆπτρα,
1483 1658 1764 1730 διέπρεπε,

187 1759 292 1829 τήν
332 1774 389 1809 τε
420 1754 634 1810 σύνοδον
656 1754 940 1826 ἀθροίζων,
974 1753 1068 1806 καὶ
1102 1751 1487 1824 λαμπροτέραν
1515 1754 1581 1822 τῇ
1623 1769 1766 1822 παρ-

188 1852 363 1922 φυσία
393 1848 857 1920 ἀπεργαζόμενος.

1877 665 2090 719 quoque
2139 651 2327 705 aderat
2370 661 2423 706 et
2457 650 2683 705 illustris
2742 650 2831 705 ille
2883 652 3221 717 Eustathius,
3275 653 3445 709 decus

1875 740 2226 795 Antiochenae
2271 741 2524 796 Ecclesim
2572 741 2865 812 singulare,
2919 744 3010 813 qui
3048 754 3270 814 propter
3316 744 3444 801 ﬁdei

1876 832 2165 901 puritatem
2228 832 2460 888 celebris
2507 835 2837 900 habebatur,
2902 847 3122 906 pr0pter
3181 837 3443 891 orationis

1876 932 1930 977 et
1994 924 2185 991 judicii
2240 926 2537 980 castitatem
2601 937 2718 982 erat
2767 930 3021 984 omnibus
3074 929 3438 983 admirationi.

1874 1011 2009 1065 Cum
2024 1013 2127 1067 illis
2144 1014 2329 1069 aderat
2348 1024 2401 1068 et
2420 1015 2685 1072 Macarius
2708 1018 3231 1090 Hierosolymitanus
3254 1018 3440 1072 multis

1874 1107 2133 1159 virtutum
2165 1109 2453 1177 generibus
2488 1119 2635 1165 recte
2663 1113 3053 1168 conformatus.
3105 1113 3212 1167 Sed
3264 1121 3317 1167 et
3349 1111 3440 1165 alii

1874 1195 1941 1249 ab
1969 1194 2086 1250 istis
2112 1197 2288 1260 multi,
2316 1198 2473 1254 donis
2502 1203 2813 1270 apostolicis
2833 1213 2887 1256 et
2912 1214 3203 1274 martyrum
3234 1202 3444 1271 passio—

1873 1285 2032 1340 nibus
2074 1288 2349 1356 conspicui
2390 1306 2402 1341 :
2437 1290 2579 1343 inter
2614 1306 2749 1359 quos
2777 1293 3143 1346 censebantur
3181 1292 3439 1359 Paphnu-

1873 1380 2001 1443 tius,
2025 1389 2077 1433 et
2106 1380 2411 1449 Spyridion,
2441 1380 2699 1449 Jacobus,
2738 1393 2792 1439 et
2831 1384 3095 1439 Maximus
3119 1424 3133 1448 ,
3167 1384 3257 1454 qui
3298 1399 3440 1453 pra?-

1870 1472 2063 1526 stantis
2113 1472 2255 1526 illius
2314 1482 2369 1528 et
2433 1474 2735 1530 admirandi
2802 1488 3106 1531 conventus
3192 1476 3438 1548 praeclari

1868 1563 2085 1633 quidam
2116 1574 2169 1619 et
2208 1565 2511 1621 admirandi
2551 1567 2806 1623 ductores
2852 1576 2907 1622 et
2952 1568 3227 1639 principes
3267 1583 3439 1639 agnov

1867 1656 2173 1713 scebantur.
2204 1659 2341 1712 Cum
2377 1660 2496 1714 istis
2520 1675 2683 1730 porro
2709 1662 2963 1716 omnibus
3000 1678 3227 1733 magnus
3258 1662 3346 1716 ille
3382 1668 3440 1715 et

1867 1748 2065 1803 merito
2090 1748 2286 1818 dignus
2326 1751 2686 1807 admiratione
2728 1752 3141 1818 Constantinus,
3186 1753 3277 1822 qui
3322 1762 3437 1807 tum

1867 1840 2094 1921 Romani
2152 1841 2364 1911 imperii
2427 1852 2642 1913 sceptra
2700 1844 3120 1910 moderabatur,
3194 1860 3439 1914 praesens

186 1943 485 1998 eminebat.
520 1942 609 1997 ille
640 1954 818 2003 autem
844 1950 897 1996 et
919 1939 1183 2012 synodum
1227 1939 1369 1993 illam
1412 1946 1754 2002 convocarat,
1795 1943 1851 1990 et
1871 1952 1968 1991 sua
2022 1936 2194 2007 ipsius
2223 1938 2531 2007 praesentia,
2576 1947 2636 1991 ut
2667 1937 2986 1993 honoratior
3024 1947 3188 2002 esset,
3232 1938 3432 1992 elIccit.

260 2043 334 2106 η’.
383 2034 521 2089 Ἀλλ’
566 2035 631 2087 ὲκ
663 2033 930 2086 τοσούτων
981 2033 1079 2104 μὲν
1123 2034 1218 2086 καὶ
1266 2031 1575 2085 τοιούτωνὸ
1619 2031 1754 2100 ἱερὸς

1936 2031 1989 2086 8.
2028 2029 2070 2083 E
2106 2039 2184 2085 tot
2218 2031 2383 2101 igitur
2428 2041 2483 2086 et
2522 2042 2627 2086 tam
2674 2032 2902 2102 egregiis
2950 2031 3084 2086 viris
3146 2047 3297 2085 sacra
3346 2032 3438 2086 illa

186 2128 399 2190 ἐκεῖνος
452 2126 736 2178 συνίστατο
778 2123 1055 2192 σύλλογος.
1088 2123 1308 2193 ’Ἄρειόν
1337 2140 1459 2175 τινα
1497 2139 1761 2191 νεωτερο-

186 2221 347 2275 ποιδν
408 2219 724 2282 δυσσεϐείας
807 2217 961 2280 δίκας
1029 2217 1504 2286 είςπραττόμενος,
1558 2214 1653 2267 καὶ
1704 2213 1764 2265 τὸ

185 2312 546 2368 ἀποστολικδν
572 2311 666 2364 καὶ
698 2311 839 2363 θεῖον
865 2308 1224 2378 κρατύνοντες
1251 2308 1534 2378 κήρυγμα.
1572 2302 1682 2359 Ἦν
1713 2304 1761 2358 δ’

185 2403 346 2470 οὐτος
395 2405 425 2456 6
455 2404 686 2465 δείλαιος
722 2401 895 2455 ἕλκων
938 2400 1034 2471 μὲν
1078 2400 1140 2452 τὸ
1189 2399 1346 2467 γένος
1387 2400 1450 2450 ἐκ
1480 2398 1577 2466 τῆς
1618 2396 1763 2449 Ἀλε-

187 2496 441 2565 ξάνδρου,
470 2496 550 2556 εἰς
580 2492 780 2561 κλῆρον
814 2491 871 2544 δὲ
922 2489 1243 2559 καταλεγεὶς
1285 2490 1383 2559 τῆς
1422 2491 1601 2542 ἐκεῖσε
1643 2488 1764 2540 Ἐκ-

186 2586 463 2657 κλησίας,
508 2584 602 2637 καὶ
652 2583 730 2646 εἰς
777 2581 1148 2651 πρεσϐυτέρου
1208 2580 1415 2651 βαθμὸν
1470 2579 1712 2632 ἀνελθὼν
1743 2618 1758 2643 ,

184 2678 453 2748 πρότερον
486 2676 582 2745 μὲν
604 2674 742 2728 κατά
773 2672 867 2726 τοῦ
911 2674 1040 2727 ίδίου
1102 2673 1359 2743 ποιμένος
1409 2673 1760 2743 ὑπερήφανον

185 2769 415 2824 ἀνέλαϐε
446 2766 721 2839 φρόνημα,
754 2765 961 2819 ἐκεῖθεν
999 2766 1055 2818 δὲ
1099 2765 1242 2819 κατά
1282 2766 1377 2818 τοῦ
1424 2764 1604 2818 κοινοῦ
1642 2783 1763 2818 ποι·

185 2862 347 2932 μένος
400 2862 493 2913 καὶ
533 2861 802 2912 Δεσπότου
861 2858 1149 2929 παρέτεινε
1189 2858 1287 2927 τὴν
1322 2857 1581 2911 ἀπόνοιαν
1613 2874 1626 2887 ο
1670 2856 1760 2909 τὸν

180 2953 289 3022 γάρ
338 2950 467 3003 Υίὺν
511 2951 605 3003 καὶ
652 2948 825 3017 Λόγον
869 2948 962 2999 τοῦ
1000 2948 1133 2999 Θεοῦ
1195 2942 1285 3016 (ὦ
1334 2948 1436 3017 τῆς
1478 2948 1759 3018 τολμηρᾶς

179 3044 395 3111 ἐκείνης
427 3044 522 3095 καὶ
556 3040 802 3111 γλώττης
842 3040 937 3092 καὶ
965 3040 1202 3103 διανοίας
1228 3042 1241 3093 l
1263 3042 1280 3111 )
1302 3042 1381 3103 είς
1407 3040 1614 3109 κτίσμα
1658 3040 1753 3093 καὶ

178 3132 395 3202 ποίημα
446 3130 823 3195 κατεϐίϐαζεν,
876 3129 998 3183 οὐδὲ
1053 3130 1209 3183 τοῦτο
1256 3131 1487 3183 συνιδεῖν
1533 3130 1755 3198 ἐθέλων,

175 3228 354 3279 κοινὸν
388 3224 632 3295 ὑπάρχον
676 3225 811 3277 πᾶσι
859 3225 954 3276 καὶ
986 3224 1365 3277 αὐτοδίδακτον
1412 3224 1754 3296 ὁμολόγημα,

174 3318 251 3381 ὡς
279 3316 428 3379 ἄπας
460 3314 587 3379 Υίδς
617 3315 718 3384 τῆς
750 3315 919 3385 αὐτῆς
946 3317 1061 3368 ἐστι
1091 3314 1170 3384 τῷ
1190 3316 1544 3386 γεγεννηκότι
1567 3316 1758 3377 οὐσίας

1865 2120 2103 2191 synodus
2126 2136 2247 2175 cum
2280 2131 2573 2183 constaret,
2604 2124 2672 2176 ab
2701 2123 2831 2176 Ario
2871 2123 3104 2193 quodam
3153 2123 3318 2176 rebus
3348 2122 3435 2175 in-

1863 2213 2130 2267 novandis
2144 2212 2329 2268 dedito
2352 2230 2541 2283 pinnas
2566 2216 2834 2270 haeretica:
2858 2215 3139 2284 pravitatis
3163 2215 3431 2284 exigebat;

1862 2305 2215 2375 apostolicam
2257 2322 2320 2360 ac
2346 2307 2587 2361 divinam
2621 2316 2735 2361 tum
2769 2307 3059 2361 retinendo
3092 2316 3203 2361 tum
3236 2308 3435 2360 conﬁr-

1863 2398 2064 2453 mando
2092 2398 2414 2453 doctrinam.
2450 2399 2575 2454 Erat
2602 2410 2779 2455 autem
2805 2402 2973 2456 miser
2993 2400 3081 2454 ille
3113 2400 3435 2455 maledictus

1861 2486 2023 2543 Arius
2053 2489 2452 2545 Alexandrinus
2476 2502 2597 2545 ortu
2634 2511 2646 2545 :
2680 2493 2769 2561 qui
2818 2507 2941 2546 cum
2973 2492 3027 2545 in
3058 2492 3260 2545 clerum
3289 2492 3436 2546 illius

1862 2580 2118 2635 Ecclesia:
2149 2580 2339 2635 fuisset
2362 2592 2663 2652 cooptatus,
2697 2594 2752 2636 et
2774 2583 2841 2636 ad
2872 2582 3171 2652 presbyteri
3207 2583 3434 2651 gradum

1861 2671 2215 2736 ascendisset,
2246 2671 2479 2742 primum
2506 2672 2825 2727 insolentius
2847 2688 2905 2726 se
2936 2682 3123 2726 contra
3149 2673 3449 2742 proprium,

1862 2776 2018 2815 suum
2052 2771 2321 2831 pastorem
2374 2762 2663 2828 eﬁ‘erebat;
2702 2771 2762 2817 ut
2806 2762 2880 2816 ita
2923 2762 3185 2832 deinceps
3233 2762 3433 2816 fastum

1861 2869 2019 2907 suum
2050 2862 2104 2906 et
2136 2852 2400 2907 insaniam
2433 2853 2499 2907 ad
2529 2869 2880 2908 communem
2917 2864 3189 2924 pastorem
3232 2863 3288 2908 et
3323 2855 3433 2908 Do-

1860 2951 2065 3001 minum
2094 2962 2255 3017 porro
2289 2949 2640 3017 protenderet
2665 2968 2678 3003 :
2714 2948 2908 3003 Filium
2941 2964 3180 3019 namque
3209 2965 3273 3004 ac
3299 2948 3435 3003 Ver-

1859 3038 1987 3093 bum
2019 3039 2113 3093 Dei
2143 3042 2195 3109 (ο
2222 3041 2638 3095 audacissimam
2679 3050 2793 3095 tum
2834 3042 3074 3111 linguam
3111 3052 3223 3095 tum
3268 3044 3432 3097 etiam

1860 3134 2169 3199 mentem!)
2213 3133 2279 3187 ad
2329 3140 2701 3186 creaturarum
2733 3149 2905 3202 usque
2928 3143 2980 3187 et
3012 3150 3192 3187 rerum
3230 3135 3432 3203 produ-

1859 3233 2067 3278 ctarnm
2119 3234 2317 3278 statum
2374 3232 2428 3278 et
2477 3226 2859 3281 conditionem
2899 3226 3210 3295 dejiciebat.
3255 3226 3334 3281 Ac
3363 3242 3432 3279 nc

1860 3316 1991 3371 illud
2022 3317 2259 3386 quidem,
2295 3318 2441 3387 quod
2470 3328 2647 3373 tamen
2679 3334 2871 3373 omnes
2900 3334 2994 3388 per
3019 3334 3077 3372 se
3125 3319 3434 3389 intelligunt

172 3411 270 3463 καὶ
314 3409 532 3478 φύσεως
566 3422 581 3437 ·
614 3407 709 3460 καὶ
744 3407 772 3459 6
814 3407 905 3461 τὸν
955 3409 1080 3462 Υίδν
1122 3409 1332 3461 τάττων
1378 3411 1436 3461 ἐν
1464 3410 1748 3480 κτίσμασι,

1858 3418 1908 3462 et
1927 3410 2289 3464 communiter
2319 3410 2371 3462 in
2402 3409 2654 3465 confesso
2698 3420 2947 3479 ponunt,
2982 3410 3197 3470 volebat
3222 3411 3430 3471 videre,

170 3502 268 3555 καὶ
319 3502 413 3555 τὸν
445 3501 662 3571 Πατέρα
692 3500 898 3570 κτίσμα
935 3501 1409 3571 προανηγόρευσεν
1440 3516 1453 3529 ·
1487 3502 1676 3573 ὥσπερ
1724 3503 1753 3555 6

167 3596 262 3648 τὸν
291 3594 513 3665 Πατέρα
544 3593 944 3664 δημιουργικῆς
986 3592 1173 3656 οὐσίας
1206 3595 1299 3645 καὶ
1332 3594 1504 3647 ἀϊδίου
1537 3594 1752 3663 φύσεως

167 3685 350 3751 εἰδὼς,
388 3685 487 3755 τῆς
509 3686 681 3750 αὐτῆς
716 3681 857 3738 εῖναι
893 3685 987 3739 καὶ
1024 3684 1117 3739 τὸν
1149 3686 1278 3738 Υίὸν
1319 3686 1753 3758 συνανομολογή-

169 3795 342 3834 σειεν.
369 3778 480 3831 Ποῦ
510 3778 554 3831 δ’
578 3778 644 3831 ἀν
676 3777 763 3848 εἴη
795 3778 855 3830 τὸ
891 3779 1117 3847 γνήσιον
1153 3778 1250 3848 τῆς
1288 3779 1555 3849 υίότητος,
1584 3778 1753 3849 ἄλλης

169 3871 273 3940 μὲν
298 3872 490 3934 οὐσίας
538 3870 632 3923 τοῦ
669 3871 899 3940 Πατρὸς,
929 3871 1121 3941 ἐτέρας
1150 3871 1207 3924 δὲ
1250 3871 1345 3926 τοῦ
1382 3872 1508 3925 Υίοῦ
1541 3889 1753 3942 χρημα-

162 3962 451 4028 τίζοντος;
488 3963 611 4025 Πῶς
644 3962 687 4014 δ’
730 3964 791 4015 οὐ
820 3962 917 4030 τῆς
962 3962 1280 4033 Ἑλληνικῆς
1308 3962 1515 4033 πλάνης
1542 3962 1750 4018 ἀνακύ-

161 4058 259 4127 ψει
297 4056 360 4109 τὸ
380 4056 662 4118 πολύθεον,
695 4057 773 4119 είς
808 4056 1016 4110 ἐλάττω
1058 4056 1155 4109 καὶ
1186 4056 1357 4126 μείζω
1385 4056 1575 4110 οὐσίαν
1618 4074 1751 4126 τεμ-

162 4146 407 4219 νομένης
443 4150 541 4217 τῆς
572 4147 843 4216 θεότητος,
871 4148 964 4200 καὶ
997 4148 1095 4217 τῆς
1135 4148 1233 4212 μὲν
1278 4150 1357 4210 είς
1392 4148 1605 4217 πρῶτον
1654 4147 1750 4202 καὶ

159 4238 501 4311 δημιουργὸν
549 4239 645 4291 καὶ
693 4236 1066 4308 πρεσϐύτερον
1117 4236 1249 4291 Θεὸν
1313 4236 1745 4309 ἀφοριζομένης,

158 4331 270 4400 τῆς
306 4330 365 4384 δὲ
403 4332 481 4391 εἰς
509 4328 761 4400 δεύτερον
804 4329 936 4381 θεὸν
960 4329 1377 4399 διακρινομένης
1424 4331 1515 4384 καὶ
1545 4331 1751 4400 ὑπουρ-

157 4425 263 4490 γὸν
310 4424 408 4477 καὶ
450 4425 742 4492 νεώτερον;
769 4422 940 4476 ταῦτα
978 4422 1086 4493 γὰρ
1110 4422 1210 4489 τῆς
1258 4422 1352 4475 τοῦ
1393 4422 1605 4493 Ἀρείου
1649 4440 1749 4476 πο-

159 4518 343 4585 νηρᾶς
374 4518 578 4585 σπορᾶς
622 4516 689 4568 τά
717 4516 1050 4584 γεννήματα.
1095 4514 1256 4567 Ἀλλὰ
1308 4514 1497 4568 τοῦτον
1530 4515 1648 4584 μὲν,
1674 4514 1748 4578 ὠς

158 4605 320 4675 χείλη
361 4604 656 4675 βλάσφημα
679 4604 817 4657 κατά
843 4604 934 4656 τοῦ
966 4604 1330 4673 πεποιηκότος
1359 4604 1743 4674 ὁπλισάμενον,

154 4697 264 4765 τῆς
301 4696 603 4766 ἱερωσύνης
627 4698 654 4747 6
687 4696 830 4763 ἱερὸς
864 4694 1261 4765 ἀπεγύμνωσεν
1286 4695 1473 4764 ὅμιλος
1505 4710 1519 4724 ο
1550 4695 1650 4763 τὴν
1686 4694 1743 4747 δὲ

156 4789 601 4859 δυσσεϐεστάτην
636 4789 730 4841 καὶ
762 4787 1028 4858 θεομάχον
1062 4787 1226 4841 αὐτοῦ
1256 4788 1468 4858 αἵρεσιν
1502 4786 1580 4857 τῷ
1612 4788 1742 4839 ἀνα-

158 4882 368 4952 θέματι
400 4880 776 4934 καθυπέϐαλεν
797 4894 813 4910 ⁶
839 4880 1124 4950 όμοούσιον
1152 4880 1229 4944 δὲ,
1263 4882 1356 4933 καὶ
1380 4879 1617 4948 ὁμοφυῆ,
1651 4880 1745 4932 καὶ

159 4974 439 5028 συναῒδιον
459 4972 549 5027 τὸν
575 4974 701 5026 Υίὺν
716 4972 808 5025 καὶ
828 4973 995 5041 Λόγον
1020 4973 1115 5025 τοῦ
1143 4971 1278 5025 Θεοῦ
1292 4971 1368 5042 τῷ
1386 4973 1740 5042 γεγεννηκότι

158 5066 481 5137 Πατρὶ,καὶ
516 5067 614 5137 τῆς
647 5067 813 5137 αὐτῆς
863 5067 1113 5133 ἐξουσίας
1161 5068 1256 5120 καὶ⁹
1293 5067 1630 5138 κυριότητος,
1667 5066 1744 5130 ὡς

157 5161 209 5212 οί
255 5159 393 5212 θεῖοι
447 5160 709 5231 χρησμοὶ,
762 5160 1003 5213 καὶτῶν
1054 5160 1421 5213 εὐσεϐούντων
1470 5161 1539 5214 τά
1586 5162 1742 5213 κοινὰ

156 5248 435 5319 δόγματα,
460 5249 908 5319 ίερολογήσαντες
935 5249 1302 5321 διετράνωσαν
1334 5266 1347 5278 ⁸
1386 5251 1567 5314 καλῶς
1597 5250 1735 5304 εἰδό-

153 5359 272 5407 τες,
300 5343 385 5395 ὄτι
425 5341 614 5412 ὥσπερ
646 5342 707 5395 τὸ
746 5344 822 5405 είς
856 5341 913 5394 ἓν
953 5343 1255 5410 συγκλείειν
1296 5345 1587 5413 πρόσωπον
1639 5345 1738 5415 τὴν

154 5434 447 5505 τριαδικὴν
484 5434 783 5505 μοναρχίαν
820 5435 914 5487 καὶ
948 5434 1248 5505 κυριότητα
1317 5436 1571 5490 Ἰουδῖκόν
1621 5439 1736 5490 ἐστι

154 5528 255 5581 καὶ
276 5526 643 5599 μισόχριστον,
668 5525 810 5578 οὕτω
838 5528 932 5580 καὶ
960 5528 1020 5579 τὸ
1038 5528 1398 5598 κατατέμνειν
1422 5532 1502 5593 εἰς
1520 5529 1737 5595 ἀνίσους

159 5622 360 5691 φύσεις
386 5620 480 5673 καὶ
528 5619 813 5689 ἀνομοίους
847 5619 1033 5683 οὐσίας
1089 5619 1190 5691 τὴν
1250 5621 1575 5693 ὑπερούσιον
1639 5624 1734 5677 καὶ

156 5713 419 5785 ὑπερφυῆ
458 5712 551 5766 κα)⁸
605 5713 811 5767 ἑνιαίαν
858 5712 1087 5783 θεότητα
1133 5714 1444 5784 Ἑλληνικὸν
1497 5716 1733 5787 ὑπάρχει

157 5806 255 5858 καὶ
278 5803 560 5859 πολύθεον.
610 5804 748 5856 Ἀλλ’
782 5807 840 5857 ἐν
865 5804 1074 5869 τούτοις
1105 5805 1256 5879 μὲνὴ
1278 5808 1408 5877 ἁγία
1433 5807 1528 5862 καὶ.
1558 5808 1735 5860 οἰκου-

155 5893 363 5964 μενικὴ
392 5890 577 5964 πρώτη
610 5892 852 5957 Σύνοδος.

1856 3502 1999 3570 quod
2030 3501 2287 3556 nimirum
2312 3501 2540 3571 quilibet
2563 3500 2707 3556 ﬁlius
2731 3500 2975 3570 ejusdem
3001 3500 3073 3555 sit
3092 3500 3344 3555 essentia:
3369 3515 3433 3553 ac

1854 3602 2064 3647 natura:
2105 3607 2228 3647 cum
2276 3609 2375 3647 sun
2425 3593 2702 3664 genitore;
2753 3600 2808 3646 et
2838 3592 2982 3661 quod
3029 3591 3076 3645 is
3119 3591 3212 3661 qui
3260 3591 3429 3644 ﬁlium

1854 3686 1997 3739 inter
2024 3693 2296 3739 creaturas
2324 3685 2574 3747 Collocat,
2608 3692 2822 3754 patrem
2861 3698 2927 3737 eo
2958 3683 3075 3752 ipso
3106 3699 3345 3753 quoque,
3375 3693 3432 3737 et

1853 3779 2069 3848 quidem
2104 3778 2276 3848 prius,
2309 3788 2615 3831 creaturam
2649 3784 2888 3832 statuat:
2923 3776 2997 3829 uti
3020 3784 3076 3830 et
3118 3774 3163 3829 is
3199 3776 3290 3843 qui
3327 3774 3430 3829 Pa-

1854 3880 1993 3926 trem
2018 3872 2254 3927 essentia
2274 3870 2548 3925 (lreatoris
2575 3872 2864 3941 prmditum
2908 3885 3029 3925 esse
3073 3869 3344 3940 intelligit,
3376 3879 3431 3923 ct

1852 3973 2048 4018 natura
2074 3973 2298 4026 aeterna,
2328 3980 2435 4017 una
2467 3964 2631 4017 simul
2659 3974 2714 4018 et
2741 3966 2930 4019 eadem
2956 3979 3118 4034 opera
3153 3972 3208 4017 et
3230 3962 3428 4015 Filium

1853 4056 2101 4125 ejusdem
2149 4066 2356 4110 naturae
2388 4071 2451 4111 ac
2495 4058 2746 4110 essentia:
2790 4072 2911 4111 esse
2962 4055 3271 4109 conﬁtetur.
3327 4054 3427 4109 Ubi

1852 4156 2034 4201 autem
2064 4148 2168 4202 erit
2189 4148 2464 4202 ﬁlialitatis
2501 4150 2581 4215 (ut
2609 4148 2687 4202 sic
2716 4148 2927 4217 loquar)
2952 4148 3174 4214 veritas,
3200 4146 3243 4200 si
3270 4146 3433 4201 unius

1852 4241 2105 4295 essentia:
2133 4240 2361 4294 exsistat
2394 4250 2566 4308 pater,
2593 4240 2821 4295 alterius
2864 4247 3044 4293 autem
3075 4239 3285 4293 dicatur
3309 4254 3429 4293 esse

1851 4329 2009 4383 ﬁlius.
2036 4328 2149 4383 Imo
2192 4338 2405 4392 autem,
2456 4331 2729 4399 quomodo
2766 4345 2875 4383 non
2935 4330 3179 4400 paganici
3228 4329 3431 4383 erroris

1851 4421 2181 4476 illadeorum
2214 4422 2587 4491 multiplicitas
2649 4436 2769 4476 sese
2820 4431 3052 4485 exseret,
3098 4421 3145 4476 si
3191 4421 3243 4475 in
3294 4421 3428 4476 sub-

1850 4515 2102 4567 stantiam
2144 4513 2405 4581 majorem
2456 4527 2510 4568 et
2545 4513 2810 4568 minorem
2849 4512 3114 4567 Divinitas
3146 4511 3423 4566 discinda-

1853 4611 1978 4657 tur:
2013 4612 2178 4672 atque
2208 4603 2295 4656 illa
2329 4603 2444 4672 ipsa
2478 4619 2692 4672 quoque
2720 4604 2772 4656 in
2803 4603 3063 4672 primum,
3095 4610 3424 4665 creatorem,

1851 4703 1906 4747 et
1936 4694 2205 4748 seniorem
2239 4694 2405 4747 Deum
2441 4694 2823 4763 dispertiatnr;
2875 4709 3087 4748 necnon
3143 4694 3195 4744 in
3229 4707 3425 4744 secun-

1850 4784 2001 4848 dum,
2048 4784 2101 4837 in
2124 4785 2477 4839 substitutum
2507 4794 2562 4839 et
2582 4786 2851 4854 juniorem
2876 4785 3040 4837 Deum
3063 4783 3427 4850 discerpatur?

1852 4876 1978 4931 Haec
1994 4886 2121 4930 sunt
2149 4877 2294 4930 enim
2327 4876 2475 4946 impii
2506 4876 2649 4931 illius
2671 4876 2856 4930 Ariani
2877 4874 3101 4927 seminis
3129 4872 3420 4942 genimina.

1853 4967 2141 5022 Hominem
2172 4980 2353 5023 autem
2404 4970 2603 5031 istum,
2643 4977 2830 5037 utpote
2872 4975 3061 5020 contra
3109 4965 3423 5019 Creatorem

1851 5077 2009 5115 suum
2040 5062 2181 5116 labia
2209 5062 2526 5131 blaSphema
2553 5069 2854 5115 armantem
2905 5075 3035 5123 sua,
3069 5066 3290 5114 sanctus
3336 5059 3426 5113 ille

1850 5166 2023 5211 cretus
2071 5156 2308 5225 privavit
2349 5154 2653 5210 sacerdotio
2685 5170 2699 5206 :
2727 5153 2942 5222 impiam
2992 5166 3153 5221 porro
3200 5160 3256 5205 et
3312 5151 3425 5206 Deo

1844 5249 2045 5302 bellum
2085 5247 2411 5302 inferentem
2465 5247 2717 5302 hmresim
2783 5245 3114 5299 anathemati
3167 5243 3421 5315 subjecit.

1844 5338 2102 5408 Ejusdem
2135 5348 2315 5393 autem
2350 5339 2669 5394 substantia:
2711 5338 2994 5401 exsistere,
3029 5346 3240 5392 naturae
3275 5337 3421 5406 ejus-

1844 5434 1967 5487 dem
2007 5434 2152 5488 velut
2176 5442 2509 5487 eoat-ternum
2534 5474 2548 5498 ,
2596 5432 2792 5486 Filium
2835 5440 2997 5502 atque
3024 5431 3260 5487 Verbum
3305 5430 3420 5494 Dei,

1843 5543 1945 5582 suo
1998 5527 2269 5598 genitori,
2325 5525 2443 5596 pari
2497 5527 2783 5596 prmditum
2830 5536 3134 5596 potestate.
3193 5524 3422 5578 Domino

1840 5630 2204 5691 exaequatum,
2247 5620 2394 5690 quod
2440 5620 2624 5675 divina
2668 5629 2915 5675 statuunt
2955 5620 3193 5683 oracula,
3240 5626 3294 5672 et
3334 5632 3420 5671 se-

1842 5711 2081 5766 cundum
2122 5726 2185 5765 ea
2227 5721 2377 5765 recte
2418 5711 2665 5766 omnium
2708 5711 3060 5765 sentientium
3104 5706 3417 5771 sententiae,

1840 5821 1976 5875 quas
2017 5806 2072 5858 in
2124 5820 2290 5858 unum
2336 5804 2700 5875 collegerant,
2735 5819 2925 5859 verum
2970 5819 3093 5858 esse
3133 5800 3418 5872 perspicue

1842 5899 1972 5953 satis
2005 5897 2376 5954 declarabant.
2417 5898 2552 5953 Illud
2583 5899 2730 5954 enim
2763 5898 2965 5968 optime
2987 5894 3409 5968 cognoscebant,
