4052 6484
546 453 652 518 635
1727 465 1990 527 PHOTII
2025 469 2140 529 PA'J

2240 472 2528 535 [ARCH/E
2563 476 2671 537 ep.
3672 440 3801 535 ωδ

546 565 691 632 quod
738 566 1193 634 quemadmodum
1237 568 1521 625 Judaicum
1582 580 1636 626 et
1678 571 1881 629 Christi
1929 577 2111 631 odium
2145 595 2254 649 prae
2285 598 2342 637 se
2398 583 2534 650 fert,
2578 585 2947 641 monarchiam
2993 601 3050 641 et
3095 585 3430 640 dominatum
3498 581 3787 636 Trinitatis

547 657 604 711 in
638 657 850 711 unicam
874 674 1160 729 personam
1184 662 1492 716 conclusam
1520 664 1776 731 retinere,
1802 668 1874 722 ita
1898 684 2115 739 quoque
2154 682 2209 727 et
2241 674 2293 728 in
2362 686 2584 731 naturas
2605 674 2894 749 inaequales
2955 694 3019 732 ac
3065 678 3394 732 substantias
3433 675 3792 730 dissimilares

546 768 763 806 omnem
798 753 1155 809 substantiam
1180 758 1531 811 excedentem
1557 800 1570 822 ,
1609 776 1827 815 omnem
1866 770 2114 819 naturam
2139 781 2559 839 exsuperantem
2586 789 2769 838 unam,
2796 774 3033 834 unicam,
3088 784 3142 828 et
3201 772 3477 826 unientem
3522 769 3789 823 Deitatem

549 846 807 911 dividere,
845 864 1170 919 paganorum
1196 853 1473 921 preprium
1496 863 1579 907 est
1601 856 2007 914 multitudinem
2046 861 2272 919 deorum
2307 866 2894 924 subintroducentium.
2928 870 3101 940 Atque
3164 869 3220 924 in
3284 869 3403 923 istis
3468 867 3559 920 illa
3612 876 3793 918 sancta

547 942 871 998 universalis
906 944 1074 1013 prima
1105 948 1343 1017 synodus
1370 950 1713 1007 versabatur.

622 1039 673 1092 9.
719 1039 967 1094 Secunda
1024 1057 1187 1110 porro
1244 1052 1432 1098 sancta
1488 1047 1825 1103 (ccumenica
1894 1052 2207 1121 synodusA

550 1132 741 1186 urbem
760 1133 959 1203 regiam
986 1132 1262 1204 (nimirum
1280 1134 1834 1209 ConstantinOpolim)
1850 1158 2125 1199 sacrarum

550 1223 1002 1279 deliberationum
1033 1226 1278 1280 consiliis
1301 1228 1475 1282 locum
1510 1246 1724 1283 sacrum
1752 1273 1765 1296 ,
1795 1233 2126 1290 destinatum

550 1316 701 1370 velut
743 1332 990 1371 muscum
1044 1318 1339 1373 referebat.
1400 1320 1477 1375 Eo
1521 1338 1759 1392 namque
1807 1327 2124 1396 congregati

553 1408 772 1461 fuerunt
800 1419 1016 1464 centum
1047 1411 1442 1482 quinquaginta
1474 1415 1669 1468 sacrati
1695 1416 1816 1469 viri.
1850 1415 2129 1487 Principes

553 1500 696 1554 inter
720 1500 839 1556 illos
873 1512 1046 1565 erant,
1097 1502 1440 1572 Timotheus,
1484 1506 1573 1576 qui
1624 1506 1805 1562 sedem
1853 1508 2129 1578 archiepi-

555 1593 823 1661 sc0palcm
849 1593 1311 1661 Alexandrinam;
1362 1598 1673 1667 spectabilis
1718 1599 1986 1664 Melctius,
2034 1602 2128 1671 qui

555 1684 989 1752 Antiochenam;
1021 1686 1270 1758 Cyrillus,
1314 1689 1407 1758 qui
1449 1689 1994 1761 Hierosolymitanam
2032 1694 2128 1748 ad-

556 1776 897 1831 ministrabat
927 1779 1213 1835 Ecclesias.
1253 1780 1414 1835 Certe
1446 1782 1663 1850 quidem
1706 1782 1989 1840 Nectarius
2033 1785 2125 1853 ibi,

558 1868 649 1935 qui
679 1884 786 1922 non
818 1869 888 1921 ita
915 1870 1123 1939 pridem
1155 1872 1221 1925 de
1255 1873 1769 1927 catechumenorum
1794 1892 1953 1945 grege
1976 1892 2131 1947 sepa-

559 1970 711 2011 ratus
757 1958 940 2019 divino
992 1961 1209 2016 lavacro
1261 1964 1451 2018 sordes
1517 1979 1629 2018 sua:
1686 1964 1809 2019 vita:
1860 1966 2126 2035 abluerat,

560 2051 797 2105 mundus
840 2051 1013 2106 factus
1059 2054 1413 2109 mundissima
1475 2056 1827 2125 pontiﬁcatus
1871 2058 2131 2129 dignitate

560 2142 897 2196 convestitur
935 2160 949 2197 :
996 2144 1063 2198 de
1118 2146 1386 2199 sententia
1436 2147 1580 2201 illius
1626 2148 1813 2219 synodi
1864 2150 2128 2219 generali,

561 2246 661 2300 per
702 2248 920 2288 manum
969 2251 1098 2289 vero
1140 2238 1521 2306 praedictorum
1565 2240 1858 2309 przesulum
1904 2241 2131 2311 imposi-

562 2324 786 2391 tionem,
824 2328 895 2380 ita
922 2336 979 2382 ut
1004 2329 1165 2382 simul
1189 2330 1347 2400 regia:
1371 2331 1519 2386 urbis
1553 2332 1839 2401 cpiscopus
1864 2342 1917 2389 et
1942 2335 2133 2405 synodi

2307 1054 2371 1109 θ’.
2409 1054 2474 1108 Ἦ
2518 1054 2575 1107 δὲ
2613 1053 2746 1123 ἁγία
2785 1054 2880 1109 καὶ
2919 1053 3270 1125 οἰκουμενικὴ
3303 1054 3534 1124 δευτέρα
3587 1055 3801 1120 σύνοδος

2231 1143 2340 1197 τῶν
2384 1144 2480 1214 μὲν
2514 1145 2675 1215 ἱερῶν
2728 1145 3145 1215 φροπισμάτων
3198 1144 3295 1215 τὴν
3348 1144 3604 1215 βασιλίδα
3653 1145 3801 1199 πόλιν

2234 1234 2379 1306 ἱερὸν
2407 1235 2615 1289 ἐδείκνυ
2690 1236 3108 1306 φροντιστήριον
3136 1236 3246 1305 (15)
3279 1253 3294 1268 ο
3326 1238 3404 1300 είς
3462 1238 3800 1307 πεντήκοντα

2229 1323 2285 1376 δὲ
2316 1325 2407 1376 καὶ
2462 1324 2655 1376 ἑκατὸν
2697 1325 2893 1394 ἄνδρας
2920 1326 3098 1395 ἱεροὺς
3123 1327 3474 1396 συνηγείρετο
3504 1342 3511 1347 ’
3539 1326 3800 1397 ἐξάρχους

2229 1414 2429 1485 ἔχουσα
2461 1416 2725 1487 Τιμόθεόν
2759 1435 2817 1470 τε
2866 1414 2893 1453 ιι
2933 1418 3023 1470 τὸν
3092 1418 3525 1488 Ἀλεξανδρείας,
3564 1421 3665 1473 καὶ
3720 1421 3800 1472 τὸν

2229 1505 2660 1575 ἀξιοθαύμαστόν
2698 1507 2798 1577 τῆς
2860 1509 3186 1579 Ἀντιοχείας
3219 1509 3504 1564 Μελέτιον.
3534 1510 3799 1581 Κύριλλόν

2230 1615 2288 1651 τε
2343 1598 2451 1653 τῶν
2516 1599 2950 1670 Ἰεροσολύμων,
3004 1602 3132 1664 τοὺς
3185 1602 3537 1673 ἱεραρχικοὺς
3587 1601 3800 1673 θρόνους

2234 1691 2511 1755 ίθύνοντας
2542 1707 2557 1721 °
2600 1694 2692 1746 καὶ
2718 1692 2785 1763 δὴ
2814 1693 2910 1746 καὶ
2944 1693 3268 1763 Νεκτάριον,
3292 1693 3350 1757 ὃς
3384 1694 3514 1763 ἄρτι
3568 1695 3673 1764 τῆς
3703 1695 3800 1749 τῶν

2231 1786 2654 1856 κατηχουμένων
2680 1784 2883 1853 ἀγέλης
2912 1785 3253 1857 άφορισθεὶς,
3285 1786 3381 1840 κα.)⁸
3406 1785 3487 1856 τῷ
3523 1785 3661 1857 θείῳ
3688 1787 3801 1839 λου-

2231 1877 2344 1947 τρῷ
2384 1876 2473 1929 τὸν
2529 1876 2623 1930 τοῦ
2674 1877 2791 1948 βίου
2839 1877 3007 1949 ῥύπον
3048 1877 3525 1946 άποπλυνάμενος,
3565 1876 3801 1945 καθαρὸς

2230 1969 2353 2040 ἤδη,
2378 1970 2438 2022 τὸ
2470 1969 2855 2041 καθαρώτατον
2903 1973 3001 2041 τῆς
3052 1970 3335 2040 ἱεραρχίας
3387 1969 3615 2040 ἀξίωμα
3647 1985 3795 2039 περιο

2232 2061 2507 2127 ϐάλλεται,
2535 2060 2701 2132 ψήφῳ
2734 2062 2833 2131 μὲν
2882 2064 3033 2133 κοινῇ
3071 2062 3168 2132 τῆς
3214 2060 3457 2127 συνόδου,
3494 2061 3804 2131 χειροθεσῐᾳ

2231 2153 2290 2206 δέ
2327 2154 2432 2206 τῶν
2471 2152 2780 2225 προκρίτων
2813 2172 2827 2185 ο
2870 2157 2963 2207 καὶ
2994 2154 3110 2223 ἅμα
3157 2171 3217 2206 τε
3267 2154 3366 2223 τῆς
3418 2154 3803 2223 βασιλευούτης

2233 2244 2546 2309 ἐπίσκοπος,
2589 2245 2819 2313 καὶτῆς
2869 2245 3087 2298 συνόδου
3138 2246 3511 2315 ἐχρημάτιζεν
3558 2245 3801 2315 ἔξαρχος.

2234 2334 2366 2388 Μεθ’
2390 2327 2464 2387 ὧν
2493 2334 2811 2405 Γρηγόριος,
2836 2336 2864 2387 ὃ
2909 2353 2969 2387 τε
2985 2334 3083 2404 τῆς
3104 2336 3161 2387 ἐν
3186 2337 3561 2407 Καππαδοκία
3594 2338 3807 2405 Νύσσης

561 2431 764 2485 prmses
821 2422 1214 2475 nominaretur.
1276 2422 1476 2477 Aderat
1527 2432 1581 2478 et
1629 2424 1745 2481 istis
1800 2425 2131 2497 Gregorius,

2240 2427 2555 2493 ἐπίσκοπος,
2602 2428 2693 2479 καὶ
2725 2430 2752 2480 ό
2783 2428 2881 2497 τῆς
2928 2429 3249 2497 Θεολογίας
3299 2428 3358 2495 ἐξ
3386 2428 3570 2500 ἔργων
3611 2430 3802 2482 ἐπώνυ-

562 2507 745 2578 Nyssze
772 2510 825 2564 in
860 2512 1197 2582 Cappadocia
1236 2513 1549 2583 cpiscopus,
1589 2524 1642 2569 et
1670 2515 1761 2585 qui
1796 2516 2035 2587 Theologi
2065 2534 2133 2573 ex

564 2602 819 2670 operibus
861 2620 1058 2657 nomen
1104 2605 1363 2659 habebat.
1394 2606 1529 2661 Cum
1574 2607 1773 2675 quibus
1817 2608 2133 2679 conSpirare

562 2694 955 2761 agnoscebatur
1000 2695 1261 2749 Damasus
1323 2694 1600 2750 Romanus
1645 2698 1956 2767 episcopus,
2007 2700 2134 2754 dum

2241 2536 2359 2589 μος.
2396 2513 2511 2584 Οἷς,
2542 2519 2601 2571 οὐ
2646 2519 2813 2583 πολὺς
2835 2519 3023 2591 χρόνος
3057 2521 3153 2574 καὶ
3179 2522 3454 2590 Δάμασος,
3492 2522 3522 2573 ὁ
3559 2522 3664 2592 τῆς
3697 2522 3806 2574 Ῥώο

2245 2628 2371 2682 μης,
2400 2611 2467 2664 τά
2496 2611 2634 2664 αὐτὰ
2674 2612 2979 2681 κρατύνων,
3007 2612 3354 2683 ἐγνωρίζετο,
3381 2612 3687 2683 σύμφωνος
3709 2614 3802 2675 τοῖς

2244 2700 2574 2771 προλαϐοῦσι
2613 2700 3029 2772 καθιστάμενος.

565 2788 752 2857 synodi
798 2788 954 2843 istius
1001 2797 1143 2850 acta,
1175 2790 1420 2843 eamdem
1470 2806 1592 2843 cum
1624 2790 1756 2857 ipsis
1806 2792 2134 2846 sententiam
2161 2791 2376 2860 fovens,
2415 2794 2784 2849 confirmaret.

637 2882 723 2934 10.
765 2880 1178 2935 Sacratissimus
1211 2896 1372 2950 porro
1403 2881 1604 2937 chorus
1636 2883 1740 2938 iste
1761 2882 2135 2938 Macedoniam

567 2972 895 3041 quemdam,
928 2972 1021 3041 qui
1075 2973 1257 3027 sedem
1301 2975 1577 3043 quondam
1630 2975 2139 3046 Constantinopoli-

570 3073 752 3115 tanam
806 3072 1077 3131 arreptam
1137 3063 1441 3127 invaserat,
1493 3066 1642 3135 juste
1687 3066 1902 3120 censuit
1953 3082 2139 3135 ptenas

571 3154 703 3209 dare
736 3154 1012 3220 debuisse,
1043 3171 1108 3210 eo
1134 3156 1277 3226 quod
1324 3157 1379 3210 in
1428 3158 1834 3212 sanctissimum
1874 3157 2139 3228 Spiritum

571 3248 697 3301 vitae
756 3246 959 3302 fontem
1011 3250 1366 3320 blasphemus
1421 3252 1723 3305 exstiterat.
1792 3252 1945 3305 Sicut
1998 3254 2141 3307 enim

570 3337 731 3392 Arius
765 3349 951 3394 contra
995 3341 1211 3408 Filium,
1258 3342 1332 3396 ita
1377 3351 1430 3396 et
1480 3343 1582 3396 iste
1631 3352 1822 3396 contra
1878 3341 2142 3413 Spiritum

571 3440 819 3486 sanctum
848 3434 1014 3487 armis
1042 3434 1344 3490 instructus
1369 3436 1647 3505 prodierat
1675 3436 1731 3491 in
1754 3436 1926 3491 aciem
1950 3455 1963 3491 :
1986 3438 2145 3506 cujus

574 3523 875 3578 dominium
924 3542 1239 3597 supremum
1272 3537 1328 3582 et
1371 3528 1733 3598 principatum
1784 3528 2143 3585 excellentem

575 3615 642 3670 ad
672 3619 926 3673 servilem
971 3628 1025 3672 et
1077 3620 1445 3688 subjectitiam
1498 3620 1709 3691 redigat
1750 3620 2142 3677 conditionem.

574 3707 892 3779 Quanquam
948 3708 1104 3763 facile
1149 3718 1397 3779 poterat,
1443 3708 1486 3763 si
1536 3710 1593 3763 in
1632 3710 1685 3763 id
1734 3710 2018 3765 intendere
2046 3727 2141 3765 vo-
2172 3739 2212 3796 ο

573 3802 785 3863 luisset.
837 3802 1021 3855 infelix
1077 3810 1133 3855 et
1182 3802 1462 3871 improbus
1526 3802 1629 3855 iste
1685 3801 2139 3867 animadvertere,

574 3899 717 3968 quod
767 3908 827 3952 ut
881 3898 956 3950 illi
1002 3897 1093 3966 qui
1144 3897 1340 3951 Filium
1385 3896 1739 3966 compingunt
1792 3897 1845 3949 in
1894 3897 2141 3951 ordinem

574 3998 971 4051 creaturarum,
1005 3986 1333 4040 contumelia
1365 3986 1721 4040 nihilominus
1761 3986 2002 4041 alliciunt
2048 3988 2145 4041 Pa-

577 4090 737 4143 trem,
763 4079 836 4132 ita
862 4078 1023 4147 etqui
1048 4084 1457 4131 sacrosanctum
1502 4078 1619 4145 ejus
1666 4077 1927 4147 Spiritum
1970 4093 2144 4133 annu-

576 4178 793 4225 merant
837 4169 1134 4234 creaturis,
1178 4168 1341 4222 simili
1378 4184 1603 4239 prorsus
1654 4179 1709 4224 et
1748 4169 1939 4238 aequali
1987 4169 2147 4224 modo

578 4261 880 4331 blasphemi
897 4260 950 4314 in
973 4262 1225 4315 eumdem
1248 4270 1394 4315 sunt.
1417 4261 1550 4315 Nam
1572 4262 1617 4315 si
1638 4260 1876 4331 Spiritus
1899 4271 2147 4316 creatura

577 4363 681 4417 est,
709 4363 856 4409 certe
882 4362 937 4408 et
961 4354 1048 4409 ille
1070 4363 1319 4409 creatura
1348 4354 1530 4419 fuerit,
1582 4355 1738 4425 cujus
1787 4355 2011 4424 spiritus
2039 4364 2144 4409 est.

580 4444 738 4511 Quod
785 4444 833 4498 si
872 4443 1028 4499 istius
1071 4444 1364 4513 impietatis
1408 4459 1695 4499 excessum
1742 4460 1902 4498 aures
1946 4453 2147 4498 nostra:

583 4540 725 4594 ferre
742 4548 1032 4610 nequeant,
1049 4541 1191 4595 unde
1217 4541 1418 4595 factum
1444 4550 1503 4594 ut
1521 4540 1685 4593 miser
1703 4539 1790 4593 ille
1811 4552 1918 4591 non
1936 4538 2147 4592 intelle-

580 4630 740 4697 xerit,
770 4631 920 4685 omni
954 4632 1114 4687 modo
1141 4632 1275 4686 illud
1306 4631 1688 4686 declinandum
1721 4630 1823 4684 sibi
1850 4644 1969 4683 esse
2003 4630 2147 4683 unde

2313 2892 2363 2940 t'.
2396 2879 2563 2948 Οὗτος
2609 2886 2673 2957 δὴ
2707 2885 2799 2939 οῦν
2831 2886 2858 2938 ό
2904 2882 3231 2955 ἱεροφάντης
3280 2884 3441 2954 χορὸς
3484 2884 3807 2939 Μακεδόνιόν

2239 2996 2382 3043 τινα,
2433 2980 2523 3031 τὸν
2612 2976 3239 3041 Κωνσταντινουπόλεως
3300 2976 3487 3049 θρόνον
3545 2977 3809 3049 ἅρπαγμα

2242 3070 2409 3123 πάλαι
2434 3069 2821 3140 ποιησάμενον,
2854 3070 2935 3122 ὅτι
2964 3069 3025 3121 τὸ
3077 3070 3345 3138 πανάγιον
3390 3071 3483 3123 καὶ
3510 3072 3810 3141 ζωαρχικδν

2242 3163 2542 3233 ἐδυσφὴμει
2582 3164 2597 3203 ί
2652 3163 2894 3232 Πνεῦμα,
2937 3161 3166 3225 εὐθύνας
3218 3162 3457 3216 ἐδικαίου
3483 3162 3698 3217 δοῦναι.
3732 3165 3809 3229 Ὠς

2243 3255 2350 3323 γὰρ
2384 3254 2601 3322 Ἀρειος
2636 3252 2774 3305 κατὰ
2820 3250 2915 3303 τοῦ
2950 3250 3102 3317 Υίοῦ,
3143 3251 3286 3304 οὕτω
3326 3252 3417 3304 καὶ
3458 3236 3633 3315 ἀὐτὸς
3684 3254 3811 3305 κατά

2242 3344 2336 3396 τοῦ
2369 3342 2635 3410 παναγίου
2683 3342 3160 3414 παραταττόμενος
3189 3344 3531 3414 Πνεύματος,
3572 3347 3655 3409 είς
3706 3344 3811 3397 δού-

2244 3430 2368 3495 λους
2418 3432 2510 3485 καὶ
2535 3432 2811 3501 ὑπηρέτας
2851 3432 2949 3502 τὴν
3006 3432 3327 3503 δεσποτικὴν
3357 3434 3451 3486 καὶ
3495 3434 3814 3505 ὑπερκειμέ-

2246 3541 2343 3595 νην
2380 3523 2545 3576 αὑτοῦ
2594 3525 2883 3576 συνέταττε
2918 3524 3238 3595 κυριότητα.
3274 3524 3382 3578 Καί
3421 3542 3503 3578 τοι
3552 3527 3687 3595 ῥᾷον
3732 3521 3811 3597 ἦν,

2247 3617 2406 3687 εἴπερ
2432 3615 2702 3678 ἐϐούλετο,
2729 3617 2803 3685 τῷ
2845 3616 3015 3687 ἀθλίῳ
3040 3620 3292 3687 συνορᾷν,
3333 3620 3436 3683 ὃτι,
3470 3618 3729 3686 καθάπερ
3771 3619 3815 3671 oi

2246 3707 2337 3760 τὸν
2367 3706 2495 3759 Υἰδν
2545 3709 2625 3770 είς
2684 3708 2887 3778 κτίσμα
2931 3707 3242 3770 τάττοντες,
3301 3708 3399 3777 τὴν
3455 3706 3618 3778 ὓϐριν
3675 3709 3817 3761 οὐδὲν

2248 3793 2411 3870 ἦττον
2439 3800 2814 3868 προσάπτουσι
2835 3799 2911 3869 τῷ
2958 3800 3156 3871 Πατρὶ,
3192 3799 3335 3853 οὕτω
3368 3800 3459 3853 καὶ
3481 3802 3533 3853 οἱ
3565 3801 3627 3853 τὸ
3656 3801 3819 3855 πανά-

2250 3907 2367 3959 γιον
2387 3889 2549 3942 αὐτοῦ
2564 3890 2785 3957 Πνεῦμα
2803 3893 2912 3953 τοῖς
2938 3893 3236 3961 ποιήμασιν
3256 3891 3708 3961 ἐναριθμοῦντες,
3725 3895 3816 3963 τὴν

2251 3982 2371 4049 ῐσην
2400 3982 2493 4035 καὶ
2518 3983 2710 4051 ὁμοίαν
2737 3982 3083 4054 βλασφημίαν
3128 3985 3319 4051 ἀφιᾶσι
3361 3984 3482 4035 κατ’
3525 3986 3716 4038 αὑτοῦ.
3750 3986 3806 4038 ΕΞ

2249 4076 2358 4145 γάρ
2376 4075 2433 4127 τὸ
2458 4074 2698 4145 Πνεῦμα,
2722 4075 2947 4145 κτίσμα,
2980 4077 3230 4139 κάκεῖνος
3253 4068 3313 4129 οὗ
3333 4076 3392 4128 τὸ
3413 4075 3667 4146 Πνεῦμα,
3694 4077 3821 4148 μετᾶ

2248 4166 2705 4236 τῶηκτισμάτων.
2723 4167 2785 4218 Ei
2801 4166 2856 4218 δὲ
2876 4168 2969 4219 καὶ
2994 4169 3184 4230 ἀκοαῖς
3203 4168 3475 4238 ἀφόρητον
3500 4170 3536 4239 ἡ
3552 4169 3654 4239 τῆς
3677 4169 3822 4223 d956-

2250 4273 2411 4325 τητος
2439 4256 2640 4328 ταύτης
2657 4257 2952 4327 ὑπερϐολὴ,
2983 4257 3101 4320 πῶς
3126 4258 3186 4310 ού
3211 4258 3443 4328 συνῆκεν
3472 4261 3501 4311 ὁ
3549 4260 3821 4313 ταλαίπω·

2256 4368 2348 4422 ρος
2392 4352 2570 4404 ἐκεῖνο
2608 4350 2853 4419 φεύγειν,
2889 4352 2957 4403 δι’
3018 4346 3080 4405 οῦ
3131 4351 3268 4423 πρὸς
3325 4351 3552 4415 τούτους
3612 4352 3819 4419 ἀνάγκη

2253 4448 2440 4498 πεσεῖν
2513 4447 2639 4507 τοὺς
2702 4443 3003 4514 θεομάχους
3062 4443 3394 4514 λογισμούς;
3476 4445 3720 4507 Ἀθετείς
3769 4445 3822 4497 τὸ

2256 4534 2483 4603 Πνεῦμα
2514 4531 2650 4587 εἶναι
2675 4534 2838 4598 Θεόν;
2878 4532 2990 4603 (14)
3024 4534 3139 4596 πῶς
3183 4534 3378 4605 ἐρευνᾷ
3407 4534 3475 4586 τά
3544 4532 3688 4605 βάθη
3736 4532 3819 4586 τοῦ

2253 4626 2412 4693 Θεοῦ,
2444 4625 2671 4699 κρύφιον
2700 4625 2794 4679 ἀπ’
2845 4626 3047 4692 aurei;
3082 4625 3201 4690 πῶς
3254 4626 3405 4680 ἐστιν
3442 4625 3607 4689 ἄλλος
3652 4628 3820 4697 παρά-

1878 4769 2114 4825 VARIA'J
2154 4769 2448 4825 LECTION
2457 4770 2557 4825 ES.

653 4867 681 4906 ιι
721 4866 809 4922 ἴσ.
839 4868 1103 4939 Τιμόθεον
1132 4867 1277 4923 τότε.
1382 4869 1399 4908 ί
1431 4867 1517 4921 Io.
1556 4866 1917 4936 ἐϐλασφήμει.

1996 4865 2011 4916 i
2049 4867 2134 4919 ισ.
2172 4867 2404 4935 ἁγνίζει.

2088 4981 2320 5036 ΝΟΤᾹΞ.

614 5078 621 5086 ’
652 5080 762 5153 (15)
792 5079 1279 5153 Φροντιστήριονή.
1328 5080 1476 5153 Vult,
1508 5080 1651 5153 quod
1699 5092 1889 5153 verum
1918 5085 2143 5153 esthe-

582 5146 816 5210 cundam
834 5146 850 5152 ⁷
867 5146 1135 5223 synodum
1170 5151 1537 5223 universalem
1583 5146 2147 5223 Constantinopolita-

580 5241 705 5280 nam
737 5225 789 5277 in
830 5217 963 5275 urbe
1008 5223 1095 5276 illa
1125 5222 1270 5287 regia
1295 5220 1636 5275 convenisse.
1667 5220 1723 5272 ln
1756 5234 1861 5288 qua
1901 5217 2107 5288 synodo
2130 5256 2144 5281 ,

580 5312 641 5350 ut
672 5292 930 5363 Synopsis
970 5291 1167 5357 habet,
1196 5289 1433 5363 ἡγοῦντο
1469 5291 1732 5363 Δάμασος.
1768 5287 2007 5363 Ῥᾠμης,
2040 5287 2147 5363 Νε-

581 5357 835 5433 κτάριοςί
860 5357 1501 5433 Κῳνσταντινουπόλεως,
1540 5357 1811 5433 Κύριλλος
1852 5357 2148 5433 Ἱεροσολύ-

587 5426 723 5504 μων,
770 5441 876 5493 etc,
910 5431 1074 5504 Quos
1116 5431 1407 5504 Ἐξάρχους
1428 5439 1587 5485 vocat
1622 5430 1871 5504 Photius.
1906 5426 2009 5481 Sed
2048 5426 2151 5504 lla-

583 5497 770 5559 inasus
802 5518 908 5554 non
931 5502 1133 5563 adfuit,
1169 5497 1486 5569 tie—quidem
1516 5515 1613 5570 per
1647 5500 1853 5569 legatos
1873 5515 1907 5570 ;_
1928 5497 2155 5570 ncc__'l‘i-

584 5574 857 5634 motheus,
881 5571 985 5624 nisi
1018 5568 1329 5625 continuata
1356 5568 1580 5641 synodo,
1612 5568 1770 5623 turbo
1800 5578 1854 5622 et
1882 5568 2155 5641 [labellum

585 5644 732 5696 illius
776 5642 1146 5712 tempestatis,
1188 5658 1292 5710 qua
1340 5638 1584 5708 dejectus
1620 5643 1815 5712 throno
1868 5638 2157 5712 Gregorius

589 5706 993 5775 Nazianzenus,
1029 5714 1119 5782 qui
1151 5706 1266 5775 hic,
1301 5706 1897 5782 Θεολογίαςᾼέξξέργῳν
1948 5706 2158 5759 ἐπώνυ-

594 5800 711 5853 μος,
740 5783 957 5838 dicitur.
986 5778 1309 5841 Nazianzeni
1341 5778 1560 5853 causam
1592 5779 1664 5853 ita
1691 5778 1927 5853 breviter
1948 5789 2004 5832 et
2030 5794 2158 5853 vere

576 5850 815 5929 |cxpedit
846 5854 1121 5927 Synopsis.
1145 5852 1425 5924 Gregorius
1453 5850 1734 5920 Theologus
1758 5850 1989 5904 obtinens
2018 5850 2157 5903 thro-

2252 5092 2374 5130 num
2425 5074 3089 5143 Constantinopotitanum,
3141 5072 3231 5141 qui
3277 5087 3393 5125 cum
3423 5071 3479 5122 in
3512 5069 3609 5143 illa
3643 5081 3817 5143 sancta

2250 5149 2445 5217 synodo
2476 5146 2662 5201 divisio
2691 5145 2974 5217 oriebatur,
2998 5152 3181 5217 sponte
3207 5159 3305 5196 sua
3340 5143 3397 5194 in
3420 5142 3620 5217 synodo
3647 5142 3820 5193 throno

2253 5210 2609 5282 renuntiavit,
2646 5225 2693 5269 et
2718 5216 2899 5268 habita
2932 5214 3193 5278 oratione,
3221 5229 3325 5281 qua
3368 5228 3487 5264 cum
3524 5210 3685 5282 ﬁdem
3711 5226 3822 5279 pro-

2256 5289 2524 5356 ﬁteretur,
2570 5278 2681 5340 tum
2712 5285 2913 5338 abitum
2944 5292 3200 5356 pararet,
3222 5278 3277 5335 in
3300 5282 3581 5356 praesentia
3604 5278 3819 5356 Patrum

2258 5350 2469 5411 illorum
2498 5367 2704 5411 centum
2736 5365 2781 5408 et
2799 5350 2984 5428 necem
3010 5353 3470 5428 excessitsgnodo.
3498 5360 3546 5428 et
3584 5350 3820 5428 migravit

2259 5428 2610 5482 Nazianzum.
2637 5427 2695 5480 ln
2727 5426 2882 5495 cujus
2913 5424 3090 5495 locum
3122 5422 3396 5495 impiiilli,
3423 5421 3820 5495 quiamotionis

2257 5514 2421 5554 causa
2468 5490 2807 5561 exstiterant,
2856 5494 3167 5551 Nectarium
3201 5490 3417 5545 'laicum
3446 5533 3460 5558 ,
3492 5490 3642 5543 illum
3673 5491 3819 5559 cujus

2256 5570 2505 5623 meminit
2533 5566 2779 5629 Photius,
2818 5577 3007 5621 contra
3036 5577 3272 5618 canones
3294 5562 3663 5633 intruserunt:
3796 5624 3817 5633 _

2329 5638 2440 5709 (Η)
2482 5639 2623 5708 Lego
2652 5647 2706 5693 et
2750 5628 3203 5709 distinguo,_m‘bg
3234 5633 3445 5709 ’ἐρευνᾷ
3472 5628 3717 5709 στα-βάθη.
3738 5628 3817 5679 τοῦ

2258 5700 2671 5778 Θεοῦ,’κρύῷιον
2704 5710 2797 5761 ἀπ’
2827 5700 3167 5763 αύτῦῦ.Ν2ω
3197 5700 3391 5758 alludit
3421 5700 3489 5757 ad
3524 5700 3657 5756 illud
3688 5700 3817 5769 Apo—

2257 5781 2400 5845 stoli,
2432 5780 2452 5835 l
2481 5780 2605 5836 Cor.
2638 5796 2698 5847 ιι,
2732 5780 2821 5842 10,
