4052 6432
147 434 260 497 637

1281 513 1283 516 ι
1312 435 1846 498 EPISTOLARUM
1889 435 2121 495 LIBER
2150 435 2180 495 Ι

3290 427 3400 490 638

149 549 355 618 κλητος
387 563 404 614 ;
433 546 549 610 πῶς
597 545 950 600 συντάττεται
979 548 1156 619 Πατρὶ
1205 549 1300 603 καὶ
1342 550 1491 620 Υἱῷ;
1520 549 1724 620 Πορευ-

1834 549 1939 603 fieri
1971 548 2194 602 omnino
2223 543 2412 600 debuit
2449 551 2509 598 ut
2535 557 2592 596 tu
2637 539 2941 596 istiusmodi
2967 538 3160 608 impias
3189 547 3398 593 etcum

147 640 343 702 θέντες
369 635 500 708 γὰρ,
525 637 687 701 αὐτός
712 655 876 708 φησιν
903 638 932 689 δ
955 638 1102 702 Υἱὸς,
1132 640 1509 712 μαθητεύσατε
1547 641 1728 695 πάντα

146 732 224 786 τὰ
269 732 422 800 ἔθνη,
459 731 816 804 βαπτίζοντες
853 733 1051 796 αὐτοὺς
1078 734 1158 798 είς
1186 733 1245 786 τὸ
1277 734 1445 805 ὄνομα
1491 736 1586 790 τοῦ
1614 737 1728 789 Πα-

146 823 309 893 τρὸς,
341 823 434 876 καὶ
461 823 554 876 τοῦ
592 822 742 886 Υίοῦ,
777 825 871 876 καὶ
900 824 994 877 τοῦ
1019 825 1176 894 ἁγίου
1203 827 1541 898 Πνεύματος.
1578 829 1640 881 Ei
1670 827 1729 881 ’ἐν

147 931 209 966 τι
242 914 364 967 τῶν
394 913 562 984 τριῶν
591 914 817 984 κτίσμα,
846 915 904 966 ὲν
942 910 1024 976 οἷς
1081 913 1451 986 φωτιζόμεθα,
1487 917 1608 971 οὐδὲ
1661 917 1730 971 τὰ

151 999 323 1054 λοιπὰ
350 1000 680 1070 καθαρεύσει
710 1003 808 1073 τῆς
838 1001 1069 1072 ῦϐρεως.
1115 1003 1256 1057 Ἀλλ’
1286 1007 1335 1058 εί
1359 1005 1586 1076 κτίσμα,
1618 1006 1730 1070 πῶς

153 1091 338 1154 κτίζει
359 1110 374 1156 ;
394 1091 511 1156 πῶς
529 1092 746 1159 ἁγιάζει
769 1091 815 1159 i;
845 1094 960 1158 πῶς
974 1094 1227 1158 ζωοποιεῖ
1243 1116 1258 1162 ;
1283 1097 1400 1160 πῶς
1417 1098 1615 1169 διαιρεῖ
1634 1115 1732 1169 χα-

156 1182 437 1253 ρίσματα;
467 1185 582 1248 πῶς
619 1183 676 1264 δὲ
717 1184 876 1252 Θεός;
900 1185 1039 1239 ἀλλὰ
1065 1186 1442 1265 τούτων-οὐδὲν
1475 1192 1680 1252 ἐκεῖνος
1701 1189 1732 1242 ὁ

154 1273 532 1345 φρενοϐλαϐὴς
583 1276 677 1327 ἐπὶ
703 1277 826 1329 νοῦν
872 1277 1223 1348 βαλλόμενος,
1252 1280 1351 1348 τῆς
1401 1281 1733 1350 μοναρχικῆς

156 1367 295 1420 αὐτὸ
315 1369 408 1420 καὶ
431 1368 561 1436 μιᾶς
577 1368 882 1438 ἀδιαιρέτου
907 1369 1158 1442 θεότητος
1177 1370 1411 1442 διασπᾷν
1424 1371 1484 1424 τὺ
1508 1373 1731 1441 Πνεῦμα

156 1457 365 1527 ἐτόλμα
421 1459 518 1512 καὶ
572 1459 997 1530 ἀπεθρασύνετο.
1055 1462 1146 1514 Διὸ
1206 1462 1300 1515 καὶ
1344 1462 1440 1532 τῆς
1479 1461 1734 1526 ἀσεϐείας

159 1549 362 1615 ἐπάξια
397 1552 586 1622 εἴληφε
608 1552 677 1604 τὰ
706 1553 1002 1623 ὲπιχείρια,
1041 1555 1202 1617 αὐτός
1226 1572 1286 1607 τε
1320 1554 1607 1624 ἀφαιρέσει
1633 1555 1734 1623 τῆς

162 1644 467 1715 ἱερωσύνης
524 1645 959 1716 ζημιωθεὶς,καὶ
1009 1647 1212 1711 πάντες
1258 1648 1372 1700 ὅσοι
1405 1648 1508 1717 τῆς
1562 1644 1728 1700 αὑτοῦ

159 1735 456 1806 θεομαχίας
488 1737 550 1789 τὸ
590 1737 809 1790 ἀνίατον
837 1739 1251 1810 παρεζήλωσαν.
1299 1739 1410 1791 Καὶ
1448 1739 1523 1802 ὡς
1588 1741 1731 1792 έκεῖ-

158 1844 252 1890 νος
271 1828 334 1879 τὸ
362 1829 626 1896 πανάγιον
661 1828 884 1900 Πνεῦμα
914 1830 1011 1898 τῆς
1045 1815 1325 1902 τριαδικῆς
1381 1832 1512 1899 μιᾶς
1544 1831 1732 1901 θεότη-

1829 638 1938 693 Deo
1980 645 2280 708 pugnantes
2322 634 2611 704 Opiniones
2652 631 2896 686 recidat?
2925 630 3239 685 Coucedere
3288 646 3400 683 non

1828 727 1910 783 vis
1945 728 2206 798 Spiritum
2227 741 2345 781 esse
2375 725 2581 800 Deum?
2619 721 2674 778 at
2697 723 2966 792 quomodo
2997 720 3267 791 profunda
3304 721 3398 776 Dei

1829 828 2121 882 scrutatur,
2159 820 2226 874 ab
2275 819 2392 888 ipso
2440 818 2728 893 abs_trusa_?
2771 817 3046 886 quomodo
3088 817 3194 870 erit
3255 817 3400 870 alius

1829 911 2180 966 Paracletus?
2231 910 2375 964 unde
2431 894 2632 962 factum
2675 916 2735 961 ut
2777 923 2900 961 cum
2958 908 3116 962 Patre
3160 917 3214 961 et
3264 907 3401 961 Filio

1829 1001 2227 1074 componatur?
2267 1001 2461 1055 Euntes
2502 1001 2672 1063 enim,
2710 1000 2785 1053 ait
2829 999 3062 1067 ipsemet
3104 999 3293 1062 Filius,
3343 999 3402 1051 in

1830 1097 2081 1151 mundum
2116 1096 2448 1158 universum,
2478 1092 2658 1160 docete
2681 1107 2870 1144 omnes
2913 1091 3169 1151 nationes,
3217 1091 3400 1153 bapti—

1829 1196 2011 1240 zantes
2056 1201 2140 1240 eos
2197 1185 2252 1237 in
2308 1170 2514 1240 nemine
2545 1182 2747 1244 Patris,
2793 1192 2841 1235 et
2890 1182 3037 1246 Filii,
3085 1192 3132 1236 et
3171 1181 3402 1251 Spiritus

1829 1277 2090 1331 sancti’.
2153 1274 2304 1339 Quod
2393 1275 2438 1328 si
2504 1283 2684 1327 autem
2744 1287 2775 1326 e
2857 1273 3034 1326 tribus
3107 1273 3270 1336 istis,
3345 1271 3402 1325 in

1831 1383 2063 1438 quorum
2118 1365 2430 1418 nominibus
2483 1364 2734 1432 baptizati
2798 1364 3199 1427 illumiuamur,
3259 1377 3404 1416 unus

1831 1461 1936 1516 erit
1967 1469 2240 1524 creatura,
2287 1469 2436 1514 certe
2463 1459 2682 1528 quidem
2729 1473 2829 1511 nec
2877 1457 3057 1510 caeteri
3093 1457 3160 1509 ab
3206 1454 3408 1524 injuria

1833 1555 1933 1609 hac
1959 1564 2013 1610 et
2040 1553 2368 1609 contumelia
2399 1551 2671 1604 immunes
2730 1548 2957 1602 fuerint.
2978 1546 3129 1612 Quod
3161 1547 3206 1600 si
3252 1561 3409 1600 crea—

1832 1640 1954 1704 tura
2015 1645 2125 1708 sit,
2207 1643 2480 1714 quomodo
2526 1641 2820 1712 quidquam
2898 1639 3080 1692 creat?
3135 1636 3407 1706 quomodo

1833 1736 2150 1800 sanctiﬁcat,
2202 1737 2288 1792 vel
2335 1733 2613 1790 viviﬁcat?
2644 1730 2916 1802 quomodo
2961 1729 3242 1784 distribuit
3280 1727 3409 1781 cha-

1834 1829 2099 1885 rismata?
2129 1828 2398 1898 quomodo
2419 1825 2600 1880 Deus?
2625 1823 2773 1877 Nihil
2814 1829 2994 1876 autem
3027 1821 3254 1873 istorum
3304 1818 3404 1870 de-

155 1919 250 1983 τός
277 1937 336 1972 τε
361 1921 454 1974 καὶ
481 1921 802 1992 κυριότητος
827 1922 1140 1994 ἀλλοτριοῦν
1165 1922 1520 1993 ἐφρυάττετο,
1556 1922 1731 1986 οὕτως

1837 1922 1968 1976 lirus
1999 1920 2089 1973 ille
2134 1919 2274 1989 apud
2322 1917 2554 1971 animam
2589 1929 2741 1969 suam
2784 1921 3045 1982 reputans
3102 1909 3408 1980 cogitabat;

159 2011 326 2064 αὐτὸν
355 2013 388 2082 ἡ
419 2012 552 2079 ἁγία
593 2013 688 2066 καὶ
741 2011 1094 2084 οίκουμενικὴ
1135 2012 1352 2075 σύνοδος
1381 2015 1479 2065 καὶ
1520 2013 1621 2080 τῆς
1655 2014 1726 2065 ἱε-

163 2101 414 2172 ρωσύνης
468 2103 691 2174 καὶτῆς
745 2105 853 2156 τῶν
888 2107 1093 2158 πιστῶν
1129 2104 1346 2176 μερίδος
1397 2105 1494 2157 καὶ
1533 2122 1732 2159 συναυ-

159 2192 284 2256 λίας
311 2186 398 2246 οἷα
419 2191 666 2264 δεύτερον
694 2193 1056 2279 ἡλλοτρίωσεν
1089 2196 1323 2267 Ἀρειον.
1355 2195 1429 2249 Τὸ
1468 2194 1524 2248 δὲ
1557 2195 1732 2248 πανά-

159 2300 294 2352 γιον·
323 2284 417 2338 καὶ
465 2284 768 2355 ζωαρχικὸν
802 2287 1044 2354 Πνεῦμα,
1071 2285 1106 2340 ἆ
1150 2305 1208 2340 τε
1251 2285 1315 2358 δὴ
1344 2286 1599 2357 νόμοφυὲς
1637 2287 1733 2338 καὶ

161 2374 470 2443 όμοούσιον,
501 2376 770 2439 ἰσοσθενές
791 2395 852 2430 τε
876 2378 968 2430 καὶ
985 2377 1418 2447 παντοδύναμον,
1455 2377 1531 2447 τῷ
1557 2378 1732 2444 Πατρὶ

162 2466 258 2520 καὶ
301 2467 379 2535 τῷ
424 2467 536 2540 Υίῷ
600 2470 1133 2541 συμπροσκυνεῖσθαι
1184 2473 1275 2525 καὶ
1341 2470 1735 2539 συνδοξολογεί-

162 2557 312 2620 σθαι,
338 2561 480 2612 κατὰ
511 2557 611 2622 τὰς
642 2559 917 2630 πατρικάς
953 2578 1014 2613 τε
1057 2561 1152 2614 καὶ
1179 2559 1493 2628 θεολογικὰς
1525 2559 1729 2627 φωνὰς,

161 2649 500 2719 ἀνεκήρυξαν
534 2667 549 2681 ·
609 2651 995 2722 ὲκθερίσαντες
1059 2652 1244 2705 τέλεον
1277 2652 1371 2706 κα)⁹
1436 2652 1490 2704 εί
1530 2668 1583 2704 τι
1627 2651 1725 2717 τῆς

173 2738 460 2809 Ἀρειανῆς
525 2745 732 2813 σπορᾶς
780 2742 1020 2808 ζιζάνιον
1065 2743 1360 2814 ὑπεφύετο.
1418 2744 1733 2815 Τηνικαῦτα

161 2831 216 2885 δὲ
268 2832 368 2895 τὰς
401 2833 503 2902 τῆς
559 2833 830 2904 βασιλείας
880 2835 1036 2905 ἡνίας
1080 2837 1110 2888 ό
1169 2836 1342 2906 μέγας
1391 2835 1465 2898 ὡς
1518 2833 1734 2905 ἀληθῶς

163 2924 256 2976 κα)⁸
302 2924 544 2995 μεγάλης
589 2925 865 2998 εὐφημίας
916 2926 1066 2991 ἄξιος
1119 2924 1512 2996 περιεζώννυτο
1544 2925 1733 2978 Θεοδό-

167 3033 298 3080 σιος,
337 3017 618 3088 πρόμαχος
664 3019 758 3073 καὶ⁹
796 3019 957 3083 αὐτὸς
987 3020 1084 3090 τῆς
1132 3019 1412 3082 εὐσεϐείας
1471 3015 1732 3090 γνωριζό-

169 3124 347 3176 μενος.
413 3108 551 3160 Ἀλλ’
609 3111 664 3162 ὲν
709 3109 922 3174 τούτοις
975 3111 1073 3181 μὲν
1123 3109 1218 3165 καὶ
1285 3109 1426 3182 αὕτη
1483 3111 1518 3180 ή
1599 3109 1732 3179 ἁγία

173 3199 410 3262 σύνοδος.

1837 2014 1932 2068 sed
1965 2028 2130 2067 ausus
2173 2021 2256 2066 est
2297 2009 2461 2062 homo
2487 2009 2852 2073 importunus,
2893 2004 3194 2058 insolenter
3231 2017 3260 2054 a
3286 2015 3407 2054 mo-

1837 2105 2094 2159 narchica
2127 2103 2310 2166 unica,
2348 2101 2580 2156 indivisa
2609 2099 2820 2152 Deitate
2842 2096 3086 2151 dividere
3119 2093 3408 2162 Spiritum.

1834 2197 2127 2264 Quorcirca
2168 2195 2382 2266 dignam
2415 2209 2511 2248 sua
2556 2192 2838 2247 molitione
2889 2189 3052 2259 impia
3100 2186 3408 2242 mercedem

1811 2288 2059 2366 .recepit.
2091 2287 2227 2340 Nam
2255 2297 2309 2339 et
2333 2283 2635 2339 sacerdotio
2660 2283 2904 2354 privatus
2948 2280 3316 2344 multabatur;
3356 2284 3411 2330 et

1840 2395 1946 2434 una
1999 2396 2124 2434 cum
2183 2394 2247 2432 eo
2299 2386 2656 2447 quotcunque
2711 2373 3104 2443 ineorrigibiles
3161 2369 3410 2425 eamdem

1838 2469 2085 2524 haeresim
2114 2469 2166 2522 in
2194 2467 2359 2522 Deum
2390 2466 2691 2536 blasphemi
2717 2465 3084 2518 seetabantur.
3117 2461 3184 2515 Et
3212 2475 3407 2530 quem-

1836 2563 2128 2618 admodum
2177 2562 2265 2615 ille
2309 2569 2556 2615 sanctum
2596 2557 2857 2627 Spiritum
2902 2554 3138 2609 alienum
3173 2569 3202 2606 a
3245 2550 3408 2604 Trin—

1838 2669 1944 2709 una
2003 2654 2214 2708 Deitate
2261 2661 2316 2707 et
2357 2651 2738 2705 Dominatione
2777 2647 3084 2718 iactitabat,
3137 2644 3208 2698 ita
3257 2643 3407 2695 illum

1839 2753 2025 2800 sancta
2073 2755 2127 2799 et
2167 2743 2493 2798 universalis
2530 2741 2812 2812 synodus,
2863 2747 3123 2805 tanquam
3177 2735 3407 2788 alterum

1837 2838 2050 2904 Arium,
2085 2852 2115 2891 a
2164 2834 2469 2890 sacerdotio
2515 2843 2570 2888 et
2608 2832 2848 2886 ﬁdelium
2893 2828 3142 2885 sodalitio
3183 2841 3247 2881 ac
3283 2841 3411 2894 por-

1839 2930 1988 2984 tione
2017 2928 2314 2984 declaravit
2367 2927 2626 2980 alienum.
2681 2922 3092 2979 Sanctissimum
3141 2932 3305 2988 porro
3356 2923 3413 2971 et

1837 3023 1961 3077 vita:
1982 3020 2276 3076 Auctorem
2302 3019 2654 3090 principalem
2689 3015 2973 3087 Spiritum,
3006 3013 3159 3083 juxta
3192 3011 3412 3065 Patrum

1838 3122 1893 3168 et
1940 3111 2318 3182 theologorum
2354 3109 2677 3172 sententias,
2728 3107 2947 3178 publico
2993 3102 3268 3174 praeconio
3317 3100 3413 3154 de-

1762 3197 1804 3256 C
1838 3202 2184 3264 moustraiit,
2217 3214 2326 3253 una
2352 3213 2477 3252 cum
2520 3196 2678 3250 Patre
2728 3211 2792 3249 ac
2827 3195 2962 3248 Filio
2991 3191 3323 3248 adorandum
3357 3195 3415 3243 et.

165 3293 329 3348 simul
373 3294 802 3364 gloriﬁcaudum,
866 3307 1056 3367 utpote
1111 3297 1356 3367 ejusdem
1406 3296 1758 3350 exsistentem
1798 3309 1926 3348 cum
1964 3292 2070 3346 illis
2107 3300 2318 3345 naturae
2384 3287 2832 3355 substantiaeque,
2859 3285 2976 3354 pari
3008 3282 3294 3354 praeditum
3334 3281 3411 3344 vi,

163 3387 433 3456 potentia,
461 3387 735 3443 facultate.
760 3388 901 3454 Quin
933 3398 990 3443 et
1027 3389 1069 3443 si
1100 3389 1246 3460 quod
1288 3388 1621 3442 zizaniorum
1677 3387 1854 3441 adhuc
1913 3387 1980 3439 de
2046 3384 2254 3439 semine
2292 3381 2404 3434 Arii
2449 3378 2932 3449 suppullulaverat,
2982 3383 3038 3429 et
3107 3373 3240 3427 illud
3280 3373 3411 3426 stir-

162 3480 310 3548 pitus
334 3481 661 3536 evellebant.
690 3481 906 3552 Imperii
937 3497 1100 3550 porro
1121 3491 1254 3536 tunc
1281 3481 1539 3551 temporis
1572 3479 1730 3534 frena
1766 3478 2152 3535 moderabatur
2180 3489 2409 3546 magnus
2441 3472 2530 3527 ille
2567 3478 2623 3524 et
2687 3483 2883 3538 magno
2923 3466 3143 3520 laudum
3207 3477 3414 3534 praeco-

163 3575 256 3629 nio
283 3576 644 3633 celebrandus
667 3577 1042 3641 Theodosius;
1082 3579 1174 3648 qui
1216 3579 1476 3650 religiosae
1513 3576 1733 3648 pietatis
1804 3583 2181 3647 propugnator
2230 3569 2480 3643 egregius
2529 3567 2848 3624 exsistebat.
2915 3566 3090 3634 Atque
3152 3562 3218 3617 ad
3265 3561 3416 3614 hunc

162 3668 386 3722 modum
415 3670 602 3724 habuit
631 3687 690 3725 se
720 3671 820 3725 ista
851 3673 1112 3742 synodus;

236 3759 328 3815 ια’.
375 3761 439 3814 Ἦ
466 3763 521 3815 δὲ
547 3763 678 3831 ἁγία
727 3765 821 3818 καὶ
850 3741 1203 3836 οίκουμενικὴ
1233 3765 1393 3836 τρίτη
1438 3762 1651 3827 σύνοδος
1677 3763 1736 3817 ὲν

1911 3759 1997 3812 ll.
2030 3757 2210 3811 Tertia
2259 3763 2441 3810 autem
2488 3761 2674 3810 sancta
2713 3761 2771 3807 et
2807 3749 3130 3806 universalis
3172 3741 3417 3820 synodus

167 3854 266 3922 μὲν
294 3855 362 3923 τῇ
414 3854 554 3907 κατὰ
583 3855 682 3925 τὴν
723 3855 907 3908 Ἀσίαν
957 3855 1166 3925 Ἐφέσῳ
1220 3853 1584 3924 συνεκροτήθη
1613 3868 1626 3882 ·
1655 3854 1736 3916 είς

1838 3851 2037 3922 Ephesi
2054 3851 2106 3904 iu
2121 3849 2244 3903 Asia
2256 3848 2700 3918 eongregabatur,
2718 3859 2948 3898 numero
2961 3843 3417 3898 ducenariocom-

163 3946 474 4008 διακοσίους
516 3945 572 3997 δὲ
618 3944 973 4016 ἐπληθύνετο.
1027 3947 1117 3999 Ἐν
1147 3939 1229 4009 οἷς
1274 3944 1541 4016 ἡγεμόνες
1569 3945 1736 4012 ἐγνω-

1840 3945 2004 4014 pleta.
2026 3941 2308 4010 Principes
2339 3953 2502 4009 porro
2530 3937 2869 4000 ferebantur,
2893 3933 3124 4005 Cyrillus
3151 3933 3240 3988 ille
3273 3933 3416 3987 inter

173 4039 409 4106 ρίζοντο,
439 4037 708 4108 Κύριλλός
745 4055 804 4090 τε
836 4041 863 4092 ὁ
893 4040 950 4092 έν
994 4037 1233 4107 πατράσι
1281 4035 1646 4107 περιώνυμος,
1677 4033 1736 4099 ὃς

1839 4034 2030 4090 Patres
2048 4030 2537 4091 nominatissimus,
2569 4027 2662 4097 qui
2693 4035 2748 4081 et
2797 4027 2999 4080 virtute
3025 4033 3078 4079 et
3126 4023 3417 4094 prudentia

163 4129 232 4182 δι’
270 4127 472 4199 ἀρετὴν
495 4128 592 4182 καὶ
631 4129 820 4198 σοφίας
853 4128 1083 4182 πλοῦτον
1111 4129 1209 4198 τῆς
1252 4125 1597 4197 Ἀλεξάνδρου
1641 4143 1737 4196 με·

163 4217 510 4289 γαλοπόλεως
544 4218 735 4273 ἰθύνων
768 4217 857 4272 τὸν
903 4219 1112 4290 Θρόνον,
1135 4219 1228 4272 καὶ
1264 4217 1358 4272 τοῦ
1395 4217 1611 4288 Ῥώμης
1630 4218 1739 4271 Κε-

163 4309 411 4362 λεστίνου
437 4310 535 4379 τὴν
559 4309 827 4380 καθέδραν
871 4309 1180 4379 ἀνεπλήρου
1210 4309 1306 4362 καὶ
1335 4307 1394 4361 τὸ
1422 4309 1733 4380 πρόσωπον.

164 4401 302 4456 Μεθ’
333 4395 407 4454 ὧν
435 4401 527 4454 καὶ
553 4403 808 4471 Μέμνων,
841 4404 868 4454 ὁ
901 4401 999 4472 τῆς
1045 4399 1304 4468 Ἐφεσίων
1325 4399 1617 4470 ἐκκλησίας
1645 4400 1738 4470 ἐμ-

165 4493 600 4564 πεπιστευμένος
615 4495 738 4557 τοὺς
755 4493 966 4556 οίόικας⁹
990 4493 1084 4546 καὶ
1097 4493 1161 4563 δὴ
1180 4493 1274 4546 καὶ
1291 4495 1317 4546 ὁ
1331 4493 1440 4546 τῶν
1455 4491 1740 4564 Ἱεροσολύ·

169 4597 311 4648 μων,
357 4579 725 4645 Ὶουϐενὰλιος.
763 4581 970 4644 Οἴτινες
1006 4580 1103 4634 σὺν
1127 4583 1290 4634 παντὶ
1313 4581 1392 4652 τῷ
1431 4581 1529 4652 τῆς
1578 4583 1738 4635 συνό-

165 4673 258 4724 δου
295 4671 643 4743 πληρώματι,
671 4675 761 4726 τὸν
793 4673 1026 4743 δυσσεϐῆ
1059 4675 1372 4746 Νεστόριον,
1403 4692 1479 4728 ων
1527 4676 1736 4744 ἠσέϐει,

167 4765 328 4826 δίκας
383 4765 822 4836 εἰσεπράττοντο.
881 4768 975 4829 Ὃς
1036 4768 1100 4818 ὲκ
1149 4765 1248 4835 τῆς
1316 4767 1606 4837 Ἀντιόχου,
1640 4768 1740 4838 τῆς

165 4855 310 4925 πρὸς
362 4855 440 4925 τῷ
491 4855 735 4928 Ὀρόντῃ,
787 4855 1125 4926 ὁρμώμενος,
1157 4859 1247 4911 τὸν
1301 4859 1742 4912 Κωνσταντινου-

170 4948 380 5008 πόλεως
415 4947 602 5017 θρόνον
631 4950 729 5002 οὐκ
760 4950 970 5017 εὐαγῶς
1015 4952 1387 5020 ἐγκεχείριστο
1425 4951 1558 5021 (15).
1600 4951 1741 5004 Ἀλλ’

167 5041 264 5093 ὅτε
311 5038 652 5110 ταλαίπωρος
689 5035 843 5103 οὗτος
874 5079 890 5104 ,
919 5043 984 5093 ὲκ
1033 5039 1142 5094 τῶν
1173 5040 1284 5110 (I6)
1326 5040 1589 5112 Διοδώρου
1642 5042 1739 5095 καὶ

243 5181 264 5213 ²
298 5177 488 5232 Matth.
532 5194 724 5244 xxvm,
753 5177 944 5232 18-20.

1843 4124 2298 4182 instructissimus
2321 4137 2525 4192 maguze
2556 4120 2698 4174 illius
2743 4117 3032 4173 Alexandri
3074 4116 3224 4170 urbis
3261 4115 3416 4170 thro--

1843 4237 1973 4276 num
2004 4218 2321 4274 insidebat:
2368 4229 2582 4268 necnon
2635 4209 2915 4266 C(elestini
2971 4208 3228 4263 Romanae
3267 4205 3416 4260 urbis

1844 4312 2082 4384 episc0pi
2121 4309 2307 4364 obibat
2343 4317 2399 4361 et
2423 4303 2713 4376 peragebat
2741 4301 2909 4357 vices.
2940 4300 3142 4355 Aderat
3174 4307 3229 4353 et
3249 4296 3418 4352 Mem-

1773 4383 1819 4438 θ
1844 4383 1977 4469 non,
2013 4401 2105 4472 qui
2153 4401 2219 4455 ad
2260 4399 2470 4454 clavum
2506 4395 2796 4466 Ephesinaa
2856 4392 3107 4456 Ecclesia:
3149 4391 3414 4445 sedebat:

1844 4495 2162 4553 Juvenalius
2190 4507 2407 4563 quoque
2440 4487 2958 4558 Hierosolymorum.
2981 4485 3094 4548 Isti,
3142 4500 3248 4538 una
3291 4498 3416 4536 cum

1849 4588 2016 4645 totius
2046 4585 2234 4657 synodi
2262 4598 2524 4638 consessu
2573 4589 2792 4644 caetero,
2845 4579 2913 4632 ab
2967 4577 3134 4646 impio
3161 4573 3414 4629 Nestorio

1844 4676 2136 4748 impietatis
2167 4690 2278 4729 suae
2320 4688 2509 4744 pinnas
2541 4670 2915 4742 reposcebant.
2947 4667 3040 4723 Ille
3093 4676 3271 4720 autem
3300 4663 3416 4716 An-

1846 4767 2045 4825 tiochia
2075 4775 2229 4821 ortus
2274 4765 2342 4819 ad
2393 4765 2653 4820 Orontem
2692 4762 2891 4816 ﬂumen
2933 4760 3056 4822 sita,
3093 4767 3253 4826 atque
3286 4756 3414 4811 inde

1839 4860 2133 4932 profectus,
2159 4857 2350 4912 solium
2382 4853 3045 4923 Constantiuopolitanum
3095 4848 3239 4902 haud
3279 4863 3412 4903 sane

1840 4951 2075 5022 legitime
2101 4948 2514 5004 conscenderat.
2545 4946 2733 5000 Infelix
2768 4944 2870 4998 iste
2894 4943 3056 4996 homo
3083 4940 3150 4994 de
3180 4940 3414 5013 lutulen-

1842 5042 1911 5097 tis
1937 5041 2152 5097 Diodori
2180 5050 2236 5096 et
2263 5034 2537 5094 Theodori
2585 5035 2925 5106 impietatem
2963 5032 3410 5103 scaturiginibus,

1679 5247 1911 5305 NOTAE.

247 5340 361 5412 (15)
384 5339 506 5393 Οὐκ
529 5338 756 5408 εὐαγῶς
777 5337 1198 5412 ἐγκεχείριστο.
1229 5338 1586 5409 Inausptcato,
1608 5340 1745 5412 alio-

170 5411 310 5481 quin
342 5425 625 5479 perperam
655 5411 798 5464 haud
823 5411 1068 5481 ascendit
1096 5411 1490 5481 episcopatum,
1523 5411 1617 5464 sed
1647 5427 1744 5479 per

170 5479 519 5542 canonicam.
541 5481 584 5535 si
614 5484 736 5549 quis
758 5481 918 5544 alius,
955 5479 1294 5534 electionem.
1322 5480 1446 5534 Post
1479 5497 1742 5533 excessum

172 5552 424 5615 Sisinnii,
453 5551 626 5618 inquit
650 5553 920 5612 Socrates,
946 5549 1039 5602 lib.
1067 5565 1159 5610 vn,
1197 5565 1318 5619 cap.
1358 5550 1448 5614 27,
1476 5553 1641 5603 visum
1665 5559 1742 5603 est

172 5621 488 5692 imperatori
514 5631 724 5689 propter
752 5621 984 5692 homines
1017 5621 1458 5692 inaniumrerum
1489 5630 1741 5689 appeten-

173 5689 274 5758 ταδ’,
299 5693 558 5746 neminem
580 5707 642 5745 ea:
661 5693 759 5744 ista
785 5689 1042 5752 Ecclesia,
1075 5689 1190 5743 licet
1218 5689 1383 5760 aliqui
1415 5690 1739 5760 Philippum,

174 5763 474 5830 complures
503 5761 749 5815 Proclum
782 5762 1112 5830 designatum
1140 5771 1405 5828 cuperent,
1447 5761 1515 5814 ad
1541 5762 1739 5828 episco-

178 5843 366 5901 patum
394 5833 547 5888 illum
575 5833 782 5903 eligere,
824 5831 912 5886 sed
952 5833 1205 5885 advenam
1248 5831 1524 5887 Antiochia
1559 5847 1734 5884 arces-

1849 5356 1979 5393 sere.
2029 5337 2228 5391 Deinde
2279 5335 2556 5388 hominem
2603 5333 2949 5388 accersitum
2981 5334 3054 5388 ita
3109 5333 3410 5389 describit:

1851 5409 1984 5462 Erat
2018 5409 2125 5461 illic
2153 5407 2428 5460 [Vestorius
2451 5421 2515 5458 ea:
2552 5404 2836 5460 Germania
2863 5407 3136 5468 oriundus,
3160 5422 3279 5458 voce
3315 5405 3415 5457 im-

1849 5483 2032 5549 primis
2077 5494 2288 5535 sonora,
2337 5475 2518 5549 lingua
2566 5476 2784 5549 diserta,
2836 5485 2892 5528 et.
2933 5477 3002 5549 ob_
3041 5491 3156 5528 eam
3195 5490 3412 5528 causam

1851 5544 2107 5604 tauauam
2129 5549 2199 5600 ad
2226 5547 2514 5599 docendum
2537 5544 2790 5613 populant
2809 5547 3093 5598 admodum
3120 5559 3411 5597 accommo-

1847 5623 2024 5674 datus.
2058 5617 2368 5673 Accersitus
2395 5615 2574 5684 igitur,
2603 5623 2658 5667 et
2683 5617 2941 5669 canonice
2968 5616 3173 5670 electus
3200 5613 3412 5666 inthro-

1849 5691 2083 5744 nizatur.
2145 5685 2330 5752 Qualis
2391 5695 2573 5740 autem
2619 5684 2709 5738 ille
2760 5694 2948 5755 postea
2995 5686 3050 5738 in
3100 5685 3414 5755 episcopatu

1846 5761 2139 5818 exstiterit.
2176 5765 2364 5810 notum
2384 5763 2488 5809 est.

1914 5831 2028 5902 (I6)
2073 5829 2169 5882 Ἐκ
2217 5823 2336 5880 τῶν
2362 5825 2650 5896 Διοδώρου
2679 5825 2777 5881 καί
2808 5823 3128 5892 Θεοδώρου.
3169 5818 3419 5892 Intelligit
