3996 6466
595 444 715 511 639

1769 459 2035 521 PHOTII
2072 461 2578 523 PATRIARCHJE
2628 461 2737 522 ep.
3348 414 3367 433 ί
3747 446 3835 510 650

598 563 691 616 ubi
734 573 1014 633 potaverat
1037 569 1173 641 ipse,
1225 583 1280 630 et
1307 584 1490 631 mente
1541 576 1725 632 ebrius
1756 592 1875 631 esse
1904 586 2167 646 cmperat,

2285 578 2545 647 Beo6tbpou
2568 577 2803 647 θολερῶν
2827 575 2925 645 τῆς
2950 571 3204 634 ἀσεϐείας
3235 568 3547 640 ὲκροφήσας
3568 563 3849 633 ναμάτων,

596 656 665 712 ad
701 660 999 728 perniciem
1050 665 1226 736 gregis
1261 668 1366 733 sui,
1399 669 1666 723 absurdas
1693 675 1750 722 et
1798 668 2176 724 abhorrendas

598 751 860 819 quasdam
914 769 1072 809 voces
1100 759 1393 812 multorum
1431 760 1656 813 auribus
1678 759 1976 830 ingerebat.
2016 759 2179 814 Chri-

601 852 745 898 stum
779 846 997 913 etenim,
1036 850 1128 904 Dei
1160 852 1355 907 Filium
1416 854 1659 919 unicum,
1711 854 1881 909 Deum
1928 864 2177 910 nostrum

600 953 813 1003 verum,
843 941 935 1008 qui
962 952 1186 1011 prepter
1214 961 1314 999 nos
1346 954 1401 1001 et
1434 948 1663 1002 salutem
1712 956 1954 1002 nostram
1997 949 2180 1006 carnis

601 1036 764 1097 atque
794 1031 1070 1100 sanguinis
1098 1036 1292 1098 nostri,
1331 1038 1523 1093 similis
1548 1038 1708 1093 nobis
1730 1038 1905 1094 factus
1951 1040 2179 1110 partici—

601 1120 768 1188 pavit,
795 1130 848 1174 et
878 1122 929 1175 in
963 1124 1201 1193 seipsum
1230 1138 1473 1182 nostram
1526 1129 1830 1200 suscipiens
1866 1139 1921 1185 et
1974 1131 2179 1186 substi-

603 1218 761 1264 tuens
791 1228 1044 1280 massam,
1106 1233 1246 1273 unus
1289 1220 1553 1277 eduobus
1585 1222 1870 1277 contrariis
1916 1222 2181 1278 conﬂatus

603 1302 915 1361 dicebatur:
946 1307 1088 1362 Deus
1110 1326 1307 1381 nempe
1328 1313 1471 1368 idem
1502 1323 1665 1383 atque
1698 1316 1860 1370 homo
1888 1317 2177 1379 exsistens,

602 1411 745 1451 unus
779 1397 1045 1463 Christus,
1079 1402 1246 1457 Filius
1272 1420 1434 1471 unus,
1464 1405 1606 1460 idem
1631 1406 1919 1462 desursum
1955 1423 1987 1462 e
2017 1410 2181 1463 Patre

602 1488 721 1543 sine
746 1500 939 1558 matre,
964 1494 1054 1563 qui
1086 1496 1340 1551 deorsum
1384 1508 1502 1553 erat
1532 1515 1562 1554 e
1600 1510 1775 1555 matre
1828 1500 1948 1555 sine
1972 1499 2132 1556 Patre
2161 1520 2175 1558 :

604 1579 720 1647 ipse
749 1590 931 1637 etnon
960 1585 1123 1653 alius,
1156 1589 1345 1643 eadem
1378 1606 1612 1660 persona
1638 1633 1651 1657 ,
1689 1592 1989 1664 hypostasis
2023 1610 2132 1649 una
2165 1612 2180 1649 :

604 1668 761 1726 Hunc
783 1674 989 1730 scilicet
1010 1694 1178 1732 unum
1209 1679 1497 1736 Dominum
1530 1694 1777 1738 nostrum
1811 1682 1999 1739 Jesum
2018 1684 2183 1741 Chri-

605 1772 749 1817 stum
785 1765 1188 1825 infelicissimus
1211 1772 1298 1826 ille
1325 1772 1461 1827 nihil
1491 1776 1699 1830 veritus
1749 1775 1806 1830 in
1835 1776 1973 1832 duas
2008 1777 2181 1849 hypo-

606 1864 780 1911 stases
805 1856 1080 1914 dissecare
1099 1869 1154 1915 et
1174 1860 1443 1931 dividere,
1482 1865 1704 1919 alteram
1738 1880 1951 1919 merum
1994 1876 2049 1921 ct
2075 1882 2181 1936 pu-

2282 670 2377 723 καὶ
2407 673 2487 733 είς
2532 671 2743 739 φρενῶν
2774 667 2943 738 μέθην
2977 662 3254 736 ἐμπεσὼν,
3282 662 3514 730 ἀπηχεῖς
3567 660 3665 710 καὶ
3714 658 3834 709 ἐκτό-

2280 781 2415 827 πους
2447 761 2648 832 φωνάς,
2679 762 2771 814 ἐπὶ
2803 759 2952 831 λύμῃ
2994 757 3089 811 τοῦ
3120 754 3393 825 ποιμνίου,
3426 749 3641 803 πολλῶν
3672 749 3835 812 ἀκοαῖς

2282 854 2714 925 ὲναττηρεύξατο.
2740 850 2973 921 Χριστὸν
3011 847 3139 917 γὰρ,
3165 846 3255 898 τὸν
3284 845 3379 896 ἕνα
3407 839 3545 894 Θεοῦ
3581 840 3833 909 Υἱὸνῌῗ),

2281 944 2373 997 τὸν
2416 942 2668 1013 ἀληθινὸν
2712 941 2844 994 Θεὸν
2880 937 3056 1009 ἡμῶν,
3093 936 3151 1000 ὃς
3181 935 3248 987 δι’
3279 935 3426 1004 ἡμᾶς
3475 931 3577 985 καὶ
3612 930 3702 983 διὰ
3756 930 3834 1000 τὴν

2279 1035 2556 1107 ἡμετέραν
2606 1032 2877 1102 σωτηρίαν
2926 1029 3125 1100 σαρκὸς
3158 1067 3173 1093 ,
3234 1027 3367 1096 ἡμῖν
3414 1022 3831 1093 παραπλησίως,

2282 1127 2618 1199 κοινωνήσας
2668 1125 2763 1179 καὶ
2797 1123 3049 1193 αἵματος,
3086 1119 3181 1173 καὶ
3226 1121 3304 1180 εἰς
3332 1116 3525 1170 ἑαυτὸν
3554 1114 3618 1167 τὸ
3668 1116 3835 1184 ἡμέτε-

2287 1236 2377 1290 ρον
2417 1219 2865 1288 ὑποστησάμενος
2895 1215 3144 1285 φύραμα,
3170 1206 3253 1273 εἷς
3281 1211 3346 1263 ὲκ
3378 1208 3471 1262 δύο
3519 1206 3831 1278 ἐχρημάτισε

2282 1312 2391 1365 τῶν
2432 1310 2711 1370 ἐναντίοιν,
2754 1306 2888 1369 Θεὸς
2916 1307 2943 1359 6
2985 1304 3149 1365 αὑτὸς
3200 1301 3462 1370 ὕπαρ-(ων
3499 1299 3598 1350 καὶ
3653 1296 3831 1365 ἀνθρω-

2285 1420 2384 1467 πος
2410 1419 2423 1433 ’
2456 1398 2534 1465 εἷς
2568 1399 2823 1472 Χριστὸς,
2853 1392 2933 1459 εἷς
2963 1396 3109 1461 Υἱὸς,
3134 1397 3162 1449 6
3191 1392 3357 1455 αὑτὸς
3386 1391 3499 1444 ἄνω
3532 1391 3599 1443 ὲκ
3645 1389 3831 1458 [ἰατρὸς

2285 1496 2537 1566 ἀμήτωρ,
2571 1492 2664 1545 καὶ
2691 1492 2841 1546 κάτω
2867 1491 2931 1542 ἐκ
2966 1488 3171 1558 μητρὸς
3201 1484 3435 1553 ἀπάτωρ
3467 1499 3482 1512 ο
3511 1484 3540 1535 ὁ
3571 1480 3731 1543 αὐτὸς
3763 1481 3832 1532 καὶ

2283 1589 2383 1641 οὑκ
2398 1586 2554 1648 ἄλλος
2582 1602 2597 1617 ο
2623 1584 2679 1637 ἓν
2696 1584 3005 1653 πρόσωπον,
3039 1580 3138 1650 μία
3168 1580 3492 1637 ὑπόστασις.
3540 1572 3739 1625 Τοῦτον
3781 1573 3830 1640 δὴ

2283 1682 2376 1734 τὸν
2422 1679 2542 1744 ἕνα,
2570 1676 2771 1747 Κύριον
2807 1673 2963 1745 ἡμῶν
2999 1671 3205 1742 Ἰησοῦν
3262 1671 3354 1724 τὸν
3379 1666 3642 1739 Χριστὸν,
3669 1664 3742 1727 είς
3762 1662 3832 1717 δύο

2284 1773 2504 1843 τέμνειν
2535 1770 2629 1823 καὶ
2648 1768 2877 1837 διαιρεῖν
2892 1765 3238 1830 ὑποστάσεις,
3265 1764 3292 1816 6
3320 1759 3633 1833 τρισάθλιος
3662 1759 3831 1817 ἐκεῖνος

2286 1863 2347 1917 οὑ
2398 1861 2706 1933 πεφρικὼς,
2734 1859 2826 1912 τὸν
2874 1858 2971 1929 μὲν
3012 1856 3168 1926 ψιλὸν
3215 1855 3525 1925 ἄνθρωπον,
3568 1850 3662 1902 καὶ
3698 1851 3832 1919 χωρὶς

606 1962 727 1999 rum
760 1948 1035 2005 hominem
1070 1953 1331 2008 conﬁnxit
1391 1956 1444 2009 in
1476 1971 1577 2011 sua
1622 1958 1841 2027 propria
1895 1959 2175 2028 hypostasi

2285 1951 2377 2006 τοῦ
2421 1952 2827 2024 προσλαϐόντος
2894 1950 3069 2017 Λόγου
3098 1990 3113 2014 ,
3164 1947 3287 2001 κατ’
3345 1947 3485 1999 ἰδίαν
3542 1943 3829 2003 ὑπόστασιν,

606 2040 1018 2110 subsistentem,
1068 2047 1357 2114 separatim
1389 2063 1420 2101 a
1464 2048 1642 2103 Verbo
1677 2060 2009 2116 assumente,
2042 2052 2178 2106 alte-

606 2152 720 2190 ram
753 2153 880 2191 vero
911 2139 1122 2195 divisim
1164 2142 1331 2197 Deum
1374 2156 1686 2200 assumento
1714 2145 1863 2200 omni
1920 2160 2182 2216 corporeo

607 2229 937 2285 denudatum
970 2250 985 2288 :
1022 2233 1227 2288 veritus
1267 2233 1532 2300 fortassis,
1561 2253 1667 2306 qua
1698 2237 1802 2291 fuit
1835 2238 2083 2301 stultitia,
2112 2252 2183 2292 ne

605 2322 734 2390 quid
769 2330 1044 2392 pateretur
1072 2324 1231 2389 Deus,
1259 2325 1388 2379 dum
1421 2337 1645 2397 propter
1670 2344 1911 2383 amorem
1934 2344 2059 2399 erga
2086 2329 2183 2384 ho-
2202 2350 2214 2364 -

607 2410 785 2465 mines
808 2412 1235 2482 inexplicabilem
1264 2430 1420 2469 suam
1452 2416 1626 2486 ipsius
1652 2419 1820 2473 subiit
1851 2427 2179 2485 creaturam,

608 2510 667 2554 ut
685 2501 829 2556 illam
844 2502 1133 2573 retingeret
1153 2514 1207 2558 et
1226 2516 1563 2575 persanaret.
1579 2505 1764 2578 Neque
1783 2507 1915 2563 illud
1930 2509 2180 2564 animad-

604 2592 792 2653 vertit,
827 2593 972 2661 quod
997 2609 1061 2648 eo
1100 2594 1218 2663 ipso
1267 2596 1321 2649 in
1355 2612 1465 2664 quo
1499 2607 1751 2651 naturam
1791 2597 2084 2653 humanam
2112 2599 2181 2655 ab

606 2682 882 2753 hypostasi
922 2683 1087 2741 Verbi
1139 2689 1434 2757 separavit,
1474 2690 1719 2744 eamdem
1776 2690 1936 2760 plane
1966 2691 2184 2747 insana-

604 2772 767 2826 bilem
820 2784 981 2845 atque
1050 2777 1407 2833 incurabilem
1478 2780 1888 2849 praadicaverit;
1960 2782 2183 2852 ipseque

605 2864 740 2919 adeo
768 2881 922 2920 suam
962 2869 1234 2938 pr0priam
1256 2871 1484 2925 salutem
1514 2882 1820 2938 aversetur,
1855 2889 1975 2928 eam
2023 2874 2183 2943 plane

604 2956 945 3028 abnegando.
978 2960 1083 3016 Sed
1109 2971 1165 3015 et
1193 2962 1443 3030 ulterius,
1475 2964 1629 3034 quasi
1660 2966 1802 3019 ratio
1830 2965 1932 3035 ipsi
1965 2966 2182 3037 penitus

604 3048 799 3105 fuisset
832 3064 1175 3122 expectorata
1234 3072 1262 3109 a
1318 3057 1597 3126 perversis
1645 3058 1797 3112 hisce
1833 3057 2184 3128 opinionibus

604 3140 738 3205 suis,
770 3143 881 3211 pati
924 3145 1096 3199 noluit
1149 3156 1381 3201 matrem
1433 3146 1553 3217 ejus
1600 3147 1902 3201 secundum
1934 3161 2180 3215 carnem,

606 3233 1001 3290 sanctissimam
1047 3253 1246 3307 nempe
1274 3237 1574 3309 Virginem,
1609 3254 1733 3308 qua:
1762 3238 2032 3293 veraciter
2054 3240 2183 3308 qui-

2283 2043 2534 2108 έπλαττε,
2565 2047 2657 2096 τὸν
2715 2041 2772 2095 δὲ
2817 2041 2950 2093 Θεὸν
3003 2039 3110 2093 ἀνά
3167 2039 3355 2108 μέρος,
3399 2036 3496 2088 καὶ
3547 2032 3832 2104 γυμνὸντοῦ

2283 2136 2709 2207 προσλήμματος
2749 2151 2763 2165 ο
2810 2133 2997 2203 ὥσπερ
3042 2130 3293 2193 δεδοικὼς
3330 2132 3358 2182 6
3400 2129 3650 2195 ἀνόητος,
3687 2127 3753 2194 μὴ
3793 2141 3831 2176 τι

2282 2229 2416 2293 Θεὸς
2472 2229 2656 2293 πάθοι,
2682 2228 2743 2281 τὸ
2796 2229 2996 2279 οἰκεῖον
3056 2225 3280 2293 πλάσμα
3313 2223 3380 2275 δι’
3428 2222 3637 2289 ἄφατον
3672 2219 3830 2287 φιλαν-

2284 2318 2551 2390 θρωπίαν,
2580 2320 2658 2381 είς
2681 2317 2998 2387 θεραπείαν,
3030 2316 3125 2368 καὶ
3143 2312 3447 2368 ἀνάπλασιν
3474 2309 3827 2377 ὑποδυόμενος.

2284 2411 2421 2465 Οὐδὲ
2443 2410 2600 2465 τοῦτο
2636 2407 2888 2474 συνιδὼν,
2927 2408 3003 2471 ὡς
3036 2404 3116 2469 οἷς
3145 2405 3243 2475 τὴν
3289 2403 3646 2474 ἀνθρωπίνην
3701 2399 3831 2469 φύσιν

2284 2504 2381 2575 τῆς
2406 2502 2501 2556 τοῦ
2540 2503 2716 2571 Λόγου
2750 2500 2996 2571 ὲδίχαζεν
3027 2498 3397 2560 ὑποστάσεως,
3441 2494 3663 2547 ἀνίατον
3695 2490 3833 2561 αὐτὴν

2284 2597 2381 2651 καί⁵
2406 2593 2776 2664 ἀθεράπευτον
2809 2593 3163 2662 ἀνεκήρυττε,
3194 2589 3287 2643 καὶ
3331 2589 3427 2658 τῆς
3464 2587 3603 2648 ἰδίας
3644 2584 3832 2654 ἔξαρνος

2286 2689 2560 2761 σωτηρίας
2589 2688 2853 2756 ἐγίγνετο.
2893 2684 3049 2739 ’Λλλά
3064 2684 3173 2754 γὰρ
3198 2682 3246 2748 ιι,
3269 2682 3394 2744 τοὺς
3415 2677 3831 2749 λογισμοὺςὸλως

2285 2782 2350 2834 ὲκ
2378 2780 2583 2834 τούτων
2612 2778 2986 2849 διαστραφεὶς,
3014 2774 3139 2829 οὑδὲ
3165 2775 3263 2845 τὴν
3289 2772 3451 2827 αὑτοῦ
3500 2772 3645 2825 κατά
3687 2772 3835 2841 σάρκα

2289 2872 2528 2942 μητέρα,
2574 2870 2671 2943 τὴν
2724 2868 2996 2939 παναγίαν
3048 2866 3341 2938 Παρθένον,
3369 2866 3470 2936 τὴν
3522 2864 3723 2934 κυρίως
3762 2861 3837 2914 καί

2284 2962 2500 3033 ἀληθῶς
2529 2964 2620 3016 τὸν
2647 2962 2778 3016 Θεὸν
2802 2961 2974 3029 Λόγον
2999 2958 3417 3031 σεσαρκωμένον
3440 2955 3723 3017 τεκοῦσαν,
3740 2954 3838 3006 οὐδὲ

2284 3056 2487 3126 ταύτην
2521 3055 2707 3109 καλεῖν
2738 3055 2998 3107 Θεοτόκον
3027 3054 3287 3123 ἠνέσχετο
3318 3069 3332 3082 ⁸
3379 3049 3494 3103 ἀλλ’
3540 3048 3723 3117 ὥσπερ
3766 3046 3838 3097 τὸν

2286 3147 2415 3201 Υίὸν
2446 3146 2740 3214 ἀπεστέρει
2768 3144 2866 3215 τῆς
2893 3144 3169 3215 θεότητος,
3211 3142 3383 3205 οὑτως
3438 3139 3719 3211 ἠλλοτρίου
3763 3139 3839 3188 καὶ

2286 3239 2386 3307 τὴν
2417 3238 2825 3308 γεννησαμένην
2855 3238 2953 3307 τῆς
2978 3235 3240 3288 Θεοτόκου
3276 3233 3547 3304 κλήσεως.

606 3326 728 3379 dem
758 3342 787 3380 a
819 3330 1076 3396 peculiari
1105 3346 1205 3384 suo
1234 3330 1395 3387 modo
1419 3330 1588 3386 Deum
1623 3332 1862 3387 Verbum
1922 3333 2265 3387 incarnatum
2328 3340 2633 3401 pepererat,
2684 3330 2966 3400 Deiparam
3019 3327 3286 3382 nominari
3320 3346 3333 3381 :
3376 3326 3473 3381 sed
3537 3325 3610 3378 uti
3670 3323 3837 3377 Filium

606 3422 844 3495 privarat
870 3426 1091 3492 deitate,
1124 3427 1199 3481 ita
1230 3436 1508 3497 parentem
1529 3430 1650 3497 eius
1678 3443 1708 3483 a
1743 3429 1899 3485 titulo
1930 3430 2180 3499 Deiparze
2218 3428 2452 3483 alienam
2477 3427 2625 3482 fecit.

678 3515 764 3569 12.
788 3515 1049 3583 Quocirca
1082 3519 1250 3584 hunc,
1275 3529 1437 3590 prout
1458 3522 1684 3576 meritus
1716 3520 1896 3576 fuerat
1918 3536 2017 3592 per
2044 3522 2186 3577 hanc
2212 3526 2256 3584 ϐ

605 3622 759 3661 suam
796 3608 1062 3663 insaniam
1095 3617 1151 3664 et
1184 3610 1425 3682 linguam
1456 3611 1856 3681 blasphemam,
1898 3627 2053 3667 sacer
2092 3612 2184 3668 hic

603 3698 887 3753 beatorum
916 3699 1137 3755 Patrum
1172 3702 1457 3759 confessus
1495 3704 1645 3758 omni
1673 3703 1977 3758 sacerdotio
2006 3703 2182 3758 denu-

604 3790 772 3858 davit,
804 3800 877 3859 et,
910 3809 1018 3846 una
1040 3807 1163 3848 cum
1186 3794 1358 3864 ipsius
1380 3795 1600 3865 propria
1616 3801 1672 3849 et
1703 3794 2022 3849 detestanda
2057 3810 2183 3849 sen-

604 3884 796 3952 tentia,
826 3886 1160 3955 sempiterno
1185 3886 1419 3956 subjecit
1470 3886 1827 3943 anathemati.
1889 3886 2180 3942 Dominum

605 3993 737 4033 vero
762 3985 1011 4032 nostrum
1056 3978 1243 4034 Jesum
1305 3978 1608 4041 Christum,
1642 3978 1696 4033 in
1747 3993 1855 4033 una
1883 3989 1940 4033 et
1990 3981 2179 4036 eadem

605 4074 917 4145 hypostasi,
976 4089 1128 4128 more
1148 4073 1319 4128 veteri
1341 4081 1396 4128 et
1424 4088 1455 4128 a
1486 4074 1707 4129 Patrum
1744 4073 2034 4129 traditione
2090 4090 2183 4129 ac-

602 4175 782 4236 cepto,
820 4166 1223 4236 prazdicandum
1279 4174 1331 4219 et
1350 4166 1686 4219 adorandum
1716 4166 2006 4221 decrevere
2033 4167 2182 4222 :Nec

602 4272 736 4320 non,
770 4268 931 4328 prout
950 4273 1290 4326 consequens
1311 4266 1448 4319 erat,
1472 4257 1871 4313 immaculatam
1892 4267 1946 4313 et
1968 4275 2182 4329 semper

602 4350 871 4420 virginem
904 4350 1022 4419 ejus
1048 4349 1270 4402 Matrem
1304 4348 1523 4419 proprie
1554 4358 1609 4403 et
1636 4365 1763 4405 vere
1791 4351 2179 4405 nominandum

605 4450 661 4496 et
690 4441 1091 4510 praedicandam
1118 4440 1401 4511 Deiparam
1436 4442 1745 4511 prodidere.
1775 4441 1854 4496 Eo
1880 4446 2027 4498 enim
2061 4445 2179 4513 ipso

604 4531 751 4601 quod
803 4531 974 4584 Deum
1003 4532 1262 4595 Verbum,
1305 4533 1361 4586 in
1394 4548 1558 4589 carne
1587 4533 1869 4604 dignatum
1887 4533 2061 4599 nasci,
2086 4550 2184 4604 pe-

604 4623 766 4692 perit,
796 4620 1083 4691 Deiparam
1113 4639 1216 4677 nec
1238 4623 1434 4693 injuria
1464 4635 1520 4679 et
1544 4625 1650 4680 dici
1673 4632 1729 4680 et
1757 4625 1863 4680 coli
1898 4632 1959 4679 ct
1988 4641 2086 4696 par
2127 4636 2184 4681 et

606 4724 854 4768 sanctum
880 4715 1175 4784 est.Atque
1200 4715 1348 4771 hisce
1366 4717 1438 4771 ita
1467 4716 1842 4772 determinatis
1872 4717 2033 4771 linem
2060 4733 2183 4772 sus—

2368 3520 2453 3590 ιβ’.
2478 3519 2556 3571 Δι’
2582 3518 2610 3572 ὃ
2639 3518 2848 3581 τοῦτον,
2874 3517 3041 3584 ἀξίως
3079 3516 3180 3585 τῆς
3220 3514 3557 3586 τηλικαύτης
3606 3512 3839 3574 ἀπονοίας

2291 3612 2502 3681 καὶτῆς
2530 3611 2850 3682 βλασφήμου
2893 3610 3167 3678 γλώσσης,
3192 3609 3299 3661 τῶν
3327 3607 3615 3678 μακαρίων
3644 3603 3841 3675 πατρῶν

2290 3706 2320 3757 6
2352 3703 2606 3771 σύλλογος
2636 3703 2814 3772 πάσης
2856 3719 2916 3754 τε
2970 3699 3270 3771 ἱερωσύνης
3300 3698 3611 3768 ἐγύμνωσε,
3636 3698 3721 3749 καὶ
3762 3695 3843 3747 σῦν

2290 3794 2369 3865 τῷ
2397 3796 2583 3866 οἰκείῳ
2623 3795 2719 3848 καὶ
2764 3794 3153 3865 βδελυρωτάτῳ
3204 3793 3513 3862 φρονήματι
3544 3790 3621 3861 τῷ
3665 3788 3843 3855 αἰωνίῳ

2293 3887 2661 3959 παρέπεμψαν
2690 3886 3013 3956 ἀναθέματι.
3044 3886 3149 3938 Τὸν
3197 3884 3253 3936 δὲ
3303 3883 3511 3952 Κύριον
3562 3881 3711 3951 ἡμῶν
3757 3881 3847 3947 Ἰηο

2292 3981 2420 4033 σοῦν
2449 3980 2702 4049 Χριστὸν,
2730 3981 2789 4033 ὲν
2833 3980 2933 4051 μιᾷ
2966 3979 3058 4032 καὶ
3108 3981 3174 4049 τῇ
3232 3978 3368 4047 αὑτῇ
3415 3976 3707 4028 ὑποστάσει
3750 3991 3844 4024 πα-

2289 4073 2710 4145 τροπαραδότως
2759 4072 2854 4125 καὶ
2898 4070 3242 4143 ὁσιοπρεπῶς
3286 4068 3707 4140 προσκυνεῖσθαι
3766 4068 3845 4119 καὶ

2290 4163 2655 4236 κηρύττεσθαι
2700 4163 3142 4232 δογματίσαντες,
3172 4158 3482 4222 ἀκολούθως
3508 4159 3597 4211 καὶ
3622 4158 3716 4227 τὴν
3758 4173 3846 4208 παι

2291 4259 2590 4327 νάχραντον
2626 4256 2791 4309 αὑτοῦ
2822 4256 2913 4308 καὶ
2968 4254 3350 4325 Ἀειπαρθένον
3412 4252 3626 4323 μητέρα
3662 4249 3846 4318 κυρίως

2290 4352 2387 4404 καὶ
2416 4351 2633 4421 ἀληθῶς
2673 4349 2953 4403 καλεῖσθαι
2993 4350 3087 4402 καὶ
3116 4345 3555 4416 ἀνευφημεῖσθαι
3608 4343 3847 4397 Θεοτὸκον

2290 4444 2754 4514 παραδεδώκασιν.
2823 4438 2919 4507 Οἷς
2973 4442 3083 4512 γάρ
3128 4442 3218 4495 τὸν
3279 4440 3413 4493 Θεὸν
3458 4440 3651 4505 Λόγον,
3702 4432 3848 4503 σαρκὶ

2289 4537 2613 4606 γεννηθῆναι
2643 4536 3100 4605 καταδεξάμενον,
3136 4535 3378 4597 τέτοκεν,
3409 4533 3671 4593 Θεοτὸκος
3723 4528 3849 4579 ἐνδί-

2290 4642 2401 4687 κως
2423 4626 2817 4695 δοξολογεῖσθαι
2846 4628 2940 4679 καὶ
2964 4625 3327 4697 ὀνομάζεσθαι
3367 4623 3687 4690 ἑξωσίωται.
3720 4618 3849 4673 Ἀλλ’

2290 4717 2382 4769 ὲπί
2415 4718 2625 4781 τούτοις
2663 4719 2759 4789 μὲν
2808 4720 2901 4772 καὶ
2931 4718 3071 4789 αὕτη
3110 4719 3171 4770 τὸ
3203 4718 3354 4780 τέλος
3412 4716 3667 4787 ἔσχηκεν,
3697 4712 3848 4781 ἡνίκα

605 4805 751 4875 cepit
806 4812 863 4859 et
910 4807 1013 4861 ista
1061 4808 1299 4877 synodus
1344 4824 1451 4878 quo
1500 4817 1745 4880 tempore
1812 4809 2180 4865 Theodosium

2289 4808 2381 4863 τὸν
2422 4810 2541 4865 νέον
2576 4811 2848 4864 Θεοδόσιον
2894 4814 2927 4883 ἡ
2979 4811 3262 4881 Ῥωμαῖκὴ
3318 4809 3569 4861 πολιτεία
3612 4804 3849 4876 γαληνῶς

1882 4951 2118 5009 ΥΑΒΙᾸΕ
2156 4952 2555 5011 LECTIONES.

2142 5095 2378 5152 ΝΟΤᾹζ.

681 5017 707 5058 k
733 5017 821 5073 ῑσ.
854 5016 930 5081 ὡς
958 5018 1074 5071 καί.

606 5179 1046 5259 hiopsuestenum
1095 5193 1150 5259 et
1185 5185 1536 5259 Tarsensem
1602 5188 1907 5257 episcopos,
1971 5190 2060 5259 qui
2116 5200 2173 5246 et

607 5254 903 5329 doctissimi
928 5263 982 5329 et
1006 5256 1496 5329 orthodoxierant,
1520 5268 1615 5329 aut
1638 5254 2001 5326 habebantur,
2033 5276 2173 5329 pra:-

606 5322 766 5399 cipue
813 5324 1078 5380 Diodorus
1098 5369 1112 5390 ,
1144 5338 1196 5399 et
1230 5345 1259 5380 a
1295 5327 1513 5393 Basilio,
1545 5328 1932 5399 Chrysostomo
1955 5322 2182 5385 att-aliis

607 5392 911 5456 laudantur.
944 5413 1045 5452 nec
1073 5398 1175 5451 nisi
1208 5399 1404 5452 mortui
1429 5398 1479 5451 in
1500 5392 1911 5468 ususpicionem
1942 5401 2182 5455 lmeseos

609 5477 841 5541 venere,_
872 5470 1278 5541 etuscquiorum
1314 5469 1888 5541 saequlorrppalarmis
1921 5487 2175 5541 pungun-

612 5541 721 5656 ραις,
752 5537 844 5604 qui
880 5538 1011 5591 mihi
1043 5546 1152 5592 ιιοιι
1186 5539 1517 5607 persuadent
1554 5538 1724 5594 fuisse
1758 5537 2182 5597 ha2reseos'labe

612 5618 666 5656 In
694 5615 865 5656 CCIOS.

610 5615 865 5661 mtectos.

684 5675 795 5744 (l7)
816 5676 1230 5753 ΔΧριστόν-’γιὰρ
1254 5677 1367 5753 Δτὸν
1388 5676 1497 5753 ἒῖα
1525 5679 1673 5753 Θεοῦ
1698 5682 1851 5753 Υἱόν.
1890 5681 1968 5735 Ita
1997 5682 2183 5753 legen-

613 5741 785 5798 dum,
810 5741 943 5799 Nam
992 5741 1324 5810 statim'ait,
1357 5750 1547 5803 τοῦτον
1578 5750 1634 5803 δὲ
1664 5752 1755 5804 τὸν
1787 5752 1882 5804 ἕνα
1905 5770 1917 5781 ·
1961 5741 2185 5807 θρόνοι]-

619 5813 856 5869 Jendum
904 5827 988 5873 est
1030 5818 1187 5884 Θεοῦ,
1216 5819 1317 5876 hoc
1345 5821 1528 5890 modo,
1555 5822 1789 5893 Χριστὸν
1814 5823 1925 5893 γάρ
1958 5823 2049 5876 τὸν
2088 5822 2186 5877 ἕνα

2294 5192 2430 5246 Θεοῦ
2462 5192 2608 5257 Υίόν,
2638 5191 2902 5248 Christum
2928 5189 3138 5243 unicum
3173 5189 3267 5242 Dei
3296 5189 3513 5243 Filium.
3556 5188 3746 5244 Statim
3778 5203 3856 5240 re-

2290 5279 2458 5334 pono,
2499 5263 2576 5325 ὡς
2628 5264 2724 5315 καὶ
2772 5261 2908 5334 τοὺς»
2943 5261 3254 5334 λογισμούς.
3312 5258 3379 5313 Et
3419 5276 3578 5334 mox,
3612 5262 3703 5334 τὸν
3746 5259 3859 5334 νέον

2290 5329 2587 5399 Θεοδόσιον,
2629 5348 2790 5401 quem
2823 5332 2911 5385 alii
2948 5332 3144 5401 μικρὸν
3172 5339 3383 5394 vocant,
3419 5333 3523 5385 hoc
3556 5340 3658 5387 est.
3677 5329 3859 5398 junio~

2292 5420 2422 5465 rem,
2476 5404 2568 5471 qui
2615 5404 2862 5473 regnavit
2914 5418 3088 5455 annos
3140 5401 3226 5455 42.
3270 5403 3325 5454 In
3384 5402 3487 5455 hac
3535 5405 3773 5471 synodo,
3804 5413 3861 5473 er

2292 5468 2635 5528 aemulatione
2680 5468 2735 5526 Et
2778 5473 3105 5534 ambitione,
3142 5482 3409 5525 certatum
3461 5468 3765 5538 estusque
3801 5468 3862 5521 ad

2291 5546 2793 5608 anathematismos,
2843 5544 2986 5596 inter
3036 5542 3290 5609 Cyrillum
3331 5542 3782 5601 Alexandrinum,
3813 5548 3866 5592 et

2293 5615 2556 5670 Joannem
2613 5615 3054 5677 Antiochcnum,
3110 5628 3139 5683 a
3192 5617 3347 5683 cujus
3400 5614 3643 5681 partibus
3687 5612 3868 5665 stabat

2294 5687 2639 5741 doctissimus
2674 5684 3081 5747 Theodoretus,
3116 5682 3223 5740 hoc
3251 5682 3337 5739 est
3389 5685 3536 5740 inter
3582 5685 3868 5755 episc0pos

2296 5756 2608 5814 Orientales
2638 5765 2693 5810 et
2728 5754 3093 5826 Egyptiacos.
