3996 6428
124 379 216 449 611

1254 376 1794 439 EPISTOLARUM
1821 377 2056 438 LIBER
2101 378 2150 437 Ι.

3244 386 3352 451 642

127 484 261 569 ἐώρα
291 493 585 565 ὀφθαλμοῖς
628 495 729 566 τὴν
765 491 1020 565 πατρῴαν
1051 492 1147 547 καὶ
1204 490 1472 563 βασίλειον
1503 490 1677 560 ἀρχὴν

1788 488 2061 559 juniorem
2111 488 2353 542 Romana
2412 488 2715 559 respublica
2780 491 2957 547 oculis
3013 497 3223 553 serenis
3268 499 3354 553 in-

126 594 183 645 ὲκ
205 585 480 660 τριγονίας
499 584 803 639 διανύοντα.

189 752 277 816 ιγ’.
315 745 453 800 Ἡδὲ
496 744 628 813 άγία
649 744 742 798 καὶ
769 740 1120 814 οίκουμενικὴ
1150 740 1385 811 τετάρτη
1439 737 1676 804 σύνοδος,

122 841 203 894 τὸν
237 842 296 893 ὲν
324 837 637 906 βασιλεῦσιν
667 837 1055 890 εὐσεϐέστατον
1072 828 1671 904 Μαρκιανὸνσυμπαρ-

133 934 251 985 όντα
310 936 403 985 καὶ
465 930 806 999 συμπνέοντα
851 928 1067 998 ἔχουσα,
1108 927 1216 980 τῶν
1263 925 1527 994 ἀληθινῶν
1581 924 1680 995 μὲν

125 1024 397 1093 δογμάτων
430 1023 793 1093 ἀκροατήριον
830 1019 937 1091 (18)
976 1020 1191 1088 ἀνιέρου
1212 1018 1310 1088 τὴν
1338 1017 1676 1086 Χαλκηδόνα,

124 1116 267 1170 πόλιν
296 1115 543 1178 Βιθυνίας
560 1111 726 1168 οὖσαν
755 1114 1045 1184 ἐπίσημον.
1080 1113 1167 1165 Ἐν
1194 1112 1485 1183 τριάκοντα
1505 1110 1561 1163 δὲ
1584 1111 1679 1163 καὶ

125 1209 417 1276 ἑξακοσίοις
475 1208 567 1262 τὸν
611 1208 844 1278 ἀριθμὸν
917 1208 1232 1272 ὲξετείνετο.
1276 1204 1385 1271 Ἧς
1458 1207 1679 1276 λογάδες

126 1299 485 1370 ἐχρημάτιζον
544 1299 850 1362 Ἀνατόλιός
896 1317 955 1351 τε
982 1300 1010 1352 6
1040 1299 1137 1369 τῆς
1162 1298 1433 1369 βασιλίδος
1473 1297 1680 1359 πόλεως

123 1394 235 1454 τοὺς
264 1390 612 1461 ίεραρχικοὺς
643 1389 876 1461 θεσμοὺς
903 1390 1324 1461 ὲγκεχρισμένος
1356 1387 1465 1458 (l9)
1498 1386 1517 1425 1
1555 1404 1567 1415 '
1588 1387 1681 1440 καὶ

124 1485 181 1554 δὴ
210 1483 547 1552 Πασχασίνός
570 1499 629 1534 τε
647 1483 739 1535 καὶ¹
759 1480 1092 1543 Λουκίνσιος,
1107 1478 1447 1548 ὲπισκοπικῷ
1462 1478 1681 1549 διαπρέ-

127 1593 310 1639 ποντες
344 1574 634 1645 ἀξιώματι,
673 1574 769 1627 σύν
813 1573 1117 1643 Βονιφατίῳ
1175 1570 1551 1643 πρεσϐυτέρῳ,
1590 1570 1680 1622 τὸν

126 1670 276 1721 τόπον
310 1668 594 1737 ἐπέχοντες
620 1665 846 1728 Λέοντος
876 1663 969 1718 τοῦ
995 1664 1297 1732 ἀγιωτάτου
1346 1662 1503 1714 πάπα
1548 1659 1682 1713 Ῥώ-

125 1777 244 1829 μης.
266 1750 341 1810 υἷι
366 1757 519 1817 κλέος
552 1755 712 1825 μέγα,
746 1755 843 1808 καὶ
871 1754 1035 1818 πολὺς
1057 1754 1082 1805 6
1109 1752 1246 1819 ὑπὲρ
1275 1751 1373 1820 τῆς
1400 1750 1681 1813 εὐσεϐείας

1785 580 2057 645 tuebatur,
2100 594 2325 649 regnum
2349 596 2380 633 a
2410 578 2570 635 Patre
2595 591 2879 651 acceptum
2897 599 3017 651 suo,
3038 589 3202 644 tertio
3241 590 3354 660 jam

1781 669 1972 723 ordine
2009 668 2244 739 generis,
2280 669 2697 739 gubernantem.

1854 763 1941 816 15.
1974 761 2174 816 Sancta
2209 772 2263 816 et
2290 764 2626 821 (acumenica
2651 774 2847 834 quarta
2884 767 3123 838 synodus
3142 770 3380 841 religio-3

1780 854 2055 908 sissimum
2098 854 2401 925 principem
2426 852 2760 912 Marcianum
2785 869 3113 928 praesentem
3133 834 3270 918 vidit
3303 876 3352 918 et
3371 834 3389 905 ’ν

1779 945 2203 1013 conspirantem,
2239 961 2359 1014 quae
2378 946 2622 1002 veritatis
2659 948 2972 1019 dogmatum
3021 952 3353 1007 auditorium
3388 956 3389 963 ‘

1779 1036 2179 1092 Chalcedonem
2203 1038 2469 1109 Bithynia:
2493 1040 2681 1095 urbem
2699 1042 2967 1098 celebrem
2992 1046 3353 1100 consecravit.

1780 1127 1861 1181 Ad
1888 1136 2176 1184 sexcentos
2210 1136 2264 1183 et
2295 1128 2518 1199 triginta
2547 1145 2811 1186 numerus
2849 1133 3190 1205 pertingebat
3221 1151 3356 1190 con-

1780 1233 2063 1274 venarum.
2113 1220 2356 1285 Quorum
2386 1220 2648 1290 praecipui
2679 1221 3003 1278 dicebantur
3047 1225 3352 1289 Anatolius,

1780 1310 1871 1379 qui
1896 1310 1951 1364 in
1985 1311 2323 1367 sacerdotale
2353 1312 2521 1383 regia:
2545 1313 2693 1368 urbis
2719 1314 2913 1369 solium
2967 1315 3145 1372 fuerat
3195 1318 3357 1371 inun-

1779 1407 1902 1454 ctus
1938 1416 1951 1453 :
1979 1397 2343 1456 Paschasinus
2372 1418 2591 1472 quoque
2618 1413 2673 1457 et
2732 1404 3029 1461 Lueentius
3064 1407 3358 1476 episcopali

1780 1489 2040 1560 dignitate
2072 1489 2364 1560 fulgentes.
2402 1508 2511 1547 una
2533 1509 2657 1548 cum
2705 1495 3020 1565 presbytero
3060 1495 3356 1560 Bonifacio,

1782 1581 1959 1636 locum
1994 1581 2194 1638 Leonis
2213 1583 2541 1638 sanctissimi
2572 1600 2724 1654 papa:
2755 1585 2985 1639 Romani
3016 1587 3356 1651 obtinebant,

1782 1675 1939 1743 cujus
1993 1673 2190 1729 Leonis
2220 1674 2411 1746 ingens
2461 1677 2628 1747 gloria
2672 1685 2727 1731 et
2764 1678 2967 1732 multus
3031 1695 3131 1748 pro
3160 1680 3361 1750 pietate

1788 1767 1957 1820 zelus.
1991 1766 2237 1821 Aderant
2263 1776 2523 1837 praeterea
2552 1768 2817 1823 Maximus
2834 1771 3156 1835 Antiochiae,
3187 1780 3241 1825 et
3263 1772 3361 1827 Ju-

126 1854 295 1924 ζῆλος.
324 1852 460 1906 Μεθ’
497 1844 571 1905 ὦν
602 1849 850 1918 Μάξιμός
882 1867 939 1901 τε
962 1848 990 1898 ὁ
1041 1848 1390 1919 Ἀντιοχείας,
1416 1848 1510 1901 καὶ
1535 1849 1563 1899 6
1591 1845 1677 1898 Ἱε·

1789 1857 2034 1911 γθιιιιιίιιε
2076 1833 2601 1929 Hierosolymorum.
2630 1859 2725 1913 Isti
2751 1860 3032 1932 Eutychen
3087 1833 3360 1917 infelicent

128 1945 433 2018 ροσολύμων
484 1942 854 2006 Ἰουὸενάλιος.
906 1942 1115 2004 Οἴτινες
1178 1941 1390 2012 Εὐτυχῆ
1466 1957 1525 1993 τε
1588 1939 1680 1992 τὸν

126 2037 351 2106 δυστυχῆ
394 2034 487 2088 καὶ
534 2034 625 2087 τὸν
669 2034 1049 2104 προασπιστὴν
1077 2030 1241 2084 αὐτοῦ
1298 2030 1390 2083 τόν
1445 2030 1681 2094 ἀλαζόνα

128 2129 408 2198 Διόσκορον
464 2125 1033 2196 δυσσεϐημάτων.είς
1087 2123 1316 2194 πράξεις
1372 2123 1677 2194 ἀπῄτησαν.

126 2222 221 2275 Καὶ
258 2222 370 2291 γάρ
424 2220 517 2272 καὶ
569 2214 737 2282 οὗτοι,
773 2217 872 2287 τὴν
932 2218 995 2269 ὲκ
1048 2215 1340 2285 διαμέτρου
1401 2215 1681 2287 Νεστορίῳ

127 2315 328 2384 πλάνην
344 2313 781 2383 οίκειωσάμενοι,
810 2313 890 2376 είς
926 2310 1025 2383 τὴν
1053 2311 1243 2383 ὁμοίαν
1271 2311 1463 2379 ἐκείνῳ
1490 2308 1678 2373 ἐξέπε-

123 2426 204 2463 σον
252 2408 567 2478 ἀθλιότητα.
604 2407 709 2460 Τὸν
727 2405 836 2477 γάρ
875 2405 971 2459 ἕνα
1002 2404 1201 2475 Κύριον
1254 2402 1409 2474 ἡμῶν
1474 2401 1680 2473 Ἰησοῦν

121 2503 369 2575 Χριστὸν,
391 2504 455 2555 ὲκ
483 2501 732 2572 θεότητος
765 2500 855 2554 καὶ
890 2498 1305 2570 άνθρωπότητος
1343 2496 1682 2569 γνωριζόμε-

118 2612 221 2660 νον,
240 2596 337 2649 καὶ
367 2595 425 2647 ὲν
455 2593 683 2656 ταύταις
708 2594 827 2656 ταῖς
857 2591 977 2644 δυσ)⁴
1020 2588 1491 2661 προσκυνούμενον
1513 2588 1679 2659 φύσε-

119 2703 219 2749 σιν,
251 2685 339 2748 είς
369 2684 495 2752 μίαν
529 2681 692 2751 φύσιν
718 2679 1003 2751 τολμηρῶς
1026 2680 1121 2732 καὶ
1172 2678 1423 2746 ἀφρόνως
1456 2677 1679 2748 ἀνεκίρ-

119 2792 217 2827 νων
241 2774 341 2827 καὶ
391 2772 664 2842 συνέχεονε
710 2769 799 2834 Ἐξ
830 2762 925 2835 ὧν,
956 2769 1055 2839 τῆς
1083 2784 1142 2821 τε
1180 2767 1453 2837 πατρικῆς
1494 2766 1679 2828 οὐσίας

120 2865 456 2936 ἑτερόφυλον,
486 2863 709 2925 καὶτοῖς
734 2858 1041 2932 ἀνθρώποις
1065 2858 1413 2929 ἐτερόφυλον,
1445 2858 1539 2911 καὶ
1569 2860 1681 2920 τοῖς

118 2956 428 3029 ἀνθρώποις
481 2957 767 3025 ὲτεροφυᾶ,
803 2953 863 3005 οὐ
910 2953 1158 3005 συνίεσαν
1180 2952 1230 3003 oi
1262 2949 1484 3003 δείλαιοι
1538 2965 1679 3019 συμ-

118 3048 568 3120 περαίνοντες.Εί
612 3046 719 3116 γὰρ
763 3047 860 3115 μία
906 3046 939 3114 ὴ
997 3042 1091 3095 τοῦ
1129 3040 1363 3112 Χριστοῦ
1421 3040 1600 3110 φύσις,
1643 3038 1676 3111 ἢ

119 3143 229 3195 θεία
262 3141 486 3203 πάντως
515 3141 548 3210 ἢ
590 3138 902 3209 ἀνθρωπίνη
933 3136 1103 3190 ἔσται.
1151 3134 1289 3187 Ἀλλ’
1319 3134 1367 3186 εί
1393 3134 1491 3205 μὲν
1543 3133 1676 3203 μόνη

116 3234 250 3299 θεία,
282 3232 389 3286 ποῦ
439 3233 499 3285 τὸ
527 3229 891 3301 ἀνθρώπινον;
916 3229 965 3280 εἰ
1016 3228 1072 3279 δὲ
1119 3226 1432 3295 ἀνθρωπίνη
1468 3235 1530 3287 ω,
1562 3223 1677 3285 πῶς

116 3328 210 3379 οὐκ
264 3326 487 3396 ἔξαρνοι
520 3325 616 3393 τῆς
660 3321 1029 3392 θεότητος;εί
1068 3318 1114 3372 δ’
1174 3318 1359 3388 ἕτερόν
1420 3333 1474 3368 τι
1529 3315 1679 3387 ποιρά

115 3419 280 3473 ταῦτα
322 3417 502 3486 (τοῦτο
527 3418 633 3486 γὰρ
654 3414 1026 3478 ὑπολείπεται,
1058 3412 1153 3466 καὶ
1184 3411 1320 3481 πρὸς
1352 3409 1512 3463 τοῦτο
1542 3408 1678 3479 μᾶλ-

115 3510 199 3562 λον
231 3509 419 3564 αὐτῶν
459 3507 603 3561 νεύει
639 3506 701 3559 τὺ
750 3506 1048 3576 φρόνημα),
1092 3503 1207 3565 πῶς
1255 3504 1353 3572 οὐχ
1390 3500 1683 3572 ἐτεροφυὴς

117 3603 296 3665 αὐτοῖς
323 3604 353 3654 ὁ
387 3600 618 3674 Χριστὸς
651 3600 855 3655 καὶτοῦ
883 3598 1095 3669 Πατρὸς
1128 3598 1223 3650 καὶ
1254 3595 1411 3665 ἡμῶν
1442 3594 1686 3648 ἀναπλαη

114 3694 409 3766 σθήσεται;
439 3688 500 3747 οὗ
537 3694 588 3747 τί
614 3695 679 3747 ἂν
708 3692 1155 3761 δυσσεϐέστερον,
1251 3687 1675 3758 ἀφρονέστερονς

108 3785 401 3855 ἄνθρωπον
453 3782 702 3853 γενέσθαι
749 3783 977 3852 φάσκειν
1028 3781 1116 3833 τὸν
1180 3776 1274 3829 τοῦ
1322 3774 1456 3829 Θεοῦ
1508 3774 1680 3842 Λόγον

110 3880 199 3931 καὶ
232 3878 396 3942 Θεὸν,
421 3877 513 3930 ἐπί
537 3893 597 3929 τε
617 3876 793 3947 φθορᾷ
824 3876 920 3945 τῆς
961 3874 1095 3936 ιδίας
1144 3871 1418 3940 θεότητος,
1461 3868 1555 3921 καὶ
1586 3867 1680 3921 ἐπὶ

105 3971 390 4042 ἀναιρέσει
436 3970 531 4036 τῆς
561 3966 1000 4039 προσληφθείσης
1029 3962 1481 4035 άνθρωπότητος;
1510 3960 1679 4012 Τοῦτο

104 4064 208 4136 γὰρ
232 4063 434 4117 ἕπεται
454 4063 669 4124 πάντως
688 4063 800 4122 τοῖς
825 4058 1120 4130 μηδετέρας
1147 4056 1380 4125 φύσεως.
1411 4054 1527 4107 ἀλλ’
1562 4052 1680 4105 ἐτέ-

104 4173 200 4225 ρας
229 4156 393 4226 παρὰ
410 4153 629 4217 ταύτας,
660 4153 751 4205 τὸν
781 4150 1012 4221 Χριστὸν
1042 4152 1216 4201 εἰπεῖν
1253 4146 1638 4217 ὲκτολμήσασι.

1706 3167 1748 3224 C

1784 1958 1838 2001 et
1884 1947 2372 2002 insolentissimum
2435 1948 2586 2002 illum
2628 1949 2797 2019 ipsius
2840 1959 3200 2021 protectorem
3237 1953 3363 2007 Dio-

1783 2054 1996 2093 scorum
2024 2040 2262 2094 rationes
2292 2040 2521 2095 reddere
2552 2041 2621 2095 de
2669 2042 2947 2111 impietate
2966 2053 3288 2113 coegerunt.
3319 2045 3361 2098 E

1782 2130 2044 2185 diametro
2063 2130 2151 2185 isti
2197 2130 2535 2185 contrarium
2564 2130 2813 2187 Nestorio
2849 2148 3089 2189 errorem
3124 2133 3226 2187 sibi
3260 2150 3361 2204 ap-

1780 2223 2193 2293 pr0priavcrant
2220 2238 2235 2288 ;
2268 2222 2409 2276 unde
2439 2223 2496 2276 in
2521 2236 2706 2292 parem
2732 2238 2857 2276 cum
2882 2223 2971 2279 illo
3025 2222 3362 2292 impietatem

1780 2320 2125 2381 proruerant.
2156 2312 2387 2367 Unicum
2402 2312 2546 2366 enim
2570 2311 2863 2367 Dominum
2893 2320 3142 2367 nostrum
3167 2312 3361 2368 Jesum

1781 2404 2109 2458 Christuma
2140 2404 2325 2458 divina
2347 2412 2539 2481 natura
2578 2404 2820 2474 agnitum
2843 2404 3170 2471 ethumana,
3199 2415 3363 2473 atque

1780 2496 1837 2550 in
1887 2506 2114 2565 utraque
2156 2504 2353 2550 natura
2401 2496 2705 2560 adoratum,
2749 2510 3017 2550 summam
3073 2511 3171 2565 per
3201 2497 3363 2551 auda-

1781 2589 1918 2643 ciam
1959 2597 2015 2643 et
2036 2588 2320 2643 stultitiam
2352 2588 2407 2642 in
2440 2604 2604 2642 unam
2633 2598 2883 2643 naturam
2920 2589 3358 2655 commiscentes,

1780 2677 2172 2732 contuderunt.
2196 2676 2309 2732 Nec
2329 2678 2517 2732 miseri
2534 2688 2593 2732 ut
2615 2688 2773 2733 erant
2800 2677 3198 2749 intelligebant,
3216 2680 3361 2749 quod

1779 2785 1877 2840 per
1912 2770 2049 2823 hanc
2073 2770 2280 2824 irritam
2316 2770 2583 2825 rationem
2602 2770 2753 2824 illum
2781 2770 3171 2841 alienigenam,
3211 2788 3240 2825 a
3262 2787 3359 2842 pa-

1782 2870 1934 2915 terna
1960 2861 2260 2915 substantia
2297 2861 2595 2925 diversum,
2623 2876 2839 2915 necnon
2879 2861 3149 2916 diti‘erenti
3170 2862 3237 2917 ab
3265 2864 3361 2917 ho-

1779 2953 2017 3007 minibus
2036 2963 2231 3009 natura
2259 2962 2621 3018 constantem,
2640 2954 2952 3008 delinirent.
2980 2954 3116 3008 Nam
3138 2954 3180 3009 si
3202 2955 3362 3009 unica

1782 3045 2157 3100 tantummodo
2204 3046 2276 3100 sit
2330 3058 2525 3101 natura
2585 3046 2812 3112 Christi,
2846 3047 2931 3101 vel
2982 3046 3164 3101 divina
3211 3062 3363 3116 pror-

1781 3154 1875 3194 sus
1905 3153 1967 3193 ea
2008 3137 2195 3203 fuerit,
2218 3138 2306 3192 vel
2333 3138 2591 3192 humana.
2616 3136 2770 3203 Quod
2800 3138 2852 3213 si
2889 3152 3037 3191 mere
3064 3137 3246 3191 divina
3268 3138 3357 3202 sit,

1781 3232 1873 3286 ubi
1906 3239 2035 3285 tunc
2084 3232 2367 3285 humana?
2396 3230 2542 3300 quod
2573 3229 2617 3283 si
2662 3239 2872 3284 tantum
2936 3228 3190 3293 humana,
3246 3228 3360 3283 ﬁeri

1780 3338 1891 3376 non
1919 3330 2096 3391 potest
2120 3322 2252 3392 quin
2276 3330 2505 3392 negetur
2534 3320 2737 3375 divina.
2767 3320 2924 3385 Quod
2949 3320 2995 3373 si
3026 3321 3155 3390 quid
3178 3321 3363 3376 diver-

1782 3430 1902 3467 sum
1932 3414 2001 3467 ab
2032 3424 2258 3482 utraque
2292 3421 2486 3467 natura
2503 3412 2669 3467 fuerit
2699 3416 2844 3480 (nam
2864 3412 2967 3466 hoc
2992 3412 3047 3465 in
3074 3415 3172 3467 hac
3199 3428 3362 3469 causa

1786 3506 2004 3560 unicum
2030 3506 2096 3559 iis
2122 3504 2465 3574 relinquitur,
2491 3513 2546 3559 et
2580 3520 2646 3559 eo
2693 3504 2949 3559 videntur
2977 3506 3359 3575 propendere),

1784 3599 2057 3669 quomodo
2084 3614 2194 3653 non
2249 3598 2355 3652 erit
2383 3598 2528 3668 apud
2563 3597 2712 3669 ipsos
2742 3598 2993 3651 Christus
3017 3598 3240 3651 alterius
3261 3613 3359 3653 cu-

1785 3691 2000 3763 jusdam
2025 3701 2081 3746 et
2100 3691 2325 3746 diversa:
2354 3699 2563 3745 naturae
2618 3706 2741 3745 cum
2767 3699 2807 3745 a'
2832 3706 2930 3745 suo
2967 3689 3125 3744 Patre
3164 3700 3276 3745 tum
3328 3706 3358 3745 a

1786 3783 1942 3837 vobis
1965 3783 1987 3835 ?
2007 3797 2114 3852 quo
2139 3781 2269 3852 quid
2314 3782 2486 3852 magis
2513 3782 2740 3852 impium
2789 3792 2883 3837 aut
2930 3782 3161 3837 delirum
3190 3783 3359 3853 magis

1788 3874 1914 3946 ﬁngi
1943 3882 2124 3945 potest
2151 3874 2174 3927 ?
2200 3888 2446 3928 asserere
2469 3873 2726 3927 nimirum
2757 3874 2991 3929 Verbum
3020 3873 3135 3939 Dei,
3164 3875 3355 3940 Deum,

1786 3967 2060 4021 hominem
2084 3965 2284 4021 factum
2309 3965 2364 4018 in
2391 3980 2514 4019 eum
2544 3966 2729 4031 ﬁnem,
2754 3977 2813 4019 ut
2832 3982 2954 4021 cum
2976 3966 3233 4020 divinitas
3263 3968 3357 4021 dc-

1783 4067 2084 4113 strueretur
2126 4057 2360 4127 propria,
2405 4058 2567 4112 etiam
2610 4066 2891 4128 assumpta
2944 4058 3254 4112 humanitas
3302 4060 3356 4112 in

1784 4149 2012 4203 nihilum
2042 4148 2399 4219 redigeretur.
2442 4149 2558 4203 Hoc
2579 4149 2725 4202 enim
2754 4149 2827 4202 ita
2867 4149 3025 4218 plane
3055 4163 3355 4218 conseque-

103 4269 207 4322 tur,
228 4256 275 4311 si
297 4255 430 4325 quis
454 4253 592 4307 tueri
613 4266 778 4306 ausus
810 4249 973 4304 fuerit
1012 4247 1285 4301 Christum
1312 4260 1421 4299 non
1474 4242 1697 4298 alterius
1751 4241 1998 4309 istarum,
2025 4242 2119 4297 sed
2169 4251 2367 4312 pratter
2389 4242 2520 4297 istas
2547 4242 2685 4296 alius
2726 4252 2933 4296 natura:
2975 4242 3352 4313 participasse.

174 4348 234 4401 ιδ’
240 4390 257 4403 .
296 4347 400 4401 Διὸ
434 4347 646 4416 καὶτῆς
674 4344 943 4412 τοσαύτης
991 4339 1309 4401 δυσσεὸείας
1341 4339 1389 4391 οἱ
1418 4336 1524 4390 τῶν
1559 4353 1677 4406 χρι-

1852 4338 1939 4391 H.
1980 4337 2245 4403 Quocirca
2288 4338 2514 4409 dignum
2560 4351 2656 4390 sua
2697 4335 2970 4406 impietate
3026 4336 3354 4405 supplicium

101 4441 402 4513 στομάχων
451 4437 655 4491 τούτων
696 4435 982 4505 δογμάτων
1013 4432 1327 4503 εἰσηγηταὶ,
1377 4429 1532 4492 ἀξίαν
1580 4428 1677 4497 τὴν

1785 4430 2015 4493 subiere,
2045 4429 2138 4499 qui
2190 4430 2502 4500 dogmatqu
2548 4427 2800 4491 istorum,
2837 4443 2933 4497 per
2990 4443 3111 4497 quae
3140 4427 3354 4483 Christo

96 4533 253 4603 δίκην
281 4530 605 4595 δεδωκότες,
628 4527 980 4600 ἀφῃρέθησάν
1010 4543 1067 4578 τε
1098 4526 1197 4593 τῆς
1230 4524 1551 4594 ἱερωσύνης,
1578 4522 1673 4575 καὶ⁹

93 4625 199 4677 ἀπὸ
252 4625 452 4694 πάσης
497 4622 597 4692 τῆς
665 4619 988 4688 Ἐκκλησίας
1045 4617 1329 4687 γεγόνασιν
1377 4615 1623 4684 ἀνάθεμα
1660 4629 1675 4645 ⁶

92 4714 575 4783 συναπελαθείσης
612 4713 795 4775 αὐτοῖς
834 4712 928 4763 καὶ
966 4710 1065 4780 τῆς
1109 4705 1477 4779 χριστομάχου
1524 4705 1676 4774 αἱρέο

91 4826 230 4871 σεως
252 4850 268 4863 .
311 4806 397 4863 Τὸ
422 4805 480 4859 δὲ
511 4805 666 4876 ὀρθὸν
701 4804 795 4856 καὶ
825 4800 1214 4872 ἀπαράτρωτον
1244 4801 1340 4866 τῆς
1372 4796 1677 4868 όρθοδοξίας

87 4903 269 4974 φρόνη
281 4916 371 4972 μα
396 4899 473 4953 ἔτι
495 4899 691 4971 μᾶλλον
707 4900 826 4960 ταῖς
851 4897 1147 4968 γραφικαῑς
1172 4910 1232 4946 τε
1264 4892 1360 4946 καὶ
1382 4894 1675 4959 πατρικαῖς

1706 4659 1751 4715 D

1779 4520 1979 4575 bellum
2008 4520 2280 4585 indicitur,
2299 4530 2548 4575 auctores
2572 4520 2808 4583 fuerant,
2828 4519 3131 4574 sacerdotio
3157 4534 3353 4587 nempe

1780 4616 1995 4684 dejecti,
2058 4623 2112 4668 et
2144 4630 2240 4684 per
2264 4630 2453 4669 omnes
2480 4614 2750 4669 Ecclesias
2793 4612 3121 4667 anathemati
3166 4612 3353 4680 subje—

1782 4706 1876 4772 cti,
1909 4722 2033 4760 eum
2064 4706 2260 4775 quibus
2284 4706 2468 4775 etipsa
2498 4704 2721 4759 haeresis
2771 4703 3157 4774 expellebatur.
3184 4700 3349 4753 Recta

1782 4808 1962 4852 autem
1982 4806 2035 4852 et
2055 4797 2352 4852 orthodoxa
2385 4798 2671 4857 sententia.
2699 4796 2859 4849 nullis
2875 4793 3187 4848 vulneribus
3217 4808 3350 4846 con~

1782 4888 1947 4952 fossa,
1970 4887 2232 4943 maiorem
2254 4888 2306 4941 in
2340 4888 2561 4943 modum
2582 4885 2905 4942 testimoniis
2931 4892 2986 4938 et
3010 4899 3042 4938 e
3069 4883 3349 4954 Scriptura

1378 5052 1609 5109 VARl/E
1646 5050 2045 5107 LECTIONES.

165 5180 185 5221 ί
232 5183 367 5255 Leg
420 5176 916 5252 ἐγκεχειρισμένος.
992 5184 1032 5214 ω
1062 5174 1146 5229 τσ.
1185 5174 1341 5244 μόνη.

1622 5276 1852 5335 NOTAE.

157 5422 285 5494 (18)
349 5413 778 5494 Ἀπεροατήριρν.
799 5411 875 5494 Ita
901 5409 1052 5478 prius
1070 5406 1302 5494 vocavit,
1334 5403 1407 5494 ob

74 5478 323 5548 causan)
348 5530 365 5550 ,
415 5478 917 5551 Constantinopolin
972 5478 1405 5551 φροντιστήριον,
1434 5544 1445 5551 _
1456 5481 1679 5551 propter

78 5544 616 5624 iocihnoliilitatem,
652 5570 682 5607 a
726 5544 855 5607 vi'ris
902 5544 1205 5604 eruditione
1250 5544 1555 5600 celebribus
1586 5556 1679 5596 ce-

72 5635 237 5690 lebra
245 5643 400 5687 tam.
1606 5680 1616 5691 .

148 5706 283 5774 (ιε’)
315 5697 600 5774 βετζιιοίις
636 5689 1118 5774 ἐγιεγ-οισμένος·
1151 5681 1678 5774 ἓξιηρξέί.¹ῗὲίξξθξει3.ξ·

74 5752 280 5831 suilli;
312 5752 387 5825 ὁ.
418 5752 691 5831 Liudéen,‘
722 5766 750 5818 ὁ
778 5752 1122 5833 ᾗσικῖιρίτης,
1151 5755 1439 5829 legendum
1464 5752 1569 5811 sibi
1598 5752 1682 5808 vi-

1783 5397 1897 5454 deri
1973 5392 2513 5463 ἐγκεχειρισμένους,
2545 5388 3053 5463 appositequidem,
3087 5398 3143 5443 et
3172 5405 3343 5458 magis

1784 5485 1851 5524 ex
1884 5482 1981 5521 usu
2004 5461 2357 5534 linguaeL-Sed
2384 5461 2765 5534 Photiusisolet
2791 5461 3062 5534 interdum
3092 5476 3343 5534 καινοτο-

1786 5540 2002 5611 μεῖν-ει
2037 5530 2412 5611 κὰινοφωνεῖν.
2462 5533 2720 5611 Quocirca
2771 5531 2969 5611 codicis
3020 5530 3341 5611 scripturam

1784 5600 2032 5671 admitto,
2068 5614 2128 5659 ut
2162 5600 2232 5657 sit
2263 5605 2719 5674 ἐγκεχρισμένος,
2768 5604 3030 5674 intinctus.
3063 5600 3144 5654 Ad
3176 5600 3339 5674 tine_m
3426 5663 3437 5669 '

1785 5668 2046 5733 sectionis
2074 5676 2213 5729 forte
2247 5668 2543 5746 legendum
2566 5682 2620 5727 et
2648 5671 3112 5746 distinguendum,
3149 5668 3337 5739 σαφῶς

1784 5766 1844 5803 τε
1860 5748 1955 5805 καὶ
1980 5743 2385 5815 ἀναντιρρήτως
2415 5743 2577 5813 λέγω,
2598 5751 2704 5800 etc.
