3996 6470
597 416 703 480 643

601 623 953 678 celeberrima
999 623 1351 677 clarescehat.
1400 620 1583 676 Unum
1604 618 1751 673 enim
1781 616 2079 680 Christum,
2120 612 2175 668 id

602 725 705 783 est,
734 717 946 771 unicam
960 716 1079 787 ejus
1101 715 1435 787 hypostasin,
1466 721 1713 767 naturam
1739 708 2175 779 veroduplicem,

602 809 847 863 divinam
871 824 1069 878 nempe
1100 818 1155 862 et
1177 808 1494 870 humanam,
1544 803 1873 859 inconfusim
1894 810 1948 856 et
1978 800 2181 855 indivi-

602 900 707 954 sim
761 899 1172 963 consideratam.
1205 914 1304 969 per
1348 898 1695 954 beatissimos
1724 897 1890 951 hosce
1924 893 2180 949 sacerdo-

608 1002 691 1047 tes
723 1000 778 1046 et
829 993 1124 1059 theologos,
1181 993 1236 1047 in
1294 992 1555 1048 mundum
1588 992 1906 1047 universum
1931 998 1988 1045 et
2022 1005 2185 1045 mun-

607 1083 661 1137 di
723 1093 1000 1138 extremos
1076 1086 1378 1149 terminos,
1449 1084 1793 1140 confessione
1862 1090 1919 1136 et
1982 1080 2185 1151 praedi-

606 1177 821 1231 catione
888 1178 1332 1248 agnoscendam,
1396 1176 1561 1239 clare,
1618 1176 1906 1246 perspicue
1955 1182 2008 1227 et
2068 1171 2187 1227 sine

610 1266 951 1322 haesitatione
1018 1270 1409 1339 propagahant.
1480 1266 1618 1320 llinc
1695 1277 1910 1334 quoque
1974 1262 2187 1330 liquet,

608 1359 753 1429 quod
781 1375 905 1413 cum
927 1359 1133 1414 claudis
1154 1376 1373 1431 gressus
1413 1359 1888 1417 conﬁrmarentur.
1943 1362 1998 1409 et
2030 1352 2191 1408 cmeis

607 1454 827 1509 caacitas
860 1454 915 1506 in
963 1451 1417 1507 elilorescentiam
1477 1450 1757 1505 oculorum
1799 1451 2188 1507 succresceret,

612 1560 737 1599 cum
773 1544 970 1598 mortui
1009 1545 1076 1599 ab
1116 1543 1313 1598 inferni
1351 1543 1523 1613 portis
1572 1540 2004 1601 retraherentur,
2034 1545 2090 1591 et
2136 1535 2193 1589 in

612 1636 780 1690 vitam
806 1637 985 1690 denuo
1012 1636 1544 1699 transmitterentur,
1578 1647 1790 1687 necnon
1820 1646 1946 1685 cum
1978 1638 2033 1684 et
2075 1626 2194 1682 alia:

614 1728 815 1783 divinae
842 1728 1089 1792 virtutes,
1114 1743 1249 1797 quas
1270 1743 1380 1781 non
1409 1736 1492 1781 est
1522 1725 1676 1780 facile
1694 1738 2034 1784 enumerare,
2068 1735 2196 1790 per-

616 1828 987 1889 petrarentur,
1018 1829 1072 1874 et
1126 1819 1181 1873 in
1223 1827 1521 1888 conspectu
1549 1817 1792 1872 omnium
1844 1812 2195 1885 propalaren-

1749 405 2012 469 PHOTII
2046 401 2554 467 PATRIARCH/E
2590 401 2700 462 CP.

598 538 657 585 et
710 542 742 583 e
797 527 1053 585 Patribus
1128 526 1377 584 deductis
1441 522 1815 587 conﬁrmatur,
1888 519 2177 592 praeconiis
2200 550 2215 581 λ

2318 515 2609 588 αρτυρίαις
2662 511 3009 585 ἀνεκηρύχθη
3065 512 3159 566 καὶ
3205 511 3500 583 διέλαμψεν

3753 393 3841 460 644

3537 526 3554 543 ο
3582 509 3721 563 Ἕνα
3767 512 3837 564 τὸς.
3942 509 3947 579 ζ

2277 607 2532 677 Χριστὸν,
2561 606 2678 678 ἦτοι
2702 604 2828 676 μίαν
2856 604 3020 679 αὑτοῦ
3052 605 3150 675 τὴν
3172 605 3491 667 ὑπόστασιν,
3516 601 3612 655 καὶ
3644 600 3736 654 δύο
3759 602 3843 665 τὰς
3944 584 3947 633 ί

2278 700 2490 769 φύσεις,
2517 697 2747 768 θεότητά
2762 713 2820 750 τε
2841 697 2934 750 καὶ
2960 696 3378 768 ἀνθρωπότητα,
3410 694 3738 763 ἀσυγχύτικ
3766 697 3842 746 καὶ

2278 791 2598 861 ἀδιαιρέτως
2623 788 3083 858 ἐνθεωρουμένας,
3105 787 3214 841 τῶν
3250 785 3740 857 τρισαακαρίστων
3757 785 3843 856 ἁρ-

2278 885 2507 957 χιερέων
2565 882 2879 954 περιφανῶς
2910 882 3349 952 θεολογησάντων
3402 880 3500 934 καὶ
3550 878 3842 949 παραδεδω-

2281 979 2454 1031 κότων
2474 975 2809 1037 ἁδιστάκτως
2826 975 3106 1044 ὁμολογεῖν
3131 975 3227 1026 καὶ
3254 975 3556 1042 κηρύσσειν
3586 972 3667 1034 εἰς
3689 972 3841 1024 πάντα

2281 1071 2383 1140 τῆς
2402 1068 2731 1138 οἰκουμένης
2751 1068 2820 1121 τὰ
2845 1068 3079 1139 πέρατα.
3099 1067 3268 1135 Δῆλον
3284 1067 3340 1119 δὲ
3353 1064 3675 1127 κάντεῦθεν,
3698 1063 3768 1127 ὡς
3788 1065 3841 1117 δι’

2282 1157 2357 1218 ὧν
2387 1164 2483 1234 μὲν
2500 1164 2689 1234 χωλοῖς
2706 1165 2762 1216 αἱ
2790 1163 2976 1233 βάσεις
2999 1161 3295 1233 ὠρθοῦντο,
3315 1165 3409 1215 καὶ
3429 1162 3659 1231 τυφλοῖς
3687 1162 3843 1213 16.16-

2286 1257 2376 1319 Θος
2432 1260 2510 1320 εἰς
2544 1257 2807 1328 ὀμμάτων
2838 1256 3074 1327 βλάστην
3125 1256 3421 1323 ὑπεφύετο,
3444 1254 3634 1324 νεκροξ
3656 1271 3714 1307 τε
3758 1256 3840 1307 τῶν

2289 1350 2479 1403 πυλῶν
2516 1349 2831 1404 ἀνεσπῶντο
2863 1350 2958 1402 τοῦ
3019 1349 3168 1421 ᾅδου,
3195 1350 3289 1403 καί⁵
3324 1348 3461 1419 πρὸς
3486 1348 3550 1401 τὸ
3579 1347 3681 1417 ζῇν
3716 1364 3841 1417 μετε-

2289 1443 2569 1505 τάττοντο,
2604 1442 2750 1494 αἵτε
2780 1441 2937 1496 ἄλλαι
2966 1441 3309 1511 θεοσημείαι,
3340 1440 3409 1504 ἃς
3434 1440 3497 1493 οὑ
3537 1439 3719 1512 ῥᾴδιον
3750 1439 3843 1509 69:-

2291 1538 2320 1592 Θ
2328 1541 2466 1610 μεῖν,
2486 1538 2837 1592 ἐπετελοῦντο
2850 1537 2945 1591 καὶ
2962 1538 3358 1603 ἐπεδείκνυντο,
3377 1538 3479 1608 τῆς
3492 1537 3647 1599 Θείας
3661 1536 3842 1605 φύσεως

2293 1630 2538 1702 ἐναργῶς
2569 1629 2940 1702 παρεδηλοῦτο
2971 1630 3032 1683 τὸ
3063 1630 3301 1701 ἀξίωμα.
3336 1633 3415 1683 Δι’
3441 1624 3519 1684 ὦν
3565 1630 3624 1682 δὲ
3652 1630 3840 1691 κόπους,

2294 1724 2388 1776 καὶ
2405 1725 2599 1785 πόνους
2626 1722 2720 1776 καὶ
2746 1722 2905 1791 δίψαν
2943 1723 3036 1776 καὶ
3068 1726 3280 1787 πεῖναν,
3311 1722 3408 1776 καὶ
3437 1722 3655 1787 πενίαν,
3687 1724 3773 1774 καὶ
3793 1724 3844 1774 τὰ

2293 1814 2505 1877 τούτοις
2517 1814 2779 1882 ὑφίστατο
2794 1816 3030 1886 συγγενῆ
3056 1815 3149 1870 καὶ
3162 1815 3550 1886 παραπλήσια,
3566 1817 3666 1886 τῆς
3679 1815 3845 1884 ἀνθρω-

620 1920 731 1975 tur,
756 1913 955 1967 divina
979 1923 1190 1968 natura:
1218 1913 1454 1983 dignitas
1485 1922 1541 1967 et
1578 1910 1875 1966 eminentia
1914 1908 2196 1963 evidenter

2318 1906 2460 1977 τίνης
2485 1906 2674 1969 οὐσίας
2705 1909 2901 1978 ἐτρατο
2926 1907 3048 1979 (sic)
3073 1908 3134 1960 τὸ
3157 1907 3373 1977 ἰδίωμα.
3406 1900 3512 1959 Ὧν
3532 1906 3603 1959 τὰ
3635 1905 3729 1976 μὲν
3752 1905 3845 1958 Θεο-

619 2006 1122 2059 demonstrabalur.
1169 2006 1375 2058 Rursus
1418 2019 1516 2073 per
1558 2003 1633 2065 id,
1680 2001 1823 2070 quod
1856 1997 2200 2069 defatigatio-

623 2114 772 2161 nem,
806 2098 1067 2161 lahorem,
1111 2097 1280 2159 sitim,
1306 2095 1508 2150 famem
1554 2093 1947 2149 sustinueritet
1973 2106 2203 2162 pauper-

626 2198 810 2256 tatem,
844 2198 1004 2260 atque
1020 2190 1105 2244 his
1137 2189 1333 2245 similia
1354 2198 1410 2244 et
1432 2188 1739 2258 congenita,
1773 2184 2077 2256 preprietas
2100 2182 2204 2235 hu-

624 2297 798 2338 manzc
839 2282 1157 2338 substantiae
1188 2280 1662 2336 manifestabatur.
1693 2278 1949 2344 Quaadam
1977 2275 2206 2329 istorum

625 2384 687 2427 ut
724 2374 834 2429 Deo
872 2374 1097 2446 dignum
1133 2380 1270 2437 erat,
1303 2372 1407 2426 alia
1465 2386 1566 2441 pro
1593 2367 1919 2424 conditionis
1949 2366 2204 2419 humanm

625 2463 808 2529 modo,
834 2464 977 2517 idem
1019 2471 1240 2517 etunus
1282 2460 1557 2524 Christus,
1586 2473 1747 2512 verus
1796 2456 1939 2510 Deus
1994 2464 2203 2518 noster,

2298 1998 2547 2068 πρεπῶς,
2568 1998 2636 2051 τὰ
2651 1998 2710 2051 δὲ
2731 1998 3221 2073 ἀνθρωποπρεπῷς
3237 1999 3266 2051 6
3283 1998 3445 2062 αὑτὸς
3463 1997 3847 2069 Χριστὺςόάλη-

2301 2089 2445 2153 θινὸς
2465 2089 2596 2153 Θεὸς
2618 2090 2774 2161 ἡμῶν
2791 2090 3105 2165 ἐπιτελέσας
3129 2091 3226 2145 καὶ
3260 2090 3721 2162 διαπραξάμενος,
3746 2091 3849 2159 μίαν

2306 2180 2405 2251 μὲν
2442 2180 2607 2234 αὑτοῦ
2639 2183 2731 2235 καὶ
2757 2184 2963 2237 ἐνιαίαν
2981 2183 3079 2254 τὴν
3102 2184 3424 2246 ὑπόστασιν,
3449 2182 3549 2236 δύο
3570 2182 3630 2236 δέ
3652 2183 3739 2237 καὶ
3758 2182 3849 2234 δια-

2306 2292 2370 2343 φε
2381 2273 2579 2346 ρούσας
2600 2275 2697 2339 τὰς
2727 2276 2939 2345 φύσεις,
2970 2277 3030 2330 ἐν
3055 2277 3346 2347 ἀσυγχύτῳ
3378 2276 3596 2341 ἐνώσει,
3621 2274 3789 2344 σαφῶς
3806 2294 3849 2327 τε

2311 2370 2404 2421 καὶ
2432 2369 2813 2441 ἁναντιρῤήτῳ
2851 2368 2995 2440 λόγῳ
3027 2370 3339 2442 παρέστησε
3382 2371 3472 2423 καὶ
3520 2367 3848 2422 ἐπιστώσατο.

2324 2456 2464 2510 Ἀλλ’
2494 2458 2553 2509 ἐν
2590 2457 2800 2513 τούτοις
2836 2460 2930 2512 καὶ
2954 2459 3021 2513 τὰ
3052 2460 3151 2529 τῆς
3180 2461 3450 2533 τετάρτης
3480 2460 3719 2513 συνόδου.

624 2567 751 2608 cum
784 2562 1103 2625 operaretur
1160 2562 1215 2607 et
1247 2551 1550 2622 perﬁceret,
1586 2557 1735 2605 certe
1782 2562 1946 2602 unam
1976 2556 2032 2600 et
2086 2546 2297 2601 unitate
2359 2550 2753 2605 consistentem
2820 2550 3135 2622 liypostasin
3186 2568 3364 2618 suam,
3420 2553 3559 2607 duas
3601 2563 3774 2607 autem
3812 2563 3853 2603 et

628 2649 869 2703 diversas
895 2657 1117 2702 naturas
1154 2646 1209 2700 in
1238 2645 1437 2699 unione
1459 2643 1547 2697 illa
1576 2640 1883 2703 ineonfusa,
1915 2638 2204 2708 perspicue
2241 2638 2384 2692 clara
2412 2655 2515 2696 nec
2544 2641 2653 2695 ullo
2694 2653 2853 2713 pacto
2915 2638 3340 2700 contradicenda
3398 2646 3615 2701 ratidne
3651 2656 3755 2701 tum
3780 2665 3853 2700 et-

630 2744 811 2798 bihuit
833 2752 945 2796 tum
979 2740 1343 2796 conﬁrmavit.
1372 2739 1546 2807 Atque
1598 2737 1864 2790 hactenus
1916 2734 1983 2788 de
2011 2743 2208 2804 quarta
2246 2735 2475 2805 synodo.

705 2837 793 2892 15.
834 2835 1034 2890 Sancta
1078 2831 1403 2887 universalis
1435 2831 1625 2900 quinta
1666 2828 1905 2901 synodus
1946 2827 2211 2896 sequitur.

634 2929 738 2985 Cui
784 2926 1177 2983 conveniendae
1210 2925 1544 2987 saerabalur,
1576 2932 1831 2991 tanquam
1871 2927 2086 2989 septum
2128 2932 2216 2972 sa-

635 3035 814 3085 crum,
863 3034 1055 3088 magna
1105 3016 1444 3070 Constantini
1482 3014 1697 3068 civitas.
1748 3011 1994 3066 Obtinuit
2035 3019 2218 3064 autem

638 3113 751 3166 vim
783 3121 837 3165 et
858 3108 1281 3164 conﬁrmabatur
1312 3123 1407 3178 per
1438 3106 1781 3177 praesentiam
1804 3113 1859 3158 et
1891 3118 2218 3157 concursum

2386 2834 2469 2883 ιε’.
2517 2829 2581 2883 Ἠ
2609 2830 2664 2883 δὲ
2698 2832 2827 2901 ἁγία
2858 2834 2953 2887 καὶ
2981 2836 3334 2908 οὶκουμενικὴ
3373 2837 3602 2906 πέμπτη
3636 2836 3854 2900 σύνοδος,

2314 2923 2541 2993 τέμενος
2569 2923 2667 2993 μὲν
2699 2925 2845 2996 ἱερὸν
2863 2928 3001 2998 αὑτῇ
3033 2929 3064 2997 ἡ
3088 2928 3199 2998 (20)
3224 2931 3638 2984 Κωνσταντίνου
3666 2932 3859 3000 μέγαλῷ

2317 3015 2471 3077 πολις
2503 3017 2797 3086 ἀφιέρωτο.
2834 3019 2999 3072 Πέντε
3036 3019 3211 3074 δὲκαὶ
3252 3021 3520 3093 ἐξήκοντα
3569 3024 3665 3076 καὶ
3699 3024 3860 3075 ἑκατὸν

2318 3104 2593 3178 θεοφόρων
2607 3110 2856 3180 πατέρων
2872 3112 3145 3183 παρουσίᾳ⁸
3155 3113 3246 3166 καὶ
3260 3114 3535 3185 συνδρομῇ
3548 3116 3611 3168 ἐκ
3619 3115 3861 3185 ρατύνετς.

639 3203 882 3274 quinque
908 3200 1183 3272 sexaginta
1214 3208 1433 3254 centum
1464 3198 1864 3268 episcoporum.
1893 3194 2097 3250 Horum
2121 3194 2215 3248 du-

2350 3201 2423 3291 ρν
2448 3201 2677 3271 ἡγοῦντο
2706 3204 2798 3255 καὶ
2826 3206 3197 3275 προέλαμπον,
3227 3208 3422 3278 Μηνᾶς
3448 3209 3551 3278 μὲν
3575 3208 3673 3277 τὴν
3699 3209 3861 3279 ἀρχὴν,

642 3312 737 3351 ces
770 3306 825 3350 et
852 3304 1109 3364 tanquam
1138 3294 1341 3347 lumina
1381 3292 1621 3356 fuerunt,
1656 3290 1879 3345 Mennas
1905 3290 2123 3359 quidem
2153 3289 2221 3343 ab

645 3388 826 3452 initio,
862 3396 976 3441 tum
1014 3385 1311 3457 Eutychius
1348 3398 1652 3448 successor,
1702 3382 1795 3452 qui
1825 3382 2034 3437 clavum
2064 3379 2225 3450 regite

647 3481 805 3537 istius
849 3487 905 3535 et
934 3478 1411 3549 archiepiscopalis
1436 3477 1580 3532 sedis
1602 3476 2041 3530 moderabantur.
2076 3472 2226 3544 Vigi-

647 3575 754 3629 lius
800 3575 994 3629 aderat
1025 3573 1139 3644 (qui
1168 3581 1223 3627 et
1251 3573 1367 3642 ipse
1408 3571 1635 3625 Romam
1666 3576 1986 3639 susceperat
2026 3582 2227 3638 procu-

648 3664 895 3734 randam)
938 3663 1082 3734 apud
1127 3664 1315 3718 urbem
1360 3663 1601 3732 quidem,
1647 3662 1854 3734 synodo
1892 3669 2072 3714 tamen
2117 3674 2227 3713 non

650 3760 921 3826 interfuit,
965 3775 1032 3814 eo
1064 3758 1210 3829 quod
1252 3758 1471 3812 nolebat
1505 3766 1702 3827 sponte
1741 3771 1799 3810 se
1827 3755 1893 3809 ad
1934 3754 2085 3808 illum
2133 3769 2228 3825 ag-

651 3867 879 3924 gregare
926 3858 1277 3906 conventum.
1334 3849 1424 3904 Ille
1457 3859 1637 3903 autem
1676 3845 2050 3910 nihilominus,
2085 3845 2229 3914 quod

652 3945 877 3999 minime
906 3944 1119 3999 volebat
1136 3944 1275 3997 sacri
1295 3942 1439 3997 illius
1465 3955 1755 3995 consessus
1782 3938 2032 3993 sodalitio
2057 3937 2230 3993 inter-

653 4050 807 4099 esse,
874 4022 1031 4088 ﬁdem
1096 4034 1371 4089 communi
1418 4033 1636 4087 Patrum
1692 4030 1947 4101 suﬁ'ragio
1993 4031 2228 4097 editam,

654 4127 834 4182 libello
874 4143 972 4182 suo
1003 4127 1148 4192 dato,
1180 4125 1541 4181 conﬁrmavit.
1583 4124 1746 4179 Hisce
1789 4124 2013 4179 aderant
2070 4123 2231 4194 Apol-

655 4221 880 4275 linarius
917 4221 1283 4285 Alexandria,
1334 4227 1390 4273 et
1441 4218 1683 4272 Domnus
1732 4217 1991 4288 dignitate
2042 4217 2235 4272 Antio-

655 4314 846 4368 chenze
903 4313 1155 4368 Ecclesia:
1216 4309 1657 4379 archiepiscopali
1718 4309 1946 4378 prmditi.
1998 4307 2237 4363 Aderant

666 4403 923 4475 Didymus
954 4412 1008 4456 et
1033 4401 1315 4471 Evagrius,
1344 4400 1522 4453 locum
1547 4408 1794 4454 tenentes
1815 4398 2090 4453 Eustoehii
2111 4399 2237 4453 Hie-

656 4496 1029 4567 rosolymitani
1072 4492 1485 4562 archiepiscopi.
1537 4492 1641 4546 Per
1685 4492 1737 4547 id
1775 4493 2035 4561 temporis
2068 4493 2238 4547 Justi-

2324 3287 2442 3346 εἶτα
2470 3294 2528 3346 δέ
2559 3295 2655 3347 καὶ
2686 3295 2949 3366 Εὑτύχιος
2968 3336 2984 3361 ,
3015 3300 3114 3369 τῆς
3144 3299 3313 3369 αὑτῆς
3354 3300 3662 3369 βασιλίδος,
3691 3302 3749 3352 ἐκ
3772 3301 3866 3353 δια·

2323 3383 2518 3456 δοχῆς,
2546 3388 2673 3450 τοὺς
2727 3390 3147 3460 ἀρχιερατικοὺς
3197 3392 3733 3463 πηδαλιουχήσαντες
3770 3395 3865 3446 οἷα-

2326 3494 2459 3541 κας·
2500 3479 2595 3534 καὶ
2630 3480 2867 3550 Βιγίλιος
2897 3482 3008 3555 (21)
3034 3486 3061 3537 6
3098 3484 3198 3554 τῆς
3236 3482 3457 3555 Ῥώμης
3498 3486 3599 3557 τὴν
3627 3487 3771 3556 ἱερὰν
3790 3485 3867 3537 λα-

2326 3570 2438 3641 χὼν
2476 3572 2720 3642 ἐφορίαν,
2752 3572 2942 3643 παρὼν
2984 3575 3084 3646 μὲν
3114 3578 3184 3647 τῇ
3215 3577 3399 3640 πόλει,
3430 3576 3491 3630 ού
3524 3578 3713 3648 παρὼν
3746 3577 3794 3630 δὲ
3818 3582 3865 3645 τῇ

2328 3664 2554 3735 συνόδῳ’
2590 3665 2649 3728 ὃς
2683 3668 2731 3719 εί
2766 3668 2860 3721 καὶ
2915 3668 2989 3739 μὴ
3026 3670 3303 3741 πρόθυμος
3338 3672 3420 3733 εἰς
3448 3672 3552 3743 τὴν
3600 3672 3869 3742 συνδρομὴν

2328 3759 2429 3828 τῆς
2474 3759 2623 3829 ἱερᾶς
2664 3759 2992 3831 ὁμηγύρεως
3023 3763 3296 3832 κατέστη,
3341 3764 3457 3817 ἀλλ’
3498 3765 3653 3818 οὐδὲν
3685 3766 3872 3817 ἔλαττον

2329 3854 2479 3923 ὅμως
2521 3856 2619 3926 τὴν
2652 3855 2839 3927 κοινὴν
2866 3856 2976 3911 τῶν
3016 3860 3269 3927 πατέρων
3313 3860 3499 3914 πίστιν
3529 3862 3787 3933 ἐπεκύρου
3812 3861 3876 3911 λι·

2332 3946 2523 4017 ϐέλλῳ.
2554 3947 2659 4000 Σὺν
2685 3942 2766 4012 οἷς
2808 3948 3181 4021 Ἀπολινάριός
3204 3967 3264 4003 τε
3291 3952 3320 4004 6
3356 3950 3775 4023 Ἀλεξανδρείας,
3801 3955 3874 4005 καὶ

2333 4037 2536 4107 Δόμνος
2568 4039 2596 4091 6
2642 4039 2993 4111 Ἀντιοχείας,
3027 4041 3107 4113 τῷ
3128 4042 3499 4114 ἁρχιερατικῷ
3534 4044 3792 4114 ἀξιώματι
3810 4062 3875 4096 κει

2334 4133 2696 4202 κοσμημένοι.
2746 4136 2856 4186 Καὶ
2910 4134 2975 4205 δὴ
3027 4136 3121 4188 καὶ
3172 4136 3404 4205 Δίδυμος
3458 4139 3554 4190 καὶ
3610 4139 3875 4208 Εὑάγριος,

2336 4224 2628 4295 Εύστοχίου
2677 4227 2772 4280 τοῦ
2832 4211 3223 4298 Ἰεροσολύμων
3263 4231 3569 4301 ἀρχιερέως
3608 4230 3699 4285 τὸν
3739 4232 3876 4285 τόπον

2336 4314 2798 4386 ἀναπληροῦντες.
2853 4320 3171 4390 Τηνικαῦτα
3213 4322 3272 4375 δὲ
3322 4323 3419 4375 καὶ
3480 4324 3880 4387 Ἰουστινιανδςό

2338 4406 2631 4475 κράτιστος
2661 4410 2717 4461 ἐν
2747 4410 3058 4480 βασιλεῦσι,
3090 4412 3191 4483 τῆς
3253 4413 3571 4484 Ῥωμαῖκῆς
3596 4415 3767 4487 ἀρχῆς
3801 4418 3879 4477 τὰς

2340 4501 2624 4570 φροντίδας
2657 4504 2944 4574 ἐχείριζεν,
2974 4506 3069 4559 καὶ
3101 4505 3180 4576 τῷ
3205 4506 3645 4578 ἐκκλησιαστικῷ
3672 4507 3881 4576 συνεφιὶω

659 4589 857 4643 nianus
888 4588 1160 4640 maximus
1184 4585 1495 4654 imperator,
1524 4582 1751 4638 Romani
1791 4586 2123 4655 principatus
2143 4599 2215 4638 cui

2318 4616 2320 4627 ν
2347 4607 2425 4642 νει
2457 4593 2790 4663 φρονήματι.
2825 4593 2973 4665 Αὕτη
3002 4594 3292 4665 τοιγαροῦν
3320 4597 3352 4666 ἡ
3382 4597 3515 4663 ἁγία
3546 4598 3636 4649 καὶ
3659 4598 3883 4665 οἰκούμε-

644 4698 776 4737 ram
817 4680 1065 4735 manibus
1098 4678 1449 4750 gubernabat,
1480 4685 1534 4731 et
1564 4693 1685 4731 cum
1716 4678 2101 4733 ecclesiasticis
2136 4678 2238 4732 do-

662 4773 934 4845 gmatibus
961 4771 1320 4841 conspirahat.
1365 4768 1488 4823 Haec
1520 4769 1700 4837 itaque
1723 4777 1907 4824 sancta
1933 4779 1989 4824 et
2017 4768 2239 4823 univer-

663 4867 792 4922 salis
834 4865 1072 4937 synodus
1096 4865 1305 4935 impura
1348 4863 1586 4918 Nestorii
1616 4863 1867 4934 dogmata
1916 4862 2239 4933 repullulas-

666 4957 843 5011 centia
880 4957 1095 5027 penitus
1127 4957 1323 5011 iterum
1353 4955 1671 5018 demessuit,
1704 4970 1813 5008 una
1852 4970 1975 5009 cum
2005 4954 2242 5009 zizanio-

668 5064 788 5102 rum
821 5050 938 5119 ipso
964 5048 1330 5103 seminatore:
1363 5046 1431 5101 Et
1449 5055 1572 5117 post
1599 5060 1748 5111 eum,
1782 5043 2129 5101 Theodorum
2157 5056 2242 5101 at-

2343 4681 2469 4752 νικὴ
2503 4681 2718 4746 σύνοδος
2765 4683 3061 4753 Νεστορίου
3109 4684 3271 4739 πάλιν
3305 4686 3374 4738 τὰ
3421 4686 3597 4756 μιαρὰ
3636 4686 3885 4754 παραφυό-

2348 4787 2482 4838 μενα
2510 4770 2757 4840 δόγματα
2790 4774 2868 4835 εἰς
2896 4772 2955 4826 τὸ
2985 4773 3247 4836 παντελὲς
3278 4773 3606 4843 ἐξεθέρισεν,
3631 4774 3743 4844 ἅμα
3765 4771 3885 4838 αὑτῲ

2346 4865 2566 4917 ἐκείνων
2600 4864 2677 4935 τῷ
2706 4868 2897 4937 σπορεί
2923 4866 3030 4919 τῶν
3059 4865 3334 4931 ζιζανίων.
3369 4867 3508 4920 Μεθ’
3534 4867 3615 4929 ὃν,
3646 4866 3886 4934 Θεόδωρον

2348 4957 2443 5009 καὶ
2478 4957 2741 5028 Διόδωρον
2762 4974 2776 4986 ι
2817 4953 2893 5011 ὦν
2915 4959 2944 5011 6
2977 4967 3070 5028 μὲν
3119 4956 3334 5026 Ταρσοῦ
3378 4958 3622 5024 πόλεως,
3653 4960 3680 5011 6
3718 4957 3776 5011 δέ
3806 4957 3889 5010 Μυ-

2349 5047 2641 5112 ύιουεστίας
2687 5050 3085 5121 ἐπεσκόπησεν.
3132 5051 3235 5116 Οί,
3280 5049 3577 5122 Νεστορίου
3632 5049 3891 5122 πρότερον,

2206 5246 2440 5306 NOTAE.

745 5435 853 5507 (20)
894 5435 1203 5507 Legendum
1258 5436 1420 5507 αὑτῇ,
1454 5450 1563 5490 ηοη
1599 5436 1761 5504 αὑτή.
1798 5435 1892 5493 Est
1926 5444 2107 5507 autem
2150 5434 2243 5507 τέ-

683 5505 866 5579 μενος,
894 5505 1040 5578 (ιιιόἁ
1064 5509 1141 5561 ait
1171 5505 1488 5579 Hesychius,
1526 5507 1633 5579 πᾶς
1659 5508 1709 5579 6‘
1724 5506 2128 5579 μεμερισμένος
2154 5505 2244 5558 τό-

675 5575 777 5641 πος
805 5575 1024 5639 τινὶέίς
1072 5575 1455 5648 τιμήν.’1ι1θηι
1491 5577 1634 5645 quod
1691 5575 1897 5633 Latinis
1952 5575 2244 5645 Templum,

674 5649 825 5705 locus
844 5666 950 5704 non
975 5649 1150 5704 solum
1180 5656 1400 5701 sanctus
1423 5650 1517 5702 sed
1547 5656 1603 5701 et
1624 5663 1798 5713 sacer,
1827 5659 1887 5703 ut
1910 5648 2245 5717 sepulcrdm.

676 5720 1029 5775 Recentiores
1076 5717 1247 5800 Graeci
1308 5718 1385 5773 sic
1434 5718 1718 5773 ecclesiam
1748 5754 1751 5757 λ
1780 5719 2086 5783 nominant,
2153 5717 2249 5773 sed

676 5806 954 5859 nunquam
987 5797 1333 5859 vetustiores.

750 5857 859 5931 (ἐί)
902 5861 1165 5929 ΒιγΙλιος
1195 5857 1306 5927 τῆς
1364 5859 1612 5931 Ῥώμης.
1654 5858 1882 5933 Vigilius
1923 5876 2060 5933 papa
2112 5858 2254 5916 Con-

2342 5436 2733 5508 stantinopolin
2762 5435 2947 5508 adiit,
2985 5446 3215 5492 vocante
3263 5436 3605 5502 Justiniano,
3636 5448 3689 5493 et
3717 5438 3901 5508 synodo

2342 5506 2609 5564 interfuit.
2669 5506 2777 5561 Sed
2832 5522 2970 5578 eum,
3017 5518 3136 5562 acta
3193 5524 3301 5563 non
3357 5510 3643 5578 probaret,
3701 5506 3904 5563 secessit

2343 5578 2763 5649 Chalcedonem,
2801 5578 2895 5632 sed
2927 5577 2995 5631 ab
3022 5577 3644 5648 imperatoreihaeretico
3674 5592 3727 5635 et
3751 5579 3905 5649 impe-

2347 5649 2495 5702 rioso
2532 5648 2858 5719 exagitatus,
2890 5656 3053 5716 atque
3084 5651 3139 5702 in
3167 5650 3417 5704 exsilium
3444 5651 3677 5714 missus,
3710 5648 3907 5704 tandem

2348 5719 2592 5791 elanguit
2621 5727 2675 5791 et
2706 5720 3048 5791 subscripsit.
3077 5720 3271 5773 Statim
3302 5722 3418 5791 lego
3450 5737 3559 5774 non
3590 5722 3797 5790 ἐκείνῳ,
3827 5721 3909 5773 sed

2349 5789 2597 5862 ἐκείνων,
2631 5790 2735 5862 hoc
2772 5798 2875 5862 est,
2904 5789 3212 5862 ζιζανίων,
3252 5789 3642 5861 ριόληθοῦσι,
3687 5789 3915 5862 reposuit

2353 5858 2620 5916 Dominus
2651 5858 3073 5916 llcrefordensis
3106 5861 3357 5933 ληροῦσι,
3387 5858 3533 5934 quod
3584 5858 3787 5920 rectum
3818 5872 3911 5916 est.
