4052 6484
207 406 314 470 645

1371 394 1903 463 EPISTOLARUM
1949 394 2182 456 LIBER
2222 395 2270 455 Ι.
2302 404 2303 411 ‘

3366 387 3475 453 646

211 519 311 591 τὴν
342 514 594 586 τοιαύτην
622 514 905 581 ὠδίνοντες
943 515 1173 585 αἵρεσιν,
1214 512 1311 567 καὶ
1344 511 1623 583 ἔγγραφον
1652 512 1790 564 ἀπο-

1912 523 1999 577 ιυο
2030 507 2330 561 Diodorum
2357 524 2370 560 :
2404 521 2637 577 quorum
2666 504 2769 561 iste
2798 503 2950 561 Tarsi
2976 503 3227 570 civitatis,
3255 504 3345 559 ille
3375 520 3475 559 au-

209 608 488 662 λελοίπασι
515 649 530 672 ,
561 607 659 678 τῆς
688 606 845 661 νόθου
891 606 1129 669 διανοίας
1164 606 1233 659 τὰ
1265 602 1394 657 νόθα
1442 604 1537 655 καλ⁵
1582 601 1791 671 ἔκφυλα

212 702 491 773 κυήματα.
526 700 645 753 Ἔτι
670 699 727 753 δέ
751 698 1073 753 κατεδίκασε
1106 696 1201 751 καὶ
1220 695 1615 765 ἀνεθεμάτισεν
1639 694 1791 763 Ὠρι-

212 795 396 865 γένην,
422 792 678 864 Δίδυμον,
705 794 999 866 Εὐάγριον,
1023 789 1229 846 παλαιὰ
1248 788 1357 843 τῶν
1383 787 1593 841 πιστῶν
1621 787 1790 859 ἀρῤω·

215 885 504 954 στήματα,
544 883 745 954 ἄνδρας
781 883 880 953 τὴν
920 880 1240 951 Ἑλληνικὴν
1273 878 1604 950 μυθολογίαν
1638 879 1696 930 ἐν
1724 880 1790 949 τῇ

215 969 309 1023 τοῦ
328 968 461 1023 Θεοῦ
492 969 790 1041 Ἐκκλησία
815 970 1261 1041 παρεισενεγκεῖν
1279 968 1791 1039 φιλονεικήσαντας.

214 1061 598 1134 Προῦπάρχειν
647 1079 708 1116 τε
760 1063 871 1132 γὰρ
926 1055 1071 1115 οὗτοι
1130 1060 1228 1124 τὰς
1259 1060 1437 1131 ψυχὰς
1469 1061 1577 1114 τῶν
1611 1061 1796 1132 σωμά-

216 1173 324 1208 των
352 1154 679 1227 ὲληρῴδουν,
716 1154 812 1208 καὶ
838 1153 1009 1207 πολλά
1032 1154 1263 1223 σώματα
1280 1152 1377 1223 τὴν
1404 1153 1575 1224 αὐτὴν
1603 1169 1795 1223 μετεν-

218 1247 457 1301 δύεσθαι’
487 1246 667 1318 δόγμα
699 1247 894 1319 μιαρὸν
921 1245 1015 1300 καὶ
1043 1245 1426 1299 κατάπτυστον
1455 1246 1552 1299 καὶ
1590 1246 1788 1316 μόνων,

218 1340 296 1404 ὡς
324 1339 558 1411 ἀληθῶς,
594 1341 817 1394 ἐκείνων
848 1340 956 1394 τῶν
984 1339 1169 1410 ψυχῶν
1203 1338 1373 1403 ἄξιον.
1418 1339 1529 1391 Καὶ
1561 1338 1708 1399 τέλος
1740 1338 1797 1391 δὲ

219 1434 319 1505 τῆς
339 1434 693 1505 ἀτελευτήτου
719 1432 995 1498 κολάσεως
1018 1433 1368 1503 ἐψηφίζοντο.
1402 1432 1594 1502 Ἀλλη,
1618 1431 1794 1494 τοῦτο,

220 1527 566 1597 παράκλησις
615 1526 753 1598 πρὸς
785 1526 1065 1596 ἁμαρτίαν
1119 1526 1301 1579 πᾶσαν
1352 1525 1448 1577 κοιλ⁸
1498 1523 1795 1577 ἀπώλειαν.

218 1618 330 1671 Καὶ
357 1619 468 1679 τοῖς
513 1618 771 1686 πονηροῖς
799 1614 1018 1685 δαίμοσι
1050 1615 1122 1667 τδ
1142 1616 1373 1685 ἀρχαῖον
1414 1611 1634 1683 ἀξίωμα
1665 1614 1797 1682 ἐχα-

224 1709 456 1780 ρίζοντο,
499 1708 906 1780 ὲπαναδραμεῖν
937 1708 1136 1771 αὐτοὺς
1171 1709 1250 1770 είς
1277 1708 1377 1778 τὴν
1403 1708 1609 1762 ἄνωθεν
1641 1707 1799 1773 δόξαν

223 1799 285 1867 ἐξ
313 1795 377 1873 ἧς
417 1800 699 1865 ἐξέπεσον,
739 1798 1196 1863 ἀναπλάττοντες.
1240 1799 1363 1853 Ἔτι
1410 1799 1509 1865 δὲ,
1559 1799 1678 1853 οὐδὲ
1730 1802 1800 1856 τὰ

225 1892 453 1964 σώματα
488 1896 609 1957 ταῖς
634 1894 835 1963 ψυχαῖς
883 1892 1163 1946 ἐϐούλοντο
1207 1894 1629 1948 συνανίστασθαι
1653 1912 1669 1925 ’
1702 1911 1800 1964 γυ-

228 1988 366 2057 μνὰς
394 1985 450 2038 δὲ
472 1985 640 2048 αὐτὰς
666 1984 934 2055 σωμάτων
964 1985 1277 2039 ἀνιστῶσιν·
1305 1987 1403 2039 οὐκ
1434 1982 1532 2039 οἷδ’
1558 1987 1607 2051 ὅ,
1635 2005 1687 2040 τι
1714 1989 1808 2041 καὶ

225 2076 518 2140 καλοῦντες
582 2075 902 2139 ἀνάστασιν,
961 2076 1122 2146 εἰπερ
1168 2074 1263 2127 τοῦ
1314 2075 1668 2138 πεπτωκότος
1714 2076 1808 2128 καὶ

228 2169 480 2232 θανόντος
517 2169 552 2239 ἡ
589 2169 887 2231 ἀνάστασις
910 2209 927 2234 ,
965 2167 1086 2238 οὐχὶ
1109 2167 1165 2219 δὲ
1201 2166 1294 2220 τοῦ
1329 2168 1416 2221 ἀεὶ⁵
1447 2166 1683 2229 ἑστῶτος
1713 2167 1807 2219 καὶ

227 2264 287 2316 ἐν
323 2260 601 2333 ἀφθαρσίᾳ
630 2260 979 2329 διαμένοντος
1005 2300 1018 2323 ,
1063 2255 1173 2314 οἷόν
1223 2259 1326 2330 πέρ
1362 2262 1509 2314 ἐστιν
1555 2261 1588 2332 ἡ
1635 2260 1807 2329 ψυχὴ,

225 2348 349 2403 οὐδὲ
382 2347 541 2400 τοῦτο
567 2346 980 2419 δυσωπηθέντες
1016 2349 1065 2400 οί
1093 2347 1300 2413 ἄθλιοι,
1335 2348 1523 2418 ἡλίκον
1554 2342 1665 2402 οἷον
1696 2348 1810 2404 ἀδί-

228 2456 403 2510 κημα,
436 2438 501 2492 δι’
532 2431 607 2493 ὧν
640 2438 862 2509 ληθοῦσι
886 2450 936 2506 η,
977 2439 1071 2492 τοῦ
1100 2439 1307 2494 δικαίου
1340 2439 1544 2510 Κριτοῦ
1571 2457 1811 2509 κατηγο-

232 2534 407 2605 ροῦσι.
436 2532 558 2595 Πῶς
582 2531 692 2602 γὰρ
717 2533 818 2586 οὐκ
848 2533 1082 2603 ἐσχάτην
1110 2532 1322 2585 ἀδικίαν
1344 2532 1510 2585 αὐτοῦ
1536 2549 1814 2604 καταμαρ-

228 2626 483 2698 τυροῦσι,
516 2626 584 2679 τὰ
620 2626 718 2697 μὲν
760 2626 1167 2697 συναθλήσαντα
1201 2623 1429 2696 σώματα
1461 2626 1582 2689 ταῖς
1613 2625 1812 2696 ψυχαῖς

230 2721 342 2783 τοῖς
372 2719 491 2772 κατ’
521 2717 721 2790 ἀρετὴν
748 2718 927 2781 πόνοις
948 2718 1053 2771 τῶν
1080 2718 1276 2772 κοινῶν
1305 2717 1555 2771 ἐπάθλων
1580 2720 1814 2772 ἀποστε-

236 2813 349 2881 ρεῖν
381 2809 540 2864 αὐτὸν
586 2810 1054 2881 βλασφημοῦντες
1090 2810 1160 2864 τὰ
1188 2810 1231 2864 δ’
1278 2804 1347 2864 αὖ
1388 2810 1550 2864 πάλιν
1586 2810 1812 2878 συνεξα-

237 2901 545 2972 μαρτόντα,
595 2902 695 2972 τῆς
726 2901 918 2971 κοινῆς
952 2901 1136 2966 αἰτίας
1168 2902 1265 2955 καὶ
1293 2902 1547 2976 πράξεως
1572 2903 1815 2956 ἀνεπιτί-

238 3009 391 3063 μητα
427 2992 882 3064 καταλιμπάνειν,
933 2993 1099 3063 μόνας
1151 2992 1209 3046 δὲ
1257 2993 1355 3058 τὰς
1400 2992 1614 3065 ψυχὰς,
1643 2996 1813 3065 χωρὶς

232 3086 343 3139 τῶν
374 3083 923 3157 συνδιαπραξαμένων
953 3086 1243 3156 σωμάτων,
1275 3087 1308 3158 ἢ
1334 3086 1531 3159 διπλῆν
1557 3087 1818 3159 εἰσπράτ-

233 3194 351 3230 τειν
379 3178 669 3249 τιμωρίαν,
696 3177 731 3249 ἢ
761 3176 953 3247 διπλῆς
973 3176 1159 3243 ἀξιοῦν
1191 3177 1637 3248 μισθαποδοσίας.

1895 606 2003 651 tem
2031 595 2380 667 Mopsuestiae
2426 597 2720 666 episc0pus
2745 603 2881 649 erat.
2916 593 3005 648 Isti
3033 593 3183 648 enim
3229 594 3478 650 Nestorio

1892 690 2100 760 priores
2142 690 2289 745 illam
2328 689 2501 760 ipsam
2548 688 2800 743 haeresim
2832 688 3230 758 parturiebant.
3270 698 3325 743 et
3358 696 3481 757 post

1892 792 1952 833 se
1979 778 2287 842 defunctos,
2326 777 2546 847 scriptis
2577 778 2804 833 traditos
2833 777 3100 846 reliquere
3132 778 3327 847 spuria:
3356 793 3479 832 sen-

1894 871 2082 926 tentia:
2104 871 2319 941 Spurios
2349 877 2562 942 partus.
2593 869 2992 925 Condemnavit
3017 870 3240 940 insuper
3268 879 3321 925 et
3353 885 3484 924 ana-

1896 963 2138 1018 themate
2177 963 2324 1019 feriit
2373 960 2683 1033 Origencm,
2720 962 3028 1034 Didymum,
3077 964 3387 1033 Evagrium,
3411 963 3480 1017 ab

1899 1056 2139 1124 antiquis
2194 1056 2533 1125 temporibus
2564 1056 2619 1109 in
2650 1055 2755 1110 ﬁde
2789 1055 3096 1127 languidos,
3139 1056 3336 1127 quippe
3379 1054 3474 1123 qui

1897 1148 1951 1202 in
1983 1148 2281 1203 Ecclesiam
2308 1148 2401 1202 Dei
2425 1131 2884 1203 subintroducere
2906 1146 3244 1219 Paganorum
3272 1146 3481 1202 fabulas

1899 1250 2263 1296 tentaverant.
2292 1241 2610 1297 Delirabant
2639 1241 2807 1305 enim,
2855 1242 3068 1297 animas
3092 1252 3219 1297 ante
3251 1254 3481 1308 corpora

1897 1335 2303 1404 praaexstitisse,
2349 1350 2452 1390 nec
2483 1350 2613 1401 non,
2677 1350 2839 1389 unam
2867 1344 2922 1389 et
2958 1336 3203 1389 eamdem
3247 1333 3482 1386 animam

1897 1428 2067 1482 multa
2082 1444 2307 1497 corpora
2327 1428 2659 1499 subingredi.
2678 1428 2908 1499 lmpium
2925 1429 3117 1500 dogma
3131 1440 3185 1483 et
3198 1441 3481 1497 conspucn

1898 1519 2050 1586 dum,
2082 1522 2247 1575 nullis
2270 1521 2492 1593 dignum
2528 1529 2730 1590 praeter
2758 1521 2905 1590 ipsos
2934 1521 3256 1576 fautoribus.
3292 1518 3484 1574 Finem

1899 1628 2122 1683 quoque
2151 1624 2206 1668 ct
2234 1615 2529 1668 terminum
2556 1613 2808 1683 supplicii
2839 1611 3251 1668 interminabilis
3282 1611 3489 1666 consti-

1901 1706 2169 1761 tuebant:
2216 1722 2337 1775 qua:
2382 1716 2465 1761 est
2500 1706 2731 1760 maxima
2757 1704 3001 1758 omnium
3046 1703 3115 1758 ad
3152 1702 3489 1773 peccandum

1902 1798 2156 1853 illecebra
2205 1809 2262 1854 et
2308 1798 2671 1868 praecipitium
2713 1797 2767 1850 in
2799 1798 3010 1851 ruinam
3035 1796 3263 1850 ducens.
3300 1794 3407 1849 Sed
3435 1802 3492 1847 et

1832 1899 1876 1957 Β
1904 1890 2086 1961 impiis
2134 1891 2477 1945 daemonibus
2507 1906 2666 1945 suum
2710 1890 2996 1959 antiquum
3027 1888 3212 1943 locum
3234 1898 3289 1943 et
3318 1887 3494 1959 digni—

1910 1991 2071 2038 tatem
2099 1982 2509 2052 largiebantur:
2550 1998 2677 2036 nam
2724 1996 3035 2053 regressum
3093 1980 3198 2035 illis
3222 1979 3288 2033 ad
3329 1978 3495 2034 acele-

1908 2083 2048 2129 stem
2088 2074 2310 2144 gloriam
2342 2074 2673 2144 patefactum
2729 2074 2795 2127 iri
2838 2073 3131 2139 docebant,
3170 2071 3316 2141 unde
3364 2071 3494 2125 olim

1910 2166 2247 2221 exciderant.
2309 2165 2417 2220 Sed
2471 2182 2575 2221 nec
2620 2181 2850 2235 corpora
2879 2181 3004 2219 cum
3054 2164 3167 2219 suis
3208 2163 3496 2221 animabus

1909 2261 2199 2330 conjuncta
2228 2268 2601 2315 resurrectura
2640 2260 2914 2329 ﬁngebant
2933 2297 2948 2321 ,
2974 2258 3071 2313 sed
3095 2257 3269 2312 nudas
3288 2256 3498 2311 animas

1911 2353 2029 2407 sine
2065 2353 2406 2422 corporibus.
2439 2351 2638 2407 Nescio
2669 2367 2831 2421 quam
2864 2365 2979 2405 rem
3016 2351 3226 2405 interea
3272 2349 3500 2405 commi—

1910 2445 2190 2498 niscentes
2226 2444 2708 2506 resurrectionem,
2759 2442 3027 2512 siquidem
3064 2442 3393 2497 resurrectio
3432 2440 3499 2494 il-

1912 2534 2019 2589 lius
2068 2544 2152 2589 est
2198 2535 2346 2604 quod
2387 2534 2702 2591 conciderat
2735 2543 2791 2588 et
2828 2533 3185 2599 moriebatur,
3226 2549 3336 2588 non
3380 2532 3500 2601 ejus

1913 2629 2057 2698 quod
2085 2628 2284 2701 iugiter
2320 2628 2658 2685 consistebat
2683 2637 2738 2683 et
2766 2626 3182 2697 incorruptibile
3212 2638 3501 2695 permane—

1913 2719 2027 2785 bat,
2069 2721 2377 2791 cujusmodi
2416 2719 2613 2775 animae
2655 2729 2829 2775 status
2857 2728 2959 2785 est,
2989 2734 3093 2773 nec
3130 2716 3503 2787 intelligebant

1914 2811 2099 2866 miseri
2149 2821 2243 2867 aut
2298 2813 2714 2877 reverebantur,
2774 2827 2937 2881 quam
2995 2826 3187 2882 magna
3238 2808 3502 2879 injustitia

1911 2901 2121 2973 justum
2173 2904 2385 2957 interea
2417 2902 2669 2957 Judicem
2710 2903 3031 2959 onerabant.
3059 2901 3195 2956 Nam
3230 2899 3504 2972 quomodo

1916 3010 2027 3050 non
2084 3004 2278 3050 contra
2318 2996 2474 3049 illum
2521 2995 2816 3065 perhibent
2869 2996 2938 3050 de
2982 3010 3193 3049 summa
3238 2994 3506 3064 injustitia

1918 3088 2323 3152 testimonium,
2355 3088 2446 3158 qui
2494 3088 2814 3158 blaspheme
2845 3088 3219 3157 pronuntiant,
3274 3102 3505 3157 corpora

1919 3178 2009 3234 illa
2029 3195 2152 3249 quae
2187 3195 2291 3234 una
2321 3196 2443 3233 cum
2477 3180 2766 3234 animabus
2793 3180 2847 3233 in
2878 3180 3055 3234 stadio
3078 3179 3294 3237 virtutis
3319 3180 3508 3234 decerv

236 3281 484 3326 taverant
512 3312 527 3337 ,
586 3273 822 3343 praemiis
881 3272 1095 3328 illorum
1152 3262 1396 3328 laborum
1452 3275 1833 3330 communibus
1892 3276 2201 3346 privauda:
2240 3285 2336 3329 aut
2384 3286 2443 3332 ut
2484 3291 2606 3345 quae
2654 3292 2765 3329 una
2816 3284 3201 3345 peccaverant,
3249 3275 3316 3330 ab
3355 3276 3509 3330 omni

240 3378 395 3423 reatu
420 3377 476 3422 ct
535 3384 693 3437 poena
738 3382 835 3439 pro
906 3369 1120 3424 actibus
1166 3368 1545 3434 solverentur;
1599 3371 1795 3425 animae
1851 3381 2033 3426 autem
2085 3371 2213 3425 solae
2253 3379 2310 3425 et
2346 3370 2599 3426 solitaria:
2627 3386 2690 3427 ac
2715 3379 2938 3426 semota:
2970 3385 3002 3425 a
3032 3371 3352 3439 corporibus
3399 3386 3510 3428 una

239 3463 613 3533 operantibus,
639 3463 726 3518 vel
743 3462 946 3533 duplici
988 3478 1171 3533 poena,
1195 3463 1279 3518 vel
1307 3464 1575 3534 duplicata
1606 3466 1878 3532 mercede,
1908 3466 2321 3521 retributionem
2344 3466 2615 3521 haberent
2643 3467 2667 3520 ?

318 3560 413 3620 ις’.
455 3555 528 3607 Ού
580 3554 740 3625 μόνον
788 3554 846 3607 δὲ
890 3555 961 3608 τὰ
998 3554 1228 3608 τοιαῦτα
1277 3552 1384 3607 τῶν
1431 3554 1755 3626 δυσφημιῶν
1797 3558 1893 3623 ὁρ

246 3646 393 3717 ἱερὸς
426 3638 578 3708 οὗτος
620 3645 731 3698 τῶν
776 3647 1030 3715 πατέρων
1077 3646 1238 3717 χορὸς
1288 3646 1658 3718 ἀπεκήρυξεν,
1688 3646 1824 3700 ἀλλά

244 3738 342 3792 καὶ
374 3738 508 3809 πρός
524 3753 588 3804 γε
624 3735 831 3799 τούτοις
855 3738 966 3807 (22)
992 3739 1072 3807 (οὐ
1097 3736 1276 3807 πολλῷ
1297 3736 1605 3807 ἔμπροσθεν
1628 3738 1827 3809 χρόνῳ)

248 3830 464 3885 καθεῖλε
493 3828 590 3883 καὶ
627 3828 1017 3899 ἀνεθεμάτισεν
1057 3827 1323 3900 Ἀνθιμόν
1373 3846 1434 3882 τε
1477 3830 1566 3883 τὸν
1607 3831 1828 3901 Τραπε-

252 3925 521 3991 ζούντιον,
557 3922 618 3975 τὸ
652 3921 925 3992 Εὑτυχοῦς
973 3922 1355 3978 ὑποθάλποντα
1408 3922 1692 3994 φρόνημα,
1735 3925 1829 3978 καὶ

249 4017 514 4086 Σεϐἦρον,
544 4015 750 4085 Πέτρον
780 4032 839 4068 τε
869 4015 961 4067 τὸν
996 4015 1090 4069 ἀπ’
1132 4015 1355 4086 Ἀμείας
1388 4022 1435 4081 ο,
1469 4016 1566 4068 καὶ
1587 4018 1825 4087 Ζωορᾶν,

251 4111 348 4164 καὶ
395 4109 577 4162 πᾶσαν
618 4108 716 4178 τὴν
765 4108 1010 4180 πονηρὰν
1053 4109 1269 4180 ἐκείνην
1320 4109 1415 4163 καὶ
1460 4106 1827 4179 πολυκέφαλον

249 4203 556 4273 διασπορὰν
591 4202 686 4255 καὶ
715 4203 1047 4273 συμμορίαν·
1094 4203 1404 4274 Ἀγαπητοῦ
1440 4206 1539 4276 μὲν
1573 4207 1827 4276 μάλιστα,

248 4295 348 4350 τοῦ
390 4294 607 4365 Ῥώμης
627 4336 641 4357 ,
672 4294 770 4364 τῆς
798 4293 1028 4363 εὐαγοῦς
1052 4297 1527 4367 προκατάρξαντος
1558 4300 1828 4370 πράξεως

253 4385 569 4456 συμψήφων
598 4385 655 4438 δέ
695 4386 792 4438 καὶ
823 4385 1101 4457 συνεργῶν
1148 4388 1536 4457 ἀναφανέντων
1580 4391 1690 4445 τῶν
1731 4410 1831 4445 πε-

250 4478 553 4550 ριωνύμων
580 4477 902 4549 ἀρχιερέων
935 4471 1010 4531 ὧν
1038 4480 1066 4531 ὁ
1096 4479 1193 4549 μὲν
1224 4480 1565 4550 Εὑφραίμιος
1599 4482 1651 4551 (ὁ
1685 4482 1833 4535 κλει-

249 4576 346 4638 νὸς
380 4574 481 4643 τῆς
530 4573 803 4641 Ἀντιόχου
849 4572 905 4625 δέ
946 4564 1165 4640 οὗτος),
1197 4571 1308 4625 τῶν
1346 4573 1732 4645 Ἰεροσολύμων
1777 4574 1835 4628 δὲ

250 4667 466 4736 Πέτρος
510 4666 537 4718 ὁ
587 4665 729 4736 ἱερὸς
770 4665 1156 4735 ἐπετρόπευεν.
1190 4664 1426 4728 Τούτους
1468 4661 1560 4719 οὖν
1588 4668 1836 4731 ἅπαντας

251 4759 319 4811 τὸ
352 4757 499 4811 θεῖον
532 4756 641 4809 τῶν
676 4756 980 4827 ἀρχιερέων
1019 4757 1400 4829 συνάθροισμα
1434 4757 1837 4828 ἐκκηρύξαντές

251 4866 316 4900 τε
349 4849 446 4900 καὶ
479 4848 908 4918 ἀποϐαλλόμενοι
932 4888 947 4911 ,
981 4848 1051 4902 τὰ
1079 4849 1294 4919 ἀπλανῆ
1335 4851 1429 4902 καὶ
1463 4849 1582 4902 θεῖα
1607 4850 1706 4919 τῆς
1733 4868 1834 4904 κα-

1998 3557 2087 3611 16.
2129 3556 2319 3627 Neque
2358 3556 2662 3611 istiusmodi
2688 3571 2863 3610 solum
2886 3555 3262 3624 blasphemias
3291 3565 3509 3612 sanctus

1929 3646 2017 3702 ille
2042 3648 2265 3703 Patrum
2289 3648 2504 3703 illorum
2525 3662 2819 3702 consessus
2860 3648 3204 3717 proscripsit,
3232 3648 3326 3702 sed
3350 3657 3405 3702 et
3430 3649 3515 3702 in-

1927 3756 2093 3811 super
2122 3742 2257 3797 sede
2293 3757 2390 3796 sua
2425 3742 2677 3811 deposuit
2709 3748 2762 3794 et
2788 3740 3270 3795 anathematizavit
3316 3742 3516 3795 Anthi-

1928 3849 2099 3899 mum,
2126 3834 2221 3904 qui
2255 3849 2366 3888 non
2396 3833 2471 3888 ita
2495 3842 2607 3887 tum
2646 3833 2854 3903 pridem
2887 3831 3372 3903 Trapezuntiorum
3405 3834 3520 3904 cpi-

1928 3940 2127 3995 scopus
2170 3924 2370 3991 fuerat,
2398 3924 2495 3995 'qui
2525 3935 2687 3981 tacite
2707 3926 2849 3996 apud
2873 3926 3113 3980 animum
3146 3925 3366 3980 fovebat
3409 3925 3520 3979 Eu-

1929 4015 2161 4087 tychetis
2190 4016 2543 4083 sententiam,
2569 4026 2624 4072 et
2651 4032 2758 4071 una
2796 4033 2920 4072 cum
2950 4016 3063 4082 illo,
3098 4015 3381 4081 Severum,
3418 4014 3521 4069 Pe-

1930 4118 2076 4163 trum
2123 4111 2378 4178 Apameae
2403 4110 2761 4179 episcopum,
2807 4110 3055 4176 Zooran,
3104 4118 3160 4165 et
3207 4110 3523 4165 universam

1930 4200 2077 4254 illam
2119 4201 2365 4271 impiam,
2396 4202 2800 4273 multicipitem,
2835 4204 3134 4273 dispersam
3162 4204 3311 4258 varie
3350 4203 3524 4258 socie-

1932 4305 2120 4350 tatem.
2159 4296 2443 4366 Principes
2472 4297 2525 4349 in
2559 4297 2662 4351 hoc
2691 4298 2909 4368 negotio
2939 4306 3128 4352 sancto
3172 4308 3357 4367 patres
3388 4300 3528 4367 Aga-

1932 4399 2091 4459 petus
2155 4388 2340 4443 Roma:
2409 4388 2699 4458 episcopus
2766 4389 3013 4455 obibat;
3088 4390 3526 4459 conspirantibus

1934 4488 2116 4533 autem
2141 4488 2197 4534 et
2222 4480 2547 4549 conjunctas
2574 4495 2767 4549 operas
2798 4480 3210 4536 conferentibus
3237 4481 3528 4535 celeberri-

1937 4573 2040 4627 mis
2069 4573 2177 4627 illis
2234 4572 2527 4626 antedictis
2582 4572 3133 4627 archisacerdotibus.
3186 4571 3241 4625 In
3292 4588 3523 4642 quorum

1937 4663 2064 4718 dein
2094 4678 2324 4718 numero
2358 4664 2728 4718 censebantur
2752 4663 3137 4734 Euphraimius
3166 4663 3397 4734 inclytus
3411 4664 3527 4716 An-

1938 4756 2175 4820 tiochiae,
2196 4764 2251 4809 et
2281 4766 2503 4811 sanctus
2528 4755 2718 4811 Petrus
2737 4755 3236 4825 Hierosolymorum
3260 4754 3523 4823 episcopi.

1941 4847 2172 4902 Sanctus
2220 4848 2450 4903 istorum
2509 4847 3009 4903 archisacerdotum
3052 4859 3352 4898 concessus
3405 4843 3525 4897 illos

256 4940 488 5012 θολικῆς
514 4940 608 4993 καὶ
653 4940 1017 5012 ἀωστολικῆς
1061 4940 1385 5013 Ἐκκλησίας
1429 4941 1732 5012 ἐκράτυνάν
1777 4960 1813 4995 τη

1912 4934 2107 5011 'supra
2154 4956 2346 4998 omnes
2393 4942 2598 5012 ejectos
2635 4958 2703 4995 ex
2743 4937 2985 4994 Ecclesia
3019 4935 3317 5006 publicavit
3348 4954 3362 4990 :
3396 4936 3527 4992 dum

1569 5096 1804 5153 VARle
1846 5096 2250 5154 LECTIONES.

339 5223 372 5253 ιι
401 5211 650 5285 ληροῦσι.
730 5220 755 5249 ο
792 5210 1118 5284 Ἀπαμείας.

1821 5364 2056 5423 NOTAE.

342 5512 456 5587 (9.2)
498 5509 685 5566 Ἀλλὰ
712 5509 823 5587 καὶ·
847 5509 965 5587 πρό
992 5525 1060 5587 τε
1090 5510 1336 5564 τούτων.
1368 5507 1560 5587 Recte,
1592 5508 1638 5564 si
1670 5509 1849 5587 inclu—

263 5580 473 5643 dantur
512 5580 858 5653 parenthesi.
893 5580 1060 5653 Paulo
1109 5588 1237 5653 post
1266 5595 1466 5653 repone
1521 5581 1846 5653 ’ᾼπαμείας.

265 5658 408 5713 Nam
433 5648 666 5709 divulsio
690 5650 1042 5720 exscriptoris
1065 5648 1125 5704 ct
1145 5650 1239 5703 ἀπ’
1278 5648 1507 5719 ’Ᾱμείας
1536 5648 1717 5720 inepta
1742 5660 1847 5705 est.

266 5729 342 5783 At
374 5726 482 5796 πρό
511 5741 575 5793 γε
614 5721 840 5796 τούτων,
872 5721 1137 5796 qt_i_(_)d__ait,
1171 5736 1281 5796 non
1311 5730 1392 5775 est
1442 5736 1631 5796 verum
1662 5723 1729 5775 de
1761 5722 1850 5796 illa

268 5788 535 5867 synodo,’
557 5794 755 5867 nedum
807 5788 1125 5867 de'Vigilio,
1163 5788 1507 5867 _P_i_am,_quod
1535 5791 1763 5867 habetur
1794 5792 1849 5845 in

268 5860 662 5939 sequentibus,
694 5860 1001 5935 Agapetus,
1026 5861 1119 5932 qui
1160 5860 1448 5918 Silvcrium
1484 5864 1848 5932 prmdecesso—

1950 5525 2067 5565 rem
2104 5509 2632 5583 Vigili_i_antecess_it,
2663 5507 2985 5564 Anthimum
3019 5506 3382 5583 Trapezuntis
3410 5508 3532 5583 epi-

1952 5579 2202 5651 scopum,
2239 5581 2522 5635 Theodora
2553 5581 2798 5651 Augusta
2836 5587 3185 5648 procurante,
3215 5579 3532 5651 Constanti-

1952 5648 2176 5721 nopolin
2203 5652 2553 5715 translatum,
2588 5648 3027 5715 et'hzereticum,
3072 5658 3227 5721 extra
3256 5648 3526 5721 synodum

1952 5717 2200 5791 quintam
2251 5722 2643 5777 oecumenicam
2686 5721 2955 5789 deposuit,
2986 5736 3109 5774 cum
3142 5718 3209 5772 ad
3249 5717 3526 5791 Justinia-

1953 5788 2095 5864 rium
2117 5795 2355 5864 Augusta
2384 5809 2413 5845 a
2445 5792 2723 5848 Theodato
2751 5788 3052 5848 Gothorum
3081 5804 3238 5861 rege,
3270 5798 3326 5844 et
3354 5788 3524 5846 italia:

1953 5863 2179 5921 domino
2196 5863 2221 5930 ,⁷
2246 5864 2610 5934 ablegaretur.
