3996 6468
164 424 272 487 649

1317 417 1861 480 EPISTOLARUM
1896 418 2127 479 LIBER
2160 419 2209 479 Ι.

3308 422 3415 483 650

156 537 276 591 οὐδὲ
306 532 501 604 νεκρὸν
540 530 876 600 ἀναστῆσαι,
913 530 1008 585 καὶ
1037 527 1294 600 δακρύειν
1337 530 1431 582 ἐπὶ
1473 528 1729 599 τελευτή-

1857 532 2119 602 leprecari
2174 539 2235 585 ut
2261 539 2504 586 transeat
2539 531 2730 588 mortis
2763 534 3040 602 poculum,
3086 542 3142 590 et
3169 540 3419 595 eamdem

157 643 331 683 σαντι.
365 625 442 678 Ού
478 623 587 695 μὴν
607 622 728 676 οὐδὲ
750 623 849 693 τῆς
870 622 1041 692 αὐτῆς
1066 622 1182 673 ἐστι
1205 619 1502 691 θελήσεως,
1528 621 1731 691 παρελο

159 720 269 774 θεῖν
305 716 577 774 αἰτεῖσθαι
624 714 686 769 τὸ
718 715 976 784 ποτήριον
1014 710 1111 767 τοῦ
1151 711 1385 765 θανάτου
1412 751 1428 776 ,
1460 710 1734 778 καὶδόξαν

156 806 305 876 αύτῷ
340 817 362 845 ι’
413 804 601 858 καλεῖν
645 803 830 867 πάλιν,
871 802 967 857 καὶ
1010 801 1296 872 βούλεσθαι
1342 802 1405 855 τὸ
1450 800 1733 872 ἀθέλητον.

170 900 332 953 Ἀλλά
380 898 499 962 πῶς
544 897 665 967 ούχὶ
713 894 1039 967 συνῄσθοντο
1084 894 1174 948 διὰ
1207 893 1447 963 ιτούτων,
1492 894 1589 948 καὶ
1626 894 1736 949 τῶν

158 992 375 1062 φύσεων
408 992 507 1061 τὴν
538 989 805 1060 διαφορὰν
842 987 1265 1059 ὲξαρνούμενοις
1309 987 1461 1042 πᾶσα
1498 987 1608 1057 γὰρ
1633 987 1737 1055 φά-

160 1102 245 1149 σις
290 1083 442 1155 πηγὴ
476 1081 787 1151 ἐνεργείας,
833 1080 931 1134 καὶ
957 1081 1079 1143 ταῖς
1110 1078 1389 1148 διαφόροις
1433 1078 1738 1149 ἐνεργείαις

158 1178 215 1232 αἱ
234 1175 466 1245 φυσικαὶ
482 1174 609 1244 θελή
619 1189 729 1235 σεις
750 1170 1234 1242 συνδιασχίζονται.
1258 1171 1369 1225 Καὶ
1389 1171 1461 1234 εί,
1484 1170 1626 1225 κατὰ
1641 1168 1740 1240 τὴν

159 1270 217 1321 ὲν
242 1267 427 1329 αὐτοῖς
459 1263 690 1332 πλάνην,
723 1263 758 1329 ἠ
783 1259 1035 1329 ἐνέργεια
1062 1259 1156 1311 καὶ
1187 1260 1221 1329 ἡ
1248 1258 1467 1328 θέλησις
1494 1257 1614 1329 μία,
1647 1260 1741 1311 καὶ

162 1357 374 1429 ἡφύσις
396 1356 620 1418 πάντως.
632 1354 690 1419 ἐξ
713 1348 783 1425 ἧς
809 1350 1003 1414 ταῦτα,
1031 1350 1152 1419 μία.
1185 1350 1322 1404 Εἱδὲ
1349 1350 1444 1403 δύο
1468 1351 1525 1404 αί
1551 1349 1743 1419 φύσεις

162 1449 338 1522 (οὔπω
373 1448 483 1520 γὰρ
518 1450 598 1512 εἰς
644 1447 803 1502 τοῦτο
850 1444 1049 1515 μανίας
1094 1443 1411 1511 ἐξώκειλαν,
1451 1443 1510 1496 ὲν
1541 1442 1744 1513 ὀφθαλ-

166 1544 287 1614 μοῖς
336 1540 552 1611 ἔχοντες
582 1540 681 1611 τὴν
730 1537 1030 1609 διασπορὰν
1079 1536 1188 1590 τῶν
1216 1536 1605 1608 καταρξάντων
1648 1535 1743 1589 καὶ

164 1633 509 1703 ἀπώλειαν),
540 1632 657 1695 πῶς
688 1633 813 1703 οὐχὶ
846 1631 1087 1703 ἑκατέρα
1126 1632 1368 1701 πηγάσει
1403 1631 1504 1701 τὴν
1534 1631 1743 1685 οίκείαν

165 1727 446 1798 ἐνέργειαν
481 1724 578 1779 καὶ
618 1725 717 1794 τὴν
746 1724 965 1793 θέλησιν
989 1740 1005 1789 ;
1025 1721 1170 1776 Ἀλλ’
1201 1715 1347 1776 οὗτοι
1378 1722 1477 1792 μὲν
1517 1721 1615 1791 τῆς
1646 1720 1748 1775 αύ-

1836 638 2029 679 rursus
2066 622 2516 693 gloriﬁcationem
2557 622 2760 689 dicere,
2799 633 2962 694 atque
2995 624 3071 680 ita
3120 627 3262 681 velle
3310 644 3417 683 non

1836 719 2081 773 volitum.
2111 718 2215 785 Qui
2247 719 2360 773 ﬁeri
2389 718 2567 790 potuit
2590 728 2776 775 utnon
2806 721 3151 793 perciperent
3178 739 3238 779 se
3260 734 3424 781 natu-

1838 824 2021 862 rarum
2063 810 2275 873 tollere,
2309 806 2393 863 his
2423 809 2671 876 sublatis,
2705 812 3107 868 dill'erentiam?
3135 814 3231 871 Est
3276 817 3424 872 enim

1838 899 2173 967 operationis
2210 898 2586 969 cujuscunque
2622 899 2766 966 fons,
2806 912 3035 957 natura:
3060 913 3117 958 et
3147 905 3301 974 juxta
3344 906 3427 959 di-

1840 1004 2027 1045 versas
2070 991 2353 1046 naturales
2396 992 2748 1060 operationes
2784 995 3092 1050 voluntates
3146 997 3426 1052 naturales

1842 1080 2259 1152 dispertiuntur.
2279 1082 2435 1149 Quod
2467 1084 2534 1145 si,
2569 1085 2874 1141 secundum
2916 1087 3131 1142 illorum
3167 1089 3422 1153 haeresin,

1844 1171 2091 1241 operatio
2130 1172 2292 1229 unica
2322 1173 2392 1230 sit
2415 1182 2471 1230 et
2502 1174 2773 1240 voluntas,
2804 1184 2952 1233 certe
2980 1186 3035 1232 et
3060 1188 3254 1233 natura
3292 1194 3428 1249 quo-

1842 1279 1947 1333 que
1976 1264 2137 1319 unica
2156 1264 2322 1323 fuerit
2338 1266 2649 1321 necessario
2670 1268 2813 1323 unde
2835 1269 2937 1324 illa)
2958 1271 3230 1324 oriuntur.
3268 1270 3428 1337 Quod

1845 1353 1889 1407 si
1917 1352 2171 1409 dederint
2215 1364 2442 1410 naturas
2473 1356 2609 1411 duas
2639 1361 2838 1427 (neque
2871 1359 3016 1414 enim
3066 1358 3173 1415 hoc
3205 1361 3432 1417 insaniat

1844 1455 2165 1515 eruperunt,
2206 1456 2393 1517 utpote
2434 1447 2700 1504 habentes
2746 1460 2872 1506 ante
2920 1452 3107 1507 oculos
3136 1453 3432 1523 dispersio-

1842 1553 1970 1595 nem
2001 1547 2057 1593 et
2083 1538 2443 1607 perditionem
2491 1555 2681 1597 eorum
2729 1542 2823 1610 qui
2854 1541 2925 1597 ita
2956 1541 3193 1597 docuere
3226 1544 3431 1613 primi),

1844 1629 2118 1699 quomodo
2142 1645 2254 1685 non
2285 1640 2511 1701 utraque
2534 1640 2728 1686 natura
2754 1637 3029 1702 propriam
3060 1634 3273 1690 emittet
3298 1652 3434 1705 ope-

1847 1723 2114 1778 rationem
2166 1731 2222 1779 et
2242 1723 2841 1783 voluntatem?Verum
2903 1727 3033 1780 dum
3086 1742 3241 1781 sitam
3307 1744 3437 1797 pro-

164 1820 272 1874 τῶν
302 1820 399 1873 καὶ
430 1818 716 1888 δυσφήμου
747 1816 905 1887 δόξης
947 1814 1100 1869 οὐδὲν
1141 1815 1603 1886 προτιμήσαντες,
1645 1814 1745 1867 σὺν

1857 1815 2021 1885 priam
2043 1823 2099 1869 et
2127 1815 2500 1885 hlasphemam
2536 1816 2861 1871 sententiam
2888 1820 3036 1871 omni
3054 1817 3220 1872 modo
3241 1818 3439 1887 pracfe—

163 1914 303 1983 αύτῇ
331 1911 536 1984 ἐκείνῃ,
570 1909 648 1980 τῷ
675 1909 881 1979 αἰωνίῳ
910 1906 1380 1977 κατεδικάσθησαν
1412 1904 1741 1975 ἁναθέματι.

1857 1916 2000 1970 runt,
2026 1906 2373 1961 anathemate
2386 1914 2592 1961 interno
2620 1906 3073 1961 condemnamur.
3104 1906 3247 1962 Duas
3278 1924 3439 1977 porro

164 2005 271 2058 Δύο
298 2005 355 2058 δὲ
385 2003 636 2073 θελήσεις
681 2000 916 2070 φυσικάς
952 2000 1047 2053 καὶ
1072 1998 1167 2054 δύο
1196 1997 1479 2069 ἐνεργείας
1508 1998 1603 2051 ἐπὶ
1648 1995 1742 2052 τοῦ

166 2098 288 2161 ἑνὸς
334 2093 575 2168 Χριστοῦ
612 2093 707 2147 τοῦ
767 2090 902 2145 Θεοῦ
952 2090 1129 2163 ἡμῶν,
1184 2089 1293 2144 τῶν
1325 2089 1600 2160 θεοφόρων
1632 2090 1746 2144 Πα-

165 2192 342 2261 τέρων
371 2186 727 2258 ίερολογήσας
754 2185 783 2238 ό
811 2183 1093 2251 σύλλογος,
1113 2184 1235 2247 ταῖς
1264 2179 1579 2252 ἁπανταχοῦ
1623 2180 1746 2233 Ἐκ-

166 2281 421 2354 κλησίαις
449 2280 510 2335 τὸ
535 2278 755 2333 διπλοῦν
778 2276 1062 2348 ὁμολογεῖν
1091 2277 1186 2329 καὶ
1211 2274 1531 2347 κηρύσσειν,
1557 2272 1747 2345 ὥσπερ

166 2376 278 2429 τῶν
314 2372 554 2443 φύσεων,
584 2368 728 2423 οὕτω
752 2368 980 2424 καὶτῶν
1007 2366 1299 2438 ἐνεργειῶν
1326 2366 1420 2421 καὶ
1452 2365 1746 2436 θελήσεων,

169 2466 470 2540 ὀρθοδόξως
523 2459 962 2534 παραδεδώκασι.
1022 2461 1432 2523 Κωνσταντίνος
1482 2457 1541 2512 δὲ
1597 2473 1750 2528 τηνι-

170 2560 352 2616 καῦτα
376 2598 394 2624 ,
424 2560 454 2611 ὁ
483 2556 746 2625 ἀπόγονος
786 2552 1112 2628 Ἡρακλείου
1129 2590 1146 2617 ,
1171 2553 1264 2606 τὸν
1297 2550 1626 2624 προγονικὸν
1650 2550 1750 2620 τῆς

175 2653 456 2727 βασιλείας
518 2648 721 2719 κλῆρον
766 2645 1138 2717 ἐχρημάτιζεν
1178 2644 1621 2716 ἀναδεδεγμένος.
1671 2642 1753 2697 Τά

171 2764 232 2800 τε
264 2744 407 2800 ἄλλα
434 2740 801 2812 συμπράττων
832 2739 900 2809 τῇ
935 2737 1172 2808 συνόδῳ,
1219 2737 1315 2792 καὶ
1351 2737 1416 2791 τὸ
1457 2735 1618 2808 ὀρθδν
1650 2737 1754 2804 τῆς

185 2836 517 2909 Ἐκκλησίας
546 2834 804 2904 φρόνημα
840 2831 1180 2901 πρεσϐεύων.
1244 2830 1386 2885 Ἀλλ’
1436 2831 1495 2884 ἂν
1543 2829 1755 2892 τούτοις

176 2936 279 3007 μὲν
306 2933 409 2987 καλ⁵
436 2933 473 3001 ἡ
499 2931 652 2999 ἱκτη.

250 3034 343 3097 ιη’.
391 3026 458 3080 Ἠ
486 3025 532 3078 δ’
571 3024 702 3093 άγία
741 3024 836 3077 καὶ
867 3017 1224 3092 οἱκουμενικὴ
1262 3017 1465 3089 ἑϐδόμη
1512 3014 1754 3080 σύνοδος,

174 3120 416 3176 Νικαίαν
450 3118 572 3189 μὲν,
617 3119 714 3185 τῆς
765 3112 1006 3169 Βιθυνῶν
1054 3109 1387 3183 μητρόπολιν
1432 3107 1619 3171 οὖσαν,
1663 3104 1761 3160 καὶ

175 3211 286 3265 τῶν
313 3208 495 3280 ὀρθῶν
526 3206 856 3277 δογματικὸν
874 3203 1224 3274 δικαστήριον
1252 3200 1419 3255 πάλαι
1450 3199 1757 3268 γεγονυῖαν,

178 3306 272 3357 καὶ
298 3302 439 3371 αὑτὴ
462 3300 574 3371 (24)
604 3299 704 3369 τῆς
725 3297 1009 3360 εὐσεϐείας
1030 3295 1317 3367 κριτήριον
1341 3291 1541 3357 ἔδειξεν
1565 3331 1583 3359 ,
1619 3288 1762 3343 ἑπτὰ

181 3397 283 3466 μὲν
309 3394 408 3448 καὶ
433 3392 701 3462 ἑξήκοντα
750 3390 847 3446 καὶ
882 3387 1214 3461 τριακοσίων
1256 3383 1418 3456 ἱερῶν
1445 3380 1655 3455 ἀνδρῶν
1684 3379 1763 3449 τῷ

178 3489 381 3558 πλήθει
424 3484 805 3556 πλατυνομένη
826 3520 844 3549 ,
873 3481 1202 3554 ταξιάρχους
1232 3477 1290 3531 δὲ
1315 3477 1410 3530 καὶ
1441 3473 1763 3548 πρωτοστά-

174 3596 282 3644 τας
326 3579 429 3650 τῆς
480 3578 633 3651 ίερᾶς
671 3576 851 3630 αὐτῶν
889 3574 986 3628 καὶ
1021 3570 1265 3642 μεγάλης
1309 3568 1592 3640 φάλαγγος
1630 3582 1766 3636 προ-

180 3672 528 3742 ϐαλλομένη,
563 3668 838 3739 Ταράσιόν
865 3685 923 3721 τε
949 3666 1042 3720 τὸν
1064 3666 1123 3718 ὲν
1148 3662 1467 3735 ἀρχιερεῦσι
1498 3658 1635 3713 Θεοῦ
1666 3674 1766 3711 πε·

179 3767 444 3839 ριϐόητον
474 3765 494 3836 (
517 3763 659 3826 θεῖος
690 3756 846 3824 οὗτος
878 3760 975 3815 καὶ
998 3759 1332 3829 πανάριστος
1353 3754 1515 3826 ἀνὴρ,
1548 3752 1643 3807 καὶ
1671 3752 1771 3820 τῆς

180 3858 461 3930 βασιλίδος
483 3857 691 3918 πόλεως
721 3855 847 3918 τοὺς
880 3852 1227 3925 ίεραρχικοὺς
1260 3848 1474 3912 οἴακας,
1500 3847 1658 3914 είπερ
1686 3860 1769 3905 τις

176 3952 372 4014 ἄλλος,
406 3950 691 4020 περιάγειν
713 3946 909 4012 ἄξιος),
934 3945 1029 3998 καὶ⁵
1047 3944 1112 4013 δὴ
1139 3941 1235 3995 καὶ
1262 3941 1467 4009 Πέτρον
1494 3936 1587 3991 τὸν
1615 3932 1773 3987 εὐλα-

179 4044 477 4104 ϐεστατον,
501 4035 1060 4110 πρωτοπρεσϐύτερον
1078 4036 1178 4104 τῆς
1202 4030 1345 4087 κατὰ
1374 4028 1591 4099 Ῥώμην
1608 4023 1774 4094 άγίας

192 4129 569 4201 Ἐκκλησίας,
622 4128 715 4181 καὶ
766 4126 973 4195 Πέτρον
1024 4123 1207 4188 ἄλλον,
1258 4118 1630 4192 πρεσϐύτερον
1679 4116 1775 4168 καὶ

177 4222 381 4286 αὑτὸν,
431 4218 656 4290 καὶτῆς
700 4219 880 4272 ἐκεῖσε
925 4216 1095 4287 μονῆς
1142 4213 1445 4285 ἡγούμενον
1487 4212 1582 4265 τοῦ
1617 4207 1775 4278 ἁγίου

177 4315 403 4371 Σάϐϐασ
436 4314 487 4368 οἶ
526 4313 629 4383 τῆς
673 4308 1040 4378 άποστολικῆς
1085 4306 1355 4376 καθέδρας
1395 4302 1779 4374 διεκληροῦντο

176 4413 277 4465 τὸν
309 4410 500 4474 τόπον,
537 4404 821 4478 Ἀδριανοῦ
850 4402 973 4456 τότε
1003 4400 1066 4455 τὸ
1094 4397 1478 4471 άρχιερατικδν
1512 4393 1780 4466 κοσμοῦν-

176 4519 280 4563 τος
316 4499 557 4570 ἀξίωμα.
594 4498 745 4567 ’Δμα
770 4494 830 4549 δὲ
860 4492 1095 4557 τούτοις,
1140 4490 1394 4557 Ἰωάννην
1433 4490 1527 4541 καὶ
1554 4486 1777 4556 Θωμᾶν,

1844 1998 2174 2064 voluntates,
2201 1998 2336 2054 duas
2399 1999 2744 2068 operationes
2796 1998 2854 2053 in
2892 2015 3001 2055 uno
3049 1998 3270 2056 Christo
3326 2001 3436 2056 Deo

1846 2099 2059 2155 nostro,
2094 2090 2225 2146 dum
2254 2102 2477 2147 sanctus
2515 2091 2826 2147 divinorum
2863 2089 3088 2146 Patrum
3117 2102 3294 2147 cretus
3325 2100 3438 2147 sta—

1848 2182 1976 2247 tuit,
2007 2183 2190 2239 ubivis
2242 2188 2510 2240 terrarum
2541 2184 2735 2255 positis
2768 2183 3025 2242 Ecclesiis
3076 2186 3434 2242 orthodoxam

1848 2274 2249 2332 confessionem
2282 2284 2341 2331 et
2366 2276 2805 2347 praedicationem
2837 2277 3067 2332 duarum
3099 2294 3221 2332 cum
3250 2278 3443 2333 volun-

1849 2376 2021 2423 tatum
2065 2377 2180 2423 tum
2224 2369 2604 2438 operationum
2651 2369 2940 2426 tradidere.
2975 2371 3105 2425 Erat
3155 2381 3336 2427 autem
3375 2387 3443 2428 eo

1851 2466 2098 2530 tempore
2154 2460 2549 2517 Constantinus
2600 2461 2836 2518 lleraclii
2887 2464 3070 2533 proles
3117 2479 3241 2520 eum
3295 2466 3442 2538 regia

1852 2552 2120 2621 majorum
2151 2562 2299 2609 sorte
2327 2555 2657 2611 constitutus
2695 2574 2712 2611 :
2745 2558 2838 2627 qui
2869 2567 2925 2615 et
2975 2573 3129 2614 suam
3159 2559 3291 2615 alias
3322 2575 3447 2630 ope-

1853 2660 1968 2700 ram
1999 2646 2206 2716 synodo
2235 2647 2486 2713 contulit,
2522 2658 2578 2703 et
2624 2650 2985 2706 orthodoxam
3016 2651 3273 2708 Ecclesiae
3317 2668 3445 2708 sen-

1861 2738 2089 2794 tentiam
2129 2740 2407 2796 tuebatur.
2436 2742 2616 2811 Atque
2653 2742 2725 2796 ita
2753 2751 2906 2798 sexta
2936 2744 3175 2814 synodus
3210 2743 3332 2799 fuit.

1931 3005 2019 3060 l8.
2052 3004 2250 3061 Sancta
2285 3006 2607 3062 universalis
2632 3007 2863 3077 septima
2900 3007 3139 3077 synodus
3166 3016 3444 3079 tuetropo‘

1862 3101 1940 3156 lin
1975 3100 2241 3172 Bithyniae
2282 3099 2553 3168 Nicaeam,
2583 3101 2711 3155 olim
2740 3101 2874 3157 illud
2911 3101 3154 3156 tribunal
3190 3117 3448 3157 sanorum

1865 3193 2200 3265 dogmatum,
2218 3199 2275 3246 et
2300 3207 2448 3247 nunc
2468 3192 2688 3248 demum
2723 3193 2913 3263 pietati
2935 3194 3242 3264 iudicanda;
3268 3194 3447 3250 desti-

1863 3285 2033 3340 navit.
2059 3284 2389 3355 lmplehatur
2432 3300 2595 3354 porro
2617 3287 2853 3356 synodus
2886 3301 3117 3341 numero
3134 3294 3214 3345 ter
3226 3295 3449 3342 centum

1865 3378 2145 3448 sexaginta
2188 3387 2399 3448 septem
2446 3378 2723 3444 virorum,
2760 3393 2993 3449 quorum
3032 3379 3193 3449 primi
3234 3379 3453 3434 fuerant

1866 3471 2120 3526 ductores
2175 3478 2234 3525 et
2285 3479 2645 3527 sacrosanctae
2695 3486 2762 3526 ac
2815 3486 3122 3527 numerosa
3171 3472 3452 3543 phalangis

1867 3565 2163 3637 principes,
2216 3564 2500 3629 Tarasius,
2536 3564 2682 3619 inter
2722 3565 2813 3620 Dei
2853 3564 3168 3633 sacerdotes
3204 3564 3450 3631 illustris,

1868 3654 2087 3712 divinus
2134 3653 2293 3725 plane
2338 3663 2399 3710 et
2447 3654 2687 3724 optimus
2728 3654 3045 3708 omnimodo
3087 3653 3209 3717 vir,
3257 3653 3456 3724 dignus

1869 3753 2017 3800 certe
2039 3744 2106 3815 (si
2130 3744 2253 3813 quis
2301 3742 2477 3815 alius)
2512 3743 2605 3814 qui
2640 3742 2803 3814 regias
2832 3743 2981 3798 urbis
3010 3743 3224 3798 clavum
3253 3742 3458 3814 guber-

1870 3848 2029 3895 naret
2052 3854 2069 3903 ;
2096 3838 2291 3894 Petrus
2332 3838 2591 3908 deinceps
2637 3838 3074 3908 archipresbyter
3102 3845 3307 3892 sanctae
3345 3835 3455 3889 llo-

1873 3945 2047 3987 manae
2084 3930 2343 3989 Ecclesiae
2387 3929 2671 4000 piissimus
2704 3946 2721 3997 ;
2749 3938 2804 3986 et
2842 3930 3038 3985 Petrus
3076 3944 3294 3999 quoque
3324 3929 3462 3983 alter

1873 4022 2064 4078 aderat
2090 4019 2206 4091 ipse
2225 4036 2443 4091 quoque
2464 4022 2764 4092 presbyter,
2792 4021 2885 4091 qui
2913 4019 3277 4085 monasterii,
3311 4020 3461 4089 quod

1874 4114 1948 4171 ibi
1983 4124 2107 4182 est,
2143 4115 2320 4171 sancti
2351 4114 2545 4170 Sabba:
2582 4113 2872 4185 praefectus
2908 4114 2994 4170 vel
3033 4112 3463 4170 archimandrita

1875 4206 2001 4265 fuit.
2058 4206 2150 4263 lsti
2186 4205 2555 4263 sortiebantur
2582 4206 2761 4261 locum
2793 4206 3068 4263 cathedra:
3114 4206 3462 4276 apostolicae.

1864 4300 1965 4363 cui
2003 4309 2117 4355 tum
2139 4299 2459 4367 dignissime
2487 4300 3049 4370 praeeratAdrianus,
3087 4298 3464 4368 archipraasul.

1877 4394 2123 4449 Aderant
2159 4409 2268 4449 una
2291 4408 2420 4448 cum
2459 4392 2581 4448 istis
2634 4390 2879 4448 Joannes
2925 4402 2982 4447 et
3026 4391 3304 4452 Thomas,
3361 4389 3466 4443 viri

1881 4486 2126 4541 celebres
2183 4485 2241 4539 in
2297 4485 2635 4555 professione
2691 4484 3085 4549 monachatus,
3139 4492 3195 4539 et
3257 4484 3468 4537 honore

178 4593 401 4663 ἄνδρας
435 4587 694 4661 μοναδικῇ
744 4583 995 4654 πολιτείᾳ
1031 4579 1409 4653 περιωνύμους
1426 4617 1443 4642 ,
1490 4578 1587 4633 κα)⁵
1633 4578 1754 4648 ίερα

1857 4577 2153 4648 .fulgentes
2190 4577 2547 4640 sacerdotali,
2588 4577 2682 4646 qui
2723 4576 2943 4646 quidem
2993 4577 3171 4631 locum
3211 4578 3470 4632 tenebant

176 4687 323 4757 τι.πῇ
355 4685 490 4755 τιμῇ
515 4682 943 4750 διαλάμποντας,
968 4676 1064 4730 καὶ
1090 4675 1191 4745 τῆς
1216 4672 1540 4743 ἀνατολικῆς
1564 4670 1752 4739 άπάση

1884 4675 2155 4730 universae
2178 4674 2463 4729 orientalis
2483 4713 2499 4739 ,
2527 4672 2837 4743 apostolicae
2856 4711 2871 4733 ,
2900 4680 2959 4726 et
2979 4686 3186 4741 magna:
3214 4668 3470 4724 diwcesis

174 4780 520 4848 διοικήσεως
568 4775 676 4830 τῶν
730 4770 1108 4827 ἁποστολικῶν
1151 4768 1247 4823 καὶ
1299 4764 1552 4837 μεγάλων
1582 4763 1754 4833 θρόνω

1884 4773 1941 4821 et
1962 4766 2497 4836 archiepiscoporum
2528 4764 2776 4833 ejusdem
2806 4762 3121 4848 dignitatem
3160 4758 3468 4821 habebant,

175 4844 581 4942 τοτεοτηρητὰς
606 4908 623 4932 ,
676 4869 777 4921 καὶ
832 4865 894 4919 τὸ
970 4864 1080 4917 τῶν
1141 4859 1441 4933 ἀρχιερέων
1494 4855 1754 4926 προνόμιο

1887 4849 2186 4920 Apolinarii
2220 4865 2439 4919 nempe,
2503 4848 2835 4904 Theodoreti
2899 4856 2957 4901 et
3000 4844 3206 4901 Heliae:
3236 4858 3471 4914 quorum

175 4936 425 5036 ἔχοντας
451 4936 479 4993 ’ν
519 4961 665 5029 λέγω
718 4958 783 5029 δὴ
853 4954 1232 5025 Ἀπολιναρίου
1280 4967 1341 5004 τε
1368 4991 1385 5015 ,
1435 4949 1533 5002 xui.
1578 4946 1754 4999 Θεοδω

1887 4941 2099 5013 primus
2145 4940 2525 5003 Alexandria,
2572 4940 2851 4995 secundus
2893 4936 3229 5002 Antiochiae,
3280 4936 3473 4991 tertius

176 5030 413 5131 ῥητου,
452 5055 546 5109 καὶ
595 5052 772 5106 Ἠλία·
810 5043 886 5105 ὧν
937 5049 967 5102 ι
1011 5048 1110 5118 μὲν
1165 5042 1613 5113 Ἀλεξανδρείας,
1659 5038 1754 5106 ea

1890 5032 2389 5103 Hierosolymorum
2429 5031 2700 5087 Ecclesias
2732 5030 3062 5101 prudenter,
3102 5038 3159 5084 et
3191 5037 3255 5085 ut
3290 5043 3474 5084 sacer-

191 5119 576 5220 ’Ᾰντιοχείαω
628 5149 725 5200 καὶ
773 5147 803 5199 ὁ
850 5142 1034 5205 λοιπὸς
1088 5140 1144 5194 δὲ
1192 5134 1602 5208 Ἰεροσολύμων,
1643 5132 1754 5200 ίερο

1891 5128 2048 5183 dotes
2072 5125 2330 5189 decebat,
2360 5124 2761 5194 gubernabant.
2804 5121 2879 5176 Eo
2928 5130 3172 5191 tempore
3211 5119 3476 5176 Constan-

176 5212 435 5318 ‘nperté'i;
490 5259 549 5294 τε
611 5242 707 5293 καὶ
760 5236 1049 5304 πανσόφως
1111 5230 1587 5302 προειστήκεισαν.
1653 5224 1754 5277 Τότ

1897 5224 2040 5276 tinus
2071 5228 2127 5274 et
2170 5218 2361 5285 lrene,
2406 5218 2745 5273 orthodoxia:
2791 5232 2994 5272 corona
3034 5215 3274 5271 redimiti
3300 5253 3316 5279 ,
3364 5212 3477 5266 Ro-

181 5308 617 5398 ιξωνσταντίνος
646 5334 739 5387 καὶ
799 5332 1002 5401 Εἰρήνη
1025 5368 1043 5395 ,
1077 5322 1384 5396 όρθοδοξίας
1415 5319 1662 5389 στεφάνῳ
1692 5333 1754 5370 κο

1897 5312 2044 5367 mani
2102 5310 2315 5381 imperii
2394 5325 2634 5380 purpura
2698 5308 3094 5365 vestiebantur.
3151 5308 3255 5362 lsta
3314 5320 3477 5376 porro

1504 5430 1739 5487 VARUS
1786 5426 2189 5485 LECTIONES.

281 5580 307 5608 τ
333 5586 426 5639 γρ.
463 5564 617 5619 αὐτό.
1724 5663 1814 5718 Μ)
1831 5662 1931 5718 [ΑΞ

276 5819 396 5887 (Ξὶ)
437 5813 624 5880 Αὺτή.
678 5810 888 5879 Nempe
943 5810 1188 5878 synodus.
1244 5807 1347 5861 Sed
1393 5804 1599 5887 malim,
1655 5799 1795 5867 αὕτη
1907 5800 2009 5887 ίίρι·
2037 5797 2213 5887 esse.
2257 5796 2462 5887 idwest:
2494 5796 2719 5887 agundi:
2770 5798 2897 5887 eice.
2933 5788 3483 5887 lbi_d.klegenndit‘t‘urinn

172 5859 909 5955 héc'iﬁsi’igiiédisTiiiéi
945 5859 1390 5947 il‘i‘r'gid'iumilbc
1425 5859 1654 5931 lectione
1683 5859 1797 5925 me:
1908 5870 2122 5941 plurali,
2156 5867 2510 5930 ὲστολίζοντο.
2544 5867 2670 5920 Nam
2706 5867 2859 5920 lreue
2892 5859 3297 5933 regnabatlntm
3326 5859 3484 5914 Filio.

494 5985 765 6041 PA'rnOL.
801 5979 918 6038 (in.
959 5974 1088 6036 Cll.
3012 5960 3085 6019 21
