4052 6416
590 396 691 460 θδι

1733 388 1995 449 ΡΗΟΤΙΙ
2033 387 2538 448 PATRIARCH/E
2575 387 2681 447 ΟΡ.

3729 384 3858 448 652

576 520 768 564 sancta
783 516 839 561 et
868 520 1062 577 magna
1086 504 1328 577 synodus
1349 503 1633 558 barbaram
1662 502 1951 571 quamdam
1985 502 2145 556 haere-

2267 501 2606 571 σμούμενοι,
2658 496 2798 571 [καὶ]
2848 498 2947 569 τὴν
2999 497 3378 569 αὐτοκράτορα
3416 499 3517 569 τῆς
3558 498 3875 569 Ῥωμαίων

577 604 697 666 sin,
730 612 864 657 tunc
904 616 1079 672 nuper
1132 601 1200 654 ab
1246 598 1426 668 impiis
1472 606 1526 653 et
1564 596 1805 668 profanis
1840 596 2156 651 hominibus

578 695 977 759 introductam,
1022 692 1297 748 communi
1329 706 1430 745 suo
1468 700 1524 745 et
1568 689 1827 745 divinitus
1860 690 2159 761 gubernato

573 787 834 858 suffragio
903 785 1331 850 condemnabat,
1378 782 1734 853 ejusdemque
1802 789 2055 836 auctores
2104 790 2160 835 et

580 886 1015 949 propugnatores
1043 877 1234 932 iisdem
1259 876 1549 932 sententiis
1579 876 1865 930 damnatos
1908 874 2159 944 subiece-

578 981 731 1024 runt.
768 969 945 1023 Miseri
977 976 1160 1023 autem
1201 968 1290 1023 isti
1320 968 1600 1025 Christum
1632 966 1799 1023 Deum
1833 982 2021 1021 verum
2063 980 2158 1021 ore

577 1076 687 1115 non
715 1062 834 1115 ausi
878 1061 964 1115 vel
1004 1059 1347 1115 confessione
1387 1074 1487 1115 sua
1524 1060 1904 1130 blasphemare
1928 1099 1944 1125 ,
1975 1058 2157 1129 operi~

484 1220 493 1223 ι
572 1152 679 1209 bus
707 1161 882 1207 tamen
911 1153 1025 1208 suis
1041 1166 1258 1222 quoquo
1283 1151 1445 1207 modo
1466 1151 1808 1207 contumeliis
1824 1149 2122 1205 all‘ecerunt
2138 1190 2153 1212 ,

574 1254 631 1299 et
661 1245 944 1300 licentiose
984 1244 1491 1315 blasphemantibus
1533 1244 1678 1300 viam
1730 1244 2154 1299 adinvenerunt.

572 1336 892 1392 lmmediate
922 1337 1099 1407 ipsum
1136 1336 1394 1392 insectari
1425 1335 1726 1399 conviciis,
1763 1345 1819 1389 et
1849 1334 1995 1388 nudo
2021 1349 2116 1388 ore
2138 1376 2154 1399 ,

574 1427 694 1483 sine
758 1428 878 1483 velo
932 1443 1058 1483 cum
1108 1442 1217 1481 non
1277 1427 1549 1491 audeant,
1607 1426 1947 1481 voluntatem
1998 1438 2153 1478 suam

572 1533 791 1573 omnem
826 1518 1222 1588 adimplerunt,
1256 1528 1311 1571 et
1336 1516 1555 1571 Christo
1573 1514 1882 1586 oppositam
1909 1523 2155 1568 mentem

570 1620 628 1665 et
656 1610 982 1665 sententiam
1010 1624 1105 1679 per
1134 1608 1501 1663 venerandam
1522 1608 1643 1677 ejus
1668 1606 1960 1675 imaginem
1983 1604 2154 1659 deho-

574 1710 842 1756 nestatam
873 1701 1339 1756 demonstrarunt.
1368 1699 1574 1753 Idolum
1602 1696 1967 1753 venerandam
1992 1695 2155 1751 Chri-

575 1793 645 1847 sti
680 1792 973 1862 imaginem
1015 1794 1084 1861 (o
1116 1792 1281 1846 nimis
1310 1791 1570 1846 audacem
1612 1790 1792 1862 impiae
1822 1790 2019 1861 lingua:
2062 1803 2151 1844 so-

571 1898 703 1937 num
723 1923 738 1945 ,
770 1892 825 1938 et
856 1880 1034 1937 cordis
1068 1882 1340 1937 atheistici
1380 1882 1599 1936 boatum
1621 1880 1675 1952 l)
1707 1880 2011 1951 appellant,
2050 1894 2151 1949 per
2176 1862 2225 1923 Β

570 1989 733 2042 quam
762 1972 1129 2029 idololatricus
1161 1988 1314 2027 error
1338 1972 1680 2029 eliminatur:
1715 1972 1854 2026 hanc
1894 1970 2154 2025 conviciis

568 2077 627 2122 et
650 2068 903 2123 omnibus
933 2068 1437 2123 dehonestamentis
1482 2067 1737 2123 foedatam
1768 2081 1868 2137 per
1891 2065 2149 2136 compita,

572 2160 749 2214 forum
790 2168 844 2215 et
894 2158 1100 2229 plateas
1157 2161 1387 2231 pedibus
1436 2160 1785 2229 proculcant,
1842 2158 2153 2213 distrahunt

571 2254 751 2319 varie,
785 2254 900 2325 igni
928 2254 1150 2308 demum
1181 2251 1605 2309 comburendam
1654 2252 1895 2307 tradunt.
1921 2249 2152 2321 Specta-

564 2343 750 2399 culum
787 2341 1110 2398 Christianis
1152 2342 1579 2413 deplorandum,
1636 2341 1860 2412 dignum
1909 2355 2150 2412 pagano-

571 2451 689 2490 rum
743 2437 797 2490 in
840 2435 1118 2490 Christum
1170 2435 1328 2491 odio!
1375 2434 1672 2490 Talismodi
1734 2443 1792 2489 et
1830 2433 1884 2487 in
1925 2443 2151 2488 catteras

568 2529 941 2600 imagunculas
999 2544 1183 2585 sacras
1243 2528 1474 2600 pedibus
1533 2528 1629 2583 citi
1686 2528 1752 2582 ad
1811 2526 2149 2582 fundendum

562 2623 886 2693 sanguinem
935 2623 1320 2677 exstiterumt:
1367 2636 1504 2691 quas
1538 2620 1795 2676 manibus
1839 2619 2146 2690 sacrilegis,

568 2715 731 2769 labris
761 2713 1002 2785 profanis
1034 2714 1326 2769 fmdarunt.
1356 2712 1545 2782 Neque
1573 2712 1826 2767 exsatiari
1858 2712 2149 2766 voluerunt

566 2806 827 2862 alastores
866 2806 930 2860 ad
975 2805 1123 2859 hunc
1160 2803 1384 2859 modum
1435 2803 1759 2858 insaniendo
1784 2812 1841 2857 et
1874 2801 2143 2858 furiendo.

566 2896 755 2966 Neque
811 2901 959 2948 certe
1005 2891 1186 2946 minus
1235 2905 1398 2960 quam
1456 2904 1787 2961 paganorum
1816 2889 2146 2943 exsecranda

568 2987 808 3043 facinora
829 3026 845 3051 ,
884 2986 929 3039 si
964 2998 1075 3037 non
1116 2983 1257 3038 forte
1292 2980 1461 3052 magis
1482 3024 1496 3046 ,
1526 2980 1961 3035 Christianorum
1991 2994 2144 3033 sacra

565 3079 720 3149 signa
741 3087 798 3133 et
822 3073 1336 3145 reprzesentationes
1358 3074 1486 3127 odio
1509 3070 1701 3141 perciti
1722 3080 2098 3141 conspuerunt
2126 3089 2139 3124 :

564 3171 701 3225 adeo
728 3178 790 3224 ut
814 3167 1011 3222 bellum
1040 3164 1325 3220 videantur
1346 3161 1745 3218 internecinum
1770 3171 1961 3217 contra
1983 3161 2143 3216 Chri-

565 3272 709 3319 stum
739 3271 795 3317 et
821 3258 991 3331 ipsius
1018 3268 1237 3314 sanctos
1266 3265 1577 3327 susceptum
1609 3254 1893 3309 indixisse.

638 3354 728 3408 l9.
756 3351 910 3407 Patet
928 3351 1130 3421 quippe
1160 3349 1371 3405 cunctis
1391 3391 1406 3414 ,
1437 3350 1583 3418 quod
1614 3347 1940 3419 imaginibus
1972 3348 2143 3412 honor

561 3444 803 3509 habitus,
826 3458 1014 3497 eorum
1048 3442 1224 3496 honor
1253 3440 1325 3496 sit
1346 3441 1437 3511 qui
1464 3448 1921 3511 repraesentatur;
1944 3455 2141 3510 quem-

563 3536 854 3594 admodum
887 3543 943 3589 et
969 3533 1191 3588 infamia
1219 3542 1384 3603 atque
1414 3531 1654 3587 dedecus
1690 3532 1887 3586 transit
1906 3530 1975 3585 ab
2000 3529 2141 3583 inia-

561 3632 686 3703 gine
716 3630 769 3683 in
794 3629 1169 3700 imaginatum.
1204 3627 1295 3679 Isti
1324 3635 1531 3689 autem,
1562 3638 1769 3693 nupera
1802 3622 2139 3688 Judzeorum,

561 3722 763 3779 Christi
795 3723 1054 3786 hostium,
1088 3718 1396 3790 progenies,
1430 3717 1487 3772 in
1510 3732 1574 3771 eo
1597 3716 1741 3786 quod
1776 3716 2139 3771 venerandam

561 3816 768 3871 Christi
806 3815 1096 3885 imaginem
1129 3811 1387 3879 illiusque
1417 3820 1733 3865 sanctorum
1776 3807 2139 3871 inbonorant,

563 3911 709 3981 quod
733 3910 786 3963 in
815 3910 1057 3980 ipsorum
1084 3907 1257 3961 atavis
1275 3904 1709 3971 desiderabatur,
1736 3904 2137 3974 adimplerunt:

564 4018 695 4058 nam
738 4016 909 4070 usque
940 4000 1009 4055 ad
1056 3998 1283 4053 audacia
1332 3995 1646 4052 Judaeorum
1688 3996 1929 4053 facinora
1975 3996 2140 4052 delati

560 4097 849 4157 feruntur;
903 4092 1013 4145 imo
1051 4091 1105 4145 id
1165 4098 1334 4160 agunt
1390 4089 1744 4144 contentione
1789 4104 2024 4154 summa,
2080 4099 2141 4144 ut

560 4184 944 4256 progenitores
972 4196 1101 4237 suos
1129 4182 1287 4251 longe
1316 4181 1802 4252 supergrediantur
1835 4182 2139 4238 voluntate.

558 4279 758 4341 Porro,
784 4293 908 4331 cum
939 4276 991 4329 in
1025 4274 1205 4330 medio
1233 4273 1669 4329 Christianorum
1700 4274 1812 4339 siti,
1840 4274 1996 4329 labiis
2024 4291 2137 4330 non

560 4370 769 4424 audent
797 4370 1068 4438 abnegare
1090 4366 1391 4429 Christum,
1410 4365 1479 4419 ah
1505 4365 1619 4433 ipsa
1640 4364 1863 4420 Judaica
1882 4365 2138 4435 avitaque

565 4461 765 4516 invidia
823 4460 1047 4514 minime
1102 4457 1361 4513 recedere
1429 4457 1873 4511 convincuntur:
1926 4456 2023 4511 sed
2083 4466 2137 4511 et

2170 3211 2212 3269 C

2262 594 2439 665 ἀρχῆς
2469 593 2774 664 πορφυρίδα
2806 590 3129 656 ὲστολίζετο.
3160 592 3306 663 Δύτη
3338 593 3625 661 τοιγαροῦν
3655 595 3687 663 ἡ
3725 594 3873 661 ἱερὰ

2260 687 2353 739 καὶ
2396 685 2607 755 μεγάλη
2642 684 2883 750 σύνοδος,
2936 685 3211 755 ἀρτιφανῆ
3250 701 3310 737 τε
3342 685 3433 735 καὶ
3454 684 3735 755 βάρϐαρον
3767 684 3871 737 αἱ.

2260 796 2429 849 ρεσιν,
2468 778 2572 831 ὑπὸ
2597 776 2873 831 δυσσεϐὦν
2896 793 2955 829 τε
2987 776 3081 830 καὶ
3106 776 3339 848 ἀνιέρων
3370 776 3575 846 ἀνδρῶν
3609 793 3870 847 παρεισ-

2258 870 2535 939 αχθεῖσαν,
2578 870 2841 941 θεοκρίτῳ
2885 869 2980 923 καὶ
3030 868 3195 940 κοινῷ
3235 869 3545 940 ψηφίσματι
3619 868 3869 923 κατεδίο

2258 976 2415 1021 κασε,
2441 961 2687 1022 καὶτοὺς
2722 960 3021 1031 είσηγητὰς
3065 959 3162 1012 καὶ
3190 960 3509 1030 προμάχους
3550 959 3731 1029 αὐτῆς
3776 959 3869 1028 τῷ

2258 1051 2408 1123 αὐτῷ
2451 1049 2926 1106 συνυποϐάλλουσα
2971 1051 3225 1124 κρίματι.
3273 1045 3432 1105 Οὗτοι
3479 1052 3584 1122 γὰρ
3626 1054 3674 1104 oi
3734 1051 3867 1103 δεί-

2258 1142 2398 1195 λαιοι
2447 1143 2683 1213 Χριστὸν
2712 1143 2802 1196 τὸν
2832 1142 3086 1212 ἀληθινὸν
3131 1142 3265 1196 Θεδν
3307 1143 3468 1215 ήμῶν
3496 1144 3867 1213 βλασφημεῖν

2256 1237 2354 1305 οὐχ
2384 1235 2779 1305 ὁμολογοῦντες
2805 1238 2917 1299 τοῖς
2947 1237 3182 1309 ῥήμασι,
3208 1236 3297 1289 διὰ
3321 1237 3431 1289 τῶν
3455 1238 3632 1305 ἔργων
3651 1237 3864 1289 πᾶσαν

2256 1328 2512 1381 ἐπενόουν
2559 1328 2714 1400 ὕϐριν
2744 1330 2839 1381 καὶ
2869 1327 3219 1399 βλασφημίαν
3248 1327 3343 1382 καὶ
3384 1329 3691 1396 ἀσέλγειαν⁹
3751 1327 3864 1380 καὶ

2255 1421 2419 1475 αὐτὸν
2459 1424 2663 1476 ἐκεῖνον
2714 1422 3024 1493 δυσφημεῖν
3064 1422 3288 1493 ἀμέσως
3322 1421 3419 1475 καὶ
3470 1420 3640 1492 χωρίς
3690 1437 3863 1481 τινος

2255 1516 2761 1586 παραπετάσματος
2817 1516 2877 1570 οὐ
2928 1516 3342 1587 Θαρῤήσαντες,
3380 1512 3468 1566 διὰ
3493 1512 3593 1582 τῆς
3628 1513 3859 1583 cem-ﬁ;

2254 1608 2459 1671 εἰκόνος
2488 1606 2553 1661 τὸ
2578 1610 2689 1662 πᾶν
2732 1608 2916 1663 αὐτῶν
2943 1608 3045 1679 τῆς
3070 1608 3453 1678 Χριστομάχου
3484 1605 3711 1675 γνώμης
3750 1605 3858 1670 ὲξ-

2256 1698 2527 1769 επλήρουν
2578 1698 2816 1769 θέλημα.
2876 1697 3107 1752 Εἴδωλον
3159 1697 3267 1767 γὰρ
3297 1694 3376 1765 (ὣ
3426 1694 3707 1765 τολμηρᾶς
3741 1691 3856 1745 καὶ

2254 1789 2415 1843 ἀθέου
2446 1789 2698 1861 γλώσσης
2728 1790 2823 1843 καὶ
2852 1789 3089 1852 διανοίας
3106 1790 3377 1859 άπήχημα
3395 1789 3433 1857 !)
3459 1787 3555 1858 τὴν
3586 1803 3854 1855 προσκυο

2252 1880 2420 1952 νητὴν
2449 1880 2635 1935 εἰκόνα
2664 1882 2901 1952 Χριστοῦ
2922 1922 2938 1947 ,
2969 1881 3038 1935 δι’
3066 1876 3135 1953 ἧς
3166 1880 3403 1935 εἰδώλων
3427 1880 3601 1951 πλάνη
3632 1879 3852 1933 διώκε-

2252 1991 2362 2040 ται,
2398 1973 2840 2046 καθυϐρίζοντες,
2875 1976 2972 2029 καὶ
3005 1974 3209 2037 πάσαις
3241 1972 3410 2045 αὐτὴν
3434 1972 3681 2043 ἀτιμίαις
3720 1988 3845 2024 πε-

2255 2065 2628 2137 ριϐάλλοντες,
2682 2068 2787 2121 ἀνὰ
2827 2068 2926 2132 τὰς
2977 2068 3186 2139 ἀγορὰς
3236 2068 3330 2121 καὶ
3374 2066 3471 2130 τὰς
3518 2064 3851 2134 λεωφόρους

2252 2160 2383 2213 ποσὶ
2429 2161 2794 2224 κατεπάτουν,
2851 2162 3198 2233 περιέσυρον,
3256 2160 3390 2232 πυρὶ
3440 2157 3847 2229 παρεδίδοσαν.

2250 2250 2439 2321 Θέαμα
2491 2252 2834 2325 Χριστιανοῖς
2882 2252 3145 2316 ἐλεεινὸν,
3199 2251 3291 2305 καὶ
3342 2250 3442 2321 τῆς
3502 2248 3847 2319 Ἑλληνικῆς

2250 2345 2660 2415 Χριστομαχίας
2686 2344 2853 2415 μόνης
2874 2343 3043 2410 ἀξιον.
3063 2345 3142 2398 Τά
3174 2344 3319 2398 αὐτὰ
3346 2343 3404 2396 δὲ
3430 2343 3521 2397 καὶ
3548 2342 3690 2395 κατά
3711 2342 3846 2395 τῶν

2249 2435 2424 2489 ἄλλων
2476 2435 2637 2507 ἱερῶν
2674 2436 3093 2506 είκονισμάτων,
3148 2436 3276 2488 ποσὶ
3324 2436 3590 2504 ταχεινοῖς
3630 2435 3845 2502 ἐκχέαι

2249 2526 2420 2598 αίμα,
2450 2528 2605 2599 χερσί
2655 2544 2715 2581 τε
2761 2528 3137 2597 παλαμναίαις
3171 2529 3265 2580 καὶ
3296 2526 3542 2598 βεϐήλοις
3584 2525 3847 2596 χείλεσιν

2248 2619 2654 2690 ὲνησέλγαινον.
2696 2621 2809 2673 Καὶ
2864 2620 3029 2690 κόρον
3083 2620 3276 2673 οὐδένα
3331 2620 3432 2689 τῆς
3487 2619 3846 2687 τηλικαύτης

2251 2708 2451 2777 μανίας
2482 2711 2577 2763 καὶ
2605 2710 2993 2780 παραπληξίας
3019 2709 3270 2780 οὐδαμῶς
3295 2709 3595 2779 ἐλάμϐανον
3612 2710 3662 2761 οἱ
3688 2708 3847 2761 ἁλά-

2249 2815 2455 2869 στορες.
2518 2798 2677 2852 Ἀλλά
2722 2799 2832 2853 τῶν
2884 2799 3211 2870 Ἑλληνικῶν
3246 2799 3626 2869 βδελυγμάτων
3664 2798 3845 2851 οὐδὲν

2246 2891 2488 2957 ἔλαττον,
2516 2894 2564 2945 εἰ
2598 2894 2694 2946 καὶ
2721 2894 2796 2964 μή
2831 2894 3030 2965 μᾶλλον
3058 2894 3129 2948 τά
3154 2894 3496 2965 Χριστιανῶν
3531 2891 3653 2965 ἱερά
3677 2892 3844 2963 σύμ-

2246 2984 2379 3039 ϐολά
2398 3002 2458 3038 τε
2488 2987 2583 3039 καὶ
2616 2987 3019 3056 ὲκτυπώματα,
3044 2987 3132 3040 διὰ
3163 2988 3354 3058 μίσους
3378 2988 3595 3057 ἄγοντες
3616 3028 3632 3052 ,
3666 2986 3845 3040 ἔδδε-

2244 3077 2519 3130 λύσσοντο·
2549 3078 2618 3131 δι’
2644 3072 2719 3132 ὧν
2742 3078 2926 3143 αὐτοῖς
2952 3080 3047 3133 καὶ
3076 3083 3105 3133 ὀ
3128 3081 3389 3144 ἄσπονδος
3418 3081 3650 3151 πόλεμος
3676 3082 3847 3136 κατὰ

2245 3170 2483 3243 Χριστοῦ
2513 3171 2607 3225 καὶ
2633 3171 2743 3225 τῶν
2763 3172 2927 3227 αὐτοῦ
2951 3172 3123 3243 ἀγίων
3146 3177 3516 3247 συνεκροτεῖτο
3537 3174 3632 3229 καὶ
3657 3174 3846 3245 ἐκρα-

2242 3280 2450 3319 τυνετο.

2315 3354 2400 3409 ιϐ’.
2441 3356 2611 3427 Δῆλον
2635 3358 2743 3429 γάρ
2768 3357 2992 3421 ἅπασιν,
3036 3358 3114 3423 ὡς
3142 3359 3177 3429 ἡ
3206 3358 3340 3430 τιμή
3366 3358 3476 3412 τῶν
3501 3359 3845 3429 είκονισμά-

2242 3464 2350 3501 των
2380 3448 2515 3520 τιμὴ
2552 3449 2762 3519 γίνεται
2808 3450 2918 3503 τῶν
2964 3451 3401 3521 είκονιζομένωνο
3436 3450 3621 3520 ὥσπερ
3648 3452 3756 3504 καὶ
3800 3454 3841 3522 ἡ

2242 3540 2435 3610 ἀτιμία
2484 3544 2563 3604 εἰς
2608 3543 2750 3597 αὐτά
2804 3542 3071 3597 διαϐαίνει
3103 3545 3174 3599 τὰ
3219 3544 3610 3615 είκονιζόμενα.
3674 3545 3840 3599 Ἀλλ’

2241 3624 2388 3684 οὗτοι
2416 3630 2485 3685 τά
2503 3632 2598 3685 νέα
2625 3632 2735 3688 τῶν
2751 3634 3151 3705 Χριστομάχων
3189 3632 3456 3689 Ἰουδαίων
3478 3634 3836 3704 γεννήματα,

2241 3722 2308 3776 δι’
2363 3716 2439 3777 ὧν
2490 3724 2590 3795 μὲν
2620 3726 2719 3794 τὴν
2755 3727 2960 3798 σεπτὴν
3012 3728 3197 3783 εἰκόνα
3234 3726 3511 3799 Χριστοῦ,
3560 3728 3658 3781 καὶ
3704 3730 3837 3782 τῶν

2240 3813 2407 3867 αὐτοῦ
2452 3814 2622 3884 ἁγίων
2657 3816 2958 3887 ἐνύϐριζον,
3004 3817 3065 3871 τὸ
3115 3818 3437 3889 προγονικόν
3476 3818 3837 3889 ἀνεπλήρουν

2242 3908 2527 3979 ὑστέρημα
2550 3948 2566 3972 ,
2599 3911 2678 3972 είς
2724 3910 2793 3963 τὰ
2838 3910 2947 3963 τῶν
2988 3910 3257 3965 Ἰουδαίων
3295 3912 3618 3982 τολμήματα
3646 3912 3836 3981 ἐκφε-

2244 4002 2480 4073 ρόμενοι,
2516 4004 2611 4056 καὶ
2644 4002 2801 4074 νικᾷν
2831 4003 3261 4073 φιλονεικοῦντες
3296 4007 3362 4076 τῇ
3405 4004 3676 4077 ὑπερϐολῇ
3711 4007 3837 4077 τῆς

2240 4092 2549 4164 προθυμίας
2580 4094 2707 4158 τούς
2750 4096 3101 4164 γεννήτορας.
3134 4095 3212 4148 Δι’
3248 4088 3323 4149 ὧν
3352 4096 3409 4149 δὲ
3435 4137 3451 4161 ,
3475 4096 3832 4167 Χριστιανῶν

2240 4187 2299 4239 ἐν
2330 4185 2500 4255 μέσῳ,
2536 4184 2636 4237 οὐκ
2680 4184 2838 4254 ἔσχον
2869 4185 3137 4255 τολμῆσαι
3187 4188 3279 4239 τὸν
3306 4186 3537 4257 Χριστὸν
3570 4190 3665 4240 καὶ
3696 4191 3831 4257 χεί-

2239 4272 2387 4327 λεσιν
2404 4276 2845 4346 ἀπαρνήσασθαι,
2867 4276 2963 4328 καὶ
2983 4274 3148 4329 αὐτοῦ
3170 4275 3380 4329 ἐκείνου
3399 4275 3493 4330 τοῦ
3521 4277 3829 4332 Ἰουδαϊκοῦ

2240 4366 2337 4417 καὶ
2352 4364 2606 4437 πατρῴου
2629 4365 2793 4435 ζήλου
2814 4366 3104 4436 ἠλέγχοντο
3118 4367 3520 4432 διαπίπτοντες,
3537 4369 3631 4421 καὶ
3658 4370 3827 4425 νόθον

2238 4456 2333 4507 καὶ
2366 4456 2566 4526 ταύτην
2595 4458 2774 4511 αὐτῶν
2802 4457 3107 4521 δεικνύντες
3146 4458 3245 4527 τὴν
3273 4459 3525 4529 μίμησιν,
3568 4459 3663 4512 καὶ
3702 4478 3829 4531 μη-

562 4553 808 4621 spuriam
831 4565 1021 4605 eorum
1056 4548 1423 4603 imitationem
1452 4547 1807 4617 expressisse.
1841 4548 1968 4602 licet
1997 4563 2137 4602 neu-

2247 4547 2413 4616 δαμοῦ
2453 4551 2642 4603 στάσιν
2676 4548 2908 4619 ἔχοντες,
2943 4550 3059 4604 ἀλλ’
3095 4550 3285 4621 ὥσπερ
3315 4551 3394 4621 τῷ
3442 4551 3593 4619 κακῷ
3628 4568 3830 4622 καρω-

562 4647 767 4715 υἱιιυιιιη
800 4643 903 4698 sibi
938 4652 1187 4696 constare
1217 4651 1441 4710 queant,
1474 4641 1571 4696 sed
1608 4642 1865 4697 hzeretico
1897 4642 2134 4711 quodam

556 4748 783 4806 stupore
813 4735 922 4789 huc
948 4734 1077 4788 illuc
1101 4734 1293 4790 incerti
1322 4746 1557 4807 aguntur
1585 4744 1642 4790 et
1669 4736 1942 4791 feruntur.
1975 4734 2134 4790 Chri-

556 4828 767 4882 stianos
806 4840 866 4881 se
915 4825 1223 4895 appellant;
1257 4841 1448 4881 verum
1483 4824 1719 4879 eﬂrenes
1758 4832 1949 4877 contra
1975 4823 2135 4879 Chri-

556 4930 702 4973 stqu
746 4927 975 4990 pergunt
1006 4936 1020 4973 :
1049 4919 1360 4974 Judasorum
1393 4918 1610 4971 titulum
1666 4932 1774 4970 non
1814 4918 2130 4982 admittunt,

557 5022 613 5067 et
643 5022 823 5066 tamen
870 5028 972 5082 per
1030 5012 1170 5066 hanc
1211 5018 1403 5064 contra
1447 5009 1713 5079 imagines
1760 5026 1991 5080 pugnam
2025 5024 2135 5063 non

556 5104 734 5158 solum
763 5104 955 5157 imitati
991 5115 1142 5165 sunt,
1182 5103 1275 5156 sed
1320 5110 1375 5155 et
1396 5104 1729 5172 supergressi
1762 5102 1973 5156 illorum
2003 5118 2135 5157 con-

558 5208 640 5253 tra
679 5196 958 5249 Christum
982 5195 1265 5249 malitiam.
1293 5192 1430 5247 Cum
1452 5208 1652 5248 nomen
1670 5204 1991 5249 aversentur
2020 5195 2136 5250 ido-

561 5288 805 5351 lolatrize,
845 5288 1019 5341 nihilo
1056 5298 1237 5340 tamen
1276 5285 1617 5341 tolerabilius
1650 5302 1812 5356 quam
1836 5287 2133 5342 idololatra:

558 5383 613 5435 in
642 5381 825 5435 divina
864 5390 918 5435 et
947 5381 1269 5434 intemerata
1296 5380 1733 5435 Christianorum
1766 5381 2017 5451 mysteria
2047 5382 2135 5434 iu-

555 5474 795 5528 saniunt.
831 5471 957 5526 Ideo
998 5482 1178 5526 autem
1229 5481 1451 5543 propter
1483 5474 1617 5527 istos
1656 5487 1848 5527 omnes
1897 5473 1988 5541 qui
2022 5487 2131 5526 non

555 5568 607 5619 id
640 5576 828 5635 agunt,
875 5574 934 5618 ut
964 5565 1291 5633 degenerem
1330 5568 1500 5631 hanc,
1534 5565 1836 5619 adulteram
1858 5604 1872 5629 ,
1927 5564 2131 5619 variam

554 5668 607 5710 ct
637 5658 1027 5711 confusaneam
1064 5658 1365 5711 doctrinam
1397 5668 1718 5712 aversentur
1747 5667 1801 5711 et
1829 5658 2128 5719 declinent,

556 5758 739 5800 sancta
774 5750 884 5802 haec
909 5756 964 5801 et
999 5748 1318 5802 universalis
1344 5750 1602 5819 synodus,
1637 5759 1892 5818 tanquam
1923 5750 2129 5818 prolem

555 5840 817 5907 spuriam,
848 5839 1164 5909 ejectitiam,
1196 5849 1251 5892 et
1281 5839 1350 5893 ab
1388 5842 1537 5894 omni
1572 5840 1809 5895 fidelium
1853 5841 2131 5909 nobilique

2240 4640 2425 4706 (ἱέντες
2452 4643 2550 4713 τῆς
2578 4644 2862 4715 αἱρέσεως,
2900 4636 3001 4698 ὧδε
3030 4646 3253 4699 κάκεῖσε
3282 4645 3689 4717 διερριπτοῦντο
3720 4648 3828 4703 καὶ

2239 4738 2633 4807 παρεφέροντο.
2680 4740 3043 4810 Χριστιανοὺς
3079 4740 3180 4811 μὲν
3205 4741 3313 4812 γάρ
3346 4742 3572 4802 ἑαυτοὺς
3610 4743 3827 4811 ὀνομά-

2238 4830 2452 4894 ζοντες,
2488 4832 2631 4885 κατά
2675 4833 2913 4903 Χριστοῦ
2962 4834 3343 4904 ὲφρυάττοντοο
3395 4835 3490 4886 καὶ
3532 4836 3631 4904 τὴν
3682 4836 3826 4888 Ἴου·-

2237 4922 2407 4979 datum
2425 4924 2615 4995 κλῆσιν
2642 4926 2703 4978 οὐ
2734 4926 3104 4997 προσιέμενοι,
3135 4924 3196 4977 τὸ
3225 4924 3604 4995 Χριστομάχον
3636 4925 3823 4979 αὐτῶν

2239 5014 2577 5087 παρεζήλουν
2612 5017 2700 5070 διὰ
2728 5019 2827 5089 τῆς
2862 5015 3243 5086 είκονομαχίας
3293 5017 3386 5069 καὶ
3422 5018 3819 5089 ὑπερέϐαλλον.

2237 5108 2313 5159 Οὐ
2346 5107 2505 5177 μόνον
2542 5109 2597 5161 δὲ
2618 5148 2633 5173 ,
2662 5109 2798 5163 ἀλλὰ
2830 5110 2924 5162 καὶ
2952 5110 3012 5161 τὸ
3034 5110 3133 5178 τῆς
3162 5108 3608 5180 είδωλολατρείας
3634 5112 3823 5164 ἐκκλί-

2236 5215 2417 5261 νοντες
2444 5200 2615 5269 ὄνομα
2632 5239 2647 5265 ,
2678 5199 2827 5253 οὐδὲν
2860 5200 3259 5272 είδωλολατρῶν
3283 5202 3614 5273 ἀνεκτότερα
3645 5205 3723 5266 et;
3749 5221 3817 5257 τε

2237 5289 2595 5357 Χριστιανοὺς
2625 5289 2822 5352 αὐτοὺς
2857 5292 2952 5342 καὶ
2986 5292 3065 5354 εἰς
3091 5292 3159 5343 τά
3188 5291 3297 5343 τῶν
3322 5293 3667 5362 Χριστιανῶν
3693 5295 3818 5348 θεῖα

2238 5380 2331 5432 καὶ
2381 5380 2623 5449 ἀχραντα
2673 5382 2951 5452 μυστήρια
2992 5380 3354 5446 ἐπεδείξαντο.
3401 5386 3481 5436 Δι’
3515 5385 3545 5437 ὃ
3590 5386 3814 5449 τούτους

2239 5470 2359 5537 μὲν,
2390 5471 2506 5523 ὅσοι
2537 5471 2611 5541 μὴ
2639 5474 2735 5541 τῆς
2771 5472 3078 5543 μοιχαλίδος
3105 5474 3306 5543 ταύτης
3338 5476 3432 5527 καὶ
3465 5477 3810 5547 πολυσπόρου

2236 5564 2327 5616 καὶ
2349 5565 2818 5635 συμπεφυρμένης
2850 5565 3008 5635 δόξης
3041 5569 3231 5633 φυγεῖν
3264 5566 3536 5637 ἠθέλησαν
3563 5569 3660 5638 τὴν
3683 5570 3813 5621 δυσ.

2234 5654 2471 5721 γένειαν,
2504 5656 2579 5719 ὡς
2627 5656 2757 5709 νόθα
2791 5659 2924 5728 γένη
2956 5659 3050 5710 καὶ¹
3075 5658 3283 5724 ἔκφυλα
3324 5659 3427 5728 τῆς
3458 5660 3567 5713 τῶν
3600 5661 3810 5712 πιστῶν

2235 5748 2533 5815 εὐγενείας,
2571 5750 2601 5818 ἡ
2640 5749 2768 5817 ἁγία
2802 5751 2898 5802 καὶ
2936 5751 3287 5822 οἰκουμενικὴ
3318 5751 3647 5822 διακρίνασα
3679 5750 3810 5805 σύν-

2233 5838 2349 5901 οδος
2377 5878 2391 5901 ,
2426 5840 2640 5910 δεσμοῖς
2674 5839 2891 5904 ἀλύτοις
2936 5841 3027 5894 τοῦ
3056 5841 3397 5913 ἀναθέματος
3434 5840 3804 5895 καθυπέὄαλεο
