  <div class='ocr_page' id='page_1' title='image "/cluster/home/n/w/nwhite01/storage/ocr_20150623/102/hvd.32044012543948/334.png"; bbox 0 0 4052 6444; ppageno 0'>
   <div class='ocr_carea' id='block_1_1' title="bbox 207 408 319 470">
    <p class='ocr_par' dir='ltr' id='par_1_1' title="bbox 207 408 319 470">
     <span class='ocr_line' id='line_1_1' title="bbox 207 408 319 470; baseline -0.009 0"><span class='ocrx_word' id='word_1_1' title='bbox 207 408 319 470; x_wconf 78' lang='lat'><strong>653</strong></span> 
     </span>
    </p>
   </div>
   <div class='ocr_carea' id='block_1_2' title="bbox 1366 399 2233 464">
    <p class='ocr_par' dir='ltr' id='par_1_2' title="bbox 1366 399 2233 464">
     <span class='ocr_line' id='line_1_2' title="bbox 1366 399 2233 464; baseline -0.003 0"><span class='ocrx_word' id='word_1_2' title='bbox 1366 399 1900 464; x_wconf 68' lang='lat' dir='ltr'><strong>EPLSTOLARUM</strong></span> <span class='ocrx_word' id='word_1_3' title='bbox 1939 400 2170 462; x_wconf 82' lang='lat' dir='ltr'>LIBER</span> <span class='ocrx_word' id='word_1_4' title='bbox 2205 403 2233 461; x_wconf 80' lang='grc' dir='ltr'><strong>Ι</strong></span> 
     </span>
    </p>
   </div>
   <div class='ocr_carea' id='block_1_3' title="bbox 3352 406 3458 469">
    <p class='ocr_par' dir='ltr' id='par_1_3' title="bbox 3352 406 3458 469">
     <span class='ocr_line' id='line_1_3' title="bbox 3352 406 3458 469; baseline 0.057 -6"><span class='ocrx_word' id='word_1_5' title='bbox 3352 406 3458 469; x_wconf 75' lang='grc'><strong>654</strong></span> 
     </span>
    </p>
   </div>
   <div class='ocr_carea' id='block_1_4' title="bbox 209 507 1808 583">
    <p class='ocr_par' dir='ltr' id='par_1_4' title="bbox 209 509 1787 583">
     <span class='ocr_line' id='line_1_4' title="bbox 209 509 1787 583; baseline 0.002 -18"><span class='ocrx_word' id='word_1_6' title='bbox 209 513 311 583; x_wconf 76' lang='grc' dir='ltr'><strong>τὴν</strong></span> <span class='ocrx_word' id='word_1_7' title='bbox 380 511 436 565; x_wconf 83' lang='grc' dir='ltr'>δὲ</span> <span class='ocrx_word' id='word_1_8' title='bbox 482 510 667 564; x_wconf 81' lang='grc' dir='ltr'><strong>εἰκόνα</strong></span> <span class='ocrx_word' id='word_1_9' title='bbox 723 511 959 582; x_wconf 81' lang='grc' dir='ltr'><strong>Χριστοῦ</strong></span> <span class='ocrx_word' id='word_1_10' title='bbox 1014 513 1109 566; x_wconf 91' lang='grc' dir='ltr'><strong>τοῦ</strong></span> <span class='ocrx_word' id='word_1_11' title='bbox 1143 512 1396 581; x_wconf 79' lang='grc' dir='ltr'><strong>ἀληθινοῦ</strong></span> <span class='ocrx_word' id='word_1_12' title='bbox 1431 511 1565 564; x_wconf 89' lang='grc' dir='ltr'>Θεοῦ</span> <span class='ocrx_word' id='word_1_13' title='bbox 1611 509 1787 581; x_wconf 75' lang='grc' dir='ltr'>ἡμῶν.</span> 
     </span>
    </p>
   </div>
   <div class='ocr_carea' id='block_1_5' title="bbox 1914 507 3463 583">
    <p class='ocr_par' dir='ltr' id='par_1_5' title="bbox 1914 507 3463 573">
     <span class='ocr_line' id='line_1_5' title="bbox 1914 507 3463 573; baseline 0.006 -12"><span class='ocrx_word' id='word_1_14' title='bbox 1914 509 2154 563; x_wconf 66' lang='grc' dir='ltr'>ιορίοιιιιο</span> <span class='ocrx_word' id='word_1_15' title='bbox 2182 507 2597 573; x_wconf 77' lang='lat' dir='ltr'><strong>excludendam,</strong></span> <span class='ocrx_word' id='word_1_16' title='bbox 2644 508 2864 564; x_wconf 89' lang='lat' dir='ltr'><strong>vinculo</strong></span> <span class='ocrx_word' id='word_1_17' title='bbox 2892 512 3260 569; x_wconf 89' lang='lat' dir='ltr'><strong>anathematis</strong></span> <span class='ocrx_word' id='word_1_18' title='bbox 3290 512 3463 571; x_wconf 85' lang='lat' dir='ltr'><strong>indis-</strong></span> 
     </span>
    </p>
   </div>
   <div class='ocr_carea' id='block_1_6' title="bbox 209 602 1788 673">
    <p class='ocr_par' dir='ltr' id='par_1_6' title="bbox 209 602 1788 673">
     <span class='ocr_line' id='line_1_6' title="bbox 209 602 1788 673; baseline -0.001 -14"><span class='ocrx_word' id='word_1_19' title='bbox 209 606 357 659; x_wconf 81' lang='grc' dir='ltr'><strong>κατά</strong></span> <span class='ocrx_word' id='word_1_20' title='bbox 405 603 505 666; x_wconf 81' lang='grc' dir='ltr'><strong>τὰς</strong></span> <span class='ocrx_word' id='word_1_21' title='bbox 543 602 806 657; x_wconf 80' lang='grc' dir='ltr'>ἀνέκαθεν</span> <span class='ocrx_word' id='word_1_22' title='bbox 852 605 1216 668; x_wconf 87' lang='grc' dir='ltr'>ἀποστολικάς</span> <span class='ocrx_word' id='word_1_23' title='bbox 1265 622 1327 657; x_wconf 89' lang='grc' dir='ltr'><strong>τε</strong></span> <span class='ocrx_word' id='word_1_24' title='bbox 1374 604 1468 659; x_wconf 82' lang='grc' dir='ltr'>καὶ</span> <span class='ocrx_word' id='word_1_25' title='bbox 1506 603 1788 673; x_wconf 85' lang='grc' dir='ltr'>Πατρικάς</span> 
     </span>
    </p>
   </div>
   <div class='ocr_carea' id='block_1_7' title="bbox 208 694 1790 768">
    <p class='ocr_par' dir='ltr' id='par_1_7' title="bbox 208 694 1790 768">
     <span class='ocr_line' id='line_1_7' title="bbox 208 694 1790 768; baseline -0.003 -17"><span class='ocrx_word' id='word_1_26' title='bbox 208 697 539 768; x_wconf 81' lang='grc' dir='ltr'><strong>παραδόσεις</strong></span> <span class='ocrx_word' id='word_1_27' title='bbox 557 736 573 761; x_wconf 93' lang='grc'><strong>,</strong></span> <span class='ocrx_word' id='word_1_28' title='bbox 603 697 697 749; x_wconf 79' lang='grc' dir='ltr'><strong>καὶ</strong></span> <span class='ocrx_word' id='word_1_29' title='bbox 723 696 820 759; x_wconf 87' lang='grc' dir='ltr'><strong>τὰς</strong></span> <span class='ocrx_word' id='word_1_30' title='bbox 852 696 960 749; x_wconf 91' lang='grc' dir='ltr'><strong>τῶν</strong></span> <span class='ocrx_word' id='word_1_31' title='bbox 1002 697 1162 767; x_wconf 81' lang='grc' dir='ltr'>ἱερῶν</span> <span class='ocrx_word' id='word_1_32' title='bbox 1190 696 1399 766; x_wconf 87' lang='grc' dir='ltr'>Λογίων</span> <span class='ocrx_word' id='word_1_33' title='bbox 1430 694 1790 763; x_wconf 79' lang='grc' dir='ltr'>ὲκφαντορίας</span> 
     </span>
    </p>
   </div>
   <div class='ocr_carea' id='block_1_8' title="bbox 212 786 1791 858">
    <p class='ocr_par' dir='ltr' id='par_1_8' title="bbox 212 786 1791 858">
     <span class='ocr_line' id='line_1_8' title="bbox 212 786 1791 858; baseline -0.001 -18"><span class='ocrx_word' id='word_1_34' title='bbox 212 789 311 843; x_wconf 72' lang='grc' dir='ltr'>ἐπὶ</span> <span class='ocrx_word' id='word_1_35' title='bbox 338 789 473 858; x_wconf 80' lang='grc' dir='ltr'>τιμῇ</span> <span class='ocrx_word' id='word_1_36' title='bbox 502 787 596 840; x_wconf 77' lang='grc' dir='ltr'><strong>καὶ</strong></span> <span class='ocrx_word' id='word_1_37' title='bbox 623 786 1012 858; x_wconf 81' lang='grc' dir='ltr'>σεϐασμιότητι</span> <span class='ocrx_word' id='word_1_38' title='bbox 1033 786 1129 841; x_wconf 88' lang='grc' dir='ltr'><strong>τοῦ</strong></span> <span class='ocrx_word' id='word_1_39' title='bbox 1162 786 1587 856; x_wconf 72' lang='grc' dir='ltr'>εἰκονιξομένου,</span> <span class='ocrx_word' id='word_1_40' title='bbox 1619 803 1791 855; x_wconf 76' lang='grc' dir='ltr'>προσο</span> 
     </span>
    </p>
   </div>
   <div class='ocr_carea' id='block_1_9' title="bbox 214 877 1789 951">
    <p class='ocr_par' dir='ltr' id='par_1_9' title="bbox 214 877 1789 951">
     <span class='ocr_line' id='line_1_9' title="bbox 214 877 1789 951; baseline -0.001 -19"><span class='ocrx_word' id='word_1_41' title='bbox 214 879 499 932; x_wconf 84' lang='grc' dir='ltr'>κυνεῖσθαι</span> <span class='ocrx_word' id='word_1_42' title='bbox 544 879 639 933; x_wconf 74' lang='grc' dir='ltr'><strong>καὶ</strong></span> <span class='ocrx_word' id='word_1_43' title='bbox 675 878 981 951; x_wconf 64' lang='grc' dir='ltr'>τιμᾶσθαι,</span> <span class='ocrx_word' id='word_1_44' title='bbox 1032 878 1234 949; x_wconf 69' lang='grc' dir='ltr'>ψήφοις</span> <span class='ocrx_word' id='word_1_45' title='bbox 1297 879 1537 941; x_wconf 85' lang='grc' dir='ltr'>ἀπάσαις</span> <span class='ocrx_word' id='word_1_46' title='bbox 1585 877 1789 931; x_wconf 82' lang='grc' dir='ltr'>ἐπεκύ-</span> 
     </span>
    </p>
   </div>
   <div class='ocr_carea' id='block_1_10' title="bbox 216 968 1794 1041">
    <p class='ocr_par' dir='ltr' id='par_1_10' title="bbox 216 968 1794 1041">
     <span class='ocr_line' id='line_1_10' title="bbox 216 968 1794 1041; baseline -0.003 -17"><span class='ocrx_word' id='word_1_47' title='bbox 216 970 393 1041; x_wconf 77' lang='grc' dir='ltr'>ρωσέν</span> <span class='ocrx_word' id='word_1_48' title='bbox 438 988 499 1023; x_wconf 88' lang='grc' dir='ltr'><strong>τε</strong></span> <span class='ocrx_word' id='word_1_49' title='bbox 562 973 658 1023; x_wconf 77' lang='grc' dir='ltr'><strong>καὶ</strong></span> <span class='ocrx_word' id='word_1_50' title='bbox 702 970 1165 1041; x_wconf 79' lang='grc' dir='ltr'>ὲπεσφραγίσατο·</span> <span class='ocrx_word' id='word_1_51' title='bbox 1220 969 1319 1041; x_wconf 82' lang='grc' dir='ltr'>τῆς</span> <span class='ocrx_word' id='word_1_52' title='bbox 1372 968 1794 1040; x_wconf 81' lang='grc' dir='ltr'><strong>προσκυνήσεως</strong></span> 
     </span>
    </p>
   </div>
   <div class='ocr_carea' id='block_1_11' title="bbox 215 1062 1794 1134">
    <p class='ocr_par' dir='ltr' id='par_1_11' title="bbox 215 1062 1794 1134">
     <span class='ocr_line' id='line_1_11' title="bbox 215 1062 1794 1134; baseline -0.002 -17"><span class='ocrx_word' id='word_1_53' title='bbox 215 1065 314 1117; x_wconf 75' lang='grc' dir='ltr'><strong>καὶ</strong></span> <span class='ocrx_word' id='word_1_54' title='bbox 367 1063 532 1134; x_wconf 85' lang='grc' dir='ltr'>τιμῆς</span> <span class='ocrx_word' id='word_1_55' title='bbox 570 1062 813 1134; x_wconf 88' lang='grc' dir='ltr'>δηλονότι</span> <span class='ocrx_word' id='word_1_56' title='bbox 846 1064 1301 1134; x_wconf 68' lang='grc' dir='ltr'><strong>προσαγομένης,</strong></span> <span class='ocrx_word' id='word_1_57' title='bbox 1334 1062 1455 1116; x_wconf 77' lang='grc' dir='ltr'>καθ’</span> <span class='ocrx_word' id='word_1_58' title='bbox 1484 1063 1544 1117; x_wconf 86' lang='grc' dir='ltr'>ὃν</span> <span class='ocrx_word' id='word_1_59' title='bbox 1592 1063 1794 1133; x_wconf 84' lang='grc' dir='ltr'>τρόπον</span> 
     </span>
    </p>
   </div>
   <div class='ocr_carea' id='block_1_12' title="bbox 216 1153 1795 1226">
    <p class='ocr_par' dir='ltr' id='par_1_12' title="bbox 216 1153 1795 1226">
     <span class='ocr_line' id='line_1_12' title="bbox 216 1153 1795 1226; baseline -0.002 -16"><span class='ocrx_word' id='word_1_60' title='bbox 216 1158 313 1211; x_wconf 70' lang='grc' dir='ltr'><strong>καὶ</strong></span> <span class='ocrx_word' id='word_1_61' title='bbox 340 1160 452 1220; x_wconf 83' lang='grc' dir='ltr'>τοῖς</span> <span class='ocrx_word' id='word_1_62' title='bbox 478 1155 659 1219; x_wconf 83' lang='grc' dir='ltr'>ἄλλοις</span> <span class='ocrx_word' id='word_1_63' title='bbox 694 1157 858 1225; x_wconf 80' lang='grc' dir='ltr'>ἱεροῖς</span> <span class='ocrx_word' id='word_1_64' title='bbox 879 1155 1069 1218; x_wconf 82' lang='grc' dir='ltr'><strong>τύποις</strong></span> <span class='ocrx_word' id='word_1_65' title='bbox 1098 1156 1194 1208; x_wconf 78' lang='grc' dir='ltr'>καὶ</span> <span class='ocrx_word' id='word_1_66' title='bbox 1220 1155 1508 1226; x_wconf 78' lang='grc' dir='ltr'>συμϐόλοις</span> <span class='ocrx_word' id='word_1_67' title='bbox 1536 1155 1637 1225; x_wconf 82' lang='grc' dir='ltr'>τῆς</span> <span class='ocrx_word' id='word_1_68' title='bbox 1670 1153 1795 1208; x_wconf 84' lang='grc' dir='ltr'>καθ’</span> 
     </span>
    </p>
   </div>
   <div class='ocr_carea' id='block_1_13' title="bbox 216 1249 1796 1321">
    <p class='ocr_par' dir='ltr' id='par_1_13' title="bbox 216 1249 1796 1321">
     <span class='ocr_line' id='line_1_13' title="bbox 216 1249 1796 1321; baseline -0.001 -18"><span class='ocrx_word' id='word_1_69' title='bbox 216 1252 369 1321; x_wconf 79' lang='grc' dir='ltr'>ἡμᾶς</span> <span class='ocrx_word' id='word_1_70' title='bbox 401 1250 714 1320; x_wconf 85' lang='grc' dir='ltr'><strong>ἁγιωτάτης</strong></span> <span class='ocrx_word' id='word_1_71' title='bbox 742 1249 1001 1320; x_wconf 80' lang='grc' dir='ltr'>λατρείας</span> <span class='ocrx_word' id='word_1_72' title='bbox 1031 1249 1467 1320; x_wconf 86' lang='grc' dir='ltr'>προσερχόμεθα.</span> <span class='ocrx_word' id='word_1_73' title='bbox 1494 1249 1569 1303; x_wconf 88' lang='grc' dir='ltr'>Ού</span> <span class='ocrx_word' id='word_1_74' title='bbox 1598 1249 1707 1319; x_wconf 78' lang='grc' dir='ltr'>γὰρ</span> <span class='ocrx_word' id='word_1_75' title='bbox 1738 1250 1796 1301; x_wconf 83' lang='grc' dir='ltr'>ὲν</span> 
     </span>
    </p>
   </div>
   <div class='ocr_carea' id='block_1_14' title="bbox 218 1340 1797 1414">
    <p class='ocr_par' dir='ltr' id='par_1_14' title="bbox 218 1340 1797 1414">
     <span class='ocr_line' id='line_1_14' title="bbox 218 1340 1797 1414; baseline -0.003 -17"><span class='ocrx_word' id='word_1_76' title='bbox 218 1344 404 1404; x_wconf 74' lang='grc' dir='ltr'>αὐτοῖς</span> <span class='ocrx_word' id='word_1_77' title='bbox 432 1342 669 1412; x_wconf 82' lang='grc' dir='ltr'>ἱστῶμεν</span> <span class='ocrx_word' id='word_1_78' title='bbox 707 1343 802 1397; x_wconf 70' lang='grc' dir='ltr'><strong>καὶ</strong></span> <span class='ocrx_word' id='word_1_79' title='bbox 847 1342 1343 1414; x_wconf 82' lang='grc' dir='ltr'>συμπερικλείομεν</span> <span class='ocrx_word' id='word_1_80' title='bbox 1374 1343 1472 1411; x_wconf 82' lang='grc' dir='ltr'><strong>τὴν</strong></span> <span class='ocrx_word' id='word_1_81' title='bbox 1506 1342 1672 1410; x_wconf 77' lang='grc' dir='ltr'>τιμὴν</span> <span class='ocrx_word' id='word_1_82' title='bbox 1702 1340 1797 1393; x_wconf 77' lang='grc' dir='ltr'>καὶ</span> 
     </span>
    </p>
   </div>
   <div class='ocr_carea' id='block_1_15' title="bbox 220 1431 1795 1505">
    <p class='ocr_par' dir='ltr' id='par_1_15' title="bbox 220 1431 1795 1505">
     <span class='ocr_line' id='line_1_15' title="bbox 220 1431 1795 1505; baseline -0.001 -19"><span class='ocrx_word' id='word_1_83' title='bbox 220 1434 612 1503; x_wconf 74' lang='grc' dir='ltr'>προσκύνησιν,</span> <span class='ocrx_word' id='word_1_84' title='bbox 633 1433 741 1487; x_wconf 82' lang='grc' dir='ltr'>οὐδ’</span> <span class='ocrx_word' id='word_1_85' title='bbox 760 1435 836 1496; x_wconf 77' lang='grc' dir='ltr'>εἰς</span> <span class='ocrx_word' id='word_1_86' title='bbox 855 1432 1153 1505; x_wconf 83' lang='grc' dir='ltr'>ὲτερόφυλα</span> <span class='ocrx_word' id='word_1_87' title='bbox 1170 1432 1266 1487; x_wconf 71' lang='grc' dir='ltr'>καὶ</span> <span class='ocrx_word' id='word_1_88' title='bbox 1282 1432 1517 1502; x_wconf 85' lang='grc' dir='ltr'>διάφορα</span> <span class='ocrx_word' id='word_1_89' title='bbox 1537 1431 1665 1501; x_wconf 78' lang='grc' dir='ltr'>τέλη</span> <span class='ocrx_word' id='word_1_90' title='bbox 1682 1432 1795 1502; x_wconf 69' lang='grc'><strong>(25)</strong></span> 
     </span>
    </p>
   </div>
   <div class='ocr_carea' id='block_1_16' title="bbox 223 1524 1796 1597">
    <p class='ocr_par' dir='ltr' id='par_1_16' title="bbox 223 1524 1796 1597">
     <span class='ocr_line' id='line_1_16' title="bbox 223 1524 1796 1597; baseline -0.001 -18"><span class='ocrx_word' id='word_1_91' title='bbox 223 1526 555 1597; x_wconf 82' lang='grc' dir='ltr'>σχιζόμεθα·</span> <span class='ocrx_word' id='word_1_92' title='bbox 627 1525 764 1579; x_wconf 87' lang='grc' dir='ltr'><strong>ἀλλά</strong></span> <span class='ocrx_word' id='word_1_93' title='bbox 831 1525 920 1579; x_wconf 82' lang='grc' dir='ltr'>διὰ</span> <span class='ocrx_word' id='word_1_94' title='bbox 989 1526 1086 1594; x_wconf 79' lang='grc' dir='ltr'>τῆς</span> <span class='ocrx_word' id='word_1_95' title='bbox 1152 1525 1484 1595; x_wconf 79' lang='grc' dir='ltr'>φαινομένης</span> <span class='ocrx_word' id='word_1_96' title='bbox 1541 1524 1796 1595; x_wconf 72' lang='grc' dir='ltr'>διαφόρου</span> 
     </span>
    </p>
   </div>
   <div class='ocr_carea' id='block_1_17' title="bbox 225 1615 1796 1687">
    <p class='ocr_par' dir='ltr' id='par_1_17' title="bbox 225 1615 1796 1687">
     <span class='ocr_line' id='line_1_17' title="bbox 225 1615 1796 1687; baseline -0.002 -16"><span class='ocrx_word' id='word_1_97' title='bbox 225 1620 320 1671; x_wconf 73' lang='grc' dir='ltr'>καὶ</span> <span class='ocrx_word' id='word_1_98' title='bbox 353 1618 615 1687; x_wconf 77' lang='grc' dir='ltr'>μεριστῆς</span> <span class='ocrx_word' id='word_1_99' title='bbox 660 1615 839 1669; x_wconf 81' lang='grc' dir='ltr'>αὐτῶν</span> <span class='ocrx_word' id='word_1_100' title='bbox 873 1616 1170 1686; x_wconf 87' lang='grc' dir='ltr'>Θεραπείας</span> <span class='ocrx_word' id='word_1_101' title='bbox 1206 1618 1299 1671; x_wconf 81' lang='grc' dir='ltr'><strong>καὶ</strong></span> <span class='ocrx_word' id='word_1_102' title='bbox 1337 1617 1796 1686; x_wconf 84' lang='grc' dir='ltr'>προσκυνήσεως,</span> 
     </span>
    </p>
   </div>
   <div class='ocr_carea' id='block_1_18' title="bbox 225 1708 1798 1781">
    <p class='ocr_par' dir='ltr' id='par_1_18' title="bbox 225 1708 1798 1781">
     <span class='ocr_line' id='line_1_18' title="bbox 225 1708 1798 1781; baseline -0.001 -18"><span class='ocrx_word' id='word_1_103' title='bbox 225 1709 567 1781; x_wconf 78' lang='grc' dir='ltr'>ἱεροπρεπῶς</span> <span class='ocrx_word' id='word_1_104' title='bbox 612 1726 670 1761; x_wconf 88' lang='grc' dir='ltr'><strong>τε</strong></span> <span class='ocrx_word' id='word_1_105' title='bbox 722 1709 815 1762; x_wconf 71' lang='grc' dir='ltr'><strong>καὶ</strong></span> <span class='ocrx_word' id='word_1_106' title='bbox 869 1708 1187 1778; x_wconf 79' lang='grc' dir='ltr'>ἀδιαιρέτως</span> <span class='ocrx_word' id='word_1_107' title='bbox 1236 1710 1317 1772; x_wconf 81' lang='grc' dir='ltr'><strong>είς</strong></span> <span class='ocrx_word' id='word_1_108' title='bbox 1361 1709 1460 1779; x_wconf 83' lang='grc' dir='ltr'>τὴν</span> <span class='ocrx_word' id='word_1_109' title='bbox 1502 1708 1798 1779; x_wconf 81' lang='grc' dir='ltr'>ἀμέριστον</span> 
     </span>
    </p>
   </div>
   <div class='ocr_carea' id='block_1_19' title="bbox 224 1800 1794 1874">
    <p class='ocr_par' dir='ltr' id='par_1_19' title="bbox 224 1800 1794 1874">
     <span class='ocr_line' id='line_1_19' title="bbox 224 1800 1794 1874; baseline -0.004 -15"><span class='ocrx_word' id='word_1_110' title='bbox 224 1806 443 1874; x_wconf 74' lang='grc' dir='ltr'>ἐκείνην</span> <span class='ocrx_word' id='word_1_111' title='bbox 474 1803 680 1874; x_wconf 80' lang='grc' dir='ltr'>ἑνοειδῆ</span> <span class='ocrx_word' id='word_1_112' title='bbox 713 1821 774 1856; x_wconf 90' lang='grc' dir='ltr'><strong>τε</strong></span> <span class='ocrx_word' id='word_1_113' title='bbox 805 1804 899 1857; x_wconf 66' lang='grc' dir='ltr'><strong>καὶ</strong></span> <span class='ocrx_word' id='word_1_114' title='bbox 926 1803 1173 1856; x_wconf 77' lang='grc' dir='ltr'>ἑνοποιὸν</span> <span class='ocrx_word' id='word_1_115' title='bbox 1205 1801 1435 1873; x_wconf 82' lang='grc' dir='ltr'>θεότητα</span> <span class='ocrx_word' id='word_1_116' title='bbox 1455 1800 1794 1873; x_wconf 86' lang='grc' dir='ltr'>ἀναγόμεθα.</span> 
     </span>
    </p>
   </div>
   <div class='ocr_carea' id='block_1_20' title="bbox 296 1976 1799 2055">
    <p class='ocr_par' dir='ltr' id='par_1_20' title="bbox 296 1976 1799 2055">
     <span class='ocr_line' id='line_1_20' title="bbox 296 1976 1799 2055; baseline 0.002 -22"><span class='ocrx_word' id='word_1_117' title='bbox 296 1986 366 2034; x_wconf 87' lang='grc' dir='ltr'>κ’.</span> <span class='ocrx_word' id='word_1_118' title='bbox 402 1981 558 2035; x_wconf 77' lang='grc' dir='ltr'>υῦτω</span> <span class='ocrx_word' id='word_1_119' title='bbox 600 1982 692 2034; x_wconf 76' lang='grc' dir='ltr'>τὸν</span> <span class='ocrx_word' id='word_1_120' title='bbox 719 1982 900 2052; x_wconf 85' lang='grc' dir='ltr'>τίμιον</span> <span class='ocrx_word' id='word_1_121' title='bbox 926 1982 1158 2053; x_wconf 71' lang='grc' dir='ltr'>σταυρὸν</span> <span class='ocrx_word' id='word_1_122' title='bbox 1200 1981 1633 2055; x_wconf 78' lang='grc' dir='ltr'>προσκυνοῦμενο</span> <span class='ocrx_word' id='word_1_123' title='bbox 1672 1985 1729 2036; x_wconf 82' lang='grc' dir='ltr'><strong>ἐν</strong></span> <span class='ocrx_word' id='word_1_124' title='bbox 1755 1976 1799 2051; x_wconf 84' lang='grc' dir='ltr'><strong>ᾧ</strong></span> 
     </span>
    </p>
   </div>
   <div class='ocr_carea' id='block_1_21' title="bbox 223 2072 1800 2145">
    <p class='ocr_par' dir='ltr' id='par_1_21' title="bbox 223 2072 1800 2145">
     <span class='ocr_line' id='line_1_21' title="bbox 223 2072 1800 2145; baseline 0.004 -21"><span class='ocrx_word' id='word_1_125' title='bbox 223 2072 286 2125; x_wconf 82' lang='grc' dir='ltr'>τὸ</span> <span class='ocrx_word' id='word_1_126' title='bbox 318 2074 646 2126; x_wconf 72' lang='grc' dir='ltr'>Δεσποτικδν</span> <span class='ocrx_word' id='word_1_127' title='bbox 673 2073 998 2144; x_wconf 78' lang='grc' dir='ltr'>ἐξετανύσθη</span> <span class='ocrx_word' id='word_1_128' title='bbox 1040 2075 1220 2145; x_wconf 91' lang='grc' dir='ltr'>σῶμα,</span> <span class='ocrx_word' id='word_1_129' title='bbox 1263 2075 1356 2127; x_wconf 71' lang='grc' dir='ltr'><strong>καὶ</strong></span> <span class='ocrx_word' id='word_1_130' title='bbox 1379 2076 1440 2128; x_wconf 86' lang='grc' dir='ltr'><strong>τὸ</strong></span> <span class='ocrx_word' id='word_1_131' title='bbox 1462 2076 1557 2129; x_wconf 88' lang='grc' dir='ltr'><strong>τοῦ</strong></span> <span class='ocrx_word' id='word_1_132' title='bbox 1596 2077 1800 2145; x_wconf 85' lang='grc' dir='ltr'>κόσμου</span> 
     </span>
    </p>
   </div>
   <div class='ocr_carea' id='block_1_22' title="bbox 224 2162 1802 2237">
    <p class='ocr_par' dir='ltr' id='par_1_22' title="bbox 224 2162 1802 2237">
     <span class='ocr_line' id='line_1_22' title="bbox 224 2162 1802 2237; baseline 0.003 -20"><span class='ocrx_word' id='word_1_133' title='bbox 224 2165 524 2235; x_wconf 74' lang='grc' dir='ltr'>καθάρσιον</span> <span class='ocrx_word' id='word_1_134' title='bbox 556 2165 848 2219; x_wconf 76' lang='grc' dir='ltr'>ἀνέϐλυσεν</span> <span class='ocrx_word' id='word_1_135' title='bbox 881 2162 1042 2236; x_wconf 82' lang='grc' dir='ltr'>αἷμα·</span> <span class='ocrx_word' id='word_1_136' title='bbox 1082 2167 1177 2221; x_wconf 79' lang='grc' dir='ltr'><strong>καὶ</strong></span> <span class='ocrx_word' id='word_1_137' title='bbox 1224 2168 1258 2237; x_wconf 87' lang='grc' dir='ltr'><strong>ή</strong></span> <span class='ocrx_word' id='word_1_138' title='bbox 1300 2167 1397 2220; x_wconf 91' lang='grc' dir='ltr'><strong>τοῦ</strong></span> <span class='ocrx_word' id='word_1_139' title='bbox 1443 2168 1602 2235; x_wconf 81' lang='grc' dir='ltr'>ξύλου</span> <span class='ocrx_word' id='word_1_140' title='bbox 1640 2167 1802 2237; x_wconf 81' lang='grc' dir='ltr'>φύσις</span> 
     </span>
    </p>
   </div>
   <div class='ocr_carea' id='block_1_23' title="bbox 224 2256 1803 2332">
    <p class='ocr_par' dir='ltr' id='par_1_23' title="bbox 224 2256 1803 2332">
     <span class='ocr_line' id='line_1_23' title="bbox 224 2256 1803 2332; baseline 0.003 -23"><span class='ocrx_word' id='word_1_141' title='bbox 224 2259 344 2318; x_wconf 82' lang='grc' dir='ltr'>ταῖς</span> <span class='ocrx_word' id='word_1_142' title='bbox 367 2256 575 2309; x_wconf 70' lang='grc' dir='ltr'>ἐκεῖθεν</span> <span class='ocrx_word' id='word_1_143' title='bbox 606 2259 756 2327; x_wconf 78' lang='grc' dir='ltr'>ῥοαῖς</span> <span class='ocrx_word' id='word_1_144' title='bbox 777 2257 1100 2329; x_wconf 86' lang='grc' dir='ltr'>ἀρδευθεῖσα</span> <span class='ocrx_word' id='word_1_145' title='bbox 1123 2259 1221 2330; x_wconf 84' lang='grc' dir='ltr'>τὴν</span> <span class='ocrx_word' id='word_1_146' title='bbox 1245 2260 1437 2330; x_wconf 82' lang='grc' dir='ltr'>ἀγήρω</span> <span class='ocrx_word' id='word_1_147' title='bbox 1466 2259 1611 2332; x_wconf 79' lang='grc' dir='ltr'>ζωὴν</span> <span class='ocrx_word' id='word_1_148' title='bbox 1642 2261 1803 2319; x_wconf 75' lang='grc' dir='ltr'>ἐϐλά-</span> 
     </span>
    </p>
   </div>
   <div class='ocr_carea' id='block_1_24' title="bbox 228 2348 1803 2417">
    <p class='ocr_par' dir='ltr' id='par_1_24' title="bbox 228 2348 1803 2417">
     <span class='ocr_line' id='line_1_24' title="bbox 228 2348 1803 2417; baseline 0.004 -17"><span class='ocrx_word' id='word_1_149' title='bbox 228 2366 427 2417; x_wconf 82' lang='grc' dir='ltr'>στησεν</span> <span class='ocrx_word' id='word_1_150' title='bbox 458 2349 577 2402; x_wconf 75' lang='grc' dir='ltr'>ἀντὶ</span> <span class='ocrx_word' id='word_1_151' title='bbox 602 2348 697 2401; x_wconf 89' lang='grc' dir='ltr'><strong>τοῦ</strong></span> <span class='ocrx_word' id='word_1_152' title='bbox 724 2348 977 2405; x_wconf 82' lang='grc' dir='ltr'>θανάτου.</span> <span class='ocrx_word' id='word_1_153' title='bbox 1009 2348 1166 2403; x_wconf 80' lang='grc' dir='ltr'>Οὕτω</span> <span class='ocrx_word' id='word_1_154' title='bbox 1190 2351 1283 2404; x_wconf 86' lang='grc' dir='ltr'><strong>τὸν</strong></span> <span class='ocrx_word' id='word_1_155' title='bbox 1315 2351 1484 2405; x_wconf 86' lang='grc' dir='ltr'>τύπον</span> <span class='ocrx_word' id='word_1_156' title='bbox 1514 2352 1607 2405; x_wconf 89' lang='grc' dir='ltr'><strong>τοῦ</strong></span> <span class='ocrx_word' id='word_1_157' title='bbox 1638 2370 1803 2406; x_wconf 83' lang='grc' dir='ltr'>σταυ-</span> 
     </span>
    </p>
   </div>
   <div class='ocr_carea' id='block_1_25' title="bbox 227 2436 1801 2517">
    <p class='ocr_par' dir='ltr' id='par_1_25' title="bbox 227 2436 1801 2517">
     <span class='ocr_line' id='line_1_25' title="bbox 227 2436 1801 2517; baseline 0.004 -25"><span class='ocrx_word' id='word_1_158' title='bbox 227 2441 326 2509; x_wconf 89' lang='grc' dir='ltr'><strong>ροῦ</strong></span> <span class='ocrx_word' id='word_1_159' title='bbox 355 2440 790 2511; x_wconf 80' lang='grc' dir='ltr'>προσκυνοῦμεν,</span> <span class='ocrx_word' id='word_1_160' title='bbox 822 2442 890 2495; x_wconf 84' lang='grc' dir='ltr'>δι’</span> <span class='ocrx_word' id='word_1_161' title='bbox 916 2436 976 2497; x_wconf 77' lang='grc' dir='ltr'>οὗ</span> <span class='ocrx_word' id='word_1_162' title='bbox 1004 2442 1276 2513; x_wconf 83' lang='grc' dir='ltr'>δαιμόνων</span> <span class='ocrx_word' id='word_1_163' title='bbox 1300 2443 1584 2498; x_wconf 81' lang='grc' dir='ltr'>ἐλαύνεται</span> <span class='ocrx_word' id='word_1_164' title='bbox 1614 2445 1801 2517; x_wconf 88' lang='grc' dir='ltr'>στίφη,</span> 
     </span>
    </p>
   </div>
   <div class='ocr_carea' id='block_1_26' title="bbox 228 2533 1804 2610">
    <p class='ocr_par' dir='ltr' id='par_1_26' title="bbox 228 2533 1804 2610">
     <span class='ocr_line' id='line_1_26' title="bbox 228 2533 1804 2610; baseline 0.004 -24"><span class='ocrx_word' id='word_1_165' title='bbox 228 2536 324 2586; x_wconf 77' lang='grc' dir='ltr'><strong>καὶ</strong></span> <span class='ocrx_word' id='word_1_166' title='bbox 377 2533 523 2605; x_wconf 82' lang='grc' dir='ltr'>πάθη</span> <span class='ocrx_word' id='word_1_167' title='bbox 577 2533 936 2605; x_wconf 84' lang='grc' dir='ltr'>θεραπεύεται</span> <span class='ocrx_word' id='word_1_168' title='bbox 982 2535 1222 2588; x_wconf 80' lang='grc' dir='ltr'>ποικίλα·</span> <span class='ocrx_word' id='word_1_169' title='bbox 1279 2536 1379 2607; x_wconf 82' lang='grc' dir='ltr'>τῆς</span> <span class='ocrx_word' id='word_1_170' title='bbox 1415 2536 1563 2604; x_wconf 76' lang='grc' dir='ltr'>ἅπαξ</span> <span class='ocrx_word' id='word_1_171' title='bbox 1610 2541 1668 2592; x_wconf 84' lang='grc' dir='ltr'>ὲν</span> <span class='ocrx_word' id='word_1_172' title='bbox 1727 2538 1804 2610; x_wconf 85' lang='grc' dir='ltr'>τῷ</span> 
     </span>
    </p>
   </div>
   <div class='ocr_carea' id='block_1_27' title="bbox 228 2626 1803 2703">
    <p class='ocr_par' dir='ltr' id='par_1_27' title="bbox 228 2626 1803 2703">
     <span class='ocr_line' id='line_1_27' title="bbox 228 2626 1803 2703; baseline 0.004 -23"><span class='ocrx_word' id='word_1_173' title='bbox 228 2626 572 2698; x_wconf 85' lang='grc' dir='ltr'>πρωτοτύπῳ</span> <span class='ocrx_word' id='word_1_174' title='bbox 632 2629 855 2699; x_wconf 85' lang='grc' dir='ltr'>χάριτος</span> <span class='ocrx_word' id='word_1_175' title='bbox 908 2630 1002 2683; x_wconf 75' lang='grc' dir='ltr'><strong>καὶ</strong></span> <span class='ocrx_word' id='word_1_176' title='bbox 1045 2629 1327 2701; x_wconf 85' lang='grc' dir='ltr'>δυνάμεως</span> <span class='ocrx_word' id='word_1_177' title='bbox 1378 2632 1803 2703; x_wconf 86' lang='grc' dir='ltr'>ὲνεργηθείσης,</span> 
     </span>
    </p>
   </div>
   <div class='ocr_carea' id='block_1_28' title="bbox 230 2720 1805 2795">
    <p class='ocr_par' dir='ltr' id='par_1_28' title="bbox 230 2720 1805 2795">
     <span class='ocr_line' id='line_1_28' title="bbox 230 2720 1805 2795; baseline 0.003 -22"><span class='ocrx_word' id='word_1_178' title='bbox 230 2721 325 2773; x_wconf 79' lang='grc' dir='ltr'>καὶ</span> <span class='ocrx_word' id='word_1_179' title='bbox 381 2720 576 2789; x_wconf 78' lang='grc' dir='ltr'>μέχρις</span> <span class='ocrx_word' id='word_1_180' title='bbox 630 2720 809 2795; x_wconf 71' lang='grc' dir='ltr'>αύτῶν</span> <span class='ocrx_word' id='word_1_181' title='bbox 859 2720 968 2773; x_wconf 88' lang='grc' dir='ltr'><strong>τῶν</strong></span> <span class='ocrx_word' id='word_1_182' title='bbox 1016 2720 1226 2787; x_wconf 87' lang='grc' dir='ltr'>τύπων,</span> <span class='ocrx_word' id='word_1_183' title='bbox 1272 2723 1411 2792; x_wconf 85' lang='grc' dir='ltr'><strong>μετά</strong></span> <span class='ocrx_word' id='word_1_184' title='bbox 1463 2723 1565 2792; x_wconf 84' lang='grc' dir='ltr'>τῆς</span> <span class='ocrx_word' id='word_1_185' title='bbox 1613 2725 1805 2795; x_wconf 80' lang='grc' dir='ltr'>ὁμοίας</span> 
     </span>
    </p>
   </div>
   <div class='ocr_carea' id='block_1_29' title="bbox 227 2812 1803 2887">
    <p class='ocr_par' dir='ltr' id='par_1_29' title="bbox 227 2812 1803 2887">
     <span class='ocr_line' id='line_1_29' title="bbox 227 2812 1803 2887; baseline 0.004 -24"><span class='ocrx_word' id='word_1_186' title='bbox 227 2812 514 2882; x_wconf 77' lang='grc' dir='ltr'>ἐνεργείας</span> <span class='ocrx_word' id='word_1_187' title='bbox 539 2812 971 2884; x_wconf 85' lang='grc' dir='ltr'>συμπροῖούσης.</span> <span class='ocrx_word' id='word_1_188' title='bbox 996 2814 1215 2868; x_wconf 87' lang='grc' dir='ltr'>Τούτων</span> <span class='ocrx_word' id='word_1_189' title='bbox 1240 2816 1531 2887; x_wconf 83' lang='grc' dir='ltr'>τοιγαροῦν</span> <span class='ocrx_word' id='word_1_190' title='bbox 1550 2816 1803 2885; x_wconf 73' lang='grc' dir='ltr'>ἕκαστον,</span> 
     </span>
    </p>
   </div>
   <div class='ocr_carea' id='block_1_30' title="bbox 227 2905 1805 2981">
    <p class='ocr_par' dir='ltr' id='par_1_30' title="bbox 227 2905 1805 2981">
     <span class='ocr_line' id='line_1_30' title="bbox 227 2905 1805 2981; baseline 0.004 -25"><span class='ocrx_word' id='word_1_191' title='bbox 227 2905 333 2973; x_wconf 84' lang='grc' dir='ltr'><strong>τήν</strong></span> <span class='ocrx_word' id='word_1_192' title='bbox 355 2920 415 2957; x_wconf 86' lang='grc' dir='ltr'><strong>τε</strong></span> <span class='ocrx_word' id='word_1_193' title='bbox 444 2905 679 2975; x_wconf 81' lang='grc' dir='ltr'>Χριστοῦ</span> <span class='ocrx_word' id='word_1_194' title='bbox 704 2907 887 2960; x_wconf 87' lang='grc' dir='ltr'>εἰκόνα</span> <span class='ocrx_word' id='word_1_195' title='bbox 917 2908 1081 2976; x_wconf 77' lang='grc' dir='ltr'>φημὶ,</span> <span class='ocrx_word' id='word_1_196' title='bbox 1117 2908 1211 2961; x_wconf 70' lang='grc' dir='ltr'><strong>καὶ</strong></span> <span class='ocrx_word' id='word_1_197' title='bbox 1237 2908 1401 2962; x_wconf 77' lang='grc' dir='ltr'>αὑτὸν</span> <span class='ocrx_word' id='word_1_198' title='bbox 1429 2909 1521 2963; x_wconf 77' lang='grc' dir='ltr'><strong>τὸν</strong></span> <span class='ocrx_word' id='word_1_199' title='bbox 1550 2910 1805 2981; x_wconf 73' lang='grc' dir='ltr'>σταυρὸν,</span> 
     </span>
    </p>
   </div>
   <div class='ocr_carea' id='block_1_31' title="bbox 229 2994 1805 3073">
    <p class='ocr_par' dir='ltr' id='par_1_31' title="bbox 229 2994 1805 3073">
     <span class='ocr_line' id='line_1_31' title="bbox 229 2994 1805 3073; baseline 0.005 -26"><span class='ocrx_word' id='word_1_200' title='bbox 229 2997 330 3048; x_wconf 75' lang='grc' dir='ltr'><strong>καὶ</strong></span> <span class='ocrx_word' id='word_1_201' title='bbox 349 2994 414 3065; x_wconf 84' lang='grc' dir='ltr'>δὴ</span> <span class='ocrx_word' id='word_1_202' title='bbox 450 2995 544 3048; x_wconf 76' lang='grc' dir='ltr'><strong>καὶ</strong></span> <span class='ocrx_word' id='word_1_203' title='bbox 571 2995 667 3048; x_wconf 87' lang='grc' dir='ltr'><strong>τοῦ</strong></span> <span class='ocrx_word' id='word_1_204' title='bbox 699 2995 933 3069; x_wconf 83' lang='grc' dir='ltr'>σταυροῦ</span> <span class='ocrx_word' id='word_1_205' title='bbox 966 2999 1058 3051; x_wconf 87' lang='grc' dir='ltr'><strong>τὸν</strong></span> <span class='ocrx_word' id='word_1_206' title='bbox 1092 2998 1285 3064; x_wconf 85' lang='grc' dir='ltr'>τύπον,</span> <span class='ocrx_word' id='word_1_207' title='bbox 1316 3001 1712 3072; x_wconf 76' lang='grc' dir='ltr'>παραπλησίως</span> <span class='ocrx_word' id='word_1_208' title='bbox 1738 3005 1805 3073; x_wconf 86' lang='grc' dir='ltr'>τῇ</span> 
     </span>
    </p>
   </div>
   <div class='ocr_carea' id='block_1_32' title="bbox 233 3086 1808 3162">
    <p class='ocr_par' dir='ltr' id='par_1_32' title="bbox 233 3086 1808 3162">
     <span class='ocr_line' id='line_1_32' title="bbox 233 3086 1808 3162; baseline 0.006 -24"><span class='ocrx_word' id='word_1_209' title='bbox 233 3086 626 3157; x_wconf 79' lang='grc' dir='ltr'>σεϐασμιότητι</span> <span class='ocrx_word' id='word_1_210' title='bbox 677 3090 770 3142; x_wconf 80' lang='grc' dir='ltr'>καὶ</span> <span class='ocrx_word' id='word_1_211' title='bbox 814 3090 1182 3162; x_wconf 87' lang='grc' dir='ltr'>προσκυνήσει</span> <span class='ocrx_word' id='word_1_212' title='bbox 1223 3090 1593 3162; x_wconf 84' lang='grc' dir='ltr'>ὲξοσιοῦντες,</span> <span class='ocrx_word' id='word_1_213' title='bbox 1622 3095 1723 3149; x_wconf 84' lang='grc' dir='ltr'><strong>οὐκ</strong></span> <span class='ocrx_word' id='word_1_214' title='bbox 1750 3097 1808 3148; x_wconf 86' lang='grc' dir='ltr'><strong>ὲν</strong></span> 
     </span>
    </p>
   </div>
   <div class='ocr_carea' id='block_1_33' title="bbox 229 3179 1809 3260">
    <p class='ocr_par' dir='ltr' id='par_1_33' title="bbox 229 3179 1809 3260">
     <span class='ocr_line' id='line_1_33' title="bbox 229 3179 1809 3260; baseline 0.008 -30"><span class='ocrx_word' id='word_1_215' title='bbox 229 3179 418 3243; x_wconf 76' lang='grc' dir='ltr'>αὐτοῖς</span> <span class='ocrx_word' id='word_1_216' title='bbox 470 3180 888 3251; x_wconf 85' lang='grc' dir='ltr'>περιγράφομεν</span> <span class='ocrx_word' id='word_1_217' title='bbox 936 3183 1032 3236; x_wconf 77' lang='grc' dir='ltr'><strong>καὶ</strong></span> <span class='ocrx_word' id='word_1_218' title='bbox 1082 3186 1468 3255; x_wconf 76' lang='grc' dir='ltr'>περιορίξομεν</span> <span class='ocrx_word' id='word_1_219' title='bbox 1511 3187 1607 3259; x_wconf 85' lang='grc' dir='ltr'><strong>τὴν</strong></span> <span class='ocrx_word' id='word_1_220' title='bbox 1642 3188 1809 3260; x_wconf 83' lang='grc' dir='ltr'>τιμὴν</span> 
     </span>
    </p>
   </div>
   <div class='ocr_carea' id='block_1_34' title="bbox 232 3274 1813 3352">
    <p class='ocr_par' dir='ltr' id='par_1_34' title="bbox 232 3274 1813 3352">
     <span class='ocr_line' id='line_1_34' title="bbox 232 3274 1813 3352; baseline 0.006 -26"><span class='ocrx_word' id='word_1_221' title='bbox 232 3274 332 3326; x_wconf 73' lang='grc' dir='ltr'><strong>καὶ</strong></span> <span class='ocrx_word' id='word_1_222' title='bbox 363 3274 425 3327; x_wconf 79' lang='grc' dir='ltr'><strong>τὸ</strong></span> <span class='ocrx_word' id='word_1_223' title='bbox 456 3274 639 3337; x_wconf 76' lang='grc' dir='ltr'>σέϐας,</span> <span class='ocrx_word' id='word_1_224' title='bbox 674 3274 791 3327; x_wconf 85' lang='grc' dir='ltr'>ἁλλ’</span> <span class='ocrx_word' id='word_1_225' title='bbox 821 3277 902 3339; x_wconf 78' lang='grc' dir='ltr'><strong>εἰς</strong></span> <span class='ocrx_word' id='word_1_226' title='bbox 931 3278 1021 3330; x_wconf 79' lang='grc' dir='ltr'>τὸν</span> <span class='ocrx_word' id='word_1_227' title='bbox 1055 3278 1121 3331; x_wconf 83' lang='grc' dir='ltr'>δι’</span> <span class='ocrx_word' id='word_1_228' title='bbox 1143 3280 1293 3349; x_wconf 82' lang='grc' dir='ltr'>ἡμᾶς</span> <span class='ocrx_word' id='word_1_229' title='bbox 1316 3281 1813 3352; x_wconf 81' lang='grc' dir='ltr'>ὲνανθρωπήσαντα</span> 
     </span>
    </p>
   </div>
   <div class='ocr_carea' id='block_1_35' title="bbox 234 3365 1816 3443">
    <p class='ocr_par' dir='ltr' id='par_1_35' title="bbox 234 3365 1816 3443">
     <span class='ocr_line' id='line_1_35' title="bbox 234 3365 1816 3443; baseline 0.006 -27"><span class='ocrx_word' id='word_1_230' title='bbox 234 3365 459 3434; x_wconf 83' lang='grc' dir='ltr'>πλούτῳ</span> <span class='ocrx_word' id='word_1_231' title='bbox 499 3366 910 3436; x_wconf 81' lang='grc' dir='ltr'>φιλανθρωπίας</span> <span class='ocrx_word' id='word_1_232' title='bbox 954 3369 1168 3437; x_wconf 63' lang='grc' dir='ltr'>ἀφάτῳ,</span> <span class='ocrx_word' id='word_1_233' title='bbox 1218 3370 1316 3423; x_wconf 73' lang='grc' dir='ltr'><strong>καὶ</strong></span> <span class='ocrx_word' id='word_1_234' title='bbox 1352 3372 1443 3423; x_wconf 80' lang='grc' dir='ltr'><strong>τὸν</strong></span> <span class='ocrx_word' id='word_1_235' title='bbox 1488 3373 1626 3442; x_wconf 86' lang='grc' dir='ltr'>ὑπὲρ</span> <span class='ocrx_word' id='word_1_236' title='bbox 1660 3372 1816 3443; x_wconf 86' lang='grc' dir='ltr'>ήμῶν</span> 
     </span>
    </p>
   </div>
   <div class='ocr_carea' id='block_1_36' title="bbox 236 3457 1817 3529">
    <p class='ocr_par' dir='ltr' id='par_1_36' title="bbox 236 3457 1817 3529">
     <span class='ocr_line' id='line_1_36' title="bbox 236 3457 1817 3529; baseline 0.007 -23"><span class='ocrx_word' id='word_1_237' title='bbox 236 3457 607 3510; x_wconf 80' lang='grc' dir='ltr'>ἐπονείδιστον</span> <span class='ocrx_word' id='word_1_238' title='bbox 653 3457 882 3511; x_wconf 87' lang='grc' dir='ltr'>θάνατον</span> <span class='ocrx_word' id='word_1_239' title='bbox 916 3459 1181 3522; x_wconf 78' lang='grc' dir='ltr'>ἑκουσίως</span> <span class='ocrx_word' id='word_1_240' title='bbox 1230 3462 1603 3529; x_wconf 82' lang='grc' dir='ltr'>ύπενεγκόντα</span> <span class='ocrx_word' id='word_1_241' title='bbox 1631 3505 1646 3528; x_wconf 96' lang='grc'><strong>,</strong></span> <span class='ocrx_word' id='word_1_242' title='bbox 1687 3464 1817 3517; x_wconf 86' lang='grc' dir='ltr'>ταύ-</span> 
     </span>
    </p>
   </div>
   <div class='ocr_carea' id='block_1_37' title="bbox 232 3547 1817 3621">
    <p class='ocr_par' dir='ltr' id='par_1_37' title="bbox 232 3547 1817 3621">
     <span class='ocr_line' id='line_1_37' title="bbox 232 3547 1817 3621; baseline 0.009 -26"><span class='ocrx_word' id='word_1_243' title='bbox 232 3564 345 3616; x_wconf 81' lang='grc' dir='ltr'><strong>την</strong></span> <span class='ocrx_word' id='word_1_244' title='bbox 378 3547 722 3618; x_wconf 85' lang='grc' dir='ltr'>ἁναφέρομεν</span> <span class='ocrx_word' id='word_1_245' title='bbox 748 3549 843 3602; x_wconf 76' lang='grc' dir='ltr'><strong>καὶ</strong></span> <span class='ocrx_word' id='word_1_246' title='bbox 875 3549 1220 3621; x_wconf 84' lang='grc' dir='ltr'>ἀνιεροῦμεν.</span> <span class='ocrx_word' id='word_1_247' title='bbox 1251 3550 1407 3605; x_wconf 75' lang='grc' dir='ltr'>Οὕτω</span> <span class='ocrx_word' id='word_1_248' title='bbox 1434 3553 1498 3621; x_wconf 82' lang='grc' dir='ltr'><strong>δὴ</strong></span> <span class='ocrx_word' id='word_1_249' title='bbox 1534 3554 1625 3606; x_wconf 68' lang='grc' dir='ltr'><strong>καὶ</strong></span> <span class='ocrx_word' id='word_1_250' title='bbox 1658 3556 1817 3618; x_wconf 83' lang='grc' dir='ltr'>ναοὺς</span> 
     </span>
    </p>
   </div>
   <div class='ocr_carea' id='block_1_38' title="bbox 237 3637 1818 3717">
    <p class='ocr_par' dir='ltr' id='par_1_38' title="bbox 237 3637 1818 3717">
     <span class='ocr_line' id='line_1_38' title="bbox 237 3637 1818 3717; baseline 0.006 -27"><span class='ocrx_word' id='word_1_251' title='bbox 237 3637 437 3704; x_wconf 87' lang='grc' dir='ltr'>ἁγίων,</span> <span class='ocrx_word' id='word_1_252' title='bbox 471 3640 565 3691; x_wconf 71' lang='grc' dir='ltr'>καὶ</span> <span class='ocrx_word' id='word_1_253' title='bbox 602 3639 838 3708; x_wconf 85' lang='grc' dir='ltr'>τάφους,</span> <span class='ocrx_word' id='word_1_254' title='bbox 885 3642 979 3694; x_wconf 78' lang='grc' dir='ltr'>καὶ</span> <span class='ocrx_word' id='word_1_255' title='bbox 1017 3642 1279 3712; x_wconf 84' lang='grc' dir='ltr'>λείψανα,</span> <span class='ocrx_word' id='word_1_256' title='bbox 1329 3646 1540 3709; x_wconf 89' lang='grc' dir='ltr'>πιστοῖς</span> <span class='ocrx_word' id='word_1_257' title='bbox 1582 3645 1818 3717; x_wconf 85' lang='grc' dir='ltr'>βρύοντα</span> 
     </span>
    </p>
   </div>
   <div class='ocr_carea' id='block_1_39' title="bbox 239 3729 1818 3806">
    <p class='ocr_par' dir='ltr' id='par_1_39' title="bbox 239 3729 1818 3806">
     <span class='ocr_line' id='line_1_39' title="bbox 239 3729 1818 3806; baseline 0.009 -25"><span class='ocrx_word' id='word_1_258' title='bbox 239 3729 419 3792; x_wconf 79' lang='grc' dir='ltr'>ίάσεις</span> <span class='ocrx_word' id='word_1_259' title='bbox 437 3732 484 3794; x_wconf 82' lang='grc'><strong>⁸,</strong></span> <span class='ocrx_word' id='word_1_260' title='bbox 524 3731 731 3798; x_wconf 81' lang='grc' dir='ltr'>πιστῶς</span> <span class='ocrx_word' id='word_1_261' title='bbox 763 3734 1198 3805; x_wconf 88' lang='grc' dir='ltr'>προσκυνοῦμεν,</span> <span class='ocrx_word' id='word_1_262' title='bbox 1231 3737 1322 3791; x_wconf 88' lang='grc' dir='ltr'><strong>τὸν</strong></span> <span class='ocrx_word' id='word_1_263' title='bbox 1358 3739 1559 3803; x_wconf 80' lang='grc' dir='ltr'>αὐτοὺς</span> <span class='ocrx_word' id='word_1_264' title='bbox 1592 3742 1611 3776; x_wconf 66' lang='grc' dir='ltr'>ι</span> <span class='ocrx_word' id='word_1_265' title='bbox 1660 3740 1818 3806; x_wconf 86' lang='grc' dir='ltr'>δοξά-</span> 
     </span>
    </p>
   </div>
   <div class='ocr_carea' id='block_1_40' title="bbox 241 3825 1821 3900">
    <p class='ocr_par' dir='ltr' id='par_1_40' title="bbox 241 3825 1821 3900">
     <span class='ocr_line' id='line_1_40' title="bbox 241 3825 1821 3900; baseline 0.008 -25"><span class='ocrx_word' id='word_1_266' title='bbox 241 3839 419 3877; x_wconf 77' lang='grc' dir='ltr'>σρντα</span> <span class='ocrx_word' id='word_1_267' title='bbox 471 3825 707 3894; x_wconf 85' lang='grc' dir='ltr'>Χριστὸν</span> <span class='ocrx_word' id='word_1_268' title='bbox 752 3825 844 3880; x_wconf 81' lang='grc' dir='ltr'>τὸν</span> <span class='ocrx_word' id='word_1_269' title='bbox 891 3827 1024 3881; x_wconf 86' lang='grc' dir='ltr'>Θεὸν</span> <span class='ocrx_word' id='word_1_270' title='bbox 1065 3828 1222 3900; x_wconf 80' lang='grc' dir='ltr'>ἡμῶν</span> <span class='ocrx_word' id='word_1_271' title='bbox 1280 3831 1675 3900; x_wconf 86' lang='grc' dir='ltr'>μεγαλύνοντες</span> <span class='ocrx_word' id='word_1_272' title='bbox 1725 3836 1821 3888; x_wconf 68' lang='grc' dir='ltr'><strong>καὶ</strong></span> 
     </span>
    </p>
   </div>
   <div class='ocr_carea' id='block_1_41' title="bbox 238 3916 1821 3990">
    <p class='ocr_par' dir='ltr' id='par_1_41' title="bbox 238 3916 1821 3990">
     <span class='ocr_line' id='line_1_41' title="bbox 238 3916 1821 3990; baseline 0.008 -23"><span class='ocrx_word' id='word_1_273' title='bbox 238 3916 715 3985; x_wconf 85' lang='grc' dir='ltr'>ἀνευφημοῦντες·</span> <span class='ocrx_word' id='word_1_274' title='bbox 758 3920 853 3973; x_wconf 76' lang='grc' dir='ltr'><strong>καὶ</strong></span> <span class='ocrx_word' id='word_1_275' title='bbox 886 3918 950 3990; x_wconf 81' lang='grc' dir='ltr'>δὴ</span> <span class='ocrx_word' id='word_1_276' title='bbox 983 3922 1080 3974; x_wconf 69' lang='grc' dir='ltr'><strong>καὶ</strong></span> <span class='ocrx_word' id='word_1_277' title='bbox 1111 3922 1165 3974; x_wconf 76' lang='grc' dir='ltr'><strong>εί</strong></span> <span class='ocrx_word' id='word_1_278' title='bbox 1191 3940 1244 3975; x_wconf 87' lang='grc' dir='ltr'><strong>τι</strong></span> <span class='ocrx_word' id='word_1_279' title='bbox 1271 3922 1511 3989; x_wconf 86' lang='grc' dir='ltr'>τούτοις,</span> <span class='ocrx_word' id='word_1_280' title='bbox 1544 3925 1687 3978; x_wconf 85' lang='grc' dir='ltr'><strong>κατά</strong></span> <span class='ocrx_word' id='word_1_281' title='bbox 1723 3926 1821 3989; x_wconf 85' lang='grc' dir='ltr'><strong>τάς</strong></span> 
     </span>
    </p>
   </div>
   <div class='ocr_carea' id='block_1_42' title="bbox 244 4006 1821 4089">
    <p class='ocr_par' dir='ltr' id='par_1_42' title="bbox 244 4006 1821 4089">
     <span class='ocr_line' id='line_1_42' title="bbox 244 4006 1821 4089; baseline 0.008 -32"><span class='ocrx_word' id='word_1_282' title='bbox 244 4006 520 4075; x_wconf 83' lang='grc' dir='ltr'>μυστικὰς</span> <span class='ocrx_word' id='word_1_283' title='bbox 553 4009 646 4061; x_wconf 78' lang='grc' dir='ltr'><strong>καὶ</strong></span> <span class='ocrx_word' id='word_1_284' title='bbox 677 4009 841 4077; x_wconf 84' lang='grc' dir='ltr'>ἁγίας</span> <span class='ocrx_word' id='word_1_285' title='bbox 888 4012 1047 4082; x_wconf 84' lang='grc' dir='ltr'>ἡμῶν</span> <span class='ocrx_word' id='word_1_286' title='bbox 1088 4013 1341 4077; x_wconf 73' lang='grc' dir='ltr'>τελετὰς,</span> <span class='ocrx_word' id='word_1_287' title='bbox 1379 4017 1496 4069; x_wconf 77' lang='grc' dir='ltr'>ἐστὶ</span> <span class='ocrx_word' id='word_1_288' title='bbox 1525 4017 1821 4089; x_wconf 85' lang='grc' dir='ltr'>παραπλή-</span> 
     </span>
    </p>
   </div>
   <div class='ocr_carea' id='block_1_43' title="bbox 243 4097 1821 4181">
    <p class='ocr_par' dir='ltr' id='par_1_43' title="bbox 243 4097 1821 4181">
     <span class='ocr_line' id='line_1_43' title="bbox 243 4097 1821 4181; baseline 0.009 -33"><span class='ocrx_word' id='word_1_289' title='bbox 243 4114 387 4163; x_wconf 89' lang='grc' dir='ltr'>σιον,</span> <span class='ocrx_word' id='word_1_290' title='bbox 434 4097 524 4152; x_wconf 79' lang='grc' dir='ltr'>διὰ</span> <span class='ocrx_word' id='word_1_291' title='bbox 570 4100 671 4171; x_wconf 84' lang='grc' dir='ltr'><strong>τῆς</strong></span> <span class='ocrx_word' id='word_1_292' title='bbox 712 4103 769 4153; x_wconf 83' lang='grc' dir='ltr'><strong>ὲν</strong></span> <span class='ocrx_word' id='word_1_293' title='bbox 811 4102 996 4167; x_wconf 78' lang='grc' dir='ltr'>αὐτοῖς</span> <span class='ocrx_word' id='word_1_294' title='bbox 1048 4106 1447 4177; x_wconf 79' lang='grc' dir='ltr'>ἐνεργουμένης</span> <span class='ocrx_word' id='word_1_295' title='bbox 1499 4108 1708 4181; x_wconf 83' lang='grc' dir='ltr'>δωρεᾶς</span> <span class='ocrx_word' id='word_1_296' title='bbox 1761 4126 1821 4161; x_wconf 87' lang='grc' dir='ltr'><strong>τε</strong></span> 
     </span>
    </p>
   </div>
   <div class='ocr_carea' id='block_1_44' title="bbox 244 4190 1824 4271">
    <p class='ocr_par' dir='ltr' id='par_1_44' title="bbox 244 4190 1824 4271">
     <span class='ocr_line' id='line_1_44' title="bbox 244 4190 1824 4271; baseline 0.007 -28"><span class='ocrx_word' id='word_1_297' title='bbox 244 4190 348 4243; x_wconf 72' lang='grc' dir='ltr'>καὶ</span> <span class='ocrx_word' id='word_1_298' title='bbox 394 4191 758 4260; x_wconf 76' lang='grc' dir='ltr'>εὐεργεσίαςο</span> <span class='ocrx_word' id='word_1_299' title='bbox 784 4234 801 4257; x_wconf 94' lang='grc'><strong>,</strong></span> <span class='ocrx_word' id='word_1_300' title='bbox 852 4195 915 4248; x_wconf 84' lang='grc' dir='ltr'><strong>τὸ</strong></span> <span class='ocrx_word' id='word_1_301' title='bbox 959 4197 1186 4267; x_wconf 86' lang='grc' dir='ltr'>ἀρχικόν</span> <span class='ocrx_word' id='word_1_302' title='bbox 1227 4216 1287 4251; x_wconf 90' lang='grc' dir='ltr'><strong>τε</strong></span> <span class='ocrx_word' id='word_1_303' title='bbox 1333 4200 1428 4253; x_wconf 80' lang='grc' dir='ltr'><strong>καὶ</strong></span> <span class='ocrx_word' id='word_1_304' title='bbox 1472 4202 1824 4271; x_wconf 84' lang='grc' dir='ltr'>πρωτουργδν</span> 
     </span>
    </p>
   </div>
   <div class='ocr_carea' id='block_1_45' title="bbox 243 4284 1825 4362">
    <p class='ocr_par' dir='ltr' id='par_1_45' title="bbox 243 4284 1825 4362">
     <span class='ocr_line' id='line_1_45' title="bbox 243 4284 1825 4362; baseline 0.006 -25"><span class='ocrx_word' id='word_1_305' title='bbox 243 4284 421 4337; x_wconf 87' lang='grc' dir='ltr'>αῐτιον</span> <span class='ocrx_word' id='word_1_306' title='bbox 453 4284 886 4358; x_wconf 79' lang='grc' dir='ltr'>ἐπιγινώσκομὲν</span> <span class='ocrx_word' id='word_1_307' title='bbox 920 4306 981 4340; x_wconf 89' lang='grc' dir='ltr'><strong>τε</strong></span> <span class='ocrx_word' id='word_1_308' title='bbox 1011 4291 1104 4342; x_wconf 73' lang='grc' dir='ltr'><strong>καὶ</strong></span> <span class='ocrx_word' id='word_1_309' title='bbox 1128 4290 1533 4362; x_wconf 76' lang='grc' dir='ltr'>δοξολογοῦμεν.</span> <span class='ocrx_word' id='word_1_310' title='bbox 1565 4294 1643 4345; x_wconf 85' lang='grc' dir='ltr'><strong>Δι’</strong></span> <span class='ocrx_word' id='word_1_311' title='bbox 1673 4293 1701 4346; x_wconf 86' lang='grc' dir='ltr'><strong>ὃ</strong></span> <span class='ocrx_word' id='word_1_312' title='bbox 1730 4294 1825 4347; x_wconf 77' lang='grc' dir='ltr'><strong>καὶ</strong></span> 
     </span>
    </p>
   </div>
   <div class='ocr_carea' id='block_1_46' title="bbox 242 4376 1826 4456">
    <p class='ocr_par' dir='ltr' id='par_1_46' title="bbox 242 4376 1826 4456">
     <span class='ocr_line' id='line_1_46' title="bbox 242 4376 1826 4456; baseline 0.006 -29"><span class='ocrx_word' id='word_1_313' title='bbox 242 4376 361 4427; x_wconf 88' lang='grc' dir='ltr'><strong>τῶν</strong></span> <span class='ocrx_word' id='word_1_314' title='bbox 390 4377 672 4447; x_wconf 85' lang='grc' dir='ltr'>μακαρίων</span> <span class='ocrx_word' id='word_1_315' title='bbox 706 4378 930 4433; x_wconf 80' lang='grc' dir='ltr'>ἐκείνων</span> <span class='ocrx_word' id='word_1_316' title='bbox 963 4380 1057 4432; x_wconf 78' lang='grc' dir='ltr'><strong>καὶ</strong></span> <span class='ocrx_word' id='word_1_317' title='bbox 1090 4380 1251 4451; x_wconf 80' lang='grc' dir='ltr'>ἱερῶν</span> <span class='ocrx_word' id='word_1_318' title='bbox 1281 4381 1541 4453; x_wconf 88' lang='grc' dir='ltr'>ἀνδρῶνὴ</span> <span class='ocrx_word' id='word_1_319' title='bbox 1570 4383 1826 4456; x_wconf 87' lang='grc' dir='ltr'>θεοφόρος</span> 
     </span>
    </p>
   </div>
   <div class='ocr_carea' id='block_1_47' title="bbox 246 4466 1823 4546">
    <p class='ocr_par' dir='ltr' id='par_1_47' title="bbox 246 4466 1823 4546">
     <span class='ocr_line' id='line_1_47' title="bbox 246 4466 1823 4546; baseline 0.008 -28"><span class='ocrx_word' id='word_1_320' title='bbox 246 4466 349 4519; x_wconf 79' lang='grc' dir='ltr'><strong>καὶ</strong></span> <span class='ocrx_word' id='word_1_321' title='bbox 377 4468 507 4535; x_wconf 89' lang='grc' dir='ltr'>ἀγία</span> <span class='ocrx_word' id='word_1_322' title='bbox 548 4470 856 4540; x_wconf 86' lang='grc' dir='ltr'>πανήγυρις</span> <span class='ocrx_word' id='word_1_323' title='bbox 887 4470 950 4523; x_wconf 82' lang='grc' dir='ltr'><strong>ού</strong></span> <span class='ocrx_word' id='word_1_324' title='bbox 998 4472 1156 4540; x_wconf 89' lang='grc' dir='ltr'>μόνον</span> <span class='ocrx_word' id='word_1_325' title='bbox 1204 4472 1302 4544; x_wconf 87' lang='grc' dir='ltr'><strong>τὴν</strong></span> <span class='ocrx_word' id='word_1_326' title='bbox 1353 4475 1538 4528; x_wconf 73' lang='grc' dir='ltr'>εἰκόνα</span> <span class='ocrx_word' id='word_1_327' title='bbox 1564 4476 1823 4546; x_wconf 87' lang='grc' dir='ltr'>Χριστοῦ,</span> 
     </span>
    </p>
   </div>
   <div class='ocr_carea' id='block_1_48' title="bbox 1892 600 3461 662">
    <p class='ocr_par' dir='ltr' id='par_1_48' title="bbox 1892 600 3461 662">
     <span class='ocr_line' id='line_1_48' title="bbox 1892 600 3461 662; baseline 0.003 -6"><span class='ocrx_word' id='word_1_328' title='bbox 1892 600 2108 656; x_wconf 88' lang='lat' dir='ltr'><strong>solubili</strong></span> <span class='ocrx_word' id='word_1_329' title='bbox 2157 601 2438 656; x_wconf 88' lang='lat' dir='ltr'><strong>innodavit</strong></span> <span class='ocrx_word' id='word_1_330' title='bbox 2477 619 2490 655; x_wconf 93' lang='lat'><strong>:</strong></span> <span class='ocrx_word' id='word_1_331' title='bbox 2531 600 2729 656; x_wconf 89' lang='lat' dir='ltr'><strong>Christi</strong></span> <span class='ocrx_word' id='word_1_332' title='bbox 2778 611 2960 657; x_wconf 91' lang='lat' dir='ltr'><strong>autem</strong></span> <span class='ocrx_word' id='word_1_333' title='bbox 3005 603 3120 658; x_wconf 87' lang='lat' dir='ltr'><strong>veri</strong></span> <span class='ocrx_word' id='word_1_334' title='bbox 3159 603 3255 659; x_wconf 90' lang='lat' dir='ltr'><strong>Dei</strong></span> <span class='ocrx_word' id='word_1_335' title='bbox 3285 606 3461 662; x_wconf 79' lang='lat' dir='ltr'><strong>nostri</strong></span> 
     </span>
    </p>
   </div>
   <div class='ocr_carea' id='block_1_49' title="bbox 1892 691 3463 768">
    <p class='ocr_par' dir='ltr' id='par_1_49' title="bbox 1892 691 3463 768">
     <span class='ocr_line' id='line_1_49' title="bbox 1892 691 3463 768; baseline 0.005 -23"><span class='ocrx_word' id='word_1_336' title='bbox 1892 691 2200 763; x_wconf 81' lang='lat' dir='ltr'><strong>imaginem,</strong></span> <span class='ocrx_word' id='word_1_337' title='bbox 2227 692 2382 763; x_wconf 83' lang='lat' dir='ltr'><strong>juxta</strong></span> <span class='ocrx_word' id='word_1_338' title='bbox 2409 691 2729 747; x_wconf 88' lang='lat' dir='ltr'><strong>traditiones</strong></span> <span class='ocrx_word' id='word_1_339' title='bbox 2762 692 2968 763; x_wconf 77' lang='lat' dir='ltr'><strong>priscas</strong></span> <span class='ocrx_word' id='word_1_340' title='bbox 2998 693 3217 749; x_wconf 83' lang='lat' dir='ltr'><strong>Patrum</strong></span> <span class='ocrx_word' id='word_1_341' title='bbox 3247 705 3304 751; x_wconf 89' lang='lat' dir='ltr'><strong>et</strong></span> <span class='ocrx_word' id='word_1_342' title='bbox 3329 711 3463 768; x_wconf 85' lang='lat' dir='ltr'><strong>apo-</strong></span> 
     </span>
    </p>
   </div>
   <div class='ocr_carea' id='block_1_50' title="bbox 1892 782 3464 852">
    <p class='ocr_par' dir='ltr' id='par_1_50' title="bbox 1892 782 3464 852">
     <span class='ocr_line' id='line_1_50' title="bbox 1892 782 3464 852; baseline 0.005 -16"><span class='ocrx_word' id='word_1_343' title='bbox 1892 782 2153 837; x_wconf 90' lang='lat' dir='ltr'><strong>stolorum</strong></span> <span class='ocrx_word' id='word_1_344' title='bbox 2181 792 2237 837; x_wconf 89' lang='lat' dir='ltr'><strong>et</strong></span> <span class='ocrx_word' id='word_1_345' title='bbox 2262 799 2540 838; x_wconf 78' lang='lat' dir='ltr'><strong>sacrorum</strong></span> <span class='ocrx_word' id='word_1_346' title='bbox 2574 784 2917 839; x_wconf 80' lang='lat' dir='ltr'><strong>oraculorum</strong></span> <span class='ocrx_word' id='word_1_347' title='bbox 2959 785 3378 852; x_wconf 85' lang='lat' dir='ltr'><strong>declarationes,</strong></span> <span class='ocrx_word' id='word_1_348' title='bbox 3408 789 3464 844; x_wconf 88' lang='lat' dir='ltr'><strong>in</strong></span> 
     </span>
    </p>
   </div>
   <div class='ocr_carea' id='block_1_51' title="bbox 1895 876 3466 946">
    <p class='ocr_par' dir='ltr' id='par_1_51' title="bbox 1895 876 3466 946">
     <span class='ocr_line' id='line_1_51' title="bbox 1895 876 3466 946; baseline 0.004 -17"><span class='ocrx_word' id='word_1_349' title='bbox 1895 876 2156 931; x_wconf 85' lang='lat' dir='ltr'><strong>honorem</strong></span> <span class='ocrx_word' id='word_1_350' title='bbox 2187 886 2241 931; x_wconf 92' lang='lat' dir='ltr'><strong>et</strong></span> <span class='ocrx_word' id='word_1_351' title='bbox 2262 877 2468 931; x_wconf 90' lang='lat' dir='ltr'><strong>cultum</strong></span> <span class='ocrx_word' id='word_1_352' title='bbox 2495 879 2873 946; x_wconf 67' lang='lat' dir='ltr'><strong>repraesentati</strong></span> <span class='ocrx_word' id='word_1_353' title='bbox 2898 878 3232 935; x_wconf 88' lang='lat' dir='ltr'><strong>adorandam</strong></span> <span class='ocrx_word' id='word_1_354' title='bbox 3277 890 3334 936; x_wconf 90' lang='lat' dir='ltr'><strong>et</strong></span> <span class='ocrx_word' id='word_1_355' title='bbox 3363 881 3466 936; x_wconf 90' lang='lat' dir='ltr'><strong>ho-</strong></span> 
     </span>
    </p>
   </div>
   <div class='ocr_carea' id='block_1_52' title="bbox 1893 970 3466 1040">
    <p class='ocr_par' dir='ltr' id='par_1_52' title="bbox 1893 970 3466 1040">
     <span class='ocr_line' id='line_1_52' title="bbox 1893 970 3466 1040; baseline 0.002 -16"><span class='ocrx_word' id='word_1_356' title='bbox 1893 971 2216 1034; x_wconf 89' lang='lat' dir='ltr'><strong>norandam,</strong></span> <span class='ocrx_word' id='word_1_357' title='bbox 2247 970 2629 1026; x_wconf 86' lang='lat' dir='ltr'><strong>communibus</strong></span> <span class='ocrx_word' id='word_1_358' title='bbox 2659 970 2931 1040; x_wconf 84' lang='lat' dir='ltr'><strong>suﬁ&#39;ragiis</strong></span> <span class='ocrx_word' id='word_1_359' title='bbox 2958 973 3155 1027; x_wconf 89' lang='lat' dir='ltr'><strong>sanciit</strong></span> <span class='ocrx_word' id='word_1_360' title='bbox 3182 982 3235 1028; x_wconf 89' lang='lat' dir='ltr'><strong>et</strong></span> <span class='ocrx_word' id='word_1_361' title='bbox 3262 973 3466 1029; x_wconf 89' lang='lat' dir='ltr'><strong>conﬁr-</strong></span> 
     </span>
    </p>
   </div>
   <div class='ocr_carea' id='block_1_53' title="bbox 1896 1060 3465 1132">
    <p class='ocr_par' dir='ltr' id='par_1_53' title="bbox 1896 1060 3465 1132">
     <span class='ocr_line' id='line_1_53' title="bbox 1896 1060 3465 1132; baseline 0.001 -16"><span class='ocrx_word' id='word_1_362' title='bbox 1896 1060 2095 1124; x_wconf 84' lang='lat' dir='ltr'><strong>mavit;</strong></span> <span class='ocrx_word' id='word_1_363' title='bbox 2126 1060 2276 1115; x_wconf 88' lang='lat' dir='ltr'><strong>cultu</strong></span> <span class='ocrx_word' id='word_1_364' title='bbox 2316 1060 2576 1115; x_wconf 84' lang='lat' dir='ltr'><strong>nimirum</strong></span> <span class='ocrx_word' id='word_1_365' title='bbox 2620 1070 2675 1116; x_wconf 90' lang='lat' dir='ltr'><strong>et</strong></span> <span class='ocrx_word' id='word_1_366' title='bbox 2726 1062 2933 1117; x_wconf 85' lang='lat' dir='ltr'><strong>honore</strong></span> <span class='ocrx_word' id='word_1_367' title='bbox 2964 1063 3043 1117; x_wconf 90' lang='lat' dir='ltr'><strong>sic</strong></span> <span class='ocrx_word' id='word_1_368' title='bbox 3074 1063 3294 1128; x_wconf 88' lang='lat' dir='ltr'><strong>habito,</strong></span> <span class='ocrx_word' id='word_1_369' title='bbox 3326 1078 3465 1132; x_wconf 92' lang='lat' dir='ltr'><strong>quo-</strong></span> 
     </span>
    </p>
   </div>
   <div class='ocr_carea' id='block_1_54' title="bbox 1897 1154 3466 1225">
    <p class='ocr_par' dir='ltr' id='par_1_54' title="bbox 1897 1154 3466 1225">
     <span class='ocr_line' id='line_1_54' title="bbox 1897 1154 3466 1225; baseline 0.003 -17"><span class='ocrx_word' id='word_1_370' title='bbox 1897 1154 2060 1209; x_wconf 91' lang='lat' dir='ltr'><strong>modo</strong></span> <span class='ocrx_word' id='word_1_371' title='bbox 2082 1168 2299 1223; x_wconf 90' lang='lat' dir='ltr'><strong>quoque</strong></span> <span class='ocrx_word' id='word_1_372' title='bbox 2328 1154 2479 1225; x_wconf 89' lang='lat' dir='ltr'><strong>signa</strong></span> <span class='ocrx_word' id='word_1_373' title='bbox 2526 1163 2581 1208; x_wconf 86' lang='lat' dir='ltr'><strong>et</strong></span> <span class='ocrx_word' id='word_1_374' title='bbox 2617 1155 2858 1225; x_wconf 86' lang='lat' dir='ltr'><strong>symbola</strong></span> <span class='ocrx_word' id='word_1_375' title='bbox 2900 1157 3234 1212; x_wconf 89' lang='lat' dir='ltr'><strong>sanctissimi</strong></span> <span class='ocrx_word' id='word_1_376' title='bbox 3290 1156 3466 1212; x_wconf 90' lang='lat' dir='ltr'><strong>nostri</strong></span> 
     </span>
    </p>
   </div>
   <div class='ocr_carea' id='block_1_55' title="bbox 1897 1245 3468 1317">
    <p class='ocr_par' dir='ltr' id='par_1_55' title="bbox 1897 1245 3468 1317">
     <span class='ocr_line' id='line_1_55' title="bbox 1897 1245 3468 1317; baseline 0.003 -18"><span class='ocrx_word' id='word_1_377' title='bbox 1897 1245 2073 1300; x_wconf 91' lang='lat' dir='ltr'><strong>cultus</strong></span> <span class='ocrx_word' id='word_1_378' title='bbox 2098 1245 2337 1300; x_wconf 88' lang='lat' dir='ltr'><strong>solemus</strong></span> <span class='ocrx_word' id='word_1_379' title='bbox 2363 1246 2662 1301; x_wconf 89' lang='lat' dir='ltr'><strong>celebrare.</strong></span> <span class='ocrx_word' id='word_1_380' title='bbox 2695 1246 2882 1317; x_wconf 79' lang='lat' dir='ltr'><strong>Neque</strong></span> <span class='ocrx_word' id='word_1_381' title='bbox 2909 1248 3052 1302; x_wconf 84' lang='lat' dir='ltr'><strong>enim</strong></span> <span class='ocrx_word' id='word_1_382' title='bbox 3087 1249 3143 1302; x_wconf 89' lang='lat' dir='ltr'><strong>in</strong></span> <span class='ocrx_word' id='word_1_383' title='bbox 3175 1249 3365 1303; x_wconf 89' lang='lat' dir='ltr'><strong>iisdem</strong></span> <span class='ocrx_word' id='word_1_384' title='bbox 3394 1249 3468 1304; x_wconf 89' lang='lat' dir='ltr'><strong>ita</strong></span> 
     </span>
    </p>
   </div>
   <div class='ocr_carea' id='block_1_56' title="bbox 1899 1338 3471 1397">
    <p class='ocr_par' dir='ltr' id='par_1_56' title="bbox 1899 1338 3471 1397">
     <span class='ocr_line' id='line_1_56' title="bbox 1899 1338 3471 1397; baseline 0.003 -5"><span class='ocrx_word' id='word_1_385' title='bbox 1899 1338 2201 1393; x_wconf 83' lang='lat' dir='ltr'><strong>insistimus</strong></span> <span class='ocrx_word' id='word_1_386' title='bbox 2224 1348 2281 1392; x_wconf 88' lang='lat' dir='ltr'><strong>ut</strong></span> <span class='ocrx_word' id='word_1_387' title='bbox 2296 1339 2502 1393; x_wconf 90' lang='lat' dir='ltr'><strong>cultum</strong></span> <span class='ocrx_word' id='word_1_388' title='bbox 2521 1348 2576 1393; x_wconf 89' lang='lat' dir='ltr'><strong>et</strong></span> <span class='ocrx_word' id='word_1_389' title='bbox 2599 1339 2859 1394; x_wconf 85' lang='lat' dir='ltr'><strong>honorem</strong></span> <span class='ocrx_word' id='word_1_390' title='bbox 2884 1340 3127 1395; x_wconf 75' lang='lat' dir='ltr'><strong>debitum</strong></span> <span class='ocrx_word' id='word_1_391' title='bbox 3146 1341 3343 1396; x_wconf 85' lang='lat' dir='ltr'><strong>ibidem</strong></span> <span class='ocrx_word' id='word_1_392' title='bbox 3359 1342 3471 1397; x_wconf 75' lang='lat' dir='ltr'><strong>cir-</strong></span> 
     </span>
    </p>
   </div>
   <div class='ocr_carea' id='block_1_57' title="bbox 1899 1429 3472 1499">
    <p class='ocr_par' dir='ltr' id='par_1_57' title="bbox 1899 1429 3472 1499">
     <span class='ocr_line' id='line_1_57' title="bbox 1899 1429 3472 1499; baseline 0.003 -16"><span class='ocrx_word' id='word_1_393' title='bbox 1899 1429 2354 1495; x_wconf 87' lang='lat' dir='ltr'><strong>cumscribamus,</strong></span> <span class='ocrx_word' id='word_1_394' title='bbox 2387 1431 2483 1484; x_wconf 91' lang='lat' dir='ltr'><strong>sed</strong></span> <span class='ocrx_word' id='word_1_395' title='bbox 2509 1445 2612 1486; x_wconf 86' lang='lat' dir='ltr'><strong>nec</strong></span> <span class='ocrx_word' id='word_1_396' title='bbox 2654 1430 2708 1483; x_wconf 91' lang='lat' dir='ltr'><strong>in</strong></span> <span class='ocrx_word' id='word_1_397' title='bbox 2737 1430 2944 1484; x_wconf 87' lang='lat' dir='ltr'><strong>alienos</strong></span> <span class='ocrx_word' id='word_1_398' title='bbox 2966 1447 2996 1483; x_wconf 90' lang='lat' dir='ltr'><strong>a</strong></span> <span class='ocrx_word' id='word_1_399' title='bbox 3027 1430 3228 1499; x_wconf 88' lang='lat' dir='ltr'><strong>pietate</strong></span> <span class='ocrx_word' id='word_1_400' title='bbox 3250 1431 3386 1487; x_wconf 89' lang='lat' dir='ltr'><strong>ﬁnes</strong></span> <span class='ocrx_word' id='word_1_401' title='bbox 3414 1440 3472 1487; x_wconf 89' lang='lat' dir='ltr'><strong>et</strong></span> 
     </span>
    </p>
   </div>
   <div class='ocr_carea' id='block_1_58' title="bbox 1899 1522 3471 1592">
    <p class='ocr_par' dir='ltr' id='par_1_58' title="bbox 1899 1522 3471 1592">
     <span class='ocr_line' id='line_1_58' title="bbox 1899 1522 3471 1592; baseline 0.002 -15"><span class='ocrx_word' id='word_1_402' title='bbox 1899 1523 2145 1577; x_wconf 88' lang='lat' dir='ltr'><strong>diversos</strong></span> <span class='ocrx_word' id='word_1_403' title='bbox 2191 1522 2560 1587; x_wconf 72' lang='lat' dir='ltr'><strong>diﬁ&#39;mdimur;</strong></span> <span class='ocrx_word' id='word_1_404' title='bbox 2603 1523 2698 1577; x_wconf 90' lang='lat' dir='ltr'><strong>sed</strong></span> <span class='ocrx_word' id='word_1_405' title='bbox 2744 1538 2841 1592; x_wconf 90' lang='lat' dir='ltr'><strong>per</strong></span> <span class='ocrx_word' id='word_1_406' title='bbox 2890 1523 3272 1590; x_wconf 86' lang='lat' dir='ltr'><strong>conspicuam,</strong></span> <span class='ocrx_word' id='word_1_407' title='bbox 3311 1525 3471 1581; x_wconf 72' lang='lat' dir='ltr'><strong>diffe-</strong></span> 
     </span>
    </p>
   </div>
   <div class='ocr_carea' id='block_1_59' title="bbox 1900 1615 3473 1688">
    <p class='ocr_par' dir='ltr' id='par_1_59' title="bbox 1900 1615 3473 1688">
     <span class='ocr_line' id='line_1_59' title="bbox 1900 1615 3473 1688; baseline 0.002 -18"><span class='ocrx_word' id='word_1_408' title='bbox 1900 1624 2110 1670; x_wconf 88' lang='lat' dir='ltr'><strong>rentem</strong></span> <span class='ocrx_word' id='word_1_409' title='bbox 2167 1625 2223 1670; x_wconf 85' lang='lat' dir='ltr'><strong>et</strong></span> <span class='ocrx_word' id='word_1_410' title='bbox 2293 1615 2520 1670; x_wconf 87' lang='lat' dir='ltr'><strong>divisam</strong></span> <span class='ocrx_word' id='word_1_411' title='bbox 2581 1630 2773 1670; x_wconf 91' lang='lat' dir='ltr'><strong>eorum</strong></span> <span class='ocrx_word' id='word_1_412' title='bbox 2826 1616 3239 1672; x_wconf 69' lang='lat' dir='ltr'><strong>venerationem</strong></span> <span class='ocrx_word' id='word_1_413' title='bbox 3307 1626 3473 1688; x_wconf 88' lang='lat' dir='ltr'><strong>atque</strong></span> 
     </span>
    </p>
   </div>
   <div class='ocr_carea' id='block_1_60' title="bbox 1900 1690 3471 1777">
    <p class='ocr_par' dir='ltr' id='par_1_60' title="bbox 1900 1690 3471 1777">
     <span class='ocr_line' id='line_1_60' title="bbox 1900 1690 3471 1777; baseline 0 -13"><span class='ocrx_word' id='word_1_414' title='bbox 1900 1708 2126 1773; x_wconf 91' lang='lat' dir='ltr'><strong>cultum,</strong></span> <span class='ocrx_word' id='word_1_415' title='bbox 2158 1709 2321 1763; x_wconf 88' lang='lat' dir='ltr'><strong>modo</strong></span> <span class='ocrx_word' id='word_1_416' title='bbox 2342 1708 2579 1777; x_wconf 89' lang='lat' dir='ltr'><strong>quodam</strong></span> <span class='ocrx_word' id='word_1_417' title='bbox 2598 1722 2755 1761; x_wconf 88' lang='lat' dir='ltr'><strong>sacro</strong></span> <span class='ocrx_word' id='word_1_418' title='bbox 2781 1716 2836 1761; x_wconf 80' lang='lat' dir='ltr'><strong>et</strong></span> <span class='ocrx_word' id='word_1_419' title='bbox 2859 1707 3043 1761; x_wconf 81' lang='lat' dir='ltr'><strong>divino</strong></span> <span class='ocrx_word' id='word_1_420' title='bbox 3066 1690 3131 1765; x_wconf 81' lang='lat' dir='ltr'><strong>ac</strong></span> <span class='ocrx_word' id='word_1_421' title='bbox 3153 1708 3471 1775; x_wconf 81' lang='lat' dir='ltr'><strong>indiscreta,</strong></span> 
     </span>
    </p>
   </div>
   <div class='ocr_carea' id='block_1_61' title="bbox 1900 1799 3476 1869">
    <p class='ocr_par' dir='ltr' id='par_1_61' title="bbox 1900 1799 3476 1869">
     <span class='ocr_line' id='line_1_61' title="bbox 1900 1799 3476 1869; baseline 0.003 -15"><span class='ocrx_word' id='word_1_422' title='bbox 1900 1800 1969 1854; x_wconf 91' lang='lat' dir='ltr'><strong>ad</strong></span> <span class='ocrx_word' id='word_1_423' title='bbox 1998 1800 2163 1861; x_wconf 86' lang='lat' dir='ltr'><strong>illam,</strong></span> <span class='ocrx_word' id='word_1_424' title='bbox 2198 1814 2317 1869; x_wconf 59' lang='lat' dir='ltr'><strong>qua}</strong></span> <span class='ocrx_word' id='word_1_425' title='bbox 2340 1809 2423 1854; x_wconf 91' lang='lat' dir='ltr'><strong>est</strong></span> <span class='ocrx_word' id='word_1_426' title='bbox 2450 1800 2708 1862; x_wconf 84' lang='lat' dir='ltr'><strong>indivisa,</strong></span> <span class='ocrx_word' id='word_1_427' title='bbox 2747 1799 2931 1866; x_wconf 90' lang='lat' dir='ltr'><strong>unica,</strong></span> <span class='ocrx_word' id='word_1_428' title='bbox 2964 1801 3116 1855; x_wconf 87' lang='lat' dir='ltr'><strong>unita</strong></span> <span class='ocrx_word' id='word_1_429' title='bbox 3141 1810 3197 1855; x_wconf 90' lang='lat' dir='ltr'><strong>et</strong></span> <span class='ocrx_word' id='word_1_430' title='bbox 3217 1801 3476 1858; x_wconf 89' lang='lat' dir='ltr'><strong>unionem</strong></span> 
     </span>
    </p>
   </div>
   <div class='ocr_carea' id='block_1_62' title="bbox 1905 1891 2949 1962">
    <p class='ocr_par' dir='ltr' id='par_1_62' title="bbox 1905 1891 2949 1962">
     <span class='ocr_line' id='line_1_62' title="bbox 1905 1891 2949 1962; baseline 0.001 -17"><span class='ocrx_word' id='word_1_431' title='bbox 1905 1906 2205 1962; x_wconf 87' lang='lat' dir='ltr'><strong>procurans</strong></span> <span class='ocrx_word' id='word_1_432' title='bbox 2234 1891 2575 1946; x_wconf 59' lang='lat' dir='ltr'><strong>divinitatem</strong></span> <span class='ocrx_word' id='word_1_433' title='bbox 2606 1891 2949 1947; x_wconf 85' lang='lat' dir='ltr'><strong>deducimur.</strong></span> 
     </span>
    </p>
   </div>
   <div class='ocr_carea' id='block_1_63' title="bbox 1974 1982 3543 2050">
    <p class='ocr_par' dir='ltr' id='par_1_63' title="bbox 1974 1982 3543 2050">
     <span class='ocr_line' id='line_1_63' title="bbox 1974 1982 3543 2050; baseline 0.002 -12"><span class='ocrx_word' id='word_1_434' title='bbox 1974 1982 2066 2038; x_wconf 75' lang='lat'><strong>20.</strong></span> <span class='ocrx_word' id='word_1_435' title='bbox 2116 1984 2198 2037; x_wconf 81' lang='lat' dir='ltr'><strong>Ad</strong></span> <span class='ocrx_word' id='word_1_436' title='bbox 2248 1984 2395 2039; x_wconf 90' lang='lat' dir='ltr'><strong>hunc</strong></span> <span class='ocrx_word' id='word_1_437' title='bbox 2446 1983 2669 2039; x_wconf 88' lang='lat' dir='ltr'><strong>modum</strong></span> <span class='ocrx_word' id='word_1_438' title='bbox 2724 1993 2779 2038; x_wconf 90' lang='lat' dir='ltr'><strong>et</strong></span> <span class='ocrx_word' id='word_1_439' title='bbox 2837 1984 3204 2039; x_wconf 80' lang='lat' dir='ltr'><strong>venerabilem</strong></span> <span class='ocrx_word' id='word_1_440' title='bbox 3260 2000 3477 2041; x_wconf 85' lang='lat' dir='ltr'><strong>crucem</strong></span> <span class='ocrx_word' id='word_1_441' title='bbox 3524 2034 3543 2050; x_wconf 90' lang='lat'><strong>,</strong></span> 
     </span>
    </p>
   </div>
   <div class='ocr_carea' id='block_1_64' title="bbox 1906 2073 3480 2149">
    <p class='ocr_par' dir='ltr' id='par_1_64' title="bbox 1906 2073 3480 2149">
     <span class='ocr_line' id='line_1_64' title="bbox 1906 2073 3480 2149; baseline 0.001 -21"><span class='ocrx_word' id='word_1_442' title='bbox 1906 2073 2215 2136; x_wconf 88' lang='lat' dir='ltr'><strong>adoramus,</strong></span> <span class='ocrx_word' id='word_1_443' title='bbox 2273 2074 2329 2128; x_wconf 89' lang='lat' dir='ltr'><strong>in</strong></span> <span class='ocrx_word' id='word_1_444' title='bbox 2376 2090 2484 2144; x_wconf 87' lang='lat' dir='ltr'><strong>qua</strong></span> <span class='ocrx_word' id='word_1_445' title='bbox 2540 2073 2755 2129; x_wconf 87' lang='lat' dir='ltr'><strong>Domini</strong></span> <span class='ocrx_word' id='word_1_446' title='bbox 2809 2090 3007 2145; x_wconf 90' lang='lat' dir='ltr'><strong>corpus</strong></span> <span class='ocrx_word' id='word_1_447' title='bbox 3060 2077 3480 2149; x_wconf 77' lang='lat' dir='ltr'><strong>extendebatur,</strong></span> 
     </span>
    </p>
   </div>
   <div class='ocr_carea' id='block_1_65' title="bbox 1908 2165 3480 2240">
    <p class='ocr_par' dir='ltr' id='par_1_65' title="bbox 1908 2165 3480 2240">
     <span class='ocr_line' id='line_1_65' title="bbox 1908 2165 3480 2240; baseline 0.004 -20"><span class='ocrx_word' id='word_1_448' title='bbox 1908 2165 2053 2221; x_wconf 91' lang='lat' dir='ltr'><strong>unde</strong></span> <span class='ocrx_word' id='word_1_449' title='bbox 2078 2166 2299 2237; x_wconf 82' lang='lat' dir='ltr'><strong>sanguis</strong></span> <span class='ocrx_word' id='word_1_450' title='bbox 2321 2167 2409 2222; x_wconf 92' lang='lat' dir='ltr'><strong>ille</strong></span> <span class='ocrx_word' id='word_1_451' title='bbox 2447 2167 2660 2222; x_wconf 89' lang='lat' dir='ltr'><strong>ebulliit</strong></span> <span class='ocrx_word' id='word_1_452' title='bbox 2685 2184 2793 2240; x_wconf 90' lang='lat' dir='ltr'><strong>quo</strong></span> <span class='ocrx_word' id='word_1_453' title='bbox 2819 2169 3055 2224; x_wconf 80' lang='lat' dir='ltr'><strong>mundus</strong></span> <span class='ocrx_word' id='word_1_454' title='bbox 3078 2169 3480 2226; x_wconf 85' lang='lat' dir='ltr'><strong>mundabatur:</strong></span> 
     </span>
    </p>
   </div>
   <div class='ocr_carea' id='block_1_66' title="bbox 1908 2257 3484 2331">
    <p class='ocr_par' dir='ltr' id='par_1_66' title="bbox 1908 2257 3484 2331">
     <span class='ocr_line' id='line_1_66' title="bbox 1908 2257 3484 2331; baseline 0.004 -20"><span class='ocrx_word' id='word_1_455' title='bbox 1908 2257 2041 2329; x_wconf 83' lang='lat' dir='ltr'><strong>ligni</strong></span> <span class='ocrx_word' id='word_1_456' title='bbox 2086 2267 2270 2313; x_wconf 90' lang='lat' dir='ltr'><strong>autem</strong></span> <span class='ocrx_word' id='word_1_457' title='bbox 2323 2268 2519 2313; x_wconf 86' lang='lat' dir='ltr'><strong>natura</strong></span> <span class='ocrx_word' id='word_1_458' title='bbox 2582 2258 2729 2314; x_wconf 89' lang='lat' dir='ltr'><strong>illius</strong></span> <span class='ocrx_word' id='word_1_459' title='bbox 2771 2258 3058 2315; x_wconf 86' lang='lat' dir='ltr'><strong>stillicidiis</strong></span> <span class='ocrx_word' id='word_1_460' title='bbox 3111 2259 3330 2331; x_wconf 82' lang='lat' dir='ltr'><strong>irrigata</strong></span> <span class='ocrx_word' id='word_1_461' title='bbox 3383 2277 3484 2331; x_wconf 88' lang='lat' dir='ltr'><strong>pro</strong></span> 
     </span>
    </p>
   </div>
   <div class='ocr_carea' id='block_1_67' title="bbox 1909 2350 3484 2422">
    <p class='ocr_par' dir='ltr' id='par_1_67' title="bbox 1909 2350 3484 2422">
     <span class='ocr_line' id='line_1_67' title="bbox 1909 2350 3484 2422; baseline 0.003 -19"><span class='ocrx_word' id='word_1_462' title='bbox 1909 2358 2083 2404; x_wconf 88' lang='lat' dir='ltr'><strong>morte</strong></span> <span class='ocrx_word' id='word_1_463' title='bbox 2120 2350 2286 2406; x_wconf 89' lang='lat' dir='ltr'><strong>vitam</strong></span> <span class='ocrx_word' id='word_1_464' title='bbox 2355 2350 2499 2405; x_wconf 87' lang='lat' dir='ltr'><strong>haud</strong></span> <span class='ocrx_word' id='word_1_465' title='bbox 2550 2360 2922 2406; x_wconf 87' lang='lat' dir='ltr'><strong>senescentem</strong></span> <span class='ocrx_word' id='word_1_466' title='bbox 2970 2351 3348 2422; x_wconf 85' lang='lat' dir='ltr'><strong>egerminavit.</strong></span> <span class='ocrx_word' id='word_1_467' title='bbox 3401 2353 3484 2407; x_wconf 83' lang='lat' dir='ltr'><strong>Ad</strong></span> 
     </span>
    </p>
   </div>
   <div class='ocr_carea' id='block_1_68' title="bbox 1912 2441 3485 2514">
    <p class='ocr_par' dir='ltr' id='par_1_68' title="bbox 1912 2441 3485 2514">
     <span class='ocr_line' id='line_1_68' title="bbox 1912 2441 3485 2514; baseline 0.003 -19"><span class='ocrx_word' id='word_1_468' title='bbox 1912 2441 2057 2495; x_wconf 91' lang='lat' dir='ltr'><strong>hunc</strong></span> <span class='ocrx_word' id='word_1_469' title='bbox 2102 2441 2322 2496; x_wconf 90' lang='lat' dir='ltr'><strong>modum</strong></span> <span class='ocrx_word' id='word_1_470' title='bbox 2369 2441 2548 2497; x_wconf 91' lang='lat' dir='ltr'><strong>crucis</strong></span> <span class='ocrx_word' id='word_1_471' title='bbox 2579 2442 2866 2497; x_wconf 85' lang='lat' dir='ltr'><strong>adoramus</strong></span> <span class='ocrx_word' id='word_1_472' title='bbox 2899 2441 3151 2513; x_wconf 72' lang='lat' dir='ltr'><strong>efﬁgiem,</strong></span> <span class='ocrx_word' id='word_1_473' title='bbox 3190 2458 3286 2514; x_wconf 92' lang='lat' dir='ltr'><strong>per</strong></span> <span class='ocrx_word' id='word_1_474' title='bbox 3321 2460 3485 2514; x_wconf 76' lang='lat' dir='ltr'><strong>quam</strong></span> 
     </span>
    </p>
   </div>
   <div class='ocr_carea' id='block_1_69' title="bbox 1910 2532 3485 2605">
    <p class='ocr_par' dir='ltr' id='par_1_69' title="bbox 1910 2532 3485 2605">
     <span class='ocr_line' id='line_1_69' title="bbox 1910 2532 3485 2605; baseline 0.004 -18"><span class='ocrx_word' id='word_1_475' title='bbox 1910 2532 2123 2604; x_wconf 88' lang='lat' dir='ltr'><strong>agmina</strong></span> <span class='ocrx_word' id='word_1_476' title='bbox 2162 2534 2471 2588; x_wconf 61' lang='lat' dir='ltr'><strong>datmonum</strong></span> <span class='ocrx_word' id='word_1_477' title='bbox 2519 2533 2851 2605; x_wconf 78' lang='lat' dir='ltr'><strong>eﬂ&#39;ugantur,</strong></span> <span class='ocrx_word' id='word_1_478' title='bbox 2900 2534 3079 2589; x_wconf 81' lang='lat' dir='ltr'><strong>morbi</strong></span> <span class='ocrx_word' id='word_1_479' title='bbox 3110 2546 3295 2591; x_wconf 87' lang='lat' dir='ltr'><strong>autem</strong></span> <span class='ocrx_word' id='word_1_480' title='bbox 3347 2537 3485 2593; x_wconf 83' lang='lat' dir='ltr'><strong>varii</strong></span> 
     </span>
    </p>
   </div>
   <div class='ocr_carea' id='block_1_70' title="bbox 1913 2625 3487 2699">
    <p class='ocr_par' dir='ltr' id='par_1_70' title="bbox 1913 2625 3487 2699">
     <span class='ocr_line' id='line_1_70' title="bbox 1913 2625 3487 2699; baseline 0.004 -20"><span class='ocrx_word' id='word_1_481' title='bbox 1913 2634 2297 2695; x_wconf 84' lang='lat' dir='ltr'><strong>persanantnr,</strong></span> <span class='ocrx_word' id='word_1_482' title='bbox 2333 2626 2593 2680; x_wconf 88' lang='lat' dir='ltr'><strong>nimirum</strong></span> <span class='ocrx_word' id='word_1_483' title='bbox 2639 2625 2727 2681; x_wconf 91' lang='lat' dir='ltr'><strong>illa</strong></span> <span class='ocrx_word' id='word_1_484' title='bbox 2772 2628 2943 2697; x_wconf 86' lang='lat' dir='ltr'><strong>gratia</strong></span> <span class='ocrx_word' id='word_1_485' title='bbox 2984 2640 3040 2683; x_wconf 88' lang='lat' dir='ltr'><strong>et</strong></span> <span class='ocrx_word' id='word_1_486' title='bbox 3082 2628 3323 2698; x_wconf 86' lang='lat' dir='ltr'><strong>potentia</strong></span> <span class='ocrx_word' id='word_1_487' title='bbox 3364 2644 3487 2699; x_wconf 69' lang='lat' dir='ltr'><strong>qua:</strong></span> 
     </span>
    </p>
   </div>
   <div class='ocr_carea' id='block_1_71' title="bbox 1913 2716 3487 2790">
    <p class='ocr_par' dir='ltr' id='par_1_71' title="bbox 1913 2716 3487 2790">
     <span class='ocr_line' id='line_1_71' title="bbox 1913 2716 3487 2790; baseline 0.004 -21"><span class='ocrx_word' id='word_1_488' title='bbox 1913 2717 2087 2786; x_wconf 88' lang='lat' dir='ltr'><strong>prima</strong></span> <span class='ocrx_word' id='word_1_489' title='bbox 2144 2716 2261 2771; x_wconf 91' lang='lat' dir='ltr'><strong>vice</strong></span> <span class='ocrx_word' id='word_1_490' title='bbox 2316 2726 2538 2787; x_wconf 88' lang='lat' dir='ltr'><strong>operata</strong></span> <span class='ocrx_word' id='word_1_491' title='bbox 2589 2727 2673 2772; x_wconf 84' lang='lat' dir='ltr'><strong>est</strong></span> <span class='ocrx_word' id='word_1_492' title='bbox 2718 2717 2772 2772; x_wconf 90' lang='lat' dir='ltr'><strong>in</strong></span> <span class='ocrx_word' id='word_1_493' title='bbox 2822 2719 3136 2790; x_wconf 73' lang='lat' dir='ltr'><strong>exemplari,</strong></span> <span class='ocrx_word' id='word_1_494' title='bbox 3187 2735 3357 2790; x_wconf 85' lang='lat' dir='ltr'><strong>usque</strong></span> <span class='ocrx_word' id='word_1_495' title='bbox 3416 2721 3487 2777; x_wconf 90' lang='lat' dir='ltr'><strong>ad</strong></span> 
     </span>
    </p>
   </div>
   <div class='ocr_carea' id='block_1_72' title="bbox 1915 2810 3491 2880">
    <p class='ocr_par' dir='ltr' id='par_1_72' title="bbox 1915 2810 3491 2880">
     <span class='ocr_line' id='line_1_72' title="bbox 1915 2810 3491 2880; baseline 0.004 -18"><span class='ocrx_word' id='word_1_496' title='bbox 1915 2810 2179 2880; x_wconf 78' lang='lat' dir='ltr'><strong>imagines</strong></span> <span class='ocrx_word' id='word_1_497' title='bbox 2213 2820 2268 2865; x_wconf 90' lang='lat' dir='ltr'><strong>et</strong></span> <span class='ocrx_word' id='word_1_498' title='bbox 2297 2812 2808 2880; x_wconf 64' lang='lat' dir='ltr'><strong>repraasentationcs</strong></span> <span class='ocrx_word' id='word_1_499' title='bbox 2838 2828 2960 2867; x_wconf 92' lang='lat' dir='ltr'><strong>cum</strong></span> <span class='ocrx_word' id='word_1_500' title='bbox 3000 2814 3305 2868; x_wconf 89' lang='lat' dir='ltr'><strong>cademmet</strong></span> <span class='ocrx_word' id='word_1_501' title='bbox 3338 2812 3389 2867; x_wconf 90' lang='lat' dir='ltr'><strong>vi</strong></span> <span class='ocrx_word' id='word_1_502' title='bbox 3430 2824 3491 2869; x_wconf 84' lang='lat' dir='ltr'><strong>et</strong></span> 
     </span>
    </p>
   </div>
   <div class='ocr_carea' id='block_1_73' title="bbox 1914 2901 3490 2977">
    <p class='ocr_par' dir='ltr' id='par_1_73' title="bbox 1914 2901 3490 2977">
     <span class='ocr_line' id='line_1_73' title="bbox 1914 2901 3490 2977; baseline 0.003 -21"><span class='ocrx_word' id='word_1_503' title='bbox 1914 2902 2229 2972; x_wconf 89' lang='lat' dir='ltr'><strong>operatione</strong></span> <span class='ocrx_word' id='word_1_504' title='bbox 2258 2903 2661 2974; x_wconf 88' lang='lat' dir='ltr'><strong>progrediente.</strong></span> <span class='ocrx_word' id='word_1_505' title='bbox 2708 2901 2931 2976; x_wconf 78' lang='lat' dir='ltr'><strong>Singula</strong></span> <span class='ocrx_word' id='word_1_506' title='bbox 3000 2904 3165 2977; x_wconf 89' lang='lat' dir='ltr'><strong>igitur</strong></span> <span class='ocrx_word' id='word_1_507' title='bbox 3213 2906 3337 2973; x_wconf 90' lang='lat' dir='ltr'><strong>isla,</strong></span> <span class='ocrx_word' id='word_1_508' title='bbox 3382 2906 3490 2962; x_wconf 88' lang='lat' dir='ltr'><strong>hoc</strong></span> 
     </span>
    </p>
   </div>
   <div class='ocr_carea' id='block_1_74' title="bbox 1915 2995 3492 3069">
    <p class='ocr_par' dir='ltr' id='par_1_74' title="bbox 1915 2995 3492 3069">
     <span class='ocr_line' id='line_1_74' title="bbox 1915 2995 3492 3069; baseline -0.001 -17"><span class='ocrx_word' id='word_1_509' title='bbox 1915 3005 2018 3059; x_wconf 89' lang='lat' dir='ltr'><strong>est,</strong></span> <span class='ocrx_word' id='word_1_510' title='bbox 2044 2995 2244 3054; x_wconf 83' lang='lat' dir='ltr'><strong>Christi</strong></span> <span class='ocrx_word' id='word_1_511' title='bbox 2270 2995 2583 3066; x_wconf 85' lang='lat' dir='ltr'><strong>imaginem,</strong></span> <span class='ocrx_word' id='word_1_512' title='bbox 2618 3005 2673 3051; x_wconf 90' lang='lat' dir='ltr'><strong>et</strong></span> <span class='ocrx_word' id='word_1_513' title='bbox 2700 2996 2987 3066; x_wconf 83' lang='lat' dir='ltr'><strong>ipsammet</strong></span> <span class='ocrx_word' id='word_1_514' title='bbox 3014 3012 3254 3060; x_wconf 91' lang='lat' dir='ltr'><strong>crucem,</strong></span> <span class='ocrx_word' id='word_1_515' title='bbox 3277 3007 3332 3052; x_wconf 92' lang='lat' dir='ltr'><strong>et</strong></span> <span class='ocrx_word' id='word_1_516' title='bbox 3359 2997 3492 3069; x_wconf 80' lang='lat' dir='ltr'><strong>ﬁgu-</strong></span> 
     </span>
    </p>
   </div>
   <div class='ocr_carea' id='block_1_75' title="bbox 1917 3088 3491 3159">
    <p class='ocr_par' dir='ltr' id='par_1_75' title="bbox 1917 3088 3491 3159">
     <span class='ocr_line' id='line_1_75' title="bbox 1917 3088 3491 3159; baseline 0.002 -17"><span class='ocrx_word' id='word_1_517' title='bbox 1917 3104 2032 3143; x_wconf 87' lang='lat' dir='ltr'><strong>ram</strong></span> <span class='ocrx_word' id='word_1_518' title='bbox 2059 3089 2257 3152; x_wconf 89' lang='lat' dir='ltr'><strong>crucis,</strong></span> <span class='ocrx_word' id='word_1_519' title='bbox 2285 3088 2401 3159; x_wconf 90' lang='lat' dir='ltr'><strong>pari</strong></span> <span class='ocrx_word' id='word_1_520' title='bbox 2430 3088 2590 3143; x_wconf 90' lang='lat' dir='ltr'><strong>modo</strong></span> <span class='ocrx_word' id='word_1_521' title='bbox 2614 3088 2916 3144; x_wconf 87' lang='lat' dir='ltr'><strong>reverentia</strong></span> <span class='ocrx_word' id='word_1_522' title='bbox 2941 3099 2997 3144; x_wconf 91' lang='lat' dir='ltr'><strong>et</strong></span> <span class='ocrx_word' id='word_1_523' title='bbox 3015 3088 3331 3145; x_wconf 88' lang='lat' dir='ltr'><strong>adoratione</strong></span> <span class='ocrx_word' id='word_1_524' title='bbox 3357 3104 3491 3145; x_wconf 89' lang='lat' dir='ltr'><strong>con-</strong></span> 
     </span>
    </p>
   </div>
   <div class='ocr_carea' id='block_1_76' title="bbox 1917 3182 3488 3249">
    <p class='ocr_par' dir='ltr' id='par_1_76' title="bbox 1917 3182 3488 3249">
     <span class='ocr_line' id='line_1_76' title="bbox 1917 3182 3488 3249; baseline -0.001 -11"><span class='ocrx_word' id='word_1_525' title='bbox 1917 3193 2214 3247; x_wconf 87' lang='lat' dir='ltr'><strong>secrantes,</strong></span> <span class='ocrx_word' id='word_1_526' title='bbox 2247 3199 2356 3237; x_wconf 89' lang='lat' dir='ltr'><strong>non</strong></span> <span class='ocrx_word' id='word_1_527' title='bbox 2396 3192 2578 3237; x_wconf 89' lang='lat' dir='ltr'><strong>tamen</strong></span> <span class='ocrx_word' id='word_1_528' title='bbox 2623 3182 2695 3238; x_wconf 90' lang='lat' dir='ltr'><strong>ita</strong></span> <span class='ocrx_word' id='word_1_529' title='bbox 2727 3182 2931 3239; x_wconf 88' lang='lat' dir='ltr'><strong>cultum</strong></span> <span class='ocrx_word' id='word_1_530' title='bbox 2969 3182 3488 3249; x_wconf 87' lang='lat' dir='ltr'><strong>circumscribimus,</strong></span> 
     </span>
    </p>
   </div>
   <div class='ocr_carea' id='block_1_77' title="bbox 1916 3274 3486 3340">
    <p class='ocr_par' dir='ltr' id='par_1_77' title="bbox 1916 3274 3486 3340">
     <span class='ocr_line' id='line_1_77' title="bbox 1916 3274 3486 3340; baseline 0.001 -13"><span class='ocrx_word' id='word_1_531' title='bbox 1916 3283 1970 3328; x_wconf 91' lang='lat' dir='ltr'><strong>et</strong></span> <span class='ocrx_word' id='word_1_532' title='bbox 1996 3274 2061 3327; x_wconf 89' lang='lat' dir='ltr'><strong>ad</strong></span> <span class='ocrx_word' id='word_1_533' title='bbox 2088 3274 2276 3327; x_wconf 91' lang='lat' dir='ltr'><strong>eadem</strong></span> <span class='ocrx_word' id='word_1_534' title='bbox 2314 3274 2692 3338; x_wconf 87' lang='lat' dir='ltr'><strong>terminamus,</strong></span> <span class='ocrx_word' id='word_1_535' title='bbox 2730 3274 2825 3327; x_wconf 88' lang='lat' dir='ltr'><strong>sed</strong></span> <span class='ocrx_word' id='word_1_536' title='bbox 2857 3274 2924 3328; x_wconf 88' lang='lat' dir='ltr'><strong>ad</strong></span> <span class='ocrx_word' id='word_1_537' title='bbox 2972 3274 3122 3329; x_wconf 90' lang='lat' dir='ltr'><strong>illum</strong></span> <span class='ocrx_word' id='word_1_538' title='bbox 3173 3274 3486 3340; x_wconf 84' lang='lat' dir='ltr'><strong>referimus,</strong></span> 
     </span>
    </p>
   </div>
   <div class='ocr_carea' id='block_1_78' title="bbox 1916 3364 3491 3437">
    <p class='ocr_par' dir='ltr' id='par_1_78' title="bbox 1916 3364 3491 3437">
     <span class='ocr_line' id='line_1_78' title="bbox 1916 3364 3491 3437; baseline 0.002 -19"><span class='ocrx_word' id='word_1_539' title='bbox 1916 3373 1971 3418; x_wconf 92' lang='lat' dir='ltr'><strong>et</strong></span> <span class='ocrx_word' id='word_1_540' title='bbox 2002 3364 2056 3418; x_wconf 89' lang='lat' dir='ltr'><strong>in</strong></span> <span class='ocrx_word' id='word_1_541' title='bbox 2092 3364 2184 3418; x_wconf 91' lang='lat' dir='ltr'><strong>illo</strong></span> <span class='ocrx_word' id='word_1_542' title='bbox 2222 3373 2433 3419; x_wconf 88' lang='lat' dir='ltr'><strong>sacrate</strong></span> <span class='ocrx_word' id='word_1_543' title='bbox 2453 3365 2765 3427; x_wconf 87' lang='lat' dir='ltr'><strong>statuimus,</strong></span> <span class='ocrx_word' id='word_1_544' title='bbox 2793 3365 2884 3434; x_wconf 90' lang='lat' dir='ltr'><strong>qui</strong></span> <span class='ocrx_word' id='word_1_545' title='bbox 2924 3380 3023 3435; x_wconf 91' lang='lat' dir='ltr'><strong>per</strong></span> <span class='ocrx_word' id='word_1_546' title='bbox 3060 3376 3117 3421; x_wconf 91' lang='lat' dir='ltr'><strong>et</strong></span> <span class='ocrx_word' id='word_1_547' title='bbox 3136 3375 3359 3437; x_wconf 81' lang='lat' dir='ltr'><strong>prepter</strong></span> <span class='ocrx_word' id='word_1_548' title='bbox 3383 3367 3491 3421; x_wconf 88' lang='lat' dir='ltr'><strong>hu-</strong></span> 
     </span>
    </p>
   </div>
   <div class='ocr_carea' id='block_1_79' title="bbox 1918 3453 3492 3523">
    <p class='ocr_par' dir='ltr' id='par_1_79' title="bbox 1918 3453 3492 3523">
     <span class='ocr_line' id='line_1_79' title="bbox 1918 3453 3492 3523; baseline 0.002 -16"><span class='ocrx_word' id='word_1_549' title='bbox 1918 3453 2063 3507; x_wconf 89' lang='lat' dir='ltr'><strong>mani</strong></span> <span class='ocrx_word' id='word_1_550' title='bbox 2101 3454 2318 3523; x_wconf 86' lang='lat' dir='ltr'><strong>generis</strong></span> <span class='ocrx_word' id='word_1_551' title='bbox 2359 3469 2601 3508; x_wconf 89' lang='lat' dir='ltr'><strong>amorem</strong></span> <span class='ocrx_word' id='word_1_552' title='bbox 2645 3455 3179 3509; x_wconf 87' lang='lat' dir='ltr'><strong>abundantissimum</strong></span> <span class='ocrx_word' id='word_1_553' title='bbox 3230 3465 3286 3511; x_wconf 89' lang='lat' dir='ltr'><strong>et</strong></span> <span class='ocrx_word' id='word_1_554' title='bbox 3333 3456 3492 3511; x_wconf 85' lang='lat' dir='ltr'><strong>inex-</strong></span> 
     </span>
    </p>
   </div>
   <div class='ocr_carea' id='block_1_80' title="bbox 1919 3550 3494 3621">
    <p class='ocr_par' dir='ltr' id='par_1_80' title="bbox 1919 3550 3494 3621">
     <span class='ocr_line' id='line_1_80' title="bbox 1919 3550 3494 3621; baseline 0 -16"><span class='ocrx_word' id='word_1_555' title='bbox 1919 3550 2227 3621; x_wconf 77' lang='lat' dir='ltr'><strong>plicabilem</strong></span> <span class='ocrx_word' id='word_1_556' title='bbox 2263 3550 2578 3606; x_wconf 89' lang='lat' dir='ltr'><strong>incarnatus</strong></span> <span class='ocrx_word' id='word_1_557' title='bbox 2612 3551 2732 3615; x_wconf 77' lang='lat' dir='ltr'><strong>fuit,</strong></span> <span class='ocrx_word' id='word_1_558' title='bbox 2769 3560 2825 3605; x_wconf 87' lang='lat' dir='ltr'><strong>et</strong></span> <span class='ocrx_word' id='word_1_559' title='bbox 2854 3560 3048 3621; x_wconf 87' lang='lat' dir='ltr'><strong>sponte</strong></span> <span class='ocrx_word' id='word_1_560' title='bbox 3087 3566 3185 3606; x_wconf 91' lang='lat' dir='ltr'><strong>sua</strong></span> <span class='ocrx_word' id='word_1_561' title='bbox 3216 3559 3273 3606; x_wconf 88' lang='lat' dir='ltr'><strong>et</strong></span> <span class='ocrx_word' id='word_1_562' title='bbox 3297 3552 3494 3607; x_wconf 87' lang='lat' dir='ltr'><strong>volun-</strong></span> 
     </span>
    </p>
   </div>
   <div class='ocr_carea' id='block_1_81' title="bbox 1921 3643 3491 3700">
    <p class='ocr_par' dir='ltr' id='par_1_81' title="bbox 1921 3643 3491 3700">
     <span class='ocr_line' id='line_1_81' title="bbox 1921 3643 3491 3700; baseline 0.001 -2"><span class='ocrx_word' id='word_1_563' title='bbox 1921 3654 2031 3698; x_wconf 84' lang='lat' dir='ltr'><strong>tate</strong></span> <span class='ocrx_word' id='word_1_564' title='bbox 2066 3643 2408 3698; x_wconf 87' lang='lat' dir='ltr'><strong>maledictam</strong></span> <span class='ocrx_word' id='word_1_565' title='bbox 2439 3643 2585 3697; x_wconf 89' lang='lat' dir='ltr'><strong>illam</strong></span> <span class='ocrx_word' id='word_1_566' title='bbox 2618 3653 2848 3698; x_wconf 88' lang='lat' dir='ltr'><strong>mortem</strong></span> <span class='ocrx_word' id='word_1_567' title='bbox 2886 3655 3072 3698; x_wconf 87' lang='lat' dir='ltr'><strong>nostra</strong></span> <span class='ocrx_word' id='word_1_568' title='bbox 3103 3658 3267 3699; x_wconf 90' lang='lat' dir='ltr'><strong>causa</strong></span> <span class='ocrx_word' id='word_1_569' title='bbox 3301 3644 3491 3700; x_wconf 86' lang='lat' dir='ltr'><strong>subiit.</strong></span> 
     </span>
    </p>
   </div>
   <div class='ocr_carea' id='block_1_82' title="bbox 1919 3736 3493 3806">
    <p class='ocr_par' dir='ltr' id='par_1_82' title="bbox 1919 3736 3493 3806">
     <span class='ocr_line' id='line_1_82' title="bbox 1919 3736 3493 3806; baseline -0.001 -15"><span class='ocrx_word' id='word_1_570' title='bbox 1919 3736 2002 3791; x_wconf 87' lang='lat' dir='ltr'><strong>Ad</strong></span> <span class='ocrx_word' id='word_1_571' title='bbox 2030 3736 2280 3790; x_wconf 89' lang='lat' dir='ltr'><strong>eumdem</strong></span> <span class='ocrx_word' id='word_1_572' title='bbox 2314 3750 2518 3789; x_wconf 91' lang='lat' dir='ltr'><strong>morem</strong></span> <span class='ocrx_word' id='word_1_573' title='bbox 2554 3744 2869 3790; x_wconf 91' lang='lat' dir='ltr'><strong>sanctorum</strong></span> <span class='ocrx_word' id='word_1_574' title='bbox 2905 3736 3177 3798; x_wconf 89' lang='lat' dir='ltr'><strong>basilicas,</strong></span> <span class='ocrx_word' id='word_1_575' title='bbox 3209 3736 3493 3806; x_wconf 89' lang='lat' dir='ltr'><strong>sepulcra,</strong></span> 
     </span>
    </p>
   </div>
   <div class='ocr_carea' id='block_1_83' title="bbox 1924 3827 3496 3899">
    <p class='ocr_par' dir='ltr' id='par_1_83' title="bbox 1924 3827 3496 3899">
     <span class='ocr_line' id='line_1_83' title="bbox 1924 3827 3496 3899; baseline 0 -17"><span class='ocrx_word' id='word_1_576' title='bbox 1924 3828 2201 3899; x_wconf 87' lang='lat' dir='ltr'><strong>reliquias,</strong></span> <span class='ocrx_word' id='word_1_577' title='bbox 2233 3827 2485 3883; x_wconf 89' lang='lat' dir='ltr'><strong>ﬁdelibus</strong></span> <span class='ocrx_word' id='word_1_578' title='bbox 2518 3828 2831 3883; x_wconf 88' lang='lat' dir='ltr'><strong>curationes</strong></span> <span class='ocrx_word' id='word_1_579' title='bbox 2860 3828 3237 3894; x_wconf 78' lang='lat' dir='ltr'><strong>exuberantia,</strong></span> <span class='ocrx_word' id='word_1_580' title='bbox 3262 3828 3496 3883; x_wconf 88' lang='lat' dir='ltr'><strong>lideliter</strong></span> 
     </span>
    </p>
   </div>
   <div class='ocr_carea' id='block_1_84' title="bbox 1922 3919 3493 3989">
    <p class='ocr_par' dir='ltr' id='par_1_84' title="bbox 1922 3919 3493 3989">
     <span class='ocr_line' id='line_1_84' title="bbox 1922 3919 3493 3989; baseline -0.002 -12"><span class='ocrx_word' id='word_1_581' title='bbox 1922 3936 2281 3988; x_wconf 83' lang='lat' dir='ltr'><strong>veneramur;</strong></span> <span class='ocrx_word' id='word_1_582' title='bbox 2307 3920 2588 3975; x_wconf 88' lang='lat' dir='ltr'><strong>Christum</strong></span> <span class='ocrx_word' id='word_1_583' title='bbox 2617 3919 2875 3974; x_wconf 88' lang='lat' dir='ltr'><strong>nimirum</strong></span> <span class='ocrx_word' id='word_1_584' title='bbox 2905 3919 3077 3974; x_wconf 89' lang='lat' dir='ltr'><strong>Deum</strong></span> <span class='ocrx_word' id='word_1_585' title='bbox 3100 3928 3370 3984; x_wconf 90' lang='lat' dir='ltr'><strong>nostrum,</strong></span> <span class='ocrx_word' id='word_1_586' title='bbox 3396 3920 3493 3989; x_wconf 91' lang='lat' dir='ltr'><strong>qui</strong></span> 
     </span>
    </p>
   </div>
   <div class='ocr_carea' id='block_1_85' title="bbox 1924 4010 3498 4083">
    <p class='ocr_par' dir='ltr' id='par_1_85' title="bbox 1924 4010 3498 4083">
     <span class='ocr_line' id='line_1_85' title="bbox 1924 4010 3498 4083; baseline -0.003 -15"><span class='ocrx_word' id='word_1_587' title='bbox 1924 4013 2003 4068; x_wconf 89' lang='lat' dir='ltr'><strong>sic</strong></span> <span class='ocrx_word' id='word_1_588' title='bbox 2034 4028 2130 4068; x_wconf 89' lang='lat' dir='ltr'><strong>eos</strong></span> <span class='ocrx_word' id='word_1_589' title='bbox 2167 4012 2506 4083; x_wconf 83' lang='lat' dir='ltr'><strong>gloriticavit,</strong></span> <span class='ocrx_word' id='word_1_590' title='bbox 2545 4012 2879 4066; x_wconf 87' lang='lat' dir='ltr'><strong>honorantes</strong></span> <span class='ocrx_word' id='word_1_591' title='bbox 2922 4020 2979 4066; x_wconf 89' lang='lat' dir='ltr'><strong>et</strong></span> <span class='ocrx_word' id='word_1_592' title='bbox 3016 4010 3270 4065; x_wconf 89' lang='lat' dir='ltr'><strong>laudibus</strong></span> <span class='ocrx_word' id='word_1_593' title='bbox 3308 4025 3498 4081; x_wconf 90' lang='lat' dir='ltr'><strong>prose-</strong></span> 
     </span>
    </p>
   </div>
   <div class='ocr_carea' id='block_1_86' title="bbox 1925 4102 3499 4175">
    <p class='ocr_par' dir='ltr' id='par_1_86' title="bbox 1925 4102 3499 4175">
     <span class='ocr_line' id='line_1_86' title="bbox 1925 4102 3499 4175; baseline -0.003 -15"><span class='ocrx_word' id='word_1_594' title='bbox 1925 4114 2175 4175; x_wconf 87' lang='lat' dir='ltr'><strong>quentes.</strong></span> <span class='ocrx_word' id='word_1_595' title='bbox 2212 4103 2367 4171; x_wconf 86' lang='lat' dir='ltr'><strong>Quod</strong></span> <span class='ocrx_word' id='word_1_596' title='bbox 2396 4103 2441 4159; x_wconf 91' lang='lat' dir='ltr'><strong>si</strong></span> <span class='ocrx_word' id='word_1_597' title='bbox 2475 4103 2749 4158; x_wconf 88' lang='lat' dir='ltr'><strong>solemnes</strong></span> <span class='ocrx_word' id='word_1_598' title='bbox 2778 4114 2979 4158; x_wconf 80' lang='lat' dir='ltr'><strong>nostra:</strong></span> <span class='ocrx_word' id='word_1_599' title='bbox 3005 4111 3062 4157; x_wconf 89' lang='lat' dir='ltr'><strong>et</strong></span> <span class='ocrx_word' id='word_1_600' title='bbox 3091 4118 3259 4158; x_wconf 64' lang='lat' dir='ltr'><strong>sacra:</strong></span> <span class='ocrx_word' id='word_1_601' title='bbox 3288 4102 3499 4157; x_wconf 72' lang='lat' dir='ltr'><strong>festivi~</strong></span> 
     </span>
    </p>
   </div>
   <div class='ocr_carea' id='block_1_87' title="bbox 1928 4193 3500 4267">
    <p class='ocr_par' dir='ltr' id='par_1_87' title="bbox 1928 4193 3500 4267">
     <span class='ocr_line' id='line_1_87' title="bbox 1928 4193 3500 4267; baseline -0.003 -15"><span class='ocrx_word' id='word_1_602' title='bbox 1928 4206 2067 4252; x_wconf 90' lang='lat' dir='ltr'><strong>tates</strong></span> <span class='ocrx_word' id='word_1_603' title='bbox 2098 4205 2154 4252; x_wconf 90' lang='lat' dir='ltr'><strong>et</strong></span> <span class='ocrx_word' id='word_1_604' title='bbox 2183 4195 2447 4250; x_wconf 87' lang='lat' dir='ltr'><strong>sacriﬁcia</strong></span> <span class='ocrx_word' id='word_1_605' title='bbox 2481 4196 2712 4267; x_wconf 88' lang='lat' dir='ltr'><strong>mystica</strong></span> <span class='ocrx_word' id='word_1_606' title='bbox 2746 4194 2950 4265; x_wconf 89' lang='lat' dir='ltr'><strong>aliquid</strong></span> <span class='ocrx_word' id='word_1_607' title='bbox 2983 4194 3132 4249; x_wconf 90' lang='lat' dir='ltr'><strong>hisce</strong></span> <span class='ocrx_word' id='word_1_608' title='bbox 3160 4193 3337 4249; x_wconf 86' lang='lat' dir='ltr'><strong>simile</strong></span> <span class='ocrx_word' id='word_1_609' title='bbox 3359 4193 3415 4246; x_wconf 88' lang='lat' dir='ltr'><strong>in</strong></span> <span class='ocrx_word' id='word_1_610' title='bbox 3440 4207 3500 4248; x_wconf 85' lang='lat' dir='ltr'><strong>se</strong></span> 
     </span>
    </p>
   </div>
   <div class='ocr_carea' id='block_1_88' title="bbox 1926 4284 3501 4358">
    <p class='ocr_par' dir='ltr' id='par_1_88' title="bbox 1926 4284 3501 4358">
     <span class='ocr_line' id='line_1_88' title="bbox 1926 4284 3501 4358; baseline -0.003 -14"><span class='ocrx_word' id='word_1_611' title='bbox 1926 4288 2384 4358; x_wconf 88' lang='lat' dir='ltr'><strong>complectuntur,</strong></span> <span class='ocrx_word' id='word_1_612' title='bbox 2410 4302 2509 4356; x_wconf 90' lang='lat' dir='ltr'><strong>per</strong></span> <span class='ocrx_word' id='word_1_613' title='bbox 2532 4286 2787 4340; x_wconf 84' lang='lat' dir='ltr'><strong>virtutem</strong></span> <span class='ocrx_word' id='word_1_614' title='bbox 2824 4286 2967 4340; x_wconf 91' lang='lat' dir='ltr'><strong>illius</strong></span> <span class='ocrx_word' id='word_1_615' title='bbox 2995 4286 3184 4356; x_wconf 77' lang='lat' dir='ltr'><strong>gratia:</strong></span> <span class='ocrx_word' id='word_1_616' title='bbox 3213 4300 3333 4355; x_wconf 85' lang='lat' dir='ltr'><strong>quae</strong></span> <span class='ocrx_word' id='word_1_617' title='bbox 3363 4284 3501 4339; x_wconf 88' lang='lat' dir='ltr'><strong>inibt</strong></span> 
     </span>
    </p>
   </div>
   <div class='ocr_carea' id='block_1_89' title="bbox 1927 4374 3500 4451">
    <p class='ocr_par' dir='ltr' id='par_1_89' title="bbox 1927 4374 3500 4451">
     <span class='ocr_line' id='line_1_89' title="bbox 1927 4374 3500 4451; baseline -0.004 -16"><span class='ocrx_word' id='word_1_618' title='bbox 1927 4390 2209 4451; x_wconf 84' lang='lat' dir='ltr'><strong>Operatur,</strong></span> <span class='ocrx_word' id='word_1_619' title='bbox 2242 4379 2297 4432; x_wconf 91' lang='lat' dir='ltr'><strong>in</strong></span> <span class='ocrx_word' id='word_1_620' title='bbox 2321 4395 2388 4433; x_wconf 90' lang='lat' dir='ltr'><strong>eo</strong></span> <span class='ocrx_word' id='word_1_621' title='bbox 2418 4377 2536 4446; x_wconf 89' lang='lat' dir='ltr'><strong>ipso</strong></span> <span class='ocrx_word' id='word_1_622' title='bbox 2568 4377 2890 4447; x_wconf 89' lang='lat' dir='ltr'><strong>originalem</strong></span> <span class='ocrx_word' id='word_1_623' title='bbox 2923 4384 2977 4429; x_wconf 89' lang='lat' dir='ltr'><strong>et</strong></span> <span class='ocrx_word' id='word_1_624' title='bbox 3011 4375 3365 4446; x_wconf 84' lang='lat' dir='ltr'><strong>principalem</strong></span> <span class='ocrx_word' id='word_1_625' title='bbox 3402 4374 3500 4429; x_wconf 89' lang='lat' dir='ltr'><strong>be-</strong></span> 
     </span>
    </p>
   </div>
   <div class='ocr_carea' id='block_1_90' title="bbox 1928 4468 3498 4541">
    <p class='ocr_par' dir='ltr' id='par_1_90' title="bbox 1928 4468 3498 4541">
     <span class='ocr_line' id='line_1_90' title="bbox 1928 4468 3498 4541; baseline -0.004 -12"><span class='ocrx_word' id='word_1_626' title='bbox 1928 4474 2109 4529; x_wconf 89' lang='lat' dir='ltr'><strong>neﬁcii</strong></span> <span class='ocrx_word' id='word_1_627' title='bbox 2131 4488 2350 4528; x_wconf 86' lang='lat' dir='ltr'><strong>causam</strong></span> <span class='ocrx_word' id='word_1_628' title='bbox 2377 4480 2490 4526; x_wconf 91' lang='lat' dir='ltr'><strong>tum</strong></span> <span class='ocrx_word' id='word_1_629' title='bbox 2515 4470 2954 4541; x_wconf 85' lang='lat' dir='ltr'><strong>recognoscimus</strong></span> <span class='ocrx_word' id='word_1_630' title='bbox 2979 4477 3091 4523; x_wconf 89' lang='lat' dir='ltr'><strong>tum</strong></span> <span class='ocrx_word' id='word_1_631' title='bbox 3110 4468 3498 4540; x_wconf 87' lang='lat' dir='ltr'><strong>gloriﬁcamus.</strong></span> 
     </span>
    </p>
   </div>
   <div class='ocr_carea' id='block_1_91' title="bbox 246 4558 1808 4640">
    <p class='ocr_par' dir='ltr' id='par_1_91' title="bbox 246 4558 1808 4640">
     <span class='ocr_line' id='line_1_91' title="bbox 246 4558 1808 4640; baseline 0.007 -28"><span class='ocrx_word' id='word_1_632' title='bbox 246 4558 505 4631; x_wconf 81' lang='grc' dir='ltr'>καθάπερ</span> <span class='ocrx_word' id='word_1_633' title='bbox 555 4560 766 4632; x_wconf 75' lang='grc' dir='ltr'>ἔφημεν</span> <span class='ocrx_word' id='word_1_634' title='bbox 786 4603 802 4628; x_wconf 92' lang='grc'><strong>,</strong></span> <span class='ocrx_word' id='word_1_635' title='bbox 842 4563 978 4618; x_wconf 88' lang='grc' dir='ltr'><strong>ἀλλά</strong></span> <span class='ocrx_word' id='word_1_636' title='bbox 1001 4581 1065 4633; x_wconf 88' lang='grc' dir='ltr'><strong>γε</strong></span> <span class='ocrx_word' id='word_1_637' title='bbox 1095 4566 1160 4635; x_wconf 85' lang='grc' dir='ltr'>δὴ</span> <span class='ocrx_word' id='word_1_638' title='bbox 1191 4568 1286 4620; x_wconf 79' lang='grc' dir='ltr'><strong>καὶ</strong></span> <span class='ocrx_word' id='word_1_639' title='bbox 1315 4567 1415 4636; x_wconf 77' lang='grc' dir='ltr'><strong>τῆς</strong></span> <span class='ocrx_word' id='word_1_640' title='bbox 1446 4572 1808 4640; x_wconf 75' lang='grc' dir='ltr'>παναχράντοι</span> 
     </span>
    </p>
   </div>
   <div class='ocr_carea' id='block_1_92' title="bbox 1914 4558 3502 4640">
    <p class='ocr_par' dir='ltr' id='par_1_92' title="bbox 1931 4560 3502 4635">
     <span class='ocr_line' id='line_1_92' title="bbox 1931 4560 3502 4635; baseline -0.006 -15"><span class='ocrx_word' id='word_1_641' title='bbox 1931 4568 2104 4635; x_wconf 85' lang='lat' dir='ltr'><strong>Atque</strong></span> <span class='ocrx_word' id='word_1_642' title='bbox 2124 4568 2266 4620; x_wconf 87' lang='lat' dir='ltr'><strong>hanc</strong></span> <span class='ocrx_word' id='word_1_643' title='bbox 2290 4562 2361 4617; x_wconf 89' lang='lat' dir='ltr'><strong>ob</strong></span> <span class='ocrx_word' id='word_1_644' title='bbox 2377 4577 2596 4617; x_wconf 89' lang='lat' dir='ltr'><strong>causam</strong></span> <span class='ocrx_word' id='word_1_645' title='bbox 2618 4576 2771 4615; x_wconf 89' lang='lat' dir='ltr'><strong>sacer</strong></span> <span class='ocrx_word' id='word_1_646' title='bbox 2793 4561 2881 4615; x_wconf 90' lang='lat' dir='ltr'><strong>ille</strong></span> <span class='ocrx_word' id='word_1_647' title='bbox 2908 4569 2962 4615; x_wconf 90' lang='lat' dir='ltr'><strong>et</strong></span> <span class='ocrx_word' id='word_1_648' title='bbox 2994 4560 3101 4614; x_wconf 92' lang='lat' dir='ltr'><strong>Deo</strong></span> <span class='ocrx_word' id='word_1_649' title='bbox 3138 4560 3333 4630; x_wconf 91' lang='lat' dir='ltr'><strong>plenus</strong></span> <span class='ocrx_word' id='word_1_650' title='bbox 3371 4572 3502 4612; x_wconf 91' lang='lat' dir='ltr'><strong>san-</strong></span> 
     </span>
    </p>
   </div>
   <div class='ocr_carea' id='block_1_93' title="bbox 247 4652 1827 4730">
    <p class='ocr_par' dir='ltr' id='par_1_93' title="bbox 247 4652 1827 4730">
     <span class='ocr_line' id='line_1_93' title="bbox 247 4652 1827 4730; baseline 0.009 -27"><span class='ocrx_word' id='word_1_651' title='bbox 247 4652 347 4705; x_wconf 67' lang='lat' dir='ltr'><strong>xui.</strong></span> <span class='ocrx_word' id='word_1_652' title='bbox 398 4653 755 4724; x_wconf 83' lang='grc' dir='ltr'>ἀειπαρθὲνου</span> <span class='ocrx_word' id='word_1_653' title='bbox 809 4658 1155 4727; x_wconf 73' lang='grc' dir='ltr'>Δεσποίνηςν</span> <span class='ocrx_word' id='word_1_654' title='bbox 1200 4659 1359 4730; x_wconf 86' lang='grc' dir='ltr'>ήμῶν</span> <span class='ocrx_word' id='word_1_655' title='bbox 1395 4663 1656 4716; x_wconf 81' lang='grc' dir='ltr'>Θεοτόκου</span> <span class='ocrx_word' id='word_1_656' title='bbox 1678 4704 1694 4728; x_wconf 91' lang='grc'><strong>,</strong></span> <span class='ocrx_word' id='word_1_657' title='bbox 1732 4666 1827 4717; x_wconf 77' lang='grc' dir='ltr'><strong>καὶ</strong></span> 
     </span>
    </p>
   </div>
   <div class='ocr_carea' id='block_1_94' title="bbox 250 4744 1826 4822">
    <p class='ocr_par' dir='ltr' id='par_1_94' title="bbox 250 4744 1826 4822">
     <span class='ocr_line' id='line_1_94' title="bbox 250 4744 1826 4822; baseline 0.007 -25"><span class='ocrx_word' id='word_1_658' title='bbox 250 4744 474 4798; x_wconf 75' lang='grc' dir='ltr'>πάντων</span> <span class='ocrx_word' id='word_1_659' title='bbox 495 4745 604 4799; x_wconf 88' lang='grc' dir='ltr'><strong>τῶν</strong></span> <span class='ocrx_word' id='word_1_660' title='bbox 632 4747 800 4815; x_wconf 85' lang='grc' dir='ltr'>ἁγίων</span> <span class='ocrx_word' id='word_1_661' title='bbox 824 4749 923 4810; x_wconf 71' lang='grc' dir='ltr'>τὰς</span> <span class='ocrx_word' id='word_1_662' title='bbox 956 4750 1108 4820; x_wconf 80' lang='grc' dir='ltr'>ίεράς</span> <span class='ocrx_word' id='word_1_663' title='bbox 1135 4751 1367 4815; x_wconf 80' lang='grc' dir='ltr'>εἰκόνας,</span> <span class='ocrx_word' id='word_1_664' title='bbox 1393 4752 1512 4805; x_wconf 85' lang='grc' dir='ltr'>κατ’</span> <span class='ocrx_word' id='word_1_665' title='bbox 1536 4754 1826 4822; x_wconf 84' lang='grc' dir='ltr'>ἀναλογίαν</span> 
     </span>
    </p>
   </div>
   <div class='ocr_carea' id='block_1_95' title="bbox 246 4838 1822 4916">
    <p class='ocr_par' dir='ltr' id='par_1_95' title="bbox 246 4838 1822 4916">
     <span class='ocr_line' id='line_1_95' title="bbox 246 4838 1822 4916; baseline 0.007 -27"><span class='ocrx_word' id='word_1_666' title='bbox 246 4839 351 4907; x_wconf 84' lang='grc' dir='ltr'>τῆς</span> <span class='ocrx_word' id='word_1_667' title='bbox 384 4838 491 4891; x_wconf 78' lang='grc' dir='ltr'><strong>τῶν</strong></span> <span class='ocrx_word' id='word_1_668' title='bbox 525 4840 900 4910; x_wconf 85' lang='grc' dir='ltr'>πρωτοτύπων</span> <span class='ocrx_word' id='word_1_669' title='bbox 931 4843 1205 4915; x_wconf 82' lang='grc' dir='ltr'>ὑπεροχῆς</span> <span class='ocrx_word' id='word_1_670' title='bbox 1234 4844 1329 4898; x_wconf 79' lang='grc' dir='ltr'>καὶ</span> <span class='ocrx_word' id='word_1_671' title='bbox 1360 4845 1788 4916; x_wconf 77' lang='grc' dir='ltr'>σεϐασμιότητος</span> <span class='ocrx_word' id='word_1_672' title='bbox 1808 4888 1822 4909; x_wconf 91' lang='grc'><strong>,</strong></span> 
     </span>
    </p>
   </div>
   <div class='ocr_carea' id='block_1_96' title="bbox 245 4929 1827 5007">
    <p class='ocr_par' dir='ltr' id='par_1_96' title="bbox 245 4929 1827 5007">
     <span class='ocr_line' id='line_1_96' title="bbox 245 4929 1827 5007; baseline 0.006 -26"><span class='ocrx_word' id='word_1_673' title='bbox 245 4929 514 4999; x_wconf 80' lang='grc' dir='ltr'>τιμᾶσθαι</span> <span class='ocrx_word' id='word_1_674' title='bbox 559 4931 654 4984; x_wconf 70' lang='grc' dir='ltr'><strong>καὶ</strong></span> <span class='ocrx_word' id='word_1_675' title='bbox 690 4933 1147 4999; x_wconf 82' lang='grc' dir='ltr'>προσκυνεῖσθαι,</span> <span class='ocrx_word' id='word_1_676' title='bbox 1194 4935 1390 4988; x_wconf 88' lang='grc' dir='ltr'>κοινῶν</span> <span class='ocrx_word' id='word_1_677' title='bbox 1439 4936 1827 5007; x_wconf 86' lang='grc' dir='ltr'>θεσπισμάτων</span> 
     </span>
    </p>
   </div>
   <div class='ocr_carea' id='block_1_97' title="bbox 245 5022 1829 5099">
    <p class='ocr_par' dir='ltr' id='par_1_97' title="bbox 245 5022 1829 5099">
     <span class='ocr_line' id='line_1_97' title="bbox 245 5022 1829 5099; baseline 0.006 -26"><span class='ocrx_word' id='word_1_678' title='bbox 245 5022 397 5091; x_wconf 82' lang='grc' dir='ltr'>ὅροις</span> <span class='ocrx_word' id='word_1_679' title='bbox 444 5023 818 5095; x_wconf 79' lang='grc' dir='ltr'>ὲπεσφράγισὲ</span> <span class='ocrx_word' id='word_1_680' title='bbox 854 5041 912 5077; x_wconf 88' lang='grc' dir='ltr'><strong>τε</strong></span> <span class='ocrx_word' id='word_1_681' title='bbox 945 5026 1041 5079; x_wconf 74' lang='grc' dir='ltr'><strong>καὶ</strong></span> <span class='ocrx_word' id='word_1_682' title='bbox 1075 5026 1411 5098; x_wconf 82' lang='grc' dir='ltr'>ἐπεκύρωσε.</span> <span class='ocrx_word' id='word_1_683' title='bbox 1449 5030 1557 5081; x_wconf 74' lang='grc' dir='ltr'>Καὶ</span> <span class='ocrx_word' id='word_1_684' title='bbox 1586 5030 1691 5099; x_wconf 84' lang='grc' dir='ltr'>γὰρ</span> <span class='ocrx_word' id='word_1_685' title='bbox 1731 5030 1829 5082; x_wconf 76' lang='grc' dir='ltr'><strong>καὶ</strong></span> 
     </span>
    </p>
   </div>
   <div class='ocr_carea' id='block_1_98' title="bbox 244 5111 1828 5190">
    <p class='ocr_par' dir='ltr' id='par_1_98' title="bbox 244 5111 1828 5190">
     <span class='ocr_line' id='line_1_98' title="bbox 244 5111 1828 5190; baseline 0.008 -27"><span class='ocrx_word' id='word_1_686' title='bbox 244 5111 317 5164; x_wconf 84' lang='grc' dir='ltr'>δι’</span> <span class='ocrx_word' id='word_1_687' title='bbox 360 5113 541 5167; x_wconf 79' lang='grc' dir='ltr'>αὐτῶν</span> <span class='ocrx_word' id='word_1_688' title='bbox 572 5117 653 5179; x_wconf 80' lang='grc' dir='ltr'>εἰς</span> <span class='ocrx_word' id='word_1_689' title='bbox 699 5117 941 5171; x_wconf 83' lang='grc' dir='ltr'>ἐνοποιόν</span> <span class='ocrx_word' id='word_1_690' title='bbox 968 5134 1091 5171; x_wconf 90' lang='grc' dir='ltr'>τινα</span> <span class='ocrx_word' id='word_1_691' title='bbox 1114 5119 1230 5186; x_wconf 65' lang='grc' dir='ltr'>,καὶ</span> <span class='ocrx_word' id='word_1_692' title='bbox 1275 5122 1589 5189; x_wconf 85' lang='grc' dir='ltr'>συναγωγὸν</span> <span class='ocrx_word' id='word_1_693' title='bbox 1626 5122 1828 5190; x_wconf 86' lang='grc' dir='ltr'>ἀναγό-</span> 
     </span>
    </p>
   </div>
   <div class='ocr_carea' id='block_1_99' title="bbox 1931 4641 3500 4713">
    <p class='ocr_par' dir='ltr' id='par_1_99' title="bbox 1931 4641 3500 4713">
     <span class='ocr_line' id='line_1_99' title="bbox 1931 4641 3500 4713; baseline -0.01 -1"><span class='ocrx_word' id='word_1_694' title='bbox 1931 4668 2142 4713; x_wconf 90' lang='lat' dir='ltr'><strong>ctorum</strong></span> <span class='ocrx_word' id='word_1_695' title='bbox 2182 4654 2401 4706; x_wconf 85' lang='lat' dir='ltr'><strong>Patrum</strong></span> <span class='ocrx_word' id='word_1_696' title='bbox 2443 4659 2500 4705; x_wconf 91' lang='lat' dir='ltr'><strong>et</strong></span> <span class='ocrx_word' id='word_1_697' title='bbox 2544 4650 2827 4703; x_wconf 86' lang='lat' dir='ltr'><strong>beatorum</strong></span> <span class='ocrx_word' id='word_1_698' title='bbox 2854 4662 3164 4709; x_wconf 90' lang='lat' dir='ltr'><strong>consessus,</strong></span> <span class='ocrx_word' id='word_1_699' title='bbox 3195 4660 3305 4698; x_wconf 90' lang='lat' dir='ltr'><strong>non</strong></span> <span class='ocrx_word' id='word_1_700' title='bbox 3338 4641 3500 4696; x_wconf 80' lang='lat' dir='ltr'><strong>modo</strong></span> 
     </span>
    </p>
   </div>
   <div class='ocr_carea' id='block_1_100' title="bbox 1932 4737 3496 4820">
    <p class='ocr_par' dir='ltr' id='par_1_100' title="bbox 1932 4737 3496 4820">
     <span class='ocr_line' id='line_1_100' title="bbox 1932 4737 3496 4820; baseline -0.012 -17"><span class='ocrx_word' id='word_1_701' title='bbox 1932 4748 2097 4820; x_wconf 89' lang='lat' dir='ltr'><strong>(quod</strong></span> <span class='ocrx_word' id='word_1_702' title='bbox 2128 4745 2404 4811; x_wconf 80' lang='lat' dir='ltr'><strong>diximus)</strong></span> <span class='ocrx_word' id='word_1_703' title='bbox 2451 4740 2868 4803; x_wconf 84' lang='lat' dir='ltr'><strong>Christi,verum</strong></span> <span class='ocrx_word' id='word_1_704' title='bbox 2921 4738 3084 4791; x_wconf 88' lang='lat' dir='ltr'><strong>etiam</strong></span> <span class='ocrx_word' id='word_1_705' title='bbox 3139 4737 3496 4797; x_wconf 71' lang='lat' dir='ltr'><strong>intemeratae,</strong></span> 
     </span>
    </p>
   </div>
   <div class='ocr_carea' id='block_1_101' title="bbox 1930 4830 3501 4909">
    <p class='ocr_par' dir='ltr' id='par_1_101' title="bbox 1930 4830 3501 4909">
     <span class='ocr_line' id='line_1_101' title="bbox 1930 4830 3501 4909; baseline -0.011 -14"><span class='ocrx_word' id='word_1_706' title='bbox 1930 4855 2143 4909; x_wconf 89' lang='lat' dir='ltr'><strong>semper</strong></span> <span class='ocrx_word' id='word_1_707' title='bbox 2167 4835 2385 4907; x_wconf 87' lang='lat' dir='ltr'><strong>virginis</strong></span> <span class='ocrx_word' id='word_1_708' title='bbox 2406 4834 2648 4887; x_wconf 71' lang='lat' dir='ltr'><strong>Domina:</strong></span> <span class='ocrx_word' id='word_1_709' title='bbox 2677 4844 2879 4885; x_wconf 68' lang='lat' dir='ltr'><strong>nostrae</strong></span> <span class='ocrx_word' id='word_1_710' title='bbox 2909 4830 3172 4899; x_wconf 74' lang='lat' dir='ltr'><strong>Deiparze,</strong></span> <span class='ocrx_word' id='word_1_711' title='bbox 3202 4837 3257 4882; x_wconf 91' lang='lat' dir='ltr'><strong>et</strong></span> <span class='ocrx_word' id='word_1_712' title='bbox 3278 4834 3501 4880; x_wconf 81' lang='lat' dir='ltr'><strong>sancto-</strong></span> 
     </span>
    </p>
   </div>
   <div class='ocr_carea' id='block_1_102' title="bbox 1932 4918 3502 4998">
    <p class='ocr_par' dir='ltr' id='par_1_102' title="bbox 1932 4918 3502 4998">
     <span class='ocr_line' id='line_1_102' title="bbox 1932 4918 3502 4998; baseline -0.01 -12"><span class='ocrx_word' id='word_1_713' title='bbox 1932 4948 2052 4987; x_wconf 89' lang='lat' dir='ltr'><strong>rum</strong></span> <span class='ocrx_word' id='word_1_714' title='bbox 2085 4944 2278 4983; x_wconf 88' lang='lat' dir='ltr'><strong>omnes</strong></span> <span class='ocrx_word' id='word_1_715' title='bbox 2321 4926 2604 4998; x_wconf 87' lang='lat' dir='ltr'><strong>imagines,</strong></span> <span class='ocrx_word' id='word_1_716' title='bbox 2647 4924 2797 4994; x_wconf 76' lang='lat' dir='ltr'><strong>juxta</strong></span> <span class='ocrx_word' id='word_1_717' title='bbox 2833 4921 3059 4993; x_wconf 89' lang='lat' dir='ltr'><strong>gradum</strong></span> <span class='ocrx_word' id='word_1_718' title='bbox 3097 4929 3153 4974; x_wconf 89' lang='lat' dir='ltr'><strong>et</strong></span> <span class='ocrx_word' id='word_1_719' title='bbox 3193 4918 3502 4990; x_wconf 82' lang='lat' dir='ltr'><strong>praportio-</strong></span> 
     </span>
    </p>
   </div>
   <div class='ocr_carea' id='block_1_103' title="bbox 1936 5010 3501 5085">
    <p class='ocr_par' dir='ltr' id='par_1_103' title="bbox 1936 5010 3501 5085">
     <span class='ocr_line' id='line_1_103' title="bbox 1936 5010 3501 5085; baseline -0.009 -5"><span class='ocrx_word' id='word_1_720' title='bbox 1936 5041 2063 5081; x_wconf 85' lang='lat' dir='ltr'><strong>nem</strong></span> <span class='ocrx_word' id='word_1_721' title='bbox 2097 5021 2432 5078; x_wconf 71' lang='lat' dir='ltr'><strong>excellentia:</strong></span> <span class='ocrx_word' id='word_1_722' title='bbox 2461 5027 2517 5071; x_wconf 78' lang='lat' dir='ltr'><strong>et</strong></span> <span class='ocrx_word' id='word_1_723' title='bbox 2549 5015 2917 5072; x_wconf 86' lang='lat' dir='ltr'><strong>venerationis</strong></span> <span class='ocrx_word' id='word_1_724' title='bbox 2940 5023 3377 5085; x_wconf 86' lang='lat' dir='ltr'><strong>prototyporum,</strong></span> <span class='ocrx_word' id='word_1_725' title='bbox 3396 5010 3501 5068; x_wconf 85' lang='lat' dir='ltr'><strong>coli</strong></span> 
     </span>
    </p>
   </div>
   <div class='ocr_carea' id='block_1_104' title="bbox 1936 5105 3501 5178">
    <p class='ocr_par' dir='ltr' id='par_1_104' title="bbox 1936 5105 3501 5178">
     <span class='ocr_line' id='line_1_104' title="bbox 1936 5105 3501 5178; baseline -0.008 -7"><span class='ocrx_word' id='word_1_726' title='bbox 1936 5127 1991 5172; x_wconf 87' lang='lat' dir='ltr'><strong>et</strong></span> <span class='ocrx_word' id='word_1_727' title='bbox 2008 5115 2219 5171; x_wconf 91' lang='lat' dir='ltr'><strong>adorari</strong></span> <span class='ocrx_word' id='word_1_728' title='bbox 2230 5157 2244 5178; x_wconf 91' lang='lat'><strong>,</strong></span> <span class='ocrx_word' id='word_1_729' title='bbox 2262 5113 2534 5168; x_wconf 90' lang='lat' dir='ltr'><strong>communi</strong></span> <span class='ocrx_word' id='word_1_730' title='bbox 2559 5124 2658 5164; x_wconf 95' lang='lat' dir='ltr'><strong>suo</strong></span> <span class='ocrx_word' id='word_1_731' title='bbox 2672 5107 2930 5177; x_wconf 79' lang='lat' dir='ltr'><strong>suﬂragio</strong></span> <span class='ocrx_word' id='word_1_732' title='bbox 2942 5114 2998 5161; x_wconf 88' lang='lat' dir='ltr'><strong>ct</strong></span> <span class='ocrx_word' id='word_1_733' title='bbox 3014 5105 3309 5161; x_wconf 87' lang='lat' dir='ltr'><strong>dictaminc</strong></span> <span class='ocrx_word' id='word_1_734' title='bbox 3326 5116 3501 5161; x_wconf 80' lang='lat' dir='ltr'><strong>ratun:</strong></span> 
     </span>
    </p>
   </div>
   <div class='ocr_carea' id='block_1_105' title="bbox 1538 5271 2223 5329">
    <p class='ocr_par' dir='ltr' id='par_1_105' title="bbox 1538 5271 2223 5329">
     <span class='ocr_line' id='line_1_105' title="bbox 1538 5271 2223 5329; baseline -0.003 -3"><span class='ocrx_word' id='word_1_735' title='bbox 1538 5274 1769 5327; x_wconf 75' lang='lat' dir='ltr'><strong>VARle</strong></span> <span class='ocrx_word' id='word_1_736' title='bbox 1815 5271 2223 5329; x_wconf 74' lang='lat' dir='ltr'><strong>LECTlONES.</strong></span> 
     </span>
    </p>
   </div>
   <div class='ocr_carea' id='block_1_106' title="bbox 327 5389 1666 5463">
    <p class='ocr_par' dir='ltr' id='par_1_106' title="bbox 327 5389 1666 5463">
     <span class='ocr_line' id='line_1_106' title="bbox 327 5389 1666 5463; baseline 0.013 -24"><span class='ocrx_word' id='word_1_737' title='bbox 327 5400 350 5428; x_wconf 73' lang='grc' dir='ltr'>ι</span> <span class='ocrx_word' id='word_1_738' title='bbox 378 5407 468 5457; x_wconf 66' lang='lat'><strong>73).</strong></span> <span class='ocrx_word' id='word_1_739' title='bbox 496 5391 693 5444; x_wconf 86' lang='grc' dir='ltr'>ἰάσεσι.</span> <span class='ocrx_word' id='word_1_740' title='bbox 807 5389 826 5424; x_wconf 70' lang='grc' dir='ltr'><strong>ί</strong></span> <span class='ocrx_word' id='word_1_741' title='bbox 862 5408 949 5459; x_wconf 63' lang='grc' dir='ltr'><strong>πρ.</strong></span> <span class='ocrx_word' id='word_1_742' title='bbox 974 5392 1131 5444; x_wconf 78' lang='grc' dir='ltr'>αὑτά.</span> <span class='ocrx_word' id='word_1_743' title='bbox 1210 5402 1234 5429; x_wconf 77' lang='grc' dir='ltr'><strong>ιι</strong></span> <span class='ocrx_word' id='word_1_744' title='bbox 1264 5409 1355 5459; x_wconf 80' lang='grc' dir='ltr'><strong>γρ.</strong></span> <span class='ocrx_word' id='word_1_745' title='bbox 1430 5393 1666 5463; x_wconf 68' lang='grc' dir='ltr'>χάριτος.</span> 
     </span>
    </p>
   </div>
   <div class='ocr_carea' id='block_1_107' title="bbox 1748 5389 2443 5461">
    <p class='ocr_par' dir='ltr' id='par_1_107' title="bbox 1748 5389 2443 5461">
     <span class='ocr_line' id='line_1_107' title="bbox 1748 5389 2443 5461; baseline -0.024 -10"><span class='ocrx_word' id='word_1_746' title='bbox 1748 5401 1771 5428; x_wconf 93' lang='lat'><strong>&#39;</strong></span> <span class='ocrx_word' id='word_1_747' title='bbox 1801 5410 1891 5460; x_wconf 76' lang='grc' dir='ltr'><strong>γρ.</strong></span> <span class='ocrx_word' id='word_1_748' title='bbox 1920 5393 2138 5461; x_wconf 80' lang='grc' dir='ltr'>Μαρίας</span> <span class='ocrx_word' id='word_1_749' title='bbox 2162 5394 2257 5441; x_wconf 70' lang='grc' dir='ltr'><strong>καὶ</strong></span> <span class='ocrx_word' id='word_1_750' title='bbox 2286 5389 2443 5439; x_wconf 83' lang='grc' dir='ltr'>δεσπ.</span> 
     </span>
    </p>
   </div>
   <div class='ocr_carea' id='block_1_108' title="bbox 1772 5547 2000 5602">
    <p class='ocr_par' dir='ltr' id='par_1_108' title="bbox 1772 5547 2000 5602">
     <span class='ocr_line' id='line_1_108' title="bbox 1772 5547 2000 5602; baseline -0.009 -2"><span class='ocrx_word' id='word_1_751' title='bbox 1772 5547 2000 5602; x_wconf 63' lang='lat' dir='ltr'><strong>NOTAE.</strong></span> 
     </span>
    </p>
   </div>
   <div class='ocr_carea' id='block_1_109' title="bbox 328 5704 1828 5778">
    <p class='ocr_par' dir='ltr' id='par_1_109' title="bbox 328 5704 1828 5778">
     <span class='ocr_line' id='line_1_109' title="bbox 328 5704 1828 5778; baseline -0.003 -18"><span class='ocrx_word' id='word_1_752' title='bbox 328 5709 442 5778; x_wconf 74' lang='lat'><strong>(25)</strong></span> <span class='ocrx_word' id='word_1_753' title='bbox 485 5707 653 5775; x_wconf 67' lang='lat' dir='ltr'><strong>TéJn.</strong></span> <span class='ocrx_word' id='word_1_754' title='bbox 695 5704 864 5769; x_wconf 75' lang='lat' dir='ltr'><strong>Verti,</strong></span> <span class='ocrx_word' id='word_1_755' title='bbox 924 5707 1090 5775; x_wconf 74' lang='lat' dir='ltr'><strong>ﬁnes;</strong></span> <span class='ocrx_word' id='word_1_756' title='bbox 1142 5706 1387 5761; x_wconf 82' lang='lat' dir='ltr'><strong>fortassis</strong></span> <span class='ocrx_word' id='word_1_757' title='bbox 1434 5715 1623 5758; x_wconf 87' lang='lat' dir='ltr'><strong>auctor</strong></span> <span class='ocrx_word' id='word_1_758' title='bbox 1657 5704 1828 5778; x_wconf 78' lang='lat' dir='ltr'><strong>intel-</strong></span> 
     </span>
    </p>
   </div>
   <div class='ocr_carea' id='block_1_110' title="bbox 254 5774 1829 5845">
    <p class='ocr_par' dir='ltr' id='par_1_110' title="bbox 254 5774 1829 5845">
     <span class='ocr_line' id='line_1_110' title="bbox 254 5774 1829 5845; baseline -0.004 -13"><span class='ocrx_word' id='word_1_759' title='bbox 254 5774 389 5833; x_wconf 28' lang='lat' dir='ltr'><strong>lex&#39;it</strong></span> <span class='ocrx_word' id='word_1_760' title='bbox 424 5774 699 5839; x_wconf 73' lang='lat' dir='ltr'><strong>ordines,</strong></span> <span class='ocrx_word' id='word_1_761' title='bbox 763 5774 990 5835; x_wconf 84' lang='lat' dir='ltr'><strong>turmas,</strong></span> <span class='ocrx_word' id='word_1_762' title='bbox 1054 5788 1111 5831; x_wconf 91' lang='lat' dir='ltr'><strong>ut</strong></span> <span class='ocrx_word' id='word_1_763' title='bbox 1165 5779 1272 5835; x_wconf 74' lang='lat' dir='ltr'><strong>sint</strong></span> <span class='ocrx_word' id='word_1_764' title='bbox 1320 5774 1681 5845; x_wconf 71' lang='grc' dir='ltr'>στρατιωτικὰ</span> <span class='ocrx_word' id='word_1_765' title='bbox 1730 5777 1829 5826; x_wconf 82' lang='grc' dir='ltr'>τά·</span> 
     </span>
    </p>
   </div>
   <div class='ocr_carea' id='block_1_111' title="bbox 255 5848 1830 5919">
    <p class='ocr_par' dir='ltr' id='par_1_111' title="bbox 255 5848 1830 5919">
     <span class='ocr_line' id='line_1_111' title="bbox 255 5848 1830 5919; baseline -0.004 -15"><span class='ocrx_word' id='word_1_766' title='bbox 255 5865 472 5919; x_wconf 75' lang='grc' dir='ltr'>γματα,</span> <span class='ocrx_word' id='word_1_767' title='bbox 535 5850 836 5914; x_wconf 75' lang='lat' dir='ltr'><strong>veritatem,</strong></span> <span class='ocrx_word' id='word_1_768' title='bbox 888 5848 1041 5918; x_wconf 74' lang='lat' dir='ltr'><strong>quasi</strong></span> <span class='ocrx_word' id='word_1_769' title='bbox 1092 5848 1276 5918; x_wconf 61' lang='lat' dir='ltr'><strong>praelia</strong></span> <span class='ocrx_word' id='word_1_770' title='bbox 1331 5857 1604 5913; x_wconf 85' lang='lat' dir='ltr'><strong>conserto,</strong></span> <span class='ocrx_word' id='word_1_771' title='bbox 1661 5862 1830 5915; x_wconf 79' lang='lat' dir='ltr'><strong>oppu-</strong></span> 
     </span>
    </p>
   </div>
   <div class='ocr_carea' id='block_1_112' title="bbox 1937 5699 3503 5772">
    <p class='ocr_par' dir='ltr' id='par_1_112' title="bbox 1937 5699 3503 5772">
     <span class='ocr_line' id='line_1_112' title="bbox 1937 5699 3503 5772; baseline -0.003 -17"><span class='ocrx_word' id='word_1_772' title='bbox 1937 5704 2173 5772; x_wconf 85' lang='lat' dir='ltr'><strong>gnantia.</strong></span> <span class='ocrx_word' id='word_1_773' title='bbox 2203 5702 2424 5757; x_wconf 71' lang='lat' dir='ltr'><strong>Erttt‘lite</strong></span> <span class='ocrx_word' id='word_1_774' title='bbox 2458 5716 2615 5754; x_wconf 81' lang='lat' dir='ltr'><strong>USlllll</strong></span> <span class='ocrx_word' id='word_1_775' title='bbox 2640 5699 2933 5768; x_wconf 78' lang='lat' dir='ltr'><strong>imaginum</strong></span> <span class='ocrx_word' id='word_1_776' title='bbox 2968 5701 3145 5758; x_wconf 78' lang='lat' dir='ltr'><strong>docet,</strong></span> <span class='ocrx_word' id='word_1_777' title='bbox 3184 5709 3236 5752; x_wconf 89' lang='lat' dir='ltr'><strong>et</strong></span> <span class='ocrx_word' id='word_1_778' title='bbox 3269 5709 3503 5772; x_wconf 82' lang='lat' dir='ltr'><strong>mentem</strong></span> 
     </span>
    </p>
   </div>
   <div class='ocr_carea' id='block_1_113' title="bbox 1940 5768 3507 5843">
    <p class='ocr_par' dir='ltr' id='par_1_113' title="bbox 1940 5768 3507 5843">
     <span class='ocr_line' id='line_1_113' title="bbox 1940 5768 3507 5843; baseline -0.003 -18"><span class='ocrx_word' id='word_1_779' title='bbox 1940 5768 2079 5826; x_wconf 70' lang='lat' dir='ltr'><strong>illius</strong></span> <span class='ocrx_word' id='word_1_780' title='bbox 2125 5775 2339 5843; x_wconf 86' lang='lat' dir='ltr'><strong>septimi</strong></span> <span class='ocrx_word' id='word_1_781' title='bbox 2386 5772 2600 5826; x_wconf 87' lang='lat' dir='ltr'><strong>concilii</strong></span> <span class='ocrx_word' id='word_1_782' title='bbox 2654 5772 2829 5838; x_wconf 81' lang='lat' dir='ltr'><strong>aperit</strong></span> <span class='ocrx_word' id='word_1_783' title='bbox 2885 5781 3074 5825; x_wconf 83' lang='lat' dir='ltr'><strong>contra</strong></span> <span class='ocrx_word' id='word_1_784' title='bbox 3123 5768 3507 5833; x_wconf 68' lang='lat' dir='ltr'><strong>Iconoclastas,‘</strong></span> 
     </span>
    </p>
   </div>
   <div class='ocr_carea' id='block_1_114' title="bbox 1937 5842 3095 5913">
    <p class='ocr_par' dir='ltr' id='par_1_114' title="bbox 1937 5842 3095 5913">
     <span class='ocr_line' id='line_1_114' title="bbox 1937 5842 3095 5913; baseline -0.002 -16"><span class='ocrx_word' id='word_1_785' title='bbox 1937 5862 2071 5913; x_wconf 72' lang='lat' dir='ltr'><strong>quas</strong></span> <span class='ocrx_word' id='word_1_786' title='bbox 2092 5855 2243 5900; x_wconf 74' lang='lat' dir='ltr'><strong>extra</strong></span> <span class='ocrx_word' id='word_1_787' title='bbox 2270 5843 2644 5900; x_wconf 84' lang='lat' dir='ltr'><strong>invitationem</strong></span> <span class='ocrx_word' id='word_1_788' title='bbox 2679 5859 2785 5897; x_wconf 90' lang='lat' dir='ltr'><strong>non</strong></span> <span class='ocrx_word' id='word_1_789' title='bbox 2816 5842 3095 5912; x_wconf 82' lang='lat' dir='ltr'><strong>processit.</strong></span> 
     </span>
    </p>
   </div>
  </div>
