3996 6458
512 434 615 493 6.35
1650 426 1911 488 PlIOTII
1958 427 2463 487 PATRIARCH/E
2496 427 2603 486 CP.
3691 426 3801 490 (356

514 555 570 597 et
590 542 808 596 lirmum
842 540 1009 594 veluti
1030 537 1276 594 futurum
1307 537 1720 608 consignarunt.
1756 535 1970 590 Etenim
2000 551 2098 605 per

2222 533 2349 588 ιεθα
2388 533 2646 604 θεωρίαν,
2696 533 2792 587 καὶ
2839 533 2942 601 τῆς
2983 533 3170 604 πρδςκ
3216 533 3277 587 τὸ
3322 533 3631 606 ἀκρότατον
3686 535 3797 585 τῶν

518 635 663 705 ipsas
701 633 767 687 ad
810 632 1323 702 contemplationem
1374 629 1661 699 quamdam
1710 628 1993 682 unientem
2040 634 2096 681 et

2222 626 2444 700 ιρεκτῶν
2484 628 2553 681 δι’
2596 625 2770 696 αὐτῆς
2803 626 3105 698 ἀξιούμεθα
3140 620 3294 691 θείας
3347 629 3442 680 καὶ
3476 627 3799 699 ὑπερφυοῦς

519 727 992 797 compaginantem
1046 739 1265 777 sursum
1316 722 1584 784 ducimur,
1633 730 1689 775 et
1722 736 1822 791 per
1873 719 2095 775 easdem

2222 717 2524 789 τυναφείας.
2556 717 2718 771 Ἀλλά
2768 717 2943 770 ταῦτα
2995 717 3094 789 μὲν
3140 720 3321 788 σοφῶς
3367 737 3426 772 τε
3459 720 3558 773 καὶ
3600 719 3798 790 θεαρέ-

520 818 667 887 digni
709 820 867 871 fimus
891 817 982 886 qui
1021 832 1144 870 cum
1171 830 1384 869 summo
1410 813 1836 868 desideratorum
1854 812 2097 867 omnium

2222 829 2349 876 πως
2378 811 2714 880 τελεσαμένη
2738 807 3145 881 (ἓϐ),διώρισεν
3168 828 3183 844 ο
3217 798 3400 867 πᾶσαν
3419 813 3478 867 δὲ
3510 813 3799 883 αίρετικὴν

524 927 624 981 per
661 912 899 965 divinam
939 919 989 963 et
1020 906 1486 977 supernaturalem
1521 905 1927 976 copulationem
1993 905 2093 959 ad-

2222 904 2364 958 νόσον
2394 903 2489 956 καὶ
2528 904 2715 955 πᾶσαν
2741 902 3013 971 ἀκοσμίαν
3042 903 3141 973 τῆς
3169 902 3396 974 λογικῆς
3426 904 3636 973 ἀγέλης
3692 904 3798 956 ἀπ-

525 1005 801 1060 uniamur.
823 1002 947 1056 Haec
969 1010 1150 1055 autent
1188 1001 1464 1071 sapienter
1486 1000 1779 1053 admodum
1809 1006 1866 1052 et
1895 1012 2099 1053 secun-

2222 996 2479 1059 ελάσασα,
2505 994 2597 1047 τὸν
2625 996 2823 1048 οίκεῖον
2855 994 3061 1064 κόσμον
3096 996 3188 1048 καὶ
3216 995 3277 1047 τὸ
3306 996 3505 1058 κάλλος
3536 995 3640 1066 τὴν
3682 997 3799 1049 Ἐκ-

527 1098 655 1151 dum
701 1094 794 1149 Dei
844 1093 1247 1161 beneplacitum
1282 1092 1587 1145 decernens
1630 1088 1869 1160 synodus
1918 1089 2102 1144 deter-

2222 1088 2438 1160 κλησίαν
2475 1084 2928 1141 ὲπαναλαόοὖσαν
2962 1088 3208 1153 ὑπέδειξε
3232 1098 3286 1155 γ,
3317 1090 3411 1143 καὶ
3436 1086 3527 1143 οἷα
3557 1090 3625 1158 δὴ
3666 1088 3798 1157 νύμ.

526 1191 758 1244 minavit
793 1208 805 1243 :
838 1199 1003 1257 atque
1054 1188 1124 1242 ita
1169 1186 1411 1256 depulsis
1466 1186 1740 1239 haereseos
1795 1184 2001 1239 morbis
2048 1190 2105 1237 et

2222 1200 2340 1252 ρην,
2390 1184 2490 1237 οὐκ
2536 1184 2593 1235 ἐν
2641 1186 2973 1254 κροσσιύτοῦς
3017 1188 3278 1256 χρυσοῖς,
3319 1185 3438 1239 ἀλλ’
3488 1187 3547 1236 ἐν
3588 1184 3796 1255 ίεροῖςι

528 1282 869 1336 immunditia
898 1296 928 1335 a
963 1296 1124 1351 grege
1165 1278 1377 1333 ratione
1416 1275 1666 1347 praedito,
1708 1275 1869 1330 nobis
1914 1273 2104 1329 Eccle-

2212 1276 2640 1345 ὲξωραῖσθεῖσαν
2674 1277 3072 1349 είκονίσμασιν,
3115 1280 3179 1331 ὲκ
3207 1278 3397 1343 δεξιῶν
3428 1275 3525 1329 τοῦ
3564 1275 3795 1346 νυμφίου

528 1374 662 1426 siam
721 1370 1133 1440 repraesentavit
1186 1370 1241 1422 in
1290 1381 1613 1438 recuperato
1654 1381 1754 1422 suo
1803 1376 2001 1421 ornatu
2052 1374 2109 1420 et

2222 1369 2448 1438 Χριστοῦ
2476 1372 2900 1442 παραστήσασα,
2934 1372 3138 1441 ἱλαροῖς
3162 1370 3260 1425 καὶ
3285 1372 3578 1442 χαίρουσιν
3600 1367 3797 1439 ὀφθαλ-

532 1463 941 1531 pulcltritudine
1001 1461 1377 1530 conspicuam,
1429 1469 1485 1514 et
1526 1467 1782 1529 tanquam
1830 1472 2107 1528 sponsam,

530 1571 638 1609 non
671 1554 891 1623 quidem
934 1554 1096 1607 bullis
1126 1562 1221 1606 aut
1258 1552 1425 1607 clavis
1457 1559 1720 1606 ornatam
1770 1550 1971 1615 aureis,
2013 1549 2110 1604 sed

2216 1460 2336 1530 μοῖς
2387 1460 2728 1532 καθορᾶσθαι
2775 1464 2871 1517 καὶ
2921 1462 3340 1531 ὲναγλαῖζεσθαι
3375 1464 3541 1517 παντὶ
3583 1462 3665 1531 τῷ
3696 1460 3796 1513 τῶν

2214 1550 2423 1603 πιστῶν
2447 1550 2777 1623 πληρώματι
2810 1553 3240 1623 παρεσκεύασεν.

531 1650 701 1704 sacris
743 1649 1050 1704 redimitam
1100 1657 1157 1703 et
1185 1648 1722 1719 resplendeseentem
1775 1644 2150 1716 imagunculis,
2192 1661 2220 1699 a
2246 1645 2449 1701 Christi
2491 1647 2678 1717 sponsi
2719 1647 2921 1702 dextris
2950 1650 3325 1712 constitutam,
3366 1649 3644 1703 universae
3671 1649 3794 1703 fide-

532 1741 665 1795 lium
696 1736 1037 1793 multitudini
1076 1737 1215 1792 lanis
1259 1748 1316 1793 et
1339 1737 1596 1807 jucundis
1636 1736 1810 1793 oculis
1835 1735 2211 1807 aspiciendam
2238 1746 2292 1791 et
2318 1734 2658 1793 lustrandam
2688 1738 2958 1794 exhibuit.

602 1877 695 1930 Ξῖ.
737 1874 833 1929 Est
881 1874 999 1929 hate
1053 1882 1239 1928 nostra
1296 1871 1734 1928 Christianorum
1789 1888 1957 1942 pura,
2014 1871 2111 1927 de-

2287 1877 2392 1927 κα¹.
2426 1871 2576 1942 Α’ύτη
2614 1873 2713 1944 τῆς
2751 1873 2989 1936 πίστεως
3024 1873 3185 1944 ἡμῶν
3231 1875 3340 1928 τῶν
3376 1875 3725 1945 Χριστιανῶν
3760 1880 3788 1951 ἡ

536 1970 724 2024 faecata
748 1976 802 2023 et
818 1966 1162 2037 inculpabilis
1185 1965 1308 2019 ﬁdei
1329 1964 1597 2019 confessio
1618 1983 1631 2019 :
1651 1974 1735 2017 est
1755 1964 1915 2019 haaca
1933 1963 2115 2018 divina

536 2060 805 2130 sapientia
844 2060 1087 2131 profecta
1130 2058 1489 2129 mystagogira
1533 2056 1806 2111 institutio
1850 2056 2116 2110 immacu-

537 2155 630 2209 lati
662 2163 716 2207 et
744 2152 945 2207 sinceri
974 2149 1145 2205 nostri
1174 2150 1355 2203 cultus
1375 2188 1391 2214 ,
1434 2156 1488 2202 et
1521 2148 1954 2202 venerandorum
1997 2164 2118 2218 quae

539 2262 606 2301 eo
639 2246 870 2301 tendunt
899 2243 1281 2314 mysteriorum
1315 2258 1329 2295 :
1363 2239 1665 2295 secundum
1714 2240 1872 2295 istam
1905 2240 1970 2293 ad
2024 2256 2119 2294 oc-

540 2352 724 2392 casum
777 2350 951 2405 usque
997 2342 1052 2388 et
1103 2332 1309 2387 exitum
1360 2331 1486 2386 vita:
1532 2339 1735 2385 nostrae
1795 2331 2117 2394 sentientes,

540 2430 847 2492 credentes,
883 2434 1293 2490 conversantes,
1312 2424 1379 2477 ad
1430 2439 1603 2493 usque
1644 2423 1911 2478 orientem
1950 2424 2118 2477 solem

542 2500 935 2589 intelligibilem
968 2514 1313 2569 incedimus:
1345 2528 1454 2581 quo
1495 2510 1916 2581 pervenientes,
1949 2510 2121 2581 multo

538 2609 849 2666 evidentius
905 2617 962 2662 et
1012 2605 1310 2677 perfectius
1364 2604 1639 2658 radiorum
1711 2602 2002 2672 splendore
2067 2612 2123 2656 et

544 2700 889 2761 claritudine,
943 2697 1062 2751 sine
1106 2695 1220 2749 ullo
1265 2708 1486 2758 occasu,
1539 2690 1905 2763 perfruemur.
1969 2690 2123 2745 Hane

543 2807 709 2864 porro
745 2790 871 2845 fidei
918 2786 1341 2851 confessionem,
1390 2795 1443 2840 et
1499 2794 1758 2848 vestram,
1798 2800 1897 2855 par
1950 2793 2051 2848 est,
2092 2800 2123 2838 a

546 2888 660 2940 Deo
685 2882 1013 2939 custoditam
1046 2878 1415 2950 prudentiam,
1456 2877 1585 2931 dum
1622 2886 1863 2931 nostram
1907 2875 2126 2947 pietatis

546 2987 750 3032 sortem
781 2976 1047 3039 intuetur,
1076 2973 1290 3028 sincero
1312 2970 1532 3037 affectu,
1570 2979 1721 3050 recto
1758 2968 1985 3040 judicio,
2021 2968 2125 3023 (ide

548 3070 877 3122 inconcussa
895 3080 998 3119 nec
1018 3063 1324 3129 vacillante,
1341 3069 1650 3131 susceptam
1665 3060 1834 3114 semel
1850 3059 2122 3127 adamare,

548 3175 651 3214 nec
666 3160 734 3214 ab
754 3174 817 3213 ea
830 3157 913 3212 vel
931 3156 1095 3211 latum
1115 3169 1371 3225 unguem,
1387 3153 1706 3206 addextram
1728 3150 1811 3206 vel
1827 3150 2121 3217 sinistram,

549 3252 848 3308 declinare.
904 3250 1055 3304 llanc
1113 3247 1380 3317 siquidem
1440 3244 1808 3314 praedicarunt
1870 3244 2120 3314 apostoli,
2152 3225 2194 3281 ο

550 3346 695 3399 hanc
725 3341 1065 3397 universales
1098 3338 1284 3411 synodi
1320 3344 1655 3392 censuerunt
1700 3334 2120 3391 observandam.

550 3439 726 3505 Atque
764 3435 885 3488 ideo
924 3448 1032 3486 non
1088 3440 1139 3484 te
1172 3437 1379 3483 tantum
1413 3436 1629 3497 oportet
1671 3428 1724 3481 in
1771 3425 1875 3481 hac
1917 3426 2123 3481 versari

552 3526 842 3591 sententia,
871 3524 936 3579 ad
967 3524 1118 3577 hunc
1144 3520 1367 3575 modum
1399 3519 1568 3574 Deum
1626 3518 1992 3588 magnificare,
2027 3519 2123 3575 sed

551 3630 605 3681 et
632 3619 751 3673 illos
781 3618 872 3687 qui
899 3616 993 3671 tibi
1029 3622 1286 3685 parentes
1321 3613 1576 3676 subsunt,
1604 3612 1670 3666 ad
1704 3611 1951 3666 eamdem
1982 3611 2125 3665 veri-

552 3721 716 3767 tatem
747 3707 1182 3779 amplectendam
1215 3704 1368 3776 quasi
1403 3704 1802 3767 manuducere,
1848 3702 1900 3757 in
1932 3703 2123 3758 eadem

552 3805 655 3860 tide
684 3803 957 3875 perfectos
990 3812 1371 3855 consummare
1414 3804 1648 3867 oportet,
1694 3811 1798 3851 nec
1827 3796 2123 3865 quidquam

552 3895 655 3951 hac
687 3910 816 3949 cura
839 3902 897 3948 et
926 3890 1256 3962 cogitatione
1291 3888 1441 3958 prius
1470 3889 1555 3943 vel
1586 3888 1864 3957 antiquius
1902 3887 2120 3941 habere.

555 3987 777 4057 Spectat
821 3984 966 4039 enim
1020 3994 1212 4035 revera
1256 3980 1339 4033 ad'
1371 3978 1606 4033 ofﬁcium
1656 3977 1955 4048 principis,
2013 3991 2124 4031 non

554 4081 637 4135 sui
661 4080 831 4150 ipsius
860 4086 1067 4131 tantum
1086 4073 1275 4129 salutis
1300 4074 1502 4127 habere
1529 4072 1818 4137 rationem,
1846 4085 2033 4125 verum
2069 4079 2125 4126 et

555 4173 666 4245 pari
721 4186 851 4226 cura
899 4177 955 4224 et
1003 4166 1346 4239 providentia
1394 4164 1592 4235 populo
1654 4162 1755 4218 sibi
1816 4164 2125 4219 concredito

552 4265 886 4335 prospicere,
919 4268 978 4315 ul.
1006 4265 1072 4315 ad
1103 4259 1348 4329 ejusdem
1371 4258 1466 4312 Dei
1497 4257 1741 4311 eamdem
1760 4257 2122 4328 cognitionem

552 4367 608 4412 et
658 4354 1049 4426 perfectionem
1099 4366 1264 4405 manu
1319 4350 1579 4421 perducta
1625 4348 1938 4403 devocetur.
2003 4345 2123 4402 Noli

554 4448 718 4519 igitur
770 4444 1133 4506 committere,
1167 4452 1225 4497 ut
1259 4456 1364 4496 nos
1408 4456 1504 4511 spe
1551 4450 1736 4495 nostra
1787 4438 2123 4505 excidamus,

552 4539 618 4593 ad
648 4549 811 4606 qnam
831 4543 920 4587 tua
938 4549 1040 4588 nos
1074 4532 1353 4587 inclinatio
1372 4531 1428 4585 in
1457 4529 1712 4584 virtutem
1735 4538 1790 4583 et
1814 4528 2122 4583 obedientia

554 4628 712 4684 facile
739 4626 1004 4681 invitavit.
1042 4624 1185 4689 Noli,
1221 4636 1426 4694 quaso,
1465 4623 1677 4675 labores
1696 4621 1819 4676 illos
1842 4629 1897 4675 et
1941 4630 2121 4676 certa-

556 4719 720 4783 mina,
758 4716 957 4771 frustra
982 4716 1140 4769 nobis
1170 4722 1420 4785 suscepta
1450 4716 1782 4784 redarguere
1801 4751 1815 4777 ,
1847 4720 1903 4765 et
1932 4712 2121 4766 inanes

551 4809 799 4874 reddere,
824 4823 961 4879 quos
988 4823 1201 4862 summo
1227 4822 1348 4860 cum
1376 4806 1571 4879 gaudio
1596 4805 1647 4859 in
1678 4816 1769 4860 tua
1796 4804 1969 4859 salute
1991 4820 2121 4874 pro-

553 4909 791 4958 curanda
829 4902 1249 4959 exantlavimus.
1276 4900 1395 4955 Noli
1424 4901 1663 4973 incipere
1686 4916 1809 4955 cum
1839 4901 2120 4956 alacritate

553 5012 765 5050 summa
796 4995 967 5050 divini
996 4994 1250 5065 praeconii
1281 5011 1445 5051 voces
1476 4994 1756 5064 suscipere
1779 5031 1795 5057 ,
1817 4993 1887 5062 {et
1911 5008 2034 5047 cum
2068 5003 2120 5051 te

2217 1962 2437 2035 καθαρὰ
2458 1964 2551 2017 καὶ
2576 1962 2880 2035 ἀμώμητος
2901 1964 3192 2035 ὁμολογίαο
3224 1964 3365 2036 αὕτη
3403 1966 3509 2036 τῆς
3527 1968 3791 2037 ἀχράντου

2217 2056 2312 2109 καὶ
2342 2054 2647 2125 έλικρινοῦς
2670 2068 2698 2096 ι
2730 2055 2986 2127 λατρείας
3016 2056 3196 2128 ἡμῶν,
3224 2058 3319 2110 καὶ
3340 2058 3450 2112 τῶν
3478 2060 3614 2129 περὶ
3634 2060 3792 2130 αὐτὴν

2221 2147 2435 2200 σεπτῶν
2471 2148 2811 2219 μυστηρίων,
2847 2150 2880 2219 ἡ
2917 2149 3176 2219 θεόσοφος
3231 2152 3631 2221 μυσταγωγία·
3666 2155 3789 2207 uti

2218 2239 2444 2310 ταύτην,
2500 2241 2664 2311 μέχρι
2716 2240 2835 2311 βίου
2888 2242 3131 2312 δυσμῶν,
3194 2246 3289 2297 καὶ
3321 2244 3654 2313 φρονοῦντες
3708 2247 3790 2299 καὶ

2222 2331 2570 2395 πιστεύοντες
2609 2332 2704 2386 καὶ
2756 2332 3189 2404 πολιτευόμενοι,
3240 2337 3379 2406 πρὸς
3407 2336 3509 2409 τὴν
3539 2339 3790 2407 ἀνατολὴν

2220 2423 2313 2477 τοῦ
2342 2424 2533 2495 νοητοῦ
2562 2424 2715 2495 ἡλίου
2751 2427 3111 2497 ἐπειγόμεθα,
3136 2430 3234 2500 τῆς
3263 2429 3477 2485 ἐκεῖθεν
3497 2432 3789 2504 ἀνεσπέρου

2221 2514 2400 2584 αὐγῆς
2441 2515 2535 2568 καὶ
2570 2515 2956 2589 λαμπρότητος
2994 2521 3325 2592 τρανότερόν
3367 2539 3427 2577 τε
3472 2524 3573 2577 καὶ
3602 2525 3790 2579 τελειό-

2221 2623 2379 2674 τερον
2446 2606 2869 2674 ἀπολαύσοντες.
2932 2610 3149 2682 Ταύτην
3209 2616 3480 2687 προσήκει
3543 2618 3645 2670 καὶ
3703 2618 3792 2688 τὴν

2224 2696 2496 2768 ὑμετέραν
2527 2697 2929 2771 θεοφρούρητον
2961 2700 3178 2755 σύνεσιν
3216 2702 3341 2775 ἠδη,
3385 2704 3525 2773 πρὸς
3551 2706 3647 2758 τὸν
3668 2706 3789 2776 ὴμέ-

2222 2807 2380 2861 τερον
2416 2789 2618 2861 κλῆρον
2671 2792 2772 2863 τῆς
2815 2792 3099 2859 εὐσεϐείας
3150 2795 3471 2868 ἀφορῶσαν.
3520 2798 3791 2870 εἰλικρινεῖ

2223 2878 2490 2947 διαθέσει,
2512 2882 2604 2936 καὶ
2619 2882 2849 2955 γνώμης
2868 2884 3147 2957 εὐθύτητι,
3172 2888 3269 2941 καὶ
3285 2888 3600 2960 ἀδιστάκτῳ
3627 2890 3789 2944 πίστει

2226 2973 2588 3043 ἀποδέχεσθαι
2611 2976 2707 3029 καὶ
2740 2976 3012 3047 στέργειν,
3041 2979 3136 3031 καὶ
3171 2982 3311 3050 μήτε
3340 2980 3493 3053 δεξιᾷ
3523 2983 3667 3053 μήτε
3690 2984 3791 3054 ἀρι-

2228 3068 2415 3138 στερᾷ,
2467 3067 2611 3138 μηδὲ
2652 3068 2746 3121 ἐπὶ
2778 3068 2985 3139 βραχὺ,
3016 3070 3222 3143 ταύτης
3260 3073 3604 3129 ἀποκλίνειν.
3639 3076 3795 3130 Τοῦτο

2226 3158 2337 3229 γὰρ
2367 3159 2476 3213 τῶν
2507 3161 2821 3214 ἀποστόλων
2853 3163 2916 3215 τὸ
2950 3163 3239 3235 κήρυγμα,
3268 3165 3429 3218 τοῦτο
3468 3166 3583 3219 τῶν
3625 3168 3790 3220 οίκου-

2230 3250 2466 3319 μενικῶν
2497 3250 2732 3305 συνόδων
2756 3252 2818 3305 τὸ
2861 3253 3135 3325 φρόνημα.
3168 3255 3258 3309 Διὸ
3283 3256 3345 3308 ού
3378 3257 3544 3327 μόνον
3579 3259 3790 3311 σεαυτὸν

2228 3346 2443 3411 φρονεῖν
2473 3342 2615 3396 οὕτω
2661 3344 2745 3397 δεῖ
2788 3344 2885 3398 καὶ
2922 3342 3028 3419 [τὸ]
3069 3345 3335 3414 δοξάζειν,
3364 3347 3502 3402 ἀλλά
3541 3348 3639 3403 καὶ
3679 3351 3789 3413 τοὺς

2228 3434 2333 3487 ὑπὸ
2364 3434 2422 3488 σὲ
2469 3436 2836 3508 τεταγμένους
2868 3438 2949 3501 είς
2978 3438 3040 3492 τὸ
3071 3439 3207 3492 αὐτὸ
3242 3440 3343 3511 τῆς
3378 3441 3644 3513 ἀληθείας
3671 3444 3787 3511 φρό-

2227 3546 2375 3597 νημα
2404 3534 2785 3601 χειραγωγεῖν,
2818 3534 2915 3586 καὶ
2946 3533 3083 3605 πρὸς
3115 3536 3213 3609 τὴν
3246 3537 3420 3609 αὐτὴν
3449 3539 3789 3609 καταρτίζειν

2228 3623 2433 3687 πίστιν,
2462 3624 2557 3677 καὶ
2590 3625 2759 3697 μηδὲν
2796 3626 2899 3697 τῆς
2927 3630 3184 3699 τοιαύτης
3212 3630 3451 3701 σπουδῆς
3474 3632 3571 3687 καὶ
3605 3633 3781 3700 ἐπιμε-

2226 3712 2374 3777 λείας
2420 3713 2669 3786 ήγεῖσθαι
2706 3718 3053 3792 τιμιώτερον.
3091 3722 3386 3793 ΙἈρχοντος
3424 3724 3538 3794 γὰρ
3570 3723 3644 3787 ὡς
3669 3722 3782 3793 ἀληο

2228 3804 2357 3870 θῶς,
2392 3809 2467 3878 μὴ
2505 3808 2605 3879 τῆς
2643 3810 2775 3875 ἰδίας
2810 3811 2971 3881 μόνον
3014 3814 3289 3886 σωτηρίας
3330 3816 3608 3868 ποιεῖσθαι
3638 3832 3781 3887 φρον-

2226 3897 2378 3962 τίδα,
2410 3898 2548 3953 ἀλλά
2591 3902 2686 3954 καὶ
2732 3904 2823 3956 τὸν
2860 3904 3294 3973 ὲμπιστευθέντα
3354 3907 3484 3961 λαὸν
3528 3908 3626 3978 τῆς
3672 3909 3778 3976 ἴσης

2226 3987 2411 4053 ἀξιοῦν
2444 3990 2701 4062 προνοίας
2722 4031 2736 4055 ,
2768 3993 2865 4046 καὶ
2892 3994 2973 4057 είς
3016 3995 3118 4065 τὴν
3145 3996 3315 4067 αὐτὴν
3342 3995 3443 4067 τῆς
3470 3995 3780 4065 θεογνωσίας

2226 4084 2586 4152 χειραγωγεῖν
2622 4100 2683 4136 τε
2722 4084 2819 4137 καὶ⁵
2863 4086 3287 4155 προσκαλεῖσθαι
3314 4088 3651 4159 τελειότητα.
3698 4088 3776 4155 Μὴ

2225 4173 2404 4227 τοίνυν
2430 4174 2538 4227 τῶν
2566 4174 2799 4229 ἐλπίδων
2825 4177 2971 4247 ἡμᾶς
3004 4177 3397 4250 διαψευσθῆναι
3427 4180 3689 4253 ποιήσῃς,
3721 4177 3777 4241 ἀς

2225 4263 2259 4332 η
2278 4262 2345 4333 σὴ
2373 4263 2588 4335 περὶτὰ
2616 4264 2755 4318 καλά
2780 4268 2921 4337 ῥοπή
2950 4283 3009 4320 τε
3034 4269 3130 4321 καὶ
3146 4270 3370 4341 εὐηκοῖα
3395 4271 3637 4343 παρέσχε
3664 4286 3779 4341 προ-

2228 4352 2520 4408 ϐάλλεσθαι
2542 4371 2555 4385 ·
2590 4355 2726 4426 μηδὲ
2748 4359 2873 4422 τοὺς
2896 4359 3093 4423 πόνους
3118 4361 3211 4413 καὶ
3235 4363 3361 4425 τοὺς
3405 4364 3655 4432 ἀγῶνας,
3697 4363 3779 4424 οὓς

2226 4448 2365 4519 ὑπὲρ
2384 4447 2483 4517 τῆς
2507 4448 2779 4521 ὑμετέρας
2801 4450 3075 4522 σωτηρίας
3097 4452 3466 4524 ἀνεδεξάμεθα
3494 4458 3778 4527 χαίροντες,

2157 4561 2203 4620 D
2232 4538 2495 4608 ματαίους
2521 4538 2751 4613 ἐλέγξῃς
2770 4558 2785 4574 ο
2820 4542 2943 4613 μηδ’
2970 4542 3236 4615 ἄρχεσθαι
3268 4545 3369 4617 μὲν
3399 4547 3674 4620 προθυμίᾳ
3697 4548 3778 4601 τοῦ

2228 4629 2374 4682 θείου
2403 4628 2759 4702 κηρύγματος
2799 4634 3155 4707 ὑποδέχεσθαι
3188 4639 3317 4702 τοὺς
3359 4639 3584 4708 λόγους,
3634 4642 3780 4695 αὑτὸν

2226 4720 2531 4794 ὲπιδείξῃς,
2576 4723 2656 4787 είς
2690 4723 2962 4795 ρᾳθυμίαν
2988 4728 3047 4783 δὲ
3075 4729 3177 4800 τὴν
3203 4730 3514 4803 προθυμίαν
3561 4732 3780 4787 καταλύ-

2228 4812 2420 4876 σειςδ·
2456 4813 2572 4867 ἀλλ’
2618 4815 2803 4886 ὅμοιον
2843 4820 2944 4890 μὲν
2989 4824 3055 4894 τῇ
3088 4823 3310 4895 ἀπαρχῇ
3354 4824 3417 4878 τὸ
3442 4825 3625 4892 τέλος,
3658 4826 3781 4895 σύμ-

2227 4920 2403 4973 φωνον
2431 4905 2488 4959 δὲ
2519 4905 2617 4977 τὴν
2650 4907 2928 4963 πολιτείαν
2958 4915 3023 4983 τῇ
3071 4914 3275 4983 πίστει,
3308 4916 3487 4971 κοινὸν
3512 4918 3572 4972 δὲ
3599 4917 3783 4987 ἀγαθὸν

2228 4996 2323 5050 καὶ
2355 4999 2542 5066 γένους
2588 5000 2685 5053 καὶ
2717 5002 2979 5068 πατρίδος
3021 5005 3121 5078 τὴν
3166 5008 3268 5079 σὴν
3310 5008 3491 5073 διδοὺς
3552 5010 3781 5076 ἐξουσίαν

1787 5201 2024 5258 νΑιιιιιρ]
2067 5204 2471 5264 LECTIONES.

562 5386 588 5413 ³
618 5401 702 5450 rp.
750 5385 844 5436 καὶ
946 5386 1104 5455 πρός.
1180 5391 1207 5430 γ
1240 5399 1328 5450 γρ.
1369 5380 1649 5445 ἀπέδειξε.

1731 5392 1750 5418 Ζ
1779 5400 1868 5453 γρ.
1901 5387 2126 5455 νοεροίς.
2203 5399 2231 5428 ι
2271 5386 2402 5457 Leg.
2440 5387 2788 5460 εἰλικρινοῦς.
2865 5390 2893 5429 ι’
2927 5389 3056 5461 Leg.
3092 5396 3421 5467 καταλύσῃς.

2048 5543 2281 5599 NOTAE.

621 5724 733 5793 (26)
777 5723 1283 5796 Postrelacanévq,
1336 5727 1447 5781 ἀπὸ
1470 5725 1565 5779 τοῦ
1591 5726 1771 5781 κοινοῦ
1809 5729 2119 5783 subintelli-

552 5796 723 5869 gelida
750 5794 1001 5869 signatius.
1022 5811 1141 5869 quae
1164 5794 1263 5851 vos
1292 5800 1492 5852 rectius
1513 5798 1805 5852 adderetur
1830 5801 2125 5869 σαφηνείας

563 5865 756 5930 gratia.
789 5866 1133 5929 Κροσσωτοῖς
1173 5869 1441 5935 χρυσέοις.
1472 5869 1675 5923 Διιυόίι
1700 5871 1765 5923 ad
1798 5865 2077 5926 Psalfxu'
2109 5914 2123 5937 ,

2233 5730 2300 5785 l5
2328 5748 2340 5785 :
2376 5733 2533 5817 ῐῖὀὶσοι⁹
2564 5736 2594 5802 ἡ
2638 5734 2763 5817 δόξα
2791 5736 2888 5804 τῆς
2919 5737 3185 5817 θυγατρὸς
3217 5742 3484 5817 βασιλέως
3514 5747 3706 5802 ἔσωθεν
3729 5750 3785 5800 ἐν

2232 5807 2560 5889 atposset-coli;
2596 5807 2846 5889 χρυσέοις
2882 5807 3345 5884 περιϐεϐλημένη.
3370 5807 3503 5881 Quae
3528 5830 3781 5889 postrema

2232 5888 2336 5926 vox
2377 5873 2461 5926 hic
2491 5874 2678 5928 deesse
2705 5876 2934 5930 videtur.
