4052 6444
198 433 309 498 657

1344 434 1879 495 EPISTOLARUM
1910 437 2139 496 LIBER
2182 436 2230 495 Ι.

3336 430 3443 492 658

200 547 542 620 καθορᾶσθαι
578 548 674 603 καὶ
703 548 1086 622 ὀνομάζεσθαι,
1118 550 1217 622 τὴν
1245 550 1383 621 ἐμὴν
1431 551 1524 603 ἐπὶ
1559 550 1644 603 σοι
1678 568 1811 621 χαολ

1914 549 2041 603 ιιθηι
2072 550 2372 619 praebueris
2400 549 2812 620 aliquantisper,
2853 548 2987 602 illud
3025 553 3178 600 tuum
3201 546 3444 601 studium

207 641 309 712 ράν
336 641 432 695 καὶ
460 638 800 710 εὐφροσύνην
821 640 1068 712 διατήρει
1096 638 1497 703 ἀνεξάλειπτον.

1879 651 2198 697 convertere
2240 643 2293 697 in
2324 643 2593 713 ignaviam
2624 660 2639 696 :
2676 656 2861 696 verum
2897 639 3018 695 ﬁnis
3057 640 3214 696 initio
3262 652 3448 692 corre-

201 733 510 803 spondeat;
538 731 663 785 vita:
684 732 1029 786 conversatio
1060 729 1219 785 ﬁdem
1242 729 1542 799 exprimat,
1566 737 1622 784 et
1682 729 1811 783 dum
1852 740 1999 785 tuam
2034 741 2353 801 potestatem
2421 732 2663 787 omnium
2737 731 2908 786 oculis
2951 740 3006 786 et
3042 730 3241 803 linguis
3282 744 3446 783 usur-

202 825 437 894 pandam
459 823 706 887 exhibes,
728 822 779 876 in
808 837 1155 877 communem
1183 829 1238 875 et
1258 820 1473 891 generis
1502 827 1559 876 et
1585 820 1777 891 patriae
1810 821 2117 891 utilitatem,
2167 839 2351 879 meum
2382 824 2452 879 de
2487 831 2538 878 te
2563 822 2818 895 gaudium
2843 831 2898 877 et
2965 821 3134 881 animi
3191 819 3446 874 solatium

200 928 424 982 semper
452 911 751 966 indeletum
786 910 1079 965 custodito.

274 1004 381 1075 κβ’.
430 1002 570 1057 Ἀλλ’
597 1002 697 1071 ὅρα
718 1002 781 1073 δή
818 1020 908 1073 μοι
934 1003 1142 1064 λοιπὸν.
1164 1001 1475 1072 φιλόχριστε
1502 1002 1599 1057 καὶ
1619 1017 1781 1055 πνευ-

206 1094 411 1165 ματικὶ
441 1094 601 1163 ἡμῶν
645 1093 730 1146 υίὲ
751 1136 766 1158 ,
797 1094 890 1147 καὶ
918 1095 972 1148 εί
1007 1113 1060 1148 τι
1092 1094 1221 1150 ἄλλο
1252 1095 1462 1148 κλεινὸν
1490 1095 1586 1149 καὶ
1615 1094 1780 1149 καλὸν

206 1188 302 1240 καὶ
335 1186 570 1257 στοργῆς
590 1184 739 1250 ἄξιον
763 1185 955 1253 ὄνομα,
982 1186 1082 1258 ὅρα
1111 1186 1399 1258 τοιγαροῦν
1436 1187 1569 1250 ὅσας
1599 1203 1782 1257 παρα-

205 1279 393 1344 τάξεις
424 1278 453 1329 ό
479 1276 714 1347 πονηρὸς
743 1277 884 1331 κατὰ
910 1276 1011 1347 τῆς
1036 1276 1294 1340 εὐσεϐοῦς
1329 1278 1423 1333 καὶ
1454 1276 1626 1346 μόνης
1644 1275 1781 1346 ἀλη-

211 1367 363 1437 θινῆς
395 1366 503 1420 τῶν
538 1364 879 1435 Χριστιανῶν
908 1364 1205 1437 θρησκείας
1231 1363 1653 1434 ἐπαλαμήσατο,
1691 1363 1780 1415 αἱ-

208 1459 395 1531 ρέσεις
473 1457 763 1526 διαφόρους
804 1498 820 1523 ,
850 1459 947 1513 καὶ
1006 1456 1225 1519 πάσεις
1258 1497 1273 1521 ,
1306 1456 1400 1508 καὶ
1455 1454 1661 1525 μάχας,
1687 1452 1783 1506 καὶ

212 1547 489 1619 πολέμους
529 1547 782 1603 ἐπινοῶν.
812 1547 956 1617 Ὅρα
1000 1546 1059 1601 δὲ
1087 1548 1182 1603 καὶ
1209 1546 1551 1609 τοῦτο,ὃπως
1568 1544 1785 1608 ἁπάσας

206 1638 352 1710 αὕτη
399 1640 825 1710 κατεστρέψατο,
875 1639 971 1692 καὶ
1017 1639 1245 1709 λαμπρά
1293 1638 1361 1692 τὰ
1394 1638 1535 1692 κατά
1566 1638 1785 1691 πάντων

208 1734 479 1802 ἀνέστησε
519 1735 781 1802 τρόπαια.
831 1731 942 1785 Καὶ
982 1729 1147 1801 μηδὲν
1201 1728 1493 1801 θαυμάσῃς
1528 1729 1628 1793 τὰς
1663 1730 1785 1782 κατ’

1955 999 2045 1056 2’2.
2088 999 2193 1056 Sed
2219 999 2345 1055 vide
2372 1001 2613 1067 demum,
2640 1015 2821 1070 quaso
2849 1008 2920 1063 te,
2956 1014 2989 1053 ο
3013 1009 3069 1054 ιιι
3100 999 3232 1054 mihi
3255 999 3452 1055 dilecte

1884 1091 1939 1147 in
2003 1090 2223 1147 Christo
2275 1099 2330 1147 et
2386 1092 2681 1162 Spiritualis
2740 1091 2837 1155 ﬁli,
2894 1100 2949 1146 et
3008 1092 3053 1146 si
3123 1092 3253 1161 quid
3304 1092 3453 1148 aliud

1884 1184 2143 1239 eximium
2184 1185 2435 1254 usurpari
2480 1191 2660 1255 potest
2705 1192 2761 1238 et
2793 1183 3064 1238 excellens
3110 1196 3308 1237 nomen
3366 1182 3454 1237 di-

1885 1291 2049 1345 gnum
2078 1284 2310 1345 paterno
2344 1276 2437 1331 illo
2466 1291 2575 1345 quo
2608 1284 2659 1329 te
2701 1274 3003 1343 amplector
3024 1272 3258 1337 atl‘ectu;
3304 1273 3451 1338 vide,

1885 1368 2127 1437 inquam,
2160 1375 2215 1425 et
2255 1367 2482 1422 adverte
2513 1374 2647 1435 quot
2672 1364 2932 1419 adversus
2970 1363 3114 1419 acies
3161 1362 3334 1417 malus
3362 1362 3455 1418 ille

1879 1460 2090 1515 daemon
2122 1467 2314 1515 contra
2354 1459 2527 1529 pium,
2582 1459 2759 1513 solum
2810 1473 3002 1515 verum
3052 1457 3455 1512 Christianismi

1881 1551 2086 1609 cultum
2133 1551 2451 1605 instruxerit
2498 1566 2511 1603 :
2560 1550 2796 1604 haereses
2848 1548 3107 1603 nimirum
3156 1548 3453 1617 plurimas,

1883 1644 2168 1705 tumultus,
2196 1657 2427 1711 pugnas,
2472 1640 2877 1703 contentiones,
2928 1639 3111 1708 przelia
3142 1637 3455 1693 concitavit.

1884 1733 2022 1788 Vide
2055 1741 2236 1787 autem
2269 1730 2730 1801 quemadmodum
2780 1728 3088 1784 Christiana
3143 1727 3317 1798 pietas
3356 1727 3459 1781 ista

208 1800 766 1891 αὑτῆς-λογιζόμενος
799 1800 1037 1884 ἐπινοίας
1087 1819 1181 1873 καὶ
1217 1800 1527 1881 ἐπιϐουλάς.
1562 1819 1785 1890 Πρῶτον

1914 1824 2070 1878 νηιηὶα
2102 1822 2239 1879 ludit
2279 1800 2611 1893 fugavitque,
2640 1831 2695 1876 et
2724 1820 3083 1875 clarissimum
3113 1818 3237 1872 inde
3262 1818 3460 1872 trium-

212 1912 316 1983 μὲν
342 1913 479 1984 γὰρ,
519 1913 618 1966 οὐκ
658 1912 725 1966 ἂν
750 1910 895 1966 οὕτω
936 1911 1243 1982 περιφανὴς
1276 1912 1370 1964 καὶ
1414 1910 1656 1981 κραταιά
1691 1910 1787 1963 καὶ

210 2003 485 2073 ἐπίσημος
509 2002 597 2057 διὰ
623 2002 724 2072 τῆς
745 2003 901 2070 νίκης
932 2003 1162 2070 ἐγίνετο,
1187 2003 1237 2054 εί
1270 2002 1434 2072 μηδὲν
1463 2002 1599 2072 αὐτῇ
1632 2000 1790 2054 πολέ-

216 2112 342 2165 μιον
393 2095 773 2149 συνεπλέκετο.
814 2095 1047 2149 Ἔπειτα
1083 2095 1140 2148 δὲ
1176 2095 1268 2147 καὶ
1304 2095 1535 2165 συνορᾷν
1584 2094 1787 2165 ῥᾴδιον,

213 2186 291 2251 ὡς
316 2187 553 2258 ἔνθαπερ
576 2190 605 2241 ὀ
636 2187 871 2259 πονηρὸς
910 2187 1269 2259 σφοδρότερον
1299 2186 1644 2256 πολεμεῖται,
1676 2188 1793 2239 ἐκεῖ

224 2281 312 2334 διαὶ
338 2279 497 2342 αὐτὸς
529 2280 947 2350 σπουδαιότερον
976 2279 1043 2333 τὰ
1076 2279 1176 2349 τῆς
1216 2279 1414 2342 κακίας
1443 2278 1608 2332 αὐτοῦ
1663 2277 1790 2349 βέλη

223 2371 451 2441 πέμπει,
483 2372 579 2425 καλ⁵
626 2371 692 2424 τά
728 2372 1104 2442 μηχανήματα
1143 2370 1378 2440 ἵστησιν.
1423 2370 1510 2422 Ἐν
1549 2369 1647 2439 pay
1686 2368 1793 2436 γὰρ

224 2466 343 2526 τοῖς
373 2462 554 2527 ἄλλοις
573 2462 805 2529 ἔθνεσιν,
839 2463 963 2517 ἐπεὶ
994 2462 1182 2533 μηδείς
1209 2464 1358 2515 ἐστιν
1385 2461 1532 2531 αύτῷ
1567 2460 1795 2531 σφοδρὸς

221 2554 493 2624 πόλεμος,
523 2554 612 2608 διά
639 2553 802 2607 τοῦτο
847 2554 970 2608 οὐδὲ
1015 2553 1178 2618 αὐτὸς
1224 2554 1347 2608 κατ’
1394 2553 1617 2606 ἐκείνων
1642 2552 1797 2605 ὁπλί-

221 2647 401 2711 ζεται·
428 2648 457 2701 ὁ
482 2647 538 2702 δὲ
565 2646 955 2717 Χριστώνυμος
979 2645 1074 2699 τοῦ
1100 2645 1237 2699 Θεοῦ
1266 2645 1414 2712 λαὸς,
1443 2643 1505 2698 τὸ
1535 2644 1708 2712 ἅγιον,
1738 2644 1799 2696 τὸ

220 2736 501 2808 βασίλειον
544 2738 863 2808 ἱεράτευμα,
911 2738 1032 2791 ἐπεὶ
1065 2735 1186 2789 καθ’
1219 2735 1457 2806 ἑκάστην
1508 2733 1802 2806 κραταιού-

224 2846 384 2900 μενοι
416 2833 484 2901 τῇ
514 2830 726 2896 πίστει,
759 2830 900 2884 κατά
929 2829 1039 2882 τῶν
1066 2830 1317 2899 πονηρῶν
1342 2828 1506 2882 αὐτοῦ
1546 2827 1802 2897 πράξεων

1889 1916 2054 1985 phum
2112 1916 2424 1985 reportavit.
2474 1914 2585 1969 Nec
2647 1924 2699 1967 te
2736 1917 2926 1967 subeat
2958 1910 3285 1977 admiratio,
3329 1911 3459 1965 dum

1890 2017 2072 2062 mente
2122 2008 2370 2062 revolvas
2412 2018 2602 2061 contra
2653 2007 2802 2060 illam
2853 2012 3137 2073 susceptas
3184 2003 3462 2057 machina-

1891 2100 2067 2155 tiones
2104 2108 2159 2153 et
2186 2098 2430 2155 insidias.
2460 2097 2733 2169 Imprimis
2758 2096 2903 2150 enim
2921 2108 3264 2165 nequaquam
3291 2094 3464 2148 victo-

1892 2192 2027 2246 riam
2084 2200 2192 2245 tam
2244 2191 2530 2257 illustrem,
2579 2197 2830 2260 potenter
2853 2195 3061 2257 partam
3094 2186 3461 2256 etgioriosam

1895 2292 2226 2351 reportasset
2254 2282 2557 2337 Christiana
2582 2284 2777 2353 pietas,
2803 2284 2847 2337 si
2884 2300 3007 2338 cum
3056 2284 3206 2337 nullo
3235 2297 3466 2353 congre-

1895 2375 2121 2430 deretur
2156 2374 2489 2429 adversario.
2536 2373 2743 2428 Deinde
2778 2382 2833 2428 et
2879 2373 3009 2427 illud
3056 2374 3211 2428 facile
3258 2373 3467 2428 intelli-

1896 2464 2063 2535 gitur,
2095 2466 2241 2534 quod
2284 2464 2377 2519 ubi
2410 2465 2638 2519 validius
2688 2465 2865 2519 malus
2915 2464 3001 2518 ille
3053 2464 3197 2518 bello
3244 2464 3467 2533 petitur,

1898 2554 1970 2610 ibi
2009 2563 2065 2611 et
2112 2555 2230 2626 ipse
2271 2571 2368 2610 sua
2413 2555 2694 2625 inquitatis
2752 2555 2859 2610 tela
2908 2554 3104 2608 fortius
3153 2555 3374 2619 emittit,
3415 2562 3473 2609 et

1900 2647 2181 2704 machinas
2208 2648 2427 2718 adaptat
2458 2664 2601 2703 suas.
2638 2647 2702 2701 Et
2740 2656 2889 2702 certe
2916 2647 3057 2704 inter
3094 2647 3227 2701 alias
3261 2655 3470 2718 gentes,

1900 2757 1965 2795 eo
1986 2741 2133 2811 quod
2162 2755 2504 2810 nequaquam
2551 2740 2695 2795 serio
2742 2748 2932 2795 contra
2985 2740 3162 2809 ipsum
3215 2739 3472 2802 bellatur,

1902 2849 2004 2889 nec
2046 2834 2162 2904 ipse
2187 2833 2244 2888 in
2268 2833 2553 2887 adversum
2577 2842 2822 2889 armatus
2856 2833 2992 2886 adeo
3032 2831 3224 2887 tendit.
3268 2831 3338 2885 At
3376 2844 3477 2901 po-

228 2924 328 2976 xa‘t
352 2923 800 2991 ἐπιτηδευμάτων
829 2921 1171 2991 ἀνδρίζονται
1191 2962 1207 2987 ,
1241 2920 1331 2975 διὰ
1368 2919 1528 2973 τοῦτο
1553 2920 1803 2981 κάκεῖνος

1914 2924 2068 2995 pulus
2117 2924 2210 2995 qui
2254 2939 2287 2978 a
2343 2923 2565 2978 Christo
2617 2923 2843 2977 sortitur
2910 2938 3143 2985 nomen,
3194 2923 3346 2977 natio
3388 2920 3479 2974 illa

225 3012 459 3082 μυρίαις
489 3012 808 3076 ἐπιϐολαῖςο
852 3012 949 3067 καὶ
990 3012 1192 3076 πάσαις
1244 3011 1494 3081 μεθόδοις
1540 3011 1693 3073 τινὰς
1745 3008 1805 3075 ἐξ

1914 3028 2118 3082 sancta,
2174 3018 2358 3088 regale
2412 3015 2799 3080 sacerdotium,
2850 3029 2917 3070 eo
2969 3015 3117 3083 quod
3173 3029 3272 3083 per
3321 3012 3480 3066 ﬁdem

226 3104 412 3157 αὐτῶν
439 3104 814 3168 ὑποσκελίζειν
854 3102 1175 3175 τεχνάζεται
1195 3143 1210 3168 ,
1240 3103 1334 3157 καὶ
1364 3102 1677 3156 ἀντιλυπεῖν
1705 3100 1804 3172 τὴν

1914 3108 2285 3179 praevalentes,
2321 3107 2566 3177 quotidie
2591 3117 2779 3161 contra
2824 3106 3103 3176 improbos
3128 3103 3299 3173 ipsius
3328 3110 3485 3158 actus

241 3196 573 3267 Ἐκκλησίαν
594 3196 830 3267 Χριστοῦ
857 3194 1209 3265 ἀγωνίζεται,
1235 3197 1283 3248 εί
1310 3195 1404 3249 καὶ
1437 3195 1517 3256 είς
1541 3193 1805 3265 αἰσχύνην

1914 3211 1963 3256 et
1998 3200 2250 3256 instituta
2274 3200 2576 3261 decertant,
2603 3209 2659 3253 et
2682 3198 2797 3268 ipse
2825 3213 3048 3268 quoque
3075 3206 3361 3252 sexcentas
3400 3195 3486 3248 in-

230 3281 386 3351 αύτῷ
409 3283 460 3336 οἱ
498 3283 708 3351 ἀγῶνες
750 3285 845 3337 καὶ
875 3284 943 3338 τὰ
971 3281 1365 3354 πονηρεύματα
1401 3283 1809 3353 καταστρέφου-

1914 3292 2100 3357 sidias,
2131 3292 2374 3347 diversas
2405 3292 2521 3345 vias
2548 3294 2816 3361 excogitat
2842 3299 2897 3345 et
2916 3289 3284 3351 machinatur,
3311 3296 3373 3342 ut
3400 3287 3487 3341 vel

230 3393 323 3429 σιν
342 3393 355 3406 ·
388 3376 501 3429 ἀλλ’
533 3376 672 3430 ὥστε
690 3374 717 3413 ἀ
741 3377 798 3430 δὲ
821 3376 891 3430 τὰ
913 3377 1011 3447 μὲν
1039 3376 1173 3430 ἄλλα
1192 3376 1302 3430 τῶν
1330 3375 1499 3429 ἐθνῶν
1520 3376 1811 3446 ἀδιάκριτα

1914 3390 2104 3443 saltem
2163 3386 2458 3443 nonnullos
2515 3386 2874 3454 supplantare
2931 3394 3094 3453 atque
3152 3384 3227 3437 ita
3281 3382 3487 3437 Christi

231 3469 334 3521 atati.
361 3469 745 3539 συγκεχυμένα
785 3469 854 3521 τά
893 3469 951 3520 ἐν
992 3467 1257 3537 δόγμασιν
1288 3466 1401 3536 ἔχει
1444 3468 1770 3537 φρονήματα
1794 3502 1810 3528 ,

234 3562 335 3616 καὶ
363 3561 516 3615 οὐδὲν
548 3562 786 3632 καθαρὸν
832 3562 942 3614 οὐδ’
971 3563 1049 3625 είς
1081 3560 1366 3630 ἀκρίϐειαν
1416 3558 1814 3629 δεδοκιμασμέ-

235 3671 351 3719 νον,
380 3652 468 3706 διά
497 3651 653 3707 τοῦτο
678 3654 735 3703 ὲν
757 3650 989 3713 ἐκείνοις
1003 3648 1127 3702 οὔτε
1152 3648 1211 3701 τὸ
1231 3646 1663 3720 διεστραμμένον
1688 3646 1815 3717 φαί-

1914 3478 2215 3534 Ecclesiam
2263 3490 2498 3531 maerore
2543 3474 2757 3530 allicere
2799 3482 2855 3529 et
2895 3472 3115 3541 tristitia
3140 3480 3368 3540 posset:
3403 3478 3480 3523 ut-

1914 3585 2132 3639 cunque
2151 3568 2369 3625 tandem
2400 3568 2616 3636 incepta
2637 3566 2819 3627 omnia
2839 3575 2893 3620 et
2916 3564 3081 3635 impia
3106 3564 3195 3619 illa
3214 3563 3492 3618 machina-

1918 3671 2103 3718 menta
2130 3661 2182 3716 in
2212 3660 2387 3731 ipsius
2419 3658 2657 3715 dedecus
2683 3673 2947 3714 conversa
2994 3656 3269 3711 desinent.
3301 3656 3409 3710 Sed
3438 3664 3495 3709 et

236 3761 417 3800 νεται.
481 3745 570 3797 Ἐν
595 3744 651 3796 δὲ
688 3746 753 3813 τῇ
806 3740 1193 3811 καθαρωτάτη,
1246 3742 1340 3793 καὶ
1377 3740 1677 3810 ἁγιωτάτῃ,
1721 3739 1811 3792 καὶ

1918 3757 2036 3811 alia:
2067 3755 2317 3810 nationes
2346 3753 2599 3824 dogmata
2633 3767 2730 3806 sua
2796 3760 2852 3805 et
2897 3750 3200 3804 doetrinam
3240 3747 3497 3802 indistin-

238 3835 380 3889 πολὺ
405 3835 467 3887 τὸ
498 3833 724 3903 ἀκριϐὲς
747 3831 947 3905 ἐχούσῃ
974 3831 1153 3884 πίστει
1188 3830 1295 3883 τῶν
1322 3829 1686 3901 Χριστιανῶν,
1732 3829 1811 3882 διὰ

1920 3859 2066 3903 ctam
2109 3856 2166 3901 et
2187 3844 2471 3904 confusam
2500 3844 2723 3906 habent,
2752 3857 2854 3896 nec
2872 3841 3164 3910 quidquam
3195 3840 3340 3909 apud
3380 3841 3499 3894 illos

238 3929 304 3981 τὸ
331 3928 451 3981 λίαν
474 3927 642 3995 αὐτῆς
675 3924 966 3995 εἱλικρινὲς
1004 3925 1109 3977 καίι
1143 3923 1301 3987 eses;
1343 3925 1438 3976 καὶ
1487 3923 1811 3996 ἐξῃρημένον

1923 3937 2243 3993 ᾱθίωεαιιιιη
2308 3934 2579 4004 reperitur
2654 3941 2747 3986 aut
2790 3947 2915 3985 cum
2944 3945 3075 3984 cura
3139 3928 3497 3983 exas‘ciatum.

242 4021 341 4074 καὶ
371 4019 670 4089 ἀκήρατον,
695 4017 914 4071 ἐπειδάν
946 4033 1031 4079 τις
1063 4018 1158 4069 καὶ
1183 4016 1375 4087 μικρόν
1404 4033 1456 4067 τι
1489 4014 1811 4086 διαστροφῆς

1929 4030 2065 4084 Ilinc
2093 4037 2177 4084 est
2197 4028 2342 4097 quod
2392 4026 2532 4083 nihil
2566 4024 2814 4080 videatur
2852 4023 2995 4076 inter
3030 4021 3145 4076 illas
3187 4020 3500 4075 distortum.

245 4118 281 4185 ἢ
318 4114 670 4184 καινοτομίας
693 4115 1140 4185 παρεισενεγκεῖν
1171 4114 1519 4184 ἐπιχειρήσῃ,
1544 4112 1742 4166 αὐτίκα
1763 4110 1811 4164 τί

1930 4120 2132 4175 Verum
2166 4119 2222 4173 in
2241 4119 2330 4173 illa
2363 4117 2747 4179 mundissima,
2778 4113 3144 4169 sacratissima
3177 4122 3234 4168 et
3277 4127 3505 4166 accura-

246 4206 685 4279 διεστραμμένον
715 4207 811 4259 καὶ
847 4205 1101 4275 κίϐδηλον
1140 4208 1206 4274 τῇ
1234 4204 1534 4275 παραθέσει
1565 4203 1666 4273 τῆς
1689 4203 1811 4274 άλη-

1932 4211 2139 4265 tissima
2176 4208 2610 4265 Christianorum
2636 4205 2762 4272 ﬁde,
2789 4212 3014 4274 propter
3039 4217 3307 4256 summam
3335 4201 3509 4270 ipsius

247 4298 402 4362 θείας
437 4298 533 4351 καὶ
564 4297 658 4350 τοῦ
702 4297 864 4367 ὀρθοῦ
924 4296 1082 4365 λόγου
1118 4295 1508 4364 καταφαίνεται
1545 4313 1604 4348 τε
1629 4297 1723 4349 καὶ
1749 4296 1830 4347 δι-

246 4390 557 4459 ελέγχεται,
578 4390 672 4441 καὶ
713 4388 822 4441 οὐδ’
856 4387 950 4440 ἐπὶ
984 4387 1155 4457 βραχὺ
1179 4388 1240 4439 τὸ
1271 4387 1422 4439 νόθον
1443 4387 1690 4456 γέννημα
1717 4386 1828 4439 οὐδ’

1935 4303 2229 4373 puritatem
2263 4309 2320 4355 et
2368 4298 2770 4367 impermistam
2817 4294 3249 4363 simplicitatem,
3290 4302 3512 4363 propter

1939 4391 2322 4448 rectitudiuem
2343 4398 2398 4441 et
2421 4387 2694 4442 delectum
2721 4399 2829 4454 quo
2869 4382 3154 4451 praefertur
3195 4382 3432 4443 caeteris,
3468 4382 3511 4434 si

250 4482 362 4534 ὑπὸ
395 4482 493 4550 τὴν
516 4481 686 4547 αὐτὴν
713 4480 1009 4550 ὀνομασίαν
1034 4475 1194 4545 εἶναι,
1226 4481 1336 4533 τῶν
1360 4480 1601 4532 εὐσεϐῶν
1622 4480 1811 4551 δογμάε

1936 4485 2063 4555 quis
2106 4481 2190 4537 vel
2230 4480 2500 4535 tantillum
2557 4478 2612 4531 in
2645 4492 2707 4531 ea
2758 4491 2789 4530 a
2844 4474 3172 4529 rectitudine
3210 4473 3510 4533 declinans,

249 4592 365 4628 των
392 4574 643 4644 οὐδαμῶς
687 4575 939 4644 ἀνέχεται
969 4574 1002 4639 ἡ
1036 4573 1308 4641 εὐγένεια.
1344 4573 1555 4643 Ὥσπερ
1588 4574 1696 4644 γάρ
1740 4575 1835 4625 ἐπὶ

252 4667 365 4721 τῶν
415 4664 603 4719 κάλλει
630 4665 997 4736 διαφερόντων
1048 4666 1316 4734 σωμάτων
1374 4665 1471 4718 καὶ
1530 4667 1701 4735 μικρά
1753 4682 1835 4729 τις

255 4759 623 4829 ἐπιγενομένη
662 4758 816 4828 κηλὶς
848 4758 1040 4812 θᾶττον
1068 4760 1358 4827 συνορᾶται
1387 4758 1482 4811 καὶ
1513 4756 1836 4827 πεφώραται

254 4857 327 4923 τῇ
354 4851 656 4922 παραθέσει
682 4851 780 4920 τῆς
812 4851 1006 4919 λοιπῆς
1048 4850 1107 4902 ἐν
1129 4850 1206 4921 τῷ
1243 4849 1456 4919 σώματι
1481 4848 1836 4919 ὡραιότητος,

256 4947 375 5009 τοῖς
400 4943 444 4996 δ’
483 4944 729 5012 αἰσχροῖς
754 4942 852 5012 τὴν
881 4940 1004 5010 ὄψιν
1036 4943 1135 4994 οὐκ
1165 4941 1232 4994 ἂν
1260 4940 1604 5011 ἐξελεγχθείη
1638 4941 1836 5011 ῥᾳδίως

258 5038 334 5090 τὰ
404 5036 502 5104 τῆς
539 5021 925 5104 ἀσίημοσύνης
972 5033 1118 5104 πάθη
1168 5035 1636 5105 ἐπισυνιστάμενα
1675 5035 1832 5106 (ὑπο⁶

262 5128 521 5182 λανθάνει
570 5126 678 5196 γάρ
727 5125 827 5193 τῆς
876 5124 1153 5194 ἀμορφίας
1209 5125 1286 5196 τῷ
1343 5128 1596 5193 συγγενεῖ
1636 5126 1732 5179 καὶ
1773 5129 1840 5199 τῇ

264 5220 575 5292 ἐμοιότητι)
592 5234 605 5248 ο
633 5217 778 5270 οὕτω
808 5217 902 5270 καὶ
930 5218 1023 5269 ἐπὶ
1037 5220 1135 5289 τῆς
1158 5216 1266 5270 τῶν
1285 5217 1627 5287 Χριστιανῶν
1649 5219 1845 5289 ὡραιο-

266 5319 439 5385 τατης
476 5314 552 5373 ὼς
591 5311 809 5382 άληθῶς
839 5310 935 5364 καὶ
978 5310 1380 5382 ὑπερλάμπρου
1422 5314 1719 5384 θρησκείας
1750 5317 1843 5366 καὶ

269 5407 547 5470 πίστεως,
574 5404 678 5458 κᾶν
717 5405 777 5457 τὸ
813 5404 1146 5474 βραχύτατόν
1182 5420 1266 5467 τις
1298 5405 1465 5476 αὐτῆς
1495 5406 1842 5479 παρατρέψῐιν

274 5501 525 5573 μεγάλην
563 5498 950 5570 ἀσχημοσύνην
984 5496 1311 5564 ἐργάζεται·
1357 5498 1424 5549 τά
1472 5497 1515 5549 δ’
1562 5497 1697 5550 ἄλλα
1742 5500 1848 5551 τῶν

272 5592 449 5646 ἐθνῶν
491 5591 738 5659 δόγματα
759 5630 774 5655 ,
809 5587 1011 5656 πολλῆς
1042 5589 1312 5658 ἀκοσμίας
1341 5588 1433 5639 καὶ
1468 5588 1848 5659 ἀσχημοσύνης

276 5686 552 5757 γέμοντα,
580 5682 837 5752 οὐδεμίαν
864 5681 1007 5751 ἔχειν
1043 5684 1154 5742 τοῖς
1183 5681 1401 5744 οἰκείοις
1439 5682 1695 5751 ἐρασταῖς
1731 5698 1854 5733 συν-

1939 4579 2256 4630 innovatum
2284 4571 2486 4641 aliquid
2533 4568 3023 4630 subintroduxerit,
3057 4566 3317 4622 continuo
3371 4563 3515 4633 quod

1940 4668 2222 4736 obliquum
2251 4673 2334 4718 est
2367 4671 2422 4716 et
2453 4662 2843 4724 adulteratum,
2867 4659 2911 4713 si
2943 4658 3011 4712 ad
3049 4666 3248 4710 rectam
3272 4654 3517 4707 veritatis

1944 4759 2209 4816 rationem
2241 4757 2508 4826 exigatur,
2533 4764 2588 4808 et
2610 4760 2837 4822 apparet
2862 4761 2916 4804 et
2947 4749 3309 4803 convincitur.
3330 4747 3517 4815 Neque

1942 4860 2090 4906 certe
2156 4848 2264 4918 pati
2322 4855 2504 4917 potest
2547 4859 2811 4916 generosa
2855 4842 2946 4895 illa
2999 4840 3209 4894 indoles
3257 4837 3519 4892 doctrina:

1944 4964 2119 5025 sanae,
2165 4946 2455 5016 ut‘spuria
2503 4944 2753 5014 dogmata
2804 4938 2887 4993 vel
2939 4936 3209 4991 tantillum
3258 4934 3520 5002 temporis

1947 5042 2048 5096 sub
2061 5024 2173 5095 uno
2190 5054 2377 5095 secum
2392 5036 2613 5091 nomine
2634 5034 3036 5089 delitescerent.
3049 5024 3518 5092 Quemadmodum

1949 5134 2094 5187 enim
2126 5133 2181 5185 in
2212 5146 2441 5201 corpore
2470 5128 2698 5198 pulchro
2743 5123 2827 5178 vel
2870 5120 3094 5175 minima
3134 5117 3383 5172 labecula
3429 5123 3521 5168 aut

1950 5226 2161 5280 macula
2194 5240 2313 5294 quae
2341 5220 2650 5282 adhaeserit,
2694 5215 2842 5271 cerni
2870 5222 3045 5283 potest
3074 5223 3127 5265 et
3156 5212 3318 5264 citius
3344 5208 3518 5260 anim-

1954 5317 2185 5381 adverti,
2231 5331 2297 5370 eo
2341 5312 2486 5382 quod
2521 5324 2551 5363 a
2579 5306 2786 5374 reliqua
2804 5304 3077 5370 discrepet
3100 5297 3525 5369 pulchritudine,

1954 5411 1999 5464 si
2035 5409 2102 5462 ad
2144 5423 2264 5462 eam
2296 5408 2689 5471 componatur:
2724 5403 2809 5449 ast
2834 5395 2885 5447 iu
2930 5392 3264 5447 deformibus
3311 5397 3366 5442 et
3407 5388 3524 5441 visu

1956 5495 2229 5565 turpibus,
2263 5506 2383 5560 qua:
2423 5486 2689 5556 turpicula
2715 5492 2861 5544 sunt.
2889 5498 2994 5535 non
3014 5492 3120 5535 tam
3151 5480 3261 5533 cito
3290 5487 3345 5532 et
3378 5475 3534 5530 facile

1956 5586 2477 5658 deprehenduntur;
2522 5595 2649 5632 nam
2681 5593 2775 5647 per
2811 5573 3172 5633 deformitatis
3219 5568 3529 5625 similitudi-

1962 5696 2088 5734 nem
2119 5687 2175 5731 et
2200 5687 2558 5745 congcnercm
2596 5671 2823 5725 formam
2873 5668 3043 5721 latent
3076 5684 3089 5719 :
3120 5665 3191 5718 ita
3222 5677 3437 5732 quoque
3480 5670 3534 5713 et

1594 5815 1824 5871 V'ARIAS
1861 5814 2267 5869 LECTIONES.

360 5904 391 5933 ο
428 5890 759 5953 ἐπιϐουλαῖς.
835 5891 860 5927 α
907 5906 995 5955 πρ.
1024 5886 1191 5948 ἄλλως
1217 5903 1294 5941 τε.
