4052 6442
607 437 715 500 659

1774 431 2036 492 ΡΗΟΤΙΙ
2072 429 2576 490 PATRIARCIl/E
2618 429 2726 490 (ΖΡ.

3757 426 3855 490 630

605 555 661 610 in
693 552 1019 608 Christiana:
1064 549 1338 620 religionis
1369 555 1424 603 et
1467 545 1594 601 ﬁdei
1645 544 1933 615 splendore
1963 560 2028 599 ac
2058 545 2158 614 puli

2284 542 2536 614 αίσθησιν
2561 542 2745 596 δίδωσι
2782 539 2882 611 τῆς
2913 539 3335 610 ἐπιγιγνομένης
3369 535 3750 610 αἰσχρότητος.
3786 545 3850 594 υύ

606 647 916 703 ehritudine
945 644 1139 700 accidit
1176 661 1188 698 :
1219 643 1264 697 si
1295 642 1418 712 quis
1448 640 1533 696 vel
1567 638 1834 693 tantillum
1865 638 1921 692 in
1954 638 2039 691 illa
2075 637 2178 691 im-

606 750 874 795 mutatum
919 735 1264 809 perverterit,
1325 747 1574 804 magnam
1622 738 1878 801 operatur
1919 727 2178 782 deformi-

604 842 793 895 tatem,
845 846 966 901 quae
1024 830 1140 898 ipsa
1192 838 1248 882 et
1299 826 1479 880 statim
1529 821 1994 892 deprehenditur;
2051 834 2177 875 eum

604 936 920 979 easterarum
951 921 1192 993 gentium
1219 917 1488 983 doctrina,
1520 925 1708 985 utpote
1737 915 2006 970 dedecore
2037 912 2176 966 mul-

601 1015 772 1086 tiplici
801 1013 997 1070 referta
1026 1022 1082 1069 et
1113 1013 1469 1082 turpitudine,
1514 1011 1722 1066 nullum
1765 1008 1924 1079 plane
1955 1019 2173 1062 sensum

604 1107 776 1176 ipsius
809 1106 1132 1176 sequacibus
1158 1105 1407 1159 admissa:
1434 1099 1787 1174 turpitudinis
1813 1097 1896 1153 vel
1927 1096 2177 1151 notitiam

601 1207 874 1269 suggerat.
905 1197 1059 1264 Quod
1104 1198 1282 1267 ipsum
1322 1196 1511 1251 eodem
1545 1197 1705 1249 modo
1744 1191 2177 1255 animadvertere

600 1291 727 1348 licet
757 1292 810 1346 in
841 1291 1054 1347 ezeteris
1076 1290 1349 1350 omnibus,
1385 1287 1546 1342 etiam
1568 1285 1779 1340 artibus
1803 1293 1860 1338 et
1891 1281 2172 1336 scientiis:

599 1399 725 1438 nam
757 1383 811 1437 in
860 1383 928 1438 iis
956 1399 1078 1454 qua:
1120 1379 1394 1436 constant’
1411 1376 1746 1433 exactissime
1826 1373 1905 1428 vel
1950 1372 2174 1427 minima

598 1475 872 1529 aberratio
931 1474 1089 1528 facile
1137 1471 1509 1535 discernitur;
1568 1484 1692 1523 eum
1747 1468 1803 1521 in
1858 1464 2173 1536 vulgaribus

595 1569 762 1622 multa
793 1567 1147 1638 negligantur,
1176 1572 1230 1619 et
1258 1577 1359 1617 nec
1388 1563 1444 1615 in
1485 1575 1733 1615 errorum
1779 1574 1943 1614 censu
2012 1573 2175 1626 repu-

596 1669 800 1713 tentur.
831 1659 909 1713 Ita
943 1673 1002 1713 se
1033 1672 1120 1711 res
1148 1670 1364 1726 quoque
1409 1654 1574 1709 habet
1620 1663 1674 1709 et
1703 1653 1759 1707 in
1808 1651 2168 1723 principibus,

592 1763 649 1806 et
681 1754 733 1805 in
760 1750 1034 1822 dignitatis
1058 1748 1226 1820 gradu
1256 1762 1421 1817 super
1447 1746 1582 1800 alios
1619 1744 1947 1807 constitutis,
1995 1758 2170 1811 eoque

2291 634 2449 705 μόνον
2476 635 2559 702 δὲ,
2586 633 2724 688 ἀλλὰ
2756 634 2852 686 καὶ
2872 633 2966 686 ἐπὶ
2993 633 3104 685 τῶν
3125 633 3303 686 ἄλλων
3322 633 3511 685 πασῶν
3539 635 3749 701 τεχνῶν
3769 635 3854 685 καὶ

2285 726 2608 797 ἐπιστημῶν
2634 725 2697 780 τὸ
2723 725 2856 781 αὐτὸ
2883 725 3120 779 κατιδεῖν
3141 725 3308 779 ἐστιν.
3349 725 3438 776 Ἐν
3469 723 3570 793 μὲν
3600 724 3711 794 γὰρ
3742 728 3854 786 ταῖς

2283 819 2706 889 ἀκριϐεστὰταις
2736 817 2909 872 καὶτὸ
2932 815 3272 889 βραχύτατον
3303 816 3414 870 τῶν
3440 816 3852 886 ἁμαρτημάτων

2285 911 2458 980 ῥᾷστα
2482 912 2806 980 κατάφωρον
2827 910 3059 979 γίνεταιο
3085 911 3144 963 ὲν
3161 909 3219 961 δὲ
3237 911 3357 972 ταῖς
3373 907 3666 978 τυχούσαις
3691 906 3851 960 πολλὰ

2283 1006 2627 1076 παρορᾶται,
2663 1005 2758 1058 καὶ
2780 1003 2888 1056 οὐδ’
2914 1005 2994 1066 είς
3017 1003 3322 1072 ἁμάρτημα
3340 1002 3606 1073 κρίνεται.
3640 1003 3705 1054 Εἰ
3734 1000 3851 1071 βού-

2284 1097 2365 1152 λει
2389 1099 2473 1164 δὲ,
2511 1098 2604 1150 καὶ
2647 1099 2706 1150 ἐν
2748 1095 2848 1166 μὲν
2883 1098 2998 1159 τοῖς
3045 1096 3292 1166 ἄρχουσι,
3318 1097 3414 1148 καὶ
3439 1094 3548 1148 τῶν
3573 1093 3754 1147 ἄλλων
3792 1097 3848 1165 τῇ

2282 1190 2501 1261 ἐξουσίᾳ
2529 1189 2820 1260 προέχουσι
2839 1229 2854 1254 ,
2885 1188 3120 1258 μάλιστα
3147 1188 3205 1240 δὲ
3234 1182 3316 1250 οἷς
3337 1187 3476 1240 κατὰ
3513 1186 3780 1240 πλειόνων
3801 1187 3850 1238 τὸ

2282 1282 2506 1354 κράτος,
2534 1281 2630 1335 καὶ
2662 1281 2722 1334 τὸ
2751 1279 2945 1352 μικρὸν
2983 1279 3092 1334 τῶν
3123 1280 3478 1350 πταισμάτων
3501 1282 3582 1342 είς
3628 1279 3846 1348 μέγεθος

2281 1375 2516 1446 αἴρεται,
2541 1375 2634 1428 καὶ
2660 1375 2794 1428 πᾶσι
2819 1374 3029 1443 γίνεται
3057 1373 3382 1444 περιϐόητον
3399 1389 3413 1402 ·
3444 1375 3500 1425 ὲν
3526 1372 3586 1424 δὲ
3615 1375 3732 1436 τοῖς
3760 1375 3849 1443 ἀρ-

2281 1465 2531 1537 χομένοις
2559 1466 2652 1518 καὶ
2679 1466 3088 1537 ταπεινοτέροις
3121 1464 3287 1519 πολλὰ
3315 1465 3425 1518 τῶν
3451 1467 3847 1535 παραπλησίως

2278 1555 2766 1628 διαμαρτηθέντων
2805 1556 2915 1609 οὐδ’
2961 1557 3043 1610 ὅτι
3079 1553 3328 1627 ἐπράχθη
3374 1557 3843 1626 συνεγνῶσθησαν,

2277 1649 2394 1703 ἀλλ’
2426 1647 2776 1720 ὲναπεκρύόη
2809 1651 2904 1703 καὶ
2934 1648 3094 1702 ἔλαθε
3114 1689 3129 1714 ,
3175 1651 3241 1720 τῇ
3291 1649 3616 1720 σμικρότητι
3647 1648 3738 1701 καὶ
3765 1651 3844 1702 εὖ·

2275 1744 2459 1816 τελείᾳ
2483 1741 2992 1796 συναποσϐεσθέντα
3018 1739 3112 1793 τοῦ
3140 1740 3584 1810 ἁμαρτήσαντος.

590 1841 764 1912 magis
792 1855 900 1909 quo
925 1839 1172 1910 pluribus
1198 1835 1669 1907 imperitaverint:
1708 1832 1783 1886 illi
1821 1832 1963 1886 enim
1996 1832 2041 1886 si
2069 1831 2154 1885 vel
2195 1831 2388 1886 leviter
2423 1831 2832 1902 cespitaverint,
2864 1840 3241 1901 exaggeratur.
3268 1839 3325 1885 et
3389 1845 3648 1900 magnum
3705 1829 3845 1901 ﬂagi-

589 1935 728 1987 tium
790 1929 1075 1985 admisisse
1119 1929 1362 1986 omnium
1411 1928 1616 1998 judicio
1678 1927 2008 1980 denotamur
2049 1942 2064 1980 :

2126 1941 2249 1979 cum
2309 1936 2490 1980 tamen
2545 1924 2748 1980 subditi
2813 1932 2868 1978 et
2919 1923 3197 1978 inferioris
3239 1923 3467 1989 ordinis,
3501 1926 3545 1978 si
3578 1924 3844 1978 multoties

588 2024 787 2080 similia
817 2020 983 2094 plane
1007 2021 1348 2087 admiserint,
1388 2021 1535 2075 nulla
1566 2019 1759 2074 notitia
1797 2027 2078 2080 notantur,
2109 2032 2290 2087 neque
2332 2019 2384 2072 id
2409 2017 2586 2086 egisse
2610 2017 3142 2080 animadvertuntur,
3175 2015 3268 2070 sed
3313 2016 3578 2086 quidquid
3600 2016 3842 2083 fecerint,

586 2134 696 2174 una
723 2134 844 2173 cum
869 2116 1135 2188 parvitate
1157 2125 1214 2170 et
1233 2124 1550 2186 contemptu
1575 2114 1933 2174 admittentis.
1957 2124 2013 2169 et
2035 2115 2212 2184 ipsum
2252 2113 2483 2170 celatum
2509 2122 2672 2183 atque
2701 2114 3032 2168 occultatum
3068 2113 3287 2183 penitus
3315 2113 3616 2169 evanescit.

655 2212 748 2266 25.
790 2209 849 2263 ln
908 2217 1172 2279 quantum
1214 2207 1377 2278 igitur
1430 2205 1833 2278 magnitudine,
1895 2205 2158 2276 potentia,

2339 2201 2446 2271 κγ’.
2480 2202 2646 2255 Ὅσον
2692 2201 2784 2255 οὖν
2829 2204 3081 2274 μεγέθει,
3107 2204 3201 2256 καὶ
3239 2203 3429 2274 κράτει
3451 2244 3465 2267 ,
3496 2205 3592 2255 καὶ
3624 2205 3836 2270 κάλλει,

584 2301 1013 2374 pulchritudine,
1038 2300 1384 2355 accuratione
1406 2342 1420 2366 ,
1457 2299 1694 2369 puritate
1716 2340 1730 2362 ,
1769 2307 1825 2353 et
1855 2297 2164 2352 omnimoda

585 2394 688 2446 alia
720 2391 1057 2462 perfectione
1077 2389 1515 2444 Christianorum
1547 2389 1679 2444 ﬁdes
1706 2399 1762 2444 et
1789 2389 1977 2459 religio
1998 2404 2164 2459 paga—

580 2501 776 2541 norum
808 2491 1030 2554 superat
1064 2494 1120 2537 et
1149 2481 1484 2536 transcendit
1526 2481 1786 2551 pietatem
1813 2523 1827 2544 ,
1871 2480 1924 2533 in
1953 2489 2162 2534 tantum

579 2577 756 2632 malus
781 2576 868 2630 ille
900 2573 1100 2630 bellum
1131 2580 1321 2628 contra
1350 2573 1496 2626 illam
1544 2571 1803 2628 furiosius
1829 2573 2160 2627 concitatum

581 2665 750 2738 gerit;
783 2668 838 2719 in
862 2673 1075 2719 tantum
1106 2662 1271 2717 etiam
1319 2661 1638 2716 stolidorum
1679 2670 1734 2716 et
1782 2661 2158 2732 insipientium

582 2755 868 2811 hominum
906 2754 1121 2819 delicta,
1145 2753 1210 2807 ad
1248 2753 1303 2807 id
1331 2753 1474 2823 quod
1521 2761 1728 2807 rectum
1764 2761 1848 2806 est
1891 2753 2160 2822 apposita,

580 2848 1004 2911 discernuntur;
1030 2861 1135 2900 nec
1177 2845 1296 2901 ﬁeri
1340 2851 1522 2916 potest
1552 2853 1614 2899 ut
1639 2844 1723 2899 vel
1763 2844 1972 2898 tantillo
2022 2853 2162 2898 tent—

576 2939 732 3010 poris
753 2939 930 3008 spatio
957 2937 1300 3002 obvelentur,
1331 2947 1426 2991 aut
1455 2937 1674 2992 modum
1701 2936 1840 2991 clam
1870 2947 1926 2991 et
1948 2947 2160 2992 secreto

579 3027 921 3099 ingrediendi
952 3028 1272 3083 sortiantur.
1306 3027 1538 3092 Verum,
1583 3027 1730 3098 quod
1767 3027 1823 3081 in
1871 3027 2160 3083 antedictis

577 3116 821 3187 positum
868 3125 952 3172 est
1000 3132 1030 3171 a
1066 3117 1255 3182 nobis,
1305 3117 1572 3172 catholica
1614 3125 1668 3170 et
1718 3117 2012 3187 apostolica
2062 3117 2157 3170 Dei

578 3209 825 3267 Ecclesia
851 3210 1034 3265 omnia
1063 3209 1260 3265 diaboli
1287 3208 1724 3264 machinamenta
1745 3210 1879 3264 nulli
1913 3210 2032 3264 usui
2057 3225 2159 3266 nee

580 3299 782 3354 actioni
810 3314 932 3354 esse
959 3309 1015 3354 et
1040 3299 1306 3356 inservire
1335 3299 1593 3364 declarat,
1625 3300 1756 3370 quin
1779 3309 1835 3355 et
1876 3301 1931 3354 in
1978 3303 2153 3372 ipsum

581 3390 1010 3446 machinatorem
1050 3391 1240 3446 eadem
1281 3392 1586 3457 convertit;
1638 3393 1711 3446 ita
1775 3392 2154 3448 haereticorum

581 3483 950 3554 blasphemias
991 3483 1148 3540 facile
1191 3483 1430 3550 refutat,
1492 3485 1882 3555 impudentiam
1943 3486 2153 3555 pudore

2270 2294 2365 2347 καὶ
2391 2293 2802 2365 ἀκριϐεία,καὶ
2847 2295 3200 2366 καθαρότητι,
3238 2295 3334 2347 καὶ
3379 2299 3445 2365 τῇ
3517 2295 3652 2367 ἄλλῃ
3707 2299 3839 2369 πάσῃ

2265 2385 2706 2455 τελειότητι,τῶν
2731 2386 2790 2438 ἐν
2816 2388 2922 2449 τοῖς
2945 2385 3493 2458 ἓθνεσιδοξασμάτων
3517 2389 3551 2459 ἡ
3581 2389 3696 2441 τῶν
3725 2392 3838 2460 Χρε-

2266 2477 2498 2530 στιανῶν
2521 2477 2705 2541 πίστις
2728 2479 2821 2532 καὶ
2845 2478 3069 2549 λατρεία
3096 2480 3504 2550 ὑπερανέστηκε
3540 2483 3638 2534 καὶ
3661 2483 3840 2554 ἐξῄρη-

2262 2589 2373 2637 ται,
2399 2571 2652 2626 τοσοῦτον
2687 2573 2715 2625 ὅ
2749 2589 2808 2624 τε
2839 2573 3075 2643 πονηρὸς
3106 2573 3187 2635 είς
3231 2573 3322 2628 τὸν
3366 2574 3486 2626 κατ’
3521 2575 3701 2646 αὐτῆς
3753 2579 3836 2627 ἁν-

2263 2663 2564 2733 ερεθίζεται
2584 2663 2819 2734 πόλεμον
2842 2681 2857 2695 ο
2888 2666 2981 2717 καὶ
3007 2665 3259 2720 τοσοῦτον
3297 2668 3458 2719 πάλιν
3484 2669 3555 2721 τά
3585 2668 3646 2734 ἐξ

2263 2771 2369 2806 νων
2409 2753 2506 2807 κα)⁸
2552 2753 2900 2808 κακοϐούλων
2948 2754 3160 2824 ἀνδρῶν
3209 2757 3586 2828 ἁμαρτήματα
3627 2759 3696 2809 ὲκ
3751 2757 3833 2810 τοῦ

2263 2844 2450 2909 εὐθέος
2486 2846 2897 2915 καταφαίνεται,
2929 2846 3052 2916 μηδ’
3084 2847 3177 2898 ἐπί
3210 2846 3384 2917 βραχὺ
3413 2846 3603 2919 χώραν
3627 2849 3723 2902 τοῦ
3750 2849 3833 2902 λα-

2265 2936 2378 2990 θεῖν
2411 2937 2638 3007 ἐχοντα,
2688 2937 2822 3009 μηδέ
2855 2955 2979 2991 τινα
3015 2937 3371 3007 παρείσδυσιν
3419 2941 3829 3009 ἐφευρίσκοντα.

2274 3027 2414 3081 Ἀλλ’
2462 3029 2613 3097 ὅμως
2661 3032 2696 3100 ἠ
2727 3028 2822 3082 τοῦ
2872 3028 3008 3082 Θεοῦ
3065 3030 3326 3101 καθολικὴ
3377 3034 3470 3083 καὶ
3503 3032 3830 3102 ἀποστολικὴ

2272 3121 2590 3193 Ἐκκλησία,
2624 3123 2698 3187 ὡς
2732 3125 2827 3177 καὶ
2857 3123 3163 3192 φθάσαντες
3195 3123 3404 3194 ἔφημεν
3427 3164 3441 3185 ,
3479 3125 3579 3178 καὶ
3608 3125 3707 3178 τοῦ
3743 3142 3830 3178 πο-

2259 3214 2426 3285 νηροῦ
2480 3215 2657 3268 πάντα
2689 3215 2756 3268 τὰ
2790 3217 3178 3287 μηχανήματα,
3229 3215 3408 3286 σαθρὰ
3445 3218 3541 3269 καὶ
3578 3217 3829 3288 ἄπρακτα

2257 3309 2608 3379 διελέγχουσα
2629 3353 2643 3374 ,
2691 3309 2893 3381 μᾶλλον
2921 3309 2978 3362 δὲ
3007 3310 3135 3362 κατ’
3164 3310 3326 3364 αὐτοῦ
3359 3309 3570 3362 ἐκείνου
3606 3311 3703 3363 τοῦ
3737 3329 3830 3382 μη-

2257 3400 2686 3474 χανουργοῦντος
2721 3401 3228 3472 ὲπαναστρέιρουσα,
3272 3402 3365 3454 καὶ
3390 3401 3496 3453 τῶν
3528 3402 3828 3472 αίρετιζὸν-

2254 3513 2364 3549 των
2395 3495 2592 3568 ῥᾳδίως
2621 3492 3108 3565 ἀποσκευαζομένη
3125 3495 3186 3548 τὸ
3215 3493 3555 3564 βλάσφημον,
3580 3496 3677 3546 καὶ
3710 3511 3832 3546 κατ-

575 3577 763 3643 _allieit,
810 3588 1001 3634 contra
1049 3593 1241 3633 omnes
1291 3586 1348 3633 et
1382 3578 1568 3633 omnia
1619 3587 1941 3648 potestatem
2000 3579 2153 3633 inex-

2264 3589 2588 3659 αισχύνουσα
2646 3587 2710 3641 τὸ
2755 3588 3132 3658 ἀναίσχυντον,
3181 3586 3323 3640 κατὰ
3369 3587 3588 3640 πάντων
3627 3586 3830 3657 ἄμαχον

576 3670 940 3737 superabilem
969 3679 1024 3724 et
1048 3669 1302 3724 invictam
1341 3670 1572 3733 habens,
1612 3671 1904 3740 triumphis
1929 3671 1980 3723 in
2007 3670 2153 3725 salu-

575 3770 688 3816 tem
719 3761 904 3815 mundi
933 3761 1131 3826 ductis,
1163 3761 1552 3832 gloriosissime
1578 3760 1868 3815 exaltatur.

645 3852 736 3907 24.
761 3852 842 3906 Tu
877 3853 997 3907 ideo
1025 3853 1079 3922 (ο
1101 3869 1210 3923 quo
1233 3863 1285 3908 te
1312 3852 1529 3907 nomine
1553 3853 1858 3922 designem,
1884 3861 1945 3906 ut
1973 3867 2154 3906 meum

574 3945 842 4015 explicem
866 3946 922 4000 in
948 3954 1002 3999 te
1026 3946 1193 4000 animi
1217 3946 1472 4000 allectum
1496 3955 1550 4000 et
1569 3945 1946 4014 desiderium?)
1983 3945 2152 4000 divini

578 4036 818 4107 Spiritus
846 4036 1137 4106 splendore
1185 4049 1423 4092 mentem
1468 4037 1678 4092 habens
1717 4037 2054 4100 irradialam,
2100 4047 2154 4091 et

575 4129 643 4184 ad
677 4129 852 4184 lucem
889 4129 1138 4184 sublatus
1161 4139 1323 4184 recta:
1349 4129 1588 4199 pietatis;
1629 4139 1686 4184 et
1709 4144 1847 4200 epus
1883 4128 2148 4199 ejusmodi

573 4231 834 4292 operatus
863 4236 973 4289 quo
995 4222 1061 4276 ad
1113 4221 1456 4276 Constantini
1500 4222 1646 4276 illius
1695 4223 1869 4292 Magni
1906 4225 2152 4277 actiones

573 4315 918 4381 subveharis,
966 4314 1177 4371 imitare
1221 4315 1400 4374 adhuc
1446 4316 1711 4386 primitias
1753 4315 1876 4370 illas
1927 4318 2148 4382 mentis,

570 4405 810 4471 consilii,
869 4407 1152 4476 sapientiae
1207 4416 1316 4461 tum
1360 4425 1373 4460 :
1421 4407 1660 4462 consiste
1707 4407 1938 4461 validius
1986 4423 2151 4477 super

571 4499 783 4569 petram
838 4497 985 4565 ﬁdei,
1020 4499 1204 4568 inqua
1251 4499 1481 4568 pulchre
1529 4515 1624 4569 per
1679 4497 1967 4554 Dominum
2019 4500 2147 4554 fun-

568 4591 728 4646 datus
757 4590 906 4645 fuisti
943 4608 958 4644 :
991 4591 1425 4662 superzediﬁcato
1455 4591 1698 4647 actiones
1730 4593 1922 4656 bonas,
1957 4608 2148 4646 emen-

565 4683 707 4737 data:
759 4683 883 4738 vitae
924 4683 1267 4754 gravitatem,
1316 4700 1483 4753 super
1524 4684 1682 4738 ﬁdem
1741 4686 2143 4740 orthodoxam:

561 4775 674 4828 noli
704 4785 1088 4846 superstruere
1117 4775 1279 4846 ligna,
1319 4773 1525 4842 fenum,
1587 4775 1835 4846 stipulas,
1862 4777 2145 4831 materiem

560 4868 772 4935 peccati
827 4867 1266 4922 combustihilem
1325 4883 1388 4921 ac
1433 4867 1843 4939 conﬁagrationi
1903 4877 2134 4932 tantum,

560 4955 698 5009 nulli
721 4965 902 5011 autem
923 4957 1046 5010 usui
1069 4967 1354 5027 praeterea,
1372 4957 1790 5022 inservientem;
1816 4959 1907 5012 sed
1926 4974 2138 5022 aurum,

562 5056 851 5116 argentum
885 5047 1142 5112 aediﬁces,
1177 5059 1232 5103 et
1263 5050 1528 5119 pretiosas
1559 5061 1705 5105 recte
1732 5050 1996 5106 factorum
2032 5068 2136 5104 res.

561 5140 692 5194 lltec
717 5139 984 5209 siquidem
1012 5157 1110 5211 per
1148 5143 1532 5198 tribulationes
1575 5143 1852 5213 explorata
1923 5143 2142 5207 puriora

559 5230 888 5295 redduntur,
927 5240 981 5286 et
1007 5233 1328 5303 pretiosiora
1361 5243 1647 5306 apparent.

631 5322 722 5378 25.
767 5323 826 5378 ln
882 5326 1153 5382 mandatis
1211 5328 1463 5384 Christus
1515 5327 1820 5382 communis
1877 5328 2137 5382 Dominus

557 5425 748 5472 noster
771 5425 828 5472 et
857 5417 1115 5487 magister
1145 5421 1249 5475 hoc
1281 5422 1450 5485 dedit,
1479 5421 1692 5476 fructus
1722 5421 1979 5475 nimirum
2026 5422 2136 5475 vir-

559 5511 692 5566 tutis
715 5511 982 5582 proferre,
1017 5529 1118 5570 nec
1155 5516 1310 5571 ﬁdem
1343 5505 1439 5585 per
1471 5529 1636 5585 opera
1667 5515 2015 5586 pudefaeere.
2055 5515 2135 5570 Ad

2255 3681 2317 3734 τὸ
2346 3679 2546 3752 κράτος
2577 3679 2673 3733 καὶ
2703 3680 2972 3750 ἀήττητον
3011 3677 3364 3748 ἀναδέχεται,
3396 3679 3490 3732 καὶ
3520 3680 3710 3743 καλοῖς
3740 3677 3827 3732 καὶ

2261 3774 2628 3841 σωσικὸσμοις
2653 3773 2944 3835 διαπαντὸς
2962 3771 3248 3842 θριάμϐοις
3275 3771 3762 3836 ὲγκαλλωπίζεται.

2327 3867 2427 3922 κδ’.
2478 3867 2550 3918 Σὺ
2605 3867 2784 3919 τοίνυν
2827 3864 2905 3935 (ὢ
2951 3866 3003 3917 τί
3057 3882 3116 3917 σε
3148 3863 3462 3933 προσειπὼν
3501 3865 3671 3928 ἀξίως
3699 3864 3828 3917 εἴπω

2254 3953 2348 4006 τοῦ
2383 3953 2617 4020 πόθου;)
2645 3956 2712 4025 τῇ
2744 3953 2909 4026 αἴγλῃ
2946 3953 3039 4007 τοῦ
3087 3953 3231 4006 θείου
3264 3953 3581 4024 Πνεύματος
3610 3956 3710 4026 τὴν
3732 3955 3828 4024 ψυ-

2254 4043 2356 4114 χὴν
2393 4045 2721 4112 αὑγασθεὶς,
2773 4047 2866 4098 καὶ
2900 4045 3036 4116 πρὸς
3085 4046 3146 4099 τὸ
3179 4047 3277 4114 τῆς
3319 4046 3603 4112 εὐσεϐείας
3633 4050 3827 4118 φέγγος

2255 4136 2538 4206 ἀναχθεὶς,
2580 4139 2673 4190 καὶ
2721 4139 2882 4208 ἔργον
2926 4139 3330 4210 ἐργασάμενος,
3374 4139 3442 4192 δι’
3471 4135 3531 4193 οὗ
3567 4143 3705 4212 πρὸς
3735 4141 3826 4210 τὴν

2253 4229 2346 4281 τοῦ
2399 4230 2635 4301 μεγάλου
2673 4233 3080 4284 Κωνσταντίνου
3117 4233 3313 4303 πρᾶξιν
3343 4233 3657 4303 ἁνυψώθης.
3697 4237 3826 4286 κατὰ

2259 4321 2493 4393 μίμησιν
2525 4324 2648 4392 ἔχου
2678 4325 2775 4394 τῆς
2808 4327 2900 4377 ἀπ’
2941 4325 3118 4396 ἀρχῆς
3150 4343 3244 4378 σου
3272 4327 3497 4396 γνώμης
3522 4329 3615 4379 καὶ
3643 4327 3824 4396 βουλῆς

2251 4418 2346 4468 καὶ
2390 4417 2656 4480 συνέσεως
2677 4433 2691 4446 ·
2733 4417 2890 4488 στῆθι
2941 4419 3182 4490 στερρῶς
3207 4421 3264 4472 ἑν
3295 4421 3360 4490 τῇ
3393 4421 3575 4491 πέτρᾳ
3609 4414 3717 4486 τῆς
3739 4421 3823 4471 πί-

2253 4525 2454 4575 στεως,
2486 4511 2542 4562 ἐν
2633 4510 2813 4573 καλῶς
2844 4511 2949 4564 ὑπὸ
2982 4512 3189 4581 Κυρίου
3223 4513 3623 4582 τεθεμελίωσαι
3643 4530 3656 4542 ο
3689 4516 3824 4566 ἑποι-

2252 4601 2466 4671 κοδόμει
2491 4603 2554 4672 τῇ
2591 4602 2722 4673 ὀρθῇ
2757 4621 2848 4655 σου
2873 4605 3056 4654 πίστει
3091 4603 3320 4673 πράξεις
3351 4603 3563 4671 ἀγαθὰς
3591 4606 3686 4659 καὶ
3711 4605 3814 4676 βίου

2251 4693 2578 4762 σεμνότητα,
2612 4693 2688 4765 μὴ
2721 4694 2851 4758 ξύλα
2881 4695 2974 4747 καὶ
3005 4694 3220 4765 χόρτον,
3257 4694 3391 4765 μηδὲ
3431 4697 3712 4767 καλάμην,
3738 4697 3816 4748 εὖ-

2249 4783 2478 4851 φλεκτον
2503 4785 2600 4854 τῆς
2627 4786 2903 4855 ἁμαρτίας
2931 4786 3084 4857 ὕλην,
3116 4788 3208 4839 καὶ
3242 4787 3380 4857 πρὸς
3411 4788 3612 4842 καῦσιν
3642 4789 3820 4858 μόνην.

2247 4877 2385 4947 πρὸς
2423 4876 2574 4929 οὐδὲν
2608 4876 2666 4928 δὲ
2718 4878 3158 4948 χρησιμεύουσαν
3197 4879 3412 4952 ἕτερον’
3460 4883 3599 4935 ἀλλὰ
3631 4883 3819 4954 χρυσὸν

2247 4967 2342 5020 καὶ
2379 4968 2640 5038 ἄργυρον,
2688 4967 2798 5020 τῶν
2841 4971 3282 5040 κατορθωμάτων
3315 4972 3383 5024 τὰ
3425 4973 3606 5042 τίμια.
3641 4973 3815 5027 Ταῦτα

2241 5059 2349 5128 γὰρ
2380 5059 2475 5110 καὶ
2501 5057 2630 5127 περὶ
2653 5069 2676 5096 θ
2709 5060 3030 5129 πειρασμῶν
3058 5061 3425 5132 δοξαζόμεναξ,
3459 5064 3813 5135 καθαρώτερα

2240 5153 2335 5204 καὶ
2365 5149 2666 5222 τιμιώτερα
2693 5151 3079 5206 διαδείκνυται.

2315 5335 2414 5382 κε’.
2451 5327 2608 5381 υῦτω
2641 5326 2874 5400 Χριστὸς
2900 5332 2927 5382 ὁ
2958 5329 3135 5392 κοινὸς
3163 5331 3443 5400 Δεσπότης
3472 5328 3813 5396 ἐγκελεύεται

2244 5425 2488 5494 καρποὺς
2518 5422 2866 5494 προϐάλλειν,
2895 5425 2988 5475 καὶ
3015 5423 3088 5493 μὴ
3113 5423 3498 5493 καταισχύνειν
3519 5425 3619 5495 τὴν
3642 5422 3814 5474 πίστιν

2241 5515 2331 5568 διὰ
2359 5514 2467 5568 τῶν
2514 5513 2784 5584 πράξεων.
2835 5512 2992 5568 Οὖτω
3021 5514 3230 5579 Παῦλος
3270 5517 3297 5567 ὁ
3341 5514 3515 5584 μέγας
3561 5517 3659 5585 τῆς
3694 5512 3810 5566 Ἐκ-

1858 5675 2087 5736 νΑιιιλΕ
2119 5679 2528 5746 LECTIONES,

640 5809 661 5836 θ
695 5808 780 5860 lo.
815 5812 961 5878 παρὰ
