4052 6428
266 400 368 464 661

1405 390 1935 456 EPISTOLARUM
1976 386 2207 447 LIBER
2222 422 2233 435 -
2246 386 2295 447 Ι.

3416 372 3524 436 (.62

268 516 503 588 κλησίας
535 514 891 586 συμϐουλεύει
918 513 1259 576 διδάσκαλος.
1293 512 1449 565 Οὕτω
1474 513 1681 580 Πέτρος
1714 510 1853 562 ότκο-

1969 515 2103 559 ‘tiunc
2136 502 2355 557 modum
2378 500 2576 555 Paulus
2610 512 2840 567 magnus
2862 494 3244 566 illcimagister
3266 490 3527 548 Ecclesia:

271 612 501 682 ρυφαίος
551 608 660 662 τῶν
690 608 1025 670 ἀποστόλων,
1068 609 1165 660 καὶ
1211 606 1320 657 τῶν
1364 605 1630 677 οὐρανίων
1665 603 1848 657 πυλῶν

266 707 371 767 τὰς
414 703 564 766 κλεῖς
613 700 1117 772 ἐμπεπιστευμένος
1170 699 1263 751 καὶ
1301 698 1400 768 τὴν
1443 695 1676 750 εἴσοδον·
1706 692 1850 747 οὓτω

267 799 382 847 τῶν
406 793 612 847 λοιπῶν
647 792 962 846 ἀποστόλων
988 794 1016 845 ό
1046 792 1186 851 θεῖος
1210 791 1368 861 χορὸς
1398 789 1497 860 τὴν
1526 789 1850 857 οἰκουμένην

269 882 665 953 ἐμαθήτευσεν·
701 881 873 945 οὕτως
899 881 1057 951 ἡμῶν
1084 883 1133 933 οἱ
1156 880 1398 951 Πατέρες
1424 878 1850 949 παρειλήφασιν,

271 972 449 1035 οὕτως
472 975 627 1043 ἡμῖν,
655 975 767 1035 τοῖς
793 974 908 1043 μετ’
933 972 1195 1037 ἐκείνους,
1218 970 1685 1041 παραδεδώκασιν
1710 969 1852 1023 οὕτω

272 1062 371 1115 καὶ
398 1064 556 1132 ἡμεῖς
592 1079 671 1115 σοι
706 1061 1081 1131 παραινοῦμεν
1106 1061 1203 1112 καὶ
1234 1057 1694 1128 συμϐουλεύομεν,
1721 1059 1854 1126 ἀρε-

272 1156 398 1220 ταῖς
430 1157 656 1224 κοσμεῖν
704 1152 802 1225 τὴν
833 1153 1037 1219 πίστιν,
1076 1153 1171 1207 καὶ
1209 1156 1276 1222 τῇ
1311 1152 1491 1205 πίστει
1522 1152 1620 1212 τὰς
1655 1150 1853 1222 ἀρετὰς

272 1248 670 1320 λαμπροτέρας
700 1246 1133 1316 ἀπεργάζεσθαι.
1180 1246 1515 1316 Ἐϐουλόμην
1545 1245 1704 1308 αὑτὸς
1743 1243 1855 1313 ἐγώ

278 1360 361 1396 σοι
395 1344 671 1411 παρεῖναι,
712 1334 806 1393 καὶ
848 1342 968 1402 ταῖς
998 1338 1261 1410 πράξεσιν
1290 1338 1605 1408 ἐφιστάναι,
1635 1338 1721 1390 ἵνα
1745 1337 1856 1390 τῶν

282 1435 383 1505 μὲν
436 1432 619 1487 καλῶν
667 1432 843 1503 ἔργων
908 1432 1350 1500 αὑτεπάγγελτον
1395 1431 1485 1485 διὰ
1532 1431 1633 1501 τῆς
1681 1430 1857 1502 ὅψεως

278 1524 573 1595 λαμϐάνων
603 1523 702 1594 τὴν
739 1523 964 1591 γνῶσιν,
1016 1522 1095 1575 ἐτι
1143 1522 1344 1590 μᾶλλον
1389 1524 1447 1575 ἐν
1481 1521 1713 1593 εὐθυμία
1763 1522 1858 1576 καὶ

277 1618 427 1688 χαρᾷ
458 1616 798 1684 διακείμενος
828 1615 977 1684 εἴηνο
1010 1616 1058 1668 εἰ
1084 1614 1142 1667 δέ
1172 1632 1225 1667 τι
1259 1614 1357 1668 καὶ
1386 1614 1698 1686 παράλογον
1729 1632 1856 1669 συν-

282 1710 405 1781 έϐη,
439 1709 720 1778 μεθέλκειν
766 1707 947 1777 ἔχοιμι
980 1707 1177 1780 ῥᾳδίως
1211 1707 1305 1762 καὶ
1351 1707 1742 1779 μεθαρμόζειν,
1794 1710 1859 1762 ἐκ

278 1802 372 1855 τοῦ
408 1803 784 1872 παραχρῆμα,
826 1800 963 1871 πρὸς
1004 1800 1308 1869 διόρθωσιν.
1373 1799 1619 1855 Ἐπεὶδέ
1654 1804 1687 1871 ἡ
1730 1801 1856 1871 βού-

275 1896 434 1963 λησις
479 1895 577 1964 τῆς
607 1894 887 1963 δυνάμεως
922 1893 1168 1963 χηρεύει,
1218 1894 1311 1947 καὶ
1341 1894 1511 1947 πολλὰ
1551 1894 1651 1966 τὴν
1685 1894 1860 1965 ὁρμὴν
1892 1874 1931 1928 Β

278 1988 657 2041 ἀνακύπτοντα
703 1987 934 2051 κωλύει,
984 1987 1013 2039 ὅ
1074 2003 1166 2056 μοι
1219 1986 1404 2038 λοιπόν
1442 1987 1558 2039 ἐστι
1610 1987 1857 2053 δυνατὸν,

278 2082 465 2151 γραφῇ
498 2078 743 2132 τυπῶσαι
790 2079 887 2143 τὰς
918 2077 1304 2148 παραινέσεις,
1346 2078 1421 2142 ὼς
1457 2079 1552 2131 καὶ
1582 2080 1862 2149 καταρχὰς

278 2172 622 2243 ὑπεσχόμην,
654 2172 757 2243 ἥδη
790 2170 1144 2243 πειράσομαι.

352 2527 458 2592 κζ’.
496 2528 620 2581 Ὅτι
653 2528 750 2597 μὲν
772 2523 866 2581 οὖν
894 2527 1001 2598 χρὴ
1030 2527 1091 2581 τὸ
1119 2528 1273 2581 Θεῖον
1306 2528 1612 2599 εἰλικρινῶς
1640 2529 1860 2600 ἀγαπᾷν

278 2622 378 2673 καὶ
407 2619 752 2691 θεραπεύειν,
782 2621 877 2675 καὶ
904 2622 965 2675 τὸ
988 2622 1260 2692 ὁμόφυλον
1288 2624 1363 2685 ὡς
1391 2621 1583 2675 ἐαυτὸν
1615 2621 1865 2692 στέργειν

278 2712 379 2765 καὶ
404 2712 601 2781 φιλεῖν,
634 2711 873 2782 ἔμφυτός
916 2730 1035 2777 πως
1072 2716 1185 2777 τοῖς
1228 2712 1541 2785 ἀνθρώποις
1581 2715 1615 2786 ή
1666 2713 1866 2782 γνῶσις

279 2805 626 2875 καθέστηκεν
645 2822 658 2836 ·
682 2808 716 2875 ἠ
745 2805 998 2877 βούλησις
1026 2806 1083 2859 δὲ
1120 2806 1194 2878 μὴ
1222 2809 1591 2877 συντρέχουσα
1621 2810 1688 2877 τῇ
1724 2806 1865 2876 γνὼ-

283 2916 391 2962 σει,
423 2901 503 2962 είς
527 2899 807 2968 Θέσπισμα
833 2900 925 2951 καί
948 2898 1111 2969 νόμον
1137 2901 1522 2969 ἀναγραφῆναι
1552 2898 1651 2969 τὴν
1681 2897 1866 2967 κοινὴν

282 2992 608 3059 ἐξεϐιάσατο
650 2992 898 3063 γνώμην.
937 2990 1061 3044 Ὀτι
1104 2992 1162 3045 δὲ
1199 2994 1227 3045 ό
1259 2990 1353 3044 τοῦ
1380 2990 1535 3044 Θείου
1571 2990 1867 3062 εἰλικρινὴς

280 3085 449 3156 ἔρως,
478 3084 574 3138 καὶ
598 3086 632 3156 ἡ
666 3083 760 3138 τοῦ
812 3083 1038 3155 πλησίον
1066 3084 1268 3156 στοργὴ
1305 3084 1401 3137 καὶ
1430 3083 1612 3137 τελεία
1642 3083 1827 3153 ἀγάπη
1850 3125 1865 3149 ,

1950 595 2236 651 consilium
2261 594 2352 647 dat
2383 610 2398 659 ;
2429 593 2500 646 ita
2523 591 2714 645 suadet
2742 590 2935 645 Petrus
2960 585 3327 656 apostolorum
3366 597 3529 651 cory-

1951 689 2157 759 phaeus,
2185 688 2271 741 cui
2298 686 2480 740 claves
2513 695 2569 738 et
2598 684 2880 753 ingressus
2912 689 3190 750 portarum
3226 676 3528 733 ctelestium

1952 778 2398 838 concreduntur;
2436 774 2514 829 sic
2543 784 2597 828 et
2631 773 2877 842 reliquus
2928 769 3300 840 apostolorum
3330 767 3533 821 chorus

1952 873 2142 927 orbem
2188 881 2454 925 terrarum
2516 868 2831 922 informavit
2883 884 2898 922 :
2950 865 3054 920 hoc
3123 862 3316 917 Patres
3362 858 3532 915 nostri

1954 968 2215 1024 traditum
2246 973 2639 1035 susceperunt;
2672 964 2738 1017 ad
2774 963 2920 1017 hunc
2967 960 3189 1015 modum
3235 957 3393 1012 nobis
3436 972 3535 1025 po—

1954 1058 2115 1113 steris
2147 1057 2524 1111 tradiderunt:
2559 1055 2663 1110 hoc
2698 1055 2794 1108 tibi
2830 1068 2933 1106 nos
2976 1051 3290 1110 suademus,
3322 1059 3377 1103 et
3408 1063 3537 1101 con-

1957 1149 2140 1204 silium
2160 1148 2372 1211 damus,
2401 1161 2599 1215 nempe
2624 1154 2685 1199 ut
2710 1144 2868 1198 (idem
2895 1142 3132 1195 illustres
3150 1155 3244 1208 per
3270 1139 3534 1201 actiones,

1956 1251 2012 1296 et
2062 1240 2167 1294 (ide
2209 1240 2407 1295 reddas
2454 1238 2696 1293 actiones
2753 1234 3139 1305 speciosiores.
3180 1232 3383 1285 Vellem
3438 1246 3539 1301 ego
3630 1260 3633 1265 ι

1958 1335 2179 1406 quidem
2240 1334 2295 1388 in
2348 1348 2463 1388 rem
2504 1338 2830 1403 praesentem
2884 1344 3004 1384 esse
3044 1326 3160 1389 tibi,
3212 1333 3269 1379 et
3323 1332 3539 1377 tuarum

1958 1428 2241 1483 actionum
2263 1425 2504 1496 regimen
2548 1424 2605 1478 in
2639 1438 2728 1479 me
2760 1422 3065 1491 suscipere,
3099 1434 3166 1472 eo
3201 1417 3308 1470 line
3361 1424 3417 1469 ut
3447 1430 3541 1484 per

1958 1519 2145 1574 oculos
2175 1519 2441 1572 bonorum
2470 1524 2686 1570 tuorum
2731 1528 2957 1583 operum
3001 1509 3363 1581 cognitionem
3410 1516 3541 1561 actu

1959 1612 2079 1682 ipso
2124 1624 2413 1679 usurpans.
2448 1608 2638 1675 majori
2692 1606 2887 1678 gaudio
2936 1604 3175 1674 repletus
3217 1602 3320 1657 sim
3372 1610 3426 1655 et
3451 1600 3542 1669 ju-

1959 1704 2271 1765 cunditate;
2302 1711 2358 1755 et
2389 1701 2431 1754 si
2465 1712 2665 1770 praeter
2689 1708 2896 1753 rectam
2918 1695 3109 1767 agendi
3142 1695 3408 1748 rationem
3442 1692 3544 1745 ali—

1961 1796 2091 1867 quid
2119 1795 2215 1849 tibi
2250 1793 2550 1855 excideret,
2576 1790 2856 1845 retrahere
2879 1788 3139 1843 continuo
3169 1795 3225 1840 et
3248 1784 3544 1839 reformare

1960 1900 2220 1957 possem,
2272 1883 2425 1937 nullo
2480 1880 2701 1951 negotio
2757 1879 3153 1935 correctionem
3230 1874 3540 1929 adhibens:

1961 1993 2151 2034 verum
2184 1992 2309 2031 cum
2356 1974 2627 2030 voluntati
2677 1988 2787 2027 non
2843 1970 3171 2041 respondeat
3210 1966 3546 2039 possibilitas

1963 2081 2059 2125 aut
2096 2067 2346 2129 facultas,
2406 2075 2463 2121 et
2523 2065 2788 2135 impetum
2826 2064 2993 2117 multa
3039 2061 3148 2116 sint
3196 2074 3316 2130 qua:
3376 2058 3545 2110 inter—

1962 2168 2184 2231 ceptent
2243 2167 2406 2227 atque
2445 2156 2767 2225 reprimant,
2811 2155 2953 2223 quod
3008 2152 3227 2206 unicum
3282 2148 3418 2204 mihi
3460 2164 3547 2201 re-

1962 2254 2151 2309 lictum
2181 2258 2268 2305 est
2296 2259 2357 2305 ut
2385 2258 2642 2318 praestare
2672 2249 2900 2317 possim,
2961 2246 3188 2315 scripto,
3235 2242 3378 2312 quod
3428 2241 3546 2311 pol-

1963 2352 2145 2407 licitus
2196 2365 2318 2404 sum
2373 2348 2442 2403 ab
2484 2347 2664 2411 initio,
2716 2344 3117 2400 admonitiones
3169 2330 3411 2396 conabor
3449 2340 3547 2395 de-

1966 2444 2192 2499 lineare.

2034 2534 2123 2587 27.
2164 2534 2335 2588 Deum
2367 2546 2489 2587 esse
2512 2530 2726 2584 sincero
2762 2526 2960 2581 all'ectu
2998 2526 3363 2579 adamandum
3385 2532 3550 2592 atque

1966 2625 2279 2691 colendum,
2314 2623 2648 2694 diligendum
2683 2620 2843 2674 nobis
2874 2631 3236 2687 congenerem
3271 2615 3549 2669 hominem

1956 2714 2023 2774 et
2052 2717 2515 2789 amplectendum,
2574 2715 2727 2785 quasi
2760 2714 2923 2768 insita
2950 2711 3195 2782 quredam
3236 2708 3551 2763 hominibus

1967 2811 2210 2882 cognitio
2257 2810 2535 2880 suggerit:
2586 2807 2715 2861 dum
2768 2814 2949 2859 autem
2997 2802 3250 2858 voluntas
3297 2814 3422 2854 cum
3454 2814 3549 2854 co-

1972 2904 2220 2973 gnitione
2254 2918 2366 2957 non
2410 2900 2707 2970 conspirat,
2766 2897 3078 2952 necessario
3126 2894 3329 2949 factum
3378 2903 3460 2946 est
3494 2900 3553 2945 ut

1970 2997 2161 3051 notitia
2190 2995 2279 3051 illa
2309 2995 2614 3050 communis
2677 3002 2930 3062 tanquam
2951 2988 3085 3061 legis
3122 2989 3395 3043 dictamen
3417 2985 3554 3040 scri-

1976 3103 2065 3160 pta
2098 3089 2424 3143 traderetur.
2458 3087 2649 3148 Porro.
2669 3085 2814 3155 quod
2840 3084 2894 3138 in
2917 3082 3085 3138 Deum
3107 3081 3353 3135 sincerus
3379 3092 3554 3140 amor,

279 3179 395 3231 τῶν
461 3178 636 3232 ἄλλων
692 3177 922 3231 ἐντολῶν
992 3178 1051 3231 ἐν
1111 3179 1332 3241 ἑαυταῖς
1393 3178 1710 3247 περιέχουσι
1770 3174 1868 3238 τὰς

1977 3191 2033 3236 et
2058 3180 2282 3236 dilectio
2307 3180 2562 3250 proximi,
2596 3188 2651 3233 et
2703 3178 2791 3232 illa
2818 3175 3039 3247 quidem
3082 3172 3348 3244 perfecta,
3393 3177 3557 3224 caate-

283 3267 542 3334 πράξεις,
573 3267 633 3321 οὑ
666 3267 906 3337 χαλεπὸν
953 3267 1051 3338 μέν
1101 3269 1196 3321 καὶ
1253 3266 1481 3320 αὐτόθεν
1513 3267 1867 3336 κατανοῆσαι.

284 3360 594 3431 Παρίστησι
637 3360 691 3413 δὲ
737 3359 894 3413 τοῦτο
928 3361 1019 3413 καὶ
1051 3363 1079 3413 ὁ
1122 3360 1448 3416 Δεσποτικδς
1480 3360 1665 3429 λόγος,
1706 3361 1764 3413 ἐν
1792 3354 1874 3421 οἷς

284 3468 424 3520 φησι
451 3451 804 3521 περὶαύτῶν,
848 3452 944 3504 Ἐν
967 3452 1211 3515 ταύταις
1230 3450 1359 3517 ταῖς
1380 3450 1568 3504 δυσὶν
1597 3448 1875 3513 ἐντολαῖς

284 3545 434 3609 ὅλος
475 3546 509 3598 ό
556 3546 743 3613 νόμος
790 3544 1113 3613 κρέμαται,
1154 3543 1253 3597 καὶ
1303 3547 1355 3597 οἱ
1386 3542 1710 3612 προφῆται.
1766 3540 1876 3595 Καὶ

285 3638 401 3706 γὰρ
429 3637 459 3687 ὁ
487 3636 580 3689 τὸν
609 3636 751 3689 Θεῖον
773 3635 955 3707 ἔρωτα
983 3636 1451 3705 ἐνστερνισμένος,
1485 3637 1579 3688 καὶ
1611 3634 1703 3688 τὸν
1739 3634 1876 3705 πλη-

288 3727 405 3780 σίον
432 3728 507 3789 ὡς
542 3727 735 3781 ἑαυτὸν
767 3728 1011 3799 στέργων
1041 3729 1134 3781 καὶ
1163 3727 1356 3796 φιλῶν,
1405 3728 1619 3796 πατέρα
1652 3728 1750 3797 μέν
1782 3732 1876 3783 καὶ

290 3819 509 3891 μητέρα
535 3818 899 3889 διαφερόντως
928 3820 1227 3890 ἀγαπήσει,
1264 3820 1359 3873 καὶ
1387 3820 1554 3889 τιμῆς
1587 3821 1683 3891 τῆς
1719 3819 1874 3891 πρώ-

284 3932 415 3987 της,
452 3916 591 3984 μετά
633 3932 696 3985 γε
726 3916 882 3979 Θεὸν,
928 3915 1183 3981 ἀξιώσειο
1221 3916 1471 3987 αἱμάτων
1501 3916 1559 3971 δὲ
1598 3916 1877 3988 ἐμφυλίων
1910 3915 1921 4001 ’γ

288 4006 390 4058 καὶ
423 4006 600 4076 φόνων
651 4007 713 4059 οὑ
767 4007 925 4075 μόνον
953 4008 1052 4070 τάς
1098 4008 1284 4078 χεῖρας
1317 4006 1563 4079 καθαρὰς
1614 4007 1838 4077 φυλάξει
1859 4044 1875 4070 ,

1979 3291 2165 3331 rorum
2192 3276 2570 3330 mandatorum
2602 3275 2656 3327 in
2678 3288 2738 3328 se
2766 3271 3087 3328 contineant
3120 3271 3386 3327 actiones,
3411 3266 3555 3320 haud

1975 3376 2128 3422 certe
2158 3366 2447 3421 difﬁculter
2470 3380 2499 3418 e
2526 3380 2585 3418 re
2616 3365 2731 3433 ipsa
2763 3362 2989 3433 intelligi
3023 3368 3224 3431 potest.
3246 3358 3352 3412 Sed
3380 3366 3430 3412 et
3457 3357 3556 3411 do-

1978 3468 2067 3515 cet
2098 3462 2200 3513 hoe
2246 3459 2469 3527 insuper
2514 3457 2741 3511 verbum
2790 3454 2924 3509 illud
2979 3453 3216 3517 nemini,
3261 3467 3371 3521 quo
3423 3465 3557 3505 cen-

1978 3553 2178 3608 sebat:
2218 3548 2285 3605 In
2334 3549 2531 3603 duobus
2563 3550 2700 3601 hisce
2736 3547 3010 3616 prreceptis
3051 3553 3159 3598 tota
3209 3543 3294 3597 lea:
3337 3558 3557 3609 suspen-

1979 3646 2122 3700 ditur
2153 3654 2201 3699 ει
2231 3644 2495 3714 propheta
2519 3644 2560 3695 ⁸.
2601 3641 2706 3706 Qui
2739 3641 2884 3694 enim
2909 3638 3152 3693 divinum
3181 3636 3282 3690 sibi
3315 3649 3555 3688 amorem

1981 3737 2361 3808 impectoravit
2393 3744 2448 3790 et
2475 3736 2717 3790 vicinmn
2736 3732 2909 3802 diligit
2931 3732 3072 3785 sicut
3100 3730 3214 3798 ipse
3234 3744 3317 3792 se,
3343 3737 3555 3797 patrem

1982 3830 2203 3901 quidem
2263 3838 2319 3884 et
2366 3838 2595 3884 matrem
2645 3824 3015 3881 excellentiori
3094 3822 3328 3893 quodam
3398 3819 3559 3874 modo

1981 3923 2417 3993 complectetur,
2478 3930 2533 3976 et
2588 3929 2711 3990 post
2779 3918 2948 3973 Deum
3015 3917 3289 3988 prmeipuo
3352 3916 3560 3969 honore

1980 4024 2380 4087 prosequetur;
2443 4028 2475 4068 a
2532 4012 2795 4083 sanguine
2840 4026 3006 4081 porro
3052 4018 3108 4064 et
3150 4009 3388 4064 aedibus
3425 4022 3560 4062 con-

288 4095 432 4149 ἀλλά
462 4097 557 4151 καὶ
588 4097 685 4167 τὴν
729 4098 982 4166 γλῶσσαν
1032 4099 1126 4150 καὶ
1158 4099 1283 4160 τοὺς
1312 4097 1608 4167 λογισμοὺς
1646 4092 1913 4168 μελέτης(

290 4186 581 4258 τοιαύτηςο
613 4188 673 4241 οὑ
712 4186 817 4259 μὴν
864 4187 985 4241 οὑδέ
1031 4187 1280 4257 κλέψειεν
1328 4183 1513 4252 οὗτοςο
1548 4187 1724 4252 οὐδεὶς
1754 4170 1903 4259 γὰρί

289 4280 354 4331 ὃν
400 4278 474 4341 ὡς
522 4278 713 4331 ἐαυτὸν
762 4278 905 4348 φιλεῖ
948 4278 1040 4329 καὶ
1082 4277 1368 4346 φυλάττει,
1416 4278 1606 4331 τούτου
1636 4264 1912 4348 κλέπτης)

290 4371 575 4443 ἐφωράθη.
632 4370 769 4425 Ἀλλ’
818 4370 939 4423 οὑδέ
994 4369 1307 4440 ἀλλοτρίους
1355 4370 1568 4440 γάμους
1620 4370 1872 4451 διορύξει.

1980 4390 2083 4442 est,
2120 4395 2298 4448 neque
2329 4378 2477 4433 enim
2522 4392 2760 4446 unquam
2797 4375 2948 4431 illum
2995 4374 3259 4444 spoliasse
3286 4372 3563 4427 invenitur

292 4467 420 4520 Οὐδ’
450 4468 613 4539 ὅρκον
638 4466 895 4538 ἐπίορκον
925 4466 1133 4531 ὀμόσει,
1163 4467 1223 4519 ού
1263 4466 1361 4535 μὲν
1398 4465 1492 4520 οὖν
1517 4467 1636 4519 οὑδὲ
1668 4484 1872 4537 μαρτυ-

1980 4468 2179 4537 aliquis
2202 4483 2363 4536 quem
2398 4466 2591 4536 diligit,
2619 4467 2705 4520 cui
2740 4474 2925 4519 custos
2968 4464 3294 4534 apponitur;
3322 4462 3417 4517 sed
3460 4477 3561 4514 nec.

294 4559 421 4632 ρίαν
445 4558 617 4629 ψευδῆ
640 4559 780 4613 κατά
805 4560 899 4613 τοῦ
926 4558 1153 4629 πλησίον
1182 4559 1545 4629 μαρτυρήσει.
1580 4560 1688 4611 Καὶ
1717 4560 1872 4624 ὅλως,

1979 4559 2217 4613 alienum
2253 4558 2524 4627 irrumpct
2554 4557 2890 4621 thalamum;
2952 4570 3056 4610 nec
3106 4554 3300 4609 falsum
3356 4551 3563 4623 jurabit

1980 4111 2404 4179 sanguineorum
2434 4120 2600 4177 puras
2632 4104 2737 4159 sibi
2772 4118 2965 4158 manus
2988 4100 3352 4165 conservabit,
3386 4099 3479 4154 sed
3506 4108 3563 4154 et

1981 4199 2223 4268 linguam
2252 4212 2415 4267 porro
2465 4205 2521 4250 et
2568 4193 2929 4264 cogitationes
2983 4191 3052 4246 ab
3106 4190 3374 4261 ejusmodi
3410 4190 3559 4243 omni

1979 4290 2340 4359 dispositione
2369 4288 2602 4343 mundas
2623 4305 2636 4340 :
2657 4287 2855 4350 adhuc,
2892 4300 2991 4340 nec
3018 4284 3286 4338 iurabitur
3314 4283 3403 4353 qui
3442 4282 3565 4337 talis

292 4650 359 4704 οὑ
389 4652 589 4722 χειρῶν
631 4649 834 4705 ἀδίκων
869 4650 1061 4722 ἄρξει,
1106 4651 1334 4703 τύπτειν
1367 4651 1400 4721 ἢ
1442 4650 1877 4722 προπηλακίζειν

294 4742 614 4813 ἐπιχειρῶν,
672 4742 706 4813 ἢ
758 4742 1020 4814 τύραννος
1047 4742 1160 4813 (27)
1205 4742 1441 4813 ἐραστὴς
1488 4742 1619 4805 τῶν,
1655 4743 1755 4795 ὅσα
1799 4742 1877 4814 τῷ

297 4834 529 4901 πλησίον
551 4833 808 4905 ὑπάρχει,
832 4835 1137 4903 γινόμενος.
1171 4833 1228 4885 Ὀ
1258 4833 1367 4902 γάρ
1389 4850 1443 4885 τι
1473 4831 1680 4886 τούτων
1711 4849 1880 4886 κατα-ι

296 4923 537 4993 τολμῶν,
569 4925 795 4977 αὐτόθεν
839 4925 1161 4996 λυμαίνεται
1207 4925 1396 4995 ἄμφω,
1438 4926 1531 4979 καὶ
1564 4925 1657 4978 τὸν
1701 4926 1880 4995 ἔρωτα

298 5015 393 5068 τὸν
420 5014 564 5067 θεῖον
587 5015 682 5068 καὶ
709 5016 1168 5078 Δεσποτικὸν,καὶ
1186 5015 1280 5069 τοῦ
1311 5016 1581 5087 ὀμοφυούς
1603 5016 1701 5088 τὴν
1728 5034 1881 5088 στορ-

246 5156 249 5161 .
300 5106 432 5176 τήν.
463 5104 555 5176 Τῷ
594 5105 694 5176 μὲν
745 5107 1110 5161 ἐπιϐουλεύων
1143 5109 1238 5163 καὶ
1270 5108 1612 5178 περιϐάλλων
1654 5111 1878 5171 κακοῖς,

298 5198 396 5250 τὸν
422 5197 481 5250 δὲ
527 5198 679 5268 παρά
703 5197 906 5267 φαῦλον
933 5198 1253 5270 ποιούμενος
1296 5202 1390 5253 καὶ
1436 5201 1739 5273 ὑπερορῶν.
1795 5202 1885 5267 Ἐξ

302 5283 384 5345 ὢν
421 5291 501 5353 είς
534 5292 653 5354 οἵας
686 5291 1095 5361 ἀπαραιτήτους
1134 5293 1227 5346 καὶ
1258 5293 1461 5364 πικράς
1486 5295 1757 5365 τιμωρίας
1788 5296 1887 5366 ἐμ-

379 5447 401 5477 ⁵
438 5446 626 5502 Matth.
660 5460 795 5509 xxxi,
826 5446 913 5501 40.

1982 4650 2374 4720 juramentum,
2442 4649 2653 4703 nullum
2713 4648 2860 4703 dicet
2926 4647 3120 4702 falsum
3190 4644 3560 4699 testimonium

1984 4749 2176 4797 contra
2228 4741 2470 4796 vicinum
2523 4756 2722 4805 suum,
2783 4755 2964 4809 neque
3005 4738 3157 4792 dabit
3200 4735 3419 4790 initium
3478 4733 3563 4786 in-

1982 4833 2286 4905 iuriarum;
2340 4849 2454 4889 non
2507 4832 2707 4906 pugnis
2755 4833 2986 4897 caidere,
3038 4846 3148 4883 non
3194 4841 3562 4897 conspurcare

1988 4926 2291 4979 maledictis
2320 4926 2697 4996 aggredietur;
2735 4940 2843 4977 non
2894 4922 3174 4994 tyrannice
3213 4918 3567 4989 concupiscet

1988 5032 2051 5071 ea
2092 5032 2213 5085 qua:
2254 5018 2529 5087 pertinent
2556 5018 2623 5071 ad
2654 5016 2890 5070 vicinum
2919 5029 3099 5069 suum.
3133 5012 3232 5077 Qui
3261 5011 3406 5065 enim
3434 5011 3565 5081 quid

1993 5110 2296 5165 istiusmodi
2326 5110 2690 5173 attentaverit,
2739 5123 2849 5161 uno
2894 5115 3017 5160 actu
3056 5110 3347 5173 utrumque
3379 5103 3564 5167 violat,

1992 5218 2237 5257 amorem
2266 5218 2462 5272 nempe
2487 5202 2539 5255 in
2566 5202 2732 5255 Deum
2766 5210 2823 5255 et
2849 5199 3164 5262 Dominum,
3216 5207 3271 5253 et
3315 5213 3440 5270 erga
3472 5213 3560 5250 co-

1999 5304 2223 5367 gnatmn
2248 5295 2349 5349 sibi
2385 5294 2636 5349 allectum
2675 5312 2688 5347 :
2732 5292 2877 5348 hunc
2906 5292 3052 5348 enim
3083 5291 3328 5347 adoritur
3370 5307 3435 5345 ex
3484 5290 3567 5342 io-

1822 5630 2047 5686 NCT/li.

389 5791 498 5864 (9.7)
527 5793 603 5845 Ἢ
627 5788 1073 5864 reparaverint
1099 5787 1466 5864 dclendumﬂiﬁ,
1495 5798 1585 5843 aut
1611 5788 1872 5861 lcgemlun

1969 5793 2235 5861 υραννεῐν,
2278 5802 2329 5847 et
2396 5808 2504 5846 non
2538 5792 2797 5863 τύραννος
2830 5811 2841 5821 ·
2882 5795 3077 5864 ubique
3116 5795 3374 5862 τύραννος
3440 5792 3572 5857 ἐρα-

314 5859 610 5934 στήςηιυη
642 5870 771 5917 sunt
805 5861 1104 5923 ἀσυνδέτους
1132 5859 1443 5930 ρυρυιίιιιιίὶ.
