4052 6462
503 394 607 454 663
1640 402 1904 463 PHOTII
1939 403 2083 463 PAT

2187 401 2449 463 ARCHIE
2486 403 2596 463 CP.
3650 396 3791 463 664

503 507 673 565 sidiis.
706 517 759 563 et
790 509 944 563 malis
958 510 1394 580 circumscribit;
1420 513 1570 567 illum
1597 530 1725 569 vero
1750 515 2068 585 despectum

2187 514 2359 570 Βάλλει
2412 517 2605 571 ἑαυτὸν
2641 516 2809 570 πᾶσίν
2860 517 2973 569 ἐστι
3028 516 3281 587 φανερόν.
3334 516 3395 571 ΕΞ
3430 516 3539 587 γὰρ
3580 518 3610 570 ὁ
3647 517 3791 569 τῶν

502 612 560 654 et
587 610 961 673 contemptum
990 605 1172 659 habet.
1195 606 1349 661 Patet
1374 617 1555 660 autem
1572 606 1846 671 omnibus,
1872 608 2072 678 quibus

2187 605 2534 678 ivOpwnivwv
2582 607 3022 678 προσταγμάτων
3066 606 3159 662 καί
3205 608 3306 676 τῆς
3354 608 3795 676 ἑπιστατούσης

505 707 565 747 se
585 694 783 763 pwnis,
816 711 977 765 quam
1011 698 1265 767 gravibus
1281 699 1501 768 subjicit
1526 708 1580 753 et
1611 699 2073 755 ineluctabilibus.

2187 698 2351 770 ἀρχῆς
2380 698 2696 769 ὑπερόπτης
2735 698 2797 752 οὐ
2825 697 3108 768 διαφεύγει
3146 698 3246 770 τὴν
3270 699 3448 768 δίκην,
3493 698 3637 752 ἀλλά
3666 699 3793 751 καὶ

508 784 567 837 Si
595 785 743 838 enim
777 786 870 854 qui
899 787 1147 841 mandata
1172 788 1564 857 transgreditur
1597 789 1854 853 humana,
1886 799 1940 846 et
1969 792 2077 845 im-

2187 791 2259 852 είς
2304 789 2437 843 αὐτὸ
2484 790 2546 843 τὸ
2582 788 2683 860 ζῇν
2716 790 2978 853 πολλάκις
3006 789 3098 842 τδν
3129 790 3372 844 κίνδυνον
3419 790 3565 860 ἔχει,
3602 793 3633 843 ὁ
3672 789 3793 842 τὸν

506 877 717 945 perium
758 878 987 947 despicit
1025 879 1127 933 sibi
1152 880 1512 949 praesidentis,
1560 881 2076 937 condemnationem

2187 878 2457 949 Δεσπότην
2500 878 2609 932 τῶν
2657 880 2794 933 ὅλων
2851 880 2947 935 καὶ
2978 880 3211 934 Βασιλέα
3264 881 3359 933 καὶ
3411 879 3792 950 Δημιουργδν

507 984 618 1021 ιιοιι
661 969 903 1036 eil'ugiet,
962 971 1056 1025 sed
1086 981 1143 1025 et
1187 972 1367 1041 capite
1410 974 1739 1043 quandoque
1794 986 2077 1044 peccatum

2187 966 2265 1021 διά
2292 968 2392 1037 τῆς
2424 970 2504 1031 εἰς
2532 968 2624 1021 τὸν
2668 968 2954 1039 ὁμόδουλον
2989 969 3276 1041 παροινίας
3321 970 3416 1023 καὶ
3461 968 3791 1034 ἐπιϐουλῆς

506 1057 636 1123 luit;
673 1060 718 1113 is
747 1060 991 1129 profecto
1022 1063 1115 1130 qui
1171 1078 1270 1132 per
1306 1063 1416 1117 vim
1460 1064 1697 1119 oblatam
1743 1075 1798 1120 et
1851 1066 2078 1122 insidias

2187 1059 2462 1128 ἀτιμάζων
2487 1062 2584 1113 καὶ
2610 1058 2925 1125 ἑξουθενῶν,
2963 1062 3059 1114 καὶ
3083 1063 3209 1123 τοὺς
3236 1062 3400 1114 αὐτοῦ
3424 1061 3628 1130 νόμους
3651 1061 3792 1112 δια-

507 1160 745 1207 structas
786 1152 843 1207 in
871 1169 1194 1208 conservum
1227 1170 1409 1221 suum,
1445 1158 1689 1213 omnium
1754 1173 1940 1212 rerum
1973 1158 2082 1213 Do-

506 1242 739 1306 minum.
773 1259 955 1314 regem
983 1253 1040 1299 et
1062 1244 1305 1314 opificem
1336 1246 1631 1303 inhonorat
1658 1259 1715 1303 et
1742 1249 1897 1303 nihili
1929 1249 2081 1314 facit,

509 1348 697 1388 verum
728 1334 871 1406 leges
893 1336 963 1391 ab
985 1351 1052 1389 eo
1088 1337 1223 1392 latas
1248 1338 1485 1393 ludibrio
1529 1338 1694 1394 habet
1744 1351 1798 1395 et
1825 1341 2084 1395 lubentize

430 1496 433 1503 ι
510 1426 754 1493 exponit,
775 1426 1013 1495 qualem.
1040 1444 1137 1497 par
1156 1438 1261 1493 est,
1287 1439 1347 1483 ut
1365 1430 1557 1485 subeat
1582 1445 1800 1500 pinnam
1819 1432 1841 1485 ?
1859 1432 2085 1502 Oportet

512 1516 674 1586 igitur
724 1518 874 1572 omni
925 1519 1105 1583 modo,
1156 1521 1302 1574 omni
1351 1537 1482 1575 cura
1531 1532 1589 1577 et
1637 1523 1937 1595 diligentia,
1968 1525 2086 1579 haec

510 1608 760 1663 mandata
778 1624 885 1663 una
907 1625 1030 1663 eum
1071 1610 1343 1681 inculpata
1381 1612 1579 1681 pietate
1621 1624 1676 1669 et
1708 1616 1919 1670 sincera
1954 1617 2082 1671 reli-

513 1698 675 1767 gione
709 1714 1058 1754 conservare.
1100 1701 1287 1771 Neque
1313 1705 1459 1758 enim
1480 1705 1639 1760 aliter
1656 1715 1863 1775 partem
1884 1708 2085 1763 habere

508 1791 783 1859 possimus
815 1808 940 1846 cum
970 1792 1221 1848 fidelibus
1272 1805 1328 1850 et
1383 1796 1494 1851 Deo
1530 1798 1734 1863 charis,
1784 1814 1887 1855 nec
1931 1800 2080 1871 regni

508 1880 769 1934 enatorum
797 1880 945 1951 digni
974 1882 1365 1951 judicabimur.
1994 1863 2021 1871 ⁷
2118 1863 2160 1920 Β

577 1971 668 2025 28.
710 1972 1006 2028 Enimvero
1028 1975 1250 2030 cuilibet
1303 1979 1611 2033 mortalium
1660 1980 1767 2035 hoc
1799 1980 2083 2047 incumbit,

509 2072 570 2117 ut
595 2078 812 2118 onmem
843 2066 1101 2121 exhibeat
1132 2083 1285 2123 suam
1309 2078 1364 2124 et
1392 2071 1610 2141 quidem
1654 2081 1952 2127 extremam
1984 2088 2085 2143 po-

509 2156 738 2210 tentiam
766 2155 819 2209 in
854 2158 938 2212 his
974 2160 1388 2215 conservandis.
1434 2163 1658 2231 Spectat
1701 2164 1805 2218 hoc
1836 2165 1902 2218 ad
1934 2165 2086 2235 prin-

507 2249 685 2318 cipem
712 2265 865 2319 aeque
897 2265 962 2304 ac
988 2251 1056 2305 ad
1091 2252 1363 2317 subditos,
1386 2254 1619 2324 juvenes
1659 2264 1715 2311 et
1764 2266 1926 2312 aetate
1955 2273 2084 2328 pro-

506 2341 796 2407 vectiores,
832 2344 1030 2398 divites
1059 2353 1115 2399 et
1142 2361 1411 2416 pauperes
1446 2365 1459 2402 :
1496 2364 1621 2404 nam
1661 2351 1971 2405 communis
2001 2360 2085 2406 est

508 2442 696 2487 natura
719 2436 992 2499 omnibus.
1030 2440 1343 2495 communia
1399 2441 1517 2496 haec
1562 2444 1814 2499 mandata
1862 2445 2080 2511 dantur,

504 2529 780 2582 communi
817 2545 947 2585 cura
972 2540 1028 2586 et
1052 2532 1421 2589 sollicitudine
1455 2537 1834 2592 custodienda.
1865 2537 1936 2592 At
1962 2554 2085 2608 quae

507 2629 756 2689 spectant
785 2632 909 2679 ante
944 2624 1048 2679 alia
1097 2627 1167 2681 ad
1216 2627 1592 2683 informandos
1622 2630 1919 2700 principes,
1962 2648 2084 2702 qua:

506 2714 682 2783 magis
717 2730 817 2784 par
843 2725 927 2771 est
958 2728 1020 2772 ut
1056 2727 1147 2772 tua
1193 2719 1449 2774 observet
1492 2731 1765 2791 potestas,
1811 2724 1954 2778 unde
1984 2724 2084 2780 tibi

505 2806 681 2875 major
703 2817 977 2862 accrescat
1004 2811 1362 2878 experientia,
1398 2811 1488 2866 illa
1538 2814 1633 2868 tibi
1686 2815 1741 2868 in
1794 2816 2082 2885 procinctu

506 2912 629 2951 sum
647 2908 1021 2969 suggesturus.
1055 2901 1363 2972 Principem
1384 2904 1529 2958 enim
1554 2915 1769 2975 oportet
1799 2908 2081 2979 multiplici

509 2990 795 3058 praeditum
826 3006 948 3046 esse
996 2992 1285 3063 probitate,
1323 3010 1447 3049 cum
1501 2997 1606 3051 alia
1643 3006 1757 3052 tum
1817 2999 2083 3069 imprimis

508 3082 599 3137 illa
635 3098 756 3152 qua;
785 3100 997 3139 morum
1028 3094 1239 3156 spectat
1265 3087 1752 3157 pulchritudinem,
1786 3093 1929 3146 unde
1952 3092 2081 3147 illud

507 3174 760 3245 adagium
793 3175 1029 3229 dicitur:
1083 3176 1430 3248 Magistratus
1478 3179 1654 3234 virum
1700 3181 1924 3237 indicat.
1973 3182 2077 3239 Et:
2111 3205 2154 3265 ς

507 3263 975 3331 Quemadmodum
1010 3283 1202 3322 aurum
1230 3271 1424 3340 probat
1455 3272 1601 3326 acies
1640 3272 1873 3343 lapidea,
1916 3275 1990 3330 ita
2025 3285 2082 3331 et

510 3357 801 3412 humanam
856 3371 1093 3414 mentem
1136 3363 1378 3417 actiones
1416 3378 1539 3417 cum
1582 3364 1914 3434 imperiales,
1966 3375 2081 3423 tum

508 3449 850 3505 subditorum
878 3452 1267 3522 dispositiones
1296 3455 1638 3511 discernunt.
1705 3482 1715 3493 ο

581 3541 670 3597 29.
715 3543 780 3597 At
811 3552 867 3597 tu
898 3545 1032 3599 mihi
1064 3546 1287 3602 sedulus
1307 3549 1522 3602 auditor
1544 3550 1711 3614 adsis,
1735 3568 1839 3607 nec
1867 3554 2081 3610 auditor

508 3642 742 3701 tantum,
780 3636 877 3691 sed
911 3647 967 3692 et
995 3650 1250 3707 operator
1284 3640 1561 3695 actionum
1606 3642 1870 3699 bonarum
1906 3657 1961 3701 et
1989 3648 2084 3701 ad-

506 3727 796 3782 miratione
844 3728 1149 3798 dignarum.
1212 3729 1543 3801 Principium
1600 3749 1764 3803 porro
1800 3752 1831 3790 a
1872 3737 1982 3792 Deo
2028 3749 2084 3795 et

506 3821 704 3876 divinis
732 3837 1092 3877 arcessemus.
1126 3822 1309 3877 Oratio
1344 3824 1507 3895 igitur
1543 3828 1819 3883 connectit
1839 3829 1949 3884 Deo
1982 3830 2084 3886 ho-

505 3913 732 3972 minem.
758 3914 918 3981 eique
952 3913 1272 3967 familiarem
1301 3916 1497 3970 reddit.
1525 3915 1621 3971 Est
1641 3927 1821 3973 autem
1855 3920 1943 3975 illa
1960 3938 2083 3977 cum

506 4002 621 4055 Deo
654 4002 949 4056 collocutio
974 4011 1033 4056 et
1067 4017 1391 4074 congressus
1429 4006 1647 4074 quidam
1679 4007 2079 4076 intellectualis,

507 4093 599 4164 qui
631 4101 714 4147 est
742 4093 985 4148 omnium
1022 4110 1203 4150 rerum
1242 4096 1649 4166 pulcherrimus
1694 4109 1749 4154 et
1800 4103 2083 4171 pretiosis-

506 4188 702 4242 simus.
745 4187 829 4240 Ab
856 4186 948 4240 illo
998 4196 1217 4243 emanat
1272 4189 1577 4245 substantia
1630 4192 1809 4247 omnis
1851 4202 1906 4247 et
1949 4209 2083 4249 con-

504 4275 756 4331 sistentia
776 4291 792 4341 ;
816 4276 885 4330 ab
910 4276 1002 4331 illo
1025 4276 1361 4345 providentia
1411 4286 1465 4333 et
1490 4280 1752 4335 bonorum
1782 4282 2081 4351 exhibitio;

503 4368 770 4439 perfectio
815 4371 1033 4432 omnis,
1078 4377 1132 4423 et
1174 4370 1465 4425 affectuum
1521 4375 1698 4428 omnis
1743 4376 2080 4435 emundatio.

503 4458 773 4524 Quocirca
823 4458 867 4512 si
906 4459 974 4513 ab
1005 4460 1253 4513 oratione
1297 4462 1443 4515 nulla
1477 4462 1579 4515 alia
1628 4464 1831 4519 utilitas
1856 4468 2081 4537 egrede-

2184 1148 2415 1213 παίζων,
2459 1151 2554 1203 καὶ⁵
2594 1150 2792 1221 χλεύην
2845 1150 3090 1214 δεικνὺς,
3141 1151 3337 1223 ἡλίκην
3374 1152 3497 1204 τινὰ
3537 1151 3650 1220 τὴν
3680 1167 3789 1202 τις

2185 1239 2397 1310 μωρίαν
2426 1239 2617 1304 δώσει;
2646 1241 2738 1293 Διὸ
2769 1243 3038 1311 προσήκει
3072 1243 3234 1295 παντὶ
3262 1242 3449 1312 τρόπῳ
3486 1242 3586 1294 καὶ
3618 1241 3791 1311 πάσῃ

2184 1331 2413 1402 σπουδῇ,
2439 1334 2578 1401 μετὰ
2597 1333 2695 1400 τῆς
2722 1331 2969 1402 καθαρᾶς
2995 1333 3089 1386 καὶ
3113 1333 3415 1401 ἀμωμήτου
3439 1331 3603 1401 ἡμῶν
3636 1330 3791 1401 θρηο

2184 1423 2393 1485 σκείας,
2442 1423 2537 1476 καὶ
2593 1424 2796 1485 ταύτας
2840 1422 3220 1492 διαφυλάττειν
3252 1422 3351 1486 τὰς
3392 1422 3644 1484 ἐντολάς.
3696 1422 3789 1473 Οὐ

2182 1512 2291 1582 γὰρ
2320 1512 2488 1575 ἐστιν,
2544 1515 2645 1568 οὐκ
2700 1516 2839 1578 ἔστι,
2893 1517 3061 1586 χωρὶς
3108 1515 3309 1579 αὐτῶν,
3342 1513 3467 1567 οὐτε
3508 1518 3614 1583 τῆς
3660 1515 3789 1567 τῶν

2186 1603 2391 1657 πιστῶν
2420 1604 2513 1658 καὶ
2540 1606 2801 1673 φιλοθὲων
2832 1608 3050 1678 μερίδος
3079 1607 3356 1677 γενέσθαι,
3383 1608 3506 1662 οὐτε
3528 1610 3633 1679 τῆς
3657 1610 3787 1663 τῶν

2181 1696 2424 1764 οὐρανῶν
2455 1697 2749 1763 ἀξιωθῆναι
2790 1699 3087 1769 βασιλείας.

2260 1994 2371 2057 κη’.
2436 1985 2596 2039 Ἀλλά
2634 1986 2807 2040 ταῦτα
2877 1987 2975 2057 μὲν
3044 1984 3319 2056 ἀνθρώπῳ
3372 1985 3537 2038 παντὶ
3610 1949 3808 2055 mich

2185 2074 2411 2143 δυνάμει
2433 2072 2909 2143 παραφυλακτέον,
2942 2073 3165 2144 ἄρχοντι
3191 2075 3287 2127 καὶ
3322 2075 3636 2144 ἀρχομένῳ,

2186 2164 2282 2217 καὶ
2315 2162 2621 2236 πρεσσύτῃ,
2674 2162 2918 2233 πλουσίῳ
2965 2163 3061 2215 καὶ
3106 2162 3322 2231 πένητι.
3369 2163 3538 2233 Κοινὴ
3567 2164 3687 2233 γὰρ
3741 2162 3787 2233 ἦ

2187 2256 2369 2324 φύσις,
2395 2256 2490 2308 καὶ
2524 2256 2679 2308 κοινά
2709 2254 2779 2307 τὰ
2830 2256 3251 2326 προστάγματα,
3285 2256 3381 2309 καὶ
3430 2255 3624 2324 κοινῆς
3670 2256 3783 2324 τῆς

2188 2350 2586 2418 παραφυλακῆς
2616 2348 2708 2400 καὶ
2739 2348 3057 2418 ἐπιμελείας
3099 2348 3351 2417 δεόμενα.
3394 2351 3463 2401 Ἀ
3509 2348 3567 2401 δὲ
3628 2349 3783 2419 μᾶ).-

2186 2441 2276 2493 λον
2304 2440 2439 2510 πρὸς
2465 2440 2563 2510 τὴν
2593 2441 2699 2492 τῶν
2750 2441 3025 2509 ἀρχόντων
3074 2443 3177 2512 ὁρᾷ
3211 2441 3616 2510 παιδαγωγίαν,
3666 2444 3772 2496 καὶ

2185 2533 2252 2601 τῇ
2285 2534 2351 2600 σῇ
2381 2530 2671 2598 φυλάττειν
2727 2532 3138 2602 ἐπιτηδειότερα
3180 2532 3425 2603 ἐξουσίᾳ,
3452 2534 3547 2586 καὶ
3585 2534 3651 2600 ἐξ
3694 2527 3783 2587 ὧν

2185 2621 2339 2675 ἔσται
2392 2639 2474 2676 σοι
2532 2623 2795 2692 καὶπερὶ
2844 2622 2954 2677 τῶν
3004 2623 3180 2676 ἄλλων
3217 2623 3443 2694 πλείστη
3477 2626 3777 2696 ἐμπειρία,

2185 2714 2369 2769 ἐκεῖνά
2401 2731 2484 2768 σοι
2521 2713 2617 2768 νῦν
2667 2715 2965 2784 εἰρήσεται.
3029 2716 3138 2769 Καὶ
3163 2717 3271 2787 γὰρ
3297 2716 3496 2783 πολλῆς
3524 2717 3606 2786 τῷ
3664 2720 3778 2787 ἀρ-

2184 2821 2334 2873 χοντι
2357 2805 2439 2858 δεῖ
2468 2805 2895 2874 καλοκαγαθίας,
2934 2805 3030 2875 τῆς
3078 2823 3140 2859 τε
3192 2806 3379 2876 ἄλλης,
3424 2808 3518 2860 καὶ
3566 2808 3677 2877 τῆς
3710 2809 3778 2861 ὲν

2184 2894 2371 2966 ῆθεσιν
2417 2896 2734 2965 εὐκοσμίας.
2788 2899 2864 2949 Δι’
2891 2896 2919 2948 ὃ
2952 2896 3044 2949 καί
3098 2912 3262 2964 φασιν
3303 2915 3324 2947 ι
3373 2896 3539 2966 Ἀρχὴ
3590 2896 3777 2966 ἄνδρα

2182 2989 2437 3041 δεικνύει’
2465 3008 2485 3040 ι
2516 2989 2629 3052 καὶ,
2666 2990 2746 3040 ὅτι
2764 2989 3009 3059 (Ὥσπερ
3030 2990 3057 3041 ὁ
3087 2988 3284 3057 χρυσὸς
3310 2989 3369 3040 ἐν
3389 2990 3508 3049 ταῖς
3530 2987 3777 3049 λιθίναις

2183 3081 2404 3145 ἀκόναις
2438 3081 2815 3151 δοκιμάζεται,
2856 3082 3031 3142 οὕτως
3084 3083 3114 3135 ὁ
3144 3079 3485 3151 ἀνθρώπινος
3543 3079 3673 3142 νοῦς
3710 3081 3777 3132 ὲν

2185 3178 2305 3238 ταῖς
2335 3176 2591 3246 ἀρχικαίς
2646 3173 2931 3245 ἐργασίαις
2986 3174 3081 3227 καί¹
3105 3175 3225 3235 ταῖς
3282 3172 3392 3226 τῶν
3439 3172 3777 3241 ἀρχομένων

2184 3265 2442 3329 διανοίαις
2480 3266 2815 3329 ἐξετάζεται.
2866 3283 2885 3315 ι

2257 3534 2360 3588 κθθ.
2409 3534 2481 3587 Σὺ
2509 3534 2567 3587 δέ
2603 3552 2695 3605 μοι
2745 3534 2980 3602 μάλιστα
3036 3535 3299 3606 πρόσεχε,
3351 3534 3438 3587 ἵνα
3473 3534 3550 3606 μὴ
3598 3534 3776 3604 μόνον

2186 3627 2490 3697 ἀκροατὴς,
2530 3625 2669 3680 ἀλλὰ
2703 3627 2799 3679 καὶ
2844 3624 3073 3696 ποιητὴς
3118 3627 3254 3697 γένῃ
3290 3625 3472 3679 καλῶν
3517 3627 3614 3679 καὶ
3646 3625 3780 3690 ἀξι-

2184 3720 2440 3786 αγάστων
2466 3717 2742 3789 πράξεων.
2787 3718 2956 3788 Ἀρχὴ
2988 3716 3045 3770 δὲ
3073 3718 3225 3788 ἡμῖν,
3258 3719 3361 3771 κάν
3399 3718 3631 3779 τούτοις,
3657 3717 3780 3773 ἀπὸ

2184 3812 2293 3864 τῶν
2321 3812 2500 3865 θείων.
2548 3813 2697 3882 Εὐχὴ
2734 3812 2831 3882 μὲν
2864 3808 2957 3865 οὖν
2984 3810 3106 3881 Θεῷ
3135 3810 3399 3864 συνάπτει
3424 3812 3519 3864 καὶ
3552 3814 3774 3877 οἰκειοί,

2186 3905 2374 3976 ὁμιλία
2408 3921 2493 3968 τις
2545 3905 2727 3967 ἔνθεος
2801 3900 2955 3970 οὐσα,
3020 3906 3116 3958 καὶ
3182 3904 3438 3958 συνουσία
3479 3905 3641 3972 νοερὰ
3673 3904 3775 3956 τοῦ

2189 4000 2406 4053 πάντων
2439 3996 2724 4051 καλλίστου
2760 3997 2855 4050 καὶ
2886 3998 3219 4066 τιμιωτάτου
3246 4015 3260 4028 ·
3295 3999 3353 4065 ἐξ
3380 3990 3443 4051 οὗ
3470 3998 3623 4051 πᾶσα
3665 3998 3773 4066 μὲν

2183 4091 2438 4153 οὐσίωσις
2469 4090 2565 4144 καὶ
2595 4092 2814 4163 συνοχὴ,
2846 4092 2998 4144 πᾶσα
3026 4091 3082 4143 δὲ
3112 4092 3341 4161 πρόνοια
3383 4091 3480 4144 καὶ
3529 4089 3773 4161 χορηγία

2182 4186 2292 4238 τῶν
2348 4183 2591 4252 ἀγαθῶν,
2640 4186 2791 4238 πᾶσα
2830 4184 2887 4236 δὲ
2942 4184 3215 4255 τελειότης
3265 4184 3360 4237 καὶ
3402 4184 3774 4253 διακάθαρσις

2182 4278 2293 4333 τῶν
2346 4277 2555 4331 παθῶν.
2595 4278 2756 4331 Ὥστε
2811 4278 2861 4330 εί
2899 4278 2993 4330 καὶ
3028 4278 3102 4347 μή
3153 4294 3207 4330 τι
3252 4277 3380 4332 ἄλλο
3438 4277 3629 4347 κέρδος
3689 4278 3760 4329 ἐκ

2182 4376 2284 4446 τῆς
2326 4375 2491 4445 εὐχῆς
2540 4373 2826 4442 ἀνεφύετο,
2875 4373 3008 4426 αὐτὸ
3037 4374 3101 4444 δὴ
3147 4372 3309 4426 τοῦτο
3361 4372 3596 4443 μάλιστα
3652 4376 3773 4436 τοῖς

2188 4468 2458 4538 φιλοθέοις
2501 4467 2595 4521 καὶ
2626 4464 2721 4519 τοῦ
2754 4464 2962 4534 ἀγαθοῦ
2995 4465 3384 4534 φιλοθεάμοσιν
3412 4466 3537 4518 ἀντὶ
3583 4468 3772 4533 πάσης

504 4561 679 4615 retur,
721 4552 863 4607 istud
918 4561 1093 4605 tamen
1153 4552 1376 4606 unicum
1424 4555 1568 4624 apud
1618 4556 1864 4613 homines
1905 4559 2077 4615 Deum

2187 4560 2526 4631 εὐφροσύνης
2572 4559 2753 4630 ἢρκει,
2810 4558 2905 4611 καὶ
2955 4559 3136 4627 πάσης
3166 4560 3268 4627 τῆς
3318 4558 3463 4611 κατά
3504 4558 3598 4609 τὸν
3650 4557 3772 4627 βίον

504 4644 790 4716 diligentes
822 4654 877 4699 et
903 4644 1121 4699 videndi
1154 4647 1400 4700 curiosos
1438 4647 1609 4702 instar
1640 4652 1821 4706 omnis
1852 4653 2079 4708 alterius

503 4737 910 4801 oblectamenti,
943 4738 1122 4791 onmis
1150 4754 1272 4807 quae
1292 4739 1347 4792 in
1378 4740 1488 4795 vita
1535 4744 1853 4814 contingere
1898 4752 2080 4814 petest

501 4828 858 4883 beatitudinis
882 4839 938 4884 et
965 4828 1265 4894 felicitatis,
1293 4844 1437 4886 esset
1460 4833 1676 4889 abunde
1696 4835 2078 4892 suffecturum.

498 4922 602 4976 Ast
627 4937 751 4976 cum
782 4938 879 4991 per
902 4923 1150 4977 eamdem
1185 4934 1531 4992 peccatorum
1557 4926 1869 4982 obtinemus
1890 4929 2082 4983 remis-

501 5014 736 5079 sionem,
770 5023 825 5069 et
856 5015 1117 5085 quidquid
1159 5017 1322 5073 nobis
1365 5020 1709 5075 conducibile
1755 5022 1829 5076 sit
1875 5022 2078 5090 recipi-

501 5119 648 5170 mus,
689 5105 852 5160 donis
873 5107 1057 5161 donati
1090 5109 1333 5178 optimis,
1364 5119 1422 5163 et
1454 5112 1723 5179 perfectos
1754 5112 2085 5168 facientibus
2108 5108 2113 5121 ³

501 5197 853 5267 recipientes,
874 5215 1091 5254 necnon
1130 5202 1186 5255 in
1217 5218 1278 5256 se
1336 5202 1795 5272 speciosissimis;
1847 5204 1915 5259 ad
1950 5220 2086 5275 ope-

502 5289 735 5344 randum
781 5306 845 5345 ea
894 5293 1225 5348 advocamur
1273 5310 1395 5364 qua:
1446 5295 1851 5365 inexplicabilia
1900 5297 2085 5352 omnia

501 5382 663 5436 nobis
693 5383 943 5439 conferre
972 5385 1149 5440 solent
1182 5403 1197 5440 :
1235 5402 1330 5456 per
1372 5387 1667 5458 gratiarum
1693 5404 1855 5457 porro
1908 5390 2079 5444 actio-

500 5490 649 5540 nem,
680 5491 839 5545 quain
872 5477 929 5530 in
980 5477 1235 5546 precibus
1286 5478 1626 5548 expedimus,
1675 5479 2078 5537 benefactorem

500 5566 653 5633 quasi
695 5582 1129 5633 remuneramus,
1161 5577 1215 5622 et
1249 5577 1504 5638 tanquam
1534 5568 1795 5638 quasdam
1844 5570 1920 5624 illi
1969 5574 2079 5641 pri-

502 5655 682 5708 mitias
711 5655 1010 5721 offerimus,
1046 5668 1344 5727 praesentes
1373 5660 1540 5714 animi
1559 5662 1730 5715 nostri
1756 5662 2081 5720 affectiones

2184 4650 2592 4722 μακαριότητος
2622 4649 2714 4701 καὶ
2746 4647 3115 4717 εὐδαιμονίας.
3146 4650 3276 4701 Ὅτε
3306 4649 3399 4701 καὶ
3431 4649 3540 4702 τῶν
3577 4649 3767 4719 ἡμαρ-

2182 4744 2435 4815 τημένων
2484 4742 2680 4811 ἄφεσιν
2744 4741 3099 4811 λαμϐάνομεν
3156 4740 3224 4793 δι’
3251 4741 3447 4811 αὐτῆς,
3504 4742 3600 4795 καὶ
3655 4743 3768 4794 τῶν

2180 4835 2356 4889 ἀλλων
2372 4834 2500 4901 αίτη
2509 4832 2695 4903 μάτων
2712 4833 2812 4884 ὅσα
2829 4832 3170 4902 συμφέρουσι
3186 4831 3285 4892 τὰς
3310 4830 3649 4899 ἀγαθοειδεξ
3670 4835 3770 4886 καὶ

2182 4925 2596 4996 τελεσιουργοὺς
2646 4923 2875 4993 δωρεὰς,
2940 4920 3390 4992 προκαλούμεθα,
3448 4919 3771 4990 ’ἀξιούμεθά

2182 5033 2243 5069 τε
2272 5015 2379 5069 τῶν
2404 5014 2630 5083 ἀφάτων
2678 5013 2807 5084 περὶ
2833 5014 2983 5083 ἡμᾶς
3014 5011 3192 5082 ἔργων
3215 5012 3310 5064 καὶ
3338 5008 3528 5082 δώρων
3549 5012 3637 5063 διὰ
3665 5012 3768 5081 τῆς

2183 5110 2243 5161 ἐν
2308 5108 2447 5176 αὐτῇ
2512 5106 2863 5174 εὐχαριστίας
2915 5102 3006 5155 τὸν
3065 5102 3362 5174 εὐεργέτην
3410 5100 3764 5172 ἀμείϐεσθαι,

2180 5200 2275 5252 καὶ
2300 5198 2364 5268 δὴ
2405 5198 2497 5250 καὶ
2530 5196 2649 5259 οἵας
2679 5194 2934 5264 ἀπαρχάς
2992 5210 3144 5256 τινας
3191 5192 3343 5264 αὐτῷ
3405 5194 3763 5264 προσφέρειν,

2180 5292 2280 5355 τὰς
2311 5292 2434 5344 κατ’
2459 5289 2673 5359 εκείνην
2710 5288 2805 5340 τοῦ
2851 5286 2943 5340 νοῦ
2994 5287 3238 5357 κινήσεις
3288 5286 3381 5339 καὶ
3426 5284 3761 5352 δοξολογίας,

2179 5385 2278 5453 τῆς
2301 5386 2492 5454 νοερᾶς
2520 5382 2676 5452 ἡμῶν
2700 5382 2794 5434 καὶ
2834 5379 3059 5450 λογικῆς
3087 5377 3393 5439 οὐσιὼσεως
3412 5394 3425 5408 ·
3459 5378 3548 5430 ὅτε
3582 5378 3765 5429 τοίνυν

2182 5472 2422 5527 τοσαῦτα
2446 5472 2540 5524 καὶ
2568 5469 2874 5539 τηλικαῦτα
2900 5470 2967 5538 τῇ
3009 5468 3143 5537 εὐχῇ
3190 5464 3597 5536 περιείληπται,
3643 5461 3766 5523 πῶς

2181 5567 2242 5620 οὐ
2267 5567 2374 5636 χρὴ
2401 5564 2540 5634 πρὸς
2590 5562 2794 5631 ταύτην
2838 5560 3137 5632 προθύμως
3189 5556 3625 5620 ἐπεκτείνεσθαι,
3667 5557 3767 5609 καὶ

2181 5659 2384 5727 ταύτης
2406 5658 2539 5728 ὲρᾷν
2569 5655 2776 5726 σφόδρα
2809 5657 2905 5706 καὶ
2941 5651 3473 5723 ἀπιλαμὸἀνεσθαι;

501 5759 555 5801 et
588 5760 788 5817 motus,
817 5752 1131 5824 doxologias
1159 5770 1375 5824 quoque
1414 5757 1483 5811 ab
1518 5757 1843 5828 intelligibili
1889 5771 2074 5816 nostra
2111 5770 2167 5816 et
2227 5756 2475 5813 rationali
2528 5762 2722 5808 natura
2773 5751 3120 5806 resultantes.
3165 5748 3301 5803 Cum
3349 5747 3515 5818 igitur
3563 5753 3639 5802 tot
3708 5756 3763 5800 et

503 5854 653 5897 tanta
699 5861 802 5915 per
849 5850 1151 5903 orationem
1201 5863 1583 5919 procurentur,
1644 5856 1917 5924 quomodo
1965 5874 2074 5911 non
2112 5872 2325 5927 a-quum
2354 5856 2508 5911 situt
2564 5867 2666 5907 nos
2689 5850 2940 5909 alacriter
2966 5849 3023 5905 in
3086 5847 3174 5904 illa
3194 5846 3574 5909 extendamus,
3634 5858 3763 5897 eam

511 5935 890 5994 vehementius
923 5940 1279 6009 depereamus
1320 5954 1373 5999 et
1427 5945 1577 6000 omni
1623 5946 1784 6001 modo
1833 5948 2244 6019 amplectamur.
