4052 6428
148 466 155 473 _
192 380 314 443 σεε

1373 391 1908 454 EPISTOLARUM
1945 392 2178 452 LIBER
2215 391 2267 452 Ι.

3352 393 3460 458 666

276 494 340 544 λ’.
369 492 442 545 Σὺ
471 493 654 548 τοίνυν
680 495 982 577 προσεύχου
1022 498 1121 569 μὲν
1174 498 1336 570 εὐχὰς
1372 502 1509 565 ίδίας
1543 503 1776 556 διαπαν-

1946 501 2035 555 '50.
2076 502 2240 555 Orato
2269 500 2433 571 igitur
2453 499 2831 556 indesinenter
2865 502 3116 570 privatim
3145 513 3200 560 et
3233 508 3374 577 apud
3407 518 3458 562 te

192 587 295 651 rb;
322 588 420 641 καὶ
446 588 567 642 καθ’
598 590 792 643 ἑαυτὸν
820 591 898 661 τῷ
922 576 1060 661 όεῷ.
1100 592 1411 664 Προσεύχου
1443 594 1500 648 δὲ
1527 596 1622 649 καὶ
1661 582 1777 666 ἅμα

192 678 280 749 τῷ
307 679 526 749 πλήθει,
555 682 651 734 καὶ
680 684 737 736 ὲν
761 682 840 752 τῷ
872 682 1122 753 φανερῷ·
1163 683 1229 736 δι’
1257 685 1516 756 ἐκατέρου
1546 686 1644 756 μὲν
1668 688 1777 758 γὰρ

198 771 473 841 θεοφιλῶς
521 776 923 844 πραττομένου,
976 776 1038 828 rb
1075 777 1222 830 ὅσιον
1252 778 1401 831 ἐστιν
1448 779 1775 835 ἀποδιδόναι.

200 863 376 916 ὐσον
426 864 482 917 δὲ
530 866 594 918 rb
646 870 914 938 πρότερον
988 870 1069 933 είς
1126 868 1478 941 καθαρότητα
1539 870 1780 935 διανοίας

203 956 550 1023 πλεονεκτεῖ,
586 960 841 1013 τοσοῦτον
861 961 923 1014 rb
967 961 1218 1033 δεύτερον
1262 965 1343 1026 εἰς
1394 962 1623 1034 μίμησιν
1656 965 1782 1027 τοὺς

199 1049 459 1120 ὁρῶντας
480 1052 810 1122 παρακαλεῖ.
847 1054 957 1106 Καὶ
991 1054 1054 1107 rb
1102 1055 1199 1125 μὲν
1245 1056 1326 1119 είς
1358 1057 1558 1109 οίκεῖον
1588 1054 1781 1125 κέρδος

203 1139 456 1193 συντελεῖ
478 1156 495 1171 ·
518 1142 579 1195 rb
600 1141 655 1195 δὲ
686 1144 780 1197 καὶ
804 1145 930 1207 τοὺς
961 1144 1153 1207 ἀλλους
1182 1141 1323 1199 οἶδεν
1353 1146 1582 1217 ὠφελεῖν
1603 1162 1617 1176 ³
1651 1140 1725 1200 ὧν
1748 1148 1781 1218 ὴ

206 1234 459 1302 σωτηρία
487 1236 583 1287 καὶ
608 1236 642 1305 ἡ
673 1236 948 1306 προκοπὴ,
976 1238 1189 1309 μεγάλη
1241 1237 1404 1292 πάλιν
1440 1239 1543 1310 τῆς
1579 1238 1784 1311 ἀρετῆς

204 1325 329 1377 ἐστι
354 1325 449 1376 τοῦ
479 1326 742 1395 ἄρχοντος
779 1329 1078 1400 μαρτυρία.

281 1500 386 1555 λα’.
416 1503 598 1568 Nomii;
622 1506 710 1558 ἐπ’
733 1506 958 1577 ὀνόματι
979 1507 1116 1563 Θεοῦ
1149 1509 1244 1563 καὶ
1274 1508 1385 1562 τῶν
1418 1510 1584 1564 αὐτοῦ
1611 1510 1785 1580 ἀγίων

211 1597 355 1649 κατά
383 1596 515 1659 τοὺς
551 1597 1045 1668 ἐκκλησιαστικοὺς
1091 1600 1326 1673 θεσμοὺς
1359 1603 1653 1674 οἰκοδόμει,
1690 1604 1786 1658 καὶ

210 1685 425 1748 τούτοις
447 1686 539 1739 τὸν
561 1687 688 1741 λαὸν
716 1689 1174 1759 ἐκκλησιάζεσθαι
1196 1692 1341 1756 ἔθιζε
1363 1710 1378 1723 ·
1416 1694 1503 1747 ἵνα
1546 1696 1699 1765 κοινῇ
1725 1693 1787 1747 rb

210 1776 367 1828 Θείον
391 1776 777 1849 ὲξιλεούμενοι,
810 1783 905 1834 καὶ
947 1784 1130 1854 κοινὴν
1158 1785 1258 1856 τὴν
1283 1784 1589 1855 δοξολογίαν
1612 1802 1784 1857 προσ-

209 1867 438 1934 ἀγοντες

210 1976 433 2025 νωνται,
480 1963 577 2015 καὶ
641 1965 826 2035 κοινὴν
868 1966 1187 2038 καρπῶνται
1230 1970 1331 2040 τὴν
1379 1970 1652 2042 σωτηρίαν
1694 1970 1790 2023 καὶ

211 2047 510 2116 ὠφέλειαν.

284 2137 385 2208 ‘AB’.
418 2142 482 2193 Αί
515 2140 696 2196 θυσίαι
724 2144 821 2213 μὲν
864 2146 963 2211 τῆς
994 2146 1143 2217 ἱερᾶς
1199 2148 1355 2220 ἡμῶν
1397 2149 1652 2221 λατρείας
1677 2153 1793 2216 τοῖς

218 2229 463 2298 ἱερεῦσιν
513 2235 831 2289 ἀνάκεινται
883 2232 965 2300 οἷς
1023 2239 1317 2311 ὑπηρετῶν
1368 2245 1665 2316 προθύμως
1696 2246 1792 2298 καὶ

210 2325 563 2394 προσφέρων,
605 2327 806 2399 πολλῆς
834 2329 933 2399 τῆς
968 2330 1056 2383 διά
1098 2331 1304 2387 τούτων
1345 2334 1672 2399 ἀπολαύσεις
1699 2337 1793 2389 καὶ

211 2415 533 2484 εὐεργεσίας
561 2423 656 2474 καὶ
681 2422 920 2492 χάριτος.
957 2424 1157 2478 Δύναιο
1178 2426 1222 2479 δ’
1252 2427 1316 2480 ἂν
1356 2428 1449 2481 καὶ
1478 2430 1566 2493 σὺ,
1600 2428 1792 2499 βουλη-

212 2507 351 2572 θε“ις,
384 2510 663 2565 κάλλιστον
688 2515 1059 2588 αὐτουργῆσαι
1083 2517 1203 2589 Θεῷ
1227 2518 1377 2589 θύμα
1397 2522 1491 2573 καὶ
1508 2521 1789 2592 ἐρασμιω-

212 2615 398 2666 τατον,
426 2601 540 2671 βίον
569 2603 719 2675 αὐτῷ
750 2606 1204 2679 καλλιερούμενος
1247 2610 1509 2683 καθαρὸν,
1550 2614 1643 2667 καὶ
1684 2612 1796 2665 δια-

212 2692 363 2755 νοίας
392 2694 677 2768 ὀρθότητα.

287 2873 390 2944 λγ’.
416 2875 585 2939 Εἰδὼς
610 2876 667 2931 δὲ
689 2877 765 2942 ὡς
792 2879 1004 2950 μεγάλη
1026 2881 1166 2954 ῥοπὴ
1188 2880 1326 2954 πρὸς
1357 2882 1457 2955 τὴν
1475 2884 1587 2938 τῶν
1616 2885 1796 2940 ἄλλων

212 2965 502 3037 διοίκησιν,
540 2968 699 3040 ῥώμη
740 2972 835 3024 καὶ
876 2971 1041 3042 τάχος
1092 2973 1355 3041 διανοίας,
1411 2977 1544 3048 μηδὲ
1589 2980 1795 3049 ταύτης

216 3058 488 3127 ἀφίστασο
543 3060 644 3131 τῆς
684 3062 1024 3133 ἐπιμελείας.
1082 3067 1363 3139 Ἀγχίνουν
1414 3071 1513 3141 μὲν
1550 3075 1661 3142 γὰρ
1695 3074 1797 3126 οὐκ

215 3150 332 3203 ἔστι
360 3152 614 3220 γενέσθαι
646 3155 738 3208 τὸν
763 3157 1021 3229 μὴςφύσει
1051 3160 1212 3213 τοῦτο
1245 3163 1525 3232 πεφυκότα
1547 3183 1559 3195 ’
1591 3164 1792 3236 μελέτη

216 3246 273 3299 δὲ
301 3248 398 3299 καὶ
422 3249 767 3318 πραγμάτων
798 3254 984 3322 πεῖρα,
1027 3254 1320 3326 πρόχειρον
1346 3259 1671 3326 ἐμποιοῦσαι
1696 3259 1796 3333 τὴν

217 3341 443 3408 γνῶσιν,
496 3343 759 3408 πολλάκις
833 3346 889 3398 ὲν
933 3349 1117 3411 αὐτοῖς
1158 3354 1270 3414 τοῖς
1316 3350 1497 3421 ἔργοις
1545 3353 1799 3424 ὀξύτερον

219 3432 429 3499 ἔδειξαν
467 3436 1150 3511 τὸνιὲγγεγυμνασμένον,
1198 3442 1232 3514 ἦ
1282 3447 1409 3508 τοὺς
1450 3444 1655 3517 ταύτης
1698 3448 1801 3517 τῆς

218 3526 507 3597 δυνάμεως
542 3532 687 3591 κατὰ
730 3531 891 3600 φύσιν
924 3534 1353 3605 μετεσχηκότας.
1408 3539 1488 3590 Δι’
1535 3538 1563 3591 ὅ
1595 3539 1799 3610 φρόνη-

221 3636 306 3671 σιν
338 3622 532 3674 ἀσκεῖν
564 3625 829 3696 προσήκει
854 3625 942 3679 διά
971 3626 1088 3695 βίου
1111 3655 1127 3666 -
1159 3626 1294 3699 αὕτη
1332 3628 1391 3681 δὲ
1438 3631 1801 3701 παραγίνεται

225 3713 429 3786 μελέτῃ
458 3714 554 3784 μὶν
586 3717 682 3769 καὶ
712 3718 900 3790 μνήμῃ
926 3718 1178 3791 πράξεων
1220 3722 1639 3795 πρεσϐυτέρων,
1674 3725 1802 3796 όμι-

222 3805 317 3877 λίᾳ
350 3805 407 3859 δὲ
435 3809 529 3861 καὶ
582 3811 841 3876 συνουσία
864 3812 971 3882 τῷν
1022 3814 1326 3883 περιόντων
1370 3816 1584 3887 ἀνδρῶν
1614 3818 1805 3890 φρονί-

225 3914 366 3967 μων,
389 3899 485 3951 καὶ
517 3899 780 3973 ἐμπειρίᾳ
806 3901 863 3954 δὲ
886 3903 996 3957 τῶν
1024 3905 1171 3957 κατά
1201 3905 1294 3959 τὸν
1329 3904 1444 3977 βίον
1490 3909 1803 3980 πρακτέων.

225 3992 435 4061 Πρᾶξις
481 3994 591 4065 γάρ
653 3997 882 4067 μιμήσει
936 3997 1043 4061 καὶ,
1093 3995 1258 4070 βουλῇ
1332 3999 1430 4053 καὶ
1479 3999 1806 4073 διαχειρίσει

224 4087 430 4157 κράτος
450 4087 811 4151 συλλαϐοῦσα,
831 4089 932 4160 τῆς
958 4090 1165 4144 ἀνωθεν
1193 4093 1365 4163 ῥοπῆς
1391 4093 1493 4147 οὐκ
1512 4096 1808 4167 ἀντιπρατ-

224 4177 453 4248 τούσης,
492 4180 572 4243 εἰς
599 4180 878 4252 συμφέρον
898 4181 1050 4244 τέλος
1073 4182 1381 4239 ἀποϐαίνει.

1888 590 2059 647 Deum
2093 609 2107 646 :
2139 592 2234 647 sed
2264 601 2319 647 et
2340 591 2515 663 palam
2546 602 2602 647 et
2632 607 2740 647 una
2761 608 2885 648 cum
2917 595 3263 651 multitudine
3283 606 3458 651 orato.

1885 684 2048 740 Certe
2073 700 2169 755 per
2198 695 2488 755 utrumque
2508 686 2700 740 orandi
2733 685 2977 749 modum,
3003 698 3059 740 ut
3089 687 3255 742 Deum
3277 705 3463 744 aman-

1887 785 1999 832 tem
2041 777 2221 842 decet,
2284 778 2629 832 observatum
2677 777 3033 832 sanctiﬁcatio
3092 778 3341 836 habetur.
3399 782 3459 838 In

1887 877 2153 939 quantum
2182 883 2311 923 vero
2348 867 2496 937 prius
2524 867 2656 921 illud
2711 868 2778 922 ad
2832 870 3030 922 mentis
3059 876 3163 923 tuae
3207 871 3462 927 conducit

1888 960 2203 1030 puritatem,
2235 960 2294 1014 in
2322 968 2530 1014 tantttm
2555 960 2604 1014 id
2629 960 2773 1030 quod
2798 960 3022 1028 ponitur
3049 963 3290 1017 secundo
3318 964 3458 1029 loco,

1889 1051 2164 1106 intuentes
2194 1050 2247 1104 in
2279 1051 2640 1105 imitationem
2674 1061 2853 1107 vocat.
2887 1052 2955 1105 Et
2977 1052 3203 1107 alterum
3244 1055 3462 1124 quidem

1890 1143 2116 1213 privatis
2145 1142 2446 1197 commodis
2498 1144 2750 1208 inservit,
2800 1144 3030 1198 alterum
3076 1145 3301 1215 insuper
3329 1162 3458 1202 con-

1889 1232 2037 1287 ducit
2069 1242 2125 1287 et
2150 1233 2366 1288 alienis.
2402 1233 2626 1289 Illorum
2660 1251 2823 1305 porro
2854 1236 3001 1291 salus
3056 1246 3110 1292 et
3160 1238 3215 1291 in
3264 1240 3459 1296 virtute

1891 1340 2210 1396 pmgressus
2252 1325 2463 1381 illustre
2507 1326 2801 1382 admodum
2856 1329 3228 1383 testimonium
3280 1330 3463 1387 virtuti

1891 1414 2212 1484 imperantis
2245 1413 2520 1484 perhibet.

1960 1506 2050 1559 51.
2092 1504 2315 1576 Templa
2339 1506 2452 1561 Deo
2480 1515 2534 1561 et
2577 1506 2779 1562 sanctis
2830 1507 2948 1577 ejus
2987 1508 3284 1562 secundum
3323 1509 3468 1580 leges

1890 1598 2099 1653 aediﬁca
2148 1598 2546 1653 ecclesiasticas
2585 1615 2600 1653 :
2653 1614 2719 1652 eo
2780 1599 3015 1669 populus
3066 1602 3362 1654 convenire
3410 1601 3468 1653 in

1891 1701 2066 1746 enatus
2097 1700 2393 1753 assuescat,
2419 1692 2473 1745 in
2496 1707 2620 1746 eum
2652 1691 2815 1746 ﬁnem
2854 1700 2913 1745 ut
2962 1693 3342 1748 communibus
3369 1710 3469 1749 vo-

1895 1784 1965 1839 tis
1998 1783 2169 1838 Deum
2204 1784 2496 1854 propitium
2528 1784 2886 1850 facientes,et
2904 1785 3269 1840 communiter
3306 1789 3471 1841 doxo-

462 1908 478 1933 ,
524 1872 605 1933 είς
638 1874 825 1943 κοινήν
874 1891 933 1926 τε
978 1875 1179 1944 μᾶλλον
1234 1877 1490 1946 ὁμόνοιαν
1526 1877 1785 1932 συνελαύ-

1902 1877 2085 1948 Logiam
2129 1877 2179 1931 ei
2208 1876 2536 1941 offerentes,
2565 1876 2638 1930 ita
2675 1876 2846 1948 magis
2887 1891 3010 1930 cum
3036 1876 3092 1931 in
3126 1891 3471 1931 communem

1891 1968 2236 2023 concordiam
2260 1967 2585 2031 coalescant,
2618 1975 2674 2022 et
2699 1982 3048 2022 communem
3081 1967 3327 2022 referant
3348 1983 3472 2023 cum

1888 2060 2118 2115 salutem
2142 2067 2255 2113 tum
2282 2060 2445 2113 etiam
2475 2059 2611 2113 alias
2645 2059 2929 2114 utilitates.

1961 2151 2050 2206 32.
2094 2149 2370 2205 Sacriﬁcia
2407 2160 2621 2204 sacrata
2655 2160 2855 2205 nostra:
2904 2150 3183 2222 religionis
3227 2161 3476 2221 spectant

1891 2244 1956 2297 ad
1988 2243 2297 2297 sacerdotes
2325 2260 2338 2295 :
2364 2241 2563 2311 quibus
2596 2241 2641 2295 si
2666 2242 2898 2296 libenter
2936 2251 2987 2297 te.
3016 2244 3473 2306 accommodabis,

1892 2343 1947 2388 et
1980 2334 2284 2387 oblationes
2320 2342 2439 2387 tuas
2462 2333 2700 2398 dederis,
2747 2343 2802 2389 et
2831 2335 3268 2390 benevolentiam
3308 2354 3373 2391 ex
3411 2353 3476 2392 eo

1893 2427 2054 2487 facto,
2084 2435 2139 2479 et
2175 2425 2338 2478 simul
2369 2424 2596 2494 gratiam
2644 2426 2771 2481 inde
2821 2442 2932 2480 non
2967 2428 3244 2499 vulgarem
3286 2446 3476 2498 repor-

1894 2516 2055 2570 tabis.
2094 2515 2303 2570 Poteris
2329 2526 2530 2580 autem,
2580 2518 2745 2572 modo
2790 2519 3009 2573 animus
3052 2521 3218 2586 adsit,
3258 2531 3314 2575 et
3362 2530 3478 2577 tute

1891 2622 1989 2678 per
2014 2618 2066 2662 te
2093 2607 2520 2677 pulcherrimum
2555 2608 2664 2664 Deo
2699 2610 2897 2665 oﬁ'errc
2925 2612 3253 2667 sacriﬁcium
3284 2623 3341 2668 et
3378 2614 3476 2669 de-

1892 2700 2161 2765 lectabile,
2204 2700 2251 2754 si
2278 2703 2444 2757 vitam
2495 2702 2599 2772 ipsi
2627 2718 2821 2772 puram
2864 2713 2919 2757 et
2971 2703 3214 2758 animum
3265 2714 3477 2760 rectum

1892 2793 2119 2863 pulchre
2157 2794 2439 2850 obtuleris.

1961 2885 2052 2940 55.
2089 2886 2169 2940 Ad
2205 2886 2282 2941 rei
2312 2902 2442 2941 vero
2477 2888 2643 2943 totius
2688 2887 2920 2958 publica:
2949 2889 3479 2946 administrationem

1894 2991 2018 3032 cum
2055 2977 2328 3048 intelligas
2358 2979 2655 3049 plurimum
2684 2979 2939 3035 conferre
2968 2981 3170 3035 mentis
3192 2982 3482 3038 valentiam

1893 3078 1951 3125 et
1981 3070 2176 3141 agilem
2211 3071 2613 3136 dexteritatem,
2645 3073 2755 3127 noli
2786 3087 2972 3127 curam
3020 3074 3162 3129 hanc
3195 3075 3348 3130 obire
3382 3091 3483 3130 ne-

1897 3163 2209 3234 gligentius.
2248 3165 2318 3218 Et
2370 3175 2517 3219 certe
2566 3167 2911 3235 prudentiam
2946 3167 3000 3221 in
3045 3168 3328 3239 procinctu
3371 3184 3483 3222 non

1899 3252 2121 3309 habebit
2158 3254 2249 3309 ille
2286 3254 2379 3324 qui
2411 3270 2522 3308 non
2562 3263 2646 3309 est
2684 3271 2715 3310 a
2746 3265 2940 3310 natura
2972 3257 3039 3311 ad
3078 3258 3223 3311 illam
3268 3273 3486 3327 compa-

1898 3354 2071 3400 ratus.
2108 3345 2384 3400 Meditatio
2413 3346 2623 3412 sedula,
2652 3346 3097 3417 experientiaque
3128 3363 3331 3413 rerum,
3363 3365 3485 3419 qua:

1899 3437 2263 3509 cognitionem
2296 3438 2362 3493 ad
2380 3453 2600 3493 manum
2631 3439 2999 3509 suppeditant,
3025 3455 3132 3494 non
3166 3456 3290 3495 raro
3306 3441 3484 3495 virum

1900 3547 2005 3586 usu
2036 3530 2393 3585 exercitatum
2427 3529 2635 3585 faciunt
2667 3531 2838 3586 multo
2873 3533 3087 3586 acutius
3114 3533 3168 3585 in
3203 3532 3488 3601 procinctu

1901 3626 2086 3681 videre
2111 3641 2272 3696 quam
2308 3626 2445 3680 alios
2466 3626 2667 3696 quibus
2686 3641 2716 3680 a
2746 3636 2939 3682 natura
2960 3627 3075 3681 haec
3102 3626 3329 3682 facultas
3352 3643 3488 3681 con-

1903 3735 2057 3775 cessa
2115 3728 2222 3775 est.
2269 3717 2534 3785 Quocirca
2591 3717 2985 3787 providentiam
3027 3718 3185 3773 decet
3234 3732 3489 3772 exercere

1903 3827 2003 3882 per
2041 3819 2214 3864 totum
2235 3808 2401 3863 totius
2428 3808 2551 3863 vitae
2571 3822 2816 3862 cursum.
2838 3807 3151 3876 Acquiritur
3183 3806 3271 3859 illa
3305 3815 3488 3860 autem

1907 3903 2038 3958 dum
2087 3901 2380 3956 recolitnus
2407 3908 2463 3954 et
2494 3899 2825 3953 meditamur
2847 3915 2933 3953 res
2959 3900 3086 3953 olim
3112 3910 3307 3970 gestas,
3357 3899 3489 3953 dum

1907 4006 2262 4062 congressum
2318 3989 2639 4043 aﬁectamur
2691 3998 2746 4043 et
2814 3988 3132 4043 familiarem
3184 4004 3492 4045 sermonem

1906 4084 2260 4155 prudentium
2282 4083 2336 4135 in
2364 4082 2473 4136 vita
2504 4081 2907 4144 exsistentium.
2940 4082 3070 4137 dum
3102 4099 3281 4138 rerum
3315 4081 3494 4152 quoti-

1909 4177 2128 4232 dianam
2151 4175 2544 4246 experientiam
2576 4174 2902 4246 colligimus.
2937 4175 3093 4230 Actio
3130 4177 3275 4230 enim
3306 4176 3494 4246 acqui-

1912 4270 1984 4324 rit
2003 4268 2147 4331 vires
2176 4283 2274 4337 per
2303 4267 2684 4328 imitationem,
2709 4268 2996 4322 consilium
3019 4278 3075 4322 et
3099 4270 3490 4339 operationem,

1912 4369 2076 4430 atque
2131 4360 2205 4413 ita
2234 4358 2421 4414 divino
2458 4374 2567 4413 non
2608 4358 2933 4413 adversante
2976 4359 3178 4414 auxilio
3218 4359 3275 4413 in
3331 4360 3495 4416 ﬁnem

1913 4451 2262 4507 commodum
2287 4449 2568 4505 conducit.

296 4536 397 4591 λό’.
427 4536 581 4608 Μηδὲ
610 4536 722 4589 τῶν
753 4536 884 4607 περὶ
905 4536 966 4588 τὸ
991 4534 1152 4606 σῶμα
1181 4535 1239 4589 δὲ
1270 4534 1427 4605 ἡμῶν
1449 4537 1543 4589 καὶ
1593 4540 1799 4607 σχημά-

1983 4546 2075 4601 54.
2116 4543 2400 4608 Habitum,
2434 4544 2684 4616 ﬁguram,
2718 4554 2929 4600 motum
2962 4544 3208 4616 corporis
3234 4544 3346 4599 noli
3372 4552 3495 4598 tan-

225 4645 337 4683 των
368 4629 464 4681 καὶ
492 4628 786 4698 κινήσεων,
814 4626 891 4688 ὡς
930 4625 1188 4688 εὐτελῶν,
1242 4626 1511 4697 ὑπερόρα.
1562 4626 1671 4678 Καὶ
1694 4627 1804 4697 γὰρ

228 4724 327 4776 καὶ
354 4723 389 4792 ή
422 4724 481 4775 ὲν
513 4720 700 4783 αὐτοῖς
745 4718 943 4790 ἀρίστη
996 4718 1148 4784 τάξις
1209 4718 1305 4771 καὶ
1340 4719 1675 4781 κατάστασις
1712 4720 1813 4771 οὐκ

231 4815 521 4884 ἐλάχιστον
566 4812 732 4883 μέρος
770 4813 1087 4884 φρονήσεως
1122 4809 1299 4877 ἔδοξεν
1353 4805 1494 4863 εἶναι
1522 4826 1535 4838 ·
1570 4812 1666 4863 καὶ
1704 4811 1813 4867 τῶν

230 4909 563 4980 ἀνθρώπων,
604 4909 723 4961 ὅσοι
763 4907 838 4979 μὴ
890 4906 1121 4962 συνιδεῖν
1174 4909 1313 4962 είσιν
1356 4910 1421 4960 ὲκ
1467 4906 1564 4959 τοῦ
1615 4908 1813 4978 ῥᾴστου

230 5002 401 5056 δεινώ⁵
429 5000 527 5071 τὴν
568 5002 627 5053 ὲν
675 5002 742 5071 τῇ
769 5001 915 5071 ψυχῇ
936 5000 1169 5071 δύναμιν
1185 5000 1281 5053 καὶ
1308 4999 1370 5052 rb
1400 4999 1619 5063 κάλλος,
1665 4993 1814 5052 οὗτοι

232 5097 349 5157 τοῖς
396 5093 596 5158 ἔξωθεν
647 5093 890 5163 θεάμασι
931 5092 1337 5162 ξεναγούμενοι,
1387 5093 1482 5145 καὶ
1520 5093 1629 5145 τῶν
1692 5093 1820 5162 ἀδή-

231 5186 346 5239 λων
371 5189 600 5257 ὲρασταὶ
625 5187 721 5241 καὶ
757 5187 1042 5239 ἐπαινέται
1096 5185 1477 5241 καθίστανται.
1521 5186 1621 5240 Διά
1656 5187 1818 5240 τοῦτο

234 5279 317 5333 δεῖ
347 5280 444 5333 καὶ
481 5279 779 5350 προσώπου
802 5278 1062 5343 διαθέσει,
1088 5280 1184 5332 καὶ⁵
1212 5278 1392 5349 κόμης
1442 5280 1697 5349 ἀσκήσει,
1724 5279 1819 5333 καὶ

238 5371 503 5442 περιϐολῇ
540 5371 765 5440 ἐσθῆτος
793 5370 1021 5440 κόσμιον
1048 5370 1277 5441 ὁρᾶσθαι
1302 5372 1397 5423 καὶ
1428 5370 1648 5441 σεμνὸν,
1676 5373 1815 5442 μήτε

238 5467 321 5529 είς
359 5465 421 5518 rb
450 5464 726 5534 βλακὼδες
770 5465 867 5517 καὶ
899 5464 1192 5535 περίεργον
1231 5463 1620 5534 ἐκφερόμενον,
1678 5467 1816 5534 μήτε

240 5556 407 5612 πάλιν
443 5559 588 5629 πέρα
615 5556 710 5610 τοῦ
754 5556 976 5628 μετρίου
1017 5557 1153 5627 πρὸς
1194 5555 1255 5608 rb
1284 5556 1640 5625 ἠμελημένον
1678 5555 1819 5607 καθ-

242 5652 561 5721 ελκόμενον.
639 5650 931 5722 Ἑκάτερον
979 5648 1087 5717 γὰρ
1136 5648 1381 5718 ἀπρεπὲς
1433 5652 1529 5701 καὶ
1579 5649 1819 5701 εὐκατα-

244 5746 535 5814 φρόνητον,
596 5745 687 5796 καὶ
748 5742 983 5815 ἀρχικῆς
1038 5740 1317 5805 πολιτείας
1365 5740 1665 5812 ἀλλότριον.
1707 5742 1820 5795 Καὶ

251 5836 585 5908 βαδίσματος
633 5836 691 5888 δὲ
748 5836 945 5908 πρέπει
1008 5832 1087 5905 τῷ
1122 5833 1344 5905 ἄρχοντι
1373 5832 1621 5900 εὐταξία,
1673 5832 1813 5904 μήτε

1914 4652 2078 4707 quam
2126 4635 2252 4690 vilia
2281 4643 2653 4691 contemnere.
2700 4634 2849 4690 Ordo
2880 4634 3025 4690 enim
3072 4637 3125 4689 in
3158 4635 3261 4689 illis
3293 4634 3384 4703 qui
3414 4644 3498 4689 est

1914 4728 2154 4799 optimus
2207 4728 2558 4793 observatus,
2598 4736 2654 4781 et
2704 4725 2989 4797 dispositio
3046 4725 3344 4794 praeclara,
3388 4740 3494 4778 non

1916 4819 2141 4875 minima
2179 4817 2395 4873 videtur
2446 4834 2569 4873 esse
2609 4818 2915 4889 prudentia:
2948 4816 3146 4886 portio.
3191 4814 3267 4867 Illi
3313 4824 3497 4869 autem

1918 4912 2116 4983 quibus
2140 4926 2251 4967 non
2283 4919 2367 4967 est
2394 4911 2632 4983 positum
2662 4912 2717 4965 in
2741 4910 2969 4981 proclivi
2994 4910 3125 4976 vim,
3161 4909 3496 4973 facultatem,

1918 4999 2385 5073 pulchritudinem
2422 5001 2480 5054 in
2510 5001 2695 5055 animo
2720 5000 3131 5055 delitescentem
3175 5000 3395 5065 intueri,
3423 5001 3502 5055 fa-

1920 5093 2021 5149 cile
2066 5092 2343 5147 ducuntur
2380 5090 2619 5147 externis
2646 5088 2992 5159 spectaculis,
3016 5097 3071 5142 et
3092 5104 3274 5144 rerum
3329 5090 3504 5145 oculis

1919 5201 2031 5241 non
2064 5185 2439 5255 subiectarum
2469 5183 2667 5239 exinde
2693 5191 2965 5237 amatores
2990 5182 3264 5238 exsistunt
3284 5190 3340 5238 et
3365 5198 3503 5253 pra:-

1921 5296 2107 5336 cones.
2149 5279 2278 5334 ideo
2296 5279 2453 5333 decet
2489 5277 2642 5331 vultu
2670 5278 2810 5331 bene
2840 5275 3129 5345 disposito,
3161 5291 3315 5331 coma
3341 5291 3508 5330 exor-

1919 5381 2071 5437 nata,
2102 5372 2308 5425 vestitu
2354 5377 2409 5423 et
2433 5367 2634 5421 amictu
2670 5366 2990 5437 gravitatem
3026 5383 3135 5438 pne
3180 5383 3238 5422 se
3270 5366 3413 5422 ferre
3446 5378 3503 5422 et

1922 5462 2205 5517 decorem:
2230 5474 2338 5515 non
2357 5459 2425 5514 ad
2442 5458 2723 5513 mollitiem
2742 5460 2827 5514 vel
2853 5460 3227 5515 curiositatem
3248 5460 3493 5523 deviare,

1924 5569 2027 5609 nec
2056 5554 2197 5607 ultra
2221 5567 2385 5623 quam
2414 5567 2513 5620 par
2543 5559 2627 5605 est
2644 5551 2711 5606 ad
2744 5551 3048 5623 neglectum
3070 5552 3371 5607 transferri.
3392 5552 3507 5604 De-

1923 5648 2079 5703 decet
2108 5645 2253 5700 enim
2294 5652 2584 5714 utrumque
2627 5652 2682 5699 et
2718 5653 3093 5714 contemptum
3123 5644 3284 5713 parit,
3316 5651 3372 5696 et
3408 5641 3511 5696 ab-

1925 5740 2162 5795 horret:
2188 5737 2451 5808 principis
2475 5738 2575 5792 viri
2605 5738 2815 5793 ratione
2844 5747 2896 5793 et
2920 5747 3086 5793 statu.
3114 5736 3221 5791 Sed
3251 5745 3307 5790 et
3343 5734 3505 5805 prin-

1926 5832 2105 5904 cipem
2149 5830 2308 5887 decet
2359 5829 2603 5887 incessus
2637 5831 2777 5888 bene
2817 5830 3197 5901 compositus:
3235 5842 3363 5884 nam
3401 5843 3509 5883 nec
