4052 6426
607 363 715 426 667

612 475 819 530 moveri
871 473 1035 531 debet
1062 473 1326 531 dissoluto
1368 484 1423 530 et
1471 473 1721 529 muliebri
1752 484 1923 539 motu,

617 584 807 622 rursus
857 568 1150 622 novitatem
1188 566 1440 621 affectare
1464 581 1558 635 per
1592 566 1916 631 confertum,
1970 576 2181 636 pertur-

616 661 823 724 batum,
851 660 1119 729 disparem
1156 659 1485 729 ingressum,
1517 658 1691 710 oumis
1726 667 1905 710 autem
1937 658 2180 727 corporis

615 752 780 806 motio
810 752 999 805 ordine
1028 751 1250 805 omnino
1271 750 1604 818 disponatur.

683 843 773 897 55.
814 842 1064 897 Cavenda
1098 851 1178 895 est
1218 841 1343 894 etin
1374 856 1623 894 sermone
1662 840 1935 895 velocitas.
1968 840 2065 894 Est
2087 855 2182 894 au-

614 943 723 988 tem
775 934 861 986 illa
906 932 1132 986 forsitan
1189 931 1416 999 alicujus
1474 945 1605 983 usus
1649 930 1704 983 in
1743 929 2093 983 contentiosis
2128 939 2183 983 et

604 1024 846 1079 eristicis
863 1023 1265 1093 congressibus,
1308 1038 1411 1075 nec
1469 1023 1645 1074 virum
1684 1022 1909 1075 dedecet
1952 1036 2181 1090 genero-

604 1132 764 1169 sum:
797 1115 889 1168 scd
920 1115 1084 1169 stulta
1111 1124 1195 1168 est
1229 1125 1283 1169 et
1308 1114 1628 1183 periculosa,
1660 1114 1900 1168 adhibita
1948 1113 1990 1167 si
2020 1113 2089 1167 sit
2126 1112 2180 1166 in

601 1208 890 1276 colloquiis
939 1206 1290 1260 familiaribus
1317 1225 1332 1262 ;
1362 1207 1413 1259 in
1447 1206 1716 1261 mandatis
1753 1206 1970 1269 dandis,
2001 1205 2182 1274 politi-

606 1300 689 1353 cis
728 1299 1030 1369 praesertim
1064 1309 1119 1352 et
1145 1315 1258 1352 rem
1295 1299 1665 1368 spectantibus
1686 1314 2051 1363 communem,
2076 1298 2178 1351 liu-

608 1391 751 1445 milis
778 1401 863 1444 est
892 1400 947 1444 et
982 1391 1186 1444 nullius
1221 1391 1401 1460 pretii.
1435 1391 1764 1445 Exaccurate
1798 1390 1998 1450 dicere,
2038 1390 2181 1444 cele-

606 1480 739 1536 riter
767 1482 1035 1550 perlicere
1068 1482 1302 1543 actibus,
1331 1482 1692 1545 sermonibus,
1742 1480 1996 1544 motibus,
2054 1494 2178 1534 cum

603 1571 803 1626 decore
854 1571 1080 1635 versari,
1130 1570 1326 1625 divina:
1374 1571 1535 1625 sortis
1592 1571 1741 1625 illum
1783 1586 1902 1626 esse
1933 1579 1988 1625 et
2042 1571 2179 1625 ultra

605 1678 950 1718 communem
983 1665 1162 1734 arguit
1210 1663 1298 1732 qui
1343 1663 1415 1717 ita
1459 1674 1800 1733 comparatus
1844 1673 1945 1718 est.
1978 1665 2179 1718 Verum

607 1770 733 1809 raro
784 1754 1076 1809 admodum
1111 1765 1165 1809 et
1193 1755 1476 1809 difficulter
1504 1755 1845 1826 contingitut
1870 1755 2029 1809 simul
2059 1770 2178 1807 om-

1736 362 1998 425 ΡΗΟΤΙΙ
2036 364 2538 427 PATRIARCHIE
2574 369 2681 433 ΕΡ.

3742 370 3843 433 668

2004 491 2181 545 neque
2207 483 2255 537 Α
2281 478 2360 540 είς
2388 478 2450 531 τὸ
2503 477 2851 549 θηλυπρεπὲς
2907 478 2997 532 καὶ
3054 478 3273 532 ἔκλυτον
3322 476 3722 549 ἀσχημονοῦντι
3751 480 3844 548 τὴν

2285 568 2517 639 κίνησιν,
2559 571 2697 640 μήτε
2730 568 2835 640 μὴν
2862 570 2943 633 είς
2993 568 3054 621 τὸ
3092 568 3289 639 ἀθρόον
3328 570 3423 621 καὶ
3443 569 3846 638 τεταραγμένον

2283 661 2377 711 καὶ
2418 660 2699 730 ἀνώμαλον
2748 660 2950 731 ταύτην
3015 660 3497 731 ὲκνεωτερίζοντιο
3552 659 3646 711 καὶ
3685 659 3842 721 ὅλως,

2281 752 2431 804 πᾶσα
2453 751 2664 821 κίνησις
2695 750 2843 816 τάξει
2875 752 3208 820 κοσμείσθω.

2352 842 2444 895 λε’.
2490 846 2581 896 Δεῖ
2609 843 2666 896 δὲ
2708 843 2890 897 καὶτὸ
2948 845 3008 896 ὲν
3046 842 3227 911 λόγοις
3253 841 3419 912 τάχος
3476 840 3841 894 εὐλαϐεῖσθαι.

2281 936 2583 1005 Ταχυλογία
2611 937 2740 1008 γὰρ,
2764 938 2821 988 ὲν
2873 936 2970 1005 μὲν
3024 936 3409 1005 ἀγωνιστικαίς
3451 935 3723 1001 διαλέξεσι
3760 936 3843 986 καὶ

2282 1027 2555 1097 ἁμίλλαις,
2575 1028 2676 1080 οὑκ
2717 1027 3190 1098 εὐκαταφρόνητον
3222 1026 3374 1090 ἴσως,
3397 1026 3519 1078 οὐδὲ
3540 1027 3737 1093 ἀγενές
3755 1043 3766 1054 ·
3791 1027 3843 1077 ἐν

2280 1119 2589 1189 δημηγορίᾳ
2605 1120 2683 1186 δὲ,
2705 1119 2929 1189 ἀνόητον
2960 1120 3052 1174 καὶ⁹
3098 1118 3413 1187 ἐπισφαλές.
3445 1119 3599 1171 Ἐνδὲ
3620 1118 3843 1188 προστά-

2282 1227 2475 1279 γμασι,
2504 1212 2597 1264 καὶ
2615 1211 2851 1281 μάλιστα
2873 1214 2985 1274 τοῖς
3009 1211 3323 1276 πολιτικοῖς,
3344 1211 3436 1263 καὶ
3464 1212 3665 1271 κοινοῖς
3701 1210 3842 1261 εὐτε-

2281 1302 2371 1362 λὲς
2407 1302 2498 1354 καὶ
2529 1302 3219 1372 ταπεινόν.⁹Εντελέστερον
3244 1302 3499 1365 δἐἰπεῖν,
3528 1301 3773 1372 ταχύτης
3793 1302 3841 1352 ἐν

2282 1392 2477 1463 πράξει
2514 1393 2611 1446 καὶ
2646 1392 2821 1460 λόγοις
2855 1394 2948 1445 καὶ
2983 1392 3267 1464 κινήμασι,
3303 1393 3401 1445 σὺν
3433 1390 3683 1461 εὐταξίᾳ,
3711 1391 3841 1442 θεῖον

2282 1485 2385 1554 μέν
2411 1502 2532 1537 τινα
2569 1485 2663 1537 καὶ
2702 1484 2955 1554 ὑπερφυῆ
2990 1486 3279 1553 ἀποφαίνει
3327 1483 3418 1537 τὸν
3447 1485 3667 1553 ἔχοντα.
3700 1484 3837 1535 Σπά-

2280 1591 2391 1627 νιον
2416 1574 2492 1639 δὲ,
2524 1577 2616 1627 καὶ
2640 1573 2907 1626 συνελθεῖν
2934 1575 3048 1645 ἆμα
3100 1575 3280 1627 πάντα
3336 1574 3746 1645 χαλεπώτατον.
3776 1574 3841 1625 Τὸ

2280 1666 2338 1719 δὲ
2373 1668 2430 1718 ὲν
2459 1665 2667 1729 τούτοις
2692 1666 3006 1736 σύμμετρον
3031 1667 3126 1719 σὺν
3150 1666 3393 1737 εὐταξία,
3429 1665 3632 1734 σεμνόν
3655 1681 3715 1716 τε
3755 1667 3838 1716 καὶ

2281 1758 2627 1826 ἁξιάγαστον,
2682 1759 2771 1810 καὶ
2826 1759 3021 1826 μεστὸν
3051 1758 3217 1825 ὄγκου
3268 1760 3362 1811 καὶ
3422 1759 3519 1810 σὺν
3567 1756 3835 1825 εὐλαϐείᾳ,

604 1848 695 1901 nia
734 1847 788 1900 iu
822 1863 988 1900 unum
1028 1848 1342 1917 conspirent
1372 1866 1387 1903 :
1420 1847 1717 1901 moderatio
1770 1858 1978 1913 ornata,
2005 1848 2179 1917 gravi-

2281 1850 2529 1904 ποθεινὸν
2567 1852 2797 1921 ὁρᾶσθαι
2825 1850 3254 1922 παρασκευάζει,
3295 1852 3389 1904 καὶ
3442 1852 3637 1921 ἄρχειν
3662 1850 3836 1917 ἐπιτη-

605 1946 689 1993 tas
742 1939 858 1992 visu
911 1938 1092 2010 digna,
1124 1955 1246 1993 cum
1278 1940 1515 2010 pondere
1543 1940 1773 2009 quodam
1819 1953 1873 1994 et
1926 1940 2176 1995 cautione

605 2030 917 2100 conjuncta,
947 2046 1010 2084 ea
1048 2032 1420 2100 possidentem
1461 2034 1810 2103 conspicuum
1837 2048 1958 2087 cum
1980 2034 2189 2103 jucun-g

606 2122 777 2175 ditate
803 2121 1060 2191 quadam,
1104 2131 1158 2176 et
1184 2133 1431 2177 ornatum
1454 2124 1629 2177 reddit
1662 2125 1727 2178 ad
1778 2124 2172 2194 imperandum,

604 2222 681 2277 et,
716 2214 761 2268 si
790 2215 915 2284 quid
952 2215 1142 2286 vulgus
1180 2215 1321 2285 quod
1353 2217 1615 2285 optimum
1649 2226 1901 2271 censetur
1925 2218 2176 2272 adamare

604 2316 785 2375 queat,
810 2306 1093 2375 placitum.
1126 2306 1443 2361 Volubilitas
1478 2323 1608 2362 vero
1654 2308 1770 2361 sine
1808 2308 1914 2360 ulla
1945 2308 2175 2377 disposi-

606 2397 749 2451 tione
780 2398 862 2450 vel
881 2398 1069 2452 ordine
1099 2398 1365 2453 furiosum
1390 2398 1646 2468 quiddam
1674 2406 1728 2453 et
1758 2398 2005 2451 insanum
2029 2398 2178 2451 vide-

607 2497 695 2544 tur
724 2507 737 2543 :
767 2490 964 2559 saepius
993 2491 1211 2545 aberrat
1239 2507 1269 2545 a
1300 2499 1467 2555 recto,
1486 2490 1694 2545 etiamsi
1712 2490 1995 2559 aliquando
2015 2490 2175 2558 prod-

601 2596 722 2635 esse
783 2582 985 2652 poterit
1014 2583 1387 2637 vehementer.
1420 2582 1668 2636 Tarditas
1696 2597 1815 2635 cum
1840 2580 2177 2645 confusione,

605 2674 831 2729 stultum
856 2674 1009 2744 quid,
1038 2674 1254 2729 imbelle
1283 2692 1296 2727 :
1333 2674 1584 2728 aberrare
1604 2672 1815 2726 videtur
1843 2672 2177 2740 plerumque~

2282 1942 2573 2013 δειότερον,
2600 1945 2761 2016 εἴπερ
2803 1946 2897 1997 καὶ
2940 1946 2999 1997 ἐν
3045 1947 3157 2007 τοῖς
3190 1945 3431 2015 ἀρίστοις
3483 1944 3605 1997 ἐστι
3665 1960 3717 1995 τι
3772 1942 3836 2011 τῷ

2282 2036 2477 2105 πλήθει
2503 2036 2934 2107 ἐρασμιώτερον.
2969 2034 3219 2106 Ταχύτης
3251 2035 3306 2087 δὲ
3353 2037 3451 2087 σὺν
3503 2034 3726 2105 ἀταξία,
3756 2035 3839 2101 ἔμ-

2282 2125 2524 2196 πληκτον
2591 2127 2684 2178 καὶ
2748 2126 2998 2195 μανικὸν,
3065 2126 3159 2178 καὶ
3212 2124 3619 2195 παραδιορθούν
3687 2122 3836 2175 ἐνίοτε

2285 2219 2516 2289 μεγάλα,
2567 2219 2663 2272 καὶ
2712 2218 2945 2287 σφάλλον
2987 2217 3061 2281 ὡς
3131 2216 3201 2270 τὰ
3252 2216 3422 2269 πολλά
3465 2214 3834 2285 παραπλήσια.

2292 2311 2437 2363 Ἡδὲ
2486 2311 2583 2363 σὺν
2634 2310 2831 2379 ἀταξίᾳ
2886 2309 3175 2379 βραδύτης,
3218 2308 3423 2377 νωθρὸν
3478 2309 3578 2359 καὶ
3618 2305 3829 2375 ἠλίθιον,

2279 2401 2375 2453 καὶ⁵
2434 2398 2666 2466 σφάλλον
2727 2399 2825 2467 μὲν
2876 2399 3043 2449 ἐνίοτε
3095 2397 3187 2450 καὶ
3260 2396 3493 2467 μεγάλα,
3554 2393 3836 2465 κατορθοῦν

2280 2491 2335 2543 δὲ
2398 2490 2679 2560 ἐλάχιστα.
2745 2490 2840 2543 καὶ
2885 2489 3058 2542 ταῦτα
3104 2489 3225 2542 λίαν
3265 2488 3525 2553 ταπεινὰ,
3579 2486 3681 2540 καὶ
3713 2483 3833 2553 πρὸς

2280 2580 2378 2641 τὰς
2413 2578 2605 2642 λοιπὰς
2638 2579 2848 2632 ἐκείνου
2877 2579 3101 2650 πράξεις
3132 2579 3293 2649 μόνον
3321 2578 3835 2648 παραμετροῦμενα,

2284 2672 2705 2742 κατορθώματα.

601 2776 657 2820 et
685 2768 903 2837 quidem
950 2768 1004 2821 in
1036 2768 1266 2837 magnis,
1301 2767 1427 2821 licet
1457 2766 1730 2820 interdum
1765 2764 1963 2833 aliquid
2024 2765 2269 2834 perficiat
2326 2766 2456 2820 boni
2487 2784 2501 2819 :
2534 2767 2629 2822 sed
2679 2767 2809 2821 illud
2874 2776 3039 2822 tenue
3095 2776 3150 2822 et
3212 2766 3415 2820 nullius
3463 2766 3649 2836 pretii,
3683 2766 3833 2837 quod-

601 2874 707 2929 que
733 2875 840 2913 non
867 2860 1025 2914 aliter
1080 2859 1345 2914 habeatur
1372 2858 1596 2920 bonum.
1644 2875 1803 2928 quam
1827 2859 2079 2914 collatum
2108 2859 2173 2913 ad
2195 2869 2419 2915 cmteras
2450 2860 2569 2929 ejus
2604 2861 2864 2917 actiones.

672 2952 762 3007 56.
800 2952 931 3006 Risu
983 2952 1283 3021 disrumpi,
1334 2968 1457 3005 cum
1504 2952 1845 3006 deformitate
1898 2952 2080 3007 vultus
2126 2958 2249 3014 etC

602 3058 817 3097 morum
852 3041 1139 3106 dedecore,
1186 3040 1548 3095 constantiam
1593 3049 1647 3094 et
1685 3042 2003 3111 gravitatem
2047 3058 2179 3098 con-

607 3134 825 3189 tumelia
855 3132 1040 3191 allicit.

674 3227 765 3280 57.
809 3224 1068 3280 lmmunis
1093 3224 1163 3281 sit
1192 3240 1313 3280 cum
1342 3225 1565 3280 auditus
1604 3235 1716 3279 tum
1747 3226 1907 3281 etiam
1942 3226 2119 3298 lingua
2150 3243 2180 3282 a

604 3317 956 3388 turpiloquio.
987 3318 1335 3387 Qutecunque
1368 3333 1491 3372 cum
1522 3318 1802 3388 voluptate
1837 3319 1958 3389 quis
1995 3320 2180 3375 audire

602 3410 783 3483 gestit,
833 3411 923 3465 illa
956 3411 1143 3466 eadem
1188 3410 1338 3465 effari
1384 3425 1494 3463 non
1540 3410 1782 3479 pudefit:
1828 3420 1884 3465 et
1913 3428 2032 3481 quae
2060 3413 2182 3482 quis

602 3503 783 3556 dicere
811 3517 919 3555 non
974 3500 1268 3564 erubescit,
1298 3508 1446 3554 certe
1499 3514 1602 3554 nec
1657 3500 1943 3555 erubescet
1980 3517 2181 3570 perpe-

604 3605 770 3661 trare,
797 3596 955 3663 cujus
984 3594 1060 3649 rei
1089 3596 1162 3649 ita
1185 3592 1353 3649 edidit
1374 3592 1916 3647 demonstrationem.
1948 3593 2183 3648 Omnino

601 3702 794 3741 caveas
814 3703 883 3741 ne
918 3687 1099 3757 lingua
1147 3684 1471 3754 prolabaris,
1515 3699 1660 3753 sazpe
1689 3683 1833 3738 enim
1862 3684 1944 3737 vel
1968 3683 2181 3739 levissi-

600 3795 691 3835 mo
743 3793 996 3833 sermone
1037 3778 1210 3847 lapsa,
1238 3777 1428 3847 ingens
1456 3776 1640 3829 intulit
1672 3775 2077 3838 detrimentum,
2130 3784 2184 3829 et

603 3880 755 3924 certo
781 3870 848 3924 de
874 3870 1054 3938 capite
1081 3868 1385 3938 periclitata
1416 3876 1517 3929 est,
1548 3865 1785 3934 jeeitque
1817 3866 2008 3919 aleam.

671 3963 760 4017 58.
804 3961 981 4015 Aures
1024 3960 1206 4029 praabe
1240 3958 1454 4028 patulas
1480 3956 1673 4024 injuria
1702 3956 1930 4021 allectis,
1976 3957 2185 4013 clausas

601 4064 792 4108 contra
822 4054 887 4107 ad
916 4052 1264 4107 aﬂicientium
1289 4048 1486 4119 injuria
1511 4046 1778 4101 lenocinia
1801 4055 1856 4099 ct
1879 4049 2182 4116 probabiles

600 4146 967 4202 inductiones.

671 4238 761 4293 39.
792 4237 957 4292 Labia
986 4237 1322 4293 accusatoria
1360 4246 1415 4291 et
1440 4238 1821 4309 sycophantica
1849 4252 2173 4307 aspernere:

600 4347 729 4387 nam
755 4346 868 4385 non
900 4346 1024 4385 raro
1052 4341 1107 4386 et
1133 4330 1332 4385 liberos
1382 4330 1562 4386 furere
1604 4332 1658 4385 in
1690 4341 1961 4401 parentes,
1996 4340 2050 4385 et
2079 4347 2175 4401 pa-

602 4432 791 4478 rentes
842 4422 898 4475 in
934 4422 1155 4485 liberos,
1206 4422 1522 4492 adegerunt,
1572 4423 1693 4477 vita:
1719 4424 1929 4478 vincula
1961 4434 2176 4478 etcon-

2351 2953 2459 3018 λς’.
2505 2954 2579 3006 Τὸ
2625 2954 2759 3024 πρὸς
2804 2955 3044 3022 γέλωτας
3084 2953 3537 3023 διαθρύπτεσθαι,
3563 2951 3705 3020 μετά
3755 2950 3836 3002 τοῦ

2278 3043 2609 3113 ἀσχημονεῖν
2654 3045 2753 3115 τὴν
2788 3046 3023 3115 μορφὴν,
3050 3047 3146 3099 καὶ
3187 3045 3280 3099 τοῦ
3329 3045 3495 3117 ἤθους
3556 3044 3705 3096 ἐστὶν
3757 3042 3834 3108 ἐξα

2281 3134 2519 3205 υϐρίζειν
2548 3135 2646 3205 τὴν
2671 3136 3011 3189 εὐστάθειαν.

2348 3226 2445 3291 λζ’.
2472 3224 3031 3299 Αίσχρορρημοσύνης
3076 3228 3134 3281 δὲ
3172 3228 3357 3297 πάσης
3414 3227 3510 3279 καὶ
3569 3226 3710 3293 ἀκοὴ
3754 3224 3836 3276 καὶ

2280 3316 2502 3385 γλῶσσα
2525 3318 2900 3389 καθαρευέτω.
2940 3322 3007 3373 Ἃ
3044 3320 3144 3387 μὲν
3191 3319 3301 3391 γάρ
3347 3336 3433 3381 τις
3485 3318 3704 3371 ἀκούων
3733 3316 3839 3385 ἧδεο

2282 3426 2393 3473 ται,
2426 3408 2599 3462 ταῦτα
2619 3411 2712 3464 καὶ
2735 3411 2915 3478 λέγειν
2940 3414 3041 3465 οὑκ
3069 3412 3407 3481 αἰσχύνεται,
3440 3411 3527 3463 ὅτι
3557 3412 3653 3463 καὶ
3682 3410 3839 3479 πράτο

2281 3516 2394 3553 τειν
2419 3499 2518 3552 οὐκ
2545 3500 2991 3573 αἰσχυνθήσεται,
3029 3503 3273 3572 μεγάλην
3309 3501 3584 3571 παρέσχεν
3628 3499 3837 3553 ἀπόδει-

2283 3591 2384 3657 ξιν.
2420 3592 2496 3645 Δι’
2530 3592 2653 3645 ὅλου
2697 3592 2772 3653 δὲ,
2821 3592 3071 3661 γλώσσης
3114 3594 3389 3662 φυλάσσου
3423 3590 3836 3663 παρολισθῆσαι.

2298 3686 2528 3757 Ῥήματι
2604 3687 2713 3758 γὰρ
2757 3686 3079 3759 βραχυτάτῳ
3136 3688 3397 3750 πολλάκις
3452 3686 3835 3753 ὐποσφαλείσα,

2286 3779 2526 3849 μεγάλην
2561 3780 2757 3849 ἤνεγκε
2796 3779 3016 3849 ζημίαν,
3068 3780 3262 3843 αὐτοὺς
3291 3779 3419 3842 τοὺς
3454 3777 3584 3847 περὶ
3621 3775 3713 3828 τοῦ
3753 3776 3838 3845 ζῇν

2282 3872 2544 3940 ἐσχάτους
2577 3873 2716 3942 ἀναρ
2727 3871 2931 3942 ῥίψασα
2967 3872 3185 3935 κύϐους.

2353 3960 2454 4031 λη’.
2488 3962 2616 4029 Ἔχε
2668 3963 2735 4013 τά
2794 3955 2907 4014 ὦτα
2965 3964 3075 4024 τοῖς
3113 3960 3211 4031 μὲν
3249 3958 3623 4029 ἀδικουμένοις
3688 3958 3840 4026 ἠνεῳ-

2288 4050 2485 4121 γμένα,
2512 4051 2649 4121 πρὸς
2697 4050 2754 4103 δὲ
2803 4051 2899 4114 τὰς
2929 4050 3034 4103 τῶν
3086 4050 3414 4103 ἀδικούντων
3438 4048 3730 4118 ἐπαγωγὰς
3759 4046 3839 4098 καὶ

2284 4142 2664 4209 πιθανολογίας
2694 4142 3185 4212 ἀποκεκλεισμένα.

2353 4232 2450 4287 λθ’.
2482 4233 2649 4303 Χείλη
2689 4234 2743 4285 δὲ
2786 4235 3072 4305 κατήγορα
3105 4273 3121 4297 ,
3174 4233 3269 4287 καὶ
3312 4232 3681 4301 συκοφαντίας
3726 4233 3842 4285 ἀπο-

2283 4325 2516 4395 στρέφου
2551 4342 2563 4356 ·
2597 4324 2856 4388 πολλάκις
2903 4327 3011 4396 γὰρ
3042 4325 3238 4389 παῖδας
3274 4326 3414 4378 κατά
3452 4325 3723 4397 πατέρων,
3760 4319 3842 4373 καὶ

2283 4418 2524 4487 πατέρας
2574 4415 2805 4487 ἐξέμηνε
2855 4418 2994 4469 κατὰ
3025 4416 3253 4479 παίδων,
3294 4415 3389 4469 καὶ
3420 4414 3535 4484 βίον
3559 4415 3737 4483 ἔσχισε
3760 4427 3840 4463 συ·-

602 4512 867 4567 nexioues
921 4511 1297 4581 disruperunt,
1323 4520 1377 4565 et
1406 4512 1455 4565 in
1490 4528 1548 4566 se
1573 4513 1801 4567 invicem
1856 4515 2179 4583 consangui-

2289 4510 2479 4577 ζυγίας
2536 4509 2630 4563 καὶ
2687 4512 2971 4576 συγγενεῖς
3023 4509 3364 4577 ἑπανέστησε
3401 4507 3524 4560 κατ’
3592 4506 3837 4573 ἀλλήλων.

602 4620 737 4659 neos
763 4604 1090 4659 excitarunt.
1135 4604 1274 4670 Quid
1324 4614 1504 4659 autem
1540 4605 1628 4659 illa
1679 4605 1887 4659 minora
1948 4621 2186 4660 comme-

605 4713 760 4752 moro
796 4698 820 4750 ?
850 4697 934 4751 vel
962 4698 1118 4751 unica
1151 4696 1503 4767 sycophanta:
1532 4712 1632 4750 vox
1652 4696 1966 4751 civitateset
1992 4697 2183 4751 domos

605 4791 847 4861 integras
881 4789 1150 4844 subvertit
1181 4804 1342 4857 saepe.

669 4880 759 4935 40.
802 4878 987 4935 Nesis
1042 4880 1097 4933 in
1157 4878 1398 4933 amicitia
1457 4879 1693 4933 incunda
1742 4880 1937 4942 velox;
1993 4878 2179 4932 initam

602 4987 739 5026 vero
767 4972 914 5025 omni
945 4972 1108 5027 modo
1140 4988 1284 5026 nexu
1316 4986 1575 5026 conserva
1604 4970 1982 5035 indissolubili,
2011 4981 2179 5024 totum

599 5066 653 5119 in
689 5074 741 5120 te
770 5065 999 5134 proximi
1022 5064 1276 5119 derivans
1303 5079 1465 5128 onus,
1498 5064 1601 5117 nisi
1631 5063 1768 5117 forte
1784 5078 1905 5117 cum
1926 5062 2167 5131 periculo

602 5167 707 5210 tum.
760 5156 953 5209 anima;
1001 5155 1279 5225 jungatur.
1320 5154 1630 5210 Certamina
1651 5163 1707 5208 et
1730 5153 2012 5208 discordiae
2040 5153 2180 5206 inter

600 5242 805 5296 amicos
834 5243 886 5295 in
914 5252 1287 5313 contemptum
1330 5244 1606 5297 adducunt
1646 5242 1960 5296 universum
1999 5242 2176 5295 homi-

604 5350 736 5388 num
763 5335 1103 5404 propositum
1132 5344 1188 5389 et
1236 5336 1654 5406 dispositionem
1688 5353 1700 5387 :
1726 5350 1826 5389 nec
1857 5335 2027 5402 culpa:
2056 5345 2177 5387 tan-

601 5438 717 5481 tum
749 5426 987 5491 obnoxii,
1015 5428 1111 5482 sed
1141 5438 1195 5482 et
1224 5430 1341 5482 sine
1372 5430 1531 5498 culpa
1558 5428 1650 5498 qui
1673 5436 1820 5493 sunt,
1849 5427 1903 5481 in
1928 5429 2172 5483 eamdem

601 5519 970 5589 suspicionem
1006 5520 1320 5573 trahuntur.
1363 5520 1577 5576 Illorum
1604 5520 1786 5574 fruere
1823 5520 2059 5573 amicitia
2081 5521 2171 5589 qui

600 5627 723 5667 cum
770 5611 890 5666 aliis
945 5611 1065 5665 sine
1114 5611 1240 5665 fuco
1294 5613 1558 5667 sinceram
1613 5628 1828 5680 semper
1879 5612 2170 5667 amicitiam

598 5704 972 5760 custodierunt
1000 5722 1015 5772 ;
1052 5705 1143 5776 qui
1182 5719 1285 5760 nec
1314 5706 1474 5758 oculo
1507 5704 1690 5758 invido
1716 5704 1897 5759 intuiti
1928 5704 2171 5758 suntflo-

593 5805 803 5870 ,rcntcs,
831 5814 932 5854 nec
971 5798 1177 5869 positos
1208 5798 1259 5852 in
1292 5796 1536 5853 adversis
1565 5796 1937 5867 neglexerunt.
1994 5796 2168 5852 Exsti-

2286 4598 2396 4649 Καὶ
2428 4597 2479 4649 τί
2511 4596 2688 4665 λέγως
2720 4598 2903 4661 πόλεις
2934 4599 3061 4663 ὂλας
3113 4599 3210 4653 καὶ
3243 4599 3419 4660 οἰκίας
3448 4596 3712 4666 ἀνέτρεψε
3756 4596 3839 4663 μία

2285 4689 2435 4759 φωνὴ
2467 4689 2825 4758 συκοφάντου.

2354 4878 2426 4947 μ’.
2453 4879 2545 4948 Μὴ
2567 4881 2736 4948 ταχὺς
2762 4877 2907 4951 ᾖσθα
2926 4878 3207 4947 ζευγνύειν
3230 4879 3310 4940 εἰς
3344 4876 3531 4947 φιλίαν
3549 4893 3563 4906 ·
3600 4874 3838 4940 συζεύξας

2279 4971 2357 5031 δὲ,
2389 4973 2551 5025 παντὶ
2586 4973 2771 5044 τρόπῳ
2802 4973 2895 5025 τὸν
2915 4971 3113 5039 δεσμὸν
3162 4971 3361 5024 ἄλυτον
3389 4971 3667 5039 συντήρει,
3715 4969 3839 5021 ἅπαν

2279 5062 2370 5115 τοῦ
2403 5064 2629 5134 πλησίον
2680 5066 2888 5133 ἀνέχων
2924 5064 2985 5115 τὸ
3022 5062 3205 5133 βάρος,
3260 5061 3400 5129 πλὴν
3455 5062 3504 5113 εἰ
3553 5062 3717 5130 μήπω
3753 5058 3839 5125 Qa-

2280 5154 2380 5223 χῆς
2435 5154 2679 5207 κίνδυνον
2714 5154 2947 5220 ὲπάγει’
3010 5154 3065 5205 ai.
3124 5152 3235 5221 γὰρ
3287 5152 3425 5222 πρὸς
3483 5154 3612 5213 τοὺς
3672 5148 3839 5217 φίλους

2278 5246 2589 5309 διαστάσεις
2610 5246 2710 5314 τὴν
2760 5246 2890 5313 ὃλην
2937 5244 3262 5313 προαίρεσιν
3319 5241 3714 5311 ὲκφαυλίζουσι
3749 5239 3839 5290 τῶν

2276 5340 2602 5409 ἀνθρώπων,
2633 5342 2727 5394 καὶ
2763 5341 2824 5394 οὑ
2844 5341 2933 5393 τὸν
2958 5340 3223 5392 ὑπαίτιον
3254 5339 3443 5408 μόνον,
3470 5337 3609 5391 ἀλλά
3648 5341 3732 5389 καὶ
3761 5338 3838 5385 τὸν

2280 5431 2520 5483 ἀναίτιον
2539 5433 2615 5493 είς
2636 5432 2733 5503 τὴν
2762 5430 2933 5500 αὑτὴν
2956 5430 3211 5483 ὑπόνοιαν
3238 5429 3628 5483 κατασπῶσιν.
3688 5422 3837 5478 Ἐκεί-

2277 5537 2390 5581 νοις
2419 5521 2475 5573 δὲ
2508 5522 2742 5592 κέχρησο
2775 5522 2951 5591 φίλοις
2985 5520 3034 5573 οἳ
3060 5521 3195 5591 πρὸς
3239 5520 3464 5589 ἑτέρους
3502 5518 3646 5572 κατά
3684 5518 3837 5570 πάντα

2274 5612 2465 5683 καιρὸν
2493 5612 2675 5665 ἄδολον
2699 5614 3021 5667 διεσώσαντο
3067 5611 3164 5683 τὴν
3214 5611 3418 5680 φιλίαν,
3475 5612 3568 5663 καὶ
3604 5610 3735 5678 μήτε
3760 5607 3837 5657 εὐο

2272 5704 2543 5775 πραγοῦσι
2558 5705 2852 5774 βασκανίας
2872 5706 3138 5758 ἐπέϐαλον
3157 5704 3459 5773 ὀφθαλμὸν,
3486 5704 3627 5773 μήτε
3644 5699 3828 5769 ἠμέληο

2276 5813 2374 5853 σαν
2393 5797 2872 5869 δυσπραγοῦντων.
2904 5798 3098 5854 Πολλοὶ
3122 5799 3231 5869 γὰρ
3254 5798 3442 5862 κακῶς
3467 5801 3569 5869 μὲν
3594 5798 3831 5867 πράττουο
