4052 6434
235 422 348 487 669

1430 397 1967 469 EPISTOLARUM
2009 396 2240 458 LIBER
2282 395 2332 456 Ι.

3393 383 3500 448 670

206 568 224 574 —
239 551 332 588 σιν
359 526 738 601 ἐπεκούρησάν
759 544 816 581 τε
840 525 934 580 καὶ
967 523 1311 595 συνήργησαν
1334 521 1444 582 τοῖς
1467 517 1664 586 φίλοις,
1693 514 1752 567 εὖ
1769 512 1824 565 δὲ

1943 525 2042 564 .ere
2093 510 2249 564 multi
2286 507 2376 580 qui
2423 506 2665 562 tulerunt
2711 517 2867 574 opem
2917 498 3128 555 amictis
3163 506 3220 553 et
3255 483 3499 552 auailiati

239 621 581 694 φερομένων,
605 618 737 690 όρᾷν
765 615 867 670 οὐκ
894 615 1130 686 ἡνεγκαν
1148 611 1248 682 τὴν
1271 608 1590 679 εὐημερίαν·
1612 606 1708 659 καὶ
1729 603 1822 666 οὓς

240 716 347 770 οὐκ
373 711 568 785 ἡλεγξε
586 709 777 780 καιρὸς
808 705 1170 777 συμπαθείας,
1193 701 1418 764 τούτους
1455 699 1709 771 ἐφώρασε
1759 696 1822 749 τὸ

243 808 422 869 πάθος
444 803 539 857 τοῦ
573 802 794 871 φθόνου.
823 798 952 852 Κτῶ
971 797 1149 850 τοίνυν
1185 794 1394 864 φίλους,
1422 792 1497 864 μὴ
1517 792 1645 853 τοὺς
1675 787 1822 858 φαύ-

245 900 400 962 λους,
437 896 573 951 ἀλλά
598 895 725 956 τοὺς
757 891 1035 963 ἀρίστους.
1071 889 1167 942 Ἐκ
1185 887 1294 958 γὰρ
1319 886 1430 942 τῶν
1473 883 1820 954 φιλουμένων

251 993 331 1054 ὡς
360 990 431 1042 τὰ
455 987 626 1042 πολλά
664 985 908 1056 κρίνεται
951 983 1023 1035 τά
1066 979 1172 1050 ἢθη
1193 979 1302 1032 τῶν
1340 976 1546 1047 φίλων·
1589 975 1686 1029 καὶ
1735 971 1824 1026 διὰ

255 1083 359 1152 μὲν
394 1081 503 1135 τῶν
554 1076 859 1132 σπουδαίων
905 1075 1100 1144 ῥᾷστον
1134 1073 1199 1126 ἀν
1247 1087 1354 1133 τις,
1402 1069 1497 1121 καὶ
1533 1081 1826 1134 παρασφα-

251 1174 372 1236 λεὶς
400 1171 444 1237 ί,
473 1169 807 1240 ὲπαναχθείη
827 1182 842 1199 ·
873 1168 924 1218 οί
949 1163 1142 1234 φαῦλοι
1173 1162 1230 1214 δὲ
1261 1161 1356 1214 καὶ
1392 1161 1491 1229 τὴν
1522 1156 1828 1228 προσοῦσαν

252 1266 612 1338 λυμαίνονται
639 1259 1076 1328 καλοκαγαθίαν·
1106 1257 1202 1310 καὶ
1231 1258 1280 1308 οἱ
1325 1254 1421 1324 μὲν
1476 1253 1572 1305 καὶ
1604 1251 1667 1304 τὸ
1707 1249 1825 1302 λεῖ-

258 1377 364 1412 πον
397 1361 478 1420 είς
503 1353 722 1427 ἀρετὴν,
744 1352 813 1406 δι’
845 1350 1052 1404 ἑαυτῶν
1072 1347 1514 1418 ὲπιτειχίζοντες,
1541 1339 1828 1403 ἀνελλιπὲς

259 1451 548 1522 φαίνεσθαι
578 1445 850 1500 ποιοῦσιν·
881 1445 915 1515 ἡ
946 1444 1004 1496 δὲ
1039 1442 1175 1513 πρὸς
1198 1442 1323 1503 τοὺς
1355 1437 1596 1507 φαύλους
1645 1437 1833 1504 ἐπιμιο

261 1547 372 1612 ξία,
401 1547 494 1600 καὶ
520 1545 654 1614 ὅπερ
713 1540 862 1594 ἐστὶν
895 1538 1188 1592 ὑπόλοιπον
1219 1536 1442 1606 ἀρετῆς,
1493 1532 1648 1587 νόθον
1700 1531 1834 1583 ἀπο·

263 1639 464 1708 φαίνει.
503 1638 595 1704 Μὴ
623 1636 776 1706 ζήτει
822 1635 879 1687 δὲ
911 1632 1062 1702 παρά
1102 1631 1273 1700 φίλων
1322 1626 1541 1682 ἀκούειν
1568 1625 1637 1678 τὰ
1674 1622 1831 1694 ἡδέα.

261 1733 402 1786 ἀλλά
447 1732 518 1784 τὰ
560 1729 738 1800 ἀληθῆ
771 1727 970 1798 μᾶλλον
997 1740 1010 1755 ·
1055 1725 1105 1780 εί
1142 1724 1253 1794 γὰρ
1301 1723 1514 1793 ἐχθροῖς
1564 1719 1684 1791 μὲν,
1722 1717 1833 1771 οὐδ’

261 1823 610 1894 ἀληθεύουσι,
642 1819 977 1882 πιστευτέον,
1005 1817 1182 1886 φίλοις
1217 1816 1274 1869 δὲ
1330 1813 1579 1884 διέφθορε
1636 1810 1704 1865 τά
1734 1810 1835 1878 τῆς
1863 1847 1911 1906 Β

263 1917 546 1988 ἀληθείας,
577 1914 672 1969 καὶ
692 1914 752 1967 τὸ
791 1914 889 1985 ἡδὺ
914 1912 1094 1980 λέγειν
1120 1908 1345 1979 ζητοῦσι
1375 1908 1640 1969 κάκεῖνοι,
1672 1903 1835 1956 πόθεν

264 2011 400 2081 ἡμῖν
449 2005 744 2077 ἀλλαχόθεν
802 2007 836 2076 ἡ
880 2005 980 2075 τῆς
1027 2003 1285 2072 ἀληθείας
1335 2001 1560 2054 ἔσοιτοε
1609 1997 1834 2067 γνῶσις,

267 2103 361 2157 καὶ
387 2099 744 2173 ἠὲπιστροφὴ
763 2098 901 2169 (28),
929 2097 1084 2151 τῶνῑι
1115 2097 1216 2150 οὐκ
1249 2095 1462 2161 εὐαγῶς
1494 2091 1663 2145 ἐνίοτε
1705 2089 1838 2160 παρ’

265 2194 426 2264 ¹ἡμῶν
475 2191 785 2262 λεγομένων
834 2189 868 2260 ἢ
927 2187 1400 2260 πραττομένωνίς
1461 2184 1551 2237 Διὸ
1583 2183 1840 2252 μέγιστον

264 2282 406 2355 ἡγοῦ
437 2282 623 2352 φίλους
649 2281 898 2336 κολάκων
945 2280 1244 2349 διαφέρειν.
1275 2278 1339 2332 Οί
1399 2278 1496 2348 μὲν
1530 2276 1641 2346 γὰρ
1699 2274 1842 2328 κατά

265 2374 562 2446 πρόσωπον
582 2373 958 2438 ἐπαινοῦντες,
988 2371 1050 2424 σέ
1073 2389 1132 2425 τε
1158 2369 1286 2435 τῶν,
1312 2371 1387 2433 ὼς
1409 2370 1573 2434 εἰκὸς,
1595 2371 1841 2440 ἁμαρτα-

265 2465 510 2536 νομένων
557 2463 908 2536 συναίσθησιν
955 2463 1140 2518 λαϐεῖν
1189 2464 1288 2516 οὐκ
1313 2461 1464 2526 ἐῶσι,
1519 2461 1615 2514 καὶ
1671 2458 1842 2530 μείζω

263 2558 442 2612 ταῦτα
458 2559 594 2629 πρὸς
612 2559 739 2621 τοὺς
769 2558 962 2621 ἄλλους
988 2559 1108 2620 ταῖς
1129 2555 1403 2618 διαϐολαῖς
1433 2553 1790 2607 ἀποτελοῦσιν
1823 2569 1838 2584 ·

265 2652 320 2705 οἱ
353 2652 409 2704 δὲ
460 2650 558 2703 καὶ
613 2649 696 2715 σὲ,
736 2649 814 2720 τῷ
850 2648 940 2702 διά
987 2647 1169 2718 φιλίας
1209 2647 1438 2717 ἐλέγχῳ,
1492 2646 1720 2698 συνιδεῖν
1781 2645 1844 2698 τὸ

269 2743 666 2815 παρανομηθὲν
719 2741 922 2812 μᾶλλον
973 2738 1288 2810 δυναμοῦσι,
1335 2738 1436 2791 κᾶν
1488 2756 1541 2790 τι
1565 2737 1657 2809 δὲῃ
1707 2735 1844 2808 πρὸς

265 2839 399 2900 τοὺς
445 2835 550 2902 ἐξω
579 2835 784 2904 λέγειν,
846 2835 968 2887 ἀντὶ
1012 2833 1348 2905 κατηγορίας
1401 2831 1694 2900 ἀπολογίαν
1749 2829 1844 2884 τοῦ

268 2923 610 2995 πραχθέντος
644 2923 1087 2994 ἐκμηχανῶνται.
1124 2924 1288 2977 Ὅσον
1332 2917 1425 2977 οὖν
1456 2921 1550 2975 τοῦ
1601 2922 1693 2974 ἐπὶ
1740 2939 1844 2974 κα-

266 3016 400 3068 κίαν
432 3016 761 3086 προκόπτειν
814 3017 876 3070 τὸ
920 3015 1122 3088 ἀρετὴν
1173 3017 1361 3069 ἀσκεῖν
1415 3015 1710 3084 διενήνοχε,
1746 3013 1843 3067 καὶ¹

266 3107 367 3161 τοῦ
394 3107 777 3162 διαϐάλλεσθαι
808 3111 864 3162 ἐν
891 3111 1003 3172 τοῖς
1023 3109 1347 3180 ἀρχομένοις
1377 3107 1438 3161 τὸ
1465 3109 1564 3170 τὰς
1588 3107 1846 3170 διαϐολὰς

266 3199 530 3265 διαλύειν,
561 3201 814 3255 τοσοῦτον
839 3201 920 3254 δεῖ
943 3202 1092 3274 παρὰ
1129 3203 1213 3256 σοὶ
1264 3202 1391 3264 τοὺς
1437 3199 1626 3264 εὔνους

269 3290 421 3362 ἔχειν
442 3292 550 3344 τῶν
576 3291 843 3346 κολάκων.

351 3649 462 3716 μα’.
494 3643 618 3698 Τῶν
656 3646 1008 3717 ἀπορρήτων,
1039 3646 1074 3701 ἃ
1123 3646 1220 3716 μὲν
1258 3647 1357 3719 τὴν
1377 3641 1490 3720 ’σὴν
1519 3649 1720 3724 ἀρετὴν
1752 3651 1850 3704 αὖ-

275 3737 453 3805 ξάνει,
484 3735 733 3791 κοινώνει
757 3741 872 3801 τοῖς
905 3738 1107 3808 φίλοις·
1137 3738 1172 3792 ἀ
1195 3739 1251 3792 δὲ
1279 3739 1376 3810 τὴν
1405 3739 1630 3812 γνώμην
1658 3743 1852 3811 φαυλί-

277 3829 384 3894 ζει,
415 3829 542 3901 μήτ’
572 3829 734 3894 αὐτὸς
763 3830 1050 3900 μετέρχου,
1081 3831 1215 3899 μήτε
1238 3832 1353 3894 τοῖς
1387 3831 1561 3900 φίλοις
1588 3834 1849 3887 ἀνατίθει·

277 3921 504 3990 ἄριστον
561 3919 660 3989 μὲν
709 3920 821 3990 γάρ
858 3919 1015 3972 τοῦτο
1054 3919 1147 3973 καὶ
1193 3921 1362 3992 χωρὶς
1410 3922 1588 3987 αἰτίας
1637 3925 1852 3995 ἐτέρας.

279 4011 432 4081 Πλήν
453 4027 518 4078 γε
540 4011 626 4081 δὴ,
654 4011 747 4064 καὶ
773 4013 852 4074 είς
876 4011 1058 4082 κόρον,
1101 4007 1190 4066 οἷα
1221 4013 1391 4066 πολλὰ
1416 4014 1485 4067 τά
1512 4015 1850 4088 ἀνθρώπινα,

279 4101 375 4155 τοῦ
407 4101 633 4174 φίλτρου
671 4103 992 4172 τραπέντος,
1027 4103 1228 4174 μᾶλλον
1255 4107 1358 4176 τῆς
1387 4108 1763 4178 παραινέσεως
1796 4110 1858 4162 τὸ

280 4195 553 4263 χρήσιμον
585 4192 917 4263 καθορᾶται·
962 4193 1021 4246 τὸ
1057 4195 1155 4264 μὲν
1189 4195 1302 4265 γὰρ
1341 4196 1544 4264 φαῦλον
1584 4198 1691 4251 τῶν
1725 4217 1858 4271 κρυ-

282 4283 444 4352 φίων,
467 4286 588 4337 τότε
617 4285 854 4356 μάλιστα
873 4286 998 4348 τοὺς
1019 4285 1312 4356 λογισμοὺς
1335 4288 1430 4341 τοῦ
1455 4290 1859 4357 συνεγνωκότος

284 4373 589 4444 ὑποτρέχον
617 4375 712 4427 καὶ
745 4375 1125 4444 διακυμαῖνον,
1162 4377 1353 4431 θᾶττόν
1383 4397 1442 4432 τε
1463 4419 1478 4440 ,
1511 4381 1607 4434 καὶ
1639 4381 1736 4433 σὺν
1765 4383 1858 4435 οὐ-

281 4465 396 4518 δενὶ
435 4465 604 4535 ὄκνῳ,
639 4466 738 4535 τῆς
778 4465 1001 4536 ἀγάπης
1043 4469 1385 4540 ἀποστήσει,
1432 4471 1529 4524 καὶ
1571 4473 1707 4542 πρὸς
1740 4475 1859 4527 ἐπι-

284 4557 526 4629 στροφὴν
561 4558 686 4612 ἰδεῖν
732 4559 832 4612 οὐκ
870 4559 1043 4612 ἐάσει·
1086 4561 1168 4613 σοί
1209 4577 1270 4613 τε
1307 4561 1558 4634 διαϐολὴν
1597 4563 1853 4635 βαρεῖαν,

1924 607 2052 656 sunt
2089 601 2296 666 amicis,
2326 607 2381 654 at
2408 598 2720 654 felicitatem
2753 595 2809 649 in
2838 591 3112 664 prosperis
3145 605 3332 644 eorum
3359 588 3502 642 ferre

1924 696 2218 766 nequivere
2247 712 2262 748 :
2295 679 2454 764 .quos
2483 691 2800 760 neutiquam
2829 685 3104 756 redarguit
3133 684 3312 738 oblata
3360 697 3504 736 com—

1926 787 2218 843 miserandi
2264 784 2498 846 occasio,
2537 783 2656 837 illos
2681 781 2908 836 affectus
2955 777 3172 832 invidia:
3200 775 3376 845 palam
3431 772 3506 828 fe-

1928 881 2022 936 cit.
2046 879 2196 935 Habe
2232 894 2362 948 ergo
2403 876 2500 932 tibi
2530 874 2732 929 amicos
2759 887 2868 927 non
2901 871 3073 924 malos
3127 869 3222 923 sed
3245 866 3502 936 optimos.

1929 976 2088 1031 Certe
2114 975 2205 1044 qui
2250 973 2303 1026 in
2330 971 2534 1026 amicos
2559 969 2851 1040 eliguntur,
2894 980 3077 1020 mores
3103 973 3160 1017 et
3191 959 3507 1030 dispositio-

1931 1083 2030 1123 nes
2057 1065 2348 1136 propalant
2395 1065 2542 1133 ipsos
2573 1060 2913 1130 eligentium.
2945 1058 3044 1112 Per
3074 1055 3272 1125 probos
3302 1062 3357 1107 et
3403 1052 3508 1107 bo-

1932 1169 2138 1225 nestos,
2178 1160 2221 1213 si
2249 1158 2370 1228 quis
2399 1157 2454 1211 in
2505 1157 2690 1225 aliquo
2724 1155 2910 1224 lapsus
2939 1152 3030 1216 sit,
3063 1149 3226 1204 tacite
3263 1147 3316 1200 in
3345 1146 3508 1200 amis-

1936 1269 2056 1309 sum
2086 1253 2263 1307 locum
2300 1250 2623 1304 reducetur:
2663 1244 2894 1315 improbi
2926 1242 3222 1297 bonitatem
3253 1254 3357 1308 qua
3385 1237 3506 1306 quis

1934 1342 2195 1416 praaditus
2239 1349 2324 1396 est
2350 1337 2769 1408 depopulantur.
2802 1333 2988 1395 Probi,
3035 1330 3078 1384 si
3103 1328 3234 1398 quid
3259 1325 3399 1380 desit
3439 1325 3506 1379 de

1935 1434 2152 1491 virtutis
2175 1446 2452 1495 mensura,
2485 1445 2516 1484 e
2557 1443 2658 1483 suo
2685 1441 2829 1498 penu
2880 1421 3205 1494 supplendo,
3236 1419 3508 1474 defectum

1939 1525 2136 1582 tollunt
2165 1531 2222 1577 et
2256 1519 2596 1576 resarciunt:
2632 1517 2725 1573 sed
2755 1531 2878 1570 cum
2913 1512 3174 1582 improbis
3221 1522 3512 1564 conversa-

1938 1619 2035 1681 tio,
2065 1614 2323 1688 quidquid
2345 1612 2475 1668 boni
2503 1612 2572 1665 sit
2611 1609 2900 1678 reliquum,
2941 1605 3180 1660 declarat
3202 1616 3324 1656 esse
3353 1599 3510 1654 adul-

1940 1720 2137 1764 terum.
2173 1705 2291 1762 Noli
2325 1705 2393 1759 ab
2413 1703 2604 1758 amicis
2623 1701 2854 1756 libenter
2871 1713 2934 1753 ea
2964 1712 3084 1766 qua:
3114 1694 3386 1750 delectent
3414 1707 3514 1744 an-

1939 1802 2075 1865 dire,
2126 1799 2306 1869 potius
2363 1806 2543 1850 autem
2574 1809 2697 1848 cum
2727 1792 2955 1846 veritate
2985 1789 3218 1858 juncta:
3272 1785 3318 1838 si
3368 1783 3514 1837 enim

1940 1891 2172 1948 inimicis
2200 1907 2270 1945 ne
2316 1903 2506 1943 verum
2553 1885 2771 1955 quidem
2815 1881 3121 1936 dicentibus
3175 1877 3310 1932 fides
3356 1875 3515 1930 adbi-

1939 1985 2137 2048 benda,
2171 1990 2226 2037 et
2250 1981 2304 2035 id
2337 1980 2692 2050 quod'verum
2732 1973 2897 2028 estab
2922 1971 3113 2027 amicis
3147 1966 3396 2037 deperiit,
3450 1978 3518 2019 eo

1940 2076 2085 2148 quod
2126 2075 2180 2130 id
2217 2073 2360 2143 quod
2397 2069 2631 2136 dulciter
2669 2067 2874 2121 arridet
2901 2072 3110 2118 tantum
3139 2057 3387 2130 proloqui
3415 2071 3516 2109 vo-

1940 2169 2166 2234 luerint,
2230 2165 2376 2218 unde
2407 2162 2510 2217 erit
2543 2167 2604 2214 ut
2647 2159 2702 2212 in
2737 2157 2979 2212 veritatis
3014 2153 3400 2224 cognitionem,
3451 2149 3518 2202 ad

1942 2263 2087 2317 illam
2114 2255 2384 2321 conversi,
2420 2254 2754 2308 deducamur
2781 2250 2804 2302 ?
2833 2247 2978 2301 unde
2999 2254 3058 2300 ut
3076 2245 3146 2298 ab
3178 2243 3242 2296 iis
3271 2239 3519 2296 disceda-

1941 2368 2065 2408 mus
2113 2365 2232 2420 quae
2261 2362 2362 2402 nos
2395 2359 2586 2416 parum
2610 2343 2700 2413 pie
2728 2339 3000 2395 interdum
3035 2337 3267 2391 dicimus
3303 2332 3388 2388 vel
3437 2332 3519 2384 fa-

1942 2439 2165 2498 cimus?
2205 2437 2467 2492 Existima
2489 2435 2690 2490 idcirco
2723 2429 3055 2501 plurifariam
3078 2425 3300 2481 differre
3334 2439 3524 2478 assen-

1943 2543 2146 2589 tatores
2183 2531 2252 2586 ab
2295 2529 2506 2585 amicis.
2539 2525 2613 2579 Illi
2654 2538 2838 2581 coram
2900 2520 3183 2574 laudantes
3232 2525 3287 2570 et
3333 2515 3388 2568 in
3437 2529 3520 2577 os,

1943 2627 2094 2681 nullo
2118 2638 2282 2679 sensu
2309 2632 2362 2676 te
2388 2618 2525 2675 allici
2553 2617 2871 2688 permittent
2903 2627 3089 2667 eorum
3119 2625 3240 2678 qure
3268 2615 3444 2662 sunta
3470 2615 3521 2660 te

1946 2718 2130 2772 minus
2163 2723 2310 2768 recte
2329 2721 2514 2783 gesta;
2544 2707 2689 2778 apud
2732 2705 2872 2760 alios
2905 2713 3088 2758 autem
3119 2697 3522 2760 calumniando,

1946 2804 2151 2873 majora
2195 2816 2314 2856 esse
2357 2814 2517 2869 quam
2547 2805 2674 2852 sunt
2722 2810 2910 2849 revera
2960 2792 3318 2847 clamabunt:
3366 2787 3525 2842 amici

1946 2912 2097 2962 vero,
2131 2891 2561 2964 reprehensione
2591 2903 2688 2944 sua
2711 2887 2906 2950 amica,
2939 2892 3219 2956 peccatum
3255 2891 3316 2936 ut
3345 2881 3530 2936 videre

1947 2991 2124 3064 possis
2152 2991 2368 3052 melius,
2407 2983 2642 3040 eﬂicient
2673 2998 2688 3046 ;
2725 2979 2871 3050 quod
2905 2978 2949 3034 si
2981 2993 3118 3048 opus
3137 2977 3204 3031 sit
3232 2975 3375 3046 apud
3401 2973 3530 3029 alie-

1949 3103 2051 3142 nos
2089 3085 2158 3140 de
2197 3098 2264 3138 eo
2288 3079 2454 3136 verba
2496 3076 2696 3140 facere,
2737 3088 2844 3126 non
2877 3071 2949 3124 illi
3002 3069 3402 3124 accusationem
3437 3065 3534 3119 sed

1680 3157 1846 3254 πλέω]
1874 3201 1918 3260 c
1951 3177 2252 3252 apologiam
2311 3170 2664 3227 meditantur.
2697 3167 2755 3221 ln
2792 3173 3057 3236 quantum
3104 3162 3268 3232 igitur
3316 3157 3534 3214 virtutis

1948 3270 2264 3332 exercitium
2295 3275 2644 3342 progressum
2671 3258 2730 3311 in
2770 3257 2930 3310 malis
2958 3253 3252 3315 antecedit,
3282 3260 3337 3305 et
3363 3251 3535 3305 satius

1948 3377 2034 3422 est
2079 3363 2220 3434 apud
2251 3358 2528 3428 subjectos
2582 3351 2908 3408 criminibus
2938 3347 3143 3403 absolvi
3178 3360 3339 3416 quam
3380 3355 3539 3398 accu‘

1949 3459 2079 3522 sari,
2126 3457 2179 3509 in
2206 3461 2412 3509 tantum
2446 3461 2498 3504 te
2533 3454 2753 3518 oportet
2781 3441 3076 3498 benevolos
3104 3439 3360 3494 omnibus
3409 3437 3535 3492 adu-

1950 3549 2213 3606 latoribus
2241 3543 2535 3600 anteferre.

2023 3647 2112 3700 41.
2145 3644 2217 3698 De
2256 3640 2500 3700 secretis,
2534 3636 2622 3714 illa
2645 3634 2844 3705 quibus
2869 3633 2924 3686 in
2953 3639 3006 3686 te
3037 3628 3256 3684 virtutis
3285 3624 3525 3682 studium

1955 3748 2215 3810 augeatur
2259 3733 2448 3788 amicis
2479 3727 2716 3800 imperti.
2770 3725 2877 3780 Sed
2902 3739 3021 3794 quae
3046 3721 3310 3792 judicium
3341 3720 3536 3788 depra-

1956 3839 2104 3893 vant,
2159 3827 2249 3882 illa
2287 3841 2389 3880 nec
2429 3823 2642 3886 actites,
2694 3834 2795 3874 nec
2834 3815 2975 3886 apud
3025 3813 3232 3868 amicos
3271 3811 3532 3880 deponas.

1957 3921 2052 3976 Est
2079 3921 2183 3974 hoc
2226 3916 2447 3988 quidem
2491 3912 2760 3982 optimum
2802 3909 2946 3962 factu
2994 3907 3112 3960 sine
3171 3903 3280 3957 ullo
3309 3902 3414 3956 alio
3461 3915 3540 3954 re-

1958 4008 2337 4084 spectu.Quod
2371 4007 2438 4074 si,
2469 4015 2529 4059 ut
2564 4004 2620 4057 fit
2653 4003 2706 4056 in
2743 3998 2996 4056 humanis
3023 3997 3206 4060 rebus,
3240 3993 3536 4048 amicorum

1959 4108 2182 4163 satietas
2211 4112 2264 4157 te
2301 4100 2527 4171 ceperit,
2579 4096 2668 4151 hic
2699 4095 2812 4148 scio
2859 4092 2912 4146 id
2937 4089 3082 4162 quod
3131 4088 3263 4143 utile
3309 4093 3395 4140 est
3440 4084 3542 4139 ad-

1959 4194 2246 4254 monitioni
2271 4191 2547 4264 praeferes.
2586 4188 2788 4242 Malum
2815 4184 2960 4240 enim
2996 4183 3040 4236 si
3074 4180 3206 4251 quid
3229 4180 3282 4234 in
3315 4177 3544 4233 secretis

1960 4294 2143 4358 fuerit,
2191 4299 2322 4345 tunc
2345 4286 2611 4356 imprimis
2651 4290 2888 4336 mentem
2917 4286 2970 4334 et
3002 4275 3386 4346 cogitationem
3441 4270 3539 4324 ho-

1961 4385 2122 4442 minis
2188 4381 2394 4437 conscii
2439 4377 2668 4445 alicujus
2727 4372 2971 4437 subiens,
3034 4367 3269 4423 tumultu
3331 4364 3543 4433 implet,

1962 4477 2284 4551 quantocius
2328 4479 2475 4528 certe
2523 4473 2633 4527 neci
2675 4473 2892 4538 gravate
2940 4461 3143 4516 recedit
3183 4459 3250 4513 ab
3279 4455 3540 4518 amicitia,

1963 4546 2038 4627 ita
2069 4578 2125 4624 ut
2151 4583 2255 4622 nec
2299 4563 2547 4619 admittat
2588 4555 2900 4614 revertendi
2927 4562 3021 4608 aut
3057 4549 3380 4621 respiciendi
3427 4546 3544 4601 ani-

284 4649 522 4758 ἔκφορον
567 4651 822 4719 γεγονὸς,
867 4652 1106 4716 ἐποίσει,
1142 4654 1406 4724 καὶπρὸς
1441 4655 1532 4708 τὸν
1576 4655 1841 4721 ἐξειπόντα

1961 4678 2134 4724 mum.
2169 4655 2451 4726 Propalam
2475 4665 2604 4707 vero
2627 4650 2769 4704 idem
2799 4647 3000 4700 factum
3047 4655 3242 4712 magno
3275 4638 3368 4693 tibi
3403 4635 3547 4691 lutu-

2232 4752 2247 4758 ·
2305 4749 2317 4758 ·
2455 4745 2466 4756 ·
2553 4753 2563 4758 -
2599 4743 2611 4756 ·
2786 4757 2793 4758 κ
2843 4739 2922 4758 ---ε
2957 4737 3129 4758 Δ,1.-.
3163 4733 3288 4758 ι’,ηξι
3348 4729 3512 4758 :mn'n

285 4740 672 4815 χαλεπώτερον
700 4743 971 4814 διαθήσει.
1006 4745 1079 4798 Τὸ
1139 4744 1196 4798 δὲ
1229 4745 1465 4816 χρηστὸν
1511 4747 1602 4800 τόν
1646 4766 1706 4801 τε
1748 4767 1841 4803 συν

1961 4773 2081 4814 rum
2110 4761 2192 4809 est
2217 4745 2492 4810 dedecori,
2517 4753 2571 4799 et
2599 4743 2654 4797 in
2679 4757 2804 4796 eum
2835 4739 2925 4809 qui
2957 4737 3133 4807 palam
3163 4733 3312 4795 fecit,
3348 4729 3545 4799 impla—

286 4840 574 4907 σγνωκότα
609 4841 840 4913 ῥαγῆναι
867 4844 964 4910 τῆς
995 4841 1177 4909 φιλίας
1208 4844 1652 4914 ὲπικατασχέσει,
1682 4845 1841 4916 δεσμᾷ

1957 4849 2272 4906 cabiiiorem
2316 4839 2500 4896 faciet.
2551 4835 2760 4890 Bonum
2814 4847 2945 4885 vero
2996 4825 3211 4897 quidvis
3261 4821 3413 4876 illum
3454 4818 3543 4888 qui

288 4911 719 5036 κρατίστῳίτῇ.
739 4936 930 5004 ἀρετῇ.
984 4934 1339 5006 βιαζόμενον,
1383 4911 1604 4998 καῖ-εἰς
1647 4911 1841 4992 ἐπειινοζ

1963 4950 2049 4996 est
2093 4934 2346 4994 conscius
2392 4946 2503 4985 non
2535 4927 2740 4999 patitur
2780 4923 2848 4976 ab
2877 4917 3112 4973 amicitia
3159 4911 3363 4977 divelli,
3420 4925 3545 4964 cum

2001 5034 2010 5036 ~
2136 5032 2146 5036 -
2227 5029 2246 5036 -
2333 5025 2346 5036 -
2410 5025 2422 5036 -
2609 5021 2621 5033 -
2681 5017 2783 5036 mu-
2865 5009 3264 5036 --.......:............
3313 5021 3327 5036 .
3373 5011 3427 5036 nt
3479 5000 3545 5036 ...ι

288 5000 392 5094 ri};
426 5000 843 5093 oﬁgirmubaiizc
877 5000 1102 5098 γνώμης
1147 5000 1244 5080 επὶ
1271 5027 1395 5082 νοῦν
1445 5029 1757 5100 ἐρχόμενον,
1791 5031 1841 5083 δι

1962 5032 2180 5088 virtutis
2222 5025 2519 5084 fortissimo
2569 5017 2790 5075 vinculo
2860 5009 3264 5078 constringatur
3313 5021 3327 5059 :
3373 5011 3430 5057 et
3478 5000 3548 5054 ad

290 5116 632 5188 αναστήσει,
664 5117 758 5170 καὶ
803 5117 863 5170 σὲ
891 5117 1131 5189 δηλονότι
1177 5119 1353 5174 ταῦτα
1397 5120 1739 5192 συνορῶντα,
1771 5121 1841 5174 ούῑ

1961 5125 2179 5180 laudem
2212 5120 2433 5192 optimae
2470 5124 2576 5171 tute
2605 5120 2660 5167 et
2703 5107 2976 5180 praeclara
3009 5097 3325 5163 voluntatis,
3363 5094 3551 5151 animo

1630 5279 1866 5336 νΑιιιΑι
1904 5277 2315 5336 LECTIONES.

380 5444 399 5483 ί
435 5447 534 5499 κᾶν
557 5446 912 5518 παρασφαλῇ.
994 5450 1018 5488 3
1057 5447 1258 5502 ἔσεται.
1367 5450 1396 5489 h
1432 5449 1464 5520 ἢ
1499 5450 1629 5502 τῶν.
1716 5452 1730 5489 ί
1767 5449 1854 5503 ῑσ.
1885 5467 2060 5503 ...νων
2086 5440 2405 5514 ἀποστροφή
2435 5462 2450 5506 ;

1802 5601 2035 5658 NOTAE.

349 5801 488 5888 ,(⁵28)
540 5801 618 5888 ἨΔ
641 5801 997 5888 ἐπιστροφή.
1046 5803 1517 5888 ξἰιιριιοεειιὰιιηι,
1551 5804 1736 5888 iide
1773 5803 1875 5884 οὐκ
1975 5804 2212 5873 cognita,
2247 5811 2307 5888 ut
2336 5801 2399 5853 ad
2435 5799 2984 5880 ipsatnriwcrtamur,
3011 5811 3130 5866 qum
3167 5791 3440 5848 mirabiles
3462 5793 3544 5845 sui

305 5874 545 5940 εὐαγώς,
570 5881 677 5928 etc.
706 5875 739 5943 ή
775 5869 1098 5945 ἐπιστροφή,
1146 5873 1204 5929 id
1233 5869 1379 5929 enim
1420 5869 1646 5945 requirit
1675 5875 1875 5929 veritas
1973 5869 2184 5929 altiores
2220 5873 2359 5928 solet
2387 5869 2648 5926 excitare.
