  <div class='ocr_page' id='page_1' title='image "/cluster/home/n/w/nwhite01/storage/ocr_20150623/102/hvd.32044012543948/343.png"; bbox 0 0 4052 6482; ppageno 0'>
   <div class='ocr_carea' id='block_1_1' title="bbox 527 411 629 475">
    <p class='ocr_par' dir='ltr' id='par_1_1' title="bbox 527 411 629 475">
     <span class='ocr_line' id='line_1_1' title="bbox 527 411 629 475; baseline 0.01 -1"><span class='ocrx_word' id='word_1_1' title='bbox 527 411 629 475; x_wconf 83' lang='lat'><strong>671</strong></span> 
     </span>
    </p>
   </div>
   <div class='ocr_carea' id='block_1_2' title="bbox 1665 413 2620 478">
    <p class='ocr_par' dir='ltr' id='par_1_2' title="bbox 1665 413 2620 478">
     <span class='ocr_line' id='line_1_2' title="bbox 1665 413 2620 478; baseline 0.004 -5"><span class='ocrx_word' id='word_1_2' title='bbox 1665 413 1927 473; x_wconf 78' lang='lat' dir='ltr'><strong>PHOTll</strong></span> <span class='ocrx_word' id='word_1_3' title='bbox 1970 413 2475 474; x_wconf 58' lang='grc' dir='ltr'><strong>ΡΛΤΒῘΛΗΕΗιΕ</strong></span> <span class='ocrx_word' id='word_1_4' title='bbox 2513 416 2620 478; x_wconf 84' lang='lat' dir='ltr'><strong>CP.</strong></span> 
     </span>
    </p>
   </div>
   <div class='ocr_carea' id='block_1_3' title="bbox 3696 419 3810 481">
    <p class='ocr_par' dir='ltr' id='par_1_3' title="bbox 3696 419 3810 481">
     <span class='ocr_line' id='line_1_3' title="bbox 3696 419 3810 481; baseline 0.009 -1"><span class='ocrx_word' id='word_1_5' title='bbox 3696 419 3810 481; x_wconf 75' lang='grc'><strong>672</strong></span> 
     </span>
    </p>
   </div>
   <div class='ocr_carea' id='block_1_4' title="bbox 526 523 2144 603">
    <p class='ocr_par' dir='ltr' id='par_1_4' title="bbox 526 523 2109 597">
     <span class='ocr_line' id='line_1_4' title="bbox 526 523 2109 597; baseline 0 -18"><span class='ocrx_word' id='word_1_6' title='bbox 526 540 652 579; x_wconf 90' lang='lat' dir='ltr'><strong>cum</strong></span> <span class='ocrx_word' id='word_1_7' title='bbox 703 523 776 579; x_wconf 90' lang='lat' dir='ltr'><strong>sit</strong></span> <span class='ocrx_word' id='word_1_8' title='bbox 826 532 1301 595; x_wconf 75' lang='lat' dir='ltr'><strong>reprzesentatum,</strong></span> <span class='ocrx_word' id='word_1_9' title='bbox 1372 524 1633 579; x_wconf 75' lang='lat' dir='ltr'><strong>excitabit</strong></span> <span class='ocrx_word' id='word_1_10' title='bbox 1694 526 1873 581; x_wconf 84' lang='lat' dir='ltr'><strong>adhuc</strong></span> <span class='ocrx_word' id='word_1_11' title='bbox 1919 526 2109 597; x_wconf 84' lang='lat' dir='ltr'><strong>magis,</strong></span> 
     </span>
    </p>
   </div>
   <div class='ocr_carea' id='block_1_5' title="bbox 2249 523 3808 603">
    <p class='ocr_par' dir='ltr' id='par_1_5' title="bbox 2249 526 3808 603">
     <span class='ocr_line' id='line_1_5' title="bbox 2249 526 3808 603; baseline 0.006 -27"><span class='ocrx_word' id='word_1_12' title='bbox 2249 526 2396 597; x_wconf 55' lang='lat' dir='ltr'><strong>1166i;</strong></span> <span class='ocrx_word' id='word_1_13' title='bbox 2421 528 2736 595; x_wconf 74' lang='grc' dir='ltr'>ἀναλαϐεῖν,</span> <span class='ocrx_word' id='word_1_14' title='bbox 2768 529 2822 583; x_wconf 77' lang='grc' dir='ltr'>εἴ</span> <span class='ocrx_word' id='word_1_15' title='bbox 2846 545 2898 583; x_wconf 89' lang='grc' dir='ltr'><strong>τι</strong></span> <span class='ocrx_word' id='word_1_16' title='bbox 2940 528 3277 603; x_wconf 78' lang='grc' dir='ltr'>παρῃνέθης,</span> <span class='ocrx_word' id='word_1_17' title='bbox 3307 529 3410 600; x_wconf 76' lang='grc' dir='ltr'>τήν</span> <span class='ocrx_word' id='word_1_18' title='bbox 3448 546 3507 582; x_wconf 89' lang='grc' dir='ltr'><strong>τε</strong></span> <span class='ocrx_word' id='word_1_19' title='bbox 3539 529 3673 602; x_wconf 76' lang='grc' dir='ltr'>πρὸς</span> <span class='ocrx_word' id='word_1_20' title='bbox 3704 534 3808 586; x_wconf 75' lang='grc' dir='ltr'><strong>αὖ·</strong></span> 
     </span>
    </p>
   </div>
   <div class='ocr_carea' id='block_1_6' title="bbox 526 615 2114 687">
    <p class='ocr_par' dir='ltr' id='par_1_6' title="bbox 526 615 2114 687">
     <span class='ocr_line' id='line_1_6' title="bbox 526 615 2114 687; baseline 0.001 -18"><span class='ocrx_word' id='word_1_21' title='bbox 526 630 707 685; x_wconf 85' lang='lat' dir='ltr'><strong>neque</strong></span> <span class='ocrx_word' id='word_1_22' title='bbox 740 623 797 669; x_wconf 93' lang='lat' dir='ltr'><strong>tu</strong></span> <span class='ocrx_word' id='word_1_23' title='bbox 831 615 921 684; x_wconf 89' lang='lat' dir='ltr'><strong>qui</strong></span> <span class='ocrx_word' id='word_1_24' title='bbox 952 615 1050 669; x_wconf 91' lang='lat' dir='ltr'><strong>tibi</strong></span> <span class='ocrx_word' id='word_1_25' title='bbox 1081 615 1291 669; x_wconf 76' lang='lat' dir='ltr'><strong>scilicet</strong></span> <span class='ocrx_word' id='word_1_26' title='bbox 1323 630 1511 669; x_wconf 91' lang='lat' dir='ltr'><strong>eorum</strong></span> <span class='ocrx_word' id='word_1_27' title='bbox 1563 615 1817 671; x_wconf 91' lang='lat' dir='ltr'><strong>conscius</strong></span> <span class='ocrx_word' id='word_1_28' title='bbox 1838 631 1898 671; x_wconf 85' lang='lat' dir='ltr'><strong>es</strong></span> <span class='ocrx_word' id='word_1_29' title='bbox 1930 658 1944 683; x_wconf 91' lang='lat'><strong>,</strong></span> <span class='ocrx_word' id='word_1_30' title='bbox 1974 631 2114 687; x_wconf 68' lang='lat' dir='ltr'><strong>aegre</strong></span> 
     </span>
    </p>
   </div>
   <div class='ocr_carea' id='block_1_7' title="bbox 529 707 2112 777">
    <p class='ocr_par' dir='ltr' id='par_1_7' title="bbox 529 707 2112 777">
     <span class='ocr_line' id='line_1_7' title="bbox 529 707 2112 777; baseline 0.002 -16"><span class='ocrx_word' id='word_1_31' title='bbox 529 707 946 777; x_wconf 81' lang='lat' dir='ltr'><strong>persuadcberis</strong></span> <span class='ocrx_word' id='word_1_32' title='bbox 986 708 1157 771; x_wconf 91' lang='lat' dir='ltr'><strong>illum,</strong></span> <span class='ocrx_word' id='word_1_33' title='bbox 1189 707 1235 761; x_wconf 90' lang='lat' dir='ltr'><strong>si</strong></span> <span class='ocrx_word' id='word_1_34' title='bbox 1261 707 1389 775; x_wconf 91' lang='lat' dir='ltr'><strong>quid</strong></span> <span class='ocrx_word' id='word_1_35' title='bbox 1422 722 1706 777; x_wconf 85' lang='lat' dir='ltr'><strong>perperam</strong></span> <span class='ocrx_word' id='word_1_36' title='bbox 1759 709 2112 766; x_wconf 86' lang='lat' dir='ltr'><strong>commissum</strong></span> 
     </span>
    </p>
   </div>
   <div class='ocr_carea' id='block_1_8' title="bbox 528 799 2114 870">
    <p class='ocr_par' dir='ltr' id='par_1_8' title="bbox 528 799 2114 870">
     <span class='ocr_line' id='line_1_8' title="bbox 528 799 2114 870; baseline 0.003 -18"><span class='ocrx_word' id='word_1_37' title='bbox 528 807 634 863; x_wconf 86' lang='lat' dir='ltr'><strong>est,</strong></span> <span class='ocrx_word' id='word_1_38' title='bbox 662 799 728 853; x_wconf 89' lang='lat' dir='ltr'><strong>ad</strong></span> <span class='ocrx_word' id='word_1_39' title='bbox 760 799 1081 853; x_wconf 75' lang='lat' dir='ltr'><strong>familiarem</strong></span> <span class='ocrx_word' id='word_1_40' title='bbox 1120 800 1315 853; x_wconf 90' lang='lat' dir='ltr'><strong>iterum</strong></span> <span class='ocrx_word' id='word_1_41' title='bbox 1365 815 1716 870; x_wconf 80' lang='lat' dir='ltr'><strong>congressum</strong></span> <span class='ocrx_word' id='word_1_42' title='bbox 1751 809 1806 855; x_wconf 88' lang='lat' dir='ltr'><strong>et</strong></span> <span class='ocrx_word' id='word_1_43' title='bbox 1838 799 2114 856; x_wconf 81' lang='lat' dir='ltr'><strong>fruitionis</strong></span> 
     </span>
    </p>
   </div>
   <div class='ocr_carea' id='block_1_9' title="bbox 532 891 2117 964">
    <p class='ocr_par' dir='ltr' id='par_1_9' title="bbox 532 891 2117 964">
     <span class='ocr_line' id='line_1_9' title="bbox 532 891 2117 964; baseline 0.002 -19"><span class='ocrx_word' id='word_1_44' title='bbox 532 891 862 946; x_wconf 76' lang='lat' dir='ltr'><strong>desiderium</strong></span> <span class='ocrx_word' id='word_1_45' title='bbox 901 891 1208 946; x_wconf 76' lang='lat' dir='ltr'><strong>admittere.</strong></span> <span class='ocrx_word' id='word_1_46' title='bbox 1259 892 1334 946; x_wconf 90' lang='lat' dir='ltr'><strong>De</strong></span> <span class='ocrx_word' id='word_1_47' title='bbox 1365 893 1557 947; x_wconf 85' lang='lat' dir='ltr'><strong>amicis</strong></span> <span class='ocrx_word' id='word_1_48' title='bbox 1582 892 1745 964; x_wconf 90' lang='lat' dir='ltr'><strong>igitur</strong></span> <span class='ocrx_word' id='word_1_49' title='bbox 1772 908 1987 964; x_wconf 86' lang='lat' dir='ltr'><strong>semper</strong></span> <span class='ocrx_word' id='word_1_50' title='bbox 2016 910 2117 964; x_wconf 84' lang='lat' dir='ltr'><strong>op-</strong></span> 
     </span>
    </p>
   </div>
   <div class='ocr_carea' id='block_1_10' title="bbox 534 983 2117 1055">
    <p class='ocr_par' dir='ltr' id='par_1_10' title="bbox 534 983 2117 1055">
     <span class='ocr_line' id='line_1_10' title="bbox 534 983 2117 1055; baseline 0.001 -18"><span class='ocrx_word' id='word_1_51' title='bbox 534 983 667 1037; x_wconf 84' lang='lat' dir='ltr'><strong>time</strong></span> <span class='ocrx_word' id='word_1_52' title='bbox 700 983 938 1053; x_wconf 83' lang='lat' dir='ltr'><strong>loquaris</strong></span> <span class='ocrx_word' id='word_1_53' title='bbox 968 993 1022 1037; x_wconf 93' lang='lat' dir='ltr'><strong>et</strong></span> <span class='ocrx_word' id='word_1_54' title='bbox 1052 998 1348 1053; x_wconf 83' lang='lat' dir='ltr'><strong>persuasus</strong></span> <span class='ocrx_word' id='word_1_55' title='bbox 1376 984 1474 1048; x_wconf 84' lang='lat' dir='ltr'><strong>sis.</strong></span> <span class='ocrx_word' id='word_1_56' title='bbox 1519 984 1838 1040; x_wconf 78' lang='lat' dir='ltr'><strong>absentibus</strong></span> <span class='ocrx_word' id='word_1_57' title='bbox 1882 1001 2117 1055; x_wconf 67' lang='lat' dir='ltr'><strong>praeser-</strong></span> 
     </span>
    </p>
   </div>
   <div class='ocr_carea' id='block_1_11' title="bbox 2219 619 3807 693">
    <p class='ocr_par' dir='ltr' id='par_1_11' title="bbox 2219 619 3807 693">
     <span class='ocr_line' id='line_1_11' title="bbox 2219 619 3807 693; baseline 0.006 -23"><span class='ocrx_word' id='word_1_58' title='bbox 2219 619 2311 672; x_wconf 82' lang='grc' dir='ltr'>τὸν</span> <span class='ocrx_word' id='word_1_59' title='bbox 2344 619 2561 689; x_wconf 77' lang='grc' dir='ltr'>ὁμιλίαν</span> <span class='ocrx_word' id='word_1_60' title='bbox 2607 620 2701 674; x_wconf 68' lang='grc' dir='ltr'>καὶ</span> <span class='ocrx_word' id='word_1_61' title='bbox 2748 620 2849 693; x_wconf 79' lang='grc' dir='ltr'>τὴν</span> <span class='ocrx_word' id='word_1_62' title='bbox 2881 622 2940 674; x_wconf 81' lang='grc' dir='ltr'><strong>έν</strong></span> <span class='ocrx_word' id='word_1_63' title='bbox 2968 622 3047 692; x_wconf 82' lang='grc' dir='ltr'>τῷ</span> <span class='ocrx_word' id='word_1_64' title='bbox 3081 622 3234 691; x_wconf 81' lang='grc' dir='ltr'><strong>πόοῳ</strong></span> <span class='ocrx_word' id='word_1_65' title='bbox 3272 622 3459 692; x_wconf 84' lang='grc' dir='ltr'>σχέσιν</span> <span class='ocrx_word' id='word_1_66' title='bbox 3494 624 3807 680; x_wconf 76' lang='grc' dir='ltr'><strong>ἀναπείσει.</strong></span> 
     </span>
    </p>
   </div>
   <div class='ocr_carea' id='block_1_12' title="bbox 2232 708 3810 786">
    <p class='ocr_par' dir='ltr' id='par_1_12' title="bbox 2232 708 3810 786">
     <span class='ocr_line' id='line_1_12' title="bbox 2232 708 3810 786; baseline 0.005 -23"><span class='ocrx_word' id='word_1_67' title='bbox 2232 711 2346 764; x_wconf 78' lang='grc' dir='ltr'><strong>Ἀεὶ</strong></span> <span class='ocrx_word' id='word_1_68' title='bbox 2379 711 2478 783; x_wconf 80' lang='grc' dir='ltr'>μὲν</span> <span class='ocrx_word' id='word_1_69' title='bbox 2508 708 2602 767; x_wconf 73' lang='grc' dir='ltr'>οὖν</span> <span class='ocrx_word' id='word_1_70' title='bbox 2633 714 2822 783; x_wconf 80' lang='grc' dir='ltr'>φίλους</span> <span class='ocrx_word' id='word_1_71' title='bbox 2852 715 3065 782; x_wconf 76' lang='grc' dir='ltr'><strong>εὐλόγει</strong></span> <span class='ocrx_word' id='word_1_72' title='bbox 3088 754 3105 780; x_wconf 94' lang='grc'><strong>,</strong></span> <span class='ocrx_word' id='word_1_73' title='bbox 3140 714 3377 786; x_wconf 81' lang='grc' dir='ltr'>μάλιστα</span> <span class='ocrx_word' id='word_1_74' title='bbox 3404 716 3463 769; x_wconf 79' lang='grc' dir='ltr'>δὲ</span> <span class='ocrx_word' id='word_1_75' title='bbox 3487 718 3617 779; x_wconf 76' lang='grc' dir='ltr'>τοὺς</span> <span class='ocrx_word' id='word_1_76' title='bbox 3642 717 3810 771; x_wconf 75' lang='grc' dir='ltr'>ἀπόν-</span> 
     </span>
    </p>
   </div>
   <div class='ocr_carea' id='block_1_13' title="bbox 2219 805 3809 879">
    <p class='ocr_par' dir='ltr' id='par_1_13' title="bbox 2219 805 3809 879">
     <span class='ocr_line' id='line_1_13' title="bbox 2219 805 3809 879; baseline 0.004 -22"><span class='ocrx_word' id='word_1_77' title='bbox 2219 822 2321 869; x_wconf 86' lang='grc' dir='ltr'><strong>τας</strong></span> <span class='ocrx_word' id='word_1_78' title='bbox 2346 805 2440 858; x_wconf 72' lang='grc' dir='ltr'><strong>ἐπὶ</strong></span> <span class='ocrx_word' id='word_1_79' title='bbox 2468 806 2580 861; x_wconf 83' lang='grc' dir='ltr'><strong>τῶν</strong></span> <span class='ocrx_word' id='word_1_80' title='bbox 2612 808 2919 878; x_wconf 81' lang='grc' dir='ltr'><strong>παρόντων.</strong></span> <span class='ocrx_word' id='word_1_81' title='bbox 2944 808 3101 861; x_wconf 76' lang='grc' dir='ltr'>Οὕτω</span> <span class='ocrx_word' id='word_1_82' title='bbox 3132 825 3197 877; x_wconf 85' lang='grc' dir='ltr'><strong>γε</strong></span> <span class='ocrx_word' id='word_1_83' title='bbox 3229 808 3336 879; x_wconf 81' lang='grc' dir='ltr'><strong>γὰρ</strong></span> <span class='ocrx_word' id='word_1_84' title='bbox 3370 808 3465 862; x_wconf 82' lang='grc' dir='ltr'>καὶ</span> <span class='ocrx_word' id='word_1_85' title='bbox 3494 810 3556 862; x_wconf 79' lang='grc' dir='ltr'>τὸ</span> <span class='ocrx_word' id='word_1_86' title='bbox 3582 810 3685 879; x_wconf 79' lang='grc' dir='ltr'>τῆς</span> <span class='ocrx_word' id='word_1_87' title='bbox 3715 828 3809 863; x_wconf 84' lang='grc' dir='ltr'>κο-</span> 
     </span>
    </p>
   </div>
   <div class='ocr_carea' id='block_1_14' title="bbox 2220 898 3809 973">
    <p class='ocr_par' dir='ltr' id='par_1_14' title="bbox 2220 898 3809 973">
     <span class='ocr_line' id='line_1_14' title="bbox 2220 898 3809 973; baseline 0.004 -22"><span class='ocrx_word' id='word_1_88' title='bbox 2220 898 2446 963; x_wconf 87' lang='grc' dir='ltr'>λακείας</span> <span class='ocrx_word' id='word_1_89' title='bbox 2478 900 2784 970; x_wconf 82' lang='grc' dir='ltr'>διαφύγοις,</span> <span class='ocrx_word' id='word_1_90' title='bbox 2814 902 2923 954; x_wconf 81' lang='grc' dir='ltr'>οὐδ’</span> <span class='ocrx_word' id='word_1_91' title='bbox 2951 904 3098 973; x_wconf 82' lang='grc' dir='ltr'>ίχνος</span> <span class='ocrx_word' id='word_1_92' title='bbox 3125 903 3297 973; x_wconf 83' lang='grc' dir='ltr'>αὐτῆς</span> <span class='ocrx_word' id='word_1_93' title='bbox 3320 904 3379 955; x_wconf 81' lang='grc' dir='ltr'>ὲν</span> <span class='ocrx_word' id='word_1_94' title='bbox 3406 903 3489 956; x_wconf 72' lang='grc' dir='ltr'><strong>σοὶ</strong></span> <span class='ocrx_word' id='word_1_95' title='bbox 3519 904 3809 972; x_wconf 80' lang='grc' dir='ltr'>φαίνεσθαι</span> 
     </span>
    </p>
   </div>
   <div class='ocr_carea' id='block_1_15' title="bbox 2222 992 3810 1068">
    <p class='ocr_par' dir='ltr' id='par_1_15' title="bbox 2222 992 3810 1068">
     <span class='ocr_line' id='line_1_15' title="bbox 2222 992 3810 1068; baseline 0.005 -26"><span class='ocrx_word' id='word_1_96' title='bbox 2222 992 2658 1060; x_wconf 75' lang='grc' dir='ltr'><strong>παρασκευάζων</strong></span> <span class='ocrx_word' id='word_1_97' title='bbox 2684 1033 2699 1057; x_wconf 91' lang='grc'><strong>,</strong></span> <span class='ocrx_word' id='word_1_98' title='bbox 2744 992 2840 1045; x_wconf 72' lang='grc' dir='ltr'>καὶ</span> <span class='ocrx_word' id='word_1_99' title='bbox 2866 995 2981 1054; x_wconf 73' lang='grc' dir='ltr'>τοῖς</span> <span class='ocrx_word' id='word_1_100' title='bbox 3011 992 3190 1062; x_wconf 74' lang='grc' dir='ltr'>φίλοις</span> <span class='ocrx_word' id='word_1_101' title='bbox 3223 992 3323 1068; x_wconf 80' lang='grc' dir='ltr'><strong>ἔσῃ</strong></span> <span class='ocrx_word' id='word_1_102' title='bbox 3351 995 3615 1067; x_wconf 83' lang='grc' dir='ltr'><strong>πράττων</strong></span> <span class='ocrx_word' id='word_1_103' title='bbox 3647 1013 3810 1065; x_wconf 78' lang='grc' dir='ltr'>κεχα-</span> 
     </span>
    </p>
   </div>
   <div class='ocr_carea' id='block_1_16' title="bbox 534 1073 2144 1159">
    <p class='ocr_par' dir='ltr' id='par_1_16' title="bbox 534 1073 2120 1143">
     <span class='ocr_line' id='line_1_16' title="bbox 534 1073 2120 1143; baseline 0.001 -15"><span class='ocrx_word' id='word_1_104' title='bbox 534 1075 654 1136; x_wconf 87' lang='lat' dir='ltr'><strong>tim,</strong></span> <span class='ocrx_word' id='word_1_105' title='bbox 691 1074 851 1143; x_wconf 80' lang='lat' dir='ltr'><strong>idque</strong></span> <span class='ocrx_word' id='word_1_106' title='bbox 876 1088 1059 1127; x_wconf 90' lang='lat' dir='ltr'><strong>coram</strong></span> <span class='ocrx_word' id='word_1_107' title='bbox 1095 1074 1215 1127; x_wconf 89' lang='lat' dir='ltr'><strong>aliis</strong></span> <span class='ocrx_word' id='word_1_108' title='bbox 1246 1090 1260 1126; x_wconf 90' lang='lat'><strong>:</strong></span> <span class='ocrx_word' id='word_1_109' title='bbox 1294 1074 1363 1127; x_wconf 90' lang='lat' dir='ltr'><strong>ita</strong></span> <span class='ocrx_word' id='word_1_110' title='bbox 1389 1082 1443 1127; x_wconf 91' lang='lat' dir='ltr'><strong>et</strong></span> <span class='ocrx_word' id='word_1_111' title='bbox 1468 1073 1833 1142; x_wconf 86' lang='lat' dir='ltr'><strong>suspicionem</strong></span> <span class='ocrx_word' id='word_1_112' title='bbox 1864 1075 2120 1131; x_wconf 82' lang='lat' dir='ltr'><strong>adulandi</strong></span> 
     </span>
    </p>
   </div>
   <div class='ocr_carea' id='block_1_17' title="bbox 2249 1073 3810 1159">
    <p class='ocr_par' dir='ltr' id='par_1_17' title="bbox 2249 1081 3810 1159">
     <span class='ocr_line' id='line_1_17' title="bbox 2249 1081 3810 1159; baseline 0.004 -25"><span class='ocrx_word' id='word_1_113' title='bbox 2249 1083 2478 1153; x_wconf 71' lang='grc' dir='ltr'>ιισμένα,</span> <span class='ocrx_word' id='word_1_114' title='bbox 2504 1083 2746 1138; x_wconf 80' lang='grc' dir='ltr'>τοιοῦτον</span> <span class='ocrx_word' id='word_1_115' title='bbox 2771 1085 2997 1139; x_wconf 78' lang='grc' dir='ltr'>σεαυτὸν</span> <span class='ocrx_word' id='word_1_116' title='bbox 3021 1081 3162 1139; x_wconf 80' lang='grc' dir='ltr'>εἶναι</span> <span class='ocrx_word' id='word_1_117' title='bbox 3185 1089 3303 1151; x_wconf 78' lang='grc' dir='ltr'>τοῖς</span> <span class='ocrx_word' id='word_1_118' title='bbox 3340 1088 3582 1159; x_wconf 80' lang='grc' dir='ltr'>παροῦσι</span> <span class='ocrx_word' id='word_1_119' title='bbox 3613 1089 3810 1141; x_wconf 81' lang='grc' dir='ltr'>πιστώ-</span> 
     </span>
    </p>
   </div>
   <div class='ocr_carea' id='block_1_18' title="bbox 532 1165 2144 1251">
    <p class='ocr_par' dir='ltr' id='par_1_18' title="bbox 532 1165 2118 1238">
     <span class='ocr_line' id='line_1_18' title="bbox 532 1165 2118 1238; baseline 0.003 -17"><span class='ocrx_word' id='word_1_120' title='bbox 532 1166 782 1231; x_wconf 85' lang='lat' dir='ltr'><strong>evitabis,</strong></span> <span class='ocrx_word' id='word_1_121' title='bbox 839 1182 964 1221; x_wconf 92' lang='lat' dir='ltr'><strong>cum</strong></span> <span class='ocrx_word' id='word_1_122' title='bbox 1016 1181 1116 1220; x_wconf 90' lang='lat' dir='ltr'><strong>nec</strong></span> <span class='ocrx_word' id='word_1_123' title='bbox 1163 1166 1250 1219; x_wconf 90' lang='lat' dir='ltr'><strong>vel</strong></span> <span class='ocrx_word' id='word_1_124' title='bbox 1283 1165 1477 1219; x_wconf 77' lang='lat' dir='ltr'><strong>leviter</strong></span> <span class='ocrx_word' id='word_1_125' title='bbox 1522 1165 1851 1235; x_wconf 80' lang='lat' dir='ltr'><strong>impressum</strong></span> <span class='ocrx_word' id='word_1_126' title='bbox 1884 1169 2031 1238; x_wconf 89' lang='lat' dir='ltr'><strong>apud</strong></span> <span class='ocrx_word' id='word_1_127' title='bbox 2061 1178 2118 1224; x_wconf 88' lang='lat' dir='ltr'><strong>te</strong></span> 
     </span>
    </p>
   </div>
   <div class='ocr_carea' id='block_1_19' title="bbox 2249 1165 3671 1251">
    <p class='ocr_par' dir='ltr' id='par_1_19' title="bbox 2249 1173 3671 1251">
     <span class='ocr_line' id='line_1_19' title="bbox 2249 1173 3671 1251; baseline 0.004 -22"><span class='ocrx_word' id='word_1_128' title='bbox 2249 1192 2352 1240; x_wconf 74' lang='grc' dir='ltr'>τας,</span> <span class='ocrx_word' id='word_1_129' title='bbox 2386 1173 2497 1241; x_wconf 74' lang='grc' dir='ltr'>οἷος</span> <span class='ocrx_word' id='word_1_130' title='bbox 2535 1178 2721 1241; x_wconf 83' lang='grc' dir='ltr'>αὐτοῖς</span> <span class='ocrx_word' id='word_1_131' title='bbox 2752 1182 2882 1249; x_wconf 78' lang='grc' dir='ltr'>περὶ</span> <span class='ocrx_word' id='word_1_132' title='bbox 2915 1177 3026 1231; x_wconf 88' lang='grc' dir='ltr'><strong>τῶν</strong></span> <span class='ocrx_word' id='word_1_133' title='bbox 3066 1179 3320 1234; x_wconf 86' lang='grc' dir='ltr'>ἀπόντων</span> <span class='ocrx_word' id='word_1_134' title='bbox 3356 1179 3671 1251; x_wconf 76' lang='grc' dir='ltr'>ὲγνώσθης.</span> 
     </span>
    </p>
   </div>
   <div class='ocr_carea' id='block_1_20' title="bbox 533 1255 3812 1342">
    <p class='ocr_par' dir='ltr' id='par_1_20' title="bbox 533 1255 3812 1342">
     <span class='ocr_line' id='line_1_20' title="bbox 533 1255 3812 1342; baseline 0.005 -32"><span class='ocrx_word' id='word_1_135' title='bbox 533 1257 822 1326; x_wconf 78' lang='lat' dir='ltr'><strong>vestigium</strong></span> <span class='ocrx_word' id='word_1_136' title='bbox 857 1256 1001 1311; x_wconf 89' lang='lat' dir='ltr'><strong>illius</strong></span> <span class='ocrx_word' id='word_1_137' title='bbox 1032 1255 1148 1310; x_wconf 83' lang='lat' dir='ltr'><strong>vitii</strong></span> <span class='ocrx_word' id='word_1_138' title='bbox 1196 1255 1436 1310; x_wconf 81' lang='lat' dir='ltr'><strong>residere</strong></span> <span class='ocrx_word' id='word_1_139' title='bbox 1478 1271 1803 1325; x_wconf 87' lang='lat' dir='ltr'><strong>persuasum</strong></span> <span class='ocrx_word' id='word_1_140' title='bbox 1847 1259 2022 1328; x_wconf 84' lang='lat' dir='ltr'><strong>dabis,</strong></span> <span class='ocrx_word' id='word_1_141' title='bbox 2065 1276 2121 1321; x_wconf 91' lang='lat' dir='ltr'><strong>et</strong></span> <span class='ocrx_word' id='word_1_142' title='bbox 2193 1268 2382 1324; x_wconf 85' lang='lat' dir='ltr'><strong>amicis</strong></span> <span class='ocrx_word' id='word_1_143' title='bbox 2416 1285 2538 1340; x_wconf 77' lang='lat' dir='ltr'><strong>quae</strong></span> <span class='ocrx_word' id='word_1_144' title='bbox 2586 1278 2736 1342; x_wconf 86' lang='lat' dir='ltr'><strong>grata</strong></span> <span class='ocrx_word' id='word_1_145' title='bbox 2762 1281 2818 1325; x_wconf 89' lang='lat' dir='ltr'><strong>et</strong></span> <span class='ocrx_word' id='word_1_146' title='bbox 2843 1282 3065 1342; x_wconf 88' lang='lat' dir='ltr'><strong>accepta</strong></span> <span class='ocrx_word' id='word_1_147' title='bbox 3094 1282 3224 1327; x_wconf 91' lang='lat' dir='ltr'><strong>sunt</strong></span> <span class='ocrx_word' id='word_1_148' title='bbox 3282 1271 3465 1327; x_wconf 78' lang='lat' dir='ltr'><strong>facies.</strong></span> <span class='ocrx_word' id='word_1_149' title='bbox 3509 1272 3812 1329; x_wconf 66' lang='lat' dir='ltr'><strong>Praesentcs</strong></span> 
     </span>
    </p>
   </div>
   <div class='ocr_carea' id='block_1_21' title="bbox 534 1348 3743 1434">
    <p class='ocr_par' dir='ltr' id='par_1_21' title="bbox 534 1348 3743 1434">
     <span class='ocr_line' id='line_1_21' title="bbox 534 1348 3743 1434; baseline 0.004 -29"><span class='ocrx_word' id='word_1_150' title='bbox 534 1352 680 1405; x_wconf 89' lang='lat' dir='ltr'><strong>enim</strong></span> <span class='ocrx_word' id='word_1_151' title='bbox 732 1350 1104 1420; x_wconf 86' lang='lat' dir='ltr'><strong>opinabuntur</strong></span> <span class='ocrx_word' id='word_1_152' title='bbox 1135 1358 1185 1403; x_wconf 89' lang='lat' dir='ltr'><strong>te</strong></span> <span class='ocrx_word' id='word_1_153' title='bbox 1216 1348 1473 1403; x_wconf 80' lang='lat' dir='ltr'><strong>eumdem</strong></span> <span class='ocrx_word' id='word_1_154' title='bbox 1511 1364 1636 1420; x_wconf 89' lang='lat' dir='ltr'><strong>erga</strong></span> <span class='ocrx_word' id='word_1_155' title='bbox 1688 1350 1833 1420; x_wconf 85' lang='lat' dir='ltr'><strong>ipsos</strong></span> <span class='ocrx_word' id='word_1_156' title='bbox 1868 1351 2114 1414; x_wconf 82' lang='lat' dir='ltr'><strong>futurum</strong></span> <span class='ocrx_word' id='word_1_157' title='bbox 2149 1362 2305 1428; x_wconf 88' lang='lat' dir='ltr'><strong>alias,</strong></span> <span class='ocrx_word' id='word_1_158' title='bbox 2342 1378 2505 1433; x_wconf 84' lang='lat' dir='ltr'><strong>quem</strong></span> <span class='ocrx_word' id='word_1_159' title='bbox 2539 1362 2863 1433; x_wconf 80' lang='lat' dir='ltr'><strong>agnoverint</strong></span> <span class='ocrx_word' id='word_1_160' title='bbox 2892 1362 2995 1432; x_wconf 86' lang='lat' dir='ltr'><strong>ipsi</strong></span> <span class='ocrx_word' id='word_1_161' title='bbox 3029 1379 3157 1434; x_wconf 84' lang='lat' dir='ltr'><strong>erga</strong></span> <span class='ocrx_word' id='word_1_162' title='bbox 3184 1364 3439 1418; x_wconf 86' lang='lat' dir='ltr'><strong>absentes</strong></span> <span class='ocrx_word' id='word_1_163' title='bbox 3465 1373 3520 1419; x_wconf 89' lang='lat' dir='ltr'><strong>te</strong></span> <span class='ocrx_word' id='word_1_164' title='bbox 3550 1363 3743 1421; x_wconf 87' lang='lat' dir='ltr'><strong>fuisse.</strong></span> 
     </span>
    </p>
   </div>
   <div class='ocr_carea' id='block_1_22' title="bbox 604 1441 2144 1529">
    <p class='ocr_par' dir='ltr' id='par_1_22' title="bbox 604 1441 2127 1504">
     <span class='ocr_line' id='line_1_22' title="bbox 604 1441 2127 1504; baseline 0.004 -7"><span class='ocrx_word' id='word_1_165' title='bbox 604 1444 695 1498; x_wconf 72' lang='lat'><strong>42.</strong></span> <span class='ocrx_word' id='word_1_166' title='bbox 728 1443 809 1498; x_wconf 76' lang='lat' dir='ltr'><strong>Ad</strong></span> <span class='ocrx_word' id='word_1_167' title='bbox 851 1443 997 1497; x_wconf 86' lang='lat' dir='ltr'><strong>hunc</strong></span> <span class='ocrx_word' id='word_1_168' title='bbox 1039 1442 1259 1497; x_wconf 89' lang='lat' dir='ltr'><strong>modum</strong></span> <span class='ocrx_word' id='word_1_169' title='bbox 1305 1441 1396 1495; x_wconf 90' lang='lat' dir='ltr'><strong>ubi</strong></span> <span class='ocrx_word' id='word_1_170' title='bbox 1427 1449 1482 1495; x_wconf 91' lang='lat' dir='ltr'><strong>te</strong></span> <span class='ocrx_word' id='word_1_171' title='bbox 1508 1441 1698 1497; x_wconf 89' lang='lat' dir='ltr'><strong>amicis</strong></span> <span class='ocrx_word' id='word_1_172' title='bbox 1744 1448 2127 1504; x_wconf 90' lang='lat' dir='ltr'><strong>communive-</strong></span> 
     </span>
    </p>
   </div>
   <div class='ocr_carea' id='block_1_23' title="bbox 2249 1441 3815 1529">
    <p class='ocr_par' dir='ltr' id='par_1_23' title="bbox 2301 1453 3815 1529">
     <span class='ocr_line' id='line_1_23' title="bbox 2301 1453 3815 1529; baseline -0.015 -19"><span class='ocrx_word' id='word_1_173' title='bbox 2301 1453 2410 1523; x_wconf 68' lang='grc' dir='ltr'>μβν.</span> <span class='ocrx_word' id='word_1_174' title='bbox 2446 1454 2602 1507; x_wconf 77' lang='grc' dir='ltr'>Οὕτω</span> <span class='ocrx_word' id='word_1_175' title='bbox 2629 1454 2686 1507; x_wconf 79' lang='grc' dir='ltr'>δὲ</span> <span class='ocrx_word' id='word_1_176' title='bbox 2719 1455 2947 1509; x_wconf 76' lang='grc' dir='ltr'>σεαυτὸν</span> <span class='ocrx_word' id='word_1_177' title='bbox 2982 1454 3137 1526; x_wconf 75' lang='grc' dir='ltr'>φιλίᾳ</span> <span class='ocrx_word' id='word_1_178' title='bbox 3181 1454 3531 1526; x_wconf 62' lang='grc' dir='ltr'>περιφράξας</span> <span class='ocrx_word' id='word_1_179' title='bbox 3567 1456 3672 1529; x_wconf 56' lang='lat' dir='ltr'><strong>{an</strong></span> <span class='ocrx_word' id='word_1_180' title='bbox 3706 1462 3815 1521; x_wconf 46' lang='lat' dir='ltr'><strong>tot;</strong></span> 
     </span>
    </p>
   </div>
   <div class='ocr_carea' id='block_1_24' title="bbox 537 1532 2144 1621">
    <p class='ocr_par' dir='ltr' id='par_1_24' title="bbox 537 1532 2129 1605">
     <span class='ocr_line' id='line_1_24' title="bbox 537 1532 2129 1605; baseline 0.002 -13"><span class='ocrx_word' id='word_1_181' title='bbox 537 1539 632 1602; x_wconf 89' lang='lat' dir='ltr'><strong>ris,</strong></span> <span class='ocrx_word' id='word_1_182' title='bbox 685 1538 794 1591; x_wconf 90' lang='lat' dir='ltr'><strong>eris</strong></span> <span class='ocrx_word' id='word_1_183' title='bbox 845 1537 898 1589; x_wconf 91' lang='lat' dir='ltr'><strong>in</strong></span> <span class='ocrx_word' id='word_1_184' title='bbox 950 1535 1070 1588; x_wconf 83' lang='lat' dir='ltr'><strong>illos</strong></span> <span class='ocrx_word' id='word_1_185' title='bbox 1120 1534 1216 1605; x_wconf 88' lang='lat' dir='ltr'><strong>qui</strong></span> <span class='ocrx_word' id='word_1_186' title='bbox 1269 1542 1462 1587; x_wconf 84' lang='lat' dir='ltr'><strong>contra</strong></span> <span class='ocrx_word' id='word_1_187' title='bbox 1515 1532 1652 1589; x_wconf 84' lang='lat' dir='ltr'><strong>alios</strong></span> <span class='ocrx_word' id='word_1_188' title='bbox 1708 1542 1822 1589; x_wconf 91' lang='lat' dir='ltr'><strong>tum</strong></span> <span class='ocrx_word' id='word_1_189' title='bbox 1868 1537 2034 1593; x_wconf 89' lang='lat' dir='ltr'><strong>etiam</strong></span> <span class='ocrx_word' id='word_1_190' title='bbox 2072 1540 2129 1595; x_wconf 93' lang='lat' dir='ltr'><strong>in</strong></span> 
     </span>
    </p>
   </div>
   <div class='ocr_carea' id='block_1_25' title="bbox 2249 1532 3817 1621">
    <p class='ocr_par' dir='ltr' id='par_1_25' title="bbox 2249 1548 3817 1621">
     <span class='ocr_line' id='line_1_25' title="bbox 2249 1548 3817 1621; baseline 0.003 -22"><span class='ocrx_word' id='word_1_191' title='bbox 2249 1548 2330 1599; x_wconf 79' lang='grc' dir='ltr'>ιὲν</span> <span class='ocrx_word' id='word_1_192' title='bbox 2360 1549 2439 1610; x_wconf 78' lang='grc' dir='ltr'><strong>είς</strong></span> <span class='ocrx_word' id='word_1_193' title='bbox 2466 1548 2691 1617; x_wconf 76' lang='grc' dir='ltr'>ἑτέρους</span> <span class='ocrx_word' id='word_1_194' title='bbox 2716 1548 2810 1600; x_wconf 76' lang='grc' dir='ltr'>καὶ</span> <span class='ocrx_word' id='word_1_195' title='bbox 2842 1550 2923 1611; x_wconf 80' lang='grc' dir='ltr'><strong>είς</strong></span> <span class='ocrx_word' id='word_1_196' title='bbox 2946 1549 3016 1602; x_wconf 86' lang='grc' dir='ltr'><strong>τά</strong></span> <span class='ocrx_word' id='word_1_197' title='bbox 3041 1549 3197 1603; x_wconf 88' lang='grc' dir='ltr'>κοινά</span> <span class='ocrx_word' id='word_1_198' title='bbox 3230 1549 3661 1621; x_wconf 77' lang='grc' dir='ltr'><strong>πλημμελοῦσιν</strong></span> <span class='ocrx_word' id='word_1_199' title='bbox 3687 1555 3817 1606; x_wconf 82' lang='grc' dir='ltr'>ἀπα-</span> 
     </span>
    </p>
   </div>
   <div class='ocr_carea' id='block_1_26' title="bbox 537 1622 3813 1713">
    <p class='ocr_par' dir='ltr' id='par_1_26' title="bbox 537 1622 3813 1713">
     <span class='ocr_line' id='line_1_26' title="bbox 537 1622 3813 1713; baseline 0.005 -34"><span class='ocrx_word' id='word_1_200' title='bbox 537 1626 927 1696; x_wconf 82' lang='lat' dir='ltr'><strong>rempublicam</strong></span> <span class='ocrx_word' id='word_1_201' title='bbox 975 1623 1329 1693; x_wconf 84' lang='lat' dir='ltr'><strong>deliquerint,</strong></span> <span class='ocrx_word' id='word_1_202' title='bbox 1390 1622 1787 1692; x_wconf 85' lang='lat' dir='ltr'><strong>implacabilis;</strong></span> <span class='ocrx_word' id='word_1_203' title='bbox 1833 1625 1930 1680; x_wconf 87' lang='lat' dir='ltr'><strong>sed</strong></span> <span class='ocrx_word' id='word_1_204' title='bbox 1975 1642 2128 1682; x_wconf 91' lang='lat' dir='ltr'><strong>com-</strong></span> <span class='ocrx_word' id='word_1_205' title='bbox 2229 1638 2641 1709; x_wconf 79' lang='grc' dir='ltr'>ραίτητος,τοῖς</span> <span class='ocrx_word' id='word_1_206' title='bbox 2663 1640 2719 1692; x_wconf 71' lang='grc' dir='ltr'>δὲ</span> <span class='ocrx_word' id='word_1_207' title='bbox 2742 1640 2822 1703; x_wconf 85' lang='grc' dir='ltr'>εις</span> <span class='ocrx_word' id='word_1_208' title='bbox 2848 1640 2907 1693; x_wconf 80' lang='grc' dir='ltr'>σὲ</span> <span class='ocrx_word' id='word_1_209' title='bbox 2926 1640 3308 1713; x_wconf 82' lang='grc' dir='ltr'>ἁμαρτάνουσι</span> <span class='ocrx_word' id='word_1_210' title='bbox 3333 1641 3813 1712; x_wconf 76' lang='grc' dir='ltr'>συμπαθέστατος.</span> 
     </span>
    </p>
   </div>
   <div class='ocr_carea' id='block_1_27' title="bbox 537 1715 2144 1803">
    <p class='ocr_par' dir='ltr' id='par_1_27' title="bbox 537 1715 2125 1788">
     <span class='ocr_line' id='line_1_27' title="bbox 537 1715 2125 1788; baseline -0.001 -14"><span class='ocrx_word' id='word_1_211' title='bbox 537 1720 847 1774; x_wconf 79' lang='lat' dir='ltr'><strong>misericors</strong></span> <span class='ocrx_word' id='word_1_212' title='bbox 881 1719 935 1771; x_wconf 91' lang='lat' dir='ltr'><strong>in</strong></span> <span class='ocrx_word' id='word_1_213' title='bbox 986 1733 1080 1771; x_wconf 89' lang='lat' dir='ltr'><strong>eos</strong></span> <span class='ocrx_word' id='word_1_214' title='bbox 1116 1716 1210 1786; x_wconf 87' lang='lat' dir='ltr'><strong>qui</strong></span> <span class='ocrx_word' id='word_1_215' title='bbox 1238 1727 1290 1769; x_wconf 91' lang='lat' dir='ltr'><strong>te</strong></span> <span class='ocrx_word' id='word_1_216' title='bbox 1326 1715 1681 1771; x_wconf 75' lang='lat' dir='ltr'><strong>offenderint.</strong></span> <span class='ocrx_word' id='word_1_217' title='bbox 1724 1715 1805 1770; x_wconf 87' lang='lat' dir='ltr'><strong>Ita</strong></span> <span class='ocrx_word' id='word_1_218' title='bbox 1833 1718 1980 1774; x_wconf 91' lang='lat' dir='ltr'><strong>enim</strong></span> <span class='ocrx_word' id='word_1_219' title='bbox 2011 1720 2125 1788; x_wconf 78' lang='lat' dir='ltr'><strong>fiet,</strong></span> 
     </span>
    </p>
   </div>
   <div class='ocr_carea' id='block_1_28' title="bbox 2249 1715 3817 1803">
    <p class='ocr_par' dir='ltr' id='par_1_28' title="bbox 2249 1729 3817 1803">
     <span class='ocr_line' id='line_1_28' title="bbox 2249 1729 3817 1803; baseline 0.003 -21"><span class='ocrx_word' id='word_1_220' title='bbox 2249 1730 2325 1783; x_wconf 63' lang='lat' dir='ltr'><strong>ut</strong></span> <span class='ocrx_word' id='word_1_221' title='bbox 2363 1729 2463 1799; x_wconf 87' lang='grc' dir='ltr'>μὲν</span> <span class='ocrx_word' id='word_1_222' title='bbox 2490 1729 2599 1802; x_wconf 88' lang='grc' dir='ltr'><strong>γάρ</strong></span> <span class='ocrx_word' id='word_1_223' title='bbox 2624 1731 2836 1784; x_wconf 78' lang='grc' dir='ltr'>ἐκείνου</span> <span class='ocrx_word' id='word_1_224' title='bbox 2867 1731 3098 1802; x_wconf 80' lang='grc' dir='ltr'>εὐνομία</span> <span class='ocrx_word' id='word_1_225' title='bbox 3128 1729 3281 1785; x_wconf 74' lang='grc' dir='ltr'>ἔσται</span> <span class='ocrx_word' id='word_1_226' title='bbox 3310 1734 3376 1802; x_wconf 84' lang='grc' dir='ltr'><strong>τῇ</strong></span> <span class='ocrx_word' id='word_1_227' title='bbox 3409 1731 3695 1803; x_wconf 75' lang='grc' dir='ltr'>πολιτείᾳ,</span> <span class='ocrx_word' id='word_1_228' title='bbox 3727 1737 3817 1786; x_wconf 72' lang='grc' dir='ltr'>καὶ</span> 
     </span>
    </p>
   </div>
   <div class='ocr_carea' id='block_1_29' title="bbox 539 1807 2144 1912">
    <p class='ocr_par' dir='ltr' id='par_1_29' title="bbox 539 1807 2121 1879">
     <span class='ocr_line' id='line_1_29' title="bbox 539 1807 2121 1879; baseline 0.001 -14"><span class='ocrx_word' id='word_1_229' title='bbox 539 1820 601 1864; x_wconf 92' lang='lat' dir='ltr'><strong>ut</strong></span> <span class='ocrx_word' id='word_1_230' title='bbox 629 1820 777 1864; x_wconf 88' lang='lat' dir='ltr'><strong>recte</strong></span> <span class='ocrx_word' id='word_1_231' title='bbox 807 1810 858 1863; x_wconf 91' lang='lat' dir='ltr'><strong>in</strong></span> <span class='ocrx_word' id='word_1_232' title='bbox 885 1808 1161 1879; x_wconf 89' lang='lat' dir='ltr'><strong>republica</strong></span> <span class='ocrx_word' id='word_1_233' title='bbox 1202 1808 1500 1877; x_wconf 84' lang='lat' dir='ltr'><strong>procedant</strong></span> <span class='ocrx_word' id='word_1_234' title='bbox 1538 1807 1704 1878; x_wconf 89' lang='lat' dir='ltr'><strong>leges,</strong></span> <span class='ocrx_word' id='word_1_235' title='bbox 1741 1817 1799 1863; x_wconf 82' lang='lat' dir='ltr'><strong>et</strong></span> <span class='ocrx_word' id='word_1_236' title='bbox 1842 1809 1982 1866; x_wconf 88' lang='lat' dir='ltr'><strong>bene</strong></span> <span class='ocrx_word' id='word_1_237' title='bbox 2026 1827 2121 1867; x_wconf 84' lang='lat' dir='ltr'><strong>oo-</strong></span> 
     </span>
    </p>
   </div>
   <div class='ocr_carea' id='block_1_30' title="bbox 2249 1807 3820 1912">
    <p class='ocr_par' dir='ltr' id='par_1_30' title="bbox 2249 1822 3820 1897">
     <span class='ocr_line' id='line_1_30' title="bbox 2249 1822 3820 1897; baseline 0.003 -22"><span class='ocrx_word' id='word_1_238' title='bbox 2249 1824 2261 1892; x_wconf 68' lang='lat' dir='ltr'><strong>j</strong></span> <span class='ocrx_word' id='word_1_239' title='bbox 2309 1822 2376 1893; x_wconf 78' lang='grc' dir='ltr'>σὴ</span> <span class='ocrx_word' id='word_1_240' title='bbox 2430 1822 2560 1893; x_wconf 77' lang='grc' dir='ltr'>περὶ</span> <span class='ocrx_word' id='word_1_241' title='bbox 2606 1824 2733 1887; x_wconf 74' lang='grc' dir='ltr'>τοὺς</span> <span class='ocrx_word' id='word_1_242' title='bbox 2771 1824 3112 1895; x_wconf 78' lang='grc' dir='ltr'>ἀρχομένους</span> <span class='ocrx_word' id='word_1_243' title='bbox 3167 1824 3423 1894; x_wconf 73' lang='grc' dir='ltr'>ἐπίδηλος</span> <span class='ocrx_word' id='word_1_244' title='bbox 3469 1827 3686 1897; x_wconf 83' lang='grc' dir='ltr'>σπουδὴ</span> <span class='ocrx_word' id='word_1_245' title='bbox 3732 1829 3820 1880; x_wconf 69' lang='grc' dir='ltr'>καὶ</span> 
     </span>
    </p>
   </div>
   <div class='ocr_carea' id='block_1_31' title="bbox 541 1897 2144 1988">
    <p class='ocr_par' dir='ltr' id='par_1_31' title="bbox 541 1902 2116 1976">
     <span class='ocr_line' id='line_1_31' title="bbox 541 1902 2116 1976; baseline 0.002 -18"><span class='ocrx_word' id='word_1_246' title='bbox 541 1905 690 1976; x_wconf 80' lang='lat' dir='ltr'><strong>guita</strong></span> <span class='ocrx_word' id='word_1_247' title='bbox 725 1914 778 1959; x_wconf 91' lang='lat' dir='ltr'><strong>et</strong></span> <span class='ocrx_word' id='word_1_248' title='bbox 800 1913 1084 1974; x_wconf 87' lang='lat' dir='ltr'><strong>perspecta</strong></span> <span class='ocrx_word' id='word_1_249' title='bbox 1115 1904 1221 1956; x_wconf 92' lang='lat' dir='ltr'><strong>erit</strong></span> <span class='ocrx_word' id='word_1_250' title='bbox 1245 1902 1333 1956; x_wconf 85' lang='lat' dir='ltr'><strong>illa</strong></span> <span class='ocrx_word' id='word_1_251' title='bbox 1366 1918 1496 1956; x_wconf 92' lang='lat' dir='ltr'><strong>cura</strong></span> <span class='ocrx_word' id='word_1_252' title='bbox 1529 1912 1585 1958; x_wconf 90' lang='lat' dir='ltr'><strong>et</strong></span> <span class='ocrx_word' id='word_1_253' title='bbox 1610 1903 1919 1960; x_wconf 90' lang='lat' dir='ltr'><strong>sollicitudo</strong></span> <span class='ocrx_word' id='word_1_254' title='bbox 1952 1921 2116 1976; x_wconf 92' lang='lat' dir='ltr'><strong>quam</strong></span> 
     </span>
    </p>
   </div>
   <div class='ocr_carea' id='block_1_32' title="bbox 2249 1897 3837 1988">
    <p class='ocr_par' dir='ltr' id='par_1_32' title="bbox 2249 1897 3837 1988">
     <span class='ocr_line' id='line_1_32' title="bbox 2249 1897 3837 1988; baseline 0.004 -21"><span class='ocrx_word' id='word_1_255' title='bbox 2249 1914 2557 1986; x_wconf 85' lang='grc' dir='ltr'>ιηδεμονία·</span> <span class='ocrx_word' id='word_1_256' title='bbox 2593 1914 2681 1969; x_wconf 86' lang='grc' dir='ltr'><strong>διά</strong></span> <span class='ocrx_word' id='word_1_257' title='bbox 2711 1916 2769 1969; x_wconf 77' lang='grc' dir='ltr'>δὲ</span> <span class='ocrx_word' id='word_1_258' title='bbox 2805 1915 3000 1969; x_wconf 85' lang='grc' dir='ltr'>τούτου</span> <span class='ocrx_word' id='word_1_259' title='bbox 3027 1917 3089 1970; x_wconf 79' lang='grc' dir='ltr'>τὸ</span> <span class='ocrx_word' id='word_1_260' title='bbox 3121 1916 3511 1988; x_wconf 75' lang='grc' dir='ltr'>φιλάνθρωπον</span> <span class='ocrx_word' id='word_1_261' title='bbox 3552 1919 3657 1988; x_wconf 79' lang='grc' dir='ltr'>τῆς</span> 
     </span>
    </p>
   </div>
   <div class='ocr_carea' id='block_1_33' title="bbox 540 1993 2144 2081">
    <p class='ocr_par' dir='ltr' id='par_1_33' title="bbox 540 1993 2131 2068">
     <span class='ocr_line' id='line_1_33' title="bbox 540 1993 2131 2068; baseline 0.001 -18"><span class='ocrx_word' id='word_1_262' title='bbox 540 2014 666 2068; x_wconf 84' lang='lat' dir='ltr'><strong>erga</strong></span> <span class='ocrx_word' id='word_1_263' title='bbox 706 1996 951 2049; x_wconf 87' lang='lat' dir='ltr'><strong>subditos</strong></span> <span class='ocrx_word' id='word_1_264' title='bbox 994 1993 1252 2064; x_wconf 87' lang='lat' dir='ltr'><strong>geris.lta</strong></span> <span class='ocrx_word' id='word_1_265' title='bbox 1280 2009 1499 2063; x_wconf 90' lang='lat' dir='ltr'><strong>quoque</strong></span> <span class='ocrx_word' id='word_1_266' title='bbox 1533 1993 1645 2058; x_wconf 84' lang='lat' dir='ltr'><strong>ﬂet,</strong></span> <span class='ocrx_word' id='word_1_267' title='bbox 1700 2002 1758 2048; x_wconf 91' lang='lat' dir='ltr'><strong>ut</strong></span> <span class='ocrx_word' id='word_1_268' title='bbox 1797 1995 2131 2068; x_wconf 83' lang='lat' dir='ltr'><strong>intelligatur</strong></span> 
     </span>
    </p>
   </div>
   <div class='ocr_carea' id='block_1_34' title="bbox 2249 1993 3824 2081">
    <p class='ocr_par' dir='ltr' id='par_1_34' title="bbox 2249 2005 3824 2081">
     <span class='ocr_line' id='line_1_34' title="bbox 2249 2005 3824 2081; baseline 0.003 -22"><span class='ocrx_word' id='word_1_269' title='bbox 2249 2023 2345 2076; x_wconf 63' lang='lat' dir='ltr'><strong>an;</strong></span> <span class='ocrx_word' id='word_1_270' title='bbox 2367 2006 2464 2061; x_wconf 82' lang='grc' dir='ltr'>καὶ</span> <span class='ocrx_word' id='word_1_271' title='bbox 2494 2008 2523 2060; x_wconf 88' lang='grc' dir='ltr'><strong>ό</strong></span> <span class='ocrx_word' id='word_1_272' title='bbox 2558 2005 2831 2077; x_wconf 79' lang='grc' dir='ltr'>βασίλειος</span> <span class='ocrx_word' id='word_1_273' title='bbox 2859 2006 2935 2071; x_wconf 85' lang='grc' dir='ltr'><strong>ὡς</strong></span> <span class='ocrx_word' id='word_1_274' title='bbox 2961 2007 3179 2078; x_wconf 78' lang='grc' dir='ltr'>ἀληθῶς</span> <span class='ocrx_word' id='word_1_275' title='bbox 3207 2008 3660 2080; x_wconf 83' lang='grc' dir='ltr'>ἀνακηρύττεται</span> <span class='ocrx_word' id='word_1_276' title='bbox 3701 2011 3824 2081; x_wconf 75' lang='grc' dir='ltr'><strong>τρὸο</strong></span> 
     </span>
    </p>
   </div>
   <div class='ocr_carea' id='block_1_35' title="bbox 540 2087 2144 2172">
    <p class='ocr_par' dir='ltr' id='par_1_35' title="bbox 540 2087 2132 2159">
     <span class='ocr_line' id='line_1_35' title="bbox 540 2087 2132 2159; baseline 0.003 -19"><span class='ocrx_word' id='word_1_277' title='bbox 540 2104 703 2159; x_wconf 89' lang='lat' dir='ltr'><strong>quam</strong></span> <span class='ocrx_word' id='word_1_278' title='bbox 755 2090 1029 2142; x_wconf 89' lang='lat' dir='ltr'><strong>humanus</strong></span> <span class='ocrx_word' id='word_1_279' title='bbox 1072 2087 1166 2151; x_wconf 89' lang='lat' dir='ltr'><strong>sis,</strong></span> <span class='ocrx_word' id='word_1_280' title='bbox 1208 2096 1264 2141; x_wconf 91' lang='lat' dir='ltr'><strong>et</strong></span> <span class='ocrx_word' id='word_1_281' title='bbox 1293 2088 1433 2141; x_wconf 89' lang='lat' dir='ltr'><strong>bene</strong></span> <span class='ocrx_word' id='word_1_282' title='bbox 1480 2088 1774 2153; x_wconf 88' lang='lat' dir='ltr'><strong>animatus,</strong></span> <span class='ocrx_word' id='word_1_283' title='bbox 1820 2088 1913 2158; x_wconf 89' lang='lat' dir='ltr'><strong>qui</strong></span> <span class='ocrx_word' id='word_1_284' title='bbox 1950 2105 2132 2145; x_wconf 88' lang='lat' dir='ltr'><strong>mores</strong></span> 
     </span>
    </p>
   </div>
   <div class='ocr_carea' id='block_1_36' title="bbox 2249 2087 3823 2172">
    <p class='ocr_par' dir='ltr' id='par_1_36' title="bbox 2249 2099 3823 2172">
     <span class='ocr_line' id='line_1_36' title="bbox 2249 2099 3823 2172; baseline 0.003 -21"><span class='ocrx_word' id='word_1_285' title='bbox 2249 2115 2355 2161; x_wconf 73' lang='grc' dir='ltr'>[τος.</span> <span class='ocrx_word' id='word_1_286' title='bbox 2384 2099 2444 2152; x_wconf 77' lang='lat' dir='ltr'><strong>Oi</strong></span> <span class='ocrx_word' id='word_1_287' title='bbox 2481 2099 2581 2169; x_wconf 88' lang='grc' dir='ltr'>μὲν</span> <span class='ocrx_word' id='word_1_288' title='bbox 2610 2099 2719 2170; x_wconf 83' lang='grc' dir='ltr'>γὰρ</span> <span class='ocrx_word' id='word_1_289' title='bbox 2746 2099 3001 2172; x_wconf 85' lang='grc' dir='ltr'>τύραννοι</span> <span class='ocrx_word' id='word_1_290' title='bbox 3031 2101 3099 2154; x_wconf 86' lang='grc' dir='ltr'><strong>τά</strong></span> <span class='ocrx_word' id='word_1_291' title='bbox 3129 2100 3284 2155; x_wconf 87' lang='grc' dir='ltr'>κοινά</span> <span class='ocrx_word' id='word_1_292' title='bbox 3315 2100 3427 2153; x_wconf 91' lang='grc' dir='ltr'><strong>τῶν</strong></span> <span class='ocrx_word' id='word_1_293' title='bbox 3457 2101 3823 2172; x_wconf 77' lang='grc' dir='ltr'>ἀδικημάτων</span> 
     </span>
    </p>
   </div>
   <div class='ocr_carea' id='block_1_37' title="bbox 544 2180 2144 2263">
    <p class='ocr_par' dir='ltr' id='par_1_37' title="bbox 544 2180 2129 2253">
     <span class='ocr_line' id='line_1_37' title="bbox 544 2180 2129 2253; baseline 0.001 -16"><span class='ocrx_word' id='word_1_294' title='bbox 544 2198 727 2253; x_wconf 88' lang='lat' dir='ltr'><strong>regem</strong></span> <span class='ocrx_word' id='word_1_295' title='bbox 799 2196 924 2236; x_wconf 93' lang='lat' dir='ltr'><strong>cum</strong></span> <span class='ocrx_word' id='word_1_296' title='bbox 981 2181 1233 2246; x_wconf 80' lang='lat' dir='ltr'><strong>deceant,</strong></span> <span class='ocrx_word' id='word_1_297' title='bbox 1298 2180 1353 2235; x_wconf 92' lang='lat' dir='ltr'><strong>in</strong></span> <span class='ocrx_word' id='word_1_298' title='bbox 1412 2195 1466 2236; x_wconf 88' lang='lat' dir='ltr'><strong>te</strong></span> <span class='ocrx_word' id='word_1_299' title='bbox 1520 2190 1681 2236; x_wconf 89' lang='lat' dir='ltr'><strong>erunt</strong></span> <span class='ocrx_word' id='word_1_300' title='bbox 1733 2182 2129 2252; x_wconf 65' lang='lat' dir='ltr'><strong>praedicabiles.</strong></span> 
     </span>
    </p>
   </div>
   <div class='ocr_carea' id='block_1_38' title="bbox 2249 2180 3827 2263">
    <p class='ocr_par' dir='ltr' id='par_1_38' title="bbox 2249 2189 3827 2263">
     <span class='ocr_line' id='line_1_38' title="bbox 2249 2189 3827 2263; baseline 0.01 -23"><span class='ocrx_word' id='word_1_301' title='bbox 2249 2190 2330 2241; x_wconf 68' lang='lat' dir='ltr'><strong>ml.</strong></span> <span class='ocrx_word' id='word_1_302' title='bbox 2366 2189 2435 2242; x_wconf 87' lang='grc' dir='ltr'><strong>τά</strong></span> <span class='ocrx_word' id='word_1_303' title='bbox 2481 2191 2563 2253; x_wconf 84' lang='grc' dir='ltr'><strong>είς</strong></span> <span class='ocrx_word' id='word_1_304' title='bbox 2601 2189 2866 2261; x_wconf 86' lang='grc' dir='ltr'>ἀλλήλους</span> <span class='ocrx_word' id='word_1_305' title='bbox 2900 2190 3163 2255; x_wconf 85' lang='grc' dir='ltr'>πολλάκις</span> <span class='ocrx_word' id='word_1_306' title='bbox 3198 2191 3521 2262; x_wconf 83' lang='grc' dir='ltr'>ὑπερορῶσι</span> <span class='ocrx_word' id='word_1_307' title='bbox 3542 2231 3559 2254; x_wconf 90' lang='grc'><strong>,</strong></span> <span class='ocrx_word' id='word_1_308' title='bbox 3612 2192 3827 2263; x_wconf 71' lang='grc' dir='ltr'>πικρῶς</span> 
     </span>
    </p>
   </div>
   <div class='ocr_carea' id='block_1_39' title="bbox 542 2271 2144 2355">
    <p class='ocr_par' dir='ltr' id='par_1_39' title="bbox 542 2271 2137 2344">
     <span class='ocr_line' id='line_1_39' title="bbox 542 2271 2137 2344; baseline 0.001 -18"><span class='ocrx_word' id='word_1_309' title='bbox 542 2271 781 2344; x_wconf 84' lang='lat' dir='ltr'><strong>Tyranni</strong></span> <span class='ocrx_word' id='word_1_310' title='bbox 844 2272 1167 2343; x_wconf 90' lang='lat' dir='ltr'><strong>plerumque</strong></span> <span class='ocrx_word' id='word_1_311' title='bbox 1219 2271 1500 2342; x_wconf 86' lang='lat' dir='ltr'><strong>negligunt</strong></span> <span class='ocrx_word' id='word_1_312' title='bbox 1547 2280 1605 2326; x_wconf 89' lang='lat' dir='ltr'><strong>et</strong></span> <span class='ocrx_word' id='word_1_313' title='bbox 1655 2271 1880 2342; x_wconf 82' lang='lat' dir='ltr'><strong>insuper</strong></span> <span class='ocrx_word' id='word_1_314' title='bbox 1932 2272 2137 2328; x_wconf 85' lang='lat' dir='ltr'><strong>habent</strong></span> 
     </span>
    </p>
   </div>
   <div class='ocr_carea' id='block_1_40' title="bbox 2249 2271 3827 2355">
    <p class='ocr_par' dir='ltr' id='par_1_40' title="bbox 2249 2281 3827 2355">
     <span class='ocr_line' id='line_1_40' title="bbox 2249 2281 3827 2355; baseline 0.002 -21"><span class='ocrx_word' id='word_1_315' title='bbox 2249 2281 2292 2335; x_wconf 73' lang='grc' dir='ltr'><strong>Ξὲ</strong></span> <span class='ocrx_word' id='word_1_316' title='bbox 2319 2281 2389 2335; x_wconf 85' lang='grc' dir='ltr'><strong>τὰ</strong></span> <span class='ocrx_word' id='word_1_317' title='bbox 2429 2284 2509 2345; x_wconf 82' lang='grc' dir='ltr'>εἰς</span> <span class='ocrx_word' id='word_1_318' title='bbox 2539 2283 2768 2346; x_wconf 76' lang='grc' dir='ltr'>ἑαυτοὺς</span> <span class='ocrx_word' id='word_1_319' title='bbox 2799 2284 3112 2351; x_wconf 69' lang='grc' dir='ltr'><strong>ἐξετάζουσι</strong></span> <span class='ocrx_word' id='word_1_320' title='bbox 3134 2302 3149 2317; x_wconf 76' lang='grc' dir='ltr'><strong>ο</strong></span> <span class='ocrx_word' id='word_1_321' title='bbox 3182 2284 3450 2355; x_wconf 88' lang='grc' dir='ltr'>βασιλέως</span> <span class='ocrx_word' id='word_1_322' title='bbox 3490 2284 3552 2338; x_wconf 82' lang='grc' dir='ltr'><strong>δέ</strong></span> <span class='ocrx_word' id='word_1_323' title='bbox 3588 2286 3713 2339; x_wconf 71' lang='grc' dir='ltr'>ἔστι</span> <span class='ocrx_word' id='word_1_324' title='bbox 3739 2288 3827 2339; x_wconf 78' lang='grc' dir='ltr'>καὶ</span> 
     </span>
    </p>
   </div>
   <div class='ocr_carea' id='block_1_41' title="bbox 542 2362 2144 2450">
    <p class='ocr_par' dir='ltr' id='par_1_41' title="bbox 542 2362 2135 2435">
     <span class='ocr_line' id='line_1_41' title="bbox 542 2362 2135 2435; baseline 0 -17"><span class='ocrx_word' id='word_1_325' title='bbox 542 2364 771 2433; x_wconf 83' lang='lat' dir='ltr'><strong>injurias</strong></span> <span class='ocrx_word' id='word_1_326' title='bbox 817 2362 1197 2417; x_wconf 89' lang='lat' dir='ltr'><strong>communitati</strong></span> <span class='ocrx_word' id='word_1_327' title='bbox 1244 2362 1529 2416; x_wconf 88' lang='lat' dir='ltr'><strong>hominum</strong></span> <span class='ocrx_word' id='word_1_328' title='bbox 1563 2373 1727 2432; x_wconf 83' lang='lat' dir='ltr'><strong>atque</strong></span> <span class='ocrx_word' id='word_1_329' title='bbox 1764 2362 1887 2418; x_wconf 87' lang='lat' dir='ltr'><strong>aliis</strong></span> <span class='ocrx_word' id='word_1_330' title='bbox 1926 2363 2135 2435; x_wconf 88' lang='lat' dir='ltr'><strong>irroga-</strong></span> 
     </span>
    </p>
   </div>
   <div class='ocr_carea' id='block_1_42' title="bbox 2249 2362 3826 2450">
    <p class='ocr_par' dir='ltr' id='par_1_42' title="bbox 2249 2375 3826 2450">
     <span class='ocr_line' id='line_1_42' title="bbox 2249 2375 3826 2450; baseline 0.003 -22"><span class='ocrx_word' id='word_1_331' title='bbox 2249 2375 2415 2446; x_wconf 69' lang='grc' dir='ltr'>Ξρχῆς</span> <span class='ocrx_word' id='word_1_332' title='bbox 2448 2377 2827 2449; x_wconf 84' lang='grc' dir='ltr'>έννομωτάτης</span> <span class='ocrx_word' id='word_1_333' title='bbox 2860 2378 3041 2447; x_wconf 73' lang='grc' dir='ltr'>ἔργον,</span> <span class='ocrx_word' id='word_1_334' title='bbox 3069 2380 3137 2434; x_wconf 87' lang='grc' dir='ltr'><strong>τά</strong></span> <span class='ocrx_word' id='word_1_335' title='bbox 3173 2379 3273 2450; x_wconf 81' lang='grc' dir='ltr'>μὲν</span> <span class='ocrx_word' id='word_1_336' title='bbox 3305 2382 3386 2443; x_wconf 82' lang='grc' dir='ltr'>εἰς</span> <span class='ocrx_word' id='word_1_337' title='bbox 3413 2380 3617 2433; x_wconf 80' lang='grc' dir='ltr'>ἑαυτὸν</span> <span class='ocrx_word' id='word_1_338' title='bbox 3641 2380 3826 2449; x_wconf 75' lang='grc' dir='ltr'>φιλαν-</span> 
     </span>
    </p>
   </div>
   <div class='ocr_carea' id='block_1_43' title="bbox 545 2455 2144 2543">
    <p class='ocr_par' dir='ltr' id='par_1_43' title="bbox 545 2455 2137 2527">
     <span class='ocr_line' id='line_1_43' title="bbox 545 2455 2137 2527; baseline 0 -16"><span class='ocrx_word' id='word_1_339' title='bbox 545 2468 648 2523; x_wconf 87' lang='lat' dir='ltr'><strong>tas,</strong></span> <span class='ocrx_word' id='word_1_340' title='bbox 692 2457 788 2511; x_wconf 86' lang='lat' dir='ltr'><strong>sed</strong></span> <span class='ocrx_word' id='word_1_341' title='bbox 832 2472 959 2511; x_wconf 87' lang='lat' dir='ltr'><strong>suas</strong></span> <span class='ocrx_word' id='word_1_342' title='bbox 984 2456 1233 2525; x_wconf 86' lang='lat' dir='ltr'><strong>ipsorum</strong></span> <span class='ocrx_word' id='word_1_343' title='bbox 1276 2455 1529 2525; x_wconf 84' lang='lat' dir='ltr'><strong>proprias</strong></span> <span class='ocrx_word' id='word_1_344' title='bbox 1577 2455 1904 2527; x_wconf 78' lang='lat' dir='ltr'><strong>rigidissime</strong></span> <span class='ocrx_word' id='word_1_345' title='bbox 1957 2457 2137 2511; x_wconf 87' lang='lat' dir='ltr'><strong>solent</strong></span> 
     </span>
    </p>
   </div>
   <div class='ocr_carea' id='block_1_44' title="bbox 2249 2455 3821 2543">
    <p class='ocr_par' dir='ltr' id='par_1_44' title="bbox 2249 2468 3821 2543">
     <span class='ocr_line' id='line_1_44' title="bbox 2249 2468 3821 2543; baseline 0.003 -23"><span class='ocrx_word' id='word_1_346' title='bbox 2249 2468 2473 2538; x_wconf 72' lang='lat' dir='ltr'><strong>Bptbrzw;</strong></span> <span class='ocrx_word' id='word_1_347' title='bbox 2504 2470 2714 2541; x_wconf 80' lang='grc' dir='ltr'>φέρειν,</span> <span class='ocrx_word' id='word_1_348' title='bbox 2751 2471 2819 2524; x_wconf 91' lang='grc' dir='ltr'><strong>τά</strong></span> <span class='ocrx_word' id='word_1_349' title='bbox 2851 2471 2908 2524; x_wconf 85' lang='grc' dir='ltr'>δὲ</span> <span class='ocrx_word' id='word_1_350' title='bbox 2942 2472 3024 2535; x_wconf 84' lang='grc' dir='ltr'><strong>είς</strong></span> <span class='ocrx_word' id='word_1_351' title='bbox 3049 2473 3204 2526; x_wconf 88' lang='grc' dir='ltr'>κοινά</span> <span class='ocrx_word' id='word_1_352' title='bbox 3233 2473 3327 2527; x_wconf 79' lang='grc' dir='ltr'>καὶ</span> <span class='ocrx_word' id='word_1_353' title='bbox 3352 2474 3435 2537; x_wconf 81' lang='grc' dir='ltr'><strong>είς</strong></span> <span class='ocrx_word' id='word_1_354' title='bbox 3460 2472 3732 2543; x_wconf 77' lang='grc' dir='ltr'>ἀλλήλους</span> <span class='ocrx_word' id='word_1_355' title='bbox 3752 2472 3821 2525; x_wconf 75' lang='grc' dir='ltr'>δι-</span> 
     </span>
    </p>
   </div>
   <div class='ocr_carea' id='block_1_45' title="bbox 543 2546 2144 2633">
    <p class='ocr_par' dir='ltr' id='par_1_45' title="bbox 543 2546 2134 2619">
     <span class='ocr_line' id='line_1_45' title="bbox 543 2546 2134 2619; baseline -0.001 -15"><span class='ocrx_word' id='word_1_356' title='bbox 543 2550 864 2604; x_wconf 86' lang='lat' dir='ltr'><strong>vindicare:</strong></span> <span class='ocrx_word' id='word_1_357' title='bbox 900 2563 1081 2619; x_wconf 89' lang='lat' dir='ltr'><strong>regem</strong></span> <span class='ocrx_word' id='word_1_358' title='bbox 1142 2562 1298 2610; x_wconf 83' lang='lat' dir='ltr'><strong>vero,</strong></span> <span class='ocrx_word' id='word_1_359' title='bbox 1351 2546 1447 2617; x_wconf 86' lang='lat' dir='ltr'><strong>qui</strong></span> <span class='ocrx_word' id='word_1_360' title='bbox 1495 2546 1801 2602; x_wconf 89' lang='lat' dir='ltr'><strong>secundum</strong></span> <span class='ocrx_word' id='word_1_361' title='bbox 1866 2547 2134 2617; x_wconf 86' lang='lat' dir='ltr'><strong>justitiam</strong></span> 
     </span>
    </p>
   </div>
   <div class='ocr_carea' id='block_1_46' title="bbox 2249 2546 3113 2633">
    <p class='ocr_par' dir='ltr' id='par_1_46' title="bbox 2249 2560 3113 2633">
     <span class='ocr_line' id='line_1_46' title="bbox 2249 2560 3113 2633; baseline 0.003 -19"><span class='ocrx_word' id='word_1_362' title='bbox 2249 2560 2412 2624; x_wconf 74' lang='grc' dir='ltr'>καίως</span> <span class='ocrx_word' id='word_1_363' title='bbox 2436 2560 2678 2616; x_wconf 77' lang='grc' dir='ltr'><strong>εὐθετεῖν</strong></span> <span class='ocrx_word' id='word_1_364' title='bbox 2704 2563 2800 2616; x_wconf 76' lang='grc' dir='ltr'>καὶ</span> <span class='ocrx_word' id='word_1_365' title='bbox 2820 2562 3113 2633; x_wconf 81' lang='grc' dir='ltr'><strong>διεξάγειν.</strong></span> 
     </span>
    </p>
   </div>
   <div class='ocr_carea' id='block_1_47' title="bbox 542 2639 2141 2713">
    <p class='ocr_par' dir='ltr' id='par_1_47' title="bbox 542 2639 2141 2713">
     <span class='ocr_line' id='line_1_47' title="bbox 542 2639 2141 2713; baseline -0.001 -18"><span class='ocrx_word' id='word_1_366' title='bbox 542 2641 831 2713; x_wconf 87' lang='lat' dir='ltr'><strong>imperimn</strong></span> <span class='ocrx_word' id='word_1_367' title='bbox 873 2640 1238 2704; x_wconf 84' lang='lat' dir='ltr'><strong>administrat,</strong></span> <span class='ocrx_word' id='word_1_368' title='bbox 1260 2639 1421 2694; x_wconf 78' lang='lat' dir='ltr'><strong>decet</strong></span> <span class='ocrx_word' id='word_1_369' title='bbox 1446 2654 1576 2695; x_wconf 82' lang='lat' dir='ltr'><strong>suas</strong></span> <span class='ocrx_word' id='word_1_370' title='bbox 1604 2639 1836 2710; x_wconf 88' lang='lat' dir='ltr'><strong>injurias</strong></span> <span class='ocrx_word' id='word_1_371' title='bbox 1883 2640 2141 2694; x_wconf 88' lang='lat' dir='ltr'><strong>humani-</strong></span> 
     </span>
    </p>
   </div>
   <div class='ocr_carea' id='block_1_48' title="bbox 544 2730 2141 2804">
    <p class='ocr_par' dir='ltr' id='par_1_48' title="bbox 544 2730 2141 2804">
     <span class='ocr_line' id='line_1_48' title="bbox 544 2730 2141 2804; baseline -0.001 -17"><span class='ocrx_word' id='word_1_372' title='bbox 544 2743 629 2787; x_wconf 87' lang='lat' dir='ltr'><strong>ter</strong></span> <span class='ocrx_word' id='word_1_373' title='bbox 682 2734 1014 2795; x_wconf 88' lang='lat' dir='ltr'><strong>condonare,</strong></span> <span class='ocrx_word' id='word_1_374' title='bbox 1063 2731 1159 2786; x_wconf 87' lang='lat' dir='ltr'><strong>sed</strong></span> <span class='ocrx_word' id='word_1_375' title='bbox 1206 2745 1530 2786; x_wconf 88' lang='lat' dir='ltr'><strong>communes</strong></span> <span class='ocrx_word' id='word_1_376' title='bbox 1574 2739 1631 2785; x_wconf 91' lang='lat' dir='ltr'><strong>et</strong></span> <span class='ocrx_word' id='word_1_377' title='bbox 1680 2730 1803 2786; x_wconf 90' lang='lat' dir='ltr'><strong>aliis</strong></span> <span class='ocrx_word' id='word_1_378' title='bbox 1874 2733 2141 2804; x_wconf 88' lang='lat' dir='ltr'><strong>irrogatas</strong></span> 
     </span>
    </p>
   </div>
   <div class='ocr_carea' id='block_1_49' title="bbox 544 2823 1679 2895">
    <p class='ocr_par' dir='ltr' id='par_1_49' title="bbox 544 2823 1679 2895">
     <span class='ocr_line' id='line_1_49' title="bbox 544 2823 1679 2895; baseline -0.002 -16"><span class='ocrx_word' id='word_1_379' title='bbox 544 2841 669 2879; x_wconf 91' lang='lat' dir='ltr'><strong>cum</strong></span> <span class='ocrx_word' id='word_1_380' title='bbox 696 2824 907 2895; x_wconf 87' lang='lat' dir='ltr'><strong>justitia</strong></span> <span class='ocrx_word' id='word_1_381' title='bbox 938 2823 1237 2878; x_wconf 80' lang='lat' dir='ltr'><strong>reformare</strong></span> <span class='ocrx_word' id='word_1_382' title='bbox 1266 2832 1324 2878; x_wconf 88' lang='lat' dir='ltr'><strong>et</strong></span> <span class='ocrx_word' id='word_1_383' title='bbox 1362 2823 1679 2891; x_wconf 89' lang='lat' dir='ltr'><strong>disponere.</strong></span> 
     </span>
    </p>
   </div>
   <div class='ocr_carea' id='block_1_50' title="bbox 618 2928 2144 3006">
    <p class='ocr_par' dir='ltr' id='par_1_50' title="bbox 618 2934 2141 3006">
     <span class='ocr_line' id='line_1_50' title="bbox 618 2934 2141 3006; baseline -0.003 -13"><span class='ocrx_word' id='word_1_384' title='bbox 618 2937 710 2993; x_wconf 69' lang='grc'><strong>45.</strong></span> <span class='ocrx_word' id='word_1_385' title='bbox 749 2936 820 2992; x_wconf 86' lang='lat' dir='ltr'><strong>Ut</strong></span> <span class='ocrx_word' id='word_1_386' title='bbox 866 2951 1120 3006; x_wconf 85' lang='lat' dir='ltr'><strong>magnam</strong></span> <span class='ocrx_word' id='word_1_387' title='bbox 1172 2935 1219 2989; x_wconf 88' lang='lat' dir='ltr'><strong>is</strong></span> <span class='ocrx_word' id='word_1_388' title='bbox 1262 2942 1509 2989; x_wconf 89' lang='lat' dir='ltr'><strong>meretur</strong></span> <span class='ocrx_word' id='word_1_389' title='bbox 1585 2934 1823 2999; x_wconf 88' lang='lat' dir='ltr'><strong>laudem,</strong></span> <span class='ocrx_word' id='word_1_390' title='bbox 1880 2934 1972 3003; x_wconf 89' lang='lat' dir='ltr'><strong>qui</strong></span> <span class='ocrx_word' id='word_1_391' title='bbox 2019 2950 2141 2990; x_wconf 91' lang='lat' dir='ltr'><strong>cum</strong></span> 
     </span>
    </p>
   </div>
   <div class='ocr_carea' id='block_1_51' title="bbox 2249 2928 3821 3006">
    <p class='ocr_par' dir='ltr' id='par_1_51' title="bbox 2320 2928 3821 3002">
     <span class='ocr_line' id='line_1_51' title="bbox 2320 2928 3821 3002; baseline -0.002 -18"><span class='ocrx_word' id='word_1_392' title='bbox 2320 2928 2431 2999; x_wconf 87' lang='grc' dir='ltr'>μγ’.</span> <span class='ocrx_word' id='word_1_393' title='bbox 2477 2930 2693 3002; x_wconf 83' lang='grc' dir='ltr'>Ὥσπερ</span> <span class='ocrx_word' id='word_1_394' title='bbox 2745 2930 2958 2985; x_wconf 84' lang='grc' dir='ltr'>πολλῶν</span> <span class='ocrx_word' id='word_1_395' title='bbox 3004 2931 3243 2986; x_wconf 79' lang='grc' dir='ltr'>ἐπαίνων</span> <span class='ocrx_word' id='word_1_396' title='bbox 3289 2930 3462 2997; x_wconf 76' lang='grc' dir='ltr'>ἄξιος,</span> <span class='ocrx_word' id='word_1_397' title='bbox 3506 2933 3536 2985; x_wconf 85' lang='grc' dir='ltr'><strong>ὁ</strong></span> <span class='ocrx_word' id='word_1_398' title='bbox 3590 2930 3821 3000; x_wconf 77' lang='grc' dir='ltr'>μεγάλην</span> 
     </span>
    </p>
   </div>
   <div class='ocr_carea' id='block_1_52' title="bbox 548 3019 2144 3096">
    <p class='ocr_par' dir='ltr' id='par_1_52' title="bbox 548 3026 2144 3096">
     <span class='ocr_line' id='line_1_52' title="bbox 548 3026 2144 3096; baseline -0.001 -12"><span class='ocrx_word' id='word_1_399' title='bbox 548 3043 818 3084; x_wconf 87' lang='lat' dir='ltr'><strong>summam</strong></span> <span class='ocrx_word' id='word_1_400' title='bbox 854 3028 1052 3082; x_wconf 81' lang='lat' dir='ltr'><strong>habeat</strong></span> <span class='ocrx_word' id='word_1_401' title='bbox 1077 3026 1307 3081; x_wconf 75' lang='lat' dir='ltr'><strong>laedendi</strong></span> <span class='ocrx_word' id='word_1_402' title='bbox 1345 3034 1695 3096; x_wconf 73' lang='lat' dir='ltr'><strong>potesmtem,</strong></span> <span class='ocrx_word' id='word_1_403' title='bbox 1724 3026 2144 3096; x_wconf 79' lang='lat' dir='ltr'><strong>justum‘tamen</strong></span> 
     </span>
    </p>
   </div>
   <div class='ocr_carea' id='block_1_53' title="bbox 2249 3019 3820 3096">
    <p class='ocr_par' dir='ltr' id='par_1_53' title="bbox 2249 3019 3820 3095">
     <span class='ocr_line' id='line_1_53' title="bbox 2249 3019 3820 3095; baseline 0.003 -22"><span class='ocrx_word' id='word_1_404' title='bbox 2249 3019 2498 3085; x_wconf 72' lang='grc' dir='ltr'>ἐξουσίαν</span> <span class='ocrx_word' id='word_1_405' title='bbox 2527 3021 2624 3075; x_wconf 81' lang='grc' dir='ltr'>τοῦ</span> <span class='ocrx_word' id='word_1_406' title='bbox 2653 3022 2857 3076; x_wconf 79' lang='grc' dir='ltr'>ἀδικεῖν</span> <span class='ocrx_word' id='word_1_407' title='bbox 2878 3023 3082 3089; x_wconf 75' lang='grc' dir='ltr'>λαϐὼν,</span> <span class='ocrx_word' id='word_1_408' title='bbox 3114 3025 3211 3078; x_wconf 77' lang='grc' dir='ltr'>καὶ</span> <span class='ocrx_word' id='word_1_409' title='bbox 3239 3025 3309 3079; x_wconf 82' lang='grc' dir='ltr'><strong>τὰ</strong></span> <span class='ocrx_word' id='word_1_410' title='bbox 3332 3025 3520 3078; x_wconf 82' lang='grc' dir='ltr'>δίκαια</span> <span class='ocrx_word' id='word_1_411' title='bbox 3551 3029 3820 3095; x_wconf 58' lang='grc' dir='ltr'>πράττων</span> 
     </span>
    </p>
   </div>
   <div class='ocr_carea' id='block_1_54' title="bbox 550 3112 2144 3190">
    <p class='ocr_par' dir='ltr' id='par_1_54' title="bbox 550 3118 2144 3190">
     <span class='ocr_line' id='line_1_54' title="bbox 550 3118 2144 3190; baseline 0.001 -16"><span class='ocrx_word' id='word_1_412' title='bbox 550 3136 612 3175; x_wconf 87' lang='lat' dir='ltr'><strong>se</strong></span> <span class='ocrx_word' id='word_1_413' title='bbox 656 3119 910 3185; x_wconf 80' lang='lat' dir='ltr'><strong>exhibet&#39;;</strong></span> <span class='ocrx_word' id='word_1_414' title='bbox 959 3119 1031 3172; x_wconf 87' lang='lat' dir='ltr'><strong>ita</strong></span> <span class='ocrx_word' id='word_1_415' title='bbox 1076 3118 1250 3173; x_wconf 91' lang='lat' dir='ltr'><strong>multo</strong></span> <span class='ocrx_word' id='word_1_416' title='bbox 1292 3118 1568 3188; x_wconf 91' lang='lat' dir='ltr'><strong>vituperio</strong></span> <span class='ocrx_word' id='word_1_417' title='bbox 1609 3118 1827 3190; x_wconf 87' lang='lat' dir='ltr'><strong>dignus,</strong></span> <span class='ocrx_word' id='word_1_418' title='bbox 1885 3119 1977 3190; x_wconf 89' lang='lat' dir='ltr'><strong>qui</strong></span> <span class='ocrx_word' id='word_1_419' title='bbox 2021 3136 2144 3176; x_wconf 91' lang='lat' dir='ltr'><strong>cum</strong></span> 
     </span>
    </p>
   </div>
   <div class='ocr_carea' id='block_1_55' title="bbox 2249 3112 3823 3190">
    <p class='ocr_par' dir='ltr' id='par_1_55' title="bbox 2249 3112 3823 3190">
     <span class='ocr_line' id='line_1_55' title="bbox 2249 3112 3823 3190; baseline 0.003 -25"><span class='ocrx_word' id='word_1_420' title='bbox 2249 3112 2392 3166; x_wconf 72' lang='grc' dir='ltr'>οὕτω</span> <span class='ocrx_word' id='word_1_421' title='bbox 2414 3112 2625 3167; x_wconf 84' lang='grc' dir='ltr'>πολλῶν</span> <span class='ocrx_word' id='word_1_422' title='bbox 2651 3114 2953 3180; x_wconf 83' lang='grc' dir='ltr'>ὑπεύθυνος</span> <span class='ocrx_word' id='word_1_423' title='bbox 2971 3116 3179 3185; x_wconf 82' lang='grc' dir='ltr'>ψόγων,</span> <span class='ocrx_word' id='word_1_424' title='bbox 3203 3120 3231 3171; x_wconf 88' lang='grc' dir='ltr'><strong>ό</strong></span> <span class='ocrx_word' id='word_1_425' title='bbox 3256 3118 3488 3188; x_wconf 80' lang='grc' dir='ltr'>μηδενὸς</span> <span class='ocrx_word' id='word_1_426' title='bbox 3512 3118 3702 3190; x_wconf 73' lang='grc' dir='ltr'>ἐνδεὴς</span> <span class='ocrx_word' id='word_1_427' title='bbox 3725 3118 3823 3170; x_wconf 84' lang='grc' dir='ltr'><strong>τῶν</strong></span> 
     </span>
    </p>
   </div>
   <div class='ocr_carea' id='block_1_56' title="bbox 551 3200 2144 3282">
    <p class='ocr_par' dir='ltr' id='par_1_56' title="bbox 551 3208 2144 3281">
     <span class='ocr_line' id='line_1_56' title="bbox 551 3208 2144 3281; baseline -0.001 -13"><span class='ocrx_word' id='word_1_428' title='bbox 551 3212 700 3268; x_wconf 90' lang='lat' dir='ltr'><strong>nulla</strong></span> <span class='ocrx_word' id='word_1_429' title='bbox 741 3226 797 3265; x_wconf 87' lang='lat' dir='ltr'><strong>re</strong></span> <span class='ocrx_word' id='word_1_430' title='bbox 842 3209 1082 3281; x_wconf 89' lang='lat' dir='ltr'><strong>indigeat</strong></span> <span class='ocrx_word' id='word_1_431' title='bbox 1127 3208 1460 3273; x_wconf 88' lang='lat' dir='ltr'><strong>necessaria,</strong></span> <span class='ocrx_word' id='word_1_432' title='bbox 1507 3225 1705 3264; x_wconf 91' lang='lat' dir='ltr'><strong>manus</strong></span> <span class='ocrx_word' id='word_1_433' title='bbox 1748 3218 1928 3265; x_wconf 88' lang='lat' dir='ltr'><strong>tamen</strong></span> <span class='ocrx_word' id='word_1_434' title='bbox 1981 3212 2144 3267; x_wconf 90' lang='lat' dir='ltr'><strong>rebus</strong></span> 
     </span>
    </p>
   </div>
   <div class='ocr_carea' id='block_1_57' title="bbox 2249 3200 3822 3282">
    <p class='ocr_par' dir='ltr' id='par_1_57' title="bbox 2249 3203 3822 3282">
     <span class='ocr_line' id='line_1_57' title="bbox 2249 3203 3822 3282; baseline 0.004 -25"><span class='ocrx_word' id='word_1_435' title='bbox 2249 3203 2585 3275; x_wconf 79' lang='grc' dir='ltr'>ἀναγκαίων,</span> <span class='ocrx_word' id='word_1_436' title='bbox 2611 3209 2707 3261; x_wconf 71' lang='grc' dir='ltr'>καὶ</span> <span class='ocrx_word' id='word_1_437' title='bbox 2733 3211 2812 3273; x_wconf 80' lang='grc' dir='ltr'><strong>είς</strong></span> <span class='ocrx_word' id='word_1_438' title='bbox 2840 3210 2908 3262; x_wconf 76' lang='grc' dir='ltr'>τὰ</span> <span class='ocrx_word' id='word_1_439' title='bbox 2932 3210 3192 3282; x_wconf 89' lang='grc' dir='ltr'>ἀλλότρια</span> <span class='ocrx_word' id='word_1_440' title='bbox 3211 3210 3312 3275; x_wconf 87' lang='grc' dir='ltr'><strong>τάς</strong></span> <span class='ocrx_word' id='word_1_441' title='bbox 3337 3212 3531 3282; x_wconf 81' lang='grc' dir='ltr'>χεῖρας</span> <span class='ocrx_word' id='word_1_442' title='bbox 3553 3211 3822 3264; x_wconf 72' lang='grc' dir='ltr'>ἐκτείνων.</span> 
     </span>
    </p>
   </div>
   <div class='ocr_carea' id='block_1_58' title="bbox 552 3299 2144 3375">
    <p class='ocr_par' dir='ltr' id='par_1_58' title="bbox 552 3300 2144 3373">
     <span class='ocr_line' id='line_1_58' title="bbox 552 3300 2144 3373; baseline 0 -14"><span class='ocrx_word' id='word_1_443' title='bbox 552 3304 747 3359; x_wconf 88' lang='lat' dir='ltr'><strong>alienis</strong></span> <span class='ocrx_word' id='word_1_444' title='bbox 813 3302 1009 3373; x_wconf 88' lang='lat' dir='ltr'><strong>injicit.</strong></span> <span class='ocrx_word' id='word_1_445' title='bbox 1057 3300 1325 3372; x_wconf 82' lang='lat' dir='ltr'><strong>ludigenti</strong></span> <span class='ocrx_word' id='word_1_446' title='bbox 1387 3300 1660 3371; x_wconf 83' lang='lat' dir='ltr'><strong>siquidem</strong></span> <span class='ocrx_word' id='word_1_447' title='bbox 1731 3302 2010 3359; x_wconf 84' lang='lat' dir='ltr'><strong>excusatio</strong></span> <span class='ocrx_word' id='word_1_448' title='bbox 2062 3314 2144 3359; x_wconf 89' lang='lat' dir='ltr'><strong>est</strong></span> 
     </span>
    </p>
   </div>
   <div class='ocr_carea' id='block_1_59' title="bbox 2249 3299 3824 3375">
    <p class='ocr_par' dir='ltr' id='par_1_59' title="bbox 2266 3299 3824 3375">
     <span class='ocr_line' id='line_1_59' title="bbox 2266 3299 3824 3375; baseline 0.001 -22"><span class='ocrx_word' id='word_1_449' title='bbox 2266 3299 2447 3371; x_wconf 81' lang='grc' dir='ltr'>Ἀνδρὶ</span> <span class='ocrx_word' id='word_1_450' title='bbox 2475 3300 2578 3371; x_wconf 86' lang='grc' dir='ltr'>μὲν</span> <span class='ocrx_word' id='word_1_451' title='bbox 2603 3300 2713 3373; x_wconf 79' lang='grc' dir='ltr'>γὰρ</span> <span class='ocrx_word' id='word_1_452' title='bbox 2744 3303 3029 3373; x_wconf 82' lang='grc' dir='ltr'>πενομένῳ</span> <span class='ocrx_word' id='word_1_453' title='bbox 3057 3303 3367 3374; x_wconf 83' lang='grc' dir='ltr'>πρόφασις,</span> <span class='ocrx_word' id='word_1_454' title='bbox 3398 3304 3447 3356; x_wconf 81' lang='grc' dir='ltr'><strong>εί</strong></span> <span class='ocrx_word' id='word_1_455' title='bbox 3476 3304 3576 3357; x_wconf 78' lang='grc' dir='ltr'>καὶ</span> <span class='ocrx_word' id='word_1_456' title='bbox 3601 3304 3824 3375; x_wconf 67' lang='grc' dir='ltr'>παράλο-</span> 
     </span>
    </p>
   </div>
   <div class='ocr_carea' id='block_1_60' title="bbox 552 3391 2144 3467">
    <p class='ocr_par' dir='ltr' id='par_1_60' title="bbox 552 3392 2143 3467">
     <span class='ocr_line' id='line_1_60' title="bbox 552 3392 2143 3467; baseline -0.001 -16"><span class='ocrx_word' id='word_1_457' title='bbox 552 3405 870 3467; x_wconf 87' lang='lat' dir='ltr'><strong>paupertas,</strong></span> <span class='ocrx_word' id='word_1_458' title='bbox 918 3394 1046 3450; x_wconf 90' lang='lat' dir='ltr'><strong>licet</strong></span> <span class='ocrx_word' id='word_1_459' title='bbox 1074 3410 1184 3449; x_wconf 91' lang='lat' dir='ltr'><strong>non</strong></span> <span class='ocrx_word' id='word_1_460' title='bbox 1214 3392 1578 3458; x_wconf 86' lang='lat' dir='ltr'><strong>admittenda,</strong></span> <span class='ocrx_word' id='word_1_461' title='bbox 1609 3394 1656 3448; x_wconf 88' lang='lat' dir='ltr'><strong>si</strong></span> <span class='ocrx_word' id='word_1_462' title='bbox 1691 3393 1982 3464; x_wconf 89' lang='lat' dir='ltr'><strong>deliquerit</strong></span> <span class='ocrx_word' id='word_1_463' title='bbox 2008 3411 2143 3450; x_wconf 90' lang='lat' dir='ltr'><strong>con-</strong></span> 
     </span>
    </p>
   </div>
   <div class='ocr_carea' id='block_1_61' title="bbox 2249 3391 3820 3467">
    <p class='ocr_par' dir='ltr' id='par_1_61' title="bbox 2251 3391 3820 3467">
     <span class='ocr_line' id='line_1_61' title="bbox 2251 3391 3820 3467; baseline 0.003 -24"><span class='ocrx_word' id='word_1_464' title='bbox 2251 3408 2368 3460; x_wconf 88' lang='grc' dir='ltr'>γος,</span> <span class='ocrx_word' id='word_1_465' title='bbox 2399 3391 2493 3444; x_wconf 84' lang='grc' dir='ltr'>τοῦ</span> <span class='ocrx_word' id='word_1_466' title='bbox 2526 3393 2757 3458; x_wconf 78' lang='grc' dir='ltr'>ἀδικεῖν,</span> <span class='ocrx_word' id='word_1_467' title='bbox 2790 3396 2824 3464; x_wconf 77' lang='grc' dir='ltr'>ἡ</span> <span class='ocrx_word' id='word_1_468' title='bbox 2848 3395 3040 3448; x_wconf 85' lang='grc' dir='ltr'>πενία·</span> <span class='ocrx_word' id='word_1_469' title='bbox 3069 3397 3209 3467; x_wconf 78' lang='grc' dir='ltr'>ἀνὴρ</span> <span class='ocrx_word' id='word_1_470' title='bbox 3236 3395 3293 3448; x_wconf 87' lang='grc' dir='ltr'>δὲ</span> <span class='ocrx_word' id='word_1_471' title='bbox 3321 3395 3646 3449; x_wconf 81' lang='grc' dir='ltr'>δυναστείαν</span> <span class='ocrx_word' id='word_1_472' title='bbox 3676 3396 3820 3465; x_wconf 80' lang='grc' dir='ltr'>ἔχων,</span> 
     </span>
    </p>
   </div>
   <div class='ocr_carea' id='block_1_62' title="bbox 556 3484 2144 3559">
    <p class='ocr_par' dir='ltr' id='par_1_62' title="bbox 556 3487 2144 3559">
     <span class='ocr_line' id='line_1_62' title="bbox 556 3487 2144 3559; baseline -0.001 -15"><span class='ocrx_word' id='word_1_473' title='bbox 556 3500 635 3545; x_wconf 91' lang='lat' dir='ltr'><strong>tra</strong></span> <span class='ocrx_word' id='word_1_474' title='bbox 679 3490 995 3559; x_wconf 86' lang='lat' dir='ltr'><strong>justitiam:</strong></span> <span class='ocrx_word' id='word_1_475' title='bbox 1043 3487 1137 3544; x_wconf 88' lang='lat' dir='ltr'><strong>sed</strong></span> <span class='ocrx_word' id='word_1_476' title='bbox 1190 3488 1304 3558; x_wconf 91' lang='lat' dir='ltr'><strong>qui,</strong></span> <span class='ocrx_word' id='word_1_477' title='bbox 1361 3503 1488 3544; x_wconf 92' lang='lat' dir='ltr'><strong>cum</strong></span> <span class='ocrx_word' id='word_1_478' title='bbox 1541 3495 1871 3558; x_wconf 87' lang='lat' dir='ltr'><strong>potestatem</strong></span> <span class='ocrx_word' id='word_1_479' title='bbox 1926 3488 2144 3553; x_wconf 86' lang='lat' dir='ltr'><strong>habeat,</strong></span> 
     </span>
    </p>
   </div>
   <div class='ocr_carea' id='block_1_63' title="bbox 2249 3484 3822 3559">
    <p class='ocr_par' dir='ltr' id='par_1_63' title="bbox 2254 3484 3822 3559">
     <span class='ocr_line' id='line_1_63' title="bbox 2254 3484 3822 3559; baseline 0.003 -24"><span class='ocrx_word' id='word_1_480' title='bbox 2254 3484 2349 3536; x_wconf 82' lang='grc' dir='ltr'>καὶ</span> <span class='ocrx_word' id='word_1_481' title='bbox 2380 3484 2619 3553; x_wconf 73' lang='grc' dir='ltr'>ἀπορίαν</span> <span class='ocrx_word' id='word_1_482' title='bbox 2664 3485 2766 3538; x_wconf 85' lang='grc' dir='ltr'>οὐκ</span> <span class='ocrx_word' id='word_1_483' title='bbox 2806 3485 2968 3556; x_wconf 76' lang='grc' dir='ltr'>ἔχων,</span> <span class='ocrx_word' id='word_1_484' title='bbox 3004 3488 3415 3559; x_wconf 83' lang='grc' dir='ltr'>ἀναπολόγητον</span> <span class='ocrx_word' id='word_1_485' title='bbox 3451 3486 3568 3558; x_wconf 75' lang='grc' dir='ltr'>ἔχει</span> <span class='ocrx_word' id='word_1_486' title='bbox 3596 3487 3696 3559; x_wconf 70' lang='grc' dir='ltr'>τὴν</span> <span class='ocrx_word' id='word_1_487' title='bbox 3725 3485 3822 3540; x_wconf 81' lang='grc' dir='ltr'>ἀπὸ</span> 
     </span>
    </p>
   </div>
   <div class='ocr_carea' id='block_1_64' title="bbox 552 3579 2149 3651">
    <p class='ocr_par' dir='ltr' id='par_1_64' title="bbox 552 3579 2149 3651">
     <span class='ocr_line' id='line_1_64' title="bbox 552 3579 2149 3651; baseline -0.001 -16"><span class='ocrx_word' id='word_1_488' title='bbox 552 3597 657 3636; x_wconf 86' lang='lat' dir='ltr'><strong>nec</strong></span> <span class='ocrx_word' id='word_1_489' title='bbox 705 3581 810 3635; x_wconf 88' lang='lat' dir='ltr'><strong>ulla</strong></span> <span class='ocrx_word' id='word_1_490' title='bbox 850 3597 910 3635; x_wconf 92' lang='lat' dir='ltr'><strong>re</strong></span> <span class='ocrx_word' id='word_1_491' title='bbox 949 3581 1213 3651; x_wconf 84' lang='lat' dir='ltr'><strong>indigeat,</strong></span> <span class='ocrx_word' id='word_1_492' title='bbox 1261 3579 1519 3651; x_wconf 91' lang='lat' dir='ltr'><strong>injuriam</strong></span> <span class='ocrx_word' id='word_1_493' title='bbox 1576 3579 1729 3645; x_wconf 85' lang='lat' dir='ltr'><strong>facit,</strong></span> <span class='ocrx_word' id='word_1_494' title='bbox 1788 3594 2015 3650; x_wconf 86' lang='lat' dir='ltr'><strong>prorsus</strong></span> <span class='ocrx_word' id='word_1_495' title='bbox 2064 3588 2149 3635; x_wconf 92' lang='lat' dir='ltr'><strong>est</strong></span> 
     </span>
    </p>
   </div>
   <div class='ocr_carea' id='block_1_65' title="bbox 550 3673 1260 3729">
    <p class='ocr_par' dir='ltr' id='par_1_65' title="bbox 550 3673 1260 3729">
     <span class='ocr_line' id='line_1_65' title="bbox 550 3673 1260 3729; baseline 0.001 -2"><span class='ocrx_word' id='word_1_496' title='bbox 550 3674 669 3728; x_wconf 88' lang='lat' dir='ltr'><strong>sine</strong></span> <span class='ocrx_word' id='word_1_497' title='bbox 702 3673 853 3728; x_wconf 91' lang='lat' dir='ltr'><strong>omni</strong></span> <span class='ocrx_word' id='word_1_498' title='bbox 886 3674 1260 3729; x_wconf 77' lang='lat' dir='ltr'><strong>excusatione.</strong></span> 
     </span>
    </p>
   </div>
   <div class='ocr_carea' id='block_1_66' title="bbox 621 3784 2147 3857">
    <p class='ocr_par' dir='ltr' id='par_1_66' title="bbox 621 3784 2147 3857">
     <span class='ocr_line' id='line_1_66' title="bbox 621 3784 2147 3857; baseline -0.003 -16"><span class='ocrx_word' id='word_1_499' title='bbox 621 3787 712 3842; x_wconf 69' lang='grc'><strong>44.</strong></span> <span class='ocrx_word' id='word_1_500' title='bbox 770 3786 986 3852; x_wconf 86' lang='lat' dir='ltr'><strong>Quanto</strong></span> <span class='ocrx_word' id='word_1_501' title='bbox 1027 3787 1151 3856; x_wconf 90' lang='lat' dir='ltr'><strong>quis</strong></span> <span class='ocrx_word' id='word_1_502' title='bbox 1191 3786 1455 3857; x_wconf 90' lang='lat' dir='ltr'><strong>majorem</strong></span> <span class='ocrx_word' id='word_1_503' title='bbox 1512 3794 1840 3857; x_wconf 85' lang='lat' dir='ltr'><strong>potestatem</strong></span> <span class='ocrx_word' id='word_1_504' title='bbox 1911 3784 2147 3847; x_wconf 90' lang='lat' dir='ltr'><strong>obtinet,</strong></span> 
     </span>
    </p>
   </div>
   <div class='ocr_carea' id='block_1_67' title="bbox 551 3876 2149 3949">
    <p class='ocr_par' dir='ltr' id='par_1_67' title="bbox 551 3876 2149 3949">
     <span class='ocr_line' id='line_1_67' title="bbox 551 3876 2149 3949; baseline -0.003 -15"><span class='ocrx_word' id='word_1_505' title='bbox 551 3890 704 3935; x_wconf 83' lang='lat' dir='ltr'><strong>tanto</strong></span> <span class='ocrx_word' id='word_1_506' title='bbox 734 3879 928 3949; x_wconf 87' lang='lat' dir='ltr'><strong>majori</strong></span> <span class='ocrx_word' id='word_1_507' title='bbox 957 3878 1145 3932; x_wconf 78' lang='lat' dir='ltr'><strong>virtuti</strong></span> <span class='ocrx_word' id='word_1_508' title='bbox 1174 3880 1339 3932; x_wconf 87' lang='lat' dir='ltr'><strong>debet</strong></span> <span class='ocrx_word' id='word_1_509' title='bbox 1374 3880 1418 3933; x_wconf 91' lang='lat' dir='ltr'><strong>is</strong></span> <span class='ocrx_word' id='word_1_510' title='bbox 1448 3879 1779 3947; x_wconf 64' lang='lat' dir='ltr'><strong>praecellere.</strong></span> <span class='ocrx_word' id='word_1_511' title='bbox 1816 3876 1919 3942; x_wconf 81' lang='lat' dir='ltr'><strong>Qui</strong></span> <span class='ocrx_word' id='word_1_512' title='bbox 1958 3887 2149 3929; x_wconf 87' lang='lat' dir='ltr'><strong>contra</strong></span> 
     </span>
    </p>
   </div>
   <div class='ocr_carea' id='block_1_68' title="bbox 554 3968 2151 4039">
    <p class='ocr_par' dir='ltr' id='par_1_68' title="bbox 554 3968 2151 4039">
     <span class='ocr_line' id='line_1_68' title="bbox 554 3968 2151 4039; baseline -0.005 -12"><span class='ocrx_word' id='word_1_513' title='bbox 554 3973 701 4035; x_wconf 85' lang='lat' dir='ltr'><strong>facit,</strong></span> <span class='ocrx_word' id='word_1_514' title='bbox 756 3972 858 4026; x_wconf 91' lang='lat' dir='ltr'><strong>tria</strong></span> <span class='ocrx_word' id='word_1_515' title='bbox 896 3971 1059 4025; x_wconf 89' lang='lat' dir='ltr'><strong>simul</strong></span> <span class='ocrx_word' id='word_1_516' title='bbox 1103 3971 1339 4025; x_wconf 88' lang='lat' dir='ltr'><strong>admittit</strong></span> <span class='ocrx_word' id='word_1_517' title='bbox 1385 3969 1788 4039; x_wconf 90' lang='lat' dir='ltr'><strong>improbissima</strong></span> <span class='ocrx_word' id='word_1_518' title='bbox 1820 3986 1834 4022; x_wconf 89' lang='lat'><strong>:</strong></span> <span class='ocrx_word' id='word_1_519' title='bbox 1863 3984 1921 4024; x_wconf 90' lang='lat' dir='ltr'><strong>se</strong></span> <span class='ocrx_word' id='word_1_520' title='bbox 1971 3968 2151 4039; x_wconf 87' lang='lat' dir='ltr'><strong>perdit</strong></span> 
     </span>
    </p>
   </div>
   <div class='ocr_carea' id='block_1_69' title="bbox 553 4054 2153 4135">
    <p class='ocr_par' dir='ltr' id='par_1_69' title="bbox 553 4054 2153 4135">
     <span class='ocr_line' id='line_1_69' title="bbox 553 4054 2153 4135; baseline -0.002 -19"><span class='ocrx_word' id='word_1_521' title='bbox 553 4064 771 4132; x_wconf 83' lang='lat' dir='ltr'><strong>ipsum;</strong></span> <span class='ocrx_word' id='word_1_522' title='bbox 803 4054 1081 4116; x_wconf 81' lang='lat' dir='ltr'><strong>intuentes</strong></span> <span class='ocrx_word' id='word_1_523' title='bbox 1104 4064 1168 4116; x_wconf 87' lang='lat' dir='ltr'><strong>ad</strong></span> <span class='ocrx_word' id='word_1_524' title='bbox 1200 4062 1538 4135; x_wconf 87' lang='lat' dir='ltr'><strong>peccandum</strong></span> <span class='ocrx_word' id='word_1_525' title='bbox 1571 4061 1774 4126; x_wconf 88' lang='lat' dir='ltr'><strong>allicit;</strong></span> <span class='ocrx_word' id='word_1_526' title='bbox 1808 4061 1980 4115; x_wconf 89' lang='lat' dir='ltr'><strong>Deum</strong></span> <span class='ocrx_word' id='word_1_527' title='bbox 2021 4060 2153 4114; x_wconf 86' lang='lat' dir='ltr'><strong>facit</strong></span> 
     </span>
    </p>
   </div>
   <div class='ocr_carea' id='block_1_70' title="bbox 556 4154 2145 4225">
    <p class='ocr_par' dir='ltr' id='par_1_70' title="bbox 556 4154 2145 4225">
     <span class='ocr_line' id='line_1_70' title="bbox 556 4154 2145 4225; baseline -0.002 -15"><span class='ocrx_word' id='word_1_528' title='bbox 556 4154 944 4225; x_wconf 86' lang='lat' dir='ltr'><strong>blasphemari,</strong></span> <span class='ocrx_word' id='word_1_529' title='bbox 980 4154 1074 4224; x_wconf 91' lang='lat' dir='ltr'><strong>qui</strong></span> <span class='ocrx_word' id='word_1_530' title='bbox 1102 4163 1212 4209; x_wconf 86' lang='lat' dir='ltr'><strong>tam</strong></span> <span class='ocrx_word' id='word_1_531' title='bbox 1250 4154 1498 4225; x_wconf 90' lang='lat' dir='ltr'><strong>improbo</strong></span> <span class='ocrx_word' id='word_1_532' title='bbox 1544 4154 1765 4209; x_wconf 86' lang='lat' dir='ltr'><strong>tradidit</strong></span> <span class='ocrx_word' id='word_1_533' title='bbox 1796 4162 2145 4225; x_wconf 87' lang='lat' dir='ltr'><strong>potestatem.</strong></span> 
     </span>
    </p>
   </div>
   <div class='ocr_carea' id='block_1_71' title="bbox 556 4247 2148 4319">
    <p class='ocr_par' dir='ltr' id='par_1_71' title="bbox 556 4247 2148 4319">
     <span class='ocr_line' id='line_1_71' title="bbox 556 4247 2148 4319; baseline 0 -17"><span class='ocrx_word' id='word_1_534' title='bbox 556 4248 825 4315; x_wconf 84' lang='lat' dir='ltr'><strong>Quocirca</strong></span> <span class='ocrx_word' id='word_1_535' title='bbox 873 4249 1035 4303; x_wconf 88' lang='lat' dir='ltr'><strong>decet</strong></span> <span class='ocrx_word' id='word_1_536' title='bbox 1072 4264 1521 4319; x_wconf 85' lang='lat' dir='ltr'><strong>unumquemque</strong></span> <span class='ocrx_word' id='word_1_537' title='bbox 1584 4247 1790 4303; x_wconf 88' lang='lat' dir='ltr'><strong>malum</strong></span> <span class='ocrx_word' id='word_1_538' title='bbox 1843 4248 2148 4313; x_wconf 88' lang='lat' dir='ltr'><strong>declinare;</strong></span> 
     </span>
    </p>
   </div>
   <div class='ocr_carea' id='block_1_72' title="bbox 557 4339 1834 4413">
    <p class='ocr_par' dir='ltr' id='par_1_72' title="bbox 557 4339 1834 4413">
     <span class='ocr_line' id='line_1_72' title="bbox 557 4339 1834 4413; baseline 0 -17"><span class='ocrx_word' id='word_1_539' title='bbox 557 4341 655 4397; x_wconf 87' lang='lat' dir='ltr'><strong>sed</strong></span> <span class='ocrx_word' id='word_1_540' title='bbox 682 4350 811 4395; x_wconf 90' lang='lat' dir='ltr'><strong>ante</strong></span> <span class='ocrx_word' id='word_1_541' title='bbox 839 4339 995 4407; x_wconf 87' lang='lat' dir='ltr'><strong>alios,</strong></span> <span class='ocrx_word' id='word_1_542' title='bbox 1029 4356 1122 4396; x_wconf 87' lang='lat' dir='ltr'><strong>eos</strong></span> <span class='ocrx_word' id='word_1_543' title='bbox 1153 4342 1244 4412; x_wconf 88' lang='lat' dir='ltr'><strong>qui</strong></span> <span class='ocrx_word' id='word_1_544' title='bbox 1280 4342 1394 4396; x_wconf 89' lang='lat' dir='ltr'><strong>sint</strong></span> <span class='ocrx_word' id='word_1_545' title='bbox 1422 4357 1547 4397; x_wconf 91' lang='lat' dir='ltr'><strong>cum</strong></span> <span class='ocrx_word' id='word_1_546' title='bbox 1578 4341 1834 4413; x_wconf 89' lang='lat' dir='ltr'><strong>imperio.</strong></span> 
     </span>
    </p>
   </div>
   <div class='ocr_carea' id='block_1_73' title="bbox 626 4452 2147 4526">
    <p class='ocr_par' dir='ltr' id='par_1_73' title="bbox 626 4452 2147 4526">
     <span class='ocr_line' id='line_1_73' title="bbox 626 4452 2147 4526; baseline -0.001 -18"><span class='ocrx_word' id='word_1_547' title='bbox 626 4452 720 4508; x_wconf 76' lang='grc'>45.</span> <span class='ocrx_word' id='word_1_548' title='bbox 767 4452 844 4507; x_wconf 89' lang='lat' dir='ltr'><strong>Ita</strong></span> <span class='ocrx_word' id='word_1_549' title='bbox 876 4468 1006 4525; x_wconf 90' lang='lat' dir='ltr'><strong>ergo</strong></span> <span class='ocrx_word' id='word_1_550' title='bbox 1033 4454 1266 4510; x_wconf 79' lang='lat' dir='ltr'><strong>subditis</strong></span> <span class='ocrx_word' id='word_1_551' title='bbox 1310 4456 1417 4511; x_wconf 88' lang='lat' dir='ltr'><strong>tuis</strong></span> <span class='ocrx_word' id='word_1_552' title='bbox 1446 4455 1674 4526; x_wconf 85' lang='lat' dir='ltr'><strong>impera,</strong></span> <span class='ocrx_word' id='word_1_553' title='bbox 1708 4463 1770 4510; x_wconf 92' lang='lat' dir='ltr'><strong>ut</strong></span> <span class='ocrx_word' id='word_1_554' title='bbox 1804 4468 2147 4525; x_wconf 86' lang='lat' dir='ltr'><strong>nequaquam</strong></span> 
     </span>
    </p>
   </div>
   <div class='ocr_carea' id='block_1_74' title="bbox 2254 3575 2914 3650">
    <p class='ocr_par' dir='ltr' id='par_1_74' title="bbox 2254 3575 2914 3650">
     <span class='ocr_line' id='line_1_74' title="bbox 2254 3575 2914 3650; baseline 0.008 -23"><span class='ocrx_word' id='word_1_555' title='bbox 2254 3575 2348 3629; x_wconf 81' lang='grc' dir='ltr'>τοῦ</span> <span class='ocrx_word' id='word_1_556' title='bbox 2378 3576 2581 3631; x_wconf 79' lang='grc' dir='ltr'>ἀδικεῖν</span> <span class='ocrx_word' id='word_1_557' title='bbox 2615 3579 2914 3650; x_wconf 87' lang='grc' dir='ltr'>ἁμαρτίαν.</span> 
     </span>
    </p>
   </div>
   <div class='ocr_carea' id='block_1_75' title="bbox 2331 3776 3823 3850">
    <p class='ocr_par' dir='ltr' id='par_1_75' title="bbox 2331 3776 3823 3850">
     <span class='ocr_line' id='line_1_75' title="bbox 2331 3776 3823 3850; baseline -0.001 -20"><span class='ocrx_word' id='word_1_558' title='bbox 2331 3776 2432 3847; x_wconf 85' lang='grc' dir='ltr'>μδ’.</span> <span class='ocrx_word' id='word_1_559' title='bbox 2462 3779 2615 3847; x_wconf 82' lang='grc' dir='ltr'><strong>Ὂσῳ</strong></span> <span class='ocrx_word' id='word_1_560' title='bbox 2637 3778 2694 3831; x_wconf 77' lang='grc' dir='ltr'><strong>δέ</strong></span> <span class='ocrx_word' id='word_1_561' title='bbox 2722 3795 2806 3842; x_wconf 88' lang='grc' dir='ltr'><strong>τις</strong></span> <span class='ocrx_word' id='word_1_562' title='bbox 2835 3777 3060 3850; x_wconf 84' lang='grc' dir='ltr'>προέχει</span> <span class='ocrx_word' id='word_1_563' title='bbox 3089 3780 3154 3850; x_wconf 81' lang='grc' dir='ltr'>τῇ</span> <span class='ocrx_word' id='word_1_564' title='bbox 3194 3778 3360 3848; x_wconf 79' lang='grc' dir='ltr'>ἀρχῇ,</span> <span class='ocrx_word' id='word_1_565' title='bbox 3391 3777 3637 3849; x_wconf 84' lang='grc' dir='ltr'>τοσούτῳ</span> <span class='ocrx_word' id='word_1_566' title='bbox 3665 3793 3823 3847; x_wconf 85' lang='grc' dir='ltr'>χρεω-</span> 
     </span>
    </p>
   </div>
   <div class='ocr_carea' id='block_1_76' title="bbox 2259 3869 3821 3944">
    <p class='ocr_par' dir='ltr' id='par_1_76' title="bbox 2259 3869 3821 3944">
     <span class='ocr_line' id='line_1_76' title="bbox 2259 3869 3821 3944; baseline -0.002 -22"><span class='ocrx_word' id='word_1_567' title='bbox 2259 3874 2375 3923; x_wconf 88' lang='grc' dir='ltr'><strong>στεί</strong></span> <span class='ocrx_word' id='word_1_568' title='bbox 2395 3869 2695 3941; x_wconf 83' lang='grc' dir='ltr'>πρωτεύειν</span> <span class='ocrx_word' id='word_1_569' title='bbox 2717 3872 2811 3924; x_wconf 71' lang='grc' dir='ltr'>καὶ</span> <span class='ocrx_word' id='word_1_570' title='bbox 2832 3874 2898 3941; x_wconf 84' lang='grc' dir='ltr'>τῇ</span> <span class='ocrx_word' id='word_1_571' title='bbox 2924 3873 3118 3944; x_wconf 80' lang='grc' dir='ltr'>ἀρετῇ.</span> <span class='ocrx_word' id='word_1_572' title='bbox 3157 3871 3215 3923; x_wconf 87' lang='lat'><strong>&#39;0</strong></span> <span class='ocrx_word' id='word_1_573' title='bbox 3232 3870 3288 3923; x_wconf 79' lang='grc' dir='ltr'>δὲ</span> <span class='ocrx_word' id='word_1_574' title='bbox 3308 3871 3624 3924; x_wconf 77' lang='grc' dir='ltr'>τούναντίον</span> <span class='ocrx_word' id='word_1_575' title='bbox 3648 3869 3821 3931; x_wconf 85' lang='grc' dir='ltr'>ποιῶν,</span> 
     </span>
    </p>
   </div>
   <div class='ocr_carea' id='block_1_77' title="bbox 2257 3962 3823 4035">
    <p class='ocr_par' dir='ltr' id='par_1_77' title="bbox 2257 3962 3823 4035">
     <span class='ocr_line' id='line_1_77' title="bbox 2257 3962 3823 4035; baseline -0.001 -20"><span class='ocrx_word' id='word_1_576' title='bbox 2257 3964 2383 4035; x_wconf 88' lang='grc' dir='ltr'>τρία</span> <span class='ocrx_word' id='word_1_577' title='bbox 2414 3966 2553 4034; x_wconf 76' lang='grc' dir='ltr'>ἅμα,</span> <span class='ocrx_word' id='word_1_578' title='bbox 2583 3966 2677 4017; x_wconf 72' lang='grc' dir='ltr'>καὶ</span> <span class='ocrx_word' id='word_1_579' title='bbox 2707 3966 2966 4031; x_wconf 81' lang='grc' dir='ltr'>κάκιστα,</span> <span class='ocrx_word' id='word_1_580' title='bbox 3003 3962 3275 4017; x_wconf 77' lang='grc' dir='ltr'>ὲπιτελεί’</span> <span class='ocrx_word' id='word_1_581' title='bbox 3306 3964 3601 4018; x_wconf 82' lang='grc' dir='ltr'>ἀπόλλυσιν</span> <span class='ocrx_word' id='word_1_582' title='bbox 3628 3962 3823 4016; x_wconf 62' lang='grc' dir='ltr'>ἑαυτόν</span> 
     </span>
    </p>
   </div>
   <div class='ocr_carea' id='block_1_78' title="bbox 2257 4056 3826 4130">
    <p class='ocr_par' dir='ltr' id='par_1_78' title="bbox 2257 4056 3826 4130">
     <span class='ocr_line' id='line_1_78' title="bbox 2257 4056 3826 4130; baseline -0.003 -20"><span class='ocrx_word' id='word_1_583' title='bbox 2257 4059 2384 4121; x_wconf 73' lang='grc' dir='ltr'>τοὺς</span> <span class='ocrx_word' id='word_1_584' title='bbox 2417 4058 2663 4128; x_wconf 83' lang='grc' dir='ltr'>ὁρῶντας</span> <span class='ocrx_word' id='word_1_585' title='bbox 2698 4060 2778 4121; x_wconf 81' lang='grc' dir='ltr'><strong>είς</strong></span> <span class='ocrx_word' id='word_1_586' title='bbox 2804 4058 3005 4112; x_wconf 73' lang='grc' dir='ltr'>κακίαν</span> <span class='ocrx_word' id='word_1_587' title='bbox 3033 4058 3365 4130; x_wconf 83' lang='grc' dir='ltr'>παρακαλεῖ·</span> <span class='ocrx_word' id='word_1_588' title='bbox 3397 4056 3826 4128; x_wconf 77' lang='grc' dir='ltr'>βλασφημεῖσθαι</span> 
     </span>
    </p>
   </div>
   <div class='ocr_carea' id='block_1_79' title="bbox 2259 4149 3827 4221">
    <p class='ocr_par' dir='ltr' id='par_1_79' title="bbox 2259 4149 3827 4221">
     <span class='ocr_line' id='line_1_79' title="bbox 2259 4149 3827 4221; baseline -0.003 -17"><span class='ocrx_word' id='word_1_589' title='bbox 2259 4151 2668 4221; x_wconf 78' lang='grc' dir='ltr'>παρασκευάζει</span> <span class='ocrx_word' id='word_1_590' title='bbox 2730 4150 2820 4204; x_wconf 84' lang='grc' dir='ltr'>τὸν</span> <span class='ocrx_word' id='word_1_591' title='bbox 2874 4150 3043 4215; x_wconf 84' lang='grc' dir='ltr'>Θεὸν,</span> <span class='ocrx_word' id='word_1_592' title='bbox 3100 4152 3182 4204; x_wconf 88' lang='grc' dir='ltr'>ὅτι</span> <span class='ocrx_word' id='word_1_593' title='bbox 3234 4150 3460 4220; x_wconf 82' lang='grc' dir='ltr'>τοιούτῳ</span> <span class='ocrx_word' id='word_1_594' title='bbox 3509 4149 3827 4221; x_wconf 76' lang='grc' dir='ltr'>τηλικαύτην</span> 
     </span>
    </p>
   </div>
   <div class='ocr_carea' id='block_1_80' title="bbox 2258 4241 3826 4315">
    <p class='ocr_par' dir='ltr' id='par_1_80' title="bbox 2258 4241 3826 4315">
     <span class='ocr_line' id='line_1_80' title="bbox 2258 4241 3826 4315; baseline -0.004 -18"><span class='ocrx_word' id='word_1_595' title='bbox 2258 4242 2591 4314; x_wconf 76' lang='grc' dir='ltr'>ἐνεχείρισεν</span> <span class='ocrx_word' id='word_1_596' title='bbox 2641 4242 2840 4315; x_wconf 83' lang='grc' dir='ltr'>ἀρχήν.</span> <span class='ocrx_word' id='word_1_597' title='bbox 2890 4242 2990 4295; x_wconf 86' lang='grc' dir='ltr'>Διά</span> <span class='ocrx_word' id='word_1_598' title='bbox 3034 4243 3196 4296; x_wconf 78' lang='grc' dir='ltr'>τοῦτο</span> <span class='ocrx_word' id='word_1_599' title='bbox 3237 4242 3402 4296; x_wconf 73' lang='grc' dir='ltr'>παντὶ</span> <span class='ocrx_word' id='word_1_600' title='bbox 3438 4241 3540 4313; x_wconf 78' lang='grc' dir='ltr'>μὲν</span> <span class='ocrx_word' id='word_1_601' title='bbox 3573 4241 3826 4312; x_wconf 82' lang='grc' dir='ltr'>ἀνθρώπῳ</span> 
     </span>
    </p>
   </div>
   <div class='ocr_carea' id='block_1_81' title="bbox 2260 4338 3688 4408">
    <p class='ocr_par' dir='ltr' id='par_1_81' title="bbox 2260 4338 3688 4408">
     <span class='ocr_line' id='line_1_81' title="bbox 2260 4338 3688 4408; baseline -0.001 -16"><span class='ocrx_word' id='word_1_602' title='bbox 2260 4339 2522 4407; x_wconf 71' lang='grc' dir='ltr'>φευκτέον</span> <span class='ocrx_word' id='word_1_603' title='bbox 2554 4339 2588 4408; x_wconf 82' lang='grc' dir='ltr'>ἡ</span> <span class='ocrx_word' id='word_1_604' title='bbox 2620 4338 2810 4405; x_wconf 87' lang='grc' dir='ltr'>κακία,</span> <span class='ocrx_word' id='word_1_605' title='bbox 2845 4338 3083 4408; x_wconf 80' lang='grc' dir='ltr'>μάλιστα</span> <span class='ocrx_word' id='word_1_606' title='bbox 3111 4338 3167 4391; x_wconf 88' lang='grc' dir='ltr'>δὲ</span> <span class='ocrx_word' id='word_1_607' title='bbox 3196 4340 3307 4402; x_wconf 75' lang='grc' dir='ltr'>τοῖς</span> <span class='ocrx_word' id='word_1_608' title='bbox 3337 4339 3396 4389; x_wconf 82' lang='grc' dir='ltr'>ἐν</span> <span class='ocrx_word' id='word_1_609' title='bbox 3424 4340 3490 4408; x_wconf 85' lang='grc' dir='ltr'>τῇ</span> <span class='ocrx_word' id='word_1_610' title='bbox 3522 4338 3688 4408; x_wconf 83' lang='grc' dir='ltr'>ἀρχῇ.</span> 
     </span>
    </p>
   </div>
   <div class='ocr_carea' id='block_1_82' title="bbox 2332 4455 3828 4529">
    <p class='ocr_par' dir='ltr' id='par_1_82' title="bbox 2332 4455 3828 4529">
     <span class='ocr_line' id='line_1_82' title="bbox 2332 4455 3828 4529; baseline -0.005 -16"><span class='ocrx_word' id='word_1_611' title='bbox 2332 4465 2436 4529; x_wconf 86' lang='grc' dir='ltr'>με’.</span> <span class='ocrx_word' id='word_1_612' title='bbox 2468 4460 2532 4511; x_wconf 77' lang='grc' dir='ltr'>Ἀ</span> <span class='ocrx_word' id='word_1_613' title='bbox 2545 4476 2640 4529; x_wconf 88' lang='grc' dir='ltr'><strong>ρχε</strong></span> <span class='ocrx_word' id='word_1_614' title='bbox 2670 4457 2853 4511; x_wconf 88' lang='grc' dir='ltr'>τοίνυν</span> <span class='ocrx_word' id='word_1_615' title='bbox 2882 4457 2993 4511; x_wconf 86' lang='grc' dir='ltr'><strong>τῶν</strong></span> <span class='ocrx_word' id='word_1_616' title='bbox 3022 4457 3303 4528; x_wconf 83' lang='grc' dir='ltr'>ὑπηκόων,</span> <span class='ocrx_word' id='word_1_617' title='bbox 3336 4456 3412 4527; x_wconf 80' lang='grc' dir='ltr'>μὴ</span> <span class='ocrx_word' id='word_1_618' title='bbox 3447 4455 3724 4518; x_wconf 73' lang='grc' dir='ltr'>πεποιθὼς</span> <span class='ocrx_word' id='word_1_619' title='bbox 3746 4466 3828 4505; x_wconf 86' lang='grc' dir='ltr'>τυ-·</span> 
     </span>
    </p>
   </div>
   <div class='ocr_carea' id='block_1_83' title="bbox 563 4543 2144 4625">
    <p class='ocr_par' dir='ltr' id='par_1_83' title="bbox 563 4543 2144 4617">
     <span class='ocr_line' id='line_1_83' title="bbox 563 4543 2144 4617; baseline 0.001 -19"><span class='ocrx_word' id='word_1_620' title='bbox 563 4543 855 4617; x_wconf 82' lang='lat' dir='ltr'><strong>tyrannidi,</strong></span> <span class='ocrx_word' id='word_1_621' title='bbox 901 4545 997 4600; x_wconf 89' lang='lat' dir='ltr'><strong>sed</strong></span> <span class='ocrx_word' id='word_1_622' title='bbox 1039 4560 1229 4600; x_wconf 85' lang='lat' dir='ltr'><strong>eorum</strong></span> <span class='ocrx_word' id='word_1_623' title='bbox 1292 4548 1534 4603; x_wconf 85' lang='lat' dir='ltr'><strong>conﬁdas</strong></span> <span class='ocrx_word' id='word_1_624' title='bbox 1582 4546 1998 4603; x_wconf 64' lang='lat' dir='ltr'><strong>benevolentiae.</strong></span> <span class='ocrx_word' id='word_1_625' title='bbox 2054 4546 2144 4600; x_wconf 84' lang='lat' dir='ltr'><strong>Est</strong></span> 
     </span>
    </p>
   </div>
   <div class='ocr_carea' id='block_1_84' title="bbox 2249 4543 3825 4625">
    <p class='ocr_par' dir='ltr' id='par_1_84' title="bbox 2260 4548 3825 4625">
     <span class='ocr_line' id='line_1_84' title="bbox 2260 4548 3825 4625; baseline -0.004 -17"><span class='ocrx_word' id='word_1_626' title='bbox 2260 4553 2486 4625; x_wconf 82' lang='grc' dir='ltr'>ραννίδι,</span> <span class='ocrx_word' id='word_1_627' title='bbox 2517 4553 2654 4608; x_wconf 83' lang='grc' dir='ltr'><strong>ἀλλά</strong></span> <span class='ocrx_word' id='word_1_628' title='bbox 2688 4555 2755 4624; x_wconf 73' lang='grc' dir='ltr'>τῇ</span> <span class='ocrx_word' id='word_1_629' title='bbox 2784 4552 2894 4606; x_wconf 86' lang='grc' dir='ltr'><strong>τῶν</strong></span> <span class='ocrx_word' id='word_1_630' title='bbox 2920 4552 3240 4623; x_wconf 82' lang='grc' dir='ltr'>ἀρχομένων</span> <span class='ocrx_word' id='word_1_631' title='bbox 3267 4550 3477 4622; x_wconf 63' lang='grc' dir='ltr'>εὐνοίᾳ.</span> <span class='ocrx_word' id='word_1_632' title='bbox 3510 4549 3706 4603; x_wconf 78' lang='grc' dir='ltr'>Εὔνοια</span> <span class='ocrx_word' id='word_1_633' title='bbox 3732 4548 3825 4617; x_wconf 73' lang='grc' dir='ltr'>γὰρ</span> 
     </span>
    </p>
   </div>
   <div class='ocr_carea' id='block_1_85' title="bbox 558 4635 2151 4710">
    <p class='ocr_par' dir='ltr' id='par_1_85' title="bbox 558 4635 2151 4710">
     <span class='ocr_line' id='line_1_85' title="bbox 558 4635 2151 4710; baseline 0.001 -19"><span class='ocrx_word' id='word_1_634' title='bbox 558 4635 709 4691; x_wconf 85' lang='lat' dir='ltr'><strong>enim</strong></span> <span class='ocrx_word' id='word_1_635' title='bbox 754 4637 1136 4692; x_wconf 86' lang='lat' dir='ltr'><strong>benevolentia</strong></span> <span class='ocrx_word' id='word_1_636' title='bbox 1180 4649 1238 4694; x_wconf 92' lang='lat' dir='ltr'><strong>et</strong></span> <span class='ocrx_word' id='word_1_637' title='bbox 1272 4641 1431 4710; x_wconf 82' lang='lat' dir='ltr'><strong>longe</strong></span> <span class='ocrx_word' id='word_1_638' title='bbox 1479 4640 1841 4697; x_wconf 83' lang='lat' dir='ltr'><strong>excellentius</strong></span> <span class='ocrx_word' id='word_1_639' title='bbox 1884 4648 1940 4695; x_wconf 87' lang='lat' dir='ltr'><strong>et</strong></span> <span class='ocrx_word' id='word_1_640' title='bbox 1980 4638 2151 4693; x_wconf 92' lang='lat' dir='ltr'><strong>multo</strong></span> 
     </span>
    </p>
   </div>
   <div class='ocr_carea' id='block_1_86' title="bbox 561 4729 2152 4803">
    <p class='ocr_par' dir='ltr' id='par_1_86' title="bbox 561 4729 2152 4803">
     <span class='ocr_line' id='line_1_86' title="bbox 561 4729 2152 4803; baseline 0.003 -19"><span class='ocrx_word' id='word_1_641' title='bbox 561 4730 734 4785; x_wconf 83' lang='lat' dir='ltr'><strong>tutius</strong></span> <span class='ocrx_word' id='word_1_642' title='bbox 779 4729 1179 4785; x_wconf 79' lang='lat' dir='ltr'><strong>ﬁrmamentum</strong></span> <span class='ocrx_word' id='word_1_643' title='bbox 1231 4750 1392 4803; x_wconf 86' lang='lat' dir='ltr'><strong>quam</strong></span> <span class='ocrx_word' id='word_1_644' title='bbox 1425 4743 1622 4789; x_wconf 80' lang='lat' dir='ltr'><strong>metus.</strong></span> <span class='ocrx_word' id='word_1_645' title='bbox 1675 4733 1810 4788; x_wconf 82' lang='lat' dir='ltr'><strong>illud</strong></span> <span class='ocrx_word' id='word_1_646' title='bbox 1844 4734 2027 4787; x_wconf 85' lang='lat' dir='ltr'><strong>autem</strong></span> <span class='ocrx_word' id='word_1_647' title='bbox 2064 4748 2152 4789; x_wconf 89' lang='lat' dir='ltr'><strong>ac-</strong></span> 
     </span>
    </p>
   </div>
   <div class='ocr_carea' id='block_1_87' title="bbox 561 4823 2152 4895">
    <p class='ocr_par' dir='ltr' id='par_1_87' title="bbox 561 4823 2152 4895">
     <span class='ocr_line' id='line_1_87' title="bbox 561 4823 2152 4895; baseline -0.001 -17"><span class='ocrx_word' id='word_1_648' title='bbox 561 4823 795 4893; x_wconf 81' lang='lat' dir='ltr'><strong>quiritur</strong></span> <span class='ocrx_word' id='word_1_649' title='bbox 839 4823 1094 4879; x_wconf 83' lang='lat' dir='ltr'><strong>virtutem</strong></span> <span class='ocrx_word' id='word_1_650' title='bbox 1135 4825 1485 4895; x_wconf 80' lang='lat' dir='ltr'><strong>possidendo,</strong></span> <span class='ocrx_word' id='word_1_651' title='bbox 1513 4836 1570 4879; x_wconf 90' lang='lat' dir='ltr'><strong>et</strong></span> <span class='ocrx_word' id='word_1_652' title='bbox 1602 4826 1816 4880; x_wconf 84' lang='lat' dir='ltr'><strong>labores</strong></span> <span class='ocrx_word' id='word_1_653' title='bbox 1853 4840 2152 4893; x_wconf 86' lang='lat' dir='ltr'><strong>curamque</strong></span> 
     </span>
    </p>
   </div>
   <div class='ocr_carea' id='block_1_88' title="bbox 559 4916 2153 4988">
    <p class='ocr_par' dir='ltr' id='par_1_88' title="bbox 559 4916 2153 4988">
     <span class='ocr_line' id='line_1_88' title="bbox 559 4916 2153 4988; baseline 0 -17"><span class='ocrx_word' id='word_1_654' title='bbox 559 4932 689 4988; x_wconf 86' lang='lat' dir='ltr'><strong>erga</strong></span> <span class='ocrx_word' id='word_1_655' title='bbox 740 4916 987 4972; x_wconf 86' lang='lat' dir='ltr'><strong>subditos</strong></span> <span class='ocrx_word' id='word_1_656' title='bbox 1023 4918 1410 4988; x_wconf 84' lang='lat' dir='ltr'><strong>impendendo.</strong></span> <span class='ocrx_word' id='word_1_657' title='bbox 1461 4918 1540 4973; x_wconf 87' lang='lat' dir='ltr'><strong>Ita</strong></span> <span class='ocrx_word' id='word_1_658' title='bbox 1572 4920 1665 4974; x_wconf 82' lang='lat' dir='ltr'><strong>fiet</strong></span> <span class='ocrx_word' id='word_1_659' title='bbox 1709 4929 1766 4973; x_wconf 90' lang='lat' dir='ltr'><strong>ut</strong></span> <span class='ocrx_word' id='word_1_660' title='bbox 1804 4920 1970 4973; x_wconf 83' lang='lat' dir='ltr'><strong>vitam</strong></span> <span class='ocrx_word' id='word_1_661' title='bbox 2024 4931 2153 4971; x_wconf 88' lang='lat' dir='ltr'><strong>vere</strong></span> 
     </span>
    </p>
   </div>
   <div class='ocr_carea' id='block_1_89' title="bbox 561 5009 2155 5082">
    <p class='ocr_par' dir='ltr' id='par_1_89' title="bbox 561 5009 2155 5082">
     <span class='ocr_line' id='line_1_89' title="bbox 561 5009 2155 5082; baseline 0 -19"><span class='ocrx_word' id='word_1_662' title='bbox 561 5009 785 5064; x_wconf 85' lang='lat' dir='ltr'><strong>vitalem</strong></span> <span class='ocrx_word' id='word_1_663' title='bbox 806 5019 863 5065; x_wconf 90' lang='lat' dir='ltr'><strong>et</strong></span> <span class='ocrx_word' id='word_1_664' title='bbox 890 5009 1091 5081; x_wconf 88' lang='lat' dir='ltr'><strong>regiam</strong></span> <span class='ocrx_word' id='word_1_665' title='bbox 1121 5026 1249 5082; x_wconf 87' lang='lat' dir='ltr'><strong>agas</strong></span> <span class='ocrx_word' id='word_1_666' title='bbox 1279 5013 1416 5081; x_wconf 89' lang='lat' dir='ltr'><strong>ipse,</strong></span> <span class='ocrx_word' id='word_1_667' title='bbox 1462 5022 1626 5081; x_wconf 88' lang='lat' dir='ltr'><strong>atque</strong></span> <span class='ocrx_word' id='word_1_668' title='bbox 1672 5012 1793 5065; x_wconf 90' lang='lat' dir='ltr'><strong>illos</strong></span> <span class='ocrx_word' id='word_1_669' title='bbox 1837 5011 1966 5065; x_wconf 90' lang='lat' dir='ltr'><strong>dum</strong></span> <span class='ocrx_word' id='word_1_670' title='bbox 2007 5016 2155 5063; x_wconf 89' lang='lat' dir='ltr'><strong>tutos</strong></span> 
     </span>
    </p>
   </div>
   <div class='ocr_carea' id='block_1_90' title="bbox 563 5101 2155 5172">
    <p class='ocr_par' dir='ltr' id='par_1_90' title="bbox 563 5101 2155 5172">
     <span class='ocr_line' id='line_1_90' title="bbox 563 5101 2155 5172; baseline -0.001 -18"><span class='ocrx_word' id='word_1_671' title='bbox 563 5110 622 5155; x_wconf 92' lang='lat' dir='ltr'><strong>et</strong></span> <span class='ocrx_word' id='word_1_672' title='bbox 669 5101 973 5155; x_wconf 87' lang='lat' dir='ltr'><strong>incolumes</strong></span> <span class='ocrx_word' id='word_1_673' title='bbox 1020 5112 1249 5172; x_wconf 63' lang='lat' dir='ltr'><strong>praestas</strong></span> <span class='ocrx_word' id='word_1_674' title='bbox 1288 5106 1359 5157; x_wconf 89' lang='lat' dir='ltr'><strong>ab</strong></span> <span class='ocrx_word' id='word_1_675' title='bbox 1391 5103 1605 5157; x_wconf 89' lang='lat' dir='ltr'><strong>insidiis</strong></span> <span class='ocrx_word' id='word_1_676' title='bbox 1647 5111 1703 5157; x_wconf 85' lang='lat' dir='ltr'><strong>et</strong></span> <span class='ocrx_word' id='word_1_677' title='bbox 1753 5101 2155 5157; x_wconf 86' lang='lat' dir='ltr'><strong>calamitatibus</strong></span> 
     </span>
    </p>
   </div>
   <div class='ocr_carea' id='block_1_91' title="bbox 566 5194 2154 5266">
    <p class='ocr_par' dir='ltr' id='par_1_91' title="bbox 566 5194 2154 5266">
     <span class='ocr_line' id='line_1_91' title="bbox 566 5194 2154 5266; baseline 0 -19"><span class='ocrx_word' id='word_1_678' title='bbox 566 5203 768 5264; x_wconf 71' lang='lat' dir='ltr'><strong>praeter</strong></span> <span class='ocrx_word' id='word_1_679' title='bbox 802 5194 891 5263; x_wconf 91' lang='lat' dir='ltr'><strong>jus</strong></span> <span class='ocrx_word' id='word_1_680' title='bbox 920 5195 1104 5260; x_wconf 90' lang='lat' dir='ltr'><strong>illatis,</strong></span> <span class='ocrx_word' id='word_1_681' title='bbox 1150 5197 1379 5266; x_wconf 88' lang='lat' dir='ltr'><strong>gloriam</strong></span> <span class='ocrx_word' id='word_1_682' title='bbox 1429 5197 1525 5251; x_wconf 89' lang='lat' dir='ltr'><strong>tibi</strong></span> <span class='ocrx_word' id='word_1_683' title='bbox 1568 5207 1810 5266; x_wconf 84' lang='lat' dir='ltr'><strong>paratam</strong></span> <span class='ocrx_word' id='word_1_684' title='bbox 1870 5194 2154 5248; x_wconf 83' lang='lat' dir='ltr'><strong>immorta-</strong></span> 
     </span>
    </p>
   </div>
   <div class='ocr_carea' id='block_1_92' title="bbox 568 5287 1083 5344">
    <p class='ocr_par' dir='ltr' id='par_1_92' title="bbox 568 5287 1083 5344">
     <span class='ocr_line' id='line_1_92' title="bbox 568 5287 1083 5344; baseline -0.002 -1"><span class='ocrx_word' id='word_1_685' title='bbox 568 5288 677 5344; x_wconf 87' lang='lat' dir='ltr'><strong>lem</strong></span> <span class='ocrx_word' id='word_1_686' title='bbox 710 5287 1083 5342; x_wconf 88' lang='lat' dir='ltr'><strong>conservabis.</strong></span> 
     </span>
    </p>
   </div>
   <div class='ocr_carea' id='block_1_93' title="bbox 640 5398 2157 5476">
    <p class='ocr_par' dir='ltr' id='par_1_93' title="bbox 640 5398 2157 5476">
     <span class='ocr_line' id='line_1_93' title="bbox 640 5398 2157 5476; baseline 0.004 -22"><span class='ocrx_word' id='word_1_687' title='bbox 640 5399 729 5455; x_wconf 71' lang='grc' dir='ltr'><strong>ιϐ.</strong></span> <span class='ocrx_word' id='word_1_688' title='bbox 778 5398 949 5472; x_wconf 85' lang='lat' dir='ltr'><strong>Leges</strong></span> <span class='ocrx_word' id='word_1_689' title='bbox 995 5402 1343 5457; x_wconf 81' lang='lat' dir='ltr'><strong>exactissime</strong></span> <span class='ocrx_word' id='word_1_690' title='bbox 1410 5405 1549 5460; x_wconf 88' lang='lat' dir='ltr'><strong>latas</strong></span> <span class='ocrx_word' id='word_1_691' title='bbox 1591 5404 1808 5459; x_wconf 88' lang='lat' dir='ltr'><strong>laudato</strong></span> <span class='ocrx_word' id='word_1_692' title='bbox 1854 5415 1910 5460; x_wconf 90' lang='lat' dir='ltr'><strong>et</strong></span> <span class='ocrx_word' id='word_1_693' title='bbox 1949 5406 2157 5476; x_wconf 89' lang='lat' dir='ltr'><strong>ample-</strong></span> 
     </span>
    </p>
   </div>
   <div class='ocr_carea' id='block_1_94' title="bbox 568 5492 2157 5567">
    <p class='ocr_par' dir='ltr' id='par_1_94' title="bbox 568 5492 2157 5567">
     <span class='ocr_line' id='line_1_94' title="bbox 568 5492 2157 5567; baseline 0.003 -22"><span class='ocrx_word' id='word_1_694' title='bbox 568 5500 740 5545; x_wconf 85' lang='lat' dir='ltr'><strong>ctere.</strong></span> <span class='ocrx_word' id='word_1_695' title='bbox 771 5492 893 5547; x_wconf 88' lang='lat' dir='ltr'><strong>Illas</strong></span> <span class='ocrx_word' id='word_1_696' title='bbox 924 5508 1088 5564; x_wconf 88' lang='lat' dir='ltr'><strong>porro</strong></span> <span class='ocrx_word' id='word_1_697' title='bbox 1116 5494 1395 5559; x_wconf 88' lang='lat' dir='ltr'><strong>intuendo,</strong></span> <span class='ocrx_word' id='word_1_698' title='bbox 1430 5496 1594 5550; x_wconf 85' lang='lat' dir='ltr'><strong>vitam</strong></span> <span class='ocrx_word' id='word_1_699' title='bbox 1624 5504 1773 5550; x_wconf 90' lang='lat' dir='ltr'><strong>tuam</strong></span> <span class='ocrx_word' id='word_1_700' title='bbox 1795 5496 1968 5567; x_wconf 75' lang='lat' dir='ltr'><strong>dirige</strong></span> <span class='ocrx_word' id='word_1_701' title='bbox 2000 5514 2014 5550; x_wconf 90' lang='lat'><strong>:</strong></span> <span class='ocrx_word' id='word_1_702' title='bbox 2044 5498 2157 5551; x_wconf 87' lang='lat' dir='ltr'><strong>noli</strong></span> 
     </span>
    </p>
   </div>
   <div class='ocr_carea' id='block_1_95' title="bbox 568 5585 2159 5659">
    <p class='ocr_par' dir='ltr' id='par_1_95' title="bbox 568 5585 2159 5659">
     <span class='ocr_line' id='line_1_95' title="bbox 568 5585 2159 5659; baseline 0.004 -20"><span class='ocrx_word' id='word_1_703' title='bbox 568 5592 755 5639; x_wconf 85' lang='lat' dir='ltr'><strong>autem</strong></span> <span class='ocrx_word' id='word_1_704' title='bbox 794 5585 947 5653; x_wconf 79' lang='lat' dir='ltr'><strong>juxta</strong></span> <span class='ocrx_word' id='word_1_705' title='bbox 976 5586 1189 5641; x_wconf 90' lang='lat' dir='ltr'><strong>illarum</strong></span> <span class='ocrx_word' id='word_1_706' title='bbox 1240 5589 1417 5657; x_wconf 86' lang='lat' dir='ltr'><strong>legum</strong></span> <span class='ocrx_word' id='word_1_707' title='bbox 1452 5589 1692 5643; x_wconf 90' lang='lat' dir='ltr'><strong>calculos</strong></span> <span class='ocrx_word' id='word_1_708' title='bbox 1747 5604 1938 5659; x_wconf 68' lang='lat' dir='ltr'><strong>poenas</strong></span> <span class='ocrx_word' id='word_1_709' title='bbox 1966 5591 2159 5645; x_wconf 78' lang='lat' dir='ltr'><strong>inexo-</strong></span> 
     </span>
    </p>
   </div>
   <div class='ocr_carea' id='block_1_96' title="bbox 571 5677 2161 5750">
    <p class='ocr_par' dir='ltr' id='par_1_96' title="bbox 571 5677 2161 5750">
     <span class='ocr_line' id='line_1_96' title="bbox 571 5677 2161 5750; baseline 0.003 -20"><span class='ocrx_word' id='word_1_710' title='bbox 571 5677 775 5731; x_wconf 84' lang='lat' dir='ltr'><strong>rabiles</strong></span> <span class='ocrx_word' id='word_1_711' title='bbox 803 5678 1035 5731; x_wconf 88' lang='lat' dir='ltr'><strong>subditis</strong></span> <span class='ocrx_word' id='word_1_712' title='bbox 1070 5679 1175 5732; x_wconf 90' lang='lat' dir='ltr'><strong>tuis</strong></span> <span class='ocrx_word' id='word_1_713' title='bbox 1200 5678 1474 5749; x_wconf 87' lang='lat' dir='ltr'><strong>irrogare;</strong></span> <span class='ocrx_word' id='word_1_714' title='bbox 1508 5681 1692 5750; x_wconf 91' lang='lat' dir='ltr'><strong>potius</strong></span> <span class='ocrx_word' id='word_1_715' title='bbox 1713 5690 1897 5735; x_wconf 88' lang='lat' dir='ltr'><strong>autem</strong></span> <span class='ocrx_word' id='word_1_716' title='bbox 1920 5682 2161 5736; x_wconf 86' lang='lat' dir='ltr'><strong>clemen-</strong></span> 
     </span>
    </p>
   </div>
   <div class='ocr_carea' id='block_1_97' title="bbox 576 5769 2159 5843">
    <p class='ocr_par' dir='ltr' id='par_1_97' title="bbox 576 5769 2159 5843">
     <span class='ocr_line' id='line_1_97' title="bbox 576 5769 2159 5843; baseline 0.003 -20"><span class='ocrx_word' id='word_1_717' title='bbox 576 5769 811 5825; x_wconf 88' lang='lat' dir='ltr'><strong>tioribus</strong></span> <span class='ocrx_word' id='word_1_718' title='bbox 843 5769 1109 5825; x_wconf 89' lang='lat' dir='ltr'><strong>institutis</strong></span> <span class='ocrx_word' id='word_1_719' title='bbox 1135 5770 1510 5826; x_wconf 89' lang='lat' dir='ltr'><strong>illoseruditos</strong></span> <span class='ocrx_word' id='word_1_720' title='bbox 1528 5787 1674 5843; x_wconf 85' lang='lat' dir='ltr'><strong>rege.</strong></span> <span class='ocrx_word' id='word_1_721' title='bbox 1700 5770 1775 5825; x_wconf 86' lang='lat' dir='ltr'><strong>Ita</strong></span> <span class='ocrx_word' id='word_1_722' title='bbox 1805 5772 1896 5827; x_wconf 86' lang='lat' dir='ltr'><strong>lict</strong></span> <span class='ocrx_word' id='word_1_723' title='bbox 1922 5782 2002 5836; x_wconf 86' lang='lat' dir='ltr'><strong>ut,</strong></span> <span class='ocrx_word' id='word_1_724' title='bbox 2031 5775 2159 5828; x_wconf 86' lang='lat' dir='ltr'><strong>dum</strong></span> 
     </span>
    </p>
   </div>
   <div class='ocr_carea' id='block_1_98' title="bbox 578 5860 2161 5933">
    <p class='ocr_par' dir='ltr' id='par_1_98' title="bbox 578 5860 2161 5933">
     <span class='ocr_line' id='line_1_98' title="bbox 578 5860 2161 5933; baseline 0.003 -19"><span class='ocrx_word' id='word_1_725' title='bbox 578 5869 825 5915; x_wconf 70' lang='lat' dir='ltr'><strong>exat-um</strong></span> <span class='ocrx_word' id='word_1_726' title='bbox 856 5860 911 5916; x_wconf 89' lang='lat' dir='ltr'><strong>in</strong></span> <span class='ocrx_word' id='word_1_727' title='bbox 938 5861 1112 5933; x_wconf 87' lang='lat' dir='ltr'><strong>tcipso</strong></span> <span class='ocrx_word' id='word_1_728' title='bbox 1138 5861 1402 5919; x_wconf 84' lang='lat' dir='ltr'><strong>rationem</strong></span> <span class='ocrx_word' id='word_1_729' title='bbox 1433 5861 1559 5927; x_wconf 88' lang='lat' dir='ltr'><strong>inis,</strong></span> <span class='ocrx_word' id='word_1_730' title='bbox 1584 5862 1911 5917; x_wconf 85' lang='lat' dir='ltr'><strong>metuendus</strong></span> <span class='ocrx_word' id='word_1_731' title='bbox 1940 5863 2161 5918; x_wconf 83' lang='lat' dir='ltr'><strong>videbe-</strong></span> 
     </span>
    </p>
   </div>
   <div class='ocr_carea' id='block_1_99' title="bbox 2259 4641 3819 4716">
    <p class='ocr_par' dir='ltr' id='par_1_99' title="bbox 2259 4641 3819 4716">
     <span class='ocr_line' id='line_1_99' title="bbox 2259 4641 3819 4716; baseline -0.002 -19"><span class='ocrx_word' id='word_1_732' title='bbox 2259 4645 2446 4716; x_wconf 77' lang='grc' dir='ltr'>μεῖζον</span> <span class='ocrx_word' id='word_1_733' title='bbox 2496 4644 2675 4715; x_wconf 76' lang='grc' dir='ltr'>ἀρχῆς</span> <span class='ocrx_word' id='word_1_734' title='bbox 2727 4642 2928 4714; x_wconf 84' lang='grc' dir='ltr'>βάθρον</span> <span class='ocrx_word' id='word_1_735' title='bbox 2968 4643 3064 4697; x_wconf 70' lang='grc' dir='ltr'>καὶ</span> <span class='ocrx_word' id='word_1_736' title='bbox 3110 4642 3518 4712; x_wconf 82' lang='grc' dir='ltr'>ἀσφαλέστερον</span> <span class='ocrx_word' id='word_1_737' title='bbox 3542 4684 3558 4706; x_wconf 86' lang='grc'><strong>,</strong></span> <span class='ocrx_word' id='word_1_738' title='bbox 3590 4643 3623 4711; x_wconf 74' lang='grc' dir='ltr'>ἢ</span> <span class='ocrx_word' id='word_1_739' title='bbox 3655 4641 3819 4710; x_wconf 79' lang='grc' dir='ltr'>φόσος.</span> 
     </span>
    </p>
   </div>
   <div class='ocr_carea' id='block_1_100' title="bbox 2254 4734 3822 4807">
    <p class='ocr_par' dir='ltr' id='par_1_100' title="bbox 2254 4734 3822 4807">
     <span class='ocr_line' id='line_1_100' title="bbox 2254 4734 3822 4807; baseline -0.004 -17"><span class='ocrx_word' id='word_1_740' title='bbox 2254 4736 2427 4790; x_wconf 80' lang='grc' dir='ltr'>Τοῦτο</span> <span class='ocrx_word' id='word_1_741' title='bbox 2449 4736 2504 4789; x_wconf 86' lang='grc' dir='ltr'>δὲ</span> <span class='ocrx_word' id='word_1_742' title='bbox 2525 4736 2739 4807; x_wconf 90' lang='grc' dir='ltr'>ἀρετῶν</span> <span class='ocrx_word' id='word_1_743' title='bbox 2770 4752 2831 4788; x_wconf 87' lang='grc' dir='ltr'><strong>τε</strong></span> <span class='ocrx_word' id='word_1_744' title='bbox 2860 4736 3052 4805; x_wconf 83' lang='grc' dir='ltr'>κτῆσις</span> <span class='ocrx_word' id='word_1_745' title='bbox 3073 4738 3218 4788; x_wconf 83' lang='grc' dir='ltr'><strong>ποιεί</strong></span> <span class='ocrx_word' id='word_1_746' title='bbox 3240 4777 3256 4801; x_wconf 92' lang='grc'><strong>,</strong></span> <span class='ocrx_word' id='word_1_747' title='bbox 3281 4735 3379 4788; x_wconf 76' lang='grc' dir='ltr'>καὶ</span> <span class='ocrx_word' id='word_1_748' title='bbox 3401 4735 3452 4787; x_wconf 82' lang='grc' dir='ltr'>οἱ</span> <span class='ocrx_word' id='word_1_749' title='bbox 3498 4735 3631 4804; x_wconf 74' lang='grc' dir='ltr'>περὶ</span> <span class='ocrx_word' id='word_1_750' title='bbox 3658 4734 3717 4787; x_wconf 78' lang='grc' dir='ltr'>τὸ</span> <span class='ocrx_word' id='word_1_751' title='bbox 3742 4735 3822 4786; x_wconf 57' lang='grc' dir='ltr'><strong>ὑπ’</strong></span> 
     </span>
    </p>
   </div>
   <div class='ocr_carea' id='block_1_101' title="bbox 2255 4825 3820 4899">
    <p class='ocr_par' dir='ltr' id='par_1_101' title="bbox 2255 4825 3820 4899">
     <span class='ocr_line' id='line_1_101' title="bbox 2255 4825 3820 4899; baseline -0.003 -18"><span class='ocrx_word' id='word_1_752' title='bbox 2255 4830 2422 4899; x_wconf 63' lang='grc' dir='ltr'>ήκοον</span> <span class='ocrx_word' id='word_1_753' title='bbox 2462 4829 2613 4881; x_wconf 84' lang='grc' dir='ltr'>πόνοι</span> <span class='ocrx_word' id='word_1_754' title='bbox 2646 4828 2740 4881; x_wconf 79' lang='grc' dir='ltr'>καὶ</span> <span class='ocrx_word' id='word_1_755' title='bbox 2788 4827 3091 4899; x_wconf 81' lang='grc' dir='ltr'>φροντίδες.</span> <span class='ocrx_word' id='word_1_756' title='bbox 3144 4826 3302 4881; x_wconf 82' lang='grc' dir='ltr'>υῦτω</span> <span class='ocrx_word' id='word_1_757' title='bbox 3346 4826 3405 4879; x_wconf 83' lang='grc' dir='ltr'>δὲ</span> <span class='ocrx_word' id='word_1_758' title='bbox 3449 4826 3617 4889; x_wconf 81' lang='grc' dir='ltr'>αὑτός</span> <span class='ocrx_word' id='word_1_759' title='bbox 3660 4842 3717 4879; x_wconf 85' lang='grc' dir='ltr'><strong>τε</strong></span> <span class='ocrx_word' id='word_1_760' title='bbox 3759 4825 3820 4885; x_wconf 82' lang='grc' dir='ltr'>ὡς</span> 
     </span>
    </p>
   </div>
   <div class='ocr_carea' id='block_1_102' title="bbox 2255 4915 3819 4989">
    <p class='ocr_par' dir='ltr' id='par_1_102' title="bbox 2255 4915 3819 4989">
     <span class='ocr_line' id='line_1_102' title="bbox 2255 4915 3819 4989; baseline -0.004 -18"><span class='ocrx_word' id='word_1_761' title='bbox 2255 4918 2471 4989; x_wconf 81' lang='grc' dir='ltr'>ἀληθῶς</span> <span class='ocrx_word' id='word_1_762' title='bbox 2498 4918 2794 4987; x_wconf 78' lang='grc' dir='ltr'>βασιλικῶς</span> <span class='ocrx_word' id='word_1_763' title='bbox 2816 4918 2911 4971; x_wconf 77' lang='grc' dir='ltr'>καὶ</span> <span class='ocrx_word' id='word_1_764' title='bbox 2938 4918 3107 4988; x_wconf 69' lang='grc' dir='ltr'>ἡδέως</span> <span class='ocrx_word' id='word_1_765' title='bbox 3134 4915 3373 4986; x_wconf 77' lang='grc' dir='ltr'>βιώσεις,</span> <span class='ocrx_word' id='word_1_766' title='bbox 3394 4918 3675 4981; x_wconf 86' lang='grc' dir='ltr'>κάκείνοις</span> <span class='ocrx_word' id='word_1_767' title='bbox 3692 4916 3819 4968; x_wconf 71' lang='grc' dir='ltr'>ἐλευο</span> 
     </span>
    </p>
   </div>
   <div class='ocr_carea' id='block_1_103' title="bbox 2258 5009 3820 5085">
    <p class='ocr_par' dir='ltr' id='par_1_103' title="bbox 2258 5009 3820 5085">
     <span class='ocr_line' id='line_1_103' title="bbox 2258 5009 3820 5085; baseline -0.006 -20"><span class='ocrx_word' id='word_1_768' title='bbox 2258 5012 2424 5085; x_wconf 86' lang='grc' dir='ltr'>θέραν</span> <span class='ocrx_word' id='word_1_769' title='bbox 2451 5010 2750 5080; x_wconf 78' lang='grc' dir='ltr'>ἐπιϐουλῆς</span> <span class='ocrx_word' id='word_1_770' title='bbox 2774 5014 2871 5064; x_wconf 69' lang='grc' dir='ltr'>καὶ</span> <span class='ocrx_word' id='word_1_771' title='bbox 2902 5009 3200 5081; x_wconf 79' lang='grc' dir='ltr'>συμφορῶν</span> <span class='ocrx_word' id='word_1_772' title='bbox 3234 5009 3540 5077; x_wconf 82' lang='grc' dir='ltr'>ἀλογίστων</span> <span class='ocrx_word' id='word_1_773' title='bbox 3568 5012 3664 5077; x_wconf 77' lang='grc' dir='ltr'>τὴν</span> <span class='ocrx_word' id='word_1_774' title='bbox 3694 5014 3820 5061; x_wconf 73' lang='grc' dir='ltr'>πολε.</span> 
     </span>
    </p>
   </div>
   <div class='ocr_carea' id='block_1_104' title="bbox 2256 5098 3817 5174">
    <p class='ocr_par' dir='ltr' id='par_1_104' title="bbox 2256 5098 3817 5174">
     <span class='ocr_line' id='line_1_104' title="bbox 2256 5098 3817 5174; baseline -0.007 -15"><span class='ocrx_word' id='word_1_775' title='bbox 2256 5107 2406 5159; x_wconf 86' lang='grc' dir='ltr'>τείαν</span> <span class='ocrx_word' id='word_1_776' title='bbox 2457 5104 2832 5174; x_wconf 76' lang='grc' dir='ltr'>συντηρήσας,</span> <span class='ocrx_word' id='word_1_777' title='bbox 2884 5101 3217 5171; x_wconf 85' lang='grc' dir='ltr'>ἀείμνηστον</span> <span class='ocrx_word' id='word_1_778' title='bbox 3274 5100 3475 5155; x_wconf 83' lang='grc' dir='ltr'>σαυτοῦ</span> <span class='ocrx_word' id='word_1_779' title='bbox 3538 5102 3694 5164; x_wconf 81' lang='grc' dir='ltr'>κλέος</span> <span class='ocrx_word' id='word_1_780' title='bbox 3745 5098 3817 5151; x_wconf 77' lang='grc' dir='ltr'><strong>τὸν</strong></span> 
     </span>
    </p>
   </div>
   <div class='ocr_carea' id='block_1_105' title="bbox 2259 5196 3091 5269">
    <p class='ocr_par' dir='ltr' id='par_1_105' title="bbox 2259 5196 3091 5269">
     <span class='ocr_line' id='line_1_105' title="bbox 2259 5196 3091 5269; baseline -0.007 -14"><span class='ocrx_word' id='word_1_781' title='bbox 2259 5201 2476 5255; x_wconf 77' lang='grc' dir='ltr'>ἅπαντα</span> <span class='ocrx_word' id='word_1_782' title='bbox 2501 5198 2692 5269; x_wconf 86' lang='grc' dir='ltr'>χρόνον</span> <span class='ocrx_word' id='word_1_783' title='bbox 2719 5196 3091 5265; x_wconf 67' lang='grc' dir='ltr'>καταλείψεις.</span> 
     </span>
    </p>
   </div>
   <div class='ocr_carea' id='block_1_106' title="bbox 2334 5396 3815 5470">
    <p class='ocr_par' dir='ltr' id='par_1_106' title="bbox 2334 5396 3815 5470">
     <span class='ocr_line' id='line_1_106' title="bbox 2334 5396 3815 5470; baseline -0.004 -18"><span class='ocrx_word' id='word_1_784' title='bbox 2334 5397 2451 5470; x_wconf 68' lang='grc' dir='ltr'>μετ’.</span> <span class='ocrx_word' id='word_1_785' title='bbox 2482 5398 2685 5470; x_wconf 87' lang='grc' dir='ltr'>Νόμων</span> <span class='ocrx_word' id='word_1_786' title='bbox 2714 5399 2841 5461; x_wconf 80' lang='grc' dir='ltr'>τοὺς</span> <span class='ocrx_word' id='word_1_787' title='bbox 2868 5396 3300 5469; x_wconf 76' lang='grc' dir='ltr'>ἀκριϐεστάτους</span> <span class='ocrx_word' id='word_1_788' title='bbox 3327 5397 3546 5452; x_wconf 74' lang='grc' dir='ltr'>ἐπαίνει</span> <span class='ocrx_word' id='word_1_789' title='bbox 3583 5398 3673 5451; x_wconf 67' lang='grc' dir='ltr'>καὶ</span> <span class='ocrx_word' id='word_1_790' title='bbox 3702 5397 3815 5448; x_wconf 77' lang='grc' dir='ltr'>ἀπο·</span> 
     </span>
    </p>
   </div>
   <div class='ocr_carea' id='block_1_107' title="bbox 2257 5486 3813 5563">
    <p class='ocr_par' dir='ltr' id='par_1_107' title="bbox 2257 5486 3813 5563">
     <span class='ocr_line' id='line_1_107' title="bbox 2257 5486 3813 5563; baseline -0.005 -18"><span class='ocrx_word' id='word_1_791' title='bbox 2257 5492 2455 5562; x_wconf 78' lang='grc' dir='ltr'>δέχου·</span> <span class='ocrx_word' id='word_1_792' title='bbox 2515 5494 2609 5544; x_wconf 73' lang='grc' dir='ltr'>καὶ</span> <span class='ocrx_word' id='word_1_793' title='bbox 2666 5492 2803 5563; x_wconf 81' lang='grc' dir='ltr'>πρὸς</span> <span class='ocrx_word' id='word_1_794' title='bbox 2858 5493 3102 5555; x_wconf 82' lang='grc' dir='ltr'>ἐκείνους</span> <span class='ocrx_word' id='word_1_795' title='bbox 3166 5491 3409 5562; x_wconf 80' lang='grc' dir='ltr'>βλέπων,</span> <span class='ocrx_word' id='word_1_796' title='bbox 3468 5491 3560 5543; x_wconf 81' lang='grc' dir='ltr'>τὸν</span> <span class='ocrx_word' id='word_1_797' title='bbox 3616 5486 3813 5542; x_wconf 79' lang='grc' dir='ltr'>σεαυτοῦ</span> 
     </span>
    </p>
   </div>
   <div class='ocr_carea' id='block_1_108' title="bbox 2263 5583 3816 5657">
    <p class='ocr_par' dir='ltr' id='par_1_108' title="bbox 2263 5583 3816 5657">
     <span class='ocr_line' id='line_1_108' title="bbox 2263 5583 3816 5657; baseline -0.005 -18"><span class='ocrx_word' id='word_1_798' title='bbox 2263 5585 2493 5657; x_wconf 78' lang='grc' dir='ltr'>ρύθμιζε</span> <span class='ocrx_word' id='word_1_799' title='bbox 2523 5585 2638 5656; x_wconf 84' lang='grc' dir='ltr'>βίον</span> <span class='ocrx_word' id='word_1_800' title='bbox 2661 5600 2675 5614; x_wconf 75' lang='grc' dir='ltr'><strong>ο</strong></span> <span class='ocrx_word' id='word_1_801' title='bbox 2711 5585 2787 5656; x_wconf 76' lang='grc' dir='ltr'>μὴ</span> <span class='ocrx_word' id='word_1_802' title='bbox 2823 5585 3008 5655; x_wconf 84' lang='grc' dir='ltr'>μέντοι</span> <span class='ocrx_word' id='word_1_803' title='bbox 3046 5584 3189 5638; x_wconf 87' lang='grc' dir='ltr'><strong>κατά</strong></span> <span class='ocrx_word' id='word_1_804' title='bbox 3222 5585 3322 5647; x_wconf 87' lang='grc' dir='ltr'><strong>τάς</strong></span> <span class='ocrx_word' id='word_1_805' title='bbox 3352 5586 3579 5638; x_wconf 69' lang='grc' dir='ltr'>ἐκείνων</span> <span class='ocrx_word' id='word_1_806' title='bbox 3633 5583 3816 5653; x_wconf 65' lang='grc' dir='ltr'>ψήφους</span> 
     </span>
    </p>
   </div>
   <div class='ocr_carea' id='block_1_109' title="bbox 2261 5674 3813 5749">
    <p class='ocr_par' dir='ltr' id='par_1_109' title="bbox 2261 5674 3813 5749">
     <span class='ocr_line' id='line_1_109' title="bbox 2261 5674 3813 5749; baseline -0.003 -19"><span class='ocrx_word' id='word_1_807' title='bbox 2261 5679 2321 5730; x_wconf 85' lang='grc' dir='ltr'>τὸ</span> <span class='ocrx_word' id='word_1_808' title='bbox 2349 5680 2587 5748; x_wconf 83' lang='grc' dir='ltr'>ὑπήκοον</span> <span class='ocrx_word' id='word_1_809' title='bbox 2616 5679 3027 5748; x_wconf 71' lang='grc' dir='ltr'>ἀπαραιτήτους</span> <span class='ocrx_word' id='word_1_810' title='bbox 3058 5679 3388 5749; x_wconf 86' lang='grc' dir='ltr'>εἰσπράττου</span> <span class='ocrx_word' id='word_1_811' title='bbox 3419 5678 3518 5738; x_wconf 86' lang='grc' dir='ltr'><strong>τάς</strong></span> <span class='ocrx_word' id='word_1_812' title='bbox 3553 5674 3813 5745; x_wconf 75' lang='grc' dir='ltr'>τιμωρίας,</span> 
     </span>
    </p>
   </div>
   <div class='ocr_carea' id='block_1_110' title="bbox 2260 5767 3814 5842">
    <p class='ocr_par' dir='ltr' id='par_1_110' title="bbox 2260 5767 3814 5842">
     <span class='ocr_line' id='line_1_110' title="bbox 2260 5767 3814 5842; baseline -0.005 -18"><span class='ocrx_word' id='word_1_813' title='bbox 2260 5771 2396 5824; x_wconf 89' lang='grc' dir='ltr'><strong>ἀλλά</strong></span> <span class='ocrx_word' id='word_1_814' title='bbox 2424 5771 2514 5825; x_wconf 76' lang='grc' dir='ltr'><strong>διὰ</strong></span> <span class='ocrx_word' id='word_1_815' title='bbox 2542 5772 2652 5826; x_wconf 89' lang='grc' dir='ltr'><strong>τῶν</strong></span> <span class='ocrx_word' id='word_1_816' title='bbox 2686 5771 3217 5842; x_wconf 81' lang='grc' dir='ltr'>φιλανθρωποτέρων</span> <span class='ocrx_word' id='word_1_817' title='bbox 3249 5768 3453 5839; x_wconf 84' lang='grc' dir='ltr'>μᾶλλον</span> <span class='ocrx_word' id='word_1_818' title='bbox 3484 5767 3814 5835; x_wconf 68' lang='grc' dir='ltr'>παιδαγωγεῖ.-</span> 
     </span>
    </p>
   </div>
   <div class='ocr_carea' id='block_1_111' title="bbox 2262 5855 3814 5934">
    <p class='ocr_par' dir='ltr' id='par_1_111' title="bbox 2262 5855 3814 5934">
     <span class='ocr_line' id='line_1_111' title="bbox 2262 5855 3814 5934; baseline -0.005 -19"><span class='ocrx_word' id='word_1_819' title='bbox 2262 5861 2406 5915; x_wconf 69' lang='grc' dir='ltr'>οὕτω</span> <span class='ocrx_word' id='word_1_820' title='bbox 2434 5879 2492 5915; x_wconf 85' lang='grc' dir='ltr'><strong>τε</strong></span> <span class='ocrx_word' id='word_1_821' title='bbox 2532 5863 2642 5934; x_wconf 87' lang='grc' dir='ltr'>γὰρ</span> <span class='ocrx_word' id='word_1_822' title='bbox 2678 5862 2942 5933; x_wconf 75' lang='grc' dir='ltr'>φοϐερὸς,</span> <span class='ocrx_word' id='word_1_823' title='bbox 2972 5861 3041 5915; x_wconf 88' lang='grc' dir='ltr'><strong>δι’</strong></span> <span class='ocrx_word' id='word_1_824' title='bbox 3072 5856 3147 5916; x_wconf 77' lang='grc' dir='ltr'>ὢν</span> <span class='ocrx_word' id='word_1_825' title='bbox 3188 5861 3414 5915; x_wconf 78' lang='grc' dir='ltr'>σεαυτὸν</span> <span class='ocrx_word' id='word_1_826' title='bbox 3443 5855 3814 5932; x_wconf 78' lang='grc' dir='ltr'>ἀκριϐολογεῖς,</span> 
     </span>
    </p>
   </div>
  </div>
