4052 6412
200 362 321 424 673

1385 368 1931 432 EPISTOL’ARUM
1972 369 2207 431 LIBER
2248 372 2299 433 Ι.

3372 368 3481 432 674

198 479 326 540 τοῖς
353 472 761 548 ἁμαρτάνουσιν
802 473 944 532 εἶναι
970 477 1144 545 δόξεις
1164 517 1179 543 ,
1205 479 1300 532 καὶ
1336 479 1651 552 ἀνεπαχθὴς
1675 482 1790 545 τοῖς

1910 482 1969 537 -is
2010 482 2480 553 delinquentibus,
2530 497 2709 553 neque
2759 489 2941 537 tamen
2999 478 3233 537 subditis
3285 480 3486 537 intole-

200 566 498 635 ὑπηκόοις.

286 654 395 729 μς.
432 658 599 711 Δεῖδέ
628 658 913 730 ἐγκρατῶς
934 661 1140 732 ἄρχειν,
1169 662 1229 715 ού
1260 662 1339 735 τῷ
1367 661 1636 731 κολάζειν,
1660 663 1796 719 ἀλλά

200 749 290 821 τῷ
323 750 501 803 δοκεῖν
533 750 855 806 κολαστικὸν
879 747 1043 809 εἶναι.
1091 754 1263 808 Τοῦτο
1291 756 1348 810 δέ
1372 752 1505 827 ἦθος
1532 756 1794 821 εὐσταθὲς

204 846 379 908 ποιεῖ,
410 844 505 899 καὶ
536 846 569 915 ὴ
598 846 707 898 τῶν
736 846 957 899 οίκείων
990 847 1210 918 τρόπων
1239 850 1503 920 σεμνότης
1535 849 1632 903 καὶ
1673 852 1792 903 ἐπιο

208 935 430 1005 μέλεια.
477 937 743 1008 Ὀργίλων
767 938 823 991 δὲ
858 939 1058 1010 μᾶλλον
1088 940 1393 1011 ἀνθρώπων
1421 942 1454 1013 ἢ
1489 941 1790 1013 φρονίμων,

208 1030 273 1081 αἱ
304 1030 572 1093 κολάσεις·
602 1031 798 1096 οἵτινες
828 1034 1034 1105 ἀπορία
1062 1034 1156 1087 τοῦ
1197 1035 1547 1106 δημαγωγεῖν
1580 1036 1794 1107 σωφρόο

208 1139 348 1187 νως,
380 1121 471 1176 ἐπὶ
498 1122 558 1175 τὸ
592 1123 845 1189 κολάζειν
872 1125 1164 1195 τρέπονται
1206 1128 1421 1199 ῥᾳδίως.
1463 1128 1574 1182 Καὶ
1602 1129 1663 1181 τὸ
1696 1128 1795 1198 μὲν

208 1213 312 1265 καὶ
350 1212 378 1263 ὁ
414 1211 883 1283 τυραννικώτατος
924 1216 1181 1287 πράξειεν
1216 1217 1281 1271 ἀν
1304 1234 1318 1248 ’
1351 1219 1411 1271 τὸ
1452 1218 1531 1284 δὲ,
1567 1219 1727 1289 μόνος
1756 1220 1795 1287 ,ὁ

212 1303 633 1376 ἀρχικώτατος·
671 1306 829 1377 εἴπερ
867 1307 1124 1377 ἄρχοντος
1169 1309 1342 1379 ἀρετὴ
1407 1311 1483 1381 μὴ
1525 1309 1792 1382 φθείρειν,

211 1396 356 1449 ἀλλά
385 1398 604 1461 πλείους
632 1399 727 1451 καὶ
758 1398 1035 1470 βελτίονας
1072 1403 1245 1454 ποιεῖν
1275 1401 1403 1465 τοὺς
1431 1403 1792 1474 ἀρχομένους.

288 1575 403 1641 μηθ.
450 1571 743 1642 Ἀρχοντος
775 1571 874 1642 μέν
903 1590 1049 1638 τινες
1079 1574 1290 1644 ἔφησαν
1324 1578 1527 1649 ἀρετὴν
1547 1618 1563 1642 ,
1606 1580 1671 1634 ἐκ
1706 1598 1795 1650 μι-

214 1666 356 1734 κρᾶς
381 1666 622 1735 μεγάλην
647 1666 799 1718 πόλιν
825 1665 1068 1737 ποιῆσαι·
1092 1668 1203 1737 ἐγὼ
1223 1668 1279 1721 δὲ
1302 1670 1500 1738 μᾶλλον
1520 1671 1586 1725 ἂν
1606 1674 1794 1743 φαίην,

212 1756 277 1809 τὸ
306 1757 372 1809 ἐκ
400 1755 612 1827 φαύλης
637 1756 934 1811 σπουδαίαν
953 1760 1390 1830 παρασκευάσαι.
1419 1761 1526 1815 Τοῦ
1557 1763 1658 1832 μὲν
1685 1764 1795 1834 γὰρ

1900 571 2129 627 randus.

1968 664 2059 718 47.
2108 662 2227 717 Vim
2260 663 2476 734 imperii
2506 662 2756 719 oblinere
2782 672 2999 734 oportet
3033 677 3145 717 non
3180 659 3487 732 puniendo,

1899 756 1997 810 sed
2043 756 2359 826 opinionem
2415 755 2650 812 fovendo
2687 757 3014 811 severitatis.
3063 755 3215 811 llanc
3270 768 3485 809 morum

1898 856 2159 916 procurat
2183 847 2472 913 stabilitas,
2512 848 2749 917 gravitas
2782 858 2840 904 et
2896 848 3081 903 sedula
3112 847 3482 905 observantia.

1904 938 2095 994 Poenas
2125 940 2367 1013 inﬂigere
2394 940 2794 1011 frequentiores
2828 941 3073 1007 iracundi
3105 941 3287 1010 potius
3320 955 3484 1009 quam

1898 1033 2182 1102 prudentis
2224 1044 2327 1089 est.
2376 1035 2458 1089 Illi
2488 1035 2636 1090 enim
2668 1033 2825 1089 facile
2878 1034 2946 1088 ad
2993 1033 3328 1104 puniendum
3390 1032 3487 1087 de-

1898 1128 2190 1194 scendunt,
2243 1144 2367 1183 cum
2398 1144 2496 1199 per
2522 1129 2794 1184 defectum
2820 1125 3208 1183 moderationis
3244 1125 3485 1179 mulcere

1897 1218 2149 1273 homines
2178 1220 2449 1275 nesciunt.
2483 1220 2725 1286 Quorum
2768 1219 2997 1274 alterum
3033 1226 3316 1287 tyrannus,
3350 1214 3486 1267 alte-

1896 1328 2018 1365 rum
2058 1311 2106 1367 is
2135 1313 2284 1368 solus
2314 1315 2404 1383 qui
2437 1313 2666 1383 imperio
2712 1314 2908 1384 dignus
2933 1311 3096 1366 faciet
3133 1327 3147 1363 :
3184 1309 3342 1377 cujus
3381 1306 3488 1360 vir-

1900 1415 1985 1461 tus
2023 1414 2107 1461 est
2135 1406 2430 1476 praecipua,
2478 1422 2591 1461 non
2638 1406 2887 1476 perdere,
2926 1404 3022 1460 sed
3068 1403 3323 1458 meliores
3367 1398 3489 1455 red-

1897 1500 2025 1554 dere
2051 1514 2181 1554 suos
2211 1499 2480 1554 subditos.

1966 1590 2057 1646 48.
2106 1588 2249 1646 Sunt
2288 1590 2382 1660 qui
2410 1590 2766 1660 pronuntiant
2796 1589 2866 1644 ad
2914 1588 3149 1645 ofﬁcium
3188 1586 3329 1658 regis
3378 1586 3484 1641 im-

1896 1683 2091 1753 primis
2141 1683 2437 1754 pertinere,
2490 1683 2880 1752 rempublicam
2934 1698 2965 1737 e
3011 1697 3177 1752 parva
3229 1695 3484 1751 magnam

1898 1776 2119 1831 fudere:
2166 1776 2301 1831 mihi
2347 1775 2530 1845 potius
2579 1775 2811 1837 videtur.
2846 1790 2913 1829 ex
2959 1773 3207 1844 improba
3261 1772 3487 1842 probam

214 1850 315 1903 καὶ
358 1849 564 1921 καιρῶν
595 1849 858 1914 πολλάκις
899 1851 1041 1922 φορά
1072 1852 1263 1921 γέγονε
1310 1854 1595 1925 παραιτία.
1628 1854 1703 1908 Τὸ
1737 1855 1794 1908 δέ

1910 1867 2256 1921 constituere.
2288 1865 2423 1920 illud
2450 1866 2594 1920 enim
2628 1865 2901 1919 interdum
2956 1862 3260 1919 occasionis
3290 1876 3491 1917 cursus

212 1942 319 1995 οὐκ
346 1942 463 1995 ἐστι
509 1943 584 2013 μὴ
639 1943 760 2012 οὐχὶ
791 1942 944 2012 παρά
983 1941 1078 1997 τοῦ
1106 1944 1308 2013 ἄριστα
1337 1944 1669 2011 διοικοῦντος
1702 1964 1795 2017 γε-

214 2032 429 2088 νέσθαι.
463 2035 559 2088 ⁸ον
588 2036 653 2090 σὺ
678 2035 1015 2107 παραζηλῶν
1034 2076 1050 2101 ,
1081 2036 1149 2090 δι’
1178 2032 1256 2091 ὧν
1289 2036 1599 2109 κατορθοῖς,
1626 2039 1795 2113 ἀρετῇ

213 2124 319 2197 τὴν
351 2124 461 2180 τῶν
488 2127 805 2199 ἀρχομένων
834 2127 1021 2195 αὔξεις
1046 2129 1344 2186 πολιτείαν.

293 2300 400 2373 μθ’.
430 2304 641 2374 Ὥσπερ
676 2304 853 2374 τεῖχος
894 2304 1115 2378 σαθρὸν,
1164 2305 1268 2360 κᾶν
1301 2306 1479 2369 οἰκίας
1519 2305 1667 2360 ἔνδον
1697 2307 1797 2381 ἔχῃ

214 2393 499 2466 λαμπρὰς,
540 2396 635 2448 καὶ
677 2395 857 2467 ἀέρων
899 2398 1219 2469 εὐκρασίαν,
1264 2400 1358 2452 καὶ
1395 2399 1601 2452 ὠνείων
1632 2401 1799 2468 ἀφθο-

217 2487 363 2551 νίαν,
393 2488 541 2557 ὅμως
570 2487 672 2558 τὴν
705 2488 861 2541 πόλιν
892 2488 1240 2556 ἐξευτελίζεν
1270 2489 1443 2554 οὕτως
1469 2492 1517 2543 οί
1548 2492 1678 2562 περὶ
1706 2490 1797 2545 τὸν

216 2579 461 2649 ἄρχοντα
486 2579 702 2650 φαῦλοι,
730 2582 825 2635 καὶ
846 2582 937 2636 τὸν
965 2584 1174 2638 ἐκείνου
1201 2584 1642 2641 συνδιαϐάλλουσι
1668 2587 1797 2655 τρό-

216 2687 346 2724 πον.
402 2673 464 2723 Ol
515 2672 625 2741 γὰρ
673 2674 899 2727 ἐκείνων
950 2676 1050 2747 τῆς
1106 2678 1375 2749 πονηρίας
1427 2676 1801 2749 λαμϐάνοντες

220 2765 442 2832 πεῖραν,
470 2766 682 2819 καὶτὸν
702 2766 794 2819 ὑπ’
816 2767 996 2822 αὐτῶν
1019 2768 1489 2841 δορυφορούμενον
1512 2769 1801 2842 παραπλή-

220 2872 341 2910 σιον
370 2857 848 2928 ὑπολαμϐάνουσιν
874 2858 1037 2916 εἶναι.

292 3046 355 3094 ν.
383 3040 629 3111 Μηδενὸς
653 3043 1023 3114 παρανομίαν,
1041 3042 1144 3097 κᾶν
1161 3043 1291 3115 δοκῇ
1320 3042 1389 3097 δι’
1410 3043 1581 3114 αὐτῆς
1602 3043 1805 3114 εὐημε-

223 3134 341 3201 ρεῖν
359 3172 376 3197 ,
404 3133 721 3210 ἐπαινέσῃς.
768 3133 1005 3188 Ἐκεῖνόν
1034 3152 1095 3188 τε
1124 3136 1236 3207 γὰρ
1267 3135 1468 3206 μᾶλλον
1494 3138 1574 3200 είς
1604 3138 1804 3190 κακίαν

223 3225 546 3296 ύπαλείψεις
571 3264 585 3290 ,
627 3230 722 3279 καὶ
770 3227 995 3281 σεαυτὸν
1047 3229 1129 3293 εἰς
1178 3228 1566 3300 παραπλησίαν
1604 3227 1803 3299 πρᾶξιν
1830 3219 1873 3279 C

223 3317 420 3388 καιρὸν
469 3319 750 3389 ἐπιζητεῖν
802 3318 1148 3388 ἀπελέγξεις.
1200 3321 1259 3373 '0
1307 3320 1417 3393 γὰρ
1468 3320 1575 3389 πρὸ
1606 3318 1804 3390 καιροῦ

222 3409 421 3475 ταύτα,
451 3410 520 3463 δι’
549 3405 624 3464 ὧν
656 3412 892 3477 ἐπαινεῖ,
921 3412 1373 3484 προθυμούμενος
1398 3414 1493 3466 καὶ
1522 3411 1719 3483 τιμῶν,
1753 3410 1807 3464 τί

224 3499 297 3556 ἂν
321 3501 385 3553 οὐ
414 3501 632 3573 ποιήσοι
660 3500 905 3557 τοιούτου
935 3503 1473 3574 παραπεπτωκότος;

299 3826 403 3875 νοι’.
458 3820 520 3873 '0
546 3822 657 3873 τῶν
690 3820 970 3892 ἀρχόντων
1002 3820 1230 3891 τρόπος,
1266 3819 1431 3890 νόμος
1454 3818 1661 3887 γίνεται
1693 3821 1807 3882 τοῖς
1841 3864 1847 3879 ,

228 3910 337 3966 ύπδ
361 3914 540 3983 χεῖρα.
558 3911 628 3967 Εῐ
653 3929 705 3966 τι
736 3908 828 3966 οὖν
861 3911 923 3965 τὸ
954 3911 1158 3983 πλῆθος
1187 3912 1571 3983 ἐξαμαρτάνει,
1605 3911 1685 3974 είς
1717 3911 1808 3965 τὸν
1845 3896 1857 3942 \

226 4005 467 4075 ἄρχοντα
514 4003 612 4074 τὴν
654 4004 833 4058 αἰτίαν
875 4004 1224 4074 ἀναπέμπει,
1266 4004 1433 4056 πόσον
1473 4003 1573 4056 οῖει
1612 4002 1808 4057 σαυτὸν

227 4093 431 4164 ἀρετῆς
475 4092 888 4163 ἐπιμελεῖσθαι,
942 4093 1039 4145 καὶ
1088 4093 1383 4164 χρεωστεῖν
1428 4092 1518 4146 ἀεὶ
1556 4090 1652 4144 ἐπὶ
1696 4093 1809 4155 τοῖς

224 4183 416 4246 καλοῖς
455 4182 816 4255 ἐγρηγορέναι
834 4198 851 4249 ;

296 4296 404 4367 νβ’.
450 4296 637 4368 Πάοης
674 4295 927 4365 πράξεως
959 4295 1124 4366 βουλὴ
1170 4295 1537 4367 προηγείσθω.
1588 4297 1655 4349 Al.
1697 4296 1808 4367 γάρ

226 4388 625 4445 ἀνεπίσκεπτον.
650 4389 897 4460 πράξεις,
921 4389 996 4452 ὡς
1016 4389 1085 4442 τὰ
1109 4388 1280 4442 πολλὰ
1308 4389 1475 4452 σφαλε
1486 4389 1595 4461 ραίο
1625 4389 1719 4443 καὶ
1746 4389 1809 4443 τὸ

229 4478 670 4551 κατορθούμενον
691 4520 705 4540 .
748 4479 973 4542 δικαίως
1006 4479 1071 4532 ἂν
1106 4477 1284 4540 αίτίας
1323 4478 1491 4549 ἄλλης
1521 4477 1682 4548 ἐργον
1725 4496 1809 4531 vo-

1897 1970 2121 2030 praastat
2160 1976 2175 2014 :
2214 1960 2319 2015 hoc
2361 1959 2513 2014 nullo
2559 1959 2722 2013 modo
2776 1956 3091 2027 contingere
3158 1964 3334 2025 potest
3381 1953 3488 2008 nisi

1896 2068 1993 2122 per
2012 2052 2217 2122 optime
2253 2056 2636 2124 imperantem.
2668 2049 2826 2104 Hunc
2857 2059 2913 2103 tu
2939 2050 2986 2103 si
3023 2048 3268 2103 imitatus
3294 2045 3485 2111 fueris,

1897 2143 2005 2200 tuis
2043 2144 2319 2215 praeclaris
2357 2144 2514 2200 factis
2559 2159 2674 2199 rem
2733 2142 3083 2199 subditorum
3136 2155 3488 2197 communem

1896 2236 2098 2292 virtute
2128 2252 2389 2307 promove
2400 2237 2505 2291 bis.

1967 2324 2056 2383 49.
2105 2325 2302 2381 ania
2353 2324 2497 2381 sicut
2539 2326 2755 2380 ruinam
2811 2323 3144 2388 minitantia,
3188 2323 3379 2377 urbem
3428 2320 3488 2375 in

1897 2428 2271 2489 contemptum
2308 2420 2539 2481 ducunt,
2570 2419 2695 2473 licet
2732 2418 2865 2473 alias
2907 2416 3134 2487 pulchre
3162 2415 3490 2469 aedificatam

1898 2509 2149 2578 interius,
2180 2511 2322 2566 aeris
2346 2510 2687 2573 salubritate,
2719 2519 2775 2564 et
2797 2524 2981 2564 rerum
3008 2506 3281 2562 venalium
3320 2506 3488 2560 uber-

1900 2612 2010 2659 tate
2049 2611 2311 2674 praestet:
2344 2603 2417 2657 ita
2440 2617 2655 2673 quoque
2686 2609 2741 2656 et
2771 2600 2920 2671 impii
2966 2600 3110 2670 apud
3158 2599 3490 2670 principem,

1900 2710 2010 2749 una
2046 2710 2171 2750 cum
2214 2694 2482 2765 ipsorum,
2525 2704 2581 2750 et
2626 2693 2747 2763 ejus
2782 2694 2947 2748 etiam
2982 2693 3153 2747 vitam
3192 2690 3493 2761 vituperari

1901 2786 2109 2841 faciunt
2139 2802 2151 2837 :
2176 2800 2303 2840 nam
2337 2784 2587 2855 quisquis
2616 2783 2833 2838 illorum
2862 2780 3160 2851 nequitiam
3189 2778 3492 2848 experitur,

1902 2895 2027 2935 eum
2060 2878 2117 2932 in
2156 2877 2314 2949 cujus
2338 2888 2467 2934 sunt
2495 2876 2772 2943 satellitio,
2834 2876 2968 2946 ipsis
3000 2874 3227 2931 omnino
3257 2872 3493 2927 similem

1904 2971 2284 3025 arbitrabitur.

1977 3062 2067 3118 50.
2099 3062 2315 3118 Nullius
2346 3059 2753 3133 improbitatem
2804 3057 3177 3121 commendes,
3209 3055 3333 3111 licet
3365 3053 3497 3110 inde

1906 3154 2158 3209 videatur
2208 3153 2333 3209 felix
2389 3168 2560 3208 esse:
2594 3167 2719 3206 nam
2762 3150 2868 3205 hoc
2913 3148 3076 3204 modo
3124 3148 3189 3201 ad
3229 3144 3493 3215 majorem

1910 3247 2315 3319 improbitatem
2379 3247 2723 3317 provocabis,
2774 3253 2830 3299 et
2865 3242 3232 3313 suspicionem
3281 3237 3498 3293 creabis

1909 3341 2246 3411 probabilem
2296 3352 2347 3394 te
2389 3347 2599 3393 tantum
2645 3334 2882 3407 opperiri
2925 3333 3267 3389 occasionem
3318 3339 3379 3384 ut
3418 3327 3494 3382 illi

1909 3434 2100 3489 similis
2131 3433 2246 3487 fias.
2291 3432 2451 3487 Certe
2480 3431 2573 3500 qui
2602 3429 2844 3484 nondum
2874 3426 3001 3481 data
3023 3426 3168 3495 justa
3204 3423 3499 3480 occasione

1909 3526 2164 3581 affectum
2216 3540 2276 3579 se
2317 3522 2558 3578 ostendit
2614 3536 2740 3591 erga
2796 3520 2884 3574 illa
2944 3534 3065 3588 qua:
3123 3515 3499 3577 commendat,

1909 3615 2047 3673 nihil
2090 3616 2181 3671 ille
2225 3631 2335 3670 non
2388 3613 2646 3670 effectum
2695 3612 2845 3667 dabit
2896 3619 2954 3665 ut
2995 3610 3231 3681 primum
3277 3606 3497 3662 occasio

1905 3710 2055 3781 justa
2086 3707 2360 3763 inciderit.

1981 3822 2072 3878 Si.
2098 3820 2277 3877 Mores
2310 3820 2618 3892 principum
2665 3819 2799 3891 legis
2832 3819 2950 3875 vice
2981 3827 3107 3873 sunt
3133 3816 3273 3885 apud
3306 3814 3505 3871 subdi--

1910 3926 2013 3979 tos,
2078 3917 2336 3987 quocirca
2387 3931 2511 3970 cum
2565 3914 2884 3983 delinquant
2944 3912 3218 3977 homines,
3272 3926 3500 3965 causam

1908 4007 2168 4079 rejiciunt
2198 4008 2253 4061 in
2283 4008 2665 4078 imperantem.
2696 4004 2816 4071 Quo
2845 4014 2897 4059 te
2917 4018 3047 4074 ergo
3093 4017 3236 4056 nexu
3279 4000 3503 4055 obstri-

1909 4110 2057 4155 ctum
2097 4100 2269 4156 teneri
2312 4108 2491 4169 putas,
2518 4107 2576 4152 ut
2614 4096 2762 4153 omni
2790 4110 2893 4165 ope
2919 4109 3193 4165 operaque
3235 4093 3500 4147 virtutem

1911 4194 2078 4257 colas,
2113 4201 2168 4248 et
2197 4191 2360 4248 bonis
2385 4191 2542 4246 factis
2565 4189 2792 4263 agendis
2823 4186 3113 4260 invigiles?

1980 4305 2069 4361 52.
2115 4306 2401 4361 Actionem
2443 4318 2825 4375 quamcunque
2875 4300 3163 4356 consilium
3198 4299 3498 4370 praecedat.

1911 4399 2053 4453 Sunt
2081 4397 2227 4454 enim
2258 4397 2478 4451 lubrica:
2504 4406 2560 4450 et
2584 4395 2925 4466 periculosae,
2964 4408 3086 4463 qua:
3113 4392 3232 4446 sine
3261 4390 3500 4445 consilio

1910 4499 2260 4562 peraguntur.
2314 4489 2470 4556 Quod
2509 4488 2711 4559 siquid
2760 4486 2902 4542 forte
2946 4486 3273 4541 successerit
3328 4484 3490 4549 bene,

233 4570 456 4642 μισθείη
491 4572 714 4642 μᾶλλον,
746 4571 782 4643 ἢ
808 4573 908 4641 τῆς
936 4570 1030 4624 τού
1064 4569 1323 4634 πολλάκις
1356 4569 1806 4642 παρασφαλέντος

1910 4601 2013 4642 nec
2074 4584 2295 4655 quidem
2342 4583 2542 4653 injuria
2599 4582 2821 4637 aliunde
2885 4582 3202 4637 censebitur
3243 4580 3491 4634 evenisse

228 4664 411 4735 ὁρμῆς
434 4663 529 4717 καὶ
554 4664 926 4734 περιπετείας.

301 4893 407 4954 νγ.
440 4886 620 4955 Ἀπερ
649 4887 829 4956 χεῖρες
855 4884 1089 4949 πολλῶν,
1121 4883 1218 4937 καὶ
1242 4882 1525 4945 πολλάκις,
1561 4880 1661 4934 οὐκ
1690 4882 1807 4951 εἰρ-

229 4980 492 5049 γάσαντο,
523 4976 695 5031 ταῦτα
723 4976 886 5049 βουλὴ
918 4976 1015 5047 μία
1039 4975 1135 5030 καὶ
1167 4974 1385 5045 ἐφάπαξ
1406 4971 1804 5045 κατεπράξατο.

230 5069 313 5124 Δι’
344 5068 373 5123 ό
399 5066 683 5122 εὐϐουλίαν
715 5066 957 5136 προτίμα
988 5064 1359 5137 πολυχειρίας.

304 5268 429 5327 νδ’.’
454 5270 717 5340 Προνοίας
768 5270 1060 5341 ἐπίκουρος
1119 5272 1155 5341 ἡ
1215 5270 1495 5341 μετάνοια,
1542 5270 1579 5325 ἃ
1632 5270 1809 5324 τοίνυν

233 5359 455 5427 ἐκείνην
487 5360 699 5415 διέλαθε
737 5362 829 5414 καὶ
859 5361 1113 5415 ἐκπίπτει
1137 5401 1154 5428 ,
1183 5360 1320 5433 αὕτη
1344 5361 1516 5416 ταῦτα
1550 5363 1810 5416 ἐπανελθ-

234 5452 380 5523 μὲνη
404 5452 736 5523 διορθούσθω
766 5454 860 5507 καί⁸
881 5454 1209 5519 διασωζέτω.

309 5574 405 5623 νε’.
450 5567 509 5621 '0
539 5567 754 5637 φθόνος,
780 5569 929 5641 πάσῃ
956 5570 1054 5639 μὲν
1080 5569 1226 5640 ψυχῇ
1255 5568 1467 5640 μεγάλη
1491 5568 1645 5632 νόσος
1668 5585 1684 5600 ο
1710 5586 1810 5639 με-

236 5660 402 5731 γίστη
425 5660 505 5726 δὲ,
541 5661 773 5732 μάλιστα
801 5664 914 5725 τοῖς
943 5664 1001 5716 ἐν
1024 5662 1261 5734 ἐξουσίᾳ.
1308 5662 1544 5733 Ἀνάγκη
1578 5662 1706 5732 γὰρ,
1730 5657 1813 5726 οἷς

241 5754 526 5823 συνεργοῖς
561 5753 743 5824 μέλλει
774 5755 1010 5826 χρῆσθαι
1041 5756 1136 5811 καὶ⁵
1165 5754 1280 5825 βίου
1316 5756 1411 5807 καὶ
1439 5754 1645 5819 πόλεως
1675 5756 1811 5826 πρὸς

240 5847 609 5919 εὐδαιμονίαν,
638 5850 861 5912 τούτους
890 5848 1020 5919 ὁρᾷν
1042 5848 1117 5912 ὼς
1148 5848 1393 5921 ἐχθροὺς,
1422 5850 1510 5905 διά
1534 5850 1636 5922 τὴν
1663 5847 1813 5903 ἐνοῦο

1914 4676 2096 4747 potius
2139 4692 2298 4747 quam
2345 4676 2414 4731 ab
2440 4676 2647 4747 impetu
2678 4684 2733 4731 et
2753 4674 2978 4731 fortuita
3009 4674 3129 4743 ejus
3172 4670 3490 4742 operatione

1912 4766 2003 4837 qui
2026 4768 2347 4837 plerumque
2382 4765 2520 4821 solet
2540 4766 2817 4820 aberrare.

1980 4881 2068 4936 55.
2114 4878 2247 4945 Quae
2292 4878 2588 4934 multorum
2639 4876 2915 4939 manibus,
2962 4881 3018 4927 et
3053 4871 3317 4927 continuo
3357 4884 3493 4940 ope-

1910 4973 2178 5036 rantibus,
2207 4972 2349 5029 haud
2380 4969 2757 5043 perficiuntur,
2788 4968 2878 5023 illa
2894 4965 3055 5020 unico
3072 4963 3299 5019 consilio
3325 4964 3494 5019 unius

1909 5077 1967 5123 et
2008 5066 2178 5123 semel
2213 5075 2333 5121 actu
2380 5073 2637 5120 eventum
2671 5060 2994 5116 sortiuntur.
3040 5058 3227 5126 Itaque
3276 5066 3496 5111 rectum

1909 5158 2199 5213 consilium
2239 5155 2531 5211 multorum
2556 5152 2807 5207 manibus
2834 5148 3160 5221 praetuleris.

1980 5271 2070 5327 54.
2112 5269 2423 5340 Adjuvassit
2465 5266 2787 5339 ptenitentia
2821 5264 3241 5336 providentiam.
3289 5264 3497 5334 Siqua?

1912 5362 2073 5434 igitur
2102 5363 2252 5417 illum
2280 5360 2537 5416 latuerint
2572 5368 2627 5415 et
2652 5358 2962 5431 effugerint,
2994 5360 3109 5415 haec
3129 5366 3404 5429 resumpta
3434 5364 3496 5412 et

1911 5453 2193 5509 recollecta
2222 5449 2481 5506 resarciat
2508 5460 2561 5505 et
2588 5459 2894 5505 conservet.

1901 5590 1904 5594 λ
1982 5540 2072 5627 55'.
2122 5568 2215 5624 Est
2244 5566 2448 5622 invidia
2496 5566 2871 5637 cujuscunque
2905 5564 3099 5621 anima:
3141 5562 3365 5619 morbus
3398 5560 3493 5615 in-

1913 5678 2069 5734 gens,
2097 5661 2191 5717 sed
2230 5675 2342 5731 prae
2372 5657 2493 5715 aliis
2522 5659 2623 5715 viri
2662 5675 2785 5715 cum
2815 5660 3123 5730 principatu
3148 5654 3490 5712 exsistentis.

1916 5754 2145 5809 Necesse
2189 5753 2333 5808 enim
2378 5753 2541 5807 habet
2566 5751 2687 5807 illos
2732 5763 2986 5822 tauquam
3032 5751 3217 5805 hostes
3263 5747 3489 5811 intueri,

1916 5855 2134 5919 propter
2173 5845 2413 5900 innatam
2451 5846 2580 5916 ipsis
2606 5845 2885 5911 virtutem,
2923 5853 2978 5901 et
3007 5858 3073 5899 ex
3099 5841 3315 5898 insidiis
3337 5840 3495 5897 velut
