3996 6478
559 405 666 474 675

1701 396 1964 459 PHOTI‘l
2000 389 2508 457 PATRIARCHE
2545 391 2651 451 ep.
3665 390 3742 453 (πθ

564 532 747 584 hostes
791 522 1014 587 adoriri,
1053 535 1190 592 quos
1219 519 1331 575 vult
1359 529 1414 574 et
1441 519 1600 574 debet
1651 517 1912 573 adhibere
1949 529 2142 586 coepe-

2171 517 2222 576 Λ
2246 531 2346 568 σαν
2378 513 2601 591 ἀρετὴν,
2637 509 2732 562 καί
2770 503 3140 560 ἐπιϐουλεύειν
3190 503 3266 565 ὡς
3315 502 3590 575 πολεμίοις.
3621 506 3679 563 03
3707 515 3742 566 τε

562 630 749 675 rantes
803 617 872 671 ad
921 631 1071 670 suam
1118 613 1288 684 ipsius
1335 622 1388 666 et
1457 610 1766 679 reipublicae
1835 609 2145 664 felicitatem

563 707 1023 766 constituendam.
1072 704 1189 770 Quo
1237 703 1457 773 quidem
1502 700 1640 756 nihil
1670 701 1752 756 vel
1783 699 2150 771 perniciosius

564 802 649 857 vel
678 799 900 856 stultius
929 812 1052 852 esse
1076 801 1262 864 queat.

637 894 726 949 56.
774 895 837 948 1η
889 900 1149 962 quantum
1194 888 1409 943 vitanda
1449 897 1534 943 est
1566 887 1786 952 invidia,
1841 888 1896 942 in
1938 893 2150 942 tantum

566 987 920 1040 annitendum
955 993 1013 1038 ut
1041 982 1404 1036 invideamur.
1450 982 1515 1035 Et
1546 981 1649 1035 hoc
1686 980 1952 1050 imprimis
1998 981 2152 1050 prin-

567 1078 673 1148 cipi
713 1076 989 1140 convenit,
1043 1089 1204 1144 quem
1253 1091 1362 1128 non
1390 1085 1473 1127 est
1503 1073 1740 1143 proclive
1799 1073 2076 1128 malevolis
2095 1083 2155 1128 ut

569 1170 785 1224 Iredant.
841 1167 995 1233 Quod
1046 1167 1092 1221 si
1153 1177 1335 1220 autem
1382 1166 1792 1236 comprimenda
1836 1167 1905 1219 sit
1956 1165 2155 1220 invidia

566 1269 675 1330 {est
701 1261 844 1314 enim
873 1259 1051 1312 bellua
1081 1260 1258 1313 audax
1289 1259 1557 1328 imprimis
1589 1264 1643 1312 et
1671 1257 2022 1327 versipellis),
2056 1258 2158 1311 im-

569 1354 878 1423 pressiones
937 1352 1059 1422 ejus
1125 1351 1348 1405 eludere
1424 1359 1658 1420 oportet,
1724 1365 1831 1404 non
1897 1349 2156 1404 virtutem

569 1446 887 1509 minuendo,
960 1443 1057 1498 sed
1115 1443 1493 1497 moderatione
1571 1443 1900 1508 animorum,
1953 1451 2007 1496 et
2061 1457 2158 1512 per

570 1539 858 1606 quamdam
909 1537 1332 1590 diminutionem
1389 1535 1926 1604 subtractionemque
1975 1543 2159 1589 osten-

573 1631 722 1684 tandi
768 1639 1113 1700 potestatem,
1167 1639 1221 1683 et
1250 1627 1561 1683 declarandi
1614 1627 2056 1697 superioritatem
2104 1624 2158 1679 in

574 1725 740 1777 rebus
771 1739 882 1778 non
919 1722 1083 1776 nimis
1112 1721 1460 1776 necessariis.

647 1835 885 1889 5'7.Cnm
905 1834 1123 1888 sibimet
1148 1833 1248 1903 ipsi
1283 1833 1405 1902 quis
1436 1832 1802 1901 imperaverit,
1824 1839 1935 1885 tum
1964 1847 2021 1886 se
2048 1831 2162 1885 suis

573 1929 809 1982 subditis
863 1929 1131 1996 imperare
1168 1936 1321 1996 putet
1348 1941 1471 1979 cum
1495 1925 1715 1980 effectu.
1770 1923 1871 1978 Ubi
1908 1923 2053 1977 enim
2086 1924 2162 1978 illi

578 2018 818 2071 viderint
847 2032 971 2070 eum
999 2016 1090 2086 qui
1123 2016 1254 2085 ipsis
1284 2025 1497 2084 praeest,
1537 2015 1822 2070 allec-tibus
1853 2015 1965 2069 suis
1989 2014 2163 2085 impe-

579 2119 815 2173 rantem,
869 2108 1242 2178 voluptatibus
1300 2110 1692 2173 dominantem,
1741 2108 1971 2162 libenter
2015 2122 2072 2162 se
2113 2118 2167 2162 et

579 2216 705 2254 cum
753 2199 1028 2253 desiderio
1091 2198 1385 2267 subjicient
1449 2199 1678 2268 imperio
1741 2199 2070 2269 ejus:quod
2119 2197 2167 2253 si

580 2293 950 2361 voluptatibus
1005 2301 1060 2345 et
1114 2291 1399 2346 all‘ectibus
1462 2292 1575 2346 suis
1625 2293 1832 2347 servire
1885 2292 2165 2357 viderint,

583 2400 741 2440 servo
771 2385 992 2439 subesse
1023 2399 1131 2438 non
1176 2384 1476 2454 patientur.

656 2489 744 2543 58.
772 2487 1016 2542 Judieem
1049 2489 1199 2542 illum
1233 2489 1500 2557 Optimum
1559 2490 1846 2554 arbitrare,
1895 2489 2171 2560 quijusti-

583 2581 674 2632 tiu:
724 2589 976 2632 naturam
999 2587 1053 2633 et
1081 2578 1453 2632 conditionem
1492 2580 1778 2634 celerrime
1819 2581 1963 2634 valet
1991 2580 2176 2633 animo

583 2671 1024 2739 apprehendere,
1081 2678 1138 2724 et
1194 2669 1520 2724 intellectam
1575 2671 1765 2726 ordine
1825 2671 2074 2742 producit
2119 2671 2175 2725 in

588 2771 875 2829 apertum;
922 2760 1015 2830 qui
1057 2760 1203 2814 celer
1222 2761 1289 2814 ad
1318 2761 1694 2830 opitulandum
1733 2761 1941 2816 accedit
1980 2761 2176 2832 injuria

589 2852 821 2915 allectis,
870 2852 1258 2922 delinquentes
1303 2853 1511 2908 tardius
1555 2853 1746 2924 punit;
1779 2853 1869 2924 qui
1903 2870 2011 2907 non
2053 2869 2177 2907 cor-

593 2945 866 3013 rumpitur
911 2959 1066 3008 auro,
1114 2959 1218 2998 nec
1264 2943 1482 2998 inﬂatur
1526 2954 1835 3016 potestate;
1868 2945 1958 3014 qui
2013 2945 2182 2999 vincit

2246 605 2311 658 ἂν
2339 605 2423 675 εἴη
2446 599 2832 673 ὁλεθριώτερον
2864 597 2899 668 ἢ
2921 596 3354 666 ἀφρονέστερονς

2320 884 2430 943 νςδ.
2455 877 2620 931 Ὅσον
2655 875 2710 928 δὲ
2739 875 2817 928 δεῖ
2842 876 3034 944 φυγεῖν
3058 872 3120 924 τὸ
3150 870 3363 942 φθονεῖν
3391 913 3405 935 ,
3435 873 3649 929 τοσοῦτον
3692 880 3745 934 δι-

2250 972 2412 1026 ώκειν
2432 971 2493 1024 τὸ
2516 969 2822 1039 φθονεῖσθαι
2847 965 3319 1038 (29).⁹Αρχοντιδὲ
3345 965 3558 1035 μάλιστα
3583 970 3743 1040 πρέπει,

2255 1064 2299 1134 ᾧ
2338 1063 2466 1136 μηδ’
2498 1064 2556 1129 ἐξ
2597 1062 2810 1132 ἑτοίμου
2852 1063 2886 1131 ή
2928 1060 3036 1113 ἀπὸ
3071 1059 3180 1112 τῶν
3221 1058 3539 1126 φθονούντων
3577 1064 3745 1132 φέρεται

2255 1160 2445 1231 βλάϐη.
2482 1159 2545 1211 El
2567 1157 2646 1210 δεῖ
2669 1155 2724 1208 δὲ
2755 1155 2903 1224 ὅμως
2931 1153 3020 1207 τὸν
3054 1153 3246 1221 φθόνον
3293 1151 3745 1224 περιστέλλειν(πο-

2254 1251 2568 1321 λυμήχανον
2594 1247 2703 1318 γὰρ
2728 1247 2820 1300 καὶ
2853 1247 3164 1314 πάντολμον
3193 1244 3256 1296 τὸ
3289 1243 3508 1315 θηρίον),
3551 1246 3632 1299 οὐκ
3655 1249 3745 1318 ἁρε-

2257 1349 2356 1416 τῆς
2385 1344 2700 1406 ἐλαττώσει,
2730 1343 3044 1413 μετριότητι
3072 1341 3129 1394 δὲ
3152 1341 3509 1410 φρονήματος,
3536 1341 3614 1393 καί
3635 1343 3746 1411 de“.

2261 1440 2406 1512 ρέσει
2440 1441 2532 1492 καὶ
2565 1439 2837 1508 περικοπῇ
2869 1435 2967 1506 τῆς
3011 1437 3067 1487 ὲν
3095 1437 3210 1493 τοῖς
3233 1434 3334 1485 οὐκ
3363 1434 3644 1501 ἀναγκαίοις
3663 1439 3744 1488 ἐπι.

2258 1532 2474 1596 δείξεως
2501 1531 2596 1584 καὶ
2623 1527 2940 1593 πλεονεξίας
2959 1569 2974 1595 ,
3008 1526 3109 1591 τὰς
3139 1524 3308 1579 αὐτοῦ
3341 1523 3540 1595 βολίδας
3562 1525 3745 1600 διακρου-

2263 1641 2437 1679 στεον.

2335 1819 2432 1884 νζ.
2475 1819 2644 1871 Ὅταν
2680 1835 2765 1882 τις
2807 1816 2949 1889 ἄρχῃ
2990 1812 3212 1879 ἑαυτοῦ,
3253 1812 3374 1865 τότε
3420 1813 3648 1876 νομιζέτω
3684 1820 3745 1870 καί

2264 1912 2372 1964 τῶν
2413 1912 2669 1983 ὑπηκόων
2709 1912 2897 1980 ἄρχειν
2943 1908 3179 1977 άληθῶς.
3212 1907 3380 1960 Ὅταν
3414 1906 3514 1977 γάρ
3544 1905 3661 1960 (eos:
3686 1909 3744 1960 τίν

2264 2007 2603 2076 ἐφεστηκότα
2639 2003 2873 2075 ἄρχοντα
2913 2002 3102 2058 παθῶν
3146 2004 3242 2056 καὶ
3284 1999 3567 2072 κρατοῦντα
3591 1987 3743 2070 ήδονιῗιν,

2264 2100 2381 2150 τότε
2413 2098 2564 2167 πόθῳ
2589 2099 2683 2150 καί⁸
2708 2096 2940 2159 ἑκόντες.
2959 2096 3051 2148 καί
3091 2095 3248 2150 αὐτοὶ⁵
3281 2095 3746 2164 ύποταγήσονταισᾶν

2265 2190 2321 2242 δὲ
2363 2188 2690 2259 ἀνδράποδον
2722 2187 2904 2241 ίδωσιν
2943 2187 3136 2256 ἡδονῆς
3171 2178 3265 2238 καὶ
3311 2184 3492 2239 παθῶν
3513 2225 3527 2250 ,
3550 2186 3746 2256 ἀφόρητον

2269 2283 2564 2354 ἡγήσονται
2593 2280 2909 2353 ἀνδραπόδῳ
2943 2279 3218 2333 δουλεύειν
3249 2278 3420 2333 αὐτοί.

2339 2484 2444 2548 νη¹.
2475 2478 2731 2546 Ἀριστον
2768 2475 2957 2546 νόμιζε
2999 2475 3265 2544 δικαστὴν
3289 2515 3305 2538 ,
3337 2473 3394 2536 ὃς
3428 2474 3566 2544 τάχει
3602 2483 3674 2545 μὲν
3692 2475 3748 2528 λο-

2272 2570 2489 2640 γισμῶν
2527 2569 2625 2640 τὴν
2655 2568 2748 2622 τοῦ
2777 2568 2986 2622 δικαίου
3019 2568 3187 2639 φύσιν
3223 2565 3460 2638 θηρεύει,
3489 2567 3750 2638 θηρεύσαςᾶ

2278 2667 2374 2718 σὺν
2413 2663 2664 2734 ὀρθότητι
2703 2663 2956 2733 προάγει·
3003 2662 3099 2715 καὶ
3133 2661 3346 2732 πρᾶξαι
3390 2662 3481 2731 μὲν
3515 2661 3662 2714 ἄνεσιν
3681 2665 3753 2725 τοῖς

2277 2754 2650 2826 ἀδικουμένοις
2681 2755 2826 2822 ὀξὺς,
2866 2755 3065 2825 βραδὺς
3093 2754 3152 2807 δὲ
3194 2753 3422 2806 κολάσαι
3446 2754 3556 2816 τοὺς
3582 2754 3752 2823 ἁμαρτά-

2279 2866 2466 2911 νοντας
2494 2866 2508 2880 ο
2540 2851 2630 2902 καὶ
2661 2847 2926 2919 κρείττων
2977 2849 3074 2919 μὲν
3106 2847 3358 2918 χρυσίου,
3387 2847 3482 2899 οὐκ
3514 2845 3697 2899 ἐλάττων
3717 2845 3751 2898 δὲ

2279 2942 2627 3005 δυναστείας⁶
2660 2942 2757 2996 καὶ
2788 2942 3006 3012 κρατῶν
3053 2942 3155 3012 μὲν
3193 2942 3385 3013 ὀργῆς,
3414 2941 3504 3010 οὐχ
3528 2941 3751 3011 ἡττώμενος

595 3033 957 3099 iracundiam,
997 3049 1097 3088 nec
1126 3035 1416 3088 clementia
1440 3034 1704 3098 vincitur;
1737 3034 1827 3104 qui
1865 3033 2173 3088 aﬂinitatem

2174 3053 2181 3086 ι
2280 3037 2336 3089 δὲ
2366 3035 2696 3107 συμπαθείᾳ
2734 3039 2828 3090 καὶ
2856 3037 3025 3106 μόνην
3053 3036 3154 3106 μὲν
3187 3035 3506 3104 συγγένειαν
3535 3035 3613 3086 καὶ
3631 3033 3752 3102 φιλίαν

594 3126 787 3189 solam,
845 3125 1161 3191 amicitiam,
1233 3128 1548 3197 popularem
1609 3143 1798 3182 auram
1852 3143 1964 3181 non
2024 3129 2172 3182 aliter

2172 3143 2184 3180 Ρ
2283 3132 2378 3183 καὶ
2412 3129 2571 3196 δόξαν
2607 3126 2770 3195 οἶδεν,
2817 3131 2875 3182 ὲν
2912 3128 2989 3199 τῷ
3025 3125 3310 3194 δικάζειν,
3349 3127 3444 3198 τὴν
3480 3126 3750 3195 δικαιοσύνην·

595 3218 840 3286 agnoscit
883 3233 1044 3286 quam
1076 3233 1198 3271 cum
1223 3219 1428 3288 justitia
1455 3218 1772 3288 judicando,
1805 3219 1981 3273 solum
2033 3219 2173 3290 inju-

2175 3223 2250 3286 ιο
2284 3221 2449 3292 μόνην
2479 3223 2534 3274 δὲ
2575 3221 2929 3291 ἀλλοτρίωσιν
2961 3219 3056 3272 καὶ
3097 3218 3304 3290 ἔχθραν
3337 3219 3430 3272 καὶ
3464 3217 3669 3285 ἀδοξίαν,
3689 3217 3753 3288 τὴν

595 3309 802 3363 {titiam
831 3325 862 3361 a
889 3323 948 3362 se
989 3308 1242 3376 alienam,
1292 3309 1566 3364 inimicam
1615 3309 1718 3366 sibi
1753 3319 1809 3365 et
1855 3309 2180 3382 ignominio-

598 3416 714 3452 sam
745 3399 1060 3454 arbitratur.

674 3515 761 3568 59.
801 3515 936 3584 Erga
965 3525 1224 3586 cognatos
1251 3525 1306 3570 et
1338 3515 1528 3571 afﬁnes
1586 3517 1698 3570 noli
1729 3532 1849 3572 esse
1873 3518 2182 3575 abalienato

599 3607 802 3669 animo,
841 3607 943 3661 levi
967 3606 1034 3660 de
1064 3623 1229 3660 causa
1256 3616 1310 3661 et
1342 3608 1568 3662 incerta.
1596 3608 1726 3663 Nam
1752 3619 2027 3680 utcunque
2051 3611 2184 3665 sub-

598 3714 721 3753 esse
783 3708 1010 3767 possunt
1051 3700 1283 3753 latentes
1328 3716 1505 3755 causae
1557 3717 1677 3770 quae
1746 3702 1869 3772 jure
1923 3713 2184 3757 excusent

601 3791 990 3857 abalienatum,
1024 3791 1098 3845 illi
1130 3802 1309 3846 tamen
1333 3792 1534 3861 quibus
1572 3802 1700 3846 sunt
1725 3793 2034 3865 incognita},
2073 3811 2182 3850 non

602 3882 656 3936 in
686 3883 803 3937 illos
833 3883 1130 3953 conjicient
1170 3883 1388 3951 culpam
1434 3883 1873 3949 abalienationis,
1910 3886 2005 3940 sed
2034 3894 2182 3941 tuam

601 3975 936 4029 accusabunt
1005 3973 1231 4027 omnino
1286 3973 1559 4028 levitatem
1602 3984 1657 4028 et
1703 3974 1901 4030 mentis
1956 3976 2184 4032 inﬁrmi-

604 4073 794 4120 tatem.

677 4180 764 4236 60.
811 4177 1119 4248 Principem
1165 4193 1274 4232 non
1315 4186 1423 4230 tam
1464 4178 1662 4232 excolit
1703 4179 1876 4236 virtus
1913 4180 2101 4237 bellica
2128 4193 2182 4239 et

605 4271 813 4326 salvum
847 4279 1087 4341 praestat,
1116 4285 1277 4337 quam
1303 4269 1608 4340 benignitas
1637 4281 1691 4325 et
1717 4272 1837 4341 pius
1878 4273 1929 4326 in
1964 4289 2182 4344 compa-

607 4363 799 4417 triotas
842 4361 1086 4414 all‘ectus.
1137 4359 1307 4418 Multi.
1355 4361 1517 4414 rebus
1548 4360 1752 4416 bellicis
1795 4363 2055 4432 praaclare
2079 4365 2180 4419 ad-

617 4453 959 4516 ministratis,
1007 4451 1154 4506 domi
1193 4461 1415 4522 propter
1466 4455 1844 4508 truculentiam
1894 4471 1992 4526 per
2052 4472 2181 4511 suos

2279 3315 2515 3369 ἀδικίαν.

2352 3509 2450 3563 νϐ’.
2485 3507 2666 3576 Μηδὲν
2689 3509 2788 3578 τῆς
2816 3509 2954 3579 πρὸς
2983 3508 3047 3561 τὸ
3074 3507 3351 3579 ὁμόφυλον
3383 3509 3635 3572 διαθέσεως
3655 3511 3758 3579 εὐχε-

2283 3602 2392 3672 ρῶς
2421 3602 2514 3654 καὶ
2544 3603 2710 3672 χωρὶς
2740 3603 3015 3672 ἐμφανοῦς
3041 3604 3227 3668 αίτίας
3261 3603 3603 3674 μεταϐάλλοις.
3624 3603 3756 3672 Είγὰρ

2281 3697 2374 3749 καὶ
2403 3695 2870 3750 ὑπολανθάνουσαι
2899 3697 3031 3769 παρ’
3059 3699 3242 3754 αὐτῶν
3273 3702 3441 3754 αίτίαι
3459 3701 3546 3770 τὴν
3573 3699 3754 3766 πρὸςαύ-

2281 3787 2406 3848 τοὺς
2437 3785 2737 3858 μεταϐολὴν
2764 3787 2986 3841 δικαίαν
3016 3789 3284 3855 ποιοῦσιν,
3313 3790 3426 3844 ἀλλ’
3457 3788 3541 3843 οὖν
3558 3790 3598 3841 el
3619 3787 3753 3848 ταύτας

2285 3879 2359 3946 μὴ
2392 3877 2759 3948 συνορῶντες,
2791 3879 2891 3932 οὐκ
2946 3880 3187 3944 ἐκείνους
3233 3883 3551 3936 αἰτιάσονται
3587 3883 3652 3951 τῆς
3685 3879 3751 3944 σῆς

2282 3969 2410 4041 περὶ
2439 3970 2636 4034 αὐτοὺς
2674 3970 3044 4039 ἀλλοιώσεως,
3088 3973 3180 4026 σοῦ
3211 3975 3260 4028 δ’
3287 3973 3579 4047 άρῤωστίαν
3606 3971 3673 4026 καὶ
3691 3971 3755 4022 εὖ.

2280 4062 2500 4134 χέρειαν
2522 4066 2959 4136 κατηγορήσουσι
2982 4068 3231 4138 γνώμης.

2353 4173 2416 4240 ξ’.
2453 4177 2562 4246 Οὐχ
2591 4176 2765 4240 οὕτως
2799 4179 2832 4250 ἡ
2867 4180 2924 4232 ἐν
2965 4179 3188 4252 πολέμῳ
3234 4182 3451 4252 ἀνδρεία
3486 4182 3567 4236 τὸν
3593 4181 3763 4251 ἄρχοντα

2281 4271 2478 4338 κοσμεῖ
2527 4269 2620 4322 καί
2655 4270 2851 4335 σώζει,
2886 4271 2962 4335 ὡς
2995 4275 3028 4344 ἡ
3076 4274 3213 4344 πρὸς
3259 4277 3383 4339 τοὺς
3417 4274 3674 4345 ὁμοφύλους
3701 4273 3764 4323 εί-

2285 4361 2471 4430 μένεια
2502 4361 2595 4415 καὶ
2626 4362 3025 4432 φιλανθρωπία.
3062 4365 3254 4420 Πολλοὶ
3284 4367 3392 4435 γάρ
3420 4364 3654 4436 πολεμίων
3674 4378 3766 4431 κρα-

2280 4454 2580 4524 τήσαντες,
2615 4455 2720 4509 ὑπὸ
2760 4455 2869 4508 τῶν
2899 4458 3116 4510 οἰκείων
3161 4457 3229 4510 δι’
3268 4458 3517 4528 ὡμότητα
3551 4453 3768 4522 διεφθάρη·

610 4543 959 4604 interierunt,
998 4541 1152 4595 multi
1191 4557 1287 4610 per
1314 4556 1442 4594 suos
1479 4542 1676 4596 servati
1706 4543 2002 4610 redierunt,
2041 4561 2178 4616 quos

2203 4571 2256 4630 Ι)
2284 4563 2382 4599 σοιν
2406 4563 2416 4574 ·
2452 4548 2548 4600 καὶ
2577 4547 2765 4601 πολλοὶ
2796 4550 2947 4619 παρὰ
2980 4549 3175 4622 μικρὸν
3203 4550 3406 4604 άλῶναι
3434 4546 3671 4617 πολεμίοις
3689 4559 3768 4595 κιν-

612 4638 749 4691 bene
777 4635 1020 4704 captivos
1051 4633 1297 4689 fecerunt
1323 4635 1547 4689 hostiles
1581 4634 1771 4706 copiae,
1823 4651 2002 4707 neque
2026 4641 2173 4694 enim

611 4734 776 4779 vitam
802 4725 875 4779 illi
904 4740 1056 4780 suam
1087 4724 1346 4794 principis
1367 4725 1521 4780 saluti
1551 4727 1925 4796 praetulerunt.

683 4925 769 4980 6!.
812 4927 934 4981 lllos
987 4935 1201 4996 oportet
1266 4941 1391 4981 cum
1454 4929 1769 5000 magistratu
1831 4934 2183 5001 constituere,

615 5019 704 5088 qui
756 5020 1012 5072 virtutum
1056 5020 1299 5072 omnium
1331 5019 1485 5088 copia
1527 5021 1871 5076 instruuntur
1903 5041 1914 5076 :
1946 5026 2090 5094 quod
2141 5027 2186 5081 si

612 5127 722 5165 non
745 5110 894 5165 omni
925 5110 1150 5174 virtute,
1177 5109 1386 5180 justitia
1414 5113 1604 5168 saltem
1633 5114 1990 5169 instruantur.
2012 5116 2186 5183 Quid-

2279 4639 2670 4704 δυνεύσαντες,
2705 4640 2811 4693 ὑπὸ
2847 4641 2954 4695 τῶν
3002 4641 3292 4710 όμοερύλων
3338 4639 3665 4706 διεσώθησαν,
3694 4630 3770 4684 οὐδ’

2281 4730 2414 4783 αὐτὸ
2443 4730 2504 4782 τὸ
2542 4731 2640 4802 ζῇν
2670 4732 2810 4802 ὑπὲρ
2838 4733 2938 4803 τῆς
2975 4733 3250 4804 σωτηρίας
3278 4728 3685 4803 προτιμησάντων
3705 4720 3771 4775 τοῦ

2281 4820 2562 4892 ἄρχοντος.

2355 4935 2458 5001 ξω.
2495 4937 2796 5007 Ἀρχοντας
2824 4939 2906 4992 δεῖ
2931 4938 3289 5006 καθιστάναι,
3330 4939 3550 5010 μάλιστα
3571 4933 3673 5004 τμὲν
3699 4926 3772 4980 πά-

2284 5045 2406 5092 σαις
2433 5029 2793 5094 πλουτοῦντας
2820 5035 2939 5096 ταῖς
2972 5034 3216 5104 ἀρεταῖς·
3251 5036 3298 5086 εί
3325 5034 3380 5087 δὲ
3411 5032 3501 5103 μὴ,
3531 5029 3712 5085 πάντως
3730 5035 3772 5086 τε

2281 5121 2673 5186 δικαιοτάτους.
2703 5126 2808 5177 Καὶ
2830 5125 2940 5197 γὰρ
2986 5126 3023 5181 ὃ.
3043 5131 3152 5191 τοῖς
3177 5128 3402 5198 ἄρχουσι
3429 5119 3773 5196 παρανομεῖται,

2073 5276 2082 5284 ’
2136 5317 2367 5376 NOTAE.

689 5497 798 5569 (529)
841 5498 909 5552 Τὸ
931 5498 1302 5569 φθονεῖσθαι.
1335 5495 1448 5550 lloc
1476 5504 1578 5560 est,
1611 5511 1683 5569 ea,
1704 5513 1880 5569 agere,
1928 5513 2047 5569 qua:
2079 5517 2183 5556 nec

616 5564 818 5638 odium,
862 5564 962 5623 nec
989 5566 1417 5631 miserationem,
1450 5570 1544 5621 sed
1574 5564 1832 5622 invidiam
1861 5564 2177 5638 procurant,

620 5636 870 5692 nimirum
897 5655 982 5694 res
1006 5639 1276 5708 praeclara:
1297 5646 1349 5708 ct
1371 5638 1622 5708 illustres.
1654 5638 1761 5690 Καὶ
1784 5636 1891 5708 γάρ
1924 5655 2008 5690 τοι
2029 5642 2179 5704 ὅστις

618 5708 822 5778 τούτοις
854 5705 1057 5773 φθονεῖ,
1085 5709 1260 5778 inquit
1310 5707 1513 5777 Lysias,
1546 5705 1638 5767 οὓς
1675 5709 1723 5759 οί
1754 5705 1900 5762 ἄλλοι
1945 5709 2176 5776 ὲλεούσι,

617 5777 760 5852 τίνος
807 5780 872 5831 ἂν
914 5781 1040 5852 ὑμῖν
1085 5783 1129 5852 οἱ
1162 5777 1394 5852 τοιοῦτοι
1444 5779 1780 5852 ἀποσχέσθαι
1809 5780 1958 5834 δοκεῖ
2007 5797 2176 5852 πονη-

617 5847 774 5914 ρίας;
804 5847 1058 5919 Apposite
1089 5849 1291 5904 Statius
1326 5849 1612 5919 Papinius,

2357 5505 2608 5583 Quisnam
2639 5509 2901 5583 impacata
2936 5516 3382 5583 consanguinitate
3408 5509 3580 5583 locavit

2357 5576 3068 5655 {omniumitioidianiquc?
3099 5576 3234 5638 Deus
3264 5585 3349 5655 qui
3366 5582 3512 5651 jussit
3537 5577 3709 5655 ξηίφίθίδ

2354 5646 2633 5701 Ᾱῖιενηιιηι
2664 5649 2858 5703 bellare
2891 5646 3068 5706 Deos?
3100 5646 3569 5708 nullaiurte'notavit

2356 5716 2463 5789 illa
2489 5720 2722 5783 domum,
2761 5731 2904 5773 torvo
2939 5739 3093 5789 quam
3119 5741 3219 5777 non
3248 5729 3351 5777 lucc
3378 5721 3556 5775 lumine
3584 5713 3690 5786 ﬁgat

2353 5787 2621 5854 Protinus,
2648 5801 2695 5842 ct
2728 5806 2876 5845 sa’vu.
2893 5787 3154 5860 perturbet
3187 5797 3373 5866 gaudia
3402 5798 3585 5846 deum.
