4052 6432
188 367 302 432 677

1363 364 1898 429 EPISTOLARUM
1936 364 2168 426 LIBER
2206 363 2258 424 Ι.

3359 351 3467 415 678

185 482 373 536 ταῦτα
399 481 462 536 τὺ
493 483 647 551 μῖσος
693 480 790 534 καὶ
821 481 918 550 τὴν
951 479 1120 552 ὀργὴν
1153 479 1246 534 τοῦ
1286 480 1526 550 πλήθους
1559 479 1639 541 εἰς
1680 476 1770 529 τὸν

1886 475 2002 544 prid
2035 475 2180 530 enim
2222 468 2973 544 deliquerint,magistratus,
3022 466 3211 522 odium
3260 479 3318 523 et
3381 468 3462 523 ira

187 574 691 646 προχειρισάμενον
719 574 1000 644 ἀναφέρει.

267 751 370 823 ξβ’.
427 749 765 820 Πολλαχόθεν
815 750 897 803 δεῖ
939 747 1032 803 τὸν
1083 748 1320 820 ἄρχοντα
1364 747 1616 820 θηρεύειν
1661 749 1771 801 τῶν

190 844 455 913 ὑπηκόων
486 842 584 906 τὰς
617 842 842 912 γνώμας
865 882 881 907 ,
917 843 1013 896 καὶ
1053 841 1196 896 οὕτω
1226 846 1502 906 κοινωνοῖς
1534 842 1772 913 χρῆσθαι

189 934 382 1001 φιλίας
420 933 513 985 καὶ
541 933 716 1004 ἀρχῆς
745 935 840 986 καὶ
886 933 1284 1003 βουλευμάτων·
1325 933 1562 1006 πρῶτον,
1598 935 1658 1001 ἐξ
1698 930 1773 988 ὧν

191 1027 360 1090 αὐτὸς
390 1026 460 1080 τά
489 1029 630 1080 κατά
657 1027 758 1096 τὴν
787 1026 953 1080 αὑτοῦ
975 1027 1153 1080 οίκίαν
1181 1029 1471 1098 οἰκονομεῖ·
1496 1027 1772 1098 δεύτερον,

193 1119 257 1182 ἐξ
285 1111 363 1172 ὧν
394 1120 615 1188 γυναικί
653 1137 713 1172 τε
753 1121 846 1173 καὶ
883 1121 1042 1174 παισὶ
1072 1122 1169 1174 καὶ
1199 1120 1407 1184 δούλοις
1443 1120 1778 1175 συνδιατίθε-

193 1227 289 1262 ται
309 1227 324 1241 ·
356 1210 567 1280 τρίτον,
610 1212 668 1278 ἐξ
698 1204 773 1264 ὧν
801 1211 1065 1282 κέχρηται
1095 1215 1209 1276 τοῖς
1256 1212 1462 1283 φίλοις·
1496 1212 1773 1284 τέταρτον,

196 1299 258 1365 ἐξ
307 1296 382 1356 ὧν
422 1303 559 1374 πρὸς
598 1305 724 1366 τοὺς
761 1308 826 1358 ἐκ
869 1305 1128 1374 γειτόνων
1164 1305 1467 1360 διάκειται·
1509 1305 1604 1359 καὶ
1638 1305 1778 1374 πέμ-

197 1411 358 1458 πτον,
388 1393 449 1459 ἐξ
474 1388 549 1449 ὧν
578 1395 777 1466 ἔχθραν
804 1413 862 1448 τε
891 1396 1210 1467 ἀναδέχεται
1243 1399 1339 1451 καὶ
1368 1395 1658 1468 ἀμύνεται,
1683 1397 1778 1452 καὶ

201 1485 390 1550 πάλιν,
426 1480 509 1548 οἷς
551 1488 902 1542 κατατίθεται
950 1491 1044 1542 καὶ
1099 1489 1404 1545 διαλύεται.
1451 1490 1631 1544 Ἱκανὰ
1668 1490 1778 1563 γὰρ

197 1577 378 1633 ταῦτα
405 1577 567 1647 φύσιν
593 1579 784 1649 ἀνδρὸς
817 1583 1220 1654 τεκμηριῶσαι,
1253 1583 1350 1637 καὶ
1374 1583 1547 1649 δεῖξαι
1574 1583 1778 1654 γυμνὸν

204 1672 575 1742 προσωπείου,
616 1673 714 1728 καὶ
753 1677 866 1738 τοῖς
911 1676 1003 1729 ἐπὶ
1033 1678 1238 1749 σκηνῆς
1270 1674 1382 1748 (50)
1437 1673 1780 1746 ὑποκρίσεως

199 1763 296 1814 τὸν
326 1761 615 1833 ἄνθρωπον
649 1764 933 1837 θεωροῦσι.

285 2032 383 2101 if.
411 2033 546 2088 Τότε
575 2035 768 2107 κριτὴς
797 2035 1018 2108 ἄριστος
1055 2035 1156 2111 ἔσῃ
1183 2037 1295 2092 τῶν
1335 2037 1531 2106 ἄλλων,
1565 2039 1655 2094 ὅτε
1681 2040 1782 2106 τὰς

201 2128 408 2184 αύτοῦἱ
474 2129 825 2195 ἐπισκοπῶν,
879 2129 1037 2200 λόγον
1092 2133 1329 2203 ἑκάστης
1377 2133 1627 2205 πράξεως
1678 2134 1784 2187 ὑπὸ

207 2221 474 2276 συνειδότι
508 2223 670 2292 κριτῇ
713 2219 900 2285 δίδως,
953 2221 1048 2273 κα)⁵
1089 2221 1374 2292 διόρθωσιν
1403 2225 1638 2287 ἐπινοεῖς
1674 2221 1784 2276 τῶν

205 2313 634 2384 ἡμαρτημένων.
705 2314 858 2367 Ἐπεὶ
913 2315 1030 2378 πῶς
1083 2315 1208 2378 τοὺς
1268 2314 1460 2379 ἄλλους
1513 2317 1784 2386 ἐπιτιμῶν

202 2407 306 2459 οὐκ
342 2405 690 2477 ἐρυθριάσεις
713 2447 727 2472 ,
753 2407 839 2476 ἐφ’
873 2401 955 2470 οἷς
994 2408 1156 2468 αὐτὸς
1183 2409 1252 2462 τὰ
1280 2411 1441 2479 ὅμοια
1470 2410 1786 2482 ἐξαμαρτά-

202 2514 356 2564 νεις;
394 2497 512 2560 πῶς
541 2497 597 2550 δέ
625 2496 864 2562 ἐκείνους
890 2497 993 2552 οίει
1026 2516 1108 2552 σοι
1159 2499 1493 2572 διατεθῆναι,
1523 2503 1683 2572 ἡνίκα
1728 2505 1788 2556 ἐν

203 2583 286 2652 οἷς
322 2587 622 2641 ὑπεύθυνόν
669 2605 729 2640 σε
781 2587 1125 2660 καθορῶσιν,
1161 2591 1315 2645 αὐτοὶ
1345 2591 1502 2655 δίκας
1529 2592 1789 2665 εἰσπράτ-

204 2681 398 2734 τεσθαι
427 2680 761 2752 δικαιοῦνται
779 2699 795 2747 ;

281 2864 376 2930 ξδ’.
425 2867 670 2921 Ἐπαίνει
699 2868 799 2932 τὰς
846 2869 1103 2939 ἀρίστους
1147 2868 1407 2940 πράξεις·
1458 2868 1668 2922 ἐπαίνει
1695 2868 1787 2934 δὲ,

213 2956 291 3028 μὴ
323 2956 471 3027 λόγῳ
522 2959 720 3028 μόνον,
769 2959 906 3014 ἀλλά
949 2961 1017 3014 δι’
1047 2953 1122 3014 ὧν
1163 2961 1326 3023 αὐτός
1359 2977 1418 3013 τε
1450 2961 1683 3031 μάλιστα
1721 2959 1790 3012 τὰ

210 3052 379 3120 ὃμοια
415 3051 716 3122 πράττοις,
753 3053 848 3107 καὶ
877 3053 945 3108 δι’
983 3047 1058 3108 ὧν
1089 3055 1214 3118 τοὺς
1263 3053 1506 3125 μιμητὰς
1535 3052 1643 3106 τῶν
1677 3052 1788 3106 λοι-

211 3142 336 3242 πῶν
367 3145 700 3242 προκρίνων,
738 3146 990 3216 ἐντίμους
1021 3145 1417 3208 ἀποδεικνύοις.
1447 3145 1520 3198 Τὸ
1552 3146 1649 3217 μὲν
1683 3147 1791 3216 γὰρ
1818 3186 1860 3242 C

211 3238 310 3290 καὶ
341 3237 453 3292 τῶν
481 3239 770 3308 τυχόντων,
801 3238 862 3292 τὸ
894 3241 952 3294 δέ
972 3240 1080 3292 τῶν
1103 3240 1294 3311 ἄρχειν
1319 3240 1507 3304 ἀξίων.

284 3330 380 3396 ξε).
427 3332 652 3403 Προνόει
700 3333 954 3398 πάντων,
984 3332 1094 3386 τῶν
1154 3334 1252 3404 μὲν
1297 3332 1588 3399 ἐπιεικῶν,
1621 3330 1695 3395 ὡς
1724 3330 1790 3385 ἂν

209 3422 432 3493 ἄριστοι
461 3423 751 3493 γένωνται,
793 3424 887 3478 καὶ
914 3425 1013 3494 τῆς
1048 3424 1404 3494 ὀφειλομένης
1437 3424 1621 3488 αὐτοῖς
1652 3423 1789 3476 ἀπο-

210 3513 459 3567 λαύσωσι
491 3516 657 3585 τιμῆς
683 3516 778 3569 καὶ
801 3514 895 3569 τοῦ
923 3516 1221 3588 προνομίου
1241 3532 1256 3547 ·
1281 3515 1391 3568 τῶν
1421 3515 1478 3569 δὲ
1509 3516 1583 3586 μὴ
1613 3514 1790 3568 τοιού-

210 3626 362 3673 των,
402 3608 478 3672 ὠς
523 3608 588 3662 ἂν
625 3607 958 3680 βελτιωθῶσι
994 3610 1095 3673 τὰς
1119 3607 1379 3679 γνώμας,
1411 3609 1506 3662 καὶ
1544 3611 1643 3680 τῆς
1683 3609 1791 3664 ἀπὸ

210 3699 326 3750 τῶν
353 3700 535 3770 νόμων
573 3699 842 3771 ρυσθῶσιν
863 3700 1108 3770 ἀτιμίας.
1142 3699 1315 3753 Τοῦτο
1335 3701 1446 3771 γὰρ
1479 3699 1554 3764 ὼς
1577 3699 1789 3770 ἀληθῶς

214 3791 397 3861 ἀρχῆς
425 3791 651 3861 ἐννόμου
680 3792 776 3845 καὶ
804 3791 1126 3856 ἐπιστασίας
1153 3791 1336 3863 ἔργον.

291 4057 366 4124 ξς,-
385 4101 398 4113 .
433 4059 545 4123 Τὰς
575 4061 712 4133 πρὸς
744 4062 1010 4134 ἀλλήλους
1042 4064 1150 4119 τῶν
1179 4066 1496 4138 ἀρχομένων
1527 4068 1617 4139 ἐρε
1629 4087 1676 4133 ις
1713 4069 1792 4134 είς

214 4151 348 4214 τοὺς
392 4151 685 4221 πολεμίους
718 4154 964 4226 τρέπων,
1009 4158 1068 4210 ἐν
1095 4161 1208 4221 τοῖς
1250 4160 1390 4230 ὑπὲρ
1411 4161 1513 4230 τῆς
1537 4162 1793 4234 πατρίδος

215 4243 398 4310 ἀγῶσι
436 4246 752 4315 μετατίθει·
785 4247 1062 4319 τυράννων
1097 4251 1195 4318 μὲν
1223 4252 1354 4324 γὰρ,
1390 4253 1700 4317 στασιάζειν
1725 4255 1795 4308 τὰ

219 4335 436 4408 πλήθη·
489 4339 547 4390 ἐν
585 4339 694 4411 γὰρ
742 4341 809 4412 τῇ
859 4345 1011 4414 κοινῇ
1068 4345 1243 4416 φθορᾷ
1284 4345 1378 4397 καὶ
1405 4347 1717 4422 διχοστασίᾳ
1760 4354 1794 4425 ἡ

216 4431 479 4499 τυραννὶς
510 4431 608 4502 τὴν
642 4433 938 4501 ἀσφάλειαν
967 4435 1082 4507 ἔχει
1106 4453 1118 4467 ·
1153 4437 1412 4510 ἄρχοντος
1441 4439 1497 4492 δὲ
1522 4443 1615 4494 καὶ
1639 4444 1794 4512 βασι-

1883 583 1914 621 a
1941 567 2140 637 populo
2168 575 2452 634 concepta,
2487 571 2777 632 eapmpter
2803 561 2858 614 in
2887 559 3008 614 illos
3054 559 3323 614 redundat
3369 575 3468 631 per

1889 676 2026 730 quos
2060 669 2216 714 erant
2236 657 2540 714 constituti.

1942 751 2030 807 62.
2088 750 2270 806 Multis
2299 749 2474 805 modis
2537 747 2837 818 principem
2873 752 3090 815 oportet
3117 744 3462 800 subditorum

1874 852 2089 898 mentes
2145 842 2467 912 explorare,
2506 846 2567 892 ut
2613 836 2904 908 participes
2955 849 3051 890 eos
3095 835 3168 888 ita
3207 835 3468 889 adhibeat

1873 950 1996 990 cum
2031 934 2315 998 amicitia},
2352 939 2465 986 tum
2518 928 2772 998 imperii,
2807 943 2874 981 ac
2905 926 3066 980 etiam
3112 926 3465 981 consiliorum

1875 1042 2132 1082 suorum:
2169 1041 2388 1091 eorum
2433 1022 2641 1077 scilicet
2694 1018 2962 1089 imprimis
3004 1019 3203 1087 quibus
3258 1019 3315 1074 in
3365 1035 3466 1075 sua

1875 1119 2047 1190 ipsius
2093 1119 2300 1189 privata
2344 1115 2548 1171 familia
2594 1113 2892 1166 ordinanda
2933 1111 3143 1175 utitur;
3200 1112 3464 1175 secundo,

1875 1212 2074 1282 quibus
2143 1211 2260 1281 ipse
2326 1223 2451 1264 cum
2515 1221 2725 1268 uxore,
2789 1203 2974 1258 liberis
3050 1213 3105 1258 et
3172 1204 3346 1258 servis
3405 1219 3468 1258 se

1878 1305 2152 1374 impertit;
2180 1302 2338 1358 tertio
2358 1344 2374 1368 ,
2399 1301 2602 1370 quibus
2622 1298 2794 1353 utitur
2817 1311 2944 1368 erga
2973 1296 3181 1351 amicos
3205 1338 3222 1363 ,
3247 1304 3465 1366 quarto,

1877 1397 2076 1467 quibus
2116 1411 2240 1451 cum
2282 1394 2479 1449 vicinis
2524 1392 2664 1463 agit;
2707 1390 2932 1460 quinto},
2968 1390 3183 1459 iquibus
3228 1389 3470 1444 inimici-

1880 1489 1982 1544 tias
2023 1497 2277 1550 exercet,
2329 1495 2385 1540 et
2429 1485 2537 1538 vim
2590 1483 2792 1537 illatam
2837 1481 3096 1550 depellit,
3145 1481 3231 1536 vel
3277 1497 3466 1552 pacem

1879 1579 2085 1636 stabilit
2131 1587 2186 1634 et
2229 1576 2757 1633 reconciliationem.
2809 1571 3098 1628 Sulliciunt
3147 1581 3330 1627 autem
3363 1574 3467 1628 ista

1880 1671 1947 1726 ad
1986 1679 2235 1725 naturam
2276 1666 2515 1722 hominis
2561 1666 2942 1733 cujuscunque
2996 1663 3467 1734 patefaciendam,

1881 1763 1949 1818 ad
1996 1758 2484 1818 demonstrandum
2507 1799 2522 1823 ,
2575 1756 2712 1810 nihil
2758 1755 2813 1808 in
2844 1755 2936 1809 illo
2964 1763 3259 1825 praetextus
3283 1798 3298 1820 ,
3330 1754 3469 1809 nihil

1810 1840 1850 1896 Β
1883 1855 2246 1928 hypocrisews
2275 1866 2427 1917 esse,
2459 1849 2770 1919 cujusmodi
2796 1847 2851 1902 in
2881 1863 3046 1903 scena
3077 1847 3254 1902 solent
3277 1847 3469 1902 obser-

1881 1963 2016 2002 ναι-ι.

1953 2037 2043 2090 63.
2093 2033 2230 2089 Tum
2272 2032 2537 2103 judicium
2581 2030 2785 2101 optime
2833 2028 2889 2082 in
2963 2027 3101 2082 alios
3149 2025 3469 2092 exercebis,

1882 2143 2006 2184 cum
2041 2135 2162 2180 tuas
2190 2126 2361 2196 ipsius
2389 2124 2631 2179 actiones
2659 2121 3066 2191 contemplatus
3092 2162 3107 2184 ,
3144 2120 3248 2175 sub
3283 2118 3472 2189 judice

1883 2217 2102 2290 propria
2158 2215 2494 2270 conscientia
2541 2211 2972 2280 uniuscujusque
3009 2220 3164 2265 actus
3202 2209 3471 2267 rationem

1883 2309 2160 2382 exegeris,
2195 2317 2252 2363 et
2297 2314 2648 2378 peccatorum
2680 2303 2988 2358 institueris
3038 2301 3463 2356 correctionem.

1887 2401 2168 2472 Siquidem
2221 2398 2368 2454 enim
2412 2397 2549 2450 alios
2613 2395 2656 2450 si
2692 2394 3073 2464 redargueris,
3115 2407 3238 2447 cum
3279 2391 3471 2445 iisdem

1889 2492 2005 2563 ipse
2028 2489 2352 2546 criminibus
2378 2486 2617 2542 tenearis
2641 2524 2655 2547 ,
2687 2499 2913 2539 necesse
2949 2489 3033 2537 est
3064 2491 3124 2537 ut
3151 2482 3470 2537 erubescas.

1887 2583 2172 2651 Quomodo
2214 2597 2404 2636 rursus
2444 2579 2566 2634 illos
2619 2577 2844 2632 affectos
2887 2575 2955 2629 iri
3013 2583 3171 2644 putas
3197 2615 3212 2638 ,
3266 2588 3389 2626 cum
3419 2580 3473 2626 te

1887 2678 1980 2748 qui
2047 2676 2183 2730 nulli
2243 2674 2509 2729 rationem
2586 2671 2814 2726 reddere
2873 2667 3079 2723 teneris
3130 2665 3470 2730 obstrictus,

1889 2785 2076 2826 severe
2107 2776 2289 2822 tamen
2315 2773 2666 2821 exercentem
2692 2761 2962 2833 judicium
2990 2757 3394 2814 intuebuntur?

1962 2860 2052 2916 64.
2095 2859 2355 2914 Praeclare
2400 2865 2580 2929 gestas
2630 2869 2719 2909 res
2764 2854 3111 2914 collaudato,
3157 2864 3261 2903 nec
3293 2845 3476 2902 verbis

1891 2959 2102 3006 tantum
2133 2946 2474 3009 collaudato,
2517 2944 2612 2999 sed
2648 2944 2765 3013 ipse
2795 2957 2882 2997 res
2929 2941 3129 3011 pariles
3158 2938 3434 3010 operando
3456 2976 3473 3001 ,

1892 3052 1947 3098 et
1978 3042 2097 3096 illos
2127 3039 2248 3094 aliis
2273 3035 2632 3092 anteferendo
2658 3033 3122 3101 bonorandosque
3149 3031 3475 3086 declarando

1893 3134 1987 3205 qui
2039 3132 2163 3187 talia
2208 3130 2492 3185 imitantur
2544 3141 2820 3196 :quorum
2878 3125 3112 3178 alterum
3170 3122 3476 3191 cuicunque

1896 3225 2104 3280 homini
2128 3267 2140 3290 ,
2168 3223 2401 3276 alterum
2432 3220 2697 3290 competit
2728 3219 2777 3273 ei
2802 3216 2896 3288 qui
2925 3217 3086 3287 digne
3113 3215 3365 3286 imperat.

1962 3318 2052 3373 65.
2091 3316 2346 3372 Omnium
2413 3314 2641 3367 omnino
2675 3326 2861 3366 curam
2905 3310 3163 3364 adhibeto
3219 3307 3477 3362 modera-

1892 3420 2074 3490 torum
2122 3407 2445 3468 hominum,
2480 3406 2556 3459 ita
2583 3412 2639 3457 ut
2675 3399 3201 3457 commendatissimi
3243 3399 3383 3463 sint,
3420 3407 3477 3453 et

1891 3505 2056 3575 digno
2085 3501 2218 3572 ipsis
2269 3500 2476 3554 honore
2519 3495 2868 3568 praemiisque
2915 3494 3198 3559 fruantur;
3249 3491 3476 3546 minime

1892 3603 2076 3650 autem
2108 3593 2328 3654 talium,
2371 3591 2426 3645 in
2465 3605 2591 3645 eum
2622 3591 2784 3643 linem
2823 3598 2882 3641 ut
2918 3585 2987 3639 ad
3024 3585 3224 3639 bonam
3265 3585 3475 3654 frugem

1892 3685 2185 3742 deveniam
2205 3727 2220 3751 ,
2249 3692 2305 3738 et
2330 3682 2600 3736 immunes
2626 3679 2737 3734 sint
2759 3694 2789 3733 a
2819 3677 2994 3748 pwnis
3027 3692 3125 3747 per
3155 3677 3300 3747 leges
3327 3675 3474 3728 inlli-

1892 3778 2118 3852 gendis,
2157 3792 2263 3832 nec
2325 3773 2544 3829 infamia
2598 3780 2875 3827 notentur.
2920 3769 3032 3824 l-loc
3084 3768 3229 3823 enim
3286 3784 3477 3823 revera

1893 3879 2107 3944 spectat
2143 3869 2212 3925 ad
2246 3867 2480 3924 officium
2503 3866 2622 3937 ejus
2655 3865 2746 3935 qui
2772 3861 3075 3940 secundum
3109 3861 3257 3932 leges
3290 3861 3478 3930 cupiat

1894 3969 2182 4036 imperare.

1969 4059 2058 4113 66.
2101 4054 2448 4111 Subditorum
2499 4050 2621 4104 lites
2657 4048 2713 4103 in
2780 4048 2970 4102 hostes
3031 4044 3280 4106 diverte,
3314 4051 3477 4112 atque

1894 4150 1960 4204 ad
1995 4147 2291 4204 certamina
2323 4158 2422 4215 pro
2459 4141 2633 4213 patria
2667 4139 2948 4195 subeunda
2985 4137 3250 4199 transfer;
3295 4143 3481 4206 tyran-

1895 4245 2080 4297 nicum
2130 4250 2217 4294 est
2255 4237 2513 4308 p0pulum
2541 4234 2607 4289 ad
2659 4233 2956 4288 seditiones
2999 4229 3308 4294 concitare,
3354 4243 3479 4282 cum

1896 4331 2244 4388 securitatem
2285 4343 2440 4384 suam
2475 4324 2684 4397 tyranni
2736 4330 2978 4377 statuant
3019 4322 3073 4375 in
3104 4319 3373 4376 discordia
3426 4329 3482 4373 et

1899 4404 2121 4480 interitu
2163 4419 2440 4492 populari:
2487 4416 2695 4488 regium
2743 4425 2827 4469 est
2869 4422 3088 4478 autem,
3134 4413 3479 4467 subditorum

218 4518 396 4584 λέως,
450 4521 814 4578 ἀστασίαστον
875 4532 1162 4599 συντηρεῖν
1224 4531 1321 4603 τὴν
1374 4535 1628 4604 ὁμόνοιαν
1686 4540 1787 4594 τῶν

1900 4516 2245 4573 concordiam
2297 4513 2574 4566 immotam
2622 4520 2977 4572 conservare,
3035 4519 3157 4557 cum
3201 4503 3256 4556 in
3307 4501 3480 4555 salute

220 4612 486 4682 ὑπηκόων
511 4630 526 4646 ·
579 4617 637 4670 ἐν
687 4619 796 4688 γὰρ
846 4622 910 4690 τῇ
946 4597 1058 4675 τῶν
1111 4597 1430 4694 ἀρχομένων
1464 4629 1707 4701 σωτηρίᾳ
1737 4632 1787 4685 τὲ

1898 4609 2270 4680 subjectorum
2294 4601 2580 4674 potestatis
2610 4615 2798 4655 eorum
2824 4597 3056 4652 fulcrum
3091 4603 3383 4651 statuatur.

224 4705 429 4776 βάθρον
455 4709 642 4774 αὐτοῖς
673 4711 889 4784 πέπηγε
919 4713 1018 4784 τῆς
1047 4714 1314 4780 ἐξουσίας.

299 4798 398 4863 ξζν.
456 4800 666 4871 Ὥσπερ
703 4805 785 4858 δεῖ
819 4806 909 4859 τὸν
958 4809 1196 4879 ἄρχοντα
1235 4811 1467 4882 φοϐερὸν
1504 4809 1643 4868 εἶναι
1686 4817 1799 4881 τοῖς

1971 4809 2062 4863 67.
2105 4805 2365 4873 Princeps
2406 4801 2748 4857 utadversus
2784 4796 3014 4866 injustos
3065 4789 3322 4846 terribilis
3357 4803 3479 4843 esse

223 4892 528 4958 ἀδικοῦσιν,
561 4892 704 4949 οὕτω
747 4898 994 4966 φυλακὴν
1034 4901 1130 4954 καὶ
1164 4903 1464 4970 ἀσφάλειαν
1496 4904 1602 4958 τῶν
1635 4907 1787 4976 μηδὲν

1901 4901 2099 4966 debet,
2131 4899 2201 4953 ita
2229 4894 2530 4953 custodiam
2561 4892 2838 4962 suscipere
2860 4890 3214 4943 innocentum
3239 4890 3477 4953 oportet,

224 4984 578 5052 ἀδικούντων,
620 4987 756 5042 ἀλλὰ
792 4992 933 5045 κατὰ
958 4993 1086 5057 τοὺς
1115 4994 1312 5065 νόμους
1349 4997 1796 5070 πολιτευομένων.

302 5165 406 5232 ξην.
459 5165 596 5234 Τρία
642 5166 788 5220 ἐστὶν
826 5170 884 5222 ἐν
918 5170 1257 5242 ἀνθρώποις,
1287 5175 1555 5248 τιμωρία,
1595 5175 1760 5246 ψόγος
1784 5219 1799 5243 ,

1905 5005 1961 5050 et
2000 5010 2096 5049 eos
2141 4991 2232 5063 qui
2289 4988 2588 5046 secundum
2636 4986 2781 5056 leges
2836 4984 3026 5037 vivunt
3080 4988 3256 5034 sartos
3311 4984 3481 5032 tectos

1947 5095 2100 5140 raesta
2106 5103 2164 5140 re
2172 5125 2185 5138 .

1947 5103 2185 5140 raeswre.
2592 5105 2598 5111 -

1906 5103 1942 5157 Ρ
1985 5179 2074 5234 68.
2144 5177 2174 5232 f
2183 5178 2260 5232 ria
2317 5183 2445 5231 sunt
2498 5187 2618 5243 qua:
2673 5174 2897 5238 tangunt
2965 5161 3254 5227 homines,
3299 5173 3480 5231 paena,

1499 5309 1737 5389 vanum
1797 5334 2203 5391 LECTlONES.

305 5487 321 5539 i
362 5490 401 5544 1.
438 5489 507 5542 τὰ
536 5490 750 5546 σαυτοῦ.

1737 5595 1878 5654 NOT
1880 5597 1968 5653 1E.

310 5723 424 5795 (50)
467 5721 741 5795 Καί-τοῖς
778 5721 876 5773 ἐπι
906 5720 1176 5795 σκηνῆς.
1217 5719 1422 5795 λιηεριε
1481 5716 1801 5795 lectio._l.e-

233 5788 473 5866 gendum
497 5802 551 5866 et
578 5790 1040 5866 distinguendum,
1064 5790 1279 5866 aratri];
1300 5790 1407 5842 ἀπὸ
1437 5788 1641 5866 σκηνῆς
1662 5788 1802 5866 ’ἀπο-

235 5857 474 5938 κρίσεως
499 5863 590 5916 τὸν
621 5857 772 5929 ἀνθ.ζ
797 5872 898 5917 etc.
919 5862 1176 5930 Sequenti
1210 5857 1343 5915 sect.
1377 5857 1797 5924 restituendum,

1909 5720 2041 5772 Ὅτε
2071 5719 2170 5781 τὰς
2201 5715 2394 5770 ἐαυτοῦ
2441 5714 2757 5769 ἐπισκοπῶν
2795 5707 3022 5781 πράξεις
3063 5705 3219 5772 λόγον
3247 5699 3482 5768 ὲκάετης

1908 5790 2012 5843 ὑπὸ
2046 5789 2328 5853 συνειδότι,
2361 5797 2470 5842 etc.
