3996 6434
581 370 686 432 679

1714 363 1976 426 PHOTII
2007 360 2513 424 PATRIARCHIE
2549 365 2657 426 (ΣΡ.

3721 366 3813 435 (ΒΟ

574 485 910 556 vituperium
935 527 953 553 ,
980 486 1102 543 laus
1124 527 1141 552 ,
1175 488 1271 543 sed
1300 496 1355 543 et
1377 487 1638 556 insuper,
1671 482 1718 537 si
1748 482 1946 553 placet,
1976 480 2142 536 bene-

2258 480 2501 548 ἐπαινος,
2532 484 2580 535 εί
2610 481 2787 554 βούλει
2816 483 2893 548 δὲ,
2930 483 3027 538 καὶ
3052 484 3344 555 εὐεργεσία
3368 501 3383 515 ·
3416 482 3555 538 ἀλλά
3587 485 3690 554 τῆς
3728 487 3810 554 μὲν

576 579 816 636 licentia.
846 579 1011 637 Poena
1038 581 1187 653 digni
1213 589 1342 637 sunt
1376 579 1622 643 inimici;
1651 575 1927 645 vituperio
1949 615 1967 641 ,
2000 574 2151 628 cives

574 671 666 740 qui
698 671 1005 727 exorbitant
1056 672 1112 725 in
1144 669 1503 740 quibusdam;
1551 666 1803 723 laudandi
1853 672 1910 720 et
1943 664 2151 720 benefi-

575 762 674 815 ciis
716 763 1065 827 cumulandi,
1109 763 1202 832 qui
1246 764 1408 817 rebus
1446 761 1587 816 bene
1627 760 1793 832 gestis
1822 758 2148 813 inclaruere.

576 852 733 919 Quod
767 856 809 909 si
847 856 968 925 quis
1000 871 1066 910 eo
1127 856 1505 926 progreditur,
1546 863 1606 908 ut
1631 869 1752 924 quae
1782 854 1968 908 hostes
2002 851 2151 908 face-

576 954 719 1005 rent.
758 955 812 1000 et
846 946 961 1016 ipse
997 947 1227 1009 audeat,
1254 962 1456 1015 eosque
1486 945 1746 1007 imitetur,
1782 945 2019 998 hostium
2061 943 2151 995 ille

575 1053 795 1107 prenam
840 1038 895 1091 in
943 1053 1001 1092 sc
1047 1037 1325 1092 transfert.
1373 1037 1529 1103 Quod
1581 1038 1624 1091 si
1676 1037 1800 1106 quis
1856 1034 2151 1089 mutaverit

574 1130 823 1184 ordinem
856 1144 1015 1183 suum
1054 1138 1110 1183 et
1145 1129 1324 1183 locum
1359 1129 1416 1182 in
1449 1144 1559 1198 quo
1592 1128 1981 1191 constituitur,
2007 1128 2147 1181 ultra

572 1222 733 1276 etiam
770 1223 952 1277 hostes
984 1222 1238 1277 inimicus
1276 1223 1560 1277 habendus
1594 1221 1925 1291 reipublicae.
1959 1219 2149 1275 Prodi-

572 1323 656 1368 tor
680 1326 783 1380 est,
812 1315 903 1384 qui
931 1314 1212 1369 beneficiis
1244 1314 1457 1369 hostem
1489 1313 1675 1370 alIicit.
1701 1312 1987 1369 Civitatem
2020 1327 2147 1383 per-

569 1408 669 1471 dit,
730 1407 821 1475 qui
861 1407 1117 1462 laudibus
1161 1407 1439 1476 improbos
1468 1406 1698 1468 attollit;
1737 1420 1862 1459 nam
1901 1404 2047 1460 cives
2078 1405 2146 1459 ad

568 1500 709 1554 male
749 1500 1022 1570 agendum
1071 1498 1336 1553 stimulat.
1383 1497 1440 1551 In
1480 1512 1643 1567 quam
1684 1496 1855 1565 ipsam
1892 1496 2147 1550 deformi-

569 1598 739 1645 tatem
780 1590 1059 1644 civitatem
1096 1599 1153 1645 et
1185 1588 1233 1645 is
1265 1589 1487 1645 adducit
1523 1588 1617 1657 qui
1651 1596 1798 1641 recte
1829 1587 2145 1640 incedentes

567 1682 885 1737 inhonorat.

639 1773 729 1827 69.
787 1772 1013 1827 Difficile
1068 1771 1289 1842 quidem
1334 1782 1538 1827 metum
1582 1769 1752 1826 amori
1810 1769 2137 1824 immiscere.

570 1867 833 1920 Amantes
866 1864 1013 1919 enim
1054 1865 1279 1919 omnino
1315 1874 1443 1920 sunt
1471 1865 1677 1934 absque
1714 1872 1898 1918 metu:
1928 1862 2019 1931 qui
2072 1862 2139 1915 ti-

566 1972 720 2010 more
771 1956 1176 2025 percelluntur,
1232 1970 1416 2009 amare
1466 1956 1681 2009 nolunt.
1733 1955 1800 2009 At
1846 1963 1904 2007 tu
1962 1962 2144 2007 tamen

567 2050 781 2103 divide:
814 2058 971 2118 teque
1000 2048 1075 2103 ita
1099 2064 1349 2117 compara
1385 2056 1441 2102 ut
1469 2063 1622 2102 ames
1651 2047 1923 2117 optimos;
1965 2061 2145 2115 neque

566 2141 715 2194 enim
749 2140 839 2194 hic
871 2155 1011 2209 opus
1040 2149 1125 2194 est
1152 2140 1259 2194 ullo
1298 2149 1467 2193 metu.
1504 2139 1762 2209 Reliquos
1793 2151 2021 2192 necesse
2060 2145 2146 2192 est

568 2243 718 2287 metu
770 2242 1013 2296 terreas,
1070 2241 1128 2287 ut
1183 2249 1213 2287 a
1265 2233 1404 2287 male
1454 2234 1662 2305 agendo
1719 2250 1778 2289 se
1811 2234 2141 2289 abstineant.

568 2326 813 2379 Metuent
869 2340 1068 2396 porro,
1120 2325 1164 2379 si
1213 2334 1265 2380 te
1316 2327 1537 2380 videant
1597 2334 1805 2380 semota
1866 2325 2141 2379 iracundia

568 2417 904 2486 punientem,
930 2425 985 2471 et
1018 2424 1277 2487 tanquam
1316 2427 1600 2487 parentem
1636 2416 2053 2480 informantem;
2095 2415 2143 2469 si

568 2518 620 2563 te
643 2508 1084 2563 animadvertant
1113 2509 1338 2564 minime
1364 2509 1556 2564 libenti
1583 2509 1765 2563 animo
1794 2507 2138 2579 punientem,

566 2602 729 2657 rebus
758 2610 940 2655 autem
969 2601 1213 2657 adversis
1238 2610 1293 2657 et
1319 2601 1637 2657 infortuniis
1659 2602 1777 2657 sine
1806 2601 1987 2670 aliquo
2013 2615 2146 2670 pra:-

567 2704 718 2751 textu
742 2738 756 2763 ,
792 2696 1037 2760 sincere.
1071 2712 1229 2767 opem
1256 2695 1545 2752 ferentem.

643 2786 729 2842 70.
754 2785 855 2852 Qui
884 2796 1094 2841 natura:
1117 2786 1261 2841 dona
1292 2786 1349 2840 in
1369 2786 1767 2856 improbitatem
1796 2792 2142 2850 convertunt,

565 2888 622 2932 et
653 2895 763 2933 non
796 2880 863 2934 ad
890 2879 1149 2933 auxilium
1183 2879 1488 2934 vicinorum
1510 2919 1526 2941 ,
1555 2894 1679 2933 cum
1712 2887 1962 2933 naturam
1992 2892 2145 2947 sper-

566 2980 737 3033 nunt,
781 2980 897 3026 tum
940 2970 1200 3025 creatoris
1242 2986 1369 3042 erga
1417 2972 1563 3041 ipsos
1610 2969 2041 3025 muniﬁcentiam
2087 2970 2144 3023 in

567 3063 956 3118 contumeliam
980 3062 1178 3134 ingrati
1213 3072 1554 3133 pervertunt.

641 3260 731 3316 7i.
759 3258 1231 3327 Quemadmodum
1259 3267 1416 3328 turpe
1445 3266 1530 3312 est
1563 3264 1620 3312 et
1651 3257 1954 3323 sordidum,
1984 3258 2143 3329 plane

570 3352 873 3423 plebeculis
928 3352 994 3407 ad
1052 3351 1390 3406 voluntatem
1441 3350 1834 3417 obsecundari,
1888 3359 1943 3405 et
1981 3352 2144 3407 nimis

570 3444 908 3499 familiariter
933 3460 991 3498 se
1014 3459 1237 3515 gerere:
1275 3445 1350 3499 ita
1381 3444 1650 3499 lubricum
1682 3451 1764 3499 est
1792 3453 1847 3498 et
1874 3443 2145 3514 periculo-

570 3554 721 3601 sum,
758 3537 1174 3608 superciliosum
1207 3553 1423 3607 semper
1448 3546 1505 3591 et
1545 3536 1811 3591 tumidum
1852 3552 2141 3606 apparere.

571 3629 983 3685 Extremitatem
1040 3644 1169 3699 ergo
1217 3638 1503 3699 utramque
1561 3628 1747 3701 fugere
1799 3637 2040 3699 Oportet,
2090 3634 2145 3682 et

570 3721 809 3775 medium
842 3730 1100 3791 tanquam
1130 3720 1388 3775 virtutem
1427 3720 1763 3787 consectari,
1801 3736 1928 3775 suas
1963 3729 2145 3790 partes

569 3814 767 3883 cuique
796 3814 1026 3885 tempori
1063 3830 1331 3884 congruas
1361 3814 1666 3869 tribuendo.

642 3907 731 3960 7:2.
766 3906 1145 3961 Juramentum
1176 3906 1438 3977 proclive,
1470 3906 1769 3978 perjurium
1809 3914 1895 3960 est
1922 3904 2143 3960 stansin

574 4000 883 4068 procinctu.
923 3998 1085 4053 Certe
1126 4013 1230 4053 nec
1270 4013 1451 4054 mores
1495 3998 1633 4053 bene
1672 3998 1998 4052 constitutos
2041 4012 2143 4050 nec

568 4089 814 4143 animum
845 4091 1005 4144 decet
1029 4104 1352 4161 generosum
1378 4131 1393 4155 ,
1420 4090 1626 4160 iurare.
1665 4089 1758 4145 Vir
1784 4089 1983 4144 etenim
2017 4102 2142 4158 gra-

567 4182 756 4235 viS'et
804 4182 1180 4252 magnanimus
1232 4182 1507 4252 pudefiet,
1554 4182 1600 4235 si
1631 4181 1798 4235 verba
1845 4196 1939 4235 sua
1978 4181 2137 4235 fidem

569 4290 676 4328 non
710 4282 1022 4328 mereantur
1055 4274 1262 4343 absque
1285 4274 1620 4344 juramento,
1656 4283 1712 4327 ct
1740 4272 2137 4328 conversationi

567 4382 683 4420 suae
728 4366 985 4436 iniuriam
1038 4365 1211 4420 inuri:
1257 4366 1329 4420 ita
1390 4374 1451 4419 ut
1498 4364 1849 4433 conjunctum
1896 4364 1970 4419 sit
2013 4380 2134 4419 cum

572 4458 804 4512 utilitate
828 4468 885 4512 et
906 4468 1089 4513 nostra
1119 4474 1249 4512 cura
1270 4498 1285 4523 ,
1308 4458 1451 4527 quod
1486 4458 1602 4528 lege
1629 4457 1811 4513 divina
1849 4456 2133 4527 prohibea-

570 4569 689 4607 mur
717 4552 940 4605 omnino
957 4551 1162 4622 jnrare.

637 4644 722 4699 75.
744 4643 1133 4698 Beneﬁciorum
1163 4656 1379 4711 semper
1409 4656 1615 4696 memor
1638 4651 1785 4705 esto;
1818 4658 1939 4712 qua:
1966 4644 2136 4698 bene-

566 4736 763 4791 feceris
780 4737 964 4790 statim
983 4735 1241 4790 oblivioni
1257 4735 1427 4789 trade.
1446 4734 1580 4788 illud
1599 4736 1741 4789 enim
1760 4736 2060 4790 bonitatem
2082 4745 2139 4791 et

566 4830 895 4900 probitatem
921 4828 1088 4881 animi
1118 4828 1343 4892 indicat,
1369 4828 1475 4881 hoc
1500 4836 1683 4881 autem
1705 4828 2137 4896 magnitudinem

564 4929 624 4975 et
647 4921 934 4991 puritatem
953 4902 1125 4985 ;‘dum
1149 4934 1344 4989 purum
1367 4918 1531 4971 etiam
1560 4918 2134 4987 praestatbeneficium.

640 5012 726 5066 74.
774 5010 1044 5066 Beneficia
1086 5010 1404 5081 exprobrari
1454 5009 1538 5064 vel
1576 5008 1934 5064 infortunium
1951 5012 2133 5079 alicui,

565 5115 622 5162 et
650 5105 927 5160 levitatem
945 5103 1149 5158 indicat
1171 5112 1229 5158 et
1256 5101 1732 5156 inhumanitatem.

640 5197 727 5251 75.
750 5195 925 5251 Fraus
964 5210 1179 5264 semper
1216 5193 1507 5263 proﬁtetur
1539 5191 2006 5249 imbecillitatem:
2042 5195 2137 5251 sed

568 5287 759 5343 eadem
818 5302 946 5357 erga
1011 5286 1218 5339 amicos
1278 5281 1520 5337 adhibita
1576 5290 1875 5339 extremam
1933 5286 2138 5344 indicat

570 5380 873 5449 nequitiam
914 5387 969 5433 et
1019 5390 1292 5430 summanr
1336 5375 1734 5445 improbitatem
1778 5378 2054 5435 :adhibita
2080 5381 2134 5435 in

572 5472 760 5527 hostes
798 5479 859 5526 et
899 5468 1174 5531 inimicos.
1233 5467 1395 5524 etiam
1455 5466 1806 5537 improvidos,
1828 5486 1936 5524 non
1980 5472 2137 5544 longe

570 5566 688 5619 abit
740 5580 773 5618 a
820 5568 1224 5632 stratagemate.
1284 5560 1537 5615 Tractatu
1600 5569 1780 5616 autem
1840 5563 2024 5619 habito
2068 5566 2137 5622 de

2253 576 2302 627 οί
2335 574 2581 645 πολέμιοι
2612 576 2752 643 ἄξιοι
2771 592 2786 608 ο
2823 576 2993 646 ψόγου
3024 575 3102 641 δὲ,
3134 577 3184 629 οἱ
3231 576 3426 647 μέτρια
3454 576 3567 629 τῶν
3592 574 3811 630 πολιτῶν

2252 668 2660 739 ἁμαρτάνοντες
2685 687 2700 702 ·
2738 670 2961 723 ἐπαίνου
2992 669 3049 722 δὲ
3099 668 3195 721 καὶ
3226 668 3549 739 εὐεργεσίας
3570 709 3586 733 ,
3614 668 3666 720 οί
3712 667 3810 721 διαο

2254 761 2508 833 φέροντες
2535 762 2947 833 κατορθώμασι.
2985 764 3045 816 Εί
3073 762 3132 816 δέ
3172 780 3257 826 τις
3287 765 3365 825 είς
3402 763 3502 832 τὴν
3530 761 3642 815 τῶν
3670 762 3811 814 πολε.

2257 856 2395 925 μίων
2427 857 2633 927 τόλμαν
2672 857 2765 910 καὶ
2796 856 3027 926 μίμησιν
3072 854 3350 924 ἐξαχθείη,
3390 853 3556 916 αὐτὸς
3604 853 3702 907 καὶ
3727 852 3809 922 την

2253 949 2480 1001 ἐκείνων
2505 948 2698 1018 ποινὴν
2724 947 2803 1008 είς
2832 944 3022 999 ἑαυτὸν
3052 943 3394 1013 ἐπιστρέφει.
3441 943 3500 996 Ὀ
3520 942 3581 995 δέ
3610 959 3663 995 τι
3700 942 3805 994 τού-

2250 1057 2359 1093 των
2407 1039 2669 1109 ἀμείϐων,
2717 1039 2811 1091 καί⁵
2839 1039 2939 1108 τὴν
2976 1037 3219 1101 διάταξιν
3259 1035 3642 1098 ἐπαλλάσσων,
3671 1025 3805 1097 οὗτος

2251 1131 2444 1202 ἐχθρὸς
2470 1130 2571 1200 τῆς
2596 1128 2870 1192 πολιτείας
2900 1128 3061 1181 πλέον
3084 1128 3117 1198 ἢ
3140 1130 3188 1180 oi
3231 1126 3501 1196 πολέμιοι.
3534 1125 3605 1176 Ὅ
3632 1139 3693 1175 τε
3715 1125 3804 1193 γὰρ

2248 1226 2376 1287 τούς
2458 1222 2751 1293 πολεμίους
2803 1220 3129 1291 εὐεργετῶν,
3164 1219 3430 1290 προδότης
3457 1234 3471 1245 ·
3518 1218 3548 1270 ὅ
3596 1233 3657 1268 τε
3696 1216 3804 1280 τοὺς

2250 1317 2489 1388 φαύλους
2524 1315 2787 1378 ἐπαινῶν,
2815 1314 2916 1385 τὴν
2951 1313 3105 1366 πόλιν
3139 1311 3465 1380 ἀνατρέπει·
3495 1310 3591 1363 ἐπὶ
3623 1309 3802 1363 κακίαν

2248 1412 2357 1480 γάρ
2384 1408 2692 1480 παρακαλεί
2721 1407 2849 1471 τοὺς
2877 1405 3100 1468 πολίτας
3118 1419 3135 1436 ⁸
3161 1406 3257 1459 καὶ
3287 1406 3315 1457 ὁ
3339 1403 3467 1467 τοὺς
3491 1400 3802 1472 κατορθοῦν-

2247 1520 2345 1565 τας
2388 1502 2462 1573 μὴ
2502 1501 2679 1571 τιμῶν
2703 1540 2718 1563 ,
2754 1500 2836 1563 είς
2873 1498 2970 1570 τὴν
3003 1498 3174 1568 αὐτὴν
3212 1496 3484 1566 ἀκοσμίαν
3518 1495 3623 1564 τὴν
3665 1493 3799 1547 πολι-

2245 1598 2397 1651 τείαν
2428 1595 2817 1667 καταστρέφει.

2319 1774 2415 1839 ξθ’.
2446 1772 2695 1827 Χαλεπὸν
2736 1772 2834 1843 μὲν
2880 1770 3043 1840 φόϐον
3080 1769 3273 1842 ἀγάπῃ
3314 1768 3569 1839 κεράσαι.
3614 1767 3676 1820 Oi
3707 1768 3796 1837 γὰρ

2247 1867 2529 1937 φιλοῦντες
2577 1866 2652 1929 ὼς
2678 1864 2882 1917 ἐπίπαν
2920 1863 2980 1916 τὸ
3012 1862 3129 1925 δέος
3158 1863 3257 1915 οὐκ
3294 1860 3497 1929 έχουσι,
3530 1860 3627 1912 καὶ
3651 1861 3697 1911 οἱ
3729 1858 3795 1911 δε-

2243 1960 2417 2023 διότες
2452 1959 2628 2028 φιλεῖν
2667 1957 2768 2010 οὐκ
2818 1955 3083 2010 ἐθέλουσι.
3119 1955 3191 2008 Σὺ
3239 1953 3295 2006 δὲ
3331 1952 3510 2006 δίελε-
3555 1951 3651 2003 καὶ
3690 1951 3793 2012 τοὺς

2247 2054 2347 2124 μὲν
2396 2052 2653 2123 ἀρίστους
2685 2049 2861 2120 φιλεῖν
2910 2047 3327 2119 παρασκεύασον
3351 2062 3365 2075 ο
3407 2044 3564 2097 οὐδὲν
3598 2042 3705 2111 γὰρ
3733 2042 3795 2094 δεῖ

2241 2146 2392 2208 δέους
2420 2146 2512 2196 ἐπὶ
2540 2147 2651 2207 τοῖς
2685 2142 2968 2205 τοιούτοις.
2998 2140 3136 2204 Τοὺς
3165 2140 3212 2193 δ’
3250 2138 3442 2201 ἄλλους
3471 2138 3686 2207 ἀνάγκη
3710 2153 3789 2203 φο-

2247 2238 2383 2302 ϐεῖν,
2427 2238 2512 2290 ἵνα
2562 2238 2669 2289 τῶν
2719 2235 2939 2304 φαύλων
2971 2232 3338 2303 ἀπέχονταιιι.
3384 2230 3713 2302 Φοὸήσονται
3746 2230 3790 2283 δὲ

2242 2334 2413 2403 χωρὶς
2444 2331 2655 2401 μίσους,
2708 2330 2773 2384 ἂν
2807 2330 2882 2399 μὴ
2921 2328 3036 2398 μετ’
3080 2325 3246 2396 ὀργῆς
3273 2324 3443 2396 όρῶσι
3489 2323 3789 2387 κολάζοντα,

2242 2425 2358 2480 ἀλλ’
2393 2425 2468 2487 ὡς
2501 2424 2713 2494 πατέρα
2761 2420 3106 2483 παιδεύοντα,
3135 2420 3230 2473 καὶ
3259 2420 3316 2472 ἐν
3346 2418 3445 2489 μέν
3492 2418 3607 2479 τοῖς
3631 2417 3791 2485 ἀμαρ-

2241 2518 2483 2587 τήμασιν
2520 2516 2618 2585 οὐχ
2647 2514 2819 2583 ἡδέως
2864 2510 3296 2582 τιμωρούμενον,
3336 2510 3393 2562 ἐν
3421 2508 3478 2562 δέ
3509 2510 3632 2570 ταῖς
3672 2523 3792 2576 συμ-

2244 2610 2438 2679 φοραῖς
2485 2608 2579 2661 Kal
2620 2607 2734 2669 τοῖς
2764 2605 3172 2675 δυστυχήμασιν
3217 2602 3648 2674 ἀπροφασίστως
3688 2600 3793 2651 ἐπι-

2242 2702 2461 2771 κουρεῖν
2486 2696 2959 2770 προθυμούμενον.

2315 2799 2377 2847 0'.
2430 2792 2494 2845 Οί
2543 2790 2817 2861 χρώμενοι
2856 2789 2971 2851 τοὶς
3003 2788 3067 2841 ἐκ
3098 2787 3312 2855 φύσεως
3343 2785 3790 2855 πλεονεκτήμασιν

2244 2886 2326 2948 είς
2352 2883 2623 2955 πονηρίας
2650 2878 2977 2952 ὑπηρεσίαν,
3004 2880 3141 2934 ἀλλά
3171 2877 3247 2950 μὴ
3274 2878 3410 2949 πρὸς
3435 2877 3657 2947 τὴντῶν
3676 2874 3789 2943 πληο

2246 2978 2360 3031 σίον
2381 2976 2721 3047 εὐεργεσίαν,
2752 2968 2900 3029 οὗτοι
2924 2971 3018 3025 καὶ
3041 2973 3136 3042 τὴν
3164 2971 3327 3040 φύσιν
3354 2967 3692 3038 φαυλίζουσι,
3716 2965 3792 3018 καὶ

2243 3070 2321 3140 τῷ
2343 3068 2676 3139 Δημιουργῷ
2720 3066 2819 3137 τὴν
2843 3067 2972 3135 περὶ
2994 3064 3191 3126 αὐτοὺς
3217 3061 3533 3131 φιλοτιμίαν
3556 3060 3635 3122 είς
3654 3057 3792 3127 ὕϐριν

2168 3189 2214 3251 c
2247 3164 2342 3218 καὶ
2373 3162 2701 3234 ἀχαριστίαν
2727 3160 3167 3230 περιτρέπουσιν.

2317 3283 2414 3331 οα’.
2464 3276 2675 3347 Ὠσπερ
2722 3272 2944 3344 αἰσχρὸν
2984 3272 3080 3327 καὶ⁸
3110 3269 3403 3330 ταπεινὸν,
3450 3266 3590 3337 πρὸς
3624 3264 3793 3335 ἡδονὴν

2244 3369 2452 3438 ὁμιλεῖν
2476 3367 2554 3438 τῷ
2583 3364 2801 3435 πλήθει,
2841 3362 3013 3426 οὕτως
3036 3361 3375 3415 ἐπικίνδυνον
3400 3359 3494 3413 καὶ
3522 3357 3790 3428 σφαλερὸν,

2245 3464 2334 3517 ἀεὶ
2376 3460 2769 3533 σοϐαρεύεσθαι
2821 3459 2914 3513 καὶ
2956 3458 3261 3529 ὑπέρογκον
3290 3455 3540 3527 ὁρᾶσθαι.
3574 3456 3664 3507 Δεῖ
3697 3470 3792 3505 τοι·

2245 3554 2450 3624 γαροῦν
2503 3553 2763 3623 ἐκάτερον
2810 3550 2978 3622 ἀκρον
3030 3550 3300 3621 φυγόντα,
3342 3548 3417 3611 ὡς
3464 3547 3681 3617 ἀρετὴν,
3709 3546 3793 3614 τὴν

2247 3644 2519 3715 μεσότητα
2552 3641 2769 3696 διώκειν
2790 3684 2805 3711 ,
2837 3642 2931 3694 καὶ
2958 3642 3170 3713 καιροῖς
3216 3638 3368 3702 ίδίοις
3410 3638 3472 3691 τὸ
3504 3636 3791 3709 πρόσφορον

2241 3734 2555 3805 ἀπονέμειν.

2311 3916 2410 3987 οβ’.
2442 3914 2729 3985 Προπετὴς
2754 3912 2936 3986 ὅρκος,
2962 3912 3252 3983 πρόχειρος
3283 3910 3556 3981 ἐπιορκία.
3598 3907 3787 3970 Ἄλλως

2240 4024 2299 4059 τε
2332 4006 2388 4060 δέ
2427 4005 2522 4059 καὶ
2551 4005 2613 4058 τὸ
2640 4004 2862 4075 ὀμνύειν
2896 4004 3054 4067 ὅλως,
3081 4003 3245 4074 ήθους
3271 4003 3372 4056 οὐκ
3399 3997 3459 4056 εὖ
3482 4000 3754 4071 βεὸηκότος
3774 4036 3788 4060 ,

2239 4096 2360 4150 οὐδέ
2385 4096 2732 4168 φρονήματος
2758 4093 3015 4162 εὐγενοῦς
3035 4109 3047 4122 ·
3079 4095 3107 4146 ό
3133 4093 3189 4146 δὲ
3219 4092 3487 4163 εὐσταθὴς
3514 4092 3605 4144 καὶ
3636 4106 3789 4159 μεγα-

2240 4191 2473 4261 λόψυχος
2508 4191 2651 4261 ἀνὴρ
2695 4189 3117 4261 αίσχυνθήσεται
3146 4190 3274 4252 τοὺς
3307 4189 3501 4257 λόγους
3536 4188 3677 4257 ὅρκῳ
3710 4204 3791 4239 πι-

2241 4282 2400 4344 στούς
2445 4280 2765 4348 ἀποφαίνειν
2787 4320 2802 4345 ,
2834 4281 2928 4333 καὶ
2952 4279 3049 4349 τὴν
3078 4277 3166 4332 διὰ
3193 4278 3302 4332 τῶν
3330 4277 3547 4332 οἰκείων
3590 4278 3791 4348 τρόπων

2240 4373 2422 4427 πίστιν
2463 4371 2769 4444 ἀτιμάζειν.
2806 4371 2938 4425 Δίαν
2982 4371 3092 4441 ἀρα
3140 4372 3525 4442 συμφερόντως
3565 4371 3658 4423 καὶ
3697 4385 3789 4436 κηο

2237 4466 2535 4538 δεμονικῶς
2577 4465 2719 4538 [καὶ]
2759 4467 2786 4519 ὁ
2814 4463 3143 4528 Δεσποτικδς
3176 4464 3338 4532 νόμος
3374 4464 3466 4516 τὸν
3504 4464 3662 4535 ὅρκον
3692 4480 3791 4514 κω-

2163 4546 2208 4603 Ῑ)
2235 4557 2373 4613 λύει.

2308 4657 2407 4719 ογ’.
2442 4652 2509 4702 Ἀ
2549 4650 2648 4720 μέν
2680 4644 2740 4702 εὖ
2781 4649 3007 4714 πάθοις,
3037 4648 3124 4700 ἀεὶ
3160 4648 3437 4718 μέμνησο*
3462 4639 3538 4700 ὧν
3572 4647 3617 4700 δ⁴
3647 4645 3707 4699 ἂν
3736 4641 3790 4699 εὖ

2244 4746 2517 4813 ποιήσαις,
2549 4742 2742 4794 θᾶττον
2789 4739 3163 4793 ἐπιλανθάνου.
3197 4740 3271 4792 Τὸ
3313 4741 3409 4809 μὲν
3436 4741 3545 4812 γὰρ
3576 4742 3795 4810 χρηστό-

2241 4851 2404 4904 τητος
2437 4835 2530 4888 καὶ
2564 4832 3005 4904 εὐγνωμοσύνης,
3036 4833 3095 4884 τὸ
3130 4833 3187 4885 δέ
3217 4832 3463 4903 καθαρᾶς
3498 4833 3793 4901 μεγαλσᾲυ-

2242 4925 2388 4996 χίας,
2416 4925 2511 4977 καὶ
2542 4923 2788 4993 καθαρὰν
2818 4924 3075 4993 φυλάττει
3104 4924 3205 4994 τὴν
3233 4924 3575 4993 εὐεργεσίαν.

2312 5016 2403 5070 οδ’.
2453 5015 2783 5085 Εὐεργεσίας
2809 5018 2903 5069 καὶ
2927 5015 3212 5086 συμφορὰς
3246 5014 3548 5081 ὀνειδίζειν,
3578 5016 3676 5085 τῆς
3704 5018 3796 5068 αὐο

2241 5108 2340 5177 τῆς
2370 5103 2507 5163 εἶναι
2533 5107 2718 5175 νόμιζε
2746 5108 3074 5177 κουφότητος
3102 5108 3197 5161 καὶ
3227 5108 3639 5179 ἀπανθρωπίας.

2311 5200 2404 5254 σε’.
2473 5200 2680 5270 Ἀπάτη
2740 5200 2839 5269 μὲν
2880 5199 3157 5270 πανταχοῦ
3198 5198 3483 5263 ἀσθενείας
3527 5200 3798 5270 ὁμολογία.

2256 5296 2397 5350 Ἀλλ’
2429 5297 2478 5348 εί
2513 5294 2611 5365 μὲν
2637 5296 2694 5348 ἐν
2726 5294 2920 5365 φίλοις,
2950 5295 3118 5349 κακόν
3154 5313 3215 5349 τε
3239 5295 3485 5365 ἔσχατον,
3520 5296 3613 5350 καὶ
3641 5296 3801 5364 ὑπερ-

2245 5387 2549 5456 ϐαλλούσης
2589 5385 2890 5456 μοχθηρίας
2912 5401 2927 5415 ³
2967 5388 3017 5439 εί
3059 5386 3117 5440 δὲ
3155 5387 3292 5457 πρὸς
3320 5386 3548 5457 ἐχθροὺς
3582 5388 3669 5439 καὶ
3702 5403 3803 5438 πο-

2242 5477 2486 5547 λεμίους,
2539 5476 2705 5546 μηδὲν
2741 5476 2839 5545 μὲν
2887 5470 3221 5546 προειδότας,
3273 5478 3336 5532 οὐ
3377 5479 3569 5550 πόρρω
3608 5495 3802 5549 στρατ⁹

2248 5569 2435 5638 ηγίας.
2465 5567 2815 5637 Κοινολογίας
2848 5566 2906 5622 δὲ
2960 5568 3257 5639 γενομένης
3280 5611 3295 5636 ,
3340 5570 3433 5625 καὶ
3460 5571 3659 5641 ταύτην
3700 5571 3803 5623 οὐκ

1799 5699 2033 5757 VARUS
2094 5704 2498 5769 LECTIONES,
2533 5745 2551 5767 ,

648 5814 673 5852 δ
705 5813 831 5887 Leg.
876 5813 1189 5884 ἀπέχωνται
1231 5815 1268 5870 f.
1295 5815 1681 5887 ὴπείγρωνται.
