4044 6420
178 398 293 464 681

1354 393 1897 459 EPISTOLARUM
1933 393 2167 453 LIBER
2216 393 2268 454 Ι.

3324 387 3433 451 632

174 509 538 576 ἀθετοῦντας,
582 510 770 584 πόρρω
801 511 1078 583 ἀριστείας
1120 511 1217 565 καὶ
1256 511 1656 582 ἀνδραγαθίας·
1697 506 1756 561 δι’

1868 506 2243 573 foederatione,
2276 506 2319 560 si
2350 504 2419 559 ab
2467 504 2556 558 illa
2584 518 2690 557 non
2731 502 3064 557 abhorreant
3100 500 3435 567 adversarii,

172 609 210 661 ὃ
249 608 386 679 μηδὲ
415 609 543 671 τοὺς
569 608 924 671 πιπεύοντάς
965 624 1048 662 σοι
1080 608 1373 679 πολεμίους
1408 608 1591 678 ἀπάτῃ
1630 623 1758 676 μετ-

173 703 369 773 έρχου,
395 703 457 755 Εί
486 701 597 772 γὰρ
618 702 713 755 καὶ
737 701 1007 771 πολέμιοι,
1042 702 1156 756 ἀλλ’
1179 704 1328 772 ὅμως
1364 702 1517 755 οὐδὲν
1536 701 1757 754 ἔλαττον

171 792 441 847 ἀπατεὼν
474 794 570 846 καὶ
594 792 825 858 πλάνος,
868 794 897 845 ὁ
926 795 1051 857 τοὺς
1081 795 1515 857 πεπιστευκότας
1546 794 1754 858 ἑξαπα-

170 886 377 955 τήσας.

249 1059 360 1125 ος·’.
395 1060 671 1130 Προδὸτην
700 1058 777 1121 ὡς
796 1061 866 1114 τὰ
890 1061 1062 1115 πολλά
1098 1063 1149 1116 οἱ
1174 1062 1451 1135 ἄνθρωποι
1481 1065 1757 1136 προδιδόν-

174 1169 251 1206 τα
278 1152 378 1221 μὲν
410 1152 645 1221 φιλοῦσι,
672 1153 1048 1223 προδεδωκότα
1069 1153 1127 1207 δὲ
1167 1155 1401 1223 μισοῦσι.
1436 1156 1508 1210 Σὺ
1542 1157 1602 1210 δὲ
1633 1160 1757 1209 ἔπι-

178 1244 399 1309 σκόπει,
426 1244 529 1298 κᾶν
566 1245 665 1315 μὲν
684 1245 1089 1310 ὲπιὸουλευθεὶς
1121 1246 1225 1300 ὑπὸ
1265 1247 1377 1300 τῶν
1417 1248 1633 1302 οίκείων
1660 1248 1755 1302 καὶ

176 1334 437 1404 χαλεπῶν
459 1334 648 1387 παθῶν
677 1335 791 1406 (51)
819 1334 1154 1407 προῦδωκεν,
1177 1337 1277 1390 οὐκ
1298 1336 1616 1391 ἀνέλπιστόν
1638 1338 1754 1390 ἐστι

176 1426 337 1496 φίλον
370 1428 462 1480 καὶ
493 1428 657 1481 καλὸν
685 1429 937 1496 γενέσθαι
959 1443 975 1457 ⁸
1006 1429 1073 1483 ἂν
1104 1430 1163 1482 δὲ
1198 1431 1383 1501 μηδὲν,
1430 1432 1525 1484 καὶ
1554 1430 1751 1484 σαυτοῦ

180 1521 350 1591 μηδὲν
372 1521 591 1576 ἔλαττον
613 1522 801 1592 νόμιζε
832 1522 1113 1593 προδότην.
1145 1522 1219 1575 Τὸ
1247 1524 1347 1593 μὲν
1376 1523 1487 1595 γὰρ
1517 1524 1753 1595 ἀμείψα-

178 1611 305 1665 σθαι
337 1616 527 1675 κακοῖς
573 1615 700 1676 τοὺς
731 1612 1124 1684 λελυπηκότας,
1161 1616 1501 1687 ἀνθρώπινον
1544 1617 1750 1681 πάθος·

179 1705 239 1757 τὸ
264 1704 325 1759 δὲ
354 1705 686 1777 τηλικαύτης
712 1706 876 1779 ἄρξαι
905 1707 1267 1780 κακουργίας,
1289 1709 1511 1764 ἀνιάτου
1547 1710 1752 1780 μοχθη-

180 1794 323 1867 ρίας.

248 2058 346 2125 οξ.
379 2058 592 2130 Χρυσὸς
625 2059 842 2113 ἅπαντα
871 2058 941 2111 τά
990 2058 1309 2130 ἀνθρώπινα
1362 2060 1603 2131 στρέφει.
1653 2062 1759 2113 Φύ-

178 2165 341 2205 Ααττε
364 2151 655 2221 τοιγαροῦν
700 2151 763 2204 τὸ
806 2151 907 2220 τῆς
936 2151 1197 2221 πατρίδος
1252 2152 1572 2221 ἁνύῦριστον
1599 2152 1718 2216 ἔθος
1740 2167 1754 2182 ⁸

178 2243 455 2314 ἄχρηστον
484 2244 579 2296 καὶ
600 2244 836 2313 νομίζων
860 2246 955 2297 καὶ
984 2245 1151 2298 πᾶσιν
1179 2243 1505 2309 ἐπιδεικνὺς,
1532 2244 1625 2299 τὸν
1646 2246 1759 2309 τοῖς
1792 2288 1797 2297 .

179 2336 426 2406 φιλοῦσιν
460 2336 678 2406 ἰσχυρὸν
706 2335 1013 2400 ἐπίϐουλον,
1045 2335 1266 2407 χρυσόν.

252 2521 358 2585 οη¹.
391 2517 482 2567 Δεῖ
507 2513 575 2568 τὰ
607 2514 707 2585 μὲν
735 2514 845 2568 ἴδια
872 2514 1255 2584 συμπίπτοντα
1295 2515 1631 2586 εὐχαρίστως
1666 2517 1761 2570 καὶ

181 2607 450 2676 γενναίως
468 2606 653 2675 φέρειν
676 2622 693 2639 ο
721 2606 792 2660 τά
817 2606 877 2663 δὲ
902 2606 1011 2665 τῶν
1038 2606 1318 2676 ὑπηκόων,
1351 2608 1651 2677 συμπαθῶς
1668 2609 1763 2662 καὶ

182 2699 286 2752 οὐκ
337 2699 673 2767 ἀναλγήτως.
709 2697 783 2751 Τὸ
841 2698 940 2767 μὲν
972 2698 1081 2769 γάρ
1115 2698 1413 2771 καρτερίας
1441 2700 1535 2754 καὶ
1565 2701 1763 2771 φρονή-

188 2808 361 2859 ματος
386 2790 627 2860 ἀνδρείου
652 2805 667 2819 ·
722 2790 785 2843 τὸ
824 2790 882 2844 δὲ
937 2791 1229 2861 ὀλιγωρίας
1265 2790 1374 2862 (52)
1409 2792 1503 2844 καὶ
1546 2792 1763 2857 ἀνάξιον

184 2881 422 2954 ἀρχικῆς
444 2882 700 2952 προνοίας
730 2882 823 2935 καὶ
850 2882 1191 2947 ἐπιστασίας.

252 3060 362 3117 σθ’.
406 3059 665 3131 Ἐχθροὺς
691 3059 1001 3131 ὁμοφύλους
1034 3059 1150 3131 (55)
1185 3060 1262 3133 μὴ
1289 3062 1621 3132 ἀμύνασθαι,
1648 3062 1764 3118 ἐστι

1861 618 1891 655 a
1944 600 2263 655 fortitudine
2322 608 2379 653 et
2436 597 2704 668 probitate
2756 595 2994 649 alienum
3036 603 3142 655 est.
3191 594 3439 650 fraudem

1862 696 2147 750 adhibere.
2177 692 2442 759 Quocirca
2486 691 2579 760 qui
2616 690 2775 743 ﬁdem
2812 688 2908 743 tibi
2946 688 3263 753 adhibeant,
3301 703 3369 741 ne
3395 689 3441 742 si

1858 789 1971 842 sint
2030 790 2236 852 hostes,
2288 786 2398 840 noli
2451 783 2850 839 circumvenire
2898 798 2913 836 :
2966 790 3246 851 utcunque
3292 780 3442 835 enim

1861 880 2049 934 hostes
2098 886 2260 940 sunt,
2297 878 2344 932 is
2375 886 2485 931 tam
2503 890 2571 929 en
2620 875 2712 945 qui
2753 874 2915 929 ﬁdem
2951 874 3057 929 sibi
3092 875 3442 929 adhibentem

1859 972 2035 1037 fallit,
2073 972 2333 1040 deceptor
2361 978 2443 1024 est
2470 976 2526 1023 et
2560 967 2753 1038 planus
2780 967 2959 1036 plane.

1929 1063 2017 1118 76.
2060 1062 2400 1119 Proditorem
2459 1060 2588 1117 dum
2638 1058 2818 1131 prodit
2876 1057 3196 1130 plerumque
3254 1069 3440 1114 amant

1856 1156 2159 1222 mortales;
2198 1156 2291 1209 ubi
2330 1163 2513 1210 autem
2550 1151 2869 1223 prodiderit,
2914 1151 3039 1205 odio
3090 1150 3313 1205 habent.
3358 1151 3439 1204 Tu

1862 1257 2045 1303 autem
2078 1246 2312 1316 inquire,
2344 1262 2412 1300 an
2440 1245 2655 1299 insidiis
2683 1244 2730 1297 is
2773 1244 2979 1313 petitus
3007 1251 3062 1297 et
3100 1243 3432 1298 circumven-

1855 1348 1945 1395 tus
1981 1355 2012 1394 a
2036 1340 2150 1395 suis
2172 1338 2480 1394 intrinsecis
2503 1346 2557 1392 et
2582 1336 2898 1407 urgentibus
2926 1335 3288 1406 passionibus,
3314 1350 3446 1405 pro-

1856 1431 2000 1485 ditor
2026 1430 2318 1485 exstiterit.
2368 1428 2423 1484 Si
2449 1428 2596 1484 enim
2638 1428 2712 1481 ita
2728 1427 2819 1490 sit,
2864 1443 2973 1481 non
3028 1435 3114 1481 est
3145 1427 3444 1495 desperan-

1860 1524 1989 1579 dum
2030 1523 2165 1593 quin
2197 1524 2279 1577 vir
2296 1523 2499 1592 probus
2545 1531 2602 1577 et
2639 1522 2901 1577 honestus
2930 1520 3193 1576 exsistere
3227 1520 3441 1590 possit:

1853 1616 1997 1686 quod
2037 1614 2081 1670 si
2110 1615 2242 1669 nihil
2266 1615 2470 1678 talesit,
2494 1627 2620 1667 eum
2640 1621 2695 1668 et
2730 1611 2808 1666 tui
2833 1611 3165 1682 proditorem
3198 1610 3442 1664 futurum

1854 1707 2138 1762 arbitrare.
2172 1706 2267 1761 Est
2296 1706 2445 1760 enim
2474 1705 2798 1770 humanum,
2831 1718 2926 1758 eos
2951 1703 3045 1772 qui
3094 1702 3253 1758 nobis
3296 1703 3445 1773 inju-

1857 1801 1986 1856 riosi
2030 1799 2340 1854 exstiterint
2367 1797 2504 1852 velle
2538 1795 2775 1851 ulcicisci
2803 1812 2820 1862 ;
2858 1797 2951 1850 sed
2983 1795 3101 1850 sine
3134 1810 3297 1849 causa
3328 1811 3443 1850 rem

1856 1903 1963 1948 tam
1988 1893 2209 1962 impiam
2240 1890 2498 1955 exordiri,
2564 1887 2881 1943 insanabilis
2915 1887 3199 1957 cujusdam
3229 1896 3313 1943 est
3343 1888 3445 1941 im-

1857 1984 2163 2055 probitatis.

1931 2078 2019 2131 77.
2051 2076 2260 2132 Aurum
2307 2089 2523 2145 quaqua
2568 2088 2788 2129 versum
2837 2088 2926 2128 res
2960 2073 3229 2127 humanas
3269 2073 3440 2128 ducit.

1857 2170 2119 2237 Quocirca
2148 2183 2328 2223 mores
2343 2169 2551 2237 patrios
2574 2166 2876 2236 inculpatos
2902 2168 3132 2221 observa
3164 2182 3304 2221 :nec
3334 2181 3443 2220 non

1859 2264 1916 2319 id
1944 2280 2062 2335 age.
2104 2271 2368 2317 utomnes
2401 2260 2622 2315 videant
2647 2269 2700 2314 et
2730 2260 3030 2329 intelligant
3053 2275 3268 2323 aurum,
3300 2275 3444 2328 pra?-

1858 2362 2141 2429 potentem
2174 2354 2327 2408 illum
2371 2352 2767 2417 insidiatorem,
2816 2351 2953 2405 nihil
2987 2351 3131 2421 apud
3160 2361 3214 2405 te
3259 2366 3440 2421 posse,

1862 2456 2053 2502 contra
2077 2438 2304 2501 amic'os.

1932 2538 2021 2594 78.
2062 2538 2195 2605 Quae
2254 2538 2352 2595 tibi
2384 2538 2485 2607 ipsi
2514 2535 2834 2596 acciderint.
2873 2534 2996 2590 forti
3024 2543 3079 2589 et
3125 2542 3277 2605 grato
3313 2548 3441 2602 erga

1861 2630 2034 2685 Deum
2065 2630 2248 2685 animo
2279 2629 2511 2684 tolerare
2538 2627 2696 2681 decet
2732 2642 2746 2679 :
2776 2625 3021 2680 subditos
3040 2634 3220 2678 autem
3244 2622 3441 2693 siquid

1862 2722 2003 2776 male
2038 2720 2307 2783 habuerit,
2332 2719 2441 2773 noli
2481 2733 2602 2778 esse
2632 2718 2747 2771 sine
2779 2732 2967 2779 sensu,
3016 2716 3111 2769 sed
3145 2730 3268 2769 cum
3292 2730 3443 2768 eom-

1863 2814 2119 2883 passione
2157 2828 2265 2866 una
2295 2826 2419 2865 cum
2465 2810 2571 2863 illis
2600 2809 2850 2863 tolerato.
2907 2806 3043 2861 Illud
3097 2807 3241 2861 enim
3304 2805 3445 2858 tole-

1864 2905 2055 2960 rantiae
2107 2913 2162 2959 et
2210 2903 2377 2958 animi
2433 2902 2592 2957 l’ortis
2632 2910 2714 2956 est
2744 2918 2759 2955 :
2787 2900 2892 2955 hoc
2930 2899 3199 2954 incuriam
3241 2898 3438 2969 arguit,

1865 3014 1969 3055 nec
1996 2998 2218 3068 dignum
2248 3005 2333 3051 est
2359 2995 2707 3066 imperatoria
2742 3008 2873 3048 cura
2911 3002 2966 3047 et
3000 2991 3366 3062 providentia.

1936 3091 2026 3146 79.
2077 3090 2186 3144 Lex
2210 3088 2395 3143 divina
2444 3096 2499 3142 et
2529 3102 2653 3157 erga
2686 3085 2936 3140 homines
2992 3082 3232 3138 Charitas
3263 3081 3441 3152 jubet,

186 3155 284 3226 μὲν
306 3153 451 3216 θεῖος
481 3152 576 3205 καὶ
600 3150 981 3222 φιλάνθρωπος
1026 3152 1212 3223 νόμος,
1258 3152 1374 3207 εστι
1405 3154 1462 3207 δὲ
1494 3156 1589 3208 καὶ
1619 3155 1753 3208 πολὺ

1859 3191 2267 3251 utcongeneres
2299 3177 2456 3231 nobis
2484 3189 2741 3245 tanquam
2762 3176 2949 3229 hostes
2976 3187 3049 3227 ne
3076 3171 3439 3227 uleiscamur:

181 3245 242 3300 τὸ
276 3246 551 3317 χρήσιμον
586 3244 647 3297 ὲν
688 3243 868 3307 αὐτοῖς
912 3246 1025 3307 τοῖς
1072 3244 1362 3316 πράγμασι
1410 3246 1696 3316 παρέχων’
1727 3248 1756 3299 ό

185 3336 283 3407 μὲν
318 3336 427 3405 γὰρ
452 3333 795 3404 ἀμυνόμενος
818 3333 931 3405 ἔχει
961 3334 1125 3388 πάλιν
1141 3334 1522 3407 χαλεπώτερον
1545 3337 1756 3408 ἐχθρὸν,

178 3426 210 3479 ὁ
238 3426 299 3479 δὲ
328 3422 635 3494 εὐεργετῶν
658 3425 690 3494 ἢ
718 3424 871 3494 φίλον
902 3424 1316 3495 παρεσκεύασεν
1336 3426 1458 3480 ἀντὶ
1479 3426 1695 3498 ἐχθροῦ,
1722 3429 1757 3499 ἢ

181 3520 403 3583 πάντως
430 3518 733 3589 πραότερον
763 3517 975 3588 ἐχθρόν.

249 3702 328 3748 π’.
362 3694 547 3765 Μηδὲν
577 3688 653 3747 ὧν
703 3694 885 3758 ἄλλοις
917 3693 1089 3763 ἔγνως
1141 3695 1522 3763 ἐπαγγέλλειν,
1566 3698 1758 3767 φαίνου

182 3788 558 3861 παραϐαίνων.
592 3788 657 3841 Ἦ
682 3787 792 3859 γὰρ
822 3788 879 3841 ἐν
902 3804 1011 3841 τισι
1032 3788 1350 3859 ψευδολογία
1371 3790 1464 3845 τὸν
1498 3790 1618 3846 ὅλον
1638 3792 1762 3863 τρό-

182 3898 285 3935 πον
331 3880 559 3933 ἄπιστον
616 3879 872 3933 δεικνύει.
904 3880 1016 3934 Καὶ
1051 3884 1164 3945 τοῖς
1212 3881 1616 3952 διαψευσθεῖσιν
1658 3885 1760 3938 οὐκ

180 3972 331 4026 ἐστιν
396 3970 625 4041 αίσχύνη
666 3971 742 4043 μὴ
798 3971 1124 4041 ἀμείϐεσθαι
1163 3976 1279 4036 τοῖς
1321 3975 1546 4044 ὁμοίοις.
1583 3977 1757 4031 Παντὶ

181 4064 283 4134 μὲν
313 4061 406 4115 οῦν
426 4061 699 4133 ἀνθρώπῳ
730 4061 818 4114 διὰ
850 4062 1008 4116 τοῦτο
1030 4064 1292 4133 φευκτέον
1323 4065 1385 4118 τὸ
1404 4064 1616 4135 ψεῦδος,
1648 4066 1757 4137 μά-

181 4156 342 4208 λιστα
370 4154 428 4208 δὲ
477 4156 588 4218 τοῖς
645 4155 703 4205 ἐν
746 4154 1057 4225 δυναστείᾳ.
1091 4156 1216 4219 Τοῖς
1268 4157 1369 4227 μὲν
1420 4156 1529 4228 γὰρ
1575 4158 1755 4222 ἄλλοις

178 4246 294 4299 ἐσθ’
318 4245 409 4299 ὅτε
444 4245 654 4315 γίνεται
700 4244 986 4313 ἀπολογία,
1018 4248 1051 4312 ή
1081 4246 1350 4317 ἀδυναμία
1369 4264 1384 4279 ο
1432 4252 1545 4312 τοῖς
1572 4249 1629 4302 δὲ
1657 4251 1756 4303 οὐκ

180 4343 297 4395 ἔστι
335 4339 626 4410 καταφυγὴ
666 4340 740 4410 μὴ
766 4339 889 4410 οὐχὶ
920 4339 1085 4392 παντὶ
1110 4340 1296 4411 τρόπῳ
1322 4340 1631 4413 μοχθηροὺς
1657 4342 1757 4407 τὰς

178 4433 411 4505 γνώμας
435 4432 779 4504 ἐλεγχθῆναι.

250 4630 366 4687 παῖ.
401 4630 513 4694 Τὰς
552 4630 693 4702 μετά
747 4630 1109 4701 σφοδρότητος
1134 4629 1457 4701 ὑποσχέσεις
1504 4633 1755 4691 εὐλαϐεί-

180 4722 305 4777 σθαι
336 4724 463 4794 χρή.
496 4725 620 4776 Εἴτε
650 4724 758 4795 γάρ
794 4724 1121 4796 παράσχοις,
1166 4723 1265 4793 τὴν
1307 4724 1569 4796 πλείστην
1624 4747 1758 4799 προ.

176 4816 399 4886 ἀφεῖλες
423 4816 582 4886 χάριν
610 4818 676 4886 τῇ
709 4816 1032 4887 σφοδρότητι
1062 4815 1163 4886 τῆς
1185 4816 1533 4885 ἐπαγγελίας,
1552 4820 1756 4892 ταύτην

1862 3272 1958 3328 sed
1987 3279 2042 3325 et
2066 3284 2261 3339 magna
2289 3267 2487 3322 exinde
2518 3267 2683 3320 rebus
2724 3264 2928 3320 nostris
2959 3263 3164 3317 utilitas
3191 3274 3443 3315 accessu-

1861 3380 1921 3419 ra
1971 3373 2076 3417 est.
2130 3361 2265 3415 Nam
2289 3360 2333 3415 si
2385 3359 2679 3414 vindictam
2740 3357 3065 3426 sumpseris,
3140 3354 3263 3423 plus
3294 3354 3349 3407 in
3386 3362 3442 3407 te

1861 3456 2074 3510 hostem
2102 3451 2439 3515 irritaveris;
2470 3465 2594 3503 cum
2627 3447 2718 3517 qui
2754 3446 3022 3501 beneﬁcio
3077 3443 3293 3510 alliciet,
3352 3441 3441 3497 vel

1863 3561 1962 3617 pro
1993 3545 2150 3599 hoste
2173 3543 2413 3597 amicum
2453 3540 2769 3605 reddiderit,
2805 3549 2898 3594 aut
2927 3538 3119 3593 saltem
3139 3537 3436 3593 modestio-

1862 3648 1975 3688 rem
2008 3633 2239 3686 hostem.

1932 3725 2020 3781 80.
2064 3723 2120 3779 Si
2148 3723 2275 3793 quid
2306 3722 2429 3777 aliis
2454 3721 2789 3792 promiseris,
2815 3736 2888 3775 nc
2908 3720 3141 3776 videaris
3168 3720 3306 3776 velle
3326 3735 3440 3775 non

1862 3818 2112 3888 implere.
2150 3815 2307 3883 Quod
2338 3816 2383 3869 si
2430 3814 2578 3868 enim
2630 3812 2830 3868 infidus
2864 3813 2953 3868 vel
3023 3814 3078 3867 in
3108 3812 3438 3882 quibusdam

1863 3908 2176 3979 reperiaris,
2208 3908 2265 3962 in
2305 3908 2623 3962 universum
2652 3904 2762 3959 tuis
2810 3904 3056 3959 moribus
3098 3903 3439 3959 dilﬁderei‘a-

1862 4001 1976 4056 cies
2004 4001 2144 4055 alios
2176 4016 2190 4054 :
2223 4009 2280 4055 et
2323 4015 2461 4070 quos
2491 4000 2570 4054 sic
2613 3998 2739 4054 fuco
2768 3998 2907 4053 facto
2956 3998 3211 4063 illuseris,
3243 3997 3309 4052 ad
3342 4013 3439 4068 par

1861 4095 1979 4165 pari
2024 4093 2370 4149 referendum
2406 4093 2661 4148 armabis.
2721 4091 2988 4159 Quocirca
3050 4092 3206 4147 decet
3248 4106 3439 4147 omnes

1862 4187 2206 4242 mendacium
2243 4187 2434 4250 vitare,
2493 4186 2797 4255 praesertim
2852 4200 2983 4240 vero
3034 4186 3124 4254 qui
3167 4201 3291 4239 cum
3337 4202 3438 4255 po-

1866 4286 2068 4332 testate
2100 4287 2248 4333 sunt.
2289 4278 2391 4331 Alii
2420 4277 2566 4330 enim
2610 4292 2670 4331 se
2700 4277 2768 4331 ab
2801 4277 3144 4346 impossibili,
3197 4276 3283 4331 vel
3332 4277 3438 4330 alio

1866 4370 2061 4438 quovis
2079 4370 2261 4433 modo,
2295 4369 2677 4423 excusabant:
2716 4367 2989 4437 principes
3027 4378 3204 4425 autem
3242 4378 3437 4423 natura

1864 4461 2006 4514 mala
2063 4460 2273 4530 praediti
2327 4475 2450 4514 esse
2489 4459 2966 4525 existimabuntur,
2996 4474 3098 4514 nec
3136 4461 3439 4515 remanebit

1790 4526 1834 4583 D
1863 4553 1966 4606 alia
1996 4552 2125 4622 ipsis
2156 4552 2450 4606 excusatio.

1935 4644 2024 4698 81.
2068 4642 2473 4699 Vehementiori
2519 4659 2640 4699 cum
2668 4644 3066 4699 asseveratione
3096 4642 3204 4696 noli
3234 4642 3433 4710 aliquid

1865 4736 2132 4807 polliceri.
2185 4736 2243 4790 Si
2302 4737 2447 4791 enim
2500 4737 2716 4791 steteris
2762 4736 3061 4805 promissis,
3136 4734 3433 4803 plurimum

1865 4828 2100 4882 decessit
2128 4828 2196 4882 de
2238 4829 2562 4899 gratitudine
2596 4845 2691 4899 per
2730 4829 2873 4883 illam
2906 4828 3284 4881 vehementem
3316 4824 3433 4894 pol-

1690 4956 1927 5017 NOTAE.

251 5070 369 5141 (3i)
428 5066 719 5141 Χαλεπῶν
767 5065 993 5141 παρῶν.
1042 5066 1103 5120 In
1148 5064 1394 5141 margine
1437 5076 1757 5141 annotatum

176 5136 321 5204 erat,
351 5136 568 5193 Vnescio
606 5153 672 5189 an
724 5152 754 5190 e
810 5136 962 5207 libris
1008 5145 1101 5191 aut
1151 5138 1487 5205 conjectura,
1521 5138 1753 5207 χαλεπά,

180 5214 289 5267 hoc
317 5210 482 5264 modo
501 5249 515 5273 ,
550 5206 955 5265 ἐπιϐουλευθεὶς
997 5207 1101 5259 ὑπὸ
1133 5208 1240 5260 τῶν
1268 5208 1505 5270 οἰκείων,
1524 5206 1630 5259 καὶ
1652 5226 1755 5277 χα-

178 5282 324 5337 λεπὰ
352 5277 543 5334 παθὼν
578 5277 914 5349 προύδωκεν,
964 5278 1059 5331 sed
1090 5277 1331 5349 omnino
1352 5276 1755 5349 maleLLegen-

180 5355 313 5407 dum
342 5360 431 5405 est
471 5358 530 5403 ut
558 5348 828 5402 edidimus
870 5356 939 5417 et
967 5347 1249 5401 vertimus.
1296 5347 1435 5401 Ibid.
1492 5347 1757 5417 Πατρίδος

180 5424 320 5486 ἕδος.
369 5420 505 5475 Nam
546 5417 791 5489 Bulgari,
825 5425 883 5470 ut
929 5416 1143 5489 barbari
1175 5417 1418 5489 plerique
1455 5416 1664 5489 omnes,
1694 5427 1756 5489 et

178 5493 390 5549 nostris
416 5490 751 5560 temporibus
777 5502 953 5560 nuper
976 5488 1585 5560 inventioccidenlales
1610 5488 1748 5550 Indi,

179 5579 378 5619 aurum
398 5577 507 5616 non
530 5557 813 5621 curabant,
838 5559 898 5609 τὸ
915 5559 1140 5626 ἀρχαῖον
1163 5557 1281 5619 ἔθος
1308 5574 1486 5611 aure-.e
1509 5558 1675 5619 illius,
1699 5567 1755 5611 et

181 5636 444 5702 antiquze,
476 5647 538 5683 ac
569 5630 828 5702 fabulosa:
856 5628 1053 5702 artatis,
1101 5634 1160 5678 ut
1188 5627 1241 5680 in
1265 5628 1543 5702 plerisque
1581 5627 1752 5681 illiba-

183 5698 722 5758 tum-custodientes.
756 5698 943 5765 Itaque
974 5698 1026 5749 in
1065 5712 1195 5765 pace
1229 5698 1547 5765 plerumque
1576 5707 1749 5750 erant.

182 5772 574 5843 X9ucb;_enim
595 5771 817 5843 ditatem
836 5768 904 5819 τὰ
931 5766 1248 5836 ἀνθρώπινα
1280 5769 1519 5837 στρέφει.
1550 5766 1751 5823 Tibull.

184 5836 305 5899 Lib.
337 5858 377 5899 ι.
406 5841 554 5909 Eleg.
587 5836 673 5895 lO.

499 5942 766 6003 Pamon.
804 5941 914 6001 Gn.
943 5940 1064 6003 CII.

1938 5073 2126 5145 Diuitis
2151 5077 2245 5129 hoc
2282 5077 2460 5129 silium
2495 5085 2571 5129 est
2605 5073 2752 5137 auri;
2786 5090 2877 5145 nec
2899 5073 3034 5127 bella
3060 5075 3274 5145 fuerunt

2006 5144 2245 5215 Faginus
2268 5146 2476 5199 astabat
2505 5162 2620 5197 cum
2652 5144 2872 5212 scyphus
2896 5153 3017 5197 ante
3044 5144 3206 5213 dapes
3235 5162 3255 5199 .'

1934 5213 2055 5267 Non
2087 5213 2247 5276 acies,
2280 5232 2380 5267 non
2402 5215 2571 5268 vallus
2602 5224 2735 5274 erat,
2767 5230 3107 5284 somnumgue
3137 5215 3343 5283 petebat

2007 5284 2232 5339 Securus
2253 5288 2431 5339 varias
2456 5287 2561 5337 dux
2589 5284 2756 5355 gregis
2786 5284 2922 5335 inter
2944 5300 3079 5338 oves.

1937 5422 2049 5493 ('59.)
2087 5423 2155 5477 Τὸ
2191 5423 2258 5476 δὲ
2310 5421 2810 5493 ὀλιγωρίαςηῐῐηο
2842 5437 2950 5475 non
2992 5430 3076 5475 est
3126 5421 3431 5491 συμπαθῶς

1853 5493 2062 5563 φέρειν,
2090 5494 2183 5547 sed
2221 5495 2559 5562 ἀναλγήτως.
2597 5492 2679 5546 Ad
2708 5492 2839 5546 illud
2869 5507 3019 5563 ergo,
3051 5506 3159 5545 non
3183 5493 3249 5546 ad
3274 5494 3425 5560 prius

1854 5564 2139 5618 referenda
2171 5564 2444 5623 ἀπόδοσις.

1926 5636 2037 5703 (55)
2094 5633 2377 5701 Ἐχθροὺς
2394 5633 2761 5700 ὁμοφύλους.
2792 5634 2905 5689 Iioc
2935 5648 3121 5703 verum
3155 5641 3258 5685 est.
3289 5631 3426 5685 Nam

1852 5700 2040 5772 ἐχθροὶ
2074 5700 2202 5755 sunt
2233 5703 2514 5766 homines;
2563 5719 2693 5774 ergo
2728 5705 3007 5771 ὁμόφυλοι.
3042 5700 3298 5771 Legerem
3346 5714 3427 5754 ta-

1854 5790 1978 5827 men
2014 5774 2270 5836 libenter,
2301 5774 2376 5835 ὼς
2405 5772 2731 5842 ὁμοφύλους,
2769 5774 2871 5828 hoc
2901 5782 3006 5838 est,
3038 5782 3292 5838 tanquam
3327 5773 3424 5825 do-

1857 5845 2111 5907 meslicos,
2143 5860 2266 5897 nam
2294 5843 2343 5897 id
2381 5843 2559 5897 divina
2592 5844 2673 5898 lex
2702 5846 2961 5914 praecipit.

3106 5937 3185 5994 22
