4044 6406
628 366 743 427 683

1769 365 2031 426 ΡΠΟΤΙΙ
2069 364 2573 429 I’ATRIARCHJE
2610 370 2719 431 (ΣΡ.

3796 377 3909 442 684

625 473 986 531 licitationem
1021 480 1167 528 tuam
1195 491 1210 535 ;
1242 487 1368 528 nam
1393 473 1733 543 dispertitam
1767 476 1837 530 ab
1869 475 2025 531 initio
2046 484 2196 545 atquc

2312 482 2797 551 προκαταμερίσας
2826 483 2921 534 καὶ
2950 484 3030 545 είς
3056 483 3150 536 δύο
3181 484 3279 555 τὴν
3305 485 3436 555 μίαν
3465 487 3677 557 δωρεὰν
3714 506 3905 545 κατα-

624 569 705 623 ita
765 566 1100 622 deminutam
1152 567 1296 621 illam
1360 567 1587 637 gratiam
1626 566 1949 623 reddidisti:
1979 568 2126 638 quod
2159 566 2205 622 si

626 675 742 712 non
777 658 1012 722 steteris,
1042 656 1331 726 dupliciter
1360 656 1485 710 inde
1514 657 1970 712 verecundaheris
1997 672 2098 712 :eo
2120 657 2207 712 ni-

626 751 829 804 mirum
854 749 1073 803 nomine
1098 748 1243 817 quod
1286 758 1394 802 tam
1423 756 1745 803 attestanter
1778 749 2126 819 promiseris,
2151 757 2207 804 et

626 857 698 897 eo
714 841 857 911 quod
885 840 1022 894 nihil
1069 839 1386 909 praestiteris
1440 856 1627 895 eorum
1676 855 1798 910 quae
1831 841 2155 910 pollicebare
2186 858 2200 895 :

630 942 793 1002 atque
830 931 903 985 ita
936 945 1035 1000 pro
1080 931 1258 985 amico
1306 931 1580 987 videberis
1639 931 1918 996 inimicus,
1957 947 2024 988 eo
2058 933 2204 1002 quod

624 1026 698 1081 de
722 1040 817 1096 spe
844 1024 1083 1094 dejectos
1103 1024 1350 1079 cluseris.
1384 1025 1597 1095 Alioqui
1624 1034 1835 1080 certum
1864 1034 1948 1080 est
1973 1026 2205 1095 promis-

626 1132 687 1171 sa
718 1127 824 1171 tam
858 1115 1093 1171 violenta
1146 1124 1201 1170 et
1228 1116 1596 1171 asseverantia
1630 1116 1749 1172 illos
1782 1119 1975 1172 decere
2005 1117 2203 1187 quibus

628 1206 762 1261 ﬁdes
785 1205 928 1261 haud
968 1206 1108 1261 bene
1141 1205 1465 1272 adhibetur;
1512 1217 1567 1260 et
1596 1214 1756 1278 certe
1773 1223 1882 1261 non
1923 1216 2033 1262 tam
2055 1208 2202 1264 indi-

620 1300 862 1370 gentiam
897 1315 1059 1368 quam
1083 1314 1269 1354 curam
1298 1308 1353 1353 et
1402 1300 1763 1369 patrocinium
1779 1307 2092 1369 susceptum
2118 1314 2202 1354 re-

625 1393 916 1461 darguunt.
985 1401 1039 1447 et
1068 1408 1134 1446 eo
1157 1392 1378 1446 nomine
1410 1392 1723 1446 referendas
1751 1392 1971 1463 gratias.

694 1483 784 1537 8‘2.
812 1482 998 1542 Gratia
1022 1483 1220 1553 dignus
1249 1490 1335 1535 est
1367 1483 1456 1551 qui
1499 1492 1750 1536 naturam
1785 1482 1971 1552 gratia:
2012 1490 2067 1536 ct
2094 1498 2195 1536 no-

622 1589 748 1629 men
780 1582 1098 1638 veneratur,
1158 1573 1359 1643 quique
1384 1589 1600 1627 omnem
1622 1574 2000 1641 cogitationem
2044 1588 2195 1628 suam

616 1665 899 1720 contendit
929 1666 1176 1720 conferre
1216 1674 1275 1719 ut
1306 1675 1619 1721 rcmuneret
1653 1684 1666 1719 :
1719 1666 1984 1721 beneﬁcio
2012 1676 2194 1721 autem

2315 572 2657 643 σμικρύνας·
2693 574 2803 627 εἴτε
2833 574 2908 645 μὴ
2954 578 3279 647 παράσχοις,
3332 578 3523 649 διπλῆν
3573 582 3905 652 ἀπὴνεγκας

2312 661 2411 732 τὴν
2435 663 2719 735 αἰσχύνην,
2741 665 2823 718 ὅτι
2848 682 2909 718 τε
2949 666 3194 737 σφοδρῶς
3228 669 3488 740 ὑπέσχου,
3519 672 3614 725 καὶ
3667 674 3755 726 ὃτι
3792 692 3904 745 μηο

2310 753 2400 807 ὁὲν
2426 747 2501 807 ὧν
2530 756 2768 826 ὑπέσχου
2809 759 3117 829 παρέσχεςο
3148 762 3241 814 καὶ
3257 762 3529 833 δυσμενὴς
3557 764 3749 835 ὤφθης
3772 768 3903 821 ἀντὶ

2311 845 2490 914 φίλου·
2530 847 2752 918 ἀφεῖλες
2785 849 2896 921 γὰρ
2936 851 2965 904 ὃ
2998 853 3276 923 παρέσχον
3304 856 3361 907 αί
3409 856 3643 921 ὲὶπίδες.
3680 860 3903 921 ’Δλλως

2309 955 2370 991 τε
2421 940 2477 993 δὲ
2510 942 2604 994 καὶ
2634 942 2690 995 αί
2724 943 2957 1014 σφοδραὶ
3010 946 3330 1015 ὑποσχέσεις
3353 949 3653 1019 ἀρμόζουσι
3684 954 3809 1015 τοῖς
3837 955 3898 1005 οὐ

2309 1031 2430 1085 λίαν
2459 1035 2871 1105 πιστευομένοις
2890 1050 2905 1065 ·
2937 1036 3219 1107 ἐλέγχουσι
3255 1040 3312 1093 δὲ
3340 1043 3435 1095 καὶ
3459 1043 3535 1107 ὡς
3558 1044 3619 1097 οὐ
3652 1045 3898 1116 κηδεμο-

2308 1122 2426 1187 νίας
2458 1122 2658 1192 μᾶλλον
2689 1124 2721 1196 ἢ
2755 1126 2942 1196 χρείας
2974 1128 3386 1201 ὑποτεινόμεναι
3415 1132 3594 1205 χάριν.

2376 1481 2486 1553 πβ⁹.
2524 1485 2710 1551 ’Ἄξιος
2738 1486 2977 1559 χαρίτων
3002 1487 3031 1539 ὁ
3056 1487 3447 1559 εὐλαϐούμενος
3465 1491 3641 1561 αὐτῆς
3664 1494 3765 1546 καὶ
3790 1496 3885 1562 τὴν

2304 1578 2466 1645 φύσιν
2503 1578 2596 1631 καὶ
2626 1581 3021 1651 προσηγορίαν,
3050 1583 3144 1635 καὶ
3176 1584 3251 1654 μὴ
3294 1586 3596 1655 παυόμενος
3648 1589 3884 1659 μελετᾷν

2303 1670 2407 1733 ἕως
2434 1671 2500 1725 ἂν
2528 1671 2738 1745 [αὐτὴν]
2775 1676 3152 1749 ἁνταποδώσῃ.
3186 1680 3395 1750 ’Ὥσπερ
3440 1681 3497 1733 δὲ
3539 1681 3765 1746 ἀνάξιος
3790 1701 3881 1751 χαι

623 1759 793 1815 -veluti
840 1760 1093 1830 indignus
1121 1768 1223 1821 est,
1261 1759 1352 1827 qui
1424 1759 1565 1813 bene
1617 1768 1917 1813 merentem
1950 1759 2195 1828 ingratiis

2304 1764 2490 1833 ρίτων,
2526 1768 2554 1818 ὀ
2580 1767 2874 1840 ἀχαριστίᾳ
2906 1769 3129 1841 γνώμης
3162 1772 3407 1842 ἀμείϐων
3434 1774 3528 1829 τὸν
3556 1775 3878 1846 εὐεργέτην.

623 1860 965 1917 remunerat;
996 1852 1068 1905 ita
1102 1860 1158 1905 et
1185 1852 1381 1921 dignus
1420 1860 1504 1906 est
1535 1851 1622 1905 cui
1671 1851 1999 1905 excellenter
2028 1851 2195 1905 bene-

2301 1858 2473 1921 οὕτως
2497 1860 2644 1926 ἄξιος
2666 1860 2761 1914 τοῦ
2785 1862 2883 1933 τῆς
2908 1864 3225 1933 εὐεργεσίας
3248 1866 3574 1937 ἀξιώματος,
3597 1870 3630 1921 ὁ
3657 1844 3881 1940 χαριζό-

626 1943 789 2010 liciat,
815 1943 907 2012 qui
938 1943 1078 1997 bene
1106 1942 1212 1997 illis
1243 1942 1437 1997 fecerit
1490 1958 1523 1997 a
1552 1941 1753 2013 quibus
1780 1943 2197 1999 retributionem

622 2049 729 2089 non
777 2032 1191 2103 exspectaverit.

692 2125 782 2181 85.
832 2126 909 2179 Ne
963 2124 1181 2195 quidem
1240 2124 1430 2180 amicis
1483 2132 1670 2180 contra
1721 2142 1936 2196 mquum
1994 2127 2197 2198 aliquid

617 2218 896 2289 elargitor.
950 2217 1086 2271 Nam
1117 2217 1161 2271 si
1189 2217 1439 2272 homines
1489 2218 1628 2272 bene
1678 2220 1868 2272 morati
1898 2220 2030 2284 sint,
2070 2220 2197 2275 odio

624 2319 677 2364 te
715 2309 994 2364 habebunt
1036 2309 1215 2378 potius
1262 2309 1405 2379 quod
1431 2310 1577 2380 leges
1608 2308 1914 2374 violavei’is,
1954 2326 2114 2380 quam
2129 2312 2199 2366 ob

622 2401 944 2456 beneﬁcium
976 2400 1230 2455 collatum
1263 2402 1727 2457 exosculabuntur
1762 2420 1775 2455 :
1812 2403 1857 2457 si
1904 2419 2033 2458 vero
2069 2402 2197 2458 mali

618 2490 749 2554 sint,
775 2490 978 2560 duplici
1013 2490 1298 2560 dispendio
1330 2492 1581 2546 allicieris
1616 2510 1629 2546 :
1677 2508 1801 2546 nam
1831 2501 1885 2547 et
1935 2494 2199 2563 improbis

619 2580 959 2645 benefecisti,
992 2591 1047 2636 et
1075 2582 1259 2637 odium
1306 2583 1447 2652 apud
1501 2583 1701 2653 probos
1742 2583 2036 2640 incurristi.
2091 2584 2198 2640 Sed

614 2684 897 2743 utcunque
942 2673 1030 2728 his
1063 2674 1327 2738 carueris,
1353 2674 1548 2745 gaudio
1588 2674 1803 2744 privato
1836 2684 1891 2730 et
1917 2675 2199 2744 temporali

618 2774 880 2820 mternum
902 2766 1250 2835 opprobrium
1285 2767 1627 2836 permutasti,
1650 2767 1797 2837 quod
1835 2768 2057 2823 stultum
2080 2768 2199 2838 pla-

620 2872 691 2913 ne
725 2866 893 2913 esset.

711 2950 799 3005 84.
848 2950 1045 3005 Gratia:
1118 2966 1214 3020 per
1287 2952 1832 3021 procrastinationcs,
1893 2962 2195 3024 temporum

2302 1968 2463 2021 μενος
2494 1954 2579 2022 ἐφ’
2606 1945 2650 2021 ᾧ
2686 1953 2761 2025 μὴ
2783 1954 3179 2009 ἀνταπολαϐεῖν
3208 1956 3306 2027 τὴν
3335 1958 3515 2029 χάριν.

2369 2137 2481 2200 πγ’.
2523 2133 2708 2202 Μηδὲν
2741 2135 3058 2206 παράνομον
3112 2137 3245 2208 μηδὲ
3280 2139 3454 2204 φίλοις
3494 2141 3744 2212 χαρίζου.
3784 2144 3878 2197 “Av

2260 2268 2263 2273 .
2301 2222 2399 2292 μὲν
2431 2223 2541 2294 γάρ
2570 2227 2833 2292 ἐπιεικεῖς
2878 2224 3000 2295 ὦσι,
3060 2232 3353 2302 μισήσουσι
3394 2234 3595 2302 μᾶλλον
3630 2253 3877 2306 παρανοο

2301 2312 2525 2383 μοῦντα,
2563 2317 2593 2385 ῆ
2632 2318 2918 2389 φιλήσουσι
2945 2322 3304 2393 χαριζόμενον
3326 2342 3342 2355 ο
3374 2325 3440 2378 ἂν
3469 2326 3526 2379 δὲ
3548 2326 3773 2395 φαῦλοι,
3798 2329 3874 2382 δι-

2298 2406 2438 2475 πλῆν
2459 2406 2662 2477 ζημίαν
2691 2410 3004 2481 ὑπέμεινες,
3036 2419 3238 2479 κακοὺς
3258 2417 3584 2488 εὐεργετῶν,
3615 2421 3714 2472 καὶ
3737 2422 3875 2488 ἀγα-

2299 2495 2412 2560 θοῖς
2443 2498 2908 2571 ἀπεχθανόμενος.
2961 2506 3069 2559 Καὶ
3102 2507 3271 2578 χωρὶς
3298 2507 3356 2561 δὲ
3401 2509 3607 2562 τούτων
3627 2549 3646 2572 ,
3685 2512 3874 2582 τέρψει

2298 2591 2621 2663 προσκαίρῳ
2652 2594 2747 2646 καὶ
2807 2595 3049 2667 ίδιωτικῇ
3095 2598 3264 2653 ἀΐδιον
3289 2600 3489 2665 ὄνειδος
3537 2601 3873 2667 ἀλλάξασθαι

2298 2684 2392 2737 καὶ
2432 2685 2629 2751 κοινὸν,
2658 2688 2902 2758 μεγάλης
2932 2690 3138 2755 ἀνοίας.

2368 2946 2470 3003 τπδ’.
2498 2950 2566 3001 Αἱ
2586 2960 2807 3022 χάριτες
2832 2958 2950 3019 ταῖς
2974 2958 3266 3026 ἀναϐολαῖς
3288 2966 3382 3017 καὶ
3411 2966 3761 3037 παρατάσεσι
3780 2972 3870 3025 τοῦ

620 3042 995 3107 extensiones,
1030 3043 1179 3097 velut
1226 3043 1292 3097 ad
1322 3054 1653 3102 senectutem
1684 3045 1972 3117 quamdam
2005 3046 2196 3103 dever-

2295 3038 2510 3109 χρόνου,
2533 3041 2827 3117 ὥσπεροείς
2852 3049 3029 3121 γῆρας
3056 3053 3330 3139 ἐλθοῦσαι,
3348 3058 3408 3110 τὸ
3436 3061 3641 3114 οίκεῑον
3672 3065 3871 3135 μαραί-

620 3142 831 3204 gentcs,
870 3134 1085 3206 propria
1103 3134 1460 3193 deﬂorescunt
1490 3139 1893 3208 pulchritudine
1923 3158 1937 3194 :
1968 3157 2197 3196 excusso

619 3225 821 3280 etenim
854 3228 1295 3297 promptitudiuis
1328 3229 1479 3296 ﬂore,
1512 3230 1741 3300 quicum
1773 3231 1988 3287 adesset
2012 3233 2195 3303 splen-

619 3313 804 3369 didam
830 3318 1115 3386 quamdam
1140 3329 1194 3373 et
1235 3319 1555 3376 immensam
1583 3322 2044 3392 pulchritudinem
2103 3341 2192 3381 re-

618 3408 1002 3476 praesentabat,
1035 3411 1183 3466 nullo
1208 3412 1369 3467 modo
1393 3428 1463 3469 ne
1479 3413 1546 3469 ad
1573 3414 1762 3468 horam
1791 3423 2023 3485 possunt
2041 3415 2191 3470 oble-

618 3507 790 3555 ctare.

686 3590 777 3645 85.
829 3590 1025 3647 Gratiae
1054 3592 1347 3648 dimidiata:
1377 3610 1721 3665 nequaquam
1774 3599 1959 3669 gratia:
2012 3608 2187 3653 sunt:

2296 3150 2477 3187 νονται
2505 3137 2697 3202 κάλλος
2715 3155 2733 3173 ο
2765 3141 2826 3194 τὸ
2854 3142 2962 3215 γὰρ
2987 3144 3146 3210 ἄνθος
3180 3137 3560 3207 ’ἀποϐαλοῦσαι
3596 3155 3699 3225 τῆς
3734 3175 3870 3224 προ-

2300 3225 2518 3296 θυμίας,
2544 3229 2663 3299 μεθ’
2681 3225 2749 3302 ἦς
2770 3233 3052 3304 ἀμήχανόν
3070 3255 3192 3292 τινα
3210 3242 3300 3293 καὶ
3321 3240 3585 3314 λαμπρὰν
3599 3246 3873 3301 ἐποιοῦντο

2292 3317 2392 3386 τὴν
2426 3318 2638 3390 τέρψιν,
2669 3323 2729 3375 οὐ
2762 3324 3021 3397 καθωρὰν
3058 3326 3076 3365 ι
3106 3330 3331 3401 φέρουσι
3376 3334 3478 3403 τὴν
3505 3335 3868 3410 εὐφροσύνην.

2364 3591 2469 3645 πε’.
2509 3593 2575 3644 Αἱ
2609 3594 2829 3666 χάριτες
2863 3598 3139 3667 ἡμιτελεῖς
3160 3601 3335 3667 οὖσαι,
3361 3606 3463 3659 οὐκ
3494 3606 3740 3662 ἐθέλουσι
3772 3612 3867 3681 χά-

617 3691 783 3737 erunt
826 3692 1032 3748 autem,
1093 3695 1485 3741 consummata:
1538 3688 1629 3741 ubi
1677 3689 1900 3743 fuerint.
1956 3690 2059 3755 Qui
2096 3707 2192 3759 per

2293 3702 2441 3755 ριτες
2466 3681 2638 3741 εἶναι·
2675 3690 2888 3745 ἔσονται
2916 3694 2994 3758 δὲ,
3022 3695 3241 3750 ἐπειδὰν
3271 3699 3862 3773 τετελειωμναιῶσιν·

616 3784 801 3845 partes
827 3777 1199 3831 tantummodo
1223 3779 1444 3847 gratiam
1470 3779 1615 3845 facit,
1644 3780 2009 3850 ipsummetse
2039 3784 2190 3838 dam-

2287 3777 2315 3828 ό
2360 3775 2417 3829 δὲ
2449 3777 2648 3843 ταύτας
2678 3780 2737 3846 ἐξ
2768 3783 3025 3852 ἡμισείας
3049 3789 3381 3856 κατατιθεὶς,
3410 3794 3607 3848 ἑαυτὸν
3630 3798 3867 3869 ἐξημίω-

616 3880 689 3919 no
709 3864 894 3931 allicit,
940 3881 1042 3921 nec
1086 3868 1374 3937 accipienti
1423 3870 1647 3940 gratiam
1686 3870 1857 3925 facit:
1887 3888 2011 3926 nam
2069 3874 2189 3944 plus

2292 3883 2371 3934 σε,
2393 3869 2488 3921 καὶ
2514 3870 2607 3923 τὸν
2648 3872 2880 3927 λαϐόντα
2915 3876 3014 3929 οὐκ
3046 3877 3333 3950 εὔφρανεν.
3377 3884 3438 3937 'O
3461 3886 3571 3957 γὰρ
3596 3864 3865 3959 ἡμίτομον

616 3955 706 4009 ille
730 3956 799 4010 de
825 3971 890 4011 eo
924 3957 1069 4025 quod
1096 3958 1436 4013 desideratur
1467 3960 1689 4028 dolebit,
1709 3978 1872 4031 quam
1916 3965 2190 4021 laetabitur

2292 3958 2383 4054 τὴν
2417 3962 2577 4034 χάριν
2606 3964 2944 4039 ἀπειληφὼς,
2980 3971 3078 4045 οὐχ
3110 3973 3251 4029 οὕτω
3279 3977 3355 4046 τῷ
3388 3955 3582 4048 ἡμίσει
3618 3955 3862 4054 εὐφραν-

615 4045 684 4100 de
709 4056 930 4115 accepta
950 4047 1229 4102 dimidiata
1254 4050 1506 4118 portione
1527 4093 1541 4109 .

686 4136 775 4192 86.
810 4137 913 4204 Qui
940 4140 1165 4210 gratiam
1199 4143 1358 4197 alicui
1411 4145 1608 4200 factam
1654 4150 1962 4219 exprobrat,
1997 4152 2186 4209 similis

615 4238 702 4283 est
721 4228 916 4285 colono
943 4231 1035 4301 qui
1086 4232 1321 4288 libenter
1362 4237 1614 4303 seminat,
1662 4240 1755 4294 sed
1794 4247 1993 4311 porcos
2024 4253 2080 4297 et
2106 4242 2185 4298 fe-

2286 4051 2532 4122 θὴσεται,
2562 4058 2639 4120 ὡς
2675 4060 2815 4132 ὑπὲρ
2835 4062 2929 4116 τοῦ
2963 4064 3337 4137 ἅφαιρέματος
3362 4070 3665 4128 ἀνιάσεται.

2356 4149 2473 4213 σις’.
2527 4150 2586 4203 '0
2635 4152 2736 4217 τὰς
2764 4158 2995 4227 χάριτας
3032 4161 3325 4231 ὀνειδίζων,
3381 4166 3570 4235 ὅμοιός
3615 4168 3735 4222 ἐστι
3786 4169 3860 4239 τῷ

2284 4240 2535 4309 γεωργῷ,
2569 4244 2843 4336 σπείροντι
2868 4250 2971 4317 μὲν
3005 4253 3319 4324 προθύμως,
3360 4259 3626 4328 ὲπαφέντι
3658 4263 3717 4319 δὲ
3749 4266 3857 4336 χοί-

619 4335 706 4375 ras
740 4321 795 4374 in
823 4332 1121 4378 sementem
1181 4324 1447 4382 immittit.
1512 4329 1694 4385 Perdit
1739 4332 1829 4387 ille
1887 4351 2095 4401 semen,
2130 4345 2183 4390 et

2292 4344 2413 4418 ρους
2444 4332 2540 4383 καὶ
2589 4332 2752 4403 θηρία
2803 4337 2879 4407 τῷ
2915 4341 3118 4412 σπόρῳ.
3164 4321 3252 4407 Ὦς
3278 4349 3388 4418 γάρ
3436 4321 3648 4417 ἐκεῖνος
3675 4321 3779 4408 καί
3798 4358 3857 4409 τὸ

613 4412 850 4466 fructum
880 4429 912 4469 e
976 4417 1220 4484 semine;
1267 4421 1444 4489 perdit
1467 4420 1566 4476 iste
1593 4438 1655 4476 ea
1686 4439 1807 4493 quae
1843 4427 2094 4492 contulit,
2129 4438 2184 4484 et

2292 4415 2507 4510 σπέρμα
2530 4420 2624 4473 καὶ
2650 4422 2741 4475 τὸν
2771 4423 2830 4489 ἐξ
2859 4427 3024 4481 αὐτοῦ
3070 4412 3388 4501 λυμαίνεται
3438 4412 3677 4510 καρπὸν,
3717 4444 3855 4499 οὕτω

615 4505 1005 4574 gratitudinem
1033 4508 1134 4564 sibi
1175 4526 1240 4563 ex
1267 4511 1331 4565 iis
1360 4512 1807 4571 elllorescentem.

681 4682 773 4737 87.
830 4683 886 4739 Si
917 4685 985 4740 ab
1033 4684 1186 4741 initio
1214 4688 1481 4746 beneﬁcio
1511 4692 1794 4760 all'eceris,
1848 4712 1986 4767 quos
2026 4698 2184 4752 dein-

2206 4547 2258 4606 D
2284 4508 2378 4560 καὶ
2413 4503 2570 4572 οὗτος
2598 4515 2691 4567 καὶ
2714 4518 2780 4571 τὰ
2801 4521 3212 4591 καταδληθέντα
3240 4528 3334 4580 καὶ
3382 4530 3484 4601 τὴν
3516 4503 3854 4601 -βλαστάνουο

2284 4617 2385 4655 σαν
2408 4604 2556 4675 αὐτῷ
2587 4610 3022 4676 προσαπόλλυσιν
3058 4619 3427 4687 εὐχαριστίαν.

2350 4695 2460 4757 πζ’.
2491 4697 2641 4767 Μηδὲ
2664 4703 2805 4754 κατά
2831 4704 3053 4771 πρώτας
3072 4708 3395 4779 εὐεργετῶν,
3424 4713 3613 4770 ἔπειτα
3640 4717 3700 4770 δὲ
3720 4719 3853 4790 ἀμε-

610 4790 740 4845 ceps
765 4777 1015 4849 neglectu
1047 4780 1237 4846 habes,
1287 4784 1397 4837 noli
1443 4796 1635 4855 putare
1672 4803 1767 4842 eos
1798 4789 1879 4844 sic
1917 4791 2182 4847 beneﬁcio

2292 4784 2408 4883 λων,
2438 4789 2625 4883 νόμιζε
2647 4795 2747 4864 τὴν
2768 4795 2830 4860 ἐξ
2857 4799 3033 4868 ἀρχῆς
3050 4817 3131 4855 σοι
3164 4777 3380 4859 εὖνοιαν
3400 4810 3527 4871 τοὺς
3555 4777 3851 4883 εὐεργετη-

609 4866 841 4923 affectos
897 4871 1039 4926 velle
1079 4866 1510 4931 benevolentiam
1544 4879 1779 4949 priorem
1833 4898 2180 4938 conservare.

610 4956 800 4976 ι.
1038 4972 1046 4976 -
1591 4969 1601 4976 .
1733 4972 1742 4976 _
1876 4973 1931 4976 _-

2292 4878 2476 4976 ὶέντας
2503 4866 2905 4951 διαφυλάττειν.
2934 4866 3171 4957 Πολλοὺς
3196 4896 3306 4967 γάρ
3333 4866 3666 4971 αὐτὸςῇὲγὼ.
3686 4866 3848 4976 πείρᾳ

610 4956 808 5014 Multos
842 4972 1054 5030 egomet
1079 4977 1337 5035 expertus
1378 4969 1626 5039 cognovi,
1655 4972 1745 5040 qui
1780 4973 1964 5028 multis
1997 4984 2052 5029 ct
2073 4991 2181 5029 ma-

2292 4968 2526 5038 ῑιέγνων,
2547 4973 2630 5027 ὃτι
2665 4974 3039 5047 θαρρήσαντες
3064 4956 3367 5057 τῷπλὴιθει
3389 4956 3491 5043 καί
3506 4956 3849 5065 μεγέθειτές

606 5157 795 5196 curam
827 5145 1012 5199 eadem
1034 5146 1292 5220 deinceps
1324 5150 1643 5207 continuare
1677 5154 2021 5211 habuerunt:
2053 5175 2176 5228 per-

496 5094 505 5101 .
610 5051 731 5119 gnis
774 5053 887 5106 suis
931 5055 1140 5111 collatis
1163 5058 1444 5112 beneﬁciis
1486 5060 1696 5127 conﬁsi,
1721 5063 1921 5118 nullam
1954 5081 2177 5134 prorsus

2292 5066 2561 5135 ιαταρχάς
2586 5068 2925 5138 εὐεργεσίας,
2960 5051 3190 5130 οὐδὲνήὲν
3211 5051 3322 5143 τοῖς
3364 5051 3565 5154 ὲφεξὴς
3588 5051 3847 5157 ,ἐφρόντίξ

2278 5169 2378 5207 σαν
2409 5157 2781 5225 ἐπιδείξασθαι
2818 5163 3057 5218 τοιοῦτον
3077 5183 3091 5197 ’
3122 5170 3376 5239 ἀρκέσειν
3416 5175 3525 5245 γὰρ
3556 5178 3668 5239 τοῖς
3691 5178 3847 5247 εὐερ-

607 5242 898 5288 suaserant
927 5236 1073 5289 enim
1126 5239 1227 5293 sibi
1266 5240 1565 5295 exhibitam
1598 5242 1667 5298 ab
1698 5243 1853 5300 initio
1882 5246 2175 5305 liberaliter

2292 5248 2554 5319 γετηθεῖσι
2579 5253 2717 5323 πρὸς
2747 5254 2846 5325 τὴν
2867 5257 2956 5310 διὰ
2986 5258 3102 5328 βίου
3128 5236 3604 5337 εὐχαριστίαντὴν
3637 5236 3844 5338 καταρ-

606 5324 1042 5380 benevolentiam
1087 5330 1333 5387 sullicere
1370 5333 1569 5390 debere
1597 5335 1664 5391 ad
1726 5336 2172 5410 obstringendum

2292 5338 2377 5408 (ἀς
2406 5340 2643 5412 ἤλπισαν
2672 5324 3004 5418 φιλοτιμίαν,
3038 5350 3132 5404 καὶ
3162 5324 3351 5423 χρόνον
3370 5324 3569 5409 οὐδένα
3592 5358 3657 5412 ἂν
3678 5324 3838 5428 ἐγγε-

607 5426 873 5490 perpetuo
902 5419 1181 5478 beneﬁciis
1228 5424 1469 5493 affectos,
1529 5443 1631 5485 nec
1663 5431 1925 5501 temporis
1961 5433 2172 5489 diutur-

2275 5434 2465 5487 νέσθαι
2494 5435 2663 5509 λὴθης
2684 5442 2796 5503 τοῖς
2827 5436 2886 5496 εὖ
2913 5442 3205 5498 πεπονθόσι
3234 5445 3332 5516 τῆς
3352 5448 3747 5521 ἀγαθουργίας·
3782 5454 3838 5505 τὸ

1888 5632 2122 5692 νΑΒΙᾹΞ
2162 5635 2568 5696 LECTIONES.

681 5794 701 5837 λ
737 5798 821 5853 τσ.
846 5788 1112 5877 καθαράν,
1172 5810 1279 5873 vel,
1304 5810 1427 5863 καθ’
1456 5811 1607 5882 ὥραν
