4044 6420
166 469 292 533 685

1371 482 1918 547 EPISTOLARUM
1953 486 2192 551 LIBER
2218 494 2277 553 ἱ.

3354 509 3461 573 086

166 582 238 634 δὲ
276 582 342 635 οὐ
384 581 545 652 μόνον
571 583 633 637 οὐ
664 583 809 639 κατά
834 585 933 651 τὰς
961 587 1143 643 αὐτῶν
1173 590 1394 656 ἐλπίδας
1417 593 1621 664 ἀπέϐη,
1641 593 1752 647 an;

1882 594 2111 652 nitatem
2169 600 2373 657 debere
2403 602 2738 663 oblivionem
2783 609 3103 671 collatorum
3162 618 3462 681 beneflcio-

169 673 279 727 καὶ
307 676 390 738 εἰς
415 675 727 730 τούναντίον
748 678 985 750 ἐτράπη.
1030 680 1192 737 Ἀλλὰ
1208 684 1341 755 περὶ
1368 686 1471 755 μὲν
1492 686 1603 740 τῶν
1633 686 1775 756 φαύ-

168 764 291 818 λων
319 763 419 835 τὴν
449 766 771 839 προαίρεσιν
799 769 951 822 οὐδὲν
980 772 1294 843 θαυμαστόν
1314 793 1329 808 ⁸
1361 778 1412 830 οἱ
1451 778 1562 849 γάρ
1598 778 1777 833 τοιοῦ-

165 872 286 919 τοι,
311 856 432 911 οὐδὲ
458 857 691 931 ῥεούσης
719 861 903 927 αὐτοῖς
925 866 999 927 είς
1038 869 1223 939 χεῖρας
1244 869 1377 934 ἴσως
1415 874 1518 943 τῆς
1546 874 1773 945 εὐεργε-

1880 702 2000 741 rum
2039 705 2069 743 a
2110 693 2281 747 semel
2329 694 2469 751 bene
2518 698 2587 754 de
2623 714 2685 755 se
2730 705 2941 762 meritis
2970 723 3296 778 procurare.
3343 717 3460 785 Qua

1878 775 1935 829 in
1987 793 2046 833 re
2104 796 2202 851 spe
2258 783 2433 841 delusi
2484 790 2848 863 exciderunt,
2902 813 2963 854 re
3021 801 3077 856 in
3131 810 3460 867 contrariam

1877 880 2087 939 partem
2106 878 2461 944 procedente.
2505 880 2694 954 Neque
2725 889 2922 947 mirum
2974 909 3108 951 sane
3168 900 3341 958 malos
3379 905 3462 961 sit:

171 948 329 1012 σίας,
368 949 489 1003 οὐδὲ
515 950 639 1003 τότε
665 952 942 1021 γλώσσαις
991 956 1303 1024 ἀνοθεύτοις
1351 962 1647 1032 ἠμείϐοντο
1672 966 1752 1020 τὼ

1878 961 2104 1020 all‘eetos
2133 982 2257 1025 esse
2295 973 2481 1030 animo
2514 993 2528 1031 :
2560 978 2694 1035 tales
2722 983 2891 1050 enim,
2942 1002 3011 1041 ne
3052 990 3272 1059 quidem
3326 996 3456 1052 dum

166 1039 526 1109 εὐεργεσίας,
559 1042 701 1115 πλὴν
722 1046 818 1099 καὶ
842 1048 935 1100 ἐπὶ
960 1050 1070 1103 τῶν
1091 1050 1288 1123 άλλων,
1313 1055 1443 1119 τοὺς
1476 1056 1579 1127 μὲν
1611 1059 1772 1112 καλο-

168 1134 454 1201 καγαθίας
505 1138 976 1209 ἐπιμελουμένους
1024 1140 1094 1215 ἧν
1153 1146 1308 1213 ἰδεῖν,
1366 1150 1445 1213 ὠς
1473 1146 1621 1222 εἶχον
1670 1154 1772 1224 μὲν

172 1226 407 1295 μνήμην
431 1220 507 1281 ὧν
529 1228 723 1300 ἔτυχον
757 1234 1215 1307 ἀπολελαυκότες,
1249 1244 1345 1295 καὶ
1389 1220 1635 1313 εὐλογεῖν
1668 1220 1771 1300 οὐκ

168 1314 462 1378 ἐξίσταντο
510 1321 605 1373 τὸν
646 1323 980 1397 εὐεργέτην·
1027 1331 1179 1401 ὅμως
1201 1333 1263 1386 δὲ
1294 1334 1370 1406 μὴ
1421 1336 1530 1390 τῶν
1563 1339 1770 1408 ὁμοίων

168 1410 562 1478 τυγχάνοντες,
585 1414 694 1467 οὐδ’
716 1418 872 1472 αὐτοὶ
901 1423 1153 1494 καθαρὰν
1204 1427 1301 1481 καὶ
1330 1429 1615 1501 ἀκήρατον
1665 1433 1768 1503 τὴν

169 1501 418 1571 ἀρχαίαν
454 1505 712 1573 διέσωζον
769 1511 1220 1587 εὐγνωμοσύνην,
1282 1520 1418 1575 ἀλλὰ
1474 1522 1555 1594 τῷ
1587 1501 1768 1597 χρόνω

168 1598 279 1662 τὴν
310 1597 469 1667 χάριν
506 1601 588 1670 (οὐ
614 1602 724 1674 γὰρ
752 1601 902 1677 εἶχον
930 1610 1221 1684 ὲπιρροὴν)
1239 1614 1764 1689 ὐπομαραινόμενοι,

168 1688 237 1741 τὸ
274 1692 506 1761 σφοδρὸν
534 1696 626 1747 καὶ
656 1696 858 1767 ὡραῖον
884 1702 1251 1774 άπηνθίξοντο
1287 1708 1380 1762 τοῦ
1418 1688 1643 1782 φίλτρου
1665 1729 1679 1744 ·
1716 1717 1765 1769 oi

168 1782 231 1835 δὲ
285 1784 460 1854 μέσης
514 1788 864 1858 νομιζόμενοι
917 1795 1256 1867 διαθέσεως,
1310 1802 1762 1877 εὐεργετούμενοι

172 1874 278 1943 μὲν
302 1877 640 1949 εὐχαρίστως
669 1884 936 1940 διέκειντο
957 1904 971 1917 ·
1010 1889 1381 1962 άμεληθέντες
1410 1895 1491 1962 δὲ,
1527 1874 1637 1951 οὐδ’
1665 1900 1760 1953 αὐτ

165 1965 255 2016 τοὶ
283 1966 383 2036 τὴν
409 1970 684 2041 προτέραν
708 1973 950 2030 διάθεσιν
979 1980 1060 2043 είς
1088 1982 1395 2039 τούναντίον
1429 1988 1759 2057 μεταϐαλεῖν

166 2056 619 2131 ὲνῃσχύνθησανο
646 2067 901 2135 μάλιστα,
939 2070 1233 2139 βλέποντες
1275 2056 1500 2148 ἐτέρους
1547 2082 1755 2150 φιλοτι-

171 2149 316 2216 μιῶν
348 2152 742 2221 ἀπολαύοντας.
786 2160 859 2213 Οὐ
906 2164 1016 2233 γὰρ
1041 2163 1077 2216 ἃ
1105 2149 1759 2241 προπεπόνθασιναύτοὶ,

170 2240 352 2295 καίτοι
380 2243 520 2307 δέον,
555 2246 898 2318 ὲλογίσαντο·
928 2249 1008 2318 οἷς
1038 2255 1081 2307 δ’
1110 2254 1169 2311 εὖ
1192 2259 1416 2314 πάθοιεν
1434 2264 1482 2315 οί
1509 2240 1759 2335 πλησίον,

165 2332 493 2401 ἐητένιςον
513 2351 528 2366 ⁸
558 2339 654 2391 καὶ
702 2341 915 2406 τούτοις
948 2348 1420 2420 παρακνιζόμενοι
1442 2351 1550 2425 τὴν
1584 2332 1759 2426 εὐφη-

170 2421 302 2491 μίαν
336 2426 418 2489 εξς
463 2428 789 2502 ἀχαριστίαν
835 2434 1089 2506 ἔτρεπον.
1123 2439 1311 2511 Πολλῷ
1338 2422 1448 2514 ἄρα
1481 2421 1760 2501 λυσιτελέ-

168 2531 261 2567 στε
273 2533 364 2586 ρον
384 2517 626 2590 ἄρχοντι,
655 2526 749 2577 καὶ
772 2526 829 2577 ἐν
857 2527 1128 2600 πολιτείᾳ,
1153 2532 1296 2586 κατὰ
1320 2535 1507 2607 μέρος,
1541 2539 1635 2591 καὶ
1669 2538 1759 2594 διὰ

167 2605 311 2675 βίου,
343 2612 463 2674 ταῖς
492 2611 722 2683 δωρεαῖς
752 2616 784 2685 ἢ
814 2616 1012 2688 ἀθρόον
1044 2622 1139 2674 καὶ
1176 2605 1755 2692 ὲφάπαξτοίκειοῢσθαι

166 2697 229 2752 τὸ
261 2700 526 2772 ὑπήκοον.
556 2706 630 2758 Τὸ
676 2707 735 2760 δὲ
797 2710 1005 2780 πλῆθος
1046 2715 1141 2768 καὶ
1172 2715 1339 2788 βάρος
1378 2721 1489 2775 τῶν
1514 2724 1754 2795 χαρίτων

165 2791 403 2861 ἁρμόζει
434 2798 635 2865 μᾶλλον
685 2802 800 2864 τοῖς
846 2803 1156 2874 ὑπέρογκόν
1203 2827 1257 2863 τι
1312 2813 1408 2866 καὶ
1444 2791 1753 2887 παράδοξον

167 2884 263 2937 ἐπὶ
292 2892 444 2960 κοινῇ
472 2893 719 2965 σωτηρίᾳ
752 2898 1195 2968 κατωρθωκόσιν,
1229 2904 1263 2973 ἦ
1286 2908 1397 2969 τοῖς
1422 2910 1504 2972 είς
1528 2911 1589 2963 τὸ
1615 2930 1754 2967 σπα-

165 2976 430 3033 νιώτατον
459 2985 559 3054 τῆς
583 2986 741 3056 ἡμῶν
765 2989 1088 3063 ἐπικουρίας
1114 2995 1323 3051 δεῖσθαι
1354 3003 1677 3069 νομισθείσι.

167 3069 430 3142 ingratias
456 3076 635 3132 solent
661 3090 1021 3139 commutare.

166 3166 393 3220 stranda
446 3176 558 3222 tum
604 3170 661 3224 in
704 3174 914 3242 privata
974 3178 1104 3242 vita,
1160 3182 1411 3241 subditos

1874 1053 1930 1107 in
1996 1071 2194 1115 manus
2254 1061 2497 1133 ipsorum
2550 1069 2812 1131 beneﬁcia
2874 1053 3217 1153 depluerent,
3259 1087 3459 1161 linguis

1874 1147 2268 1210 sincerioribus
2295 1155 2438 1214 bene
2468 1173 2745 1222 merentes
2789 1170 2858 1225 de
2886 1186 2944 1227 se
2993 1183 3330 1238 remunerari
3362 1200 3459 1242 vo-

1872 1238 2078 1298 lebant.
2113 1242 2222 1301 Sed
2244 1256 2302 1303 et
2336 1249 2577 1323 alioquin
2606 1259 2749 1327 apud
2776 1275 2870 1317 eos
2901 1266 3101 1334 quibus
3140 1272 3305 1330 etiam
3330 1238 3458 1347 pro-

1870 1333 2014 1390 bitas
2052 1352 2199 1395 curae
2228 1352 2331 1407 est,
2382 1346 2570 1404 videre
2594 1367 2888 1422 possumus
2917 1366 3234 1422 memoriam
3262 1385 3451 1428 eorum

1867 1816 1993 1856 nem
2046 1821 2391 1879 nequaquam
2444 1816 2686 1875 retinent
2738 1824 3007 1885 sinceram
3038 1842 3093 1885 et
3144 1833 3449 1909 illibatam;

1796 1947 1835 2001 Β
1864 1909 2055 1950 verum
2100 1904 2365 1972 temporis
2386 1906 2619 1967 decursu
2650 1914 2794 1984 (cum
2828 1919 3035 1977 inﬂuxu
3066 1924 3133 1979 de
3148 1941 3290 1984 novo
3338 1947 3448 1989 non

1865 1991 2271 2067 supplerentur)
2316 2003 2541 2071 gratiam
2602 2011 2928 2069 emarcidam
2991 2016 3276 2091 habentcs,
3304 2027 3452 2097 quod

1867 2079 1921 2135 in
1978 2088 2165 2141 amore
2218 2090 2603 2153 vehementius
2651 2110 2706 2156 et
2755 2105 3094 2174 splendidius
3120 2079 3445 2182 habebatur,

1865 2175 2115 2232 avulsum
2160 2188 2217 2234 et
2269 2183 2638 2246 deﬂorescens
2664 2194 2981 2255 admittunt.
3025 2203 3095 2258 At
3140 2207 3234 2276 qui
3267 2211 3459 2267 medios

1859 2268 2096 2335 quodam
2137 2288 2292 2330 more
2317 2279 2666 2349 tenebantur,
2712 2287 2995 2349 beneﬁciis
3022 2295 3200 2352 affecti
3232 2301 3297 2357 ad
3326 2319 3451 2374 gra-

1857 2360 2149 2419 titudinem
2188 2366 2653 2443 disponebantur;
2685 2381 2918 2451 neglecti
2972 2396 3180 2458 autem,
3212 2407 3283 2448 ne
3323 2360 3447 2465 qui-

1860 2450 1983 2507 dem
2011 2455 2115 2525 ipsi
2143 2460 2376 2528 'pudore
2422 2464 2769 2525 deterrentur
2816 2490 2926 2545 quo
2969 2478 3151 2537 minus
3207 2485 3445 2555 priorem

1858 2544 2025 2600 animi
2072 2548 2328 2608 affectum
2383 2568 2706 2617 convertant
2760 2564 2813 2619 in
2865 2572 3229 2641 contrarium;
3270 2591 3448 2649 eoque

1862 2640 2033 2710 magis
2054 2642 2096 2695 si
2120 2643 2257 2700 alios
2286 2645 2521 2707 viderint
2550 2653 2651 2708 sibi
2682 2655 2946 2727 dignitate
2974 2640 3249 2733 praelatos.
3304 2640 3441 2749 Nam

1859 2747 2201 2806 nequaquam
2262 2744 2441 2801 solent
2513 2751 2790 2808 recordari
2839 2771 3029 2813 eorum
3087 2762 3289 2832 quibus
3336 2767 3443 2840 ipsi

1858 2827 2008 2895 prius
2058 2829 2196 2886 bene
2225 2837 2584 2894 erantail‘ecti
2641 2841 2943 2915 beneficiis,
2999 2866 3310 2924 quanquam
3354 2875 3443 2915 re-

1855 2917 2080 2977 damare
2110 2939 2205 2979 eos
2239 2942 2338 2996 par
2380 2929 2559 2987 fuerat
2590 2949 2605 2999 ;
2651 2937 2744 2992 sed
2772 2940 2971 3009 quibus
3027 2945 3287 3005 fruuntur
3304 2950 3442 3008 vici-

1778 3010 1821 3066 C
1857 3014 1935 3078 ni,
1988 3017 2168 3073 solent
2202 3036 2266 3076 ea
2312 3025 2582 3092 contueri,
2631 3031 2831 3099 quibus
2882 3034 3081 3094 irritati
3129 3042 3333 3113 gratias
3382 3045 3442 3114 in

2569 3085 2580 3092 .
2648 3085 2663 3099 .
2745 3085 2827 3088 ην
2882 3085 3081 3094 ------ν-
3167 3085 3333 3100 unum
3382 3085 3440 3114 ιιι

1047 3085 1464 3147 Conducibilius
1490 3099 1747 3163 quocirca
1788 3105 2098 3177 cuicunque
2126 3110 2360 3181 principi
2419 3125 2522 3179 est,
2571 3131 2698 3173 cum
2747 3121 2803 3176 in
2855 3085 3160 3196 republica!3
3198 3134 3440 3192 admini-

1460 3187 1560 3242 sibi
1612 3206 1741 3251 suos
1779 3198 2049 3261 demereri
2104 3202 2516 3283 doniscollatis
2575 3187 2983 3284 particulatim,
3035 3223 3131 3277 sed
3193 3229 3438 3296 quandiu

1920 3258 1921 3261 “
2278 3275 2287 3283 .
2417 3258 2513 3262 ""'
2575 3258 2665 3278 1""
2682 3258 2943 3272 """"""’
2969 3259 2983 3284 ι
3035 3258 3131 3277 ουυ
3193 3258 3435 3296 ιμιιιιιυιυ

166 3258 278 3311 sint
318 3260 374 3312 in
403 3259 561 3324 vivis,
585 3263 767 3331 potius
794 3280 958 3334 quam
987 3264 1397 3343 semel,neque
1423 3276 1479 3332 id
1507 3282 1799 3369 profusiori
1830 3289 2013 3344 modo.
2050 3290 2159 3347 Sed
2224 3308 2323 3363 par
2357 3305 2443 3351 est
2476 3308 2537 3354 ut
2603 3305 2901 3374 gratiarum
2952 3312 3245 3373 multitudo
3313 3334 3435 3376 ma-

167 3350 498 3376 -..2ι-..πΙΑηηΑ
531 3353 594 3376 ξε-
628 3355 805 3376 ..-ιξ---
833 3357 934 3376 :__._
995 3370 1031 3376 Α-
1234 3366 1246 3376 ο
1526 3372 1538 3376 -

2226 3350 2241 3363 ι
2430 3350 2435 3351 ⁷
2483 3350 2536 3354 -ν
2603 3350 2901 3374 ο--ν--ιυιιιι
2954 3350 3245 3373 ιυιιιιιιυυυ
3313 3350 3435 3376 ιιιαο

165 3350 501 3422 ευῖιυάοίιυθ
531 3353 597 3410 iis
628 3355 808 3425 Ροίῖιιε
833 3357 1122 3430 “rogetur,
1155 3366 1248 3433 qui
1307 3383 1410 3436 pro
1461 3372 1638 3429 salute
1670 3360 1978 3436 'communi
2014 3382 2209 3454 ingens
2238 3386 2461 3457 aliquod
2513 3399 2568 3446 et
2590 3398 2862 3455 excellens
2898 3401 3115 3462 facinus
3154 3423 3439 3483 μετρείτω-

165 3446 345 3483 val-int
423 3463 585 3483 ﬂlloln
646 3459 704 3483 nl
767 3451 820 3483 in
861 3466 954 3483 Διιο
1009 3457 1359 3483 ἕω...Α..,Ι-.--..
1397 3464 1481 3483 ,ηρ
1518 3481 1527 3483 Α
1612 3468 1625 3479 ο
1690 3470 1702 3482 ο
2394 3482 2399 3483 ,

164 3446 367 3509 verint,
423 3463 586 3517 quam
646 3459 709 3505 ut
767 3451 824 3505 in
861 3466 956 3508 eos
1009 3457 1359 3528 impendatur
1390 3464 1481 3534 qui
1518 3468 1796 3529 rarissime
1834 3485 2024 3532 nostra
2052 3494 2154 3548 ope
2193 3488 2250 3534 et
2281 3482 2483 3539 auxilio
2519 3485 2765 3560 indigere
2788 3493 3065 3553 videntur.

231 3569 350 3633 πη’.
378 3562 562 3635 Θυμός
590 3566 739 3620 ἐστιν
765 3567 1024 3636 ἔκστασις
1048 3572 1320 3639 ἑκούσιος,
1353 3578 1574 3635 καὶτῶν
1598 3584 1747 3641 ἰδίων

162 3656 382 3727 φρενῶν
426 3657 809 3731 άλλοτρίωσις*
866 3662 903 3719 ἃ
925 3664 1035 3737 γάρ
1065 3667 1114 3719 οἱ
1152 3666 1449 3736 διαπαντὸς
1479 3674 1749 3746 μελαγχο-

160 3746 366 3812 λώντες
388 3752 855 3821 κατεργάζονται,
910 3759 1274 3832 παραπλήσια
1312 3762 1526 3829 τούτοις
1575 3768 1670 3821 καὶ
1698 3768 1748 3822 οί

158 3838 238 3910 τῷ
269 3839 429 3913 θυμῷ
461 3842 759 3913 πληγέντες
787 3848 908 3903 κατ’
939 3849 1121 3906 έκεῖνο
1152 3852 1347 3926 καιροῦ
1392 3856 1750 3930 διαπράττον-

157 3947 271 3987 ται.

227 4045 342 4103 πθ’.
379 4047 591 4121 Ὠσπερ
614 4050 676 4105 τὸ
702 4050 816 4123 πῦρ
841 4052 942 4125 τὴν
968 4055 1278 4127 τρέφουσαν
1301 4058 1434 4133 ὕλην
1463 4061 1740 4133 ἀφανίζει,

156 4139 305 4193 οὕτω
333 4142 427 4196 καὶ
443 4144 472 4197 ὁ
499 4143 672 4215 θυμὸς
698 4144 797 4217 τὴν
819 4146 1052 4218 ἔχουσαν
1073 4150 1253 4224 ψυχὴν
1283 4155 1582 4221 κατεσθίει,
1609 4157 1743 4212 πολ-

154 4232 317 4298 λάκις
348 4233 407 4288 δὲ
434 4238 527 4289 καὶ
548 4237 755 4309 φθορὰν
786 4238 1083 4313 ὁλόκληρον
1122 4245 1421 4315 εἰργάσατο
1447 4248 1541 4303 τοῦ
1571 4248 1737 4315 ζώου.

223 4462 295 4525 ιιι,
328 4458 613 4530 Μηδαμῶς
641 4460 850 4530 μηδένα
877 4463 1017 4534 μηδὲ
1040 4464 1267 4531 δικαίως
1291 4468 1450 4541 θυμῷ
1479 4471 1735 4547 κολάσῃς.

160 4550 253 4613 Ὡς
284 4549 395 4619 γὰρ
415 4550 482 4604 ἂν
501 4554 531 4605 ὁ
554 4552 779 4625 πάσχων
812 4557 913 4626 τὴν
955 4555 1114 4628 δίκην
1171 4560 1365 4635 ὐφέξῃ,
1396 4563 1562 4628 αὐτὸς
1587 4567 1739 4636 ὅμως

148 4642 304 4697 οὐδὲν
332 4643 551 4698 ἔλαττον
574 4646 969 4721 ὲξελεγχθήσῃ,
1001 4650 1288 4724 σφαλερῶς
1321 4658 1386 4726 τῇ
1409 4658 1606 4728 πράξει
1645 4678 1739 4714 κε-

146 4736 447 4807 χρημένος.
476 4739 568 4792 Διὸ
589 4740 685 4793 καὶ
711 4741 977 4796 κάλλιστά
1002 4759 1091 4808 τις
1126 4745 1237 4799 τῶν
1256 4746 1501 4819 ἀρχαίων
1529 4749 1734 4804 ἀπεθέ-

145 4845 316 4882 σπισε
354 4830 493 4903 πρὸς
534 4832 923 4905 ἡμαρτηκότα,
976 4835 1279 4892 Έκόλασα
1333 4838 1413 4892 ἄν
1440 4855 1535 4906 σε,
1564 4843 1617 4895 εί
1645 4840 1731 4913 μὴ

142 4921 510 4992 ὲθυμούμην.

215 5060 330 5123 ιμ’.
367 5057 578 5128 Τυφλὸν
607 5060 726 5114 ἔστι
762 5062 934 5126 πάθος
960 5066 989 5119 ὁ
1018 5065 1211 5137 θυμὸς,
1247 5065 1344 5122 καὶ
1370 5066 1577 5137 κρίνειν
1626 5070 1730 5123 οὐκ

143 5146 286 5219 ἔχων
307 5147 418 5202 ἀπὸ
448 5149 544 5204 τοῦ
575 5151 818 5222 χείρονος
844 5155 905 5208 τὸ
930 5158 1202 5225 κρεῖττον.
1232 5159 1325 5212 Διὸ
1349 5159 1575 5231 οὐδεμία
1604 5160 1731 5232 ὄνη-

144 5258 253 5305 σις,
283 5242 612 5312 παραίνεσις
643 5244 1007 5320 ὀργιζομένῳ.
1034 5252 1381 5323 Πεπαυμένῳ
1408 5243 1611 5323 δὲ,’τὴν
1639 5253 1728 5307 διὰ

142 5330 255 5383 τῶν
302 5331 543 5405 ἐλέγχων
615 5336 917 5408 θεραπείαν
976 5343 1370 5411 προσενεκτέον
1431 5346 1727 5416 κεράσαντι

142 5423 437 5495 ἐπιεικείᾳ.
481 5425 621 5480 Οῠτε
670 5427 780 5501 γὰρ
808 5428 878 5483 τὰ
923 5429 1226 5504 δριμύτερα
1273 5436 1384 5489 τῶν
1415 5437 1725 5507 φαρμάκων

140 5515 275 5569 ἄνευ
315 5516 533 5585 μέλιτος
579 5521 693 5584 τοῖς
733 5520 1006 5592 κάμνουσι
1055 5526 1354 5595 προσάγειν
1420 5529 1725 5597 ἐγνώκασιν

140 5608 191 5660 οἱ
225 5608 403 5679 ἰατροὶ
423 5649 439 5673 ,
471 5609 596 5664 οὔτε
624 5612 752 5675 τοὺς
770 5613 1046 5684 ἀκράτους
1068 5616 1325 5688 ἐλέγχους
1347 5620 1381 5690 ἡ
1414 5619 1525 5673 τῶν
1553 5621 1724 5675 ἀπαι-
1828 5630 1841 5685 i

140 5698 347 5755 δεύτων
372 5700 587 5772 δέχεται
612 5702 784 5777 ψυχή.

211 5836 319 5907 ιιβι.
352 5838 563 5911 Ὥσπερ
597 5840 767 5912 ταχὺν
787 5842 847 5897 ὲν
872 5846 994 5908 ταῖς
1019 5844 1187 5911 ἀξίων
1215 5848 1560 5921 εὐεργεσίαις
1582 5845 1724 5907 εἶναι

144 5930 441 6003 προσῆκεν,
505 5931 648 5989 οὕτω
688 5933 889 6006 βραδὺν
923 5938 983 5994 ὲν
1008 5941 1131 6007 ταῖς
1157 5940 1267 5997 τῶν
1315 5942 1502 6000 αἰτίων
1549 5962 1725 6018 τιμω-

1917 3591 2005 3648 88.
2043 3593 2126 3651 Ira
2169 3607 2253 3655 est
2279 3601 2586 3659 voluntaria
2633 3608 2881 3677 quaadam
2924 3615 3173 3683 ecstasis,
3202 3627 3259 3675 et
3276 3636 3436 3678 men-

1847 3684 1919 3740 tis
1978 3702 2010 3742 a
2051 3696 2196 3745 statu
2258 3707 2362 3750 suo
2418 3695 2802 3756 abalienatio:
2865 3719 2995 3776 qua:
3028 3707 3180 3764 enim
3242 3711 3433 3771 furiosi

1845 3778 2091 3846 quotidie
2145 3795 2436 3856 peragunt,
2488 3788 2688 3846 similia
2745 3793 2907 3864 plan‘e
2954 3810 3274 3870 perpetrant
3335 3819 3437 3876 per

1846 3869 1983 3930 illud
2021 3884 2238 3950 tempus
2257 3880 2331 3936 illi
2357 3882 2451 3953 qui
2474 3886 2847 3956 percelluntur
2871 3869 3173 3951 iracundia.

1922 4072 2011 4130 89.
2064 4074 2212 4149 Ignis
2241 4080 2408 4137 veluti
2436 4086 2771 4145 nutrientem
2804 4106 2866 4148 se
2889 4096 3174 4154 materiam
3208 4101 3433 4161 annihi-

1849 4162 1946 4231 lat,
1987 4165 2059 4222 ita
2093 4178 2149 4224 et
2191 4170 2475 4231 iracundia
2496 4179 2732 4236 animam
2757 4184 2940 4242 exedit
2985 4204 3148 4259 quam
3193 4193 3429 4262 obsedit.

1847 4255 1981 4325 quin
2003 4266 2058 4313 et
2080 4274 2189 4314 non
2216 4277 2340 4319 raro
2370 4280 2806 4329 consummatam
2832 4276 3001 4334 totius
3028 4280 3282 4343 animalis
3301 4303 3430 4359 per-

1843 4349 2109 4408 ditionem
2138 4366 2417 4426 operatur.

1911 4490 1999 4546 90.
2032 4491 2205 4549 Iratus
2234 4497 2534 4566 neminem,
2571 4517 2642 4558 ne
2689 4506 2911 4576 quidem
2949 4511 3093 4582 justo
3121 4514 3269 4582 licet,
3296 4532 3429 4590 sup-

1840 4581 2017 4651 pliciis
2050 4586 2267 4643 adicito.
2294 4589 2585 4663 Utcunque
2621 4598 2765 4653 enim
2805 4581 2989 4659 tulerit
3015 4606 3103 4663 ille
3129 4610 3219 4680 qui
3258 4581 3425 4683 pun-i-

1840 4679 1951 4738 tur,
2002 4684 2062 4730 tu
2102 4677 2458 4736 nihilominus
2521 4686 2852 4758 vituperium
2928 4677 3198 4761 incurres,
3276 4702 3423 4772 quod

1840 4762 2145 4836 improvide
2165 4773 2445 4843 negotium
2488 4776 2619 4833 illud
2671 4781 2928 4839 obiveris.
2968 4785 3235 4853 Quocirca
3290 4809 3420 4862 per-

1838 4854 1983 4912 belle
2004 4858 2211 4917 dictum
2243 4865 2312 4920 ab
2337 4868 2688 4939 antiquorum
2719 4875 2903 4946 aliquo
2928 4878 3033 4934 fuit
3089 4897 3215 4953 erga
3238 4854 3419 4942 delin-

1834 4959 2095 5019 quentem
2148 4969 2165 5009 :
2224 4953 2378 5011 Certe
2401 4966 2451 5012 te
2492 4964 2758 5031 punirem,
2788 4967 2835 5021 εἰ
2888 4985 2993 5023 non
3047 4972 3324 5033 irascerer.
3398 4988 3401 4995 ‘

1907 5084 1997 5140 9i.
2047 5084 2204 5142 Cazca
2223 5088 2469 5158 quaedam
2500 5093 2683 5162 passio
2711 5095 2866 5153 furor
2902 5111 3008 5165 est,
3053 5118 3158 5160 nec
3201 5106 3418 5166 discer-

1834 5183 1968 5223 nere
2028 5179 2209 5239 potest
2237 5173 2370 5229 utile
2394 5176 2464 5232 ab
2491 5176 2689 5234 inutili.
2722 5179 2864 5238 lrato
2888 5185 3026 5240 nihil
3052 5191 3301 5258 proderit
3319 5197 3420 5253 ad-

1833 5261 2065 5317 monitio
2103 5281 2117 5317 :
2148 5275 2434 5335 postquam
2507 5284 2640 5325 vero
2713 5271 2991 5332 deferbuit
3020 5280 3121 5344 ira,
3151 5284 3421 5345 adhibea-

1834 5360 1922 5405 tur
1940 5354 2205 5409 medicina
2232 5372 2330 5426 per
2353 5361 2774 5431 correctionem,
2799 5366 2870 5422 ita
2896 5378 2956 5425 ut
2986 5373 3247 5433 comitate
3277 5395 3413 5436 con—

1827 5730 1949 5777 tunt
1968 5726 2317 5785 meraciores.

1896 5858 1986 5913 92.
2042 5857 2516 5925 Quemadmodum
2537 5868 2875 5927 celeritatem
2908 5873 3166 5931 adhibere
3199 5892 3297 5947 par
3322 5887 3409 5933 est

1825 5949 1884 6006 in
1926 5955 2343 6015 remunerandis
2371 5958 2438 6016 iis
2464 5959 2560 6031 qui
2575 5960 2722 6034 digni
2745 5976 2895 6035 sunt,
2937 5967 3013 6024 ita
3034 5969 3249 6027 tardum
3283 5985 3409 6030 esse
