4044 6410
637 467 747 531 687

1780 459 2044 524 PHOTII
2081 458 2593 521 PATRIARCH/E
2628 461 2737 521 (1P.

3802 458 3908 521 688

641 582 801 634 decet
841 578 897 631 in
939 577 1260 633 delictorum
1314 590 1491 647 poenis
1517 574 1844 647 inﬂigcndis.
1882 572 2221 629 Gaudentem

2330 572 2494 641 ρίαις,
2528 574 2621 625 καὶ
2647 568 2861 644 χαίρειν
2884 571 2982 642 μὲν
3005 572 3275 642 τιμῶνται
3303 579 3339 600 ’⁸³
3374 571 3503 633 τοὺς
3547 570 3901 637 σπουδαίους,

640 679 857 742 oportet
886 671 1062 725 bonos
1095 670 1386 734 honorare,
1419 669 1807 724 condolentem
1835 682 1970 722 vero
2020 666 2226 736 suppli-

642 766 731 819 cio
761 763 976 817 allicere
1007 763 1292 817 obnoxios.

711 855 801 910 95.
853 854 930 907 llli
986 853 1079 923 qui
1138 854 1237 908 tibi
1286 852 1447 907 ﬁdem
1504 853 1728 909 adhibet
1791 853 2035 908 difﬁdere
2090 854 2225 910 noli.

642 946 698 999 Si
732 946 877 1000 enim
920 946 1268 1000 credentibus
1322 945 1474 999 infidi
1499 947 1724 1010 erimus,
1758 946 2076 1013 qualesnam
2109 944 2229 998 aliis

645 1039 1124 1103 videbimurcsse,
1180 1048 1426 1094 autcum
1486 1040 1816 1109 quibusnam
1876 1038 2119 1093 suaviter
2173 1046 2229 1092 et

638 1135 756 1189 sine
811 1144 959 1188 metu
994 1133 1378 1188 versabimur?

709 1227 797 1282 94.
846 1227 976 1281 Esse
1046 1236 1101 1279 et
1126 1226 1387 1296 opinione
1440 1224 1688 1295 usurpari
1738 1240 1848 1279 non
1887 1223 2224 1279 coincidunt.

643 1318 910 1386 Quocirca
953 1319 1096 1387 apud
1120 1335 1256 1386 quos
1290 1318 1603 1387 opinionem
1634 1317 1717 1371 sui
1775 1318 2025 1371 obtinere
2079 1315 2229 1369 vide-

637 1410 739 1475 ris,
795 1409 1047 1463 exsulare
1101 1409 1300 1462 ibidem
1326 1408 1599 1463 actionem
1630 1416 1822 1477 reputa
1851 1417 1906 1463 et
1935 1406 2227 1461 essentiam

636 1501 840 1554 realcm
895 1501 1111 1565 abesse,

708 1593 800 1647 95.
831 1592 1012 1662 Turpe
1037 1603 1120 1648 est
1157 1592 1309 1647 illum
1358 1594 1452 1663 qui
1491 1594 1623 1650 viris
1686 1593 1919 1662 imperat
1972 1606 2228 1646 succum-

634 1682 769 1738 bere
830 1683 1191 1750 mulieribus,
1259 1694 1315 1739 et
1382 1685 1752 1753 voluptatibus
1809 1682 2088 1738 subditum
2143 1682 2227 1735 in-

636 1772 837 1827 veniri.
869 1772 927 1826 ln
963 1773 1053 1827 illa
1099 1773 1304 1828 femina
1378 1774 1753 1828 tantummodo
1813 1787 1924 1828 non
1964 1771 2229 1841 delinquit

633 1864 855 1935 aliquis,
878 1881 1041 1936 quam
1100 1865 1244 1929 vitae,
1320 1866 1622 1921 secundum
1676 1866 1846 1935 leges,
1902 1863 2225 1935 adiutricem

638 1956 887 2010 sortitur.
927 1956 1219 2012 Caelibatus
1240 1957 1459 2027 quidem
1488 1959 1671 2012 divina
1702 1958 1951 2027 quaedam
1988 1972 2077 2012 res
2121 1964 2226 2022 est,

638 2055 892 2101 naturam
934 2064 1221 2119 superans,
1255 2050 1434 2120 majus
1467 2050 1723 2119 quiddam
1771 2051 1974 2107 virtute
2010 2050 2228 2120 politica

626 2147 694 2217 _ct
723 2146 868 2194 recta
898 2139 1076 2211 legum
1094 2141 1459 2196 observantia.
1511 2139 1822 2195 Univiratus
1849 2140 2103 2195 humanae.
2126 2156 2228 2195 na-

638 2240 777 2285 turae
812 2248 951 2301 opus
980 2241 1085 2298 est,
1126 2248 1251 2288 cum
1297 2234 1363 2289 ad
1396 2234 1799 2289 successionem
1856 2233 2071 2304 generis
2098 2248 2230 2287 con-

638 2323 975 2388 tinuandam,
1016 2332 1132 2379 tum
1173 2327 1241 2381 ad
1285 2325 1601 2381 societatem
1646 2325 1820 2379 civilis
1876 2334 1932 2379 et
1977 2326 2229 2380 humana:

640 2415 790 2480 vitae,
832 2426 888 2471 et
943 2417 1380 2473 conversationis
1419 2427 1569 2475 recte
1605 2418 1887 2473 institutae.
1921 2417 2230 2488 Polygamia

635 2524 726 2563 res
745 2509 1059 2579 turpissima
1086 2522 1143 2565 et
1161 2510 1524 2574 detestabilis,
1548 2527 1669 2580 qua:
1691 2511 1997 2567 belluarum
2027 2525 2229 2571 conve-

634 2602 719 2656 nit
748 2610 803 2656 et
838 2602 1140 2671 impuritati
1167 2612 1223 2657 et
1253 2602 1511 2658 lasciviae.

639 2690 645 2699 '
705 2691 796 2746 96.
839 2692 1152 2747 Alexander
1179 2692 1400 2748 Macedo
1430 2694 1767 2748 dominatum
1797 2694 1940 2749 Asiae
1963 2694 2111 2748 bello
2138 2709 2232 2750 ac-

632 2783 883 2853 quirens,
914 2783 1167 2838 Persicas
1221 2784 1480 2839 mulieres
1511 2786 1794 2840 oculorum
1822 2786 1997 2855 jacula
2022 2786 2234 2841 dicebat

643 2889 768 2930 esse
794 2893 808 2929 :
847 2874 932 2929 vir
960 2884 1142 2930 autem
1178 2891 1305 2931 vere
1338 2883 1648 2947 temperans
1670 2890 1725 2932 et
1747 2878 2058 2933 divinorum
2078 2893 2235 2933 man-

632 2965 889 3021 datorum
927 2966 1150 3022 sedulus
1175 2967 1496 3023 observator
1520 2985 1630 3023 non
1671 2971 1834 3025 modo
1868 2970 2226 3038 Persicarum,

638 3056 737 3111 sed
779 3068 836 3110 et
885 3057 1129 3112 omnium
1164 3058 1388 3113 omnino
1418 3060 1747 3115 feminarum
1790 3062 2069 3130 intuitum,
2111 3074 2234 3119 tan-

636 3164 798 3219 quam
844 3148 1119 3205 letiferum
1163 3152 1360 3208 animas
1396 3153 1560 3208 telum
1599 3155 1837 3210 etnimis
1858 3157 2033 3226 velox,
2066 3157 2236 3229 fugiet

2339 666 2593 720 ἀνιᾶσθαι
2625 667 2681 719 δὲ
2714 666 3015 730 κολάζοντα
3042 666 3172 728 τοὺς
3200 663 3559 726 ὑπευθύνους.

2401 855 2508 917 ιγ’.
2536 847 2743 919 Μηδενὶ
2805 847 3096 918 μηδέποτε)
3132 847 3485 900 πιστεύσαντί
3545 863 3630 913 σοι
3690 848 3906 910 ἄπιστος

2330 944 2573 1015 ὁφθείης.
2618 945 2715 995 Ἂν
2744 946 2855 1012 γὰρ
2881 942 3103 995 ἄπιστοι
3131 939 3420 1009 γενώμεθα
3451 941 3568 1002 τοίς
3612 956 3905 992 πεπιστευ-

2332 1040 2473 1101 κόσι,
2508 1038 2653 1101 τίνες
2681 1040 2793 1099 τοῖς
2824 1035 3004 1099 ἄλλοις
3033 1034 3294 1103 δόξομενς
3355 1034 3449 1087 καὶ
3500 1033 3645 1104 μετὰ
3670 1033 3835 1085 τίνων
3860 1035 3907 1086 δὲ

2330 1131 2519 1186 λοιπὸν
2546 1132 2713 1194 ἀδεῶς
2740 1130 2836 1183 καὶ
2861 1129 3033 1200 ἡδέως
3068 1128 3377 1198 βιώσομεν;

2401 1227 2503 1294 ιβ’.
2539 1226 2653 1279 Οὐκ
2684 1224 2861 1277 ἐθέλει
2887 1225 2948 1276 τὸ
2974 1219 3114 1276 εἶναι
3171 1220 3309 1292 μετὰ
3345 1218 3438 1273 τοῦ
3490 1219 3708 1273 οἴεσθαι
3747 1221 3903 1271 συνείο

2331 1337 2440 1375 ναι.
2471 1320 2548 1373 Δι’
2579 1319 2607 1371 ὃ
2630 1320 2687 1370 ὲν
2714 1314 2797 1380 οἷς
2817 1316 2883 1370 ἂν
2903 1314 3004 1386 τὴν
3031 1315 3209 1384 οἴησιν
3225 1315 3379 1385 ὁρᾷς,
3398 1313 3501 1384 τὴν
3525 1312 3735 1382 πρᾶξιν
3760 1311 3904 1381 ὑπερ-

2329 1414 2480 1483 όριον
2507 1411 2720 1481 νόμιζε,
2753 1409 2851 1463 καὶ
2883 1408 3314 1478 διαπεφευγέναι
3338 1407 3401 1460 τὸ
3426 1402 3597 1459 εἶναι.

2401 1591 2501 1662 ιε’.
2534 1592 2773 1664 Αίσχρόν
2792 1593 2941 1646 ἐστιν
2957 1589 3166 1661 ἀνδρῶν
3187 1590 3424 1660 ἄρχοντα
3449 1586 3546 1641 καὶ
3565 1586 3901 1651 δεσπόζοντα,

2328 1686 2608 1754 γυναικῶν
2639 1684 2963 1757 ἡττηθῆναι,
3027 1684 3121 1737 καὶ
3172 1680 3360 1734 δοῦλον
3410 1679 3621 1750 ἡδονῶν
3666 1679 3899 1749 ὀφθῆναι.

2331 1773 2435 1826 Ἦν
2463 1773 2523 1826 δέ
2542 1790 2627 1836 τις
2654 1773 2805 1843 νόμῳ
2830 1771 3024 1843 βοηθὸν
3056 1772 3329 1842 ἐκτήσατο
3356 1768 3499 1840 βίου,
3526 1769 3710 1840 ταύτῃ
3751 1785 3901 1821 συνοι-

2330 1866 2444 1920 κῶν
2497 1866 2595 1937 οὐχ
2650 1866 2979 1937 ἁμαρτάνει.
3050 1866 3290 1936 Ἀγαμία
3323 1868 3422 1936 μὲν
3469 1863 3618 1917 θεῖον
3671 1865 3901 1933 πρᾶγμα,

2259 1938 2308 2000 Β
2334 1962 2429 2017 καὶ
2464 1961 2765 2031 ὑπερφυὲς.
2798 1959 2894 2013 καὶ
2924 1958 3111 2030 μεῖξον
3146 1957 3433 2026 πολιτικῆς
3467 1955 3681 2027 ἀρετῆς
3715 1956 3806 2009 καὶ

2330 2058 2547 2129 νομίας.
2588 2055 2915 2125 Μονογαμία
2944 2055 3026 2119 δὲ,
3082 2053 3301 2123 φύσεως
3328 2052 3688 2123 ἀνθρωπίνης
3742 2046 3899 2121 im},

2329 2148 2412 2212 είς
2458 2165 2518 2201 τε
2578 2147 2772 2215 γένους
2820 2144 3105 2217 διαδοχὴν,
3144 2147 3242 2199 καὶ
3282 2147 3361 2208 είς
3391 2144 3693 2197 κοινωνίαν
3713 2143 3901 2212 ἡμέρου

2330 2240 2428 2293 καὶ
2451 2238 2838 2310 φιλανθρώπου
2875 2238 3014 2308 βίου,
3058 2238 3150 2291 καὶ
3186 2237 3461 2301 πολιτείας
3488 2236 3901 2306 εὐνομουμένης.

2331 2331 2656 2403 Πολυγαμὶα
2686 2331 2799 2403 (54)
2824 2331 2900 2397 δὲ,
2928 2331 3298 2402 ὑπέραισχρον
3325 2331 3417 2383 καὶ
3447 2328 3677 2400 μιαρὸν,
3702 2328 3795 2381 καὶ
3820 2326 3902 2395 τῆς

2329 2426 2440 2481 τῶν
2468 2425 2678 2495 ἀλόγων
2705 2424 3003 2488 ἀκολασίας
3031 2426 3126 2479 καλ⁵
3152 2424 3517 2495 ἀκαθαρσίας.

2403 2696 2520 2759 ιιςι.
2559 2688 2909 2762 Ἀλέξανδρος
2935 2690 2963 2742 ό
2984 2686 3272 2755 Μακεδὼν,
3305 2685 3490 2750 Ἀσίας
3518 2685 3718 2756 κύριος
3742 2685 3900 2756 δόρατι

2332 2785 2593 2854 γεγονὼς,
2623 2784 2723 2847 τὰς
2750 2782 3021 2853 Περσίδας
3050 2782 3237 2849 ἔλεγεν
3272 2780 3489 2851 βολίδας
3531 2780 3804 2850 ὀμμάτων
3835 2774 3897 2831 εἷ-

2333 2893 2453 2953 ναις
2484 2880 2513 2932 ὀ
2534 2878 2591 2930 δὲ
2621 2876 2854 2948 σώφρων
2876 2874 2952 2938 ὡς
2985 2874 3202 2945 άληθῶς
3228 2872 3370 2943 ἀνὴρ
3393 2914 3407 2937 ,
3437 2871 3534 2925 καὶ
3571 2873 3901 2925 Δεσποτικιῖιν

2335 2969 2512 3041 φύλαξ
2533 2968 2762 3024 ὲντολῶν
2792 2967 2929 3039 ('55),
2976 2967 3039 3021 ού
3095 2965 3196 3030 τὰς
3228 2965 3504 3037 Περσίδας
3546 2964 3741 3034 μόνον,
3790 2960 3904 3015 ἀλλὰ

2334 3064 2433 3118 καὶ
2464 3065 2645 3132 πάσης
2683 3061 2945 3129 γυναικὸς
2977 3060 3125 3130 δψιν,
3172 3059 3248 3123 ὡς
3285 3059 3379 3123 ὀξὺ
3423 3058 3613 3128 ψυχῆς
3646 3058 3799 3128 βέλος
3825 3059 3905 3107 καί

2336 3155 2744 3224 θανατηφόρον,
2799 3150 3060 3221 φεύξεται.
3096 3150 3191 3203 καὶ
3229 3151 3700 3218 ἅποστραφεῖται.
3753 3143 3918 3214 Ἤχθςρ

635 3254 694 3299 ct
722 3246 1087 3303 aversabitur.
1125 3247 1288 3304 Vocis
1317 3249 1536 3319 quidem
1566 3267 1734 3306 sonus
1764 3269 1927 3309 aures
1959 3253 2126 3318 feriit.
2174 3265 2227 3311 et

2338 3248 2439 3317 μὲν
2468 3246 2653 3317 φωνῆς
2691 3244 2924 3315 ἐπληξεν
2953 3244 3149 3314 ἀκοὴν,
3181 3242 3277 3296 καὶ
3308 3241 3375 3294 δι’
3398 3242 3577 3311 αὐτῆς
3607 3238 3904 3303 ὲνετυπιὶιθη

630 3352 738 3408 per
755 3354 916 3395 aures
944 3341 1128 3412 passio
1148 3342 1343 3398 animae
1374 3343 1735 3414 insculpitur:
1769 3347 2228 3404 attrahitoculum

636 3430 885 3499 corporis
921 3429 1294 3501 pulchritudo,
1327 3444 1380 3489 et
1406 3450 1504 3504 per
1536 3452 1661 3490 eum
1705 3438 1926 3494 modum
1956 3439 2230 3507 captivum

632 3519 872 3577 vinculis
894 3526 1256 3580 constrictum
1290 3536 1484 3582 tenens
1505 3529 1797 3593 rationem.
1821 3532 1902 3585 sui
1930 3532 2229 3604 priusjuris

629 3617 691 3664 ct
721 3610 962 3683 imperii,
1000 3615 1058 3670 in
1092 3617 1413 3672 servitutem
1450 3620 1613 3674 simul
1643 3622 1872 3695 redegit.

703 3701 795 3758 97.
840 3704 1311 3770 Quemadmodum
1332 3709 1667 3782 impossibile
1684 3726 1767 3770 est
1796 3724 1854 3770 ut
1883 3717 1929 3771 is
1956 3718 2049 3788 qui
2079 3736 2229 3775 mare

632 3793 856 3863 navigat
889 3796 960 3849 sit
987 3796 1107 3851 sine
1144 3808 1471 3867 tempestate
1509 3812 1565 3856 et
1596 3804 1813 3859 turbato
1844 3808 1979 3872 salo,
2016 3809 2089 3863 ita
2114 3809 2227 3863 ﬁeri

636 3884 833 3951 nequit
874 3895 933 3939 ut
964 3885 1010 3941 is
1039 3898 1193 3942 extra
1230 3892 1471 3959 pericula
1517 3903 1573 3948 et
1602 3894 1799 3952 ﬂuctus
1833 3900 2095 3955 consistat
2134 3902 2227 3971 qui

629 3976 979 4044 corporalem
997 3990 1239 4035 sectatur
1262 3984 1427 4053 paulo
1450 3986 1721 4042 curiosius
1739 3990 2224 4056 pulchritudinem.

634 4065 865 4136 Oportet
905 4069 1069 4140 igitur
1098 4072 1249 4128 initia
1282 4077 1591 4145 passionum
1623 4090 1677 4133 et
1703 4096 1893 4137 causas
1920 4082 2222 4142 declinare:

634 4160 781 4229 quod
828 4171 882 4215 ct
910 4163 1197 4219 utilitatem
1252 4167 1443 4223 afferet
1475 4213 1489 4236 ,
1530 4185 1707 4241 neque
1756 4188 1888 4229 sane
1940 4176 2226 4233 diﬂiculter

636 4255 999 4321 praestabitur.
1034 4256 1170 4312 Cum
1198 4276 1327 4315 vero
1348 4265 1517 4318 semel
1541 4265 1857 4323 rationalem
1890 4280 2097 4339 partem
2121 4272 2225 4327 hoc

636 4345 838 4400 malum
894 4348 1175 4417 invaserit,
1226 4354 1297 4408 ita
1332 4365 1390 4409 ut
1438 4357 1727 4430 imaginem
1778 4360 2095 4418 desiderata:
2144 4364 2224 4417 rei

636 4438 814 4494 cidem
843 4441 1201 4513 impresserit,
1234 4446 1523 4503 dillicultcr
1576 4451 1691 4505 haec
1729 4453 1912 4522 passio
1946 4454 2221 4524 abjicitur,

634 4542 685 4588 et
722 4533 813 4589 vix
846 4545 929 4589 est
960 4546 1019 4590 ut
1048 4537 1116 4590 ab
1147 4539 1237 4593 illa
1266 4555 1324 4593 se
1358 4542 1610 4610 expediat
1642 4543 1861 4613 aliquis.

2330 3340 2392 3394 τὸ
2419 3340 2591 3403 πάθος
2646 3341 2712 3410 τῇ
2765 3338 2946 3409 quam“
2992 3336 3189 3399 κάλλος
3238 3335 3297 3388 δὲ
3352 3333 3632 3403 σωμάτων
3676 3332 3907 3386 εἵλκυσεν

2330 3432 2629 3504 ὀφθαλμὸν,
2656 3432 2750 3486 καὶ
2770 3431 2837 3486 δι’
2865 3429 3033 3487 αὑτοῦ
3065 3429 3285 3498 δέσμιον
3310 3426 3494 3482 λαϐὼν
3517 3470 3533 3493 ,
3585 3426 3907 3481 κατεδουλὼ-

2332 3544 2464 3580 σατο
2489 3526 2580 3579 τὸν
2600 3524 2993 3580 αύτοδέσποτον
3019 3520 3302 3593 λογισμόν.

2401 3704 2506 3775 ιζ.
2543 3706 2755 3777 Ὥσπερ
2783 3704 3042 3758 ἀδύνατον
3076 3703 3134 3756 ὲν
3169 3700 3412 3771 θαλάσσῃ
3447 3700 3713 3764 πλέοντα,
3754 3718 3907 3771 ταρα-

2331 3801 2431 3871 χῆς
2466 3801 2559 3853 καὶ
2588 3799 2758 3869 ζάλης
2782 3798 3082 3869 ἀπείρατον
3103 3795 3401 3865 διαμεῖναι,
3434 3793 3612 3858 οὕτως
3640 3795 3909 3865 ἀμήχανον

2328 3895 2421 3949 τὸν
2454 3892 2624 3963 κάλλη
2657 3890 2927 3962 σωμάτων
2965 3886 3370 3942 ἐπισκοποῦντα
3414 3888 3510 3940 καὶ
3554 3885 3908 3958 περιεργαζό-

2334 4004 2517 4056 μενον,
2568 3985 2675 4039 τῶν
2715 3984 2927 4038 ἐκεῖθεν
2980 3982 3240 4051 κυμάτων
3299 3982 3395 4033 καὶ
3439 3979 3713 4033 κινδύνων
3768 3980 3907 4040 ἐκτὸς

2331 4077 2688 4133 καθεστάναι.
2720 4076 2799 4129 Δι’
2825 4074 2853 4128 δ
2890 4074 2989 4137 τὰς
3019 4072 3194 4143 ἀρχὰς
3228 4071 3326 4125 καὶ
3352 4071 3454 4134 τὰς
3501 4073 3694 4135 αἰτίας
3739 4072 3905 4144 ἐκτρέ-

2330 4171 2529 4223 πεσθαι
2569 4168 2676 4240 χρὴ
2702 4167 2811 4221 τῶν
2835 4164 3197 4236 παθημάτων.
3232 4161 3404 4215 Τοῦτο
3437 4161 3549 4233 γὰρ
3585 4164 3685 4215 καὶ
3710 4162 3904 4233 συμφέ·

2335 4280 2447 4334 ρον,
2471 4261 2568 4316 καὶ
2588 4261 2649 4313 οὐ
2685 4258 2939 4330 χαλεπόν.
2985 4255 3239 4311 Ἐπειδὰν
3279 4256 3338 4308 δὲ
3385 4256 3501 4317 τοῖς
3532 4254 3820 4326 λογισμοῖς
3854 4254 3906 4306 τὸ

2329 4353 2499 4408 κακὸν
2533 4350 2804 4423 ὲνσκήψῃ,
2824 4351 2919 4405 καὶ
2943 4349 3005 4402 τὸ
3030 4348 3249 4403 εἴδωλον
3272 4348 3459 4411 αὐτοῖς
3488 4347 3593 4415 τῆς
3620 4346 3906 4416 ἐπιθυμίας

2328 4444 2641 4516 ὲντυπώσῃ,
2671 4442 3081 4514 δυσαπόϐλητον
3100 4441 3313 4511 γίνεται
3337 4439 3402 4495 τὸ
3428 4438 3631 4507 πάθος,
3646 4440 3743 4493 καὶ
3764 4439 3907 4510 χαλε-

2327 4541 2429 4595 πὸν
2455 4539 2856 4609 ἀπαλλαγῆναι.

705 4624 797 4680 98.
841 4624 979 4680 Sunt
1029 4627 1120 4697 qui
1167 4639 1441 4685 amatores
1492 4634 1853 4701 pronuntiant
1910 4633 1965 4687 in
2024 4634 2221 4691 alienis

2398 4638 2506 4702 ιιηκ
2546 4631 2705 4694 Τινὲς
2725 4632 2850 4693 τοὺς
2885 4629 3129 4701 ἐρῶντας
3154 4627 3366 4698 ἔφησαν
3399 4629 3458 4681 ὲν
3485 4627 3790 4701 ἀλλοτρίας
3814 4628 3906 4679 ω

633 4718 956 4789 corporibus
982 4736 1110 4775 suas
1138 4720 1348 4776 animas
1378 4722 1579 4778 habere
1605 4742 1617 4777 :
1650 4725 1999 4794 conjunctius
2022 4727 2219 4796 opinor

628 4827 756 4866 cum
809 4814 1022 4870 ratione
1058 4814 1279 4879 dicitur,
1318 4830 1416 4870 eos
1467 4815 1523 4869 in
1560 4818 1879 4887 corporibus
1919 4818 2110 4873 alienis
2160 4830 2216 4873 et

632 4912 869 4959 mentem
901 4914 954 4959 ct
979 4904 1215 4959 animam
1250 4906 1575 4975 perdidisse.

2331 4743 2465 4797 μασι
2479 4725 2580 4797 τὴν
2608 4724 2787 4795 ψυχὴν
2810 4722 2910 4792 τὴν
2937 4721 3073 4776 ἰδίαν
3098 4721 3261 4790 ἔχειν·
3281 4719 3659 4790 εὐλογώτερον
3688 4720 3733 4774 δ’
3762 4716 3903 4789 οἶμαι

2326 4818 2529 4886 λέγειν,
2590 4816 2788 4878 αὐτοὺς
2834 4816 2893 4867 ὲν
2928 4813 3230 4885 ἀλλοτρίοις
3269 4811 3488 4883 σώμασι
3539 4810 3637 4864 τὸν
3688 4808 3808 4864 νοῦν
3844 4810 3899 4877 τῇ

2323 4908 2469 4979 ψυχῇ
2496 4904 2955 4961 συναπολωλεναι.

1921 5041 2157 5099 VARUS
2198 5043 2608 5101 LECTIONES.

702 5168 744 5195 σι
773 5157 900 5226 Leg.
936 5156 1203 5225 τιμῶντα.

2152 5315 2382 5383 ΝΟΤιΕ,

704 5443 814 5512 (54)
849 5444 1219 5513 Πολυγαμία.
1272 5442 1499 5497 Rctinui
1539 5458 1751 5507 vocem,
1780 5442 1905 5513 quia
1926 5454 2014 5498 est
2042 5448 2214 5501 ambi-

666 5531 750 5569 ua.
789 5513 891 5569 Sed
923 5515 1025 5569 hoc
1073 5516 1127 5568 in
1162 5516 1281 5569 loco
1310 5524 1524 5585 putem,
1555 5529 1667 5585 non
1706 5514 2015 5585 signiﬁcare
2043 5516 2215 5585 pluri-

666 5532 750 5569 ua.
789 5532 891 5569 aeu
923 5532 1025 5569 noc
1073 5532 1127 5568 tn
1162 5532 1281 5569 ioco
1310 5532 1524 5582 putem,
1556 5532 1667 5567 non
1706 5532 2015 5583 sngntncare
2043 5532 2212 5585 pllll'l-

629 5532 731 5642 ἕως
760 5586 923 5639 simul
956 5586 1218 5641 uxoribus
1264 5586 1361 5647 uti,
1398 5593 1455 5637 ut
1477 5583 1669 5645 Jacob,
1712 5583 1906 5647 David,
1937 5584 2212 5651 Herodes,

626 5657 717 5710 alii
749 5657 876 5709 olim
902 5656 1219 5715 utebantur.
1252 5655 1438 5726 sedad
1473 5654 1659 5707 tertias
1684 5665 1971 5726 quartasve
1993 5659 2214 5726 nuptias

627 5728 904 5798 progredi.
935 5727 1067 5781 Rem
1098 5728 1226 5782 mali
1258 5724 1459 5798 otninis
1489 5734 1545 5777 et
1570 5724 1902 5798 nominisin
1930 5724 2209 5798 Ecclesia;

626 5795 752 5869 Sed,
774 5799 922 5869 proli
948 5800 1142 5866 pudor,
1168 5802 1236 5852 ab
1271 5797 1337 5849 iis
1379 5804 1715 5863 usurpatam,
1743 5795 1836 5865 qui
1864 5796 2210 5869 καθαρότητα

626 5868 883 5920 alim-tant
911 5867 1092 5921 hodie.

696 5937 815 6006 (35)
854 5936 1237 5994 Δεῖγποτικῶν
1273 5929 1562 5988 ἐντολῶν.
1611 5934 1869 6008 lutelligit
1912 5937 2044 5993 illud
2099 5938 2206 5994 Do-

2324 5450 2465 5531 mini
2505 5452 2803 5531 de__i_nt_uitu
2830 5452 3074 5531 mulieris
3111 5455 3361 5531 ad_illam_
3376 5463 3897 5531 concupiscendam,

2320 5523 2467 5602 quod
2507 5523 2633 5602 alibi
2661 5525 3327 5602 -iti_epi.stoli_s-explicat.7
3349 5529 3444 5602 Ἐκ
3479 5523 3592 5602 γὰῥ
3626 5533 3721 5586 τοῦ
3753 5523 3900 5602 όρᾷν.

2320 5593 2530 5666 γίνεται
2562 5594 2622 5646 τὸ
2656 5591 2814 5666 ὲρᾷνῖ
2849 5596 2910 5650 Ut
2937 5597 3067 5661 vidi,
3111 5591 3167 5650 ut
3196 5600 3329 5666 perii
3345 5600 3366 5653 .'
3397 5610 3455 5653 ut
3490 5591 3575 5655 ini
3614 5591 3903 5657 πιαιαίάὺλ

2318 5663 2492 5744 δειλίη.
2520 5665 2703 5744 error!
2733 5663 2841 5744 ίιιῖο
2882 5667 3038 5744 ocu_l_i_
3073 5663 3633 5744 dicunturdadouxoz
3684 5674 3902 5744 ἔρωτος.

2320 5735 2519 5814 amoris
2570 5736 2932 5814 lanﬂapndifefi.
2975 5736 3113 5814 ilico
3146 5739 3279 5792 illud
3309 5735 3669 5814 Philemonis,
3709 5735 3905 5814 Ὅρῶςι

2319 5806 2522 5888 πάντες
2562 5802 2929 5888 πρῶτονεέίΐ
2972 5807 3312 5888 ἐθαύμασαν.
3355 5807 3452 5864 εἶτ’
3481 5816 3562 5879 εἰς
3591 5802 3784 5868 ἑλπίδὲ
3817 5818 3902 5868 ἐν-

2318 5875 2543 5942 ἐπεσαν,
2575 5875 2719 5929 οὓτω
2746 5876 2954 5945 γίνεται
2983 5882 3046 5931 ὲκ
3074 5875 3279 5935 τούτων
3312 5882 3473 5952 ἔρως.
