4044 6412
140 452 266 514 68!}

1366 462 1899 526 EPISTULARUM
1924 468 2158 527 LIBER
2188 470 2237 541 Ι.

3296 473 3408 531 illi}

206 564 315 628 ιιον.
344 561 531 634 Μέθην
565 566 658 618 καὶ
698 569 909 639 τρυφὴν
965 571 1071 623 τῶν
1102 574 1401 644 ἀρχόντων,
1453 575 1712 639 ναυάγιον

1887 577 1976 631 99.
2016 577 2348 632 Ebrietatem
2397 578 2704 648 principum
2763 586 2925 647 atque
2955 578 3138 632 luxum
3188 583 3402 633 naulra-

126 653 325 721 νόμιζε
351 654 460 706 τῶν
490 655 830 727 ἀρχομένων.
869 660 998 714 Ὅτε
1028 661 1139 734 γὰρ
1168 665 1196 716 ὁ
1242 665 1581 736 κυϐερνήτης
1612 681 1711 717 κα-

124 745 514 812 ταποντίζεται
560 752 625 820 τῇ
657 750 945 825 πλησμονῇ
994 755 1089 808 καὶ
1119 755 1197 828 τῷ
1252 757 1401 828 οἴνῳ,
1431 758 1551 821 πῶς
1587 757 1708 829 οὐχ).

127 838 351 908 μυρίοις
378 839 583 908 κύμασι
613 844 709 897 καὶ
730 844 992 900 κλυδῶσιν
1019 848 1270 919 ἐσχάτοις
1299 852 1336 921 ἠ
1354 851 1707 923 κυϐερνωμέ-

126 946 196 999 νη
238 932 611 1003 προσαρράξει
666 934 932 1003 πολιτεία,
988 940 1079 995 καὶ
1116 942 1185 1014 τῇ
1233 940 1329 995 τοῦ
1373 942 1708 1014 κυϐερνήτου

126 1024 683 1097 ουγκαταποθήσεται
707 1029 991 1102 ἀπωλείῃ

198 1222 271 1297 ρ’.
298 1226 518 1297 Μηδένα
544 1227 811 1299 μηδέποτε
848 1228 1173 1300 ἀνθρώπων,
1208 1231 1341 1303 μηδὲ
1369 1232 1478 1286 τῶν
1522 1232 1709 1303 τυχόν-

124 1332 259 1380 των,
323 1318 404 1379 είς
458 1318 773 1387 ἀπόγνωσιν
814 1321 1136 1395 συνελάσῃς.
1170 1323 1413 1395 ’ἰσχυρὸν
1453 1326 1561 1395 γάρ
1614 1325 1709 1379 καὶ

126 1408 347 1478 ἄμαχον
403 1409 717 1478 ἀπόγνωσις
761 1412 949 1478 ὅπλον,
1011 1416 1105 1469 καὶ
1168 1416 1429 1480 πολλάκις
1495 1416 1709 1486 ἀνάγκη

134 1500 573 1571 στρατηγήσασα
624 1502 877 1569 πράξεων
930 1505 1296 1577 παραϐόλων,
1350 1507 1710 1573 ἀνελπίστους

128 1592 440 1661 μεταϐολὰς
463 1595 839 1667 ἐξειργάσατο,
866 1597 960 1651 κα)⁵
990 1599 1120 1670 πρὶν
1149 1600 1183 1670 ἢ
1210 1600 1487 1669 γενέσθαι,
1508 1599 1712 1667 μύθους

125 1680 510 1751 νομιζομένας.

202 1856 309 1928 ρα’.
340 1860 595 1930 Ἀριστον
626 1860 725 1932 μὲν
750 1861 1025 1935 ἀνθρώπῳ
1068 1864 1143 1936 μὴ
1186 1865 1528 1937 διαμαρτεῖν,
1575 1868 1711 1940 μηδὲ

1816 666 1963 734 gium
1992 682 2113 722 esse
2142 666 2391 724 existima
2420 668 2787 723 subditorum.
2836 670 3066 735 Quando
3098 670 3242 724 enim
3276 671 3406 725 vino

1818 768 1980 829 atque
2016 762 2233 832 crapula
2257 762 2605 833 gubernator,
2655 771 2909 832 tanquam
2943 763 3100 826 mari,
3137 764 3407 833 demergi-

1818 860 1925 916 tur,
1956 867 2181 906 necesse
2204 862 2289 907 est
2318 861 2379 907 ut
2401 854 2704 923 respublica
2725 854 2843 923 eius
2874 854 3256 922 gubernationi
3283 870 3406 907 cre-

1816 943 1948 1007 dita,
1980 946 2253 1000 sexcentis
2287 945 2543 1001 ﬂuctibus
2572 955 2627 1001 et
2654 948 3019 1001 alluvionibus
3045 947 3196 1001 allisa
3233 947 3405 1016 agite-

1816 1040 1926 1102 tur,
1981 1035 2092 1090 imo
2125 1046 2179 1091 et
2217 1053 2323 1092 una
2359 1054 2483 1092 cum
2529 1040 2890 1110 gubernatore
2930 1038 3184 1093 demerso
3212 1080 3227 1103 ,
3290 1038 3407 1107 pari

1815 1142 2032 1197 quoque
2061 1127 2287 1191 interitu
2322 1131 2463 1185 male
2494 1139 2702 1200 pereat.

1888 1220 2011 1274 100.
2047 1218 2333 1275 Neminem
2384 1222 2721 1288 mortalium,
2759 1240 2831 1279 ne
2867 1224 3086 1294 quidem
3134 1224 3409 1279 obscuris-

1816 1313 2103 1379 simorum,
2140 1313 2207 1368 ad
2256 1314 2693 1384 desperationem
2723 1298 2929 1388 adigas.
2976 1319 3072 1372 Est
3120 1318 3265 1371 enim
3314 1318 3411 1371 de-

1821 1406 2058 1475 speratio
2111 1406 2393 1461 robustum
2426 1408 2695 1479 quoddam
2744 1417 2798 1463 et
2852 1408 3162 1463 inevitabile
3211 1408 3405 1463 telum.

1817 1496 1961 1562 Quin
1987 1512 2131 1567 saepe
2160 1496 2375 1564 accidit,
2420 1507 2479 1553 ut
2508 1514 2792 1570 progressa
2816 1498 2870 1552 in
2898 1499 3069 1553 aciem
3086 1499 3415 1563 necessitas,

1817 1604 2001 1643 rerum
2028 1601 2227 1659 praeter
2256 1593 2719 1661 exspectationem
2741 1594 3070 1646 mutationes
3099 1607 3206 1645 una
3247 1591 3408 1645 indu-

1818 1681 1958 1735 xerit
1984 1681 2405 1752 inexspectatas,
2434 1698 2569 1752 quas
2591 1684 2710 1737 loco
2746 1682 3049 1737 fabularum
3084 1683 3283 1737 habere
3307 1696 3407 1736 vo-

1819 1772 2003 1838 lueris,
2038 1784 2328 1843 antequam
2360 1782 2483 1829 actu
2516 1776 2911 1844 compleantur.

1892 1862 2015 1917 101.
2057 1862 2333 1933 Optimum
2381 1875 2464 1920 est
2505 1874 2566 1919 ut
2605 1866 2770 1919 homo
2798 1880 2900 1919 nec
2930 1863 3154 1919 omnino
3182 1864 3408 1917 aberra-

128 1949 229 2016 τῆς
267 1949 433 2021 ὀρθῆς
487 1953 723 2025 κρίσεως
755 1954 1168 2028 ἀποσφαλῆναι·
1227 1958 1449 2012 συνετοῦ
1483 1938 1585 2024 δὲ,
1614 1938 1708 2014 καὶ

1826 1962 1915 2019 'et,
1948 1970 2052 2010 nec
2098 1970 2129 2008 a
2158 1958 2275 2009 sani
2311 1956 2504 2026 judicii
2537 1971 2728 2010 norma
2770 1957 3093 2017 excederet;
3144 1955 3239 2009 sed
3273 1971 3407 2025 pru-

130 2040 368 2092 maévta
385 2041 575 2096 θᾶττον
594 2044 914 2115 ἀναστῆναι,
934 2048 1029 2101 καὶ
1048 2048 1284 2119 χρῆσθαι
1328 2049 1406 2121 τῷ
1432 2050 1709 2122 πταίσμα-

129 2148 204 2197 τι,
232 2132 371 2203 πρὸς
398 2132 460 2187 τὸ
487 2134 565 2208 μὴ
595 2137 760 2191 πάλιν
784 2142 970 2193 πεσεῖν
994 2142 1437 2213 παραγγέλματι.

199 2226 304 2299 ρβῖ
345 2229 418 2282 Τὸ
440 2233 568 2302 περὶ⁹
599 2234 721 2298 τοὺς
761 2233 955 2299 πόνους
995 2236 1263 2303 ἑκούσιον,
1295 2239 1404 2293 τῶν
1437 2241 1709 2295 ἀκουσίων

129 2319 446 2389 ἀφαιρεῖται
468 2321 529 2375 τὸ
558 2323 833 2395 ἀφόρητον
863 2326 1215 2397 καὶχαλεπόν
1237 2345 1252 2360 ’
1277 2329 1346 2383 δι’
1379 2330 1407 2384 5
1438 2333 1707 2403 χρήσιμος

130 2408 163 2475 η
200 2407 257 2459 έν
283 2408 395 2472 τοῖς
422 2410 699 2475 ἀκουσίοις
724 2413 887 2484 τριϐὴ
915 2417 1009 2468 καὶ
1041 2416 1267 2487 μελέτη.

204 2608 311 2672 ργ’.
364 2602 627 2674 ’Δρχικῆς
672 2604 875 2677 ἀρετῆς
921 2607 1019 2661 καὶ
1042 2607 1278 2674 τελείας,
1321 2613 1395 2681 μὴ
1462 2613 1623 2683 μόνον
1647 2614 1710 2668 τὸ

130 2693 340 2763 πλῆθος
367 2696 717 2766 αἰσχύνεσθαι
774 2700 913 2771 πρὸς
938 2700 1000 2754 τὸ
1053 2701 1129 2774 μὴ
1166 2702 1504 2775 ἁμαρτάνειν
1525 2746 1540 2774 ,
1574 2709 1711 2763 ἀλλά

130 2788 224 2841 καὶ
254 2789 454 2843 ἑαυτὸν
478 2792 589 2861 πρὸ
618 2790 713 2845 τοῦ
745 2791 1007 2864 πλήθους.

204 2879 307 2951 ρδ’.
351 2880 418 2934 Ἦ
453 2881 545 2936 διά
576 2882 750 2952 λόγων
781 2883 940 2954 ὕϐρις
985 2889 1099 2950 τοῖς
1130 2888 1435 2961 ἐλευθέρως
1463 2893 1525 2947 οὐ
1575 2894 1709 2948 πολὺ

134 2973 511 3045 παραλλάσσει
536 2976 635 3046 τῆς
662 2976 751 3031 διά
774 2979 999 3050 πληγῶν
1027 2982 1123 3035 καὶ
1144 2984 1444 3053 μαστίγων.
1475 2986 1597 3060 Χρὴ
1619 2984 1712 3043 οὖν

132 3067 654 3137 παραφυλάττεσθαι
671 3069 734 3122 τὸ
756 3072 1026 3142 προπετὲς
1042 3073 1105 3126 τὸ
1127 3076 1185 3127 ὲν
1208 3076 1437 3143 τούτοις.
1462 3080 1536 3133 Οὐ
1568 3081 1712 3152 μέγα

133 3161 243 3231 γὰρ
274 3159 487 3229 δοκοῦν,
527 3162 770 3233 μεγάλας
803 3162 959 3237 φέρει
990 3165 1214 3238 ζημίας.

208 3341 310 3408 ps’.
346 3336 583 3402 Πολλοὺς
634 3338 866 3410 ἔϐλαψεν
894 3341 1247 3414 εὐτραπελία’
1299 3346 1409 3401 ἀπὸ
1438 3348 1547 3420 γὰρ
1569 3349 1713 3417 γνώ-

142 3448 252 3500 μης
294 3430 660 3486 διεκπεσοῦσα
708 3434 1036 3506 παιζούσης,
1083 3434 1274 3508 καιρία
1304 3439 1489 3509 πληγὴ
1523 3441 1714 3508 γέγονε

134 3524 249 3587 τοῖς
268 3522 659 3594 διαπαιχθεῖσι·
683 3528 777 3579 καὶ
808 3527 1038 3597 βραχείᾳ
1066 3528 1258 3600 τέρψει
1285 3530 1392 3584 τῶν
1426 3532 1713 3603 ἐπιτυχόν-

135 3632 269 3678 των,
331 3616 571 3685 μεγάλας
626 3616 813 3671 ἔτεκεν
866 3617 1065 3690 ἔχθρας
1100 3623 1209 3673 τῶν
1240 3621 1567 3680 σπουδαίων.
1612 3627 1715 3679 Ἦν

138 3707 308 3759 παντὶ
341 3706 437 3776 μὲν
459 3707 689 3778 ἔμφρονι
716 3709 1197 3780 παραφυλακτέον,
1222 3712 1442 3785 ἄρχοντι
1467 3714 1524 3767 δὲ
1554 3716 1716 3785 μαλι-

139 3817 242 3853 στα
267 3800 376 3852 τῶν
411 3800 584 3853 ἄλλων
610 3816 623 3829 ·
663 3801 745 3855 ὃτι
780 3802 873 3855 καί
903 3804 1142 3871 χυδαῖον,
1203 3805 1296 3857 καὶ
1355 3810 1717 3879 καταφρονεί-

140 3894 267 3947 σθαι
299 3893 573 3966 μᾶλλον,ῆ
605 3898 1060 3966 χαριεντίζεσθαι,
1090 3901 1517 3970 παρασκευάζει.

212 4070 328 4143 pq’.
360 4072 677 4142 Εὐεργετῶν
709 4074 769 4131 τὸ
809 4075 1047 4147 ὑπήκοον
1086 4079 1469 4151 περιφρούρει,
1509 4082 1585 4147 ὡς
1618 4083 1719 4155 τῆς

141 4166 325 4237 ἀρχῆς
345 4165 511 4238 νεῦρα
544 4168 638 4221 καὶ
657 4169 831 4222 οἰκεῖα
858 4169 1017 4241 μέλη.
1062 4172 1321 4226 Ἐκείνων
1350 4174 1460 4245 γὰρ
1486 4174 1719 4230 διασπα-

144 4259 405 4325 σοέντων,
462 4258 708 4325 κίνδυνος
761 4261 857 4315 κα)⁸
915 4262 1015 4334 τὴν
1069 4264 1169 4337 σὴν
1240 4266 1715 4335 συγκαταλύεσθαι

139 4352 419 4419 ἐξουσίαν.

217 4444 320 4516 ρξ’.
353 4445 464 4509 Τὰς
504 4445 883 4518 μελετωμένας
919 4458 947 4485 ιι
986 4448 1225 4513 στάσεις,
1263 4450 1387 4505 ὅσαι
1420 4451 1499 4522 μὴ
1528 4451 1717 4507 σϐέσαι

142 4538 298 4609 ῥᾷον,
336 4537 559 4607 ἄμεινον
597 4538 820 4607 ἀγνοίας
877 4540 1164 4612 ὑποκρίσει
1214 4540 1417 4606 δοῦναι,
1447 4545 1543 4597 καὶ
1578 4544 1716 4617 λήθῃ

1810 2044 1989 2100 dentis
2030 2053 2155 2112 est,
2195 2048 2520 2116 quantocius
2574 2056 2635 2102 ut
2692 2048 2961 2116 collapsus
2996 2057 3287 2117 resurgat,
3351 2054 3408 2101 et

1809 2130 2018 2205 lapsum
2052 2138 2130 2193 sic
2150 2156 2309 2194 suum
2348 2140 2596 2195 instituat
2619 2157 2688 2195 ne
2721 2142 2975 2212 deinceps
3003 2142 3233 2197 labatur.

1881 2228 2005 2284 102.
2048 2229 2314 2286 Voluntas
2354 2232 2409 2286 in
2432 2233 2709 2288 laboribus
2734 2234 3096 2303 suscipiendis
3122 2239 3397 2302 prompta,

1812 2321 2307 2379 involuntariorum
2330 2326 2464 2381 illud
2497 2326 2694 2380 durum
2729 2327 2894 2379 telum
2918 2335 2971 2379 et
3002 2325 3406 2381 intolerandum

1810 2413 2029 2486 frangit.
2064 2414 2343 2486 Optimum
2371 2427 2455 2473 est
2482 2418 2646 2489 igitur
2678 2417 2745 2471 de
2772 2417 3089 2473 voluntariis
3122 2421 3398 2478 meditari~

1810 2514 1865 2560 et
1893 2506 1947 2559 in
1974 2506 2166 2561 iisdem
2204 2508 2491 2564 inhaerere.

1882 2596 2005 2651 103.
2046 2599 2126 2652 Ad
2156 2600 2413 2655 virtutem
2446 2610 2501 2656 et
2533 2602 2925 2672 perfectionem
2962 2604 3219 2673 principis
3278 2618 3402 2673 spe-

1812 2696 1943 2753 ctat,
1971 2701 2088 2744 tum
2130 2691 2345 2745 turbam
2398 2695 2787 2763 promiscuam,
2844 2706 2957 2750 tum
2992 2696 3261 2767 imprimis
3312 2711 3400 2750 se-

1811 2781 1988 2852 ipsum
2016 2782 2223 2853 pudore
2251 2798 2281 2837 a
2309 2787 2545 2855 peccatis
2577 2786 2867 2842 abstinere.

1885 2874 2011 2930 104.
2048 2874 2390 2931 Contumelia
2442 2877 2626 2935 verbis
2677 2878 2887 2949 ingesta
2951 2878 3094 2949 apud
3146 2880 3404 2936 homines

1812 2965 2017 3021 liberos
2060 2983 2254 3037 parum
2297 2968 2478 3024 diﬂ'ert
2514 2985 2544 3024 a
2577 2970 2748 3041 plagis
2795 2972 3034 3041 acceptis
3072 2981 3127 3026 et
3158 2972 3401 3027 verberi-

1813 3058 1934 3113 bus.
1974 3059 2289 3115 Cavendum
2324 3070 2556 3133 estergo
2584 3076 2654 3115 ne
2685 3062 2941 3131 proclivis
2967 3062 3158 3117 feraris
3177 3064 3245 3117 ad
3265 3078 3413 3118 con--

1812 3151 2145 3219 viciandum,
2201 3154 2470 3223 siquidem
2520 3155 2573 3209 id
2607 3155 2752 3224 quod
2796 3155 2943 3210 haud
2988 3157 3231 3212 creditur
3280 3172 3401 3211 ma-

1740 3282 1783 3341 C
1816 3262 2003 3316 gnum,
2035 3262 2227 3317 magna
2268 3247 2467 3303 damna
2493 3257 2775 3319 procurat.

1895 3338 2009 3392 105.
2048 3339 2243 3394 Multos
2296 3341 2578 3394 urbanitas
2606 3341 2782 3395 lmsit:
2814 3340 2883 3394 ab
2910 3339 3094 3394 animo
3135 3338 3424 3408 siquidem.

1816 3429 2023 3484 ludenti
2049 3430 2315 3500 profecta,
2338 3432 2629 3501 aliquando
2658 3431 2855 3485 vulnus
2884 3430 3081 3485 letbale
3114 3429 3285 3483 illusis
3315 3429 3404 3483 in-

1816 3520 1951 3590 ﬂigit
1983 3538 1997 3576 :
2032 3537 2152 3591 quae
2172 3538 2267 3592 per
2292 3523 2584 3577 admodum
2602 3523 2822 3577 brevem
2846 3522 3266 3576 oblectationem
3288 3521 3406 3575 cui-

1817 3629 2032 3685 cunque
2056 3616 2215 3671 obvio
2243 3619 2563 3686 impensam,
2587 3615 2896 3670 inimicitias
2924 3614 3084 3667 etiam
3110 3628 3299 3684 graves
3319 3612 3405 3666 in-

1820 3714 1901 3758 ter
1928 3706 2220 3775 prudentes
2250 3706 2526 3760 excitavit.
2557 3704 2708 3759 Hanc
2748 3705 2871 3759 ideo
2896 3704 3123 3773 quisque
3163 3705 3405 3773 prudens

1818 3800 2061 3863 evitabit,
2085 3800 2334 3869 princeps
2352 3800 2644 3869 imprimis;
2668 3813 2791 3853 cum
2816 3813 2900 3851 res
2920 3797 3006 3860 sit,
3025 3814 3143 3867 qua:
3155 3807 3403 3852 contem-

1819 3900 1969 3962 ptum
2002 3890 2184 3961 potius
2213 3891 2373 3962 parit,
2402 3907 2561 3961 quam
2593 3892 2819 3961 gratiam
2851 3892 2934 3945 vel
2971 3890 3423 3959 aeceptationcm‘

1820 3985 2079 4054 aliquam.

1895 4075 2014 4129 106.
2057 4073 2341 4129 Beneﬁciis
2378 4075 2624 4130 subditos
2687 4074 3114 4136 circumvallato,
3148 4080 3419 4140 tanquam

1820 4183 2017 4224 nervos
2063 4167 2301 4237 imperii,
2334 4176 2389 4221 et
2427 4178 2517 4222 tua
2548 4169 2719 4238 ipsius
2763 4168 3026 4222 membra.
3053 4164 3186 4219 Nam
3219 4166 3261 4221 si
3312 4165 3407 4221 illa-

1821 4262 2222 4332 discerpantur,
2259 4260 2557 4329 periculum
2600 4262 2695 4316 tibi
2731 4261 2983 4315 interitus
3016 4260 3313 4324 incumbet,
3347 4270 3406 4316 et

1823 4353 2036 4423 imperii
2070 4354 2258 4407 ruinae.

1895 4447 2017 4500 107.
2086 4446 2396 4501 Seditiones
2465 4446 3005 4518 conspirationcsque
3059 4463 3194 4517 quas
3247 4447 3403 4502 facile

1821 4554 1929 4593 non
1964 4540 2089 4594 licet
2123 4539 2491 4611 exstinguere,
2526 4540 2854 4595 conduceret
2882 4557 2981 4610 per
3018 4540 3401 4594 dissimulatio-

140 4629 405 4698 καλύψαι,
431 4630 481 4701 οῆ
536 4629 979 4702 θριαμϐεύσαντα
1035 4633 1331 4700 ἐπεξιέναι.
1379 4636 1452 4688 Τὸ
1480 4638 1579 4706 μὲν
1610 4640 1712 4711 γὰρ

1826 4648 1949 4685 nem
1989 4641 2045 4686 et
2091 4640 2417 4701 praatensam
2457 4632 2821 4704 ignorantiam
2865 4633 3119 4686 oblivioni
3161 4634 3396 4696 tradere,

139 4722 255 4777 ἔσθ’
286 4724 377 4777 ὅτε
408 4724 502 4777 καὶ
547 4726 708 4779 πλέον
758 4726 929 4796 ἀνῆψε
970 4726 1068 4799 τὴν
1103 4728 1297 4796 φλόγα,
1327 4730 1422 4782 καὶ
1448 4730 1719 4800 χαλεποὺς

137 4819 344 4886 ἤνεγκε
396 4818 694 4882 κινδύνους,
742 4820 837 4872 καὶ
868 4818 1034 4890 πολλῇ
1088 4820 1182 4874 καὶ
1226 4819 1317 4873 τὸν
1378 4820 1715 4877 διασωθέντα

136 4908 435 4977 περιέϐαλε
470 4906 665 4979 ζημίᾳ·
694 4908 753 4961 τὸ
774 4908 852 4969 δὲ,
888 4911 1105 4981 πραέως
1130 4910 1416 4981 κοιμίζειν,
1442 4913 1537 4966 καὶ
1573 4915 1713 4983 μετά

133 5000 235 5052 τοῦ
258 5000 568 5066 ἀκινδύνου,
590 5000 652 5054 τὸ
683 5000 1063 5073 φιλάνθρωπον
1087 5004 1179 5058 καὶ
1206 5006 1423 5059 συνετὸν
1456 5008 1551 5061 καὶ
1574 5008 1710 5077 ἀζή-

138 5110 267 5163 μιον
290 5093 559 5165 περιέχει.

214 5372 321 5437 ρη’.
362 5360 595 5419 Δεϊ²τδν
618 5366 875 5438 ἄρχοντα,
910 5370 1226 5439 φερομένων
1258 5372 1359 5441 μὲν
1394 5368 1542 5439 αὐτῷ
1569 5366 1712 5420 κατά

138 5459 271 5531 ῥοῦν
297 5458 408 5511 τῶν
436 5460 776 5529 πραγμάτων
803 5462 895 5514 καὶ
916 5457 975 5515 εῦ
999 5462 1363 5529 συνεστώτων,
1395 5463 1471 5528 ὡς
1494 5462 1715 5516 σαλευο-

139 5552 323 5623 μένων
352 5550 748 5621 ἁσφαλίζεσθαι
778 5553 871 5607 καὶ
909 5553 1304 5626 ἐπιμελεῖσθαι.
1381 5556 1710 5627 Ἀνατρεπο-

1825 4740 1988 4794 quam
2044 4724 2261 4792 publico
2288 4724 2441 4793 quasi
2473 4724 2751 4795 triumpho
2781 4726 3081 4794 propalare.
3129 4723 3201 4776 Ita
3250 4724 3397 4777 enim

1826 4816 1939 4870 fieri
1981 4814 2118 4870 solet
2151 4824 2209 4867 ut
2244 4812 2458 4868 ﬂamma
2489 4813 2660 4884 magis
2680 4830 2749 4867 ex
2772 4830 2836 4869 eo
2874 4812 3201 4867 accendatur
3226 4818 3281 4863 et
3307 4826 3400 4880 pe-

1822 4906 1991 4961 ricula
2041 4920 2151 4959 non
2198 4905 2619 4959 leviacreentur
2651 4923 2665 4971 ;
2697 4906 2829 4974 quin
2877 4913 2930 4957 et
2990 4902 3207 4957 nonnisi
3261 4903 3423 4957 male

1819 5000 2078 5055 multatus
2142 4997 2371 5051 salutem
2411 4998 2515 5053 sibi
2559 4998 2679 5067 quis
2731 4996 3141 5064 comparaverit.
3185 4993 3227 5047 E
3278 5011 3404 5048 con-

1818 5093 1982 5150 trario
2010 5107 2158 5156 vero,
2192 5091 2565 5145 moderatione
2596 5090 2805 5159 sopitur
2833 5087 3057 5152 malum,
3090 5097 3145 5141 et
3173 5096 3404 5158 prmtero'

1814 5203 1975 5255 quam
2000 5185 2147 5254 quod
2177 5184 2296 5239 sine
2328 5184 2567 5254 periculo
2597 5184 2685 5245 sit,
2721 5181 3123 5247 misericordia},
3158 5183 3401 5252 pruden-

1815 5268 1924 5343 tiaz,
1947 5279 2307 5347 utilitatisque
2338 5278 2605 5331 rationem
2633 5276 2798 5329 subit.

1887 5371 2010 5425 108.
2051 5369 2364 5439 Principem
2412 5377 2647 5437 Oportet,
2676 5384 2800 5422 cum
2832 5376 2972 5423 statu
3018 5370 3261 5424 secundo
3310 5384 3400 5423 res

1817 5463 1919 5534 ipsi
1950 5464 2252 5518 succedant
2297 5470 2353 5515 et
2382 5462 2438 5515 in
2470 5468 2587 5513 tuto
2622 5460 2738 5515 sitae
2765 5476 2883 5515 esse
2924 5463 3236 5528 videantur,
3284 5478 3412 5514 non

1817 5572 1974 5613 secus
2000 5565 2180 5612 tamen
2204 5570 2369 5627 quam
2399 5554 2454 5610 in
2480 5563 2803 5625 tempestate
2826 5571 3145 5627 procurare,
3175 5565 3228 5612 et
3255 5554 3399 5611 salu.-

1456 5804 1686 5863 νηΔιιιίΕ
1722 5804 2139 5866 ιεςτιυιιεδ..

217 5900 246 5931 ³
282 5894 409 5969 Leg.
445 5914 511 5968 με
520 5897 906 5969 μελετημένας.
