4044 6446
709 535 813 605 691

1873 540 2137 604 PlIOTII
2176 539 2684 600 PATRIARCll/E
2721 540 2829 601 CP.
3841 544 3920 605 692

711 660 782 716 tis
825 658 1090 717 habendae
1139 659 1403 715 rationem
1438 674 1669 731 gerere;
1711 660 2049 715 conturbatis
2091 669 2264 713 autem

2378 657 2557 727 μένων
2580 657 2659 719 δέ,
2689 658 2785 710 καὶ
2816 654 3298 728 συρρηγνυμένων,
3334 655 3409 722 ὡς
3430 655 3499 711 ἂν
3521 655 3919 728 ἐπαναχθείηοιιν

704 751 893 815 rebus.
936 762 989 806 et
1014 751 1072 805 in
1098 766 1157 806 se
1184 748 1407 814 collisis,
1435 750 1584 805 omni
1606 749 1838 805 consilio
1865 759 1921 805 et
1954 748 2283 820 cogitatione

710 842 1049 917 incumbere,
1076 852 1135 897 ut
1164 841 1219 895 in
1248 851 1455 895 statum
1483 841 1821 912 redigantur,
1851 850 1908 896 et
1934 841 2075 895 bene
2100 839 2277 894 stabi-

703 934 927 990 liantur.
962 932 1095 987 Nam
1126 949 1247 1003 quae
1283 934 1356 988 ita
1383 942 1692 1004 comparata
1715 941 1862 996 sunt,
1902 939 1962 985 ut
1984 931 2036 984 in
2069 940 2279 1000 partem

700 1025 1016 1081 utramlibet
1050 1025 1311 1089 ferantur,
1354 1026 1471 1095 ipsa
1515 1024 1849 1096 experientia
1889 1024 2142 1087 docente,
2179 1021 2279 1077 de-

699 1117 906 1188 sperari
948 1133 1056 1172 non
1086 1117 1305 1172 debent.
1356 1117 1463 1173 Sed
1508 1117 1783 1173 interdum
1828 1116 2031 1172 factum
2072 1116 2173 1171 fuit
2218 1126 2279 1171 ut

699 1225 891 1266 secura
910 1210 1256 1282 negligentia,
1278 1210 1529 1281 quamvis
1549 1210 1779 1275 tantilla,
1798 1209 2131 1280 principatus
2160 1224 2276 1263 ma-

699 1317 838 1370 gnos
878 1311 935 1356 et
955 1300 1288 1355 excellentes
1319 1298 1776 1370 pessumdederit,
1805 1314 1943 1367 quos
1966 1298 2037 1352 ita
2085 1298 2272 1353 detur-

696 1393 855 1449 batos
886 1393 1118 1464 diligens
1159 1409 1283 1449 cum
1317 1402 1467 1447 recto
1495 1393 1724 1448 consilio
1750 1392 2035 1458 industria,
2063 1392 2118 1446 in
2157 1407 2273 1447 ma-

696 1485 1037 1556 gnitudinem
1066 1484 1321 1540 eximiam
1354 1485 1629 1548 reductos,
1656 1484 2005 1539 restauravit.

768 1574 889 1630 109.
929 1574 1239 1631 Prudentes
1268 1584 1325 1630 et
1364 1576 1607 1630 moribus
1628 1574 1922 1647 compositi
1953 1575 2053 1630 viri
2104 1576 2270 1631 rebus

692 1666 972 1736 prosperis
1019 1681 1132 1720 non
1167 1666 1444 1731 inﬂantur,
1480 1670 1576 1722 sed
1610 1670 1886 1723 moderata
1916 1669 2147 1739 quadam
2201 1668 2269 1723 de

690 1770 755 1811 se
798 1755 1059 1826 opinione
1114 1756 1390 1811 felicitatis
1449 1772 1562 1813 suae
1610 1772 1922 1812 mensuram
1976 1766 2263 1821 exornant,

695 1861 804 1915 qua
834 1857 891 1901 et
916 1846 1224 1902 invidorum
1256 1848 1459 1917 quique
1491 1848 1926 1904 malevolentiam
1959 1858 2262 1918 asperatam

689 1937 867 1994 lenire
887 1937 1085 1993 solent.
1114 1938 1269 2005 Quod
1292 1939 1337 1994 si
1357 1939 1761 2009 cespitaverint,
1787 1940 2000 1995 fortiter
2025 1940 2153 1994 illud
2185 1941 2262 1994 fe-

2389 750 2483 803 καὶ
2505 749 2839 818 ἐδρασθεῐεν,
2863 748 3213 819 βουλεύεσθαι
3243 748 3338 802 καὶ
3369 746 3684 819 φροντίζειν
3704 764 3719 778 ο
3741 748 3917 802 οὐδέτε-

2384 858 2480 911 ρον
2510 842 2622 912 γὰρ
2646 840 2755 894 τῶν
2784 841 2876 893 ἐπὶ
2903 840 3158 894 τάναντία
3187 841 3463 911 φερόντων
3490 842 3525 910 ἠ
3552 841 3729 910 πεῖρα
3750 840 3919 894 asiam.

2384 950 2470 986 σιν
2494 933 2835 991 ἀνέλπιστον.
2879 932 3039 988 ’Δλλὰ
3076 932 3339 997 πολλάκις
3363 934 3535 1005 μικρὰ
3570 930 3826 1003 ῥᾳστώνη
3850 951 3919 1003 με.

2382 1027 2553 1094 γάλας
2580 1027 2752 1097 ἀρχὰς
2780 1026 2873 1080 καὶ
2904 1025 3244 1097 ὑπερόγκους
3274 1028 3643 1094 κατήνεγκεν,
3676 1026 3777 1077 καὶ
3793 1024 3919 1079 πάλιν

2385 1115 2593 1186 σπουδὴ
2638 1116 2735 1169 σὺν
2778 1114 3052 1186 εὐϐουλίᾳ,
3074 1116 3155 1178 εἰς
3184 1114 3330 1185 μέγα
3345 1113 3630 1185 δυνάμεως
3655 1111 3793 1182 ῦψος
3825 1114 3917 1175 τοὺς

2380 1208 2805 1281 κατενεχθέντας
2826 1206 3198 1277 ἐπανήγαγεν.

2448 1557 2547 1628 ρο’.
2582 1560 2643 1611 Οί
2697 1556 2965 1628 ἔμφρονες
3020 1555 3117 1611 καὶ
3151 1555 3432 1619 εὐσταθεῖς
3472 1554 3589 1609 τῶν
3625 1552 3908 1626 ἀνθρώπων,

2373 1651 2767 1723 κατορθοῦντες
2798 1652 2917 1720 μὲν,
2940 1651 3001 1704 οὐ
3032 1649 3374 1720 φυσιοῦνται,
3404 1649 3541 1704 ἀλλὰ
3586 1649 3792 1719 μετρίῳ
3822 1664 3910 1718 ego.

2371 1745 2577 1813 νήματι
2600 1742 2701 1813 τῆς
2734 1742 3041 1813 εὐπραγίας
3066 1742 3331 1813 κοσμοῦσι
3355 1742 3446 1795 τὸν
3478 1741 3671 1809 ὀγκον,
3711 1740 3800 1795 καὶ
3837 1739 3910 1792 τῶν

2371 1836 2706 1905 φθονούντων
2726 1834 3118 1905 διαπραΰνουσι
3132 1834 3193 1887 τὸ
3214 1832 3571 1903 φλεγμαῖνον.
3600 1830 3911 1902 Περιπταίονο

2371 1945 2458 1990 τες
2482 1927 2560 1990 δὲ,
2588 1926 2813 1997 φέρουσι
2842 1926 3098 1994 γεναίως,
3119 1925 3213 1979 καὶ
3235 1925 3297 1978 τὸ
3322 1922 3724 1997 ουνε[ενῙχθὲν,
3760 1920 3910 1992 aperi;

690 2038 843 2093 runt,
873 2030 930 2084 in
977 2040 1358 2102 argumentum
1393 2006 1610 2086 virtutis
1642 2048 1776 2096 sum,
1811 2033 1884 2097 id,
1915 2032 2058 2103 quod
2103 2032 2264 2086 conti-

2382 2016 2638 2071 ὑπόθεσιν
2673 2016 3004 2087 ποιούμενοι,
3047 2016 3123 2087 τῷ
3161 2015 3356 2086 κράτει
3409 2016 3621 2085 ταύτης
3659 2011 3911 2083 δυναμοῦτι

690 2123 790 2195 git,
822 2123 1125 2185 trahentes.
1159 2123 1317 2192 cujus
1362 2134 1632 2194 potestate
1666 2132 1905 2179 mentem
1955 2124 2058 2179 sibi
2117 2139 2272 2178 suam

694 2213 980 2274 roborant.
1001 2223 1056 2269 et
1075 2214 1512 2285 desperationem
1536 2231 1751 2270 onmem
1781 2217 1849 2271 ab
1869 2216 2052 2270 animo
2080 2216 2273 2286 procul

688 2305 1049 2362 amoliuntur.
1098 2305 1414 2379 lntelligunt
1470 2307 1617 2363 enim
1689 2322 1810 2363 esse
1866 2323 1953 2363 res
2005 2308 2273 2363 humanas

689 2411 885 2452 omnes
936 2398 1260 2463 versatiles,
1319 2399 1599 2455 instabiles
1654 2408 1708 2455 et
1774 2399 1997 2454 minime
2048 2401 2268 2455 lirmas:

689 2487 932 2542 levitatis
953 2503 1114 2557 porro
1137 2498 1192 2543 et
1217 2488 1543 2559 insipientize
1566 2504 1688 2544 esse
1708 2530 1722 2554 ,
1761 2490 1871 2544 imo
1900 2498 1957 2544 et
1988 2489 2273 2559 pusillani-

688 2577 891 2635 mitatis
920 2618 937 2643 ,
979 2579 1142 2635 rebus
1196 2580 1450 2637 secundis
1485 2581 1656 2636 attolli
1693 2591 1749 2637 et
1800 2580 1995 2647 inﬂari,
2032 2582 2273 2637 adversis

686 2669 1047 2726 autemvalde
1074 2669 1254 2739 dejici,
1282 2682 1337 2725 et
1366 2686 1596 2725 maerore
1628 2672 1855 2742 turpiter
1888 2674 2169 2729 macerari.

764 2761 888 2817 110.
945 2760 1317 2818 Prudentibus
1360 2765 1622 2820 convenit
1656 2765 1883 2822 adversa
1931 2768 2224 2836 prtevidere
2251 2807 2268 2833 .

691 2850 995 2921 eademque
1044 2868 1140 2921 per
1177 2854 1466 2909 consilium
1497 2870 1690 2910 sanum
1724 2866 2029 2926 opportune
2087 2873 2269 2913 semo-

693 2955 846 2997 γει-θ.
876 2940 990 2998 Nec
1040 2944 1222 2998 minus
1251 2946 1528 3009 convenit,
1559 2961 1897 3018 quaecunque
1949 2950 2265 3016 acciderint,

694 3032 905 3104 optime
956 3036 1256 3104 composita
1289 3036 1451 3098 ferre.
1491 3047 1544 3092 et
1602 3038 1654 3091 in
1688 3054 1801 3093 rem
1843 3056 1997 3095 suam
2037 3052 2264 3097 vertere.

765 3125 892 3182 Ml.
932 3125 1066 3181 Novi
1096 3142 1194 3198 ego
1222 3130 1511 3184 confertim
1548 3130 1887 3186 incurrentes
1928 3150 2108 3188 rerum
2149 3150 2268 3189 mo-

690 3216 814 3284 les,
866 3218 1239 3288 inexspectato
1303 3221 1581 3284 adventu,
1632 3223 1877 3278 homines
1942 3226 2259 3280 terrefactos

690 3320 749 3367 ct
778 3319 1155 3367 consternatos
1201 3313 1447 3378 reddere,
1492 3314 1651 3369 etiam
1704 3326 2055 3385 Spectatores,
2087 3326 2142 3372 et
2171 3318 2263 3386 qui

694 3402 1041 3471 tranquillius
1074 3402 1350 3473 aliquanto
1381 3404 1589 3459 ferrent
1625 3421 1711 3471 ea,
1751 3408 1887 3460 adeo
1927 3416 2005 3471 ut,
2042 3424 2143 3462 nec
2167 3408 2261 3463 ad-

688 3510 882 3550 versus
910 3494 1089 3551 futura
1118 3505 1325 3553 stantes
1361 3498 1416 3551 in
1450 3501 1754 3569 procinctu,
1789 3515 1930 3556 onus
1966 3502 2093 3556 illud
2131 3519 2259 3571 pos-

687 3587 857 3643 sinta
886 3602 947 3643 se
977 3598 1255 3655 excutere;
1297 3601 1458 3660 atque
1503 3592 1574 3646 ita
1618 3594 1781 3647 etiam
1832 3611 1957 3649 cum
2001 3596 2259 3649 damnum

685 3675 818 3731 inde
848 3676 1135 3732 dimanans
1157 3694 1265 3733 non
1315 3680 1629 3751 adaugetur,
1660 3699 1844 3737 verum
1875 3685 2054 3752 potius
2080 3686 2262 3739 remit-

686 3777 854 3831 tatur,
885 3784 982 3837 per
1010 3786 1191 3825 mores
1212 3771 1412 3841 alioqui
1440 3774 1815 3828 modestiores.
1850 3773 1992 3839 Vidi,
2019 3775 2258 3844 inquam,

685 3857 798 3913 vidi
851 3858 1112 3926 quasdam
1146 3874 1235 3913 res
1261 3859 1334 3913 ita
1364 3862 1711 3931 compositas.
1736 3873 1795 3915 ut
1823 3879 1921 3931 per
1944 3875 2259 3920 consuetam

688 3949 1131 4015 familiaritatem,
1180 3951 1438 4021 paulatim
1496 3953 1906 4023 progrediendo,
1957 3956 2255 4021 alleviataa,

688 4039 746 4095 in
772 4042 949 4095 omnis
987 4042 1250 4097 molestia:
1278 4045 1573 4098 carcntiam
1596 4048 1937 4115 evanuerint;
1968 4051 2101 4105 alias
2130 4068 2258 4107 vero

689 4128 968 4184 interdum
997 4146 1029 4185 e
1061 4134 1354 4198 contrario,
1386 4149 1481 4189 eos
1519 4136 1682 4190 etiam
1731 4139 1820 4207 qui
1868 4140 1940 4194 ita
1966 4141 2254 4209 vivebant,

689 4228 754 4274 ut
802 4222 1087 4290 auderent,
1131 4236 1388 4281 curarent
1438 4228 1593 4295 nihil,
1645 4237 1897 4301 tanquam
1951 4236 2186 4290 stimulis
2227 4255 2257 4293 e

688 4324 884 4366 somno
914 4324 1166 4382 punctos,
1208 4316 1493 4373 excitasse.
1526 4320 1770 4391 Quisque
1813 4325 1957 4378 enim
1998 4326 2258 4397 inexspe-

687 4410 833 4457 ctato
861 4412 916 4458 et
936 4405 1219 4461 subitaueo
1253 4423 1431 4462 rerum
1452 4411 1684 4465 adventu
1714 4415 1998 4479 excitatus,
2024 4425 2079 4471 et
2103 4418 2256 4486 quasi

686 4492 964 4565 prurigine
993 4495 1259 4569 impulsus
1282 4499 1347 4553 ad
1387 4502 1652 4575 agendum
1683 4506 1912 4567 accedit,
1969 4507 2042 4560 ita
2083 4521 2141 4562 ut
2186 4526 2258 4563 ne

685 4582 907 4655 quidem
944 4587 1011 4642 ad
1045 4589 1205 4645 unius
1252 4591 1355 4646 diei
1421 4595 1657 4662 spatium
1714 4599 1954 4666 potuerit
2002 4601 2255 4656 resistere

2381 2110 2479 2180 τὴν
2503 2108 2751 2181 γνώμην,
2780 2107 2952 2161 καὶτὸ
2980 2106 3225 2178 ἀθυμοῦν
3249 2104 3551 2176 ἐξορίζουσι
3576 2106 3678 2175 τῆς
3702 2102 3909 2163 διανοίας.

2385 2204 2563 2255 Ἴοασι
2588 2201 2697 2272 γὰρ
2729 2200 2790 2253 τὸ
2820 2200 2904 2270 ἐφ’
2926 2200 3164 2271 ἑκάτερα
3185 2198 3438 2269 στρεπτὸν,
3464 2198 3562 2250 καὶ
3589 2193 3912 2258 ἇστατον,ιιαὶ

2381 2294 2636 2347 ἀϐέϐαιον
2662 2293 2771 2346 τῶν
2803 2292 3182 2362 ἀνθρωπίνων;
3227 2288 3566 2359 Ἀφροσύνης
3600 2287 3663 2340 δὲ
3714 2288 3798 2339 καὶ
3817 2301 3911 2338 κου·

2381 2384 2611 2453 φότητος
2646 2384 2737 2437 καὶ
2761 2382 3171 2450 ἀπειροκαλίας,
3197 2381 3258 2434 τό
3287 2396 3347 2431 τε
3372 2379 3429 2432 ἐν
3457 2381 3585 2441 ταῖς
3630 2374 3910 2446 εὐπραγίαις

2379 2476 2701 2547 ἐπαίρεσθαι
2731 2476 2825 2529 καὶ
2851 2475 2913 2528 τὸ
2935 2476 2995 2528 ἐν
3018 2478 3139 2537 ταῖς
3157 2470 3523 2543 δυσπραγίαις
3550 2469 3761 2540 σφόδρα
3786 2482 3911 2520 κατα-

2380 2568 2603 2623 πίπτειν
2628 2568 2721 2621 καὶ
2750 2568 3139 2639 ἐνασχημονεῖν
3166 2568 3232 2637 τῇ
3256 2564 3489 2637 ἀθυμία.

2448 2755 2539 2821 ρι’.
2581 2747 2815 2818 Ἀνδρῶν
2860 2746 2959 2817 μέν
2981 2742 3241 2809 συνετῶν,
3276 2739 3577 2812 προνοῆσαι
3625 2738 3694 2790 τὰ
3720 2733 3905 2803 δυσχερῆ

2378 2842 2471 2894 καὶ
2502 2838 2826 2894 ἀπώσασθαι
2858 2837 2927 2891 δι’
2958 2834 3236 2899 εὐϐουλίας
3257 2851 3270 2865 ·
3331 2834 3434 2886 οὐκ
3487 2831 3785 2883 ἐλαττόνων
3806 2837 3825 2857 ⁸
3848 2826 3905 2886 ἃ,

2376 2935 2472 2987 καὶ
2501 2934 2569 2987 τὰ
2603 2931 2989 3004 συμϐεϐηκότα
3046 2930 3225 2993 καλῶς
3280 2925 3566 2982 διαθέσθαι
3617 2925 3713 2977 καὶ
3746 2925 3908 2976 οἰκονο-

2379 3026 2572 3097 μῆσαι.

2447 3126 2573 3191 pta}.
2621 3114 2751 3173 Οἶδα
2782 3118 2894 3189 (56)
2942 3116 3171 3189 πράξεις
3219 3114 3415 3185 ἀθρόον
3468 3111 3792 3173 ἐπιστάσας,
3833 3105 3909 3159 καὶ

2372 3213 2447 3284 τῷ
2470 3214 2717 3285 ἀδοκήτῳ
2743 3212 2836 3265 τοῦ
2867 3209 3271 3281 συμϐεϐηκότος
3297 3206 3697 3274 ἐκπλαγέντας,
3715 3204 3824 3265 τοὺς
3842 3218 3911 3253 τε·

2374 3307 2692 3378 Οεαμένους,
2721 3305 2817 3359 καὶ
2837 3304 3052 3375 ἡσύχως
3079 3302 3402 3371 ἐνεγκόντας
3431 3300 3501 3354 τὰ
3531 3298 3907 3367 συνενεχθέντα,

2373 3402 2464 3455 καὶ
2503 3400 2611 3453 οὐδ’
2643 3402 2723 3462 εἰς
2758 3399 2819 3452 τὸ
2863 3399 3051 3452 ἔπειτα
3085 3395 3508 3460 διαναστάντας,
3548 3390 3909 3447 ἀποσείσασθαι

2368 3497 2430 3548 τὸ
2459 3494 2661 3564 βάρος·
2690 3494 2921 3562 μάλιστα
2947 3491 3003 3543 δέ
3026 3493 3124 3560 τῆς
3154 3489 3211 3555 ἐξ
3236 3487 3416 3541 αὐτῶν
3447 3488 3511 3539 οὐ
3541 3482 3909 3553 συναυξομένης

2370 3589 2600 3660 βλάϐης,
2632 3588 2765 3641 ἀλλὰ
2815 3588 2909 3638 κα)⁸
2940 3584 3162 3655 τρόποις
3202 3580 3382 3642 ἄλλοις
3437 3576 3763 3647 πραοτέροις
3798 3574 3908 3625 ὐπο-

2368 3680 2708 3751 χαλωμένης.
2755 3678 2903 3731 Ἰδὼν
2954 3675 3063 3747 γὰρ
3121 3675 3230 3727 ἴδον
3264 3672 3409 3733 ἐνίας
3436 3668 3616 3728 οὕτως
3654 3670 3906 3732 οἰκονομη-

2369 3774 2571 3837 θείσας,
2606 3772 2799 3841 καὶτῷ
2831 3769 3071 3840 συνήθει,
3114 3766 3230 3821 κατ’
3256 3765 3456 3833 ὀλίγον,
3490 3763 3586 3816 ἐπὶ
3627 3760 3778 3813 πλέον
3806 3774 3908 3808 συν-

2367 3867 2858 3937 επικουφιζομὲνας
2883 3906 2898 3931 ,
2944 3864 3026 3927 είς
3048 3864 3109 3914 τὸ
3134 3858 3487 3913 ἁλυπὼτατον
3509 3852 3903 3923 ἁποκριθείσας’

2365 3963 2527 4025 ἄλλας
2557 3962 2613 4014 δὲ
2660 3957 2966 4013 τουναντίον
2990 3998 3006 4021 ,
3060 3955 3153 4007 καὶ
3198 3955 3324 4014 τοὺς
3363 3951 3499 4021 πρὸς
3532 3949 3786 4017 ἀμέλειαν
3827 3943 3905 3993 καὶ

2365 4054 2628 4123 ἀτολμίαν
2657 4052 2886 4116 ζῶντας,
2929 4049 3155 4117 κέντρου
3200 4045 3355 4113 δίκην
3386 4083 3400 4105 ,
3431 4042 3507 4105 ὡς
3539 4040 3601 4105 ἐξ
3628 4039 3806 4101 ὕπνου,
3840 4035 3901 4086 δι-

2366 4140 2750 4216 εγηγερκυίας.
2779 4141 2870 4212 Τῷ
2903 4140 3011 4210 γὰρ
3042 4138 3337 4210 παραλόγῳ
3366 4135 3462 4187 καὶ
3489 4130 3794 4200 ἐξαιφνιδίῳ
3816 4126 3902 4179 τῶν

2365 4235 2805 4306 προστυχόντων,
2854 4232 3085 4293 ἕκαστος
3135 4224 3599 4297 ἀνηρεθισμένος,
3646 4223 3751 4282 πᾶς
3790 4216 3900 4282 ἀνὴρ

2363 4332 2476 4391 τοῖς
2507 4329 2826 4398 πράγμασιν
2855 4325 3096 4391 ἐγεγόνει
3122 4336 3135 4350 ·
3167 4321 3262 4373 καὶ
3282 4318 3403 4372 οὐδὲ
3427 4317 3520 4369 ἐπὶ
3556 4317 3688 4386 μιᾶς
3724 4312 3901 4380 ἡμέρας

2363 4422 2622 4493 ἀντέσχεν
2654 4420 2896 4489 ἐπισχεῖν
2933 4418 2999 4487 τῇ
3059 4410 3460 4482 καινοτομίᾳρσ
3516 4408 3677 4462 ἄλλαι
3719 4406 3791 4464 δὲ,
3830 4399 3902 4450 καὶ

2365 4510 2525 4570 αὗται
2554 4514 2660 4566 τῶν
2689 4514 2789 4565 οὐκ
2826 4511 2883 4576 ἐξ
2922 4509 3106 4572 ἔθους,
3136 4505 3278 4559 κατὰ
3323 4501 3515 4573 μικρὸν
3552 4497 3899 4553 enatam-351:.

2364 4611 2458 4661 καὶ
2486 4607 2564 4678 τῷ
2608 4605 2809 4676 ἠρεμεῖ
2845 4602 2940 4655 καὶ¹
2985 4598 3245 4669 ἀταρὰχῳ
3279 4593 3792 4648 συνδιακλέπτουσαι
3820 4585 3895 4678 τήν

684 4679 899 4736 novitas
928 4700 943 4737 :
980 4698 1102 4739 cum
1138 4687 1247 4741 sint
1272 4688 1388 4743 alia:
1421 4705 1529 4758 res,
1560 4708 1662 4747 nec
1700 4692 1829 4764 ipsa:
1859 4707 2110 4761 assueta,
2134 4713 2253 4766 quae

2371 4698 2717 4768 συναίσθησιν
2760 4698 2859 4765 τῆς
2905 4690 3277 4759 καινοτομίας,
3328 4683 3729 4757 παρεισέδυσάν
3765 4696 3815 4731 τε
3852 4675 3896 4726 οὗ

683 4771 942 4843 paulatim
968 4791 1026 4831 se
1065 4778 1435 4850 subinferunt,
1464 4792 1519 4837 et
1566 4784 1768 4854 illapsze
1810 4786 1995 4855 quieto
2026 4803 2129 4841 nec
2168 4799 2253 4842 tu-

683 4864 961 4922 multuoso
1015 4882 1237 4927 sensum
1284 4888 1504 4927 omnem
1554 4875 1919 4933 innovationis
1965 4879 2252 4949 effugiunt,

684 4970 805 5027 quae
833 4958 954 5015 sine
988 4960 1172 5017 labore
1216 4964 1532 5031 illabuntur,
1575 4983 1677 5023 nec
1724 4971 1981 5027 novitatis
2025 4974 2255 5042 alicujus

646 5100 647 5105 η
684 5051 1001 5106 accesserim
1050 5056 1132 5109 vel
1178 5058 1498 5112 memoriam
1546 5061 1879 5130 relinquunt,
1920 5080 1990 5117 ne
2035 5064 2255 5135 quidem

684 5141 826 5209 apud
852 5145 1241 5213 experientiam
1287 5149 1529 5207 edoctos.
1580 5151 1837 5218 Quaedam
1874 5170 2006 5210 vero
2031 5173 2154 5211 cum
2186 5158 2254 5212 ad

2362 4796 2458 4846 σὺν
2488 4792 2655 4861 πόνῳ,
2686 4789 2780 4841 καὶ
2806 4787 2937 4851 οὐδ’,
2969 4787 3018 4837 εἰ
3049 4780 3360 4850 καινὸτερόν
3381 4797 3432 4830 τι
3459 4777 3681 4845 συνέϐη,
3716 4774 3898 4843 μνήμην

2358 4886 2597 4946 ἔδωκαν,
2630 4882 2751 4935 οὐδὲ
2796 4882 2909 4942 τοῖς
2962 4874 3444 4947 πεπειρασμένοις.
3496 4869 3657 4930 Τινὲς
3694 4868 3779 4927 δὲ,
3828 4863 3898 4915 τὶν

2360 4979 2544 5047 ὅμοιον
2573 4974 2772 5046 τρόπον
2812 4971 3237 5041 ὲπιχειρήσασαι
3283 4964 3663 5035 παρεισδύνειν
3685 5001 3701 5022 ,
3733 4959 3817 5011 καὶ

2362 5069 2436 5139 μὴ
2471 5065 2745 5138 τυραννίδι
2798 5063 2918 5133 μηδ’
2950 5059 3327 5126 αὐτοδεσπότῳ
3361 5057 3571 5126 κρατει,
3600 5053 3695 5105 καὶ
3739 5053 3800 5101 ἐκ
3827 5062 3899 5096 του

2358 5158 2673 5229 ἐμφανοῦς,
2710 5157 2899 5226 ὥσπερ
2966 5151 3347 5221 ἐπισκήπτειν,
3392 5148 3599 5201 δειλίαν
3653 5155 3900 5209 καταγνω-

1988 5307 2223 5363 ῩΑΚΙΙΕ
2268 5308 2563 5367 LECTION
2573 5308 2681 5365 ES.

625 5452 628 5460 λ
662 5414 667 5419 ι
759 5398 789 5429 ο
816 5392 1057 5448 ἔλαττον.
1136 5404 1167 5444 ι
1206 5412 1295 5463 rp.
1330 5396 1365 5465 ή
1394 5396 1731 5466 καινοτομία.

2188 5535 2419 5593 ΝΟΤΙΕ.

753 5690 867 5760 (56)
897 5690 1134 5745 Confusa
1177 5700 1264 5747 est
1300 5692 1416 5745 hac
1448 5699 1505 5745 et
1550 5686 1728 5752 hians,
1769 5696 1827 5742 ut
1870 5688 2003 5760 alias
2033 5705 2248 5760 quoque

681 5757 880 5825 oratio,
934 5776 1034 5831 per
1093 5770 1259 5817 totam
1307 5762 1448 5816 hanc
1514 5757 2008 5831 sectionem.‘Hoc
2064 5757 2247 5816 autem

682 5831 802 5910 vult
857 5829 1085 5887 sescire
1112 5832 1202 5886 ubi
1239 5831 1468 5910 πράξεις
1495 5829 2136 5910 depéov‘incubuerefos
2156 5831 2246 5910 qui

685 5899 1053 5971 inexspectato
1089 5899 1366 5971 terrefacti
1397 5909 1545 5959 sunt.
1571 5914 1680 5971 non
1706 5905 1911 5952 tantum
1944 5900 2140 5967 quibus
2164 5899 2246 5953 in-

689 5970 1017 6042 cubuerant,
1058 5972 1153 6029 sed
1196 5984 1254 6028 et
1296 5970 1462 6026 etiam
1502 5970 1856 6040 spectatores,
1904 5984 2027 6025 cum
2066 5971 2248 6044 quiete

2354 5691 2919 5767 ferrent,_excussisse
2939 5712 3101 5751 onus.
3131 5697 3223 5751 Illa
3250 5711 3433 5767 porro,
3461 5696 3599 5749 ἀλλὰ
3620 5695 3679 5749 δὲ
3705 5692 3911 5767 τούναν-

2353 5762 2487 5827 τίον,
2524 5765 2607 5819 vel
2641 5777 2896 5836 corrupta
2928 5777 3075 5830 sunt,
3108 5768 3192 5822 vel
3222 5761 3400 5830 cer-te,
3430 5767 3671 5829 σόλοικα,
3708 5773 3764 5817 ιιι
3790 5761 3913 5836 Eam-

2356 5848 2477 5895 στος
2504 5843 2559 5888 et
2590 5838 2697 5908 πᾶς
2742 5831 2905 5908 ἀνῆρ.
2947 5837 3072 5891 Mihi
3115 5837 3233 5892 sine
3267 5838 3420 5891 libris
3457 5837 3773 5908 melioribus
3811 5831 3916 5908 haec

2354 5911 2481 5981 sunt
2524 5901 2864 5964 conclamata
2900 5924 3036 5964 :sen
3072 5923 3165 5965 um
3208 5918 3267 5965 et
3310 5907 3615 5981 εὐρυθμίαν
3661 5901 3920 5962 extundat

2353 5986 2441 6042 qui
2469 5983 2667 6043 potest.
