4044 6420
191 417 309 482 693

1393 413 1929 478 EPISTOLARUM
1966 410 2203 479 LIBER
2228 408 2284 472 Ι.

195 526 439 588 σθεῖσαι,
469 522 666 578 θᾶττον
692 521 1082 595 ἀνετράπησαν
1106 514 1213 575 ὑπὸ
1245 519 1354 574 τῶν
1375 520 1764 590 ἐπιτυχόντων.

1883 516 2119 572 :umdem
2145 511 2364 568 modum
2388 506 2693 566 subinferre
2712 521 2772 562 se
2793 503 3196 566 atlentaverint.
3215 518 3316 560 nec
3339 517 3436 573 per

191 617 294 688 Τῷ
319 618 430 686 γὰρ
469 614 593 669 καθ’
622 614 823 678 ἑαυτὰς
852 614 1250 686 εὐλαῦεστέρῳ,
1279 613 1359 676 είς
1382 612 1582 682 Θράσος
1603 610 1766 680 ἄσχε-

190 720 291 756 τον
325 704 422 756 καὶ
471 701 783 774 παράϐολον
833 701 1041 772 τόλμαν
1088 701 1471 767 ἐξοπλίσασαι,
1509 700 1604 754 καὶ
1638 699 1766 762 τοὺς

190 794 309 866 πρὸ
336 795 526 849 τούτου
551 793 808 860 δόξαντας
839 793 1302 858 ἐπιεικεστάτους,
1341 792 1480 864 αὐτῇ
1509 790 1770 860 συνεφθά-

193 904 378 960 ρησαν
401 891 466 958 τῇ
492 887 861 958 ἐπιχειρήσει.
893 885 1015 951 Πῶς
1046 881 1142 940 οὖν
1166 887 1282 940 ἐστι
1305 886 1486 956 τυχεῖν
1514 882 1609 937 τοῦ
1641 899 1768 936 σκο-

191 978 307 1032 ποῦ
328 996 346 1044 ;
367 978 627 1032 τάναντία
654 978 764 1049 γὰρ
783 977 869 1032 διὰ
894 977 1005 1031 τῶν
1027 977 1207 1031 αὐτῶν
1223 977 1422 1046 ὁρᾶται
1451 971 1768 1028 συντετελε-

193 1070 401 1142 σμένα.
426 1071 686 1141 Ἄμεινον
710 1071 808 1136 μὲν
833 1069 956 1141 μηδ’
979 1068 1323 1140 ἀπάρχεσθαι
1342 1068 1451 1122 τῶν
1471 1066 1731 1121 τοιούτων
1747 1081 1764 1096 ο

189 1163 374 1218 δειναὶ
401 1163 510 1236 γὰρ
529 1164 588 1216 αί
606 1163 946 1234 καινότητες,
972 1161 1066 1216 καὶ
1091 1163 1260 1234 χωρὶς
1285 1160 1472 1232 ἐτέρου
1497 1157 1766 1229 λυπηροῦ,

194 1256 456 1328 θορυϐεῖν
480 1257 577 1309 καὶ
603 1256 861 1327 πλήττειν
887 1255 1148 1321 διανοίας,
1177 1254 1273 1309 καὶ⁹
1299 1255 1378 1318 είς
1402 1253 1653 1324 διαὸολὴν
1674 1251 1768 1306 καὶ

193 1349 361 1420 ὕϐριν
388 1347 739 1402 ἐκκαλεῖσθαι
769 1349 830 1402 τὸ
859 1347 1083 1420 πλῆθος.

1869 606 2204 678 tyrannicam
2230 599 2522 671 quamdam
2554 596 2640 651 vel
2679 604 2978 667 arrogatam
3007 600 3351 664 potestatem,
3383 601 3439 645 et

1861 700 1978 752 .vim
2005 692 2455 757 manifestariam,
2482 687 2899 760 impressionem
2947 685 3190 741 fulminis
3231 685 3288 739 in
3325 699 3439 736 mo.-

1869 790 2000 846 dum
2035 787 2234 851 facere,
2264 793 2448 839 tamen
2492 781 2600 836 sub.
2625 787 2889 850 pratextu
2934 775 3240 833 timiditatis
3283 770 3438 829 facil-

1869 882 2020 946 lime,
2045 878 2213 934 etiam
2238 876 2314 931 ab-
2341 873 2540 936 obviis,
2564 872 2978 927 subvertantur.
3013 868 3148 923 Dum
3167 865 3314 922 enim
3341 880 3439 918 na.-

1872 971 2120 1029 turaliter
2158 969 2261 1024 sibi
2318 966 2538 1021 insitam
2569 963 2912 1019 timiditatem
2943 959 3010 1015 ad
3042 957 3325 1014 audaciam
3353 956 3438 1010 in-

1873 1061 2237 1125 tolerabilem,
2257 1067 2312 1113 et
2335 1068 2533 1128 praeter
2561 1069 2778 1110 omnem
2805 1050 3266 1124 exspectationem
3288 1064 3440 1104 exar-

1873 1163 2043 1216 mant,
2057 1153 2331 1207 etiameos
2345 1149 2435 1218 qui
2455 1146 2626 1202 multo
2639 1145 2905 1201 moderati
2921 1144 3067 1214 prius
3081 1143 3439 1204 habebantur,

1874 1247 1941 1302 ad
1964 1246 2198 1317 primum
2222 1244 2498 1313 inceptum
2529 1239 2898 1311 perdiderunt.
2914 1237 3065 1292 Adeo
3084 1235 3251 1308 quaeri
3267 1241 3447 1306 potest

1873 1355 1980 1410 qua
2008 1336 2218 1390 ratione
2249 1334 2412 1388 ﬁnem
2442 1333 2564 1404 quis
2591 1331 2924 1403 propositam
2945 1338 3287 1399 assequatur,
3317 1340 3444 1382 cum

191 1460 299 1515 per
327 1443 544 1500 easdem
571 1459 764 1500 causas
790 1443 1018 1500 eﬂ‘ectus
1051 1442 1444 1515 progignuntur
1478 1436 1758 1495 contrarii.
1833 1431 2182 1489 Praestitisset
2232 1435 2400 1494 certe,
2443 1441 2512 1480 ne
2581 1425 2800 1496 quidem
2843 1423 2912 1478 ab
2960 1423 3078 1478 istis
3126 1420 3442 1492 incepisse:

191 1546 330 1593 sunt
346 1535 493 1592 enim
521 1536 808 1604 novitates,
830 1554 940 1594 non
963 1513 1255 1595 accedente
1276 1533 1493 1589 aliunde
1519 1529 1767 1585 molestia
1805 1527 2006 1595 aliqua,
2048 1525 2124 1578 ita
2153 1518 2554 1592 quodammodo
2583 1533 2615 1572 a
2686 1532 2746 1572 se
2773 1516 3120 1586 compositae,
3181 1513 3246 1568 ad
3287 1529 3444 1569 men—

197 1634 310 1683 tem
337 1626 659 1682 turbandam
679 1637 735 1683 et
759 1628 828 1684 de
849 1638 990 1686 statu
1014 1645 1114 1685 suo
1135 1625 1480 1688 movendam,
1495 1622 1561 1678 ad
1581 1621 1774 1690 vulgus
1811 1617 2096 1673 hominum
2161 1609 2526 1667 inducendum
2562 1607 2628 1662 ad
2659 1606 2959 1662 calumnias
2987 1613 3041 1660 et
3070 1605 3314 1662 convicia
3357 1605 3446 1658 in-

191 1721 458 1792 gerenda.

269 1811 399 1884 ριβθ.
440 1812 592 1867 Ἐπεὶ
612 1812 657 1867 δ’
677 1811 790 1866 ἐσθ’
818 1813 907 1867 ὅτε
934 1811 1095 1885 χρεία
1117 1813 1450 1882 κατεπείγει,
1474 1811 1572 1866 καὶ
1593 1809 1762 1862 δεῖται
1777 1865 1791 1875 κ

1947 1798 2062 1856 lla.
2094 1796 2232 1854 Cum
2268 1793 2544 1850 interdum
2584 1805 2811 1847 necesse
2847 1788 2923 1844 sit
2979 1796 3040 1843 ut
3070 1788 3136 1853 is,
3163 1787 3255 1858 qui
3282 1788 3446 1844 rebus

192 1879 454 1978 πράξεως
504 1907 534 1960 ὁ
571 1879 1319 1979 προεστηκὼς-καινοτέρας,
1355 1879 1428 1961 -ἂν
1480 1905 1580 1977 μὲν
1621 1904 1768 1972 μέγα

1883 1887 2312 1947 administrandis
2365 1892 2597 1957 praeest.
2644 1880 2847 1952 aliquid
2892 1879 3154 1946 innovet,
3202 1895 3312 1933 non
3366 1889 3453 1935 est

190 1995 394 2067 ὃφελος
427 1997 523 2052 καὶ
555 1996 902 2068 εὐφροσύνην
927 1997 989 2064 ἐξ
1021 1999 1190 2068 αὐτῆς
1216 1998 1277 2052 τὸ
1307 1998 1484 2051 κοινὸν
1513 1994 1766 2066 εὑρίσκῃ,

189 2088 352 2144 οὐδὲν
386 2089 468 2147 δεῖ
501 2089 746 2160 σκέψεως
783 2090 878 2144 καὶ
929 2089 1193 2161 μελέτηςο
1246 2090 1313 2144 ἂν
1349 2090 1397 2144 δ’
1436 2089 1640 2152 ἄλλως,
1673 2088 1768 2139 καὶ

190 2181 417 2254 λυπηρὰ
449 2184 556 2256 εἴη,
587 2184 731 2255 λόγῳ
762 2183 861 2254 μὲν
895 2183 1146 2246 διελθεῖν,
1187 2184 1334 2246 ὅπως
1369 2182 1436 2237 ἂν
1467 2182 1544 2246 ὡς
1569 2182 1770 2251 ἄριστα

190 2275 531 2348 διανυσθείη,
579 2276 643 2330 ού
698 2276 882 2348 ῥᾴδιον
935 2271 1114 2345 οἶμαι.
1152 2275 1234 2328 Τὰ
1285 2274 1397 2344 γὰρ
1432 2274 1574 2328 κατά
1617 2289 1770 2336 τινας

197 2366 520 2432 ῖδικωτάτας
547 2367 1020 2422 ἐπακολουθοῦντα
1044 2365 1423 2438 περιστάσεις,
1440 2365 1541 2419 οὐκ
1561 2364 1770 2417 ἔνεστιν

193 2457 442 2532 ἀκριϐῶς
470 2459 765 2530 κοινοτέρῳ
793 2457 958 2529 λόγῳ,
989 2457 1084 2512 καὶ
1111 2458 1226 2510 τῶν
1253 2457 1432 2526 ἔργων
1465 2454 1767 2528 πόρρωθεν,

169 2549 458 2620 ’θηρᾶσαι.
491 2549 638 2620 Πλὴν
670 2551 699 2605 ὅ
734 2567 799 2619 γε
840 2549 1045 2615 καλῶς,
1084 2551 1146 2603 ἐν
1193 2550 1306 2611 τοῖς
1348 2546 1770 2620 προειρημένοις

194 2643 746 2712 ἐγγεγυμνασμένος,
777 2644 870 2697 καὶ
898 2642 1033 2714 πρὸς
1064 2642 1133 2694 τὰ
1171 2639 1399 2694 τοιαῦτα
1436 2640 1533 2710 τὴν
1565 2639 1773 2695 ἄνωθεν

199 2733 378 2804 ῥοπὴν
428 2734 720 2806 ἐπίκουρον
767 2734 942 2805 ἔχων,
1005 2733 1248 2805 μεγάλην
1289 2733 1495 2786 εῖσεται
1538 2731 1768 2802 δύναμιν

197 2825 632 2897 συνειλεγμένος.

273 3007 402 3073 ριγ⁹.
434 3001 658 3058 Ὀπλων
699 3005 797 3060 καὶ
841 3004 1096 3076 ἀνδρείας
1133 3005 1228 3058 καὶ
1262 3003 1594 3074 στρατηγίας
1639 3019 1775 3074 κρα-

193 3094 481 3166 ταιότερον
512 3095 606 3150 καὶ
633 3095 1038 3168 ἀσφαλέστερον
1064 3097 1251 3168 νόμιζε
1280 3096 1380 3168 τὴν
1415 3094 1630 3150 εὔνοιαν
1665 3093 1775 3147 τῶν

195 3185 555 3280 ἀρχομένων.⁸
574 3186 792 3257 Ταύτης
842 3187 942 3280 μὲν
973 3186 1085 3258 γὰρ
1132 3186 1419 3258 παρούσης
1452 3189 1548 3240 καὶ
1583 3203 1775 3256 στρατ-
1803 3223 1847 3280 c

193 3276 464 3349 ηγούσης,
495 3277 726 3332 κάκεῖνα
753 3279 1024 3350 χρήσιμα,
1059 3279 1153 3332 καὶ⁵
1181 3279 1424 3351 μεγάλην
1443 3277 1616 3350 ῥοπὴν
1641 3277 1777 3348 πρὸς

194 3370 381 3426 πάντα
401 3372 651 3444 παρέχει.
693 3372 1072 3446 Ἀνῃρημένης
1095 3373 1150 3426 δὲ
1171 3374 1271 3444 τῆς
1295 3370 1778 3441 εύνοίας,.ἄμεινον

197 3463 607 3538 συνανῃρῆσθαι
619 3465 866 3521 κάκεῖνα.
880 3465 1086 3518 Θᾶττον
1099 3465 1207 3535 γὰρ
1219 3464 1314 3518 ἐπὶ
1327 3463 1427 3533 τὴν
1441 3479 1599 3533 μισου
1607 3462 1777 3533 μένην

179 3554 452 3627 -ἁρχὴν,ἢ
481 3555 624 3610 κατὰ
650 3556 760 3610 τῶν
782 3555 1059 3625 πολεμίων
1083 3554 1257 3608 ἐθέλει
1286 3553 1457 3608 ταῦτα
1478 3552 1772 3607 κινεῖσθαι.

271 3647 394 3718 ριδν.
438 3648 645 3717 Λόγους
679 3646 782 3718 μὲν
818 3646 1053 3719 ἤλεγξαν
1085 3647 1288 3716 δόρατα
1319 3645 1597 3707 πολλάκις.
1630 3646 1777 3715 Ἥμ-

195 3739 364 3794 6λυνε
391 3739 448 3795 δὲ
475 3740 745 3810 πολλαχοῦ
781 3741 877 3794 καλ⁸
904 3740 1079 3808 λόγων
1130 3739 1306 3810 ἰσχὺς,
1341 3738 1577 3804 ὀξύτατα
1616 3738 1776 3792 πολέ-

199 3846 334 3900 μου,
383 3828 478 3883 καὶ
531 3829 786 3901 μεγάλων
831 3830 1008 3901 ὁρμὴν
1057 3829 1268 3884 διέλυσε
1324 3829 1774 3901 στρατευμάτων.

195 3922 401 3990 Χεϊρες
438 3921 545 3992 ἄρα
579 3921 718 3992 μετὰ
760 3921 945 3990 λόγου,
987 3921 1208 3975 διπλοῦν
1238 3923 1542 3994 τρόπαιον-
1573 3921 1776 3984 Πόνους

197 4006 418 4072 ἐλπίδες
448 4008 722 4079 νευροῦσι,
759 4011 857 4064 καὶ
909 4010 1058 4063 πόνοι
1108 4012 1383 4065 τίκτουσιν
1424 4010 1670 4074 ἐλπίδας.
1705 4011 1777 4062 Σὺ

194 4101 258 4154 δὲ
297 4099 675 4173 ὲξιλεούμενος
712 4103 773 4158 τὸ
800 4104 977 4170 Θεῖον,
1008 4104 1235 4175 μηδενὸς
1265 4105 1458 4174 ἀμέλει
1488 4104 1598 4158 τῶν
1634 4121 1779 4175 πρα·

198 4194 402 4261 κτέων,
437 4195 532 4249 καὶ
561 4193 733 4259 καλὰς
764 4196 861 4272 καὶ
893 4196 1136 4267 μεγάλας
1165 4197 1386 4261 ἐλπίδας
1413 4196 1670 4268 θερίσεις.

275 4383 397 4448 ριε’.
470 4377 815 4448 Ἐπικουρεϊν
867 4379 926 4430 ἐν
969 4372 1048 4440 οἷς
1110 4377 1349 4442 ἕκαστος
1390 4378 1504 4449 ἔχει
1553 4378 1774 4449 χρείαν,

198 4469 442 4540 ἀρχικῆς
470 4470 564 4524 καὶ
605 4470 898 4540 ἐχέφρονος
925 4468 1195 4532 διανοίαςο
1225 4469 1458 4540 μάλιστα
1486 4469 1544 4522 δὲ
1567 4472 1683 4534 τοῖς
1720 4472 1778 4522 ἐν

1871 1980 2158 2038 sollicitius
2187 1976 2610 2049 exquirendum,
2637 1982 2821 2030 utrum
2851 1972 2979 2028 inde
3005 1970 3213 2042 aliquid
3237 1971 3449 2026 veluti»-

1870 2072 2062 2138 litatis,
2104 2070 2192 2126 vel
2229 2067 2591 2138 iucunditatis
2639 2061 3016 2121 communitati
3045 2061 3330 2117 hominum
3362 2077 3451 2117 ae-

1871 2163 2137 2234 quiretur.
2170 2159 2326 2226 Quod
2379 2158 2423 2214 si
2457 2157 2864 2228 permolestum
2904 2155 2957 2210 id
2987 2153 3176 2216 fuerit,
3202 2162 3452 2218 nonest,

1871 2255 2093 2324 opinor,
2117 2252 2359 2324 proclive
2405 2251 2670 2306 rationem
2722 2247 3015 2318 explicare,
3065 2254 3127 2300 ut
3163 2259 3326 2316 quam
3358 2257 3453 2313 0p-

1873 2344 2004 2398 time
2043 2342 2396 2413 transigatur.
2421 2339 2553 2406 Qua:
2589 2338 2734 2394 enim
2757 2336 3106 2408 specialiores
3131 2345 3456 2391 consectan-

1875 2443 1962 2489 tur
2006 2447 2189 2488 rerum
2235 2429 2542 2492 instantias,
2587 2443 2707 2482 non
2747 2433 2977 2495 possunt
3011 2432 3264 2479 accurate
3300 2439 3453 2478 com.-

1872 2524 2024 2580 muni
2071 2521 2306 2594 quodam
2353 2533 2606 2576 sermone
2647 2515 2932 2586 explicari,
2975 2528 3078 2568 nec
3116 2511 3357 2583 indagari
3387 2525 3454 2566 eo

1872 2617 1964 2686 qui
2012 2614 2296 2670 recesserit
2356 2611 2570 2681 longius
2616 2609 2687 2664 ab
2734 2607 3013 2677 operibus.
3060 2603 3452 2678 Verumtamen

1873 2707 1964 2778 qui
2019 2723 2145 2762 cum
2194 2704 2353 2760 laude
2392 2711 2640 2758 versatus
2684 2698 2847 2754 estin
2883 2697 3198 2761 antedictis,
3223 2705 3280 2753 et
3310 2695 3450 2751 divi-

1874 2812 2006 2852 num
2051 2795 2106 2850 in
2165 2811 2279 2850 rem
2336 2801 2660 2863 praesentem
2713 2788 2980 2844 auxilium
3030 2796 3228 2857 priesto
3267 2786 3452 2854 habet,

1876 2903 2124 2960 magnam
2149 2886 2462 2943 facultatem
2493 2883 2687 2939 afferet
2713 2881 2780 2937 ad
2812 2879 3360 2951 illudperagendum.

1947 2979 2073 3034 115.
2133 2979 2337 3040 Armis,
2386 2973 2728 3038 fortitudine,
2777 2971 3020 3027 exercitu
3072 2969 3264 3039 quovis
3313 2983 3449 3038 pra:-

1875 3070 2232 3126 valcntiorem
2275 3077 2331 3125 et
2361 3068 2615 3126 tutiorem
2638 3065 2980 3120 subditorum
3015 3061 3454 3116 benevolentiam

1877 3162 2162 3216 arbitrare.
2213 3159 2339 3216 Haec
2381 3157 2425 3212 si
2465 3157 2719 3220 adfuerit,
2755 3164 2810 3210 et
2849 3170 3043 3226 agmen
3084 3152 3320 3214 duxerit,
3367 3144 3458 3205 illa

1884 3262 2046 3308 erunt
2091 3253 2241 3309 utilia
2290 3273 2302 3307 :
2350 3251 2450 3306 ista
2491 3259 2675 3304 autem
2701 3248 2933 3311 sublata,
2966 3253 3252 3315 praestaret
3283 3252 3339 3298 et
3369 3243 3459 3296 illo

1886 3358 2103 3413 quoque
2146 3358 2252 3396 una
2297 3342 2431 3397 tolli.
2463 3339 2595 3394 Nam
2633 3339 2805 3394 multo
2839 3339 3012 3393 cilius,
3030 3346 3224 3391 contra
3251 3334 3460 3405 princi-

1886 3451 2008 3505 pem
2039 3435 2294 3495 invisum,
2325 3447 2488 3502 quam
2532 3440 2720 3484 contra
2760 3429 2949 3485 hostes
2987 3427 3376 3483 movebuntur.

1959 3648 2080 3704 114.
2136 3644 2476 3701 Plurifariam
2528 3642 2816 3698 consilium
2872 3639 3044 3696 hastis
3091 3639 3253 3699 cedit.
3284 3653 3458 3709 saepe-.-

1886 3755 2114 3796 numero
2139 3738 2301 3794 etiam
2327 3746 2383 3792 et
2409 3735 2634 3790 rationis
2663 3735 2745 3788 vis
2778 3734 2903 3788 belli
2935 3732 3250 3804 procinctus
3297 3747 3458 3786 exer-

1885 3836 2134 3904 citnsque
2175 3831 2669 3899 hostilesmagnos
2708 3827 2872 3881 elusit
2903 3843 2917 3880 :
2963 3825 3074 3879 sint
3110 3839 3239 3895 ergo
3267 3839 3474 3878 manus.

1885 3941 2008 3980 cum
2070 3924 2310 3979 consilio.
2359 3923 2607 3993 junctae,
2692 3918 2895 3988 duplex
2954 3925 3242 3985 tropazum.
3285 3915 3462 3968 Labo-

1887 4033 2001 4071 rem
2036 4032 2161 4087 spes
2198 4016 2439 4079 roborat,
2482 4023 2537 4069 et
2560 4027 2711 4082 Spem
2748 4011 2964 4064 labores
3005 4006 3351 4077 progignunt.
3378 4003 3461 4058 Tu

1887 4118 2066 4166 autem
2117 4111 2222 4164 rite
2265 4109 2439 4162 Deum
2472 4115 2787 4168 veneratus,
2823 4101 2930 4156 noli
2964 4098 3168 4167 aliquid
3213 4097 3486 4152 omittere-

1887 4200 2030 4270 quod
2066 4199 2336 4270 agendum
2363 4205 2476 4263 est;
2510 4195 2584 4249 ita
2620 4208 2774 4263 Spem
2795 4191 2904 4247 tibi
2932 4197 3106 4245 metes
3136 4195 3192 4241 et
3215 4201 3464 4257 magnam

1885 4302 1942 4348 et
1974 4291 2230 4361 amplam.

1957 4385 2078 4441 115.
2122 4380 2422 4438 Subvenire
2439 4377 2727 4448 cuiuslibet
2756 4373 3190 4436 necessitatibus,
3225 4370 3468 4426 animum

1887 4477 2093 4548 regium
2133 4475 2290 4529 decet
2332 4481 2388 4526 et
2437 4470 2782 4541 prudentem,
2830 4476 2956 4548 ante
2992 4467 3128 4520 alios
3173 4467 3241 4519 iis
3273 4464 3366 4535 qui
3409 4461 3463 4515 in

201 4559 514 4630 συμφοραῖς
557 4557 916 4629 περιπεισοῦσι
972 4557 1128 4610 Μετὰ
1155 4557 1264 4628 γὰρ
1307 4557 1414 4611 τῶν
1443 4557 1641 4622 ἄλλων,
1675 4560 1773 4612 καὶ

1888 4571 2226 4625 calamitates
2267 4565 2596 4620 inciderunt.
2628 4563 2826 4617 Solent
2851 4560 2997 4614 enim
3025 4560 3124 4620 illi,
3151 4559 3220 4613 ad
3246 4567 3464 4618 caztera,

181 4652 544 4721 ’ἀείμνηστον
565 4653 851 4722 συντηρεῖν
881 4650 1106 4704 εἰώθασι
1133 4651 1234 4722 τὴν
1264 4651 1607 4722 εὐεργεσίαν.

279 4745 416 4810 ρις’.
468 4738 532 4793 Ἠ
560 4739 875 4810 εὐδαιμονία
901 4738 1008 4792 τῶν
1041 4739 1403 4818 ὑπεξουσίων,
1445 4742 1621 4810 ἄκραν
1648 4743 1782 4795 ἀνα-

201 4829 472 4900 κηρύττει
503 4829 718 4882 σύνεσιν
751 4830 841 4882 καὶ
865 4827 1216 4900 δικαιοσύνην
1244 4829 1346 4899 τῆς
1372 4828 1640 4894 ἐξουσίας.

279 4923 406 4994 pta".
441 4921 579 4990 Περὶ
598 4915 672 4974 ὧν
695 4919 761 4975 ἂν
783 4919 844 4973 εὖ
862 4919 1093 4992 πράξῃς,
1120 4921 1229 4973 εἴτε
1251 4922 1308 4973 ἐν
1336 4920 1415 4990 τῷ
1443 4921 1629 4992 οἰκείῳ
1662 4921 1781 4993 βίῳ,

201 5018 320 5072 εἴτε
348 5018 409 5071 ἐν
437 5016 515 5088 τῷ
547 5016 709 5088 κοινῷ
744 5017 844 5087 τῆς
878 5015 1174 5080 πολιτείας,
1203 5014 1281 5086 τῷ
1319 5014 1438 5087 Θεῷ
1467 5015 1786 5070 ἀνατιθέναι

202 5111 418 5167 δικαίου
461 5111 560 5183 τὴν
586 5111 784 5166 αἰτίαν.
821 5109 980 5164 Οὕτω
1005 5109 1113 5182 γὰρ
1137 5108 1338 5180 μᾶλλόν
1373 5126 1431 5163 τε
1461 5109 1624 5164 αὐτὸν
1661 5110 1786 5162 ἐπί-

205 5220 408 5279 κουρον
433 5204 599 5274 ἕξεις,
643 5205 741 5258 καὶ
773 5204 1027 5276 θεοφιλὴς
1062 5200 1204 5256 εἶναι
1230 5203 1421 5271 δόξεις,
1453 5203 1549 5256 καὶ
1586 5201 1788 5273 κοῦφον

208 5298 442 5355 σεαυτὸν
467 5299 563 5356 καὶ
587 5296 904 5361 ἀλαζονικὸν
925 5297 1024 5350 οὐκ
1051 5296 1315 5364 ἐλέγξεις,
1345 5297 1440 5350 καὶ
1470 5295 1565 5350 τοῦ
1590 5295 1786 5365 φθόνου

205 5391 408 5456 δείξεις
439 5389 978 5462 περιτεθραυσμένας
1005 5389 1102 5453 τὰς
1125 5389 1337 5454 ἀκίδας.

284 5587 416 5663 ριη⁹.
457 5586 647 5642 Ταῦτά
689 5603 771 5640 σοι
817 5587 880 5639 ἐκ
910 5584 1122 5638 πολλῶν
1159 5584 1317 5652 ὀλίγα
1371 5578 1450 5655 (ὧ
1481 5582 1592 5637 τῶν
1640 5583 1789 5654 ἐμῶν

209 5679 601 5753 πνευματικῶν
635 5679 843 5733 ὠδίνων
878 5677 1095 5747 εὐγενὲς
1127 5677 1223 5730 καὶ
1251 5678 1475 5746 γνήσιον
1505 5676 1814 5748 γέννημα),

1885 4673 2142 4718 aeternam
2175 4658 2424 4714 beneficii
2455 4656 2634 4711 collati
2665 4653 2983 4708 memoriam
3014 4665 3360 4706 conservare.

1958 4753 2080 4808 116.
2123 4750 2476 4806 Subditorum
2511 4748 2744 4802 felicitas
2778 4758 3049 4800 summam
3083 4740 3348 4811 principis
3369 4739 3475 4794 (lc--

1885 4847 2146 4918 prasdicat
2177 4860 2300 4900 cum
2334 4841 2705 4914 prudentiam,
2735 4849 2846 4894 tum
2887 4835 3174 4908 justitiam.

1958 4937 2079 4992 117.
2134 4935 2245 4990 Deo
2293 4949 2512 4990 causam
2563 4931 2842 4987 ascribere
2885 4939 3101 4996 mquum
3151 4930 3234 4977 est
3279 4936 3476 4980 eorum.

1887 5046 2006 5101 qiue
2055 5043 2316 5098 prospere
2354 5025 2610 5097 gesseris,
2654 5038 2751 5076 seu
2780 5020 2833 5072 in
2867 5018 3095 5086 privata,
3129 5013 3244 5068 sive
3284 5011 3337 5066 in
3367 5029 3469 5081 pn-

1889 5124 2029 5179 blica
2074 5121 2202 5174 vita.
2255 5118 2380 5176 Eiet.
2419 5118 2567 5172 enim
2599 5117 2672 5169 ita
2705 5124 2764 5167 nt
2793 5113 2945 5166 illum
2979 5109 3182 5167 habeas
3215 5107 3471 5161 libentio-

1889 5231 2004 5270 rem
2036 5213 2438 5272 auxiliatorem,
2472 5217 2528 5263 et
2565 5217 2626 5261 ut
2657 5207 2764 5260 Deo
2797 5199 3340 5264 dilectusvidearis:
3371 5214 3474 5253 nec

1890 5306 2212 5376 redarguere
2253 5313 2304 5357 te
2342 5302 2633 5372 quisquam
2663 5296 2853 5367 possit,
2875 5295 2967 5361 vel
2998 5295 3237 5350 levitatis
3263 5293 3348 5348 vel
3379 5309 3472 5346 su-

1893 5395 2138 5466 perbiae;
2159 5395 2254 5446 sed
2287 5402 2340 5445 et
2375 5389 2592 5448 invidiae
2619 5387 2839 5457 quasvis
2863 5387 3025 5441 acies
3060 5395 3273 5441 retusas
3296 5391 3351 5438 et
3375 5400 3474 5438 an—

1892 5490 2090 5542 fractas
2124 5485 2333 5540 reddes.

1963 5581 2085 5636 118.
2129 5579 2254 5635 Ηωο
2285 5593 2316 5632 e
2358 5575 2544 5631 multis
2583 5589 2778 5646 pauca,
2833 5573 2976 5644 apud
3014 5582 3066 5628 te
3097 5574 3167 5642 (ο
3197 5582 3251 5626 ιιι
3287 5575 3477 5639 partus

1895 5674 1999 5728 mei
2020 5671 2319 5743 spiritualis
2345 5684 2532 5723 verum
2553 5676 2609 5722 et
2637 5665 2934 5737 genuinum
2963 5664 3250 5736 genucula)
3282 5659 3473 5714 amici-

211 5775 314 5846 τῆς
359 5772 491 5843 περὶ
520 5771 580 5824 σέ
607 5772 790 5842 φιλίας
827 5770 922 5824 καὶ
965 5767 1260 5834 υἱοθεσίας,
1295 5768 1458 5823 οἱονεί
1505 5786 1629 5822 τινα
1674 5768 1777 5822 θεῖε

1899 5766 1988 5820 tia:
2027 5774 2084 5820 et
2130 5764 2404 5819 liliationis
2445 5771 2707 5832 tanquam
2738 5775 2770 5814 a
2804 5758 2914 5814 lico
2943 5757 3190 5828 qua-dam
3229 5753 3489 5826 syinbola.

213 5864 522 5933 συμϐόλαια
567 5863 663 5920 καὶ
724 5863 928 5937 ἀρετῆς
967 5859 1312 5935 άρχετύπους
1359 5860 1653 5930 ἀνατίθημι
1700 5858 1792 5912 πί-

1897 5866 1951 5914 ct
2002 5857 2218 5914 virtutis
2262 5858 2472 5915 tabulas
2511 5857 2857 5925 archethas,
2888 5852 3120 5921 depono,
3159 5858 3215 5906 ιιι
3241 5845 3498 5905 dumad-

3327 393 3434 460 694
3542 407 3544 409 ’
