3996 6416
617 394 723 457 6%

1760 388 2028 450 ΡΗΟΤΙΙ
2066 389 2188 449 ΡΑΊ

2289 388 2569 449 ίΑΒΟΗίΕ
2599 390 2708 450 CP.
3764 387 3859 447 θῦε

616 502 734 555 illus
777 502 965 557 oculos
1013 502 1373 565 converteris,
1415 510 1471 555 et
1507 510 1559 555 te
1597 500 1663 553 ad
1704 500 1847 569 ipsas
1884 499 2188 552 conforma-

2294 513 2465 561 νάκας
2490 514 2503 527 ·
2540 499 2623 560 εἰς
2652 496 2746 560 οὓς
2776 487 3018 569 ἀώρῶν,
3066 496 3166 551 καὶ
3205 497 3341 567 πρὸς
3366 496 3612 560 ἐκείνους
3643 497 3862 548 σεαυτὸν

612 593 760 647 veris
790 602 845 647 et
871 594 1265 663 composueris,
1303 609 1413 647 non
1449 592 1737 648 dilliculter
1774 592 1974 647 intueri
2019 591 2191 661 possis

614 692 672 738 et
716 684 1191 753 animadvertere,
1234 685 1549 754 qualesnam
1603 685 1710 739 illa:
1748 693 1877 739 sunt
1923 685 2188 749 actiones,

615 789 739 843 qua:
785 774 841 827 in
887 775 1072 829 animo
1124 785 1217 828 tuo
1262 774 1466 830 facient
1503 776 1943 846 puchritudinem
1984 777 2193 833 eillore—

614 879 799 931 scere;
835 865 1276 935 quaeque'itidem
1305 868 1574 930 eamdem,
1601 869 1767 923 veluti
1799 869 2024 923 macula:
2045 884 2194 939 quaa-

614 958 737 1012 dam
780 967 835 1012 et
877 959 1090 1022 sordes,
1135 960 1190 1014 in
1242 971 1455 1030 turpem
1504 970 1559 1015 et
1613 960 1911 1015 deformem
1960 960 2190 1030 elligiem

614 1051 791 1106 solent
828 1052 1080 1106 alterare.
1124 1051 1247 1108 Illas
1274 1054 1401 1108 dum
1436 1053 1593 1118 eluis,
1628 1054 1724 1107 has
1755 1052 1884 1107 dum
1918 1050 2188 1114 inscribis,

612 1142 900 1215 imaginem
946 1154 1061 1201 tute
1098 1155 1267 1203 temet
1306 1164 1435 1204 vere
1480 1149 1656 1202 vivam
1684 1156 1739 1202 et
1776 1148 2025 1202 eximiam
2058 1161 2192 1201 con-

610 1237 942 1293 versationis
988 1242 1292 1295 secundum
1343 1242 1512 1296 Deum
1558 1241 1821 1297 ordinatae
1850 1240 2134 1295 exhibebis
2174 1256 2187 1291 :

612 1344 775 1397 quam
810 1338 865 1384 et
895 1346 994 1402 ego
1020 1332 1418 1399 lubentissime,
1441 1344 1496 1389 et
1524 1335 1597 1405 pii
1633 1334 1795 1389 etiam
1819 1349 2029 1394 omnes,
2065 1347 2190 1387 cum

613 1428 670 1475 et
701 1422 875 1477 oculis
902 1424 1155 1489 velimus,
1182 1434 1296 1480 tum
1327 1428 1490 1482 etiam
1522 1444 1775 1483 sermone
1798 1442 2082 1497 usurpare.
2116 1424 2189 1479 Ea

611 1522 840 1580 propter
870 1530 1064 1569 manus
1094 1516 1147 1570 in
1180 1519 1377 1574 coelum
1409 1521 1729 1582 extendens,
1761 1530 1815 1574 et
1857 1535 2037 1574 meum
2064 1534 2189 1589 erga

615 1612 670 1659 te
718 1620 982 1672 amorem,
1024 1608 1239 1665 labores
1269 1623 1573 1680 susceptos,
1610 1613 1959 1682 divinamque
1994 1612 2192 1667 exinde

2298 591 2648 658 σχηματίζων
2673 593 2767 644 καὶ
2795 590 3135 661 διαμορφῶν,
3169 591 3228 642 ού
3270 589 3523 660 χαλεπῶς
3557 588 3706 654 ἕξεις
3747 604 3862 640 σνν-

2292 683 2450 754 ορᾷν,
2494 684 2638 748 τίνες
2669 702 2727 736 τε
2749 685 2857 737 τῶν
2898 684 3149 753 πράξεων
3198 684 3380 737 ἀνθεῖν
3407 683 3506 752 τὴν
3536 683 3596 733 ἐν
3627 682 3697 751 τῇ
3726 680 3861 749 ψυχῇ

2294 777 2812 845 παρασκευάζουσιν
2886 776 3227 847 ὡραιότητα,
3300 776 3398 827 καλ⁵
3462 774 3612 835 τίνες
3667 771 3859 840 αὐτὴν,

2292 870 2482 940 ὥσπερ
2510 869 2688 922 σπῖλοι
2710 869 2805 923 καὶ
2828 868 3056 939 ῥυτίδες,
3077 872 3156 931 είς
3179 867 3413 937 αἰσχρὰν
3436 865 3560 935 όψιν
3586 866 3685 917 καὶ
3706 866 3862 933 ἀσχή-

2297 977 2435 1028 μονα
2468 961 2985 1031 μτασκευάςουσιν.
3014 954 3114 1013 Ὧν
3138 960 3238 1022 τὰς
3272 960 3373 1029 μὲν
3403 957 3748 1024 άπαλεὶφων,
3777 957 3862 1018 τὰς

2292 1053 2350 1105 δὲ
2392 1054 2822 1122 ἐγγραφόμενος,
2873 1052 3137 1123 ἔμψυχον,
3176 1051 3253 1114 ὡς
3280 1050 3518 1120 ἀληθῶς,
3555 1049 3656 1101 καὶ
3688 1048 3858 1099 κάλλι-

2296 1163 2418 1198 στον
2442 1145 2723 1215 θεοφιλοῦς
2752 1144 3030 1207 πολιτείας
3053 1144 3277 1197 σεαυτὸν
3308 1142 3605 1208 ἐπιδείξεις
3631 1139 3858 1209 ἄγαλμα,

2293 1240 2388 1294 καὶ
2447 1240 2666 1309 ἥδιστον
2716 1240 2840 1308 ἐμοὶ
2878 1238 2975 1293 καὶ
3022 1240 3189 1292 πᾶσιν
3238 1238 3488 1291 εὐσεϐέσι
3531 1236 3631 1288 καὶ
3700 1234 3859 1303 θέαμα

2294 1335 2388 1387 καὶ
2435 1333 2699 1403 διήγημα.
2748 1332 2827 1383 Δι’
2873 1331 2902 1384 ὃ
2947 1332 3042 1385 καὶ
3093 1332 3192 1395 τὰς
3235 1334 3426 1401 χεῖρας
3472 1331 3557 1392 εἰς
3609 1328 3859 1398 οὐρανοὺς

2254 1458 2269 1472 ο
2293 1426 2635 1493 ἐξαπλώσας,
2682 1425 2778 1477 καὶ
2809 1424 2908 1495 τὴν
2930 1424 3063 1494 περὶ
3089 1424 3148 1476 σὲ
3186 1423 3421 1493 στοργήν
3448 1423 3550 1475 καὶ
3577 1421 3675 1473 τὸν
3697 1422 3856 1481 πόνον,

2295 1518 2393 1571 καὶ
2446 1518 2545 1586 τὴν
2583 1519 2663 1580 εἰς
2702 1516 2835 1571 Θεὸν
2872 1516 3288 1586 ἀναφερομένην
3325 1515 3505 1581 δόξαν,
3544 1514 3666 1566 ἀνθ’
3700 1515 3859 1581 ἱκετη-

2297 1610 2418 1681 ρίας
2443 1610 2592 1681 αὐτῷ
2614 1610 2923 1683 προτείνας,
2953 1608 3257 1678 ἐπεύχομαί
3283 1625 3365 1672 σε,
3391 1606 3498 1661 τῶν
3523 1606 3763 1660 ἐλπίδων
3781 1609 3859 1659 καὶ

612 1698 972 1754 resultantem
1008 1702 1235 1772 gloriam
1270 1705 1588 1774 suppliciter
1626 1706 1738 1759 Deo
1767 1706 2025 1771 offerens,
2053 1705 2188 1760 votis

2295 1704 2673 1775 παραινέσεων
2705 1703 2943 1774 ἐργάτην
2980 1700 3241 1770 δόκιμον,
3282 1700 3377 1752 καὶ
3418 1700 3618 1752 πιστὸν
3664 1700 3857 1766 φύλακα

613 1788 869 1845 omnibus
902 1794 1140 1861 postulo,
1174 1804 1233 1849 ut
1257 1796 1558 1868 secundum
1587 1813 1711 1867 spes
1734 1797 1802 1852 de
1824 1806 1879 1853 te
1899 1805 2191 1867 conceptas

614 1896 780 1951 opere
810 1882 930 1952 ipso
954 1884 1256 1956 adimpleas
1285 1885 1686 1943 admonitiones
1709 1898 1947 1955 nostras,
1970 1899 2026 1945 et
2054 1892 2192 1946 [ide-

612 1970 739 2025 liter
785 1973 1001 2028 easdem
1047 1976 1343 2042 custodias,
1391 1978 1466 2032 ita
1499 1986 1559 2034 ut
1591 1995 1687 2049 per
1713 1982 1925 2049 species
1952 1981 2192 2053 singulas

612 2063 996 2131 praeclarorum
1042 2082 1271 2137 operum
1324 2067 1552 2125 illustris
1595 2080 1648 2126 et
1674 2072 1947 2127 excellens
1972 2074 2191 2143 conspi-

612 2155 801 2212 ciare:
858 2164 916 2211 ut
958 2160 1247 2229 prudentia
1287 2176 1500 2217 summa
1540 2164 1764 2233 polleas,
1810 2166 2070 2221 memoria
2096 2181 2191 2221 va-

613 2248 744 2314 leas,
796 2248 896 2305 ﬁas
952 2252 1137 2307 suavis
1186 2253 1372 2321 aﬂ'atu,
1420 2258 1663 2312 moribus
1690 2260 1929 2325 suavior,
1963 2275 2191 2332 congre-

611 2339 886 2397 dientibus
936 2342 1207 2410 amabilis,
1260 2345 1431 2417 magis
1475 2345 1653 2402 adhuc
1689 2358 1871 2405 autem
1902 2351 2191 2407 comitibus

609 2441 667 2486 et
704 2431 895 2488 amicis
934 2450 949 2487 :
998 2442 1057 2488 ut
1100 2436 1168 2491 de
1207 2451 1264 2490 re
1295 2440 1547 2507 praesenti
1580 2455 1918 2510 quaecunque
1950 2442 2189 2512 pruden-

611 2532 697 2579 ter
755 2525 938 2581 valeas
979 2535 1252 2594 statuere,
1305 2529 1592 2596 ordinare,
1643 2540 1700 2586 et
1740 2532 1979 2588 futurum
2032 2542 2190 2589 acute

610 2616 923 2685 prospicere
961 2635 974 2671 :
1016 2626 1209 2673 cautus
1240 2619 1307 2673 ad
1348 2621 1788 2688 custodiendum,
1820 2634 2105 2694 promptus
2135 2634 2191 2680 et

609 2707 895 2777 expeditus
946 2709 1013 2763 ad
1065 2725 1153 2765 res
1192 2726 1415 2782 magnas
1465 2714 1908 2783 aggredieudum,
1940 2715 2191 2770 easdem-

610 2815 719 2868 que
775 2810 1182 2856 consummatas
1236 2804 1412 2870 possis
1452 2812 1507 2857 et
1547 2805 1737 2859 eodem
1783 2815 1925 2861 statu
1972 2823 2191 2861 conser-

616 2906 745 2947 vare
792 2910 805 2947 :
851 2903 910 2946 ut
957 2894 1102 2962 quod
1158 2909 1190 2949 e
1235 2909 1293 2949 re
1339 2905 1430 2949 tua
1480 2896 1677 2962 fuerit,
1724 2898 1967 2952 studiose
2009 2900 2189 2954 occul-

609 2994 730 3048 tes,
784 2999 888 3040 nec
935 2984 1158 3039 latebris
1203 2986 1509 3051 extrahare,
1564 2988 1659 3042 sed
1714 2990 2084 3059 speculatores
2132 3000 2187 3047 et

2294 1796 2579 1866 γενέσθαν
2619 1797 2715 1849 καὶ
2748 1795 2866 1864 είης
2922 1812 3011 1863 μοι
3045 1794 3113 1846 δι’
3149 1793 3369 1863 ἁπάσης
3414 1793 3563 1854 ἰδέας
3595 1793 3855 1862 κατορθω-

2297 1890 2484 1959 μάτων
2521 1888 2795 1958 ἐπίσημος
2843 1889 2937 1941 καὶ
2977 1886 3361 1957 περίϐλεπτος,
3405 1887 3582 1959 ἄκρος
3623 1885 3729 1954 μὲν
3756 1886 3858 1937 σύν-

2291 1999 2408 2036 εσιν
2426 2024 2442 2049 ,
2474 1983 2698 2053 μνήμην
2729 1981 2773 2034 δ’
2792 1979 3045 2049 ἀσφαλής
3067 1994 3081 2004 ·
3115 1978 3243 2049 ἡδὺς
3275 1980 3332 2032 ἐν
3359 1979 3544 2046 λόγοις
3562 1995 3580 2012 ·
3603 1979 3730 2040 τοὺς
3754 1978 3857 2046 τρό-

2291 2094 2429 2141 πους
2457 2076 2711 2149 ἡδύτερος
2730 2092 2746 2109 ο
2774 2076 3040 2146 ἐράσμιος
3068 2075 3314 2144 ἐντυχεῖν
3332 2090 3346 2103 ·
3377 2076 3491 2135 τοῖς
3521 2074 3611 2125 ἀεὶ
3654 2071 3858 2125 ἐποῦσιν

2291 2167 2700 2241 ἐρασμιώτερος
2720 2183 2736 2197 ·
2770 2168 3063 2238 κράτιστος
3089 2165 3150 2217 τὸ
3172 2165 3345 2234 παρὸν
3372 2166 3584 2233 κρῖναι,
3618 2163 3713 2217 καὶ
3737 2165 3857 2230 ἀγα-

2290 2266 2408 2333 γεῖν
2445 2263 2527 2327 είς
2571 2262 2844 2325 διάταξιν·
2889 2260 3015 2325 ὀξὺς
3044 2259 3105 2312 τὸ
3152 2259 3345 2329 μέλλον
3377 2259 3543 2310 ἰδεῖνο
3586 2256 3858 2326 προμηθὴς

2296 2354 2673 2425 φυλάξασθαι’
2728 2356 2944 2424 ἐτοιμος
3002 2352 3245 2424 μεγάλας
3300 2349 3688 2421 αὐτουργῆσαι
3730 2350 3856 2419 πρά-

2293 2451 2440 2517 ξεις’
2514 2449 2859 2519 ἑτοιμότερος
2920 2447 2984 2501 τδ
3060 2445 3409 2516 κατορθωθὲν
3480 2443 3856 2496 διασώσασθαιο

2290 2544 2463 2607 δεινὸς
2493 2543 2591 2614 μὲν
2624 2543 2687 2595 τὸ
2730 2541 3008 2612 συμφέρον
3040 2539 3326 2609 κρύπτειν,
3360 2537 3632 2607 κρείττων
3662 2537 3716 2589 δὲ
3744 2537 3857 2588 λαν-

2292 2638 2505 2701 θάνειν,
2535 2636 2836 2706 δεινότερος
2872 2635 2926 2687 δὲ
2962 2635 3216 2703 φωρᾶσαι
3255 2632 3383 2692 τοὺς
3426 2631 3853 2701 ὲπηρεάζοντας·

2292 2727 2522 2797 φοϐερὸς
2568 2726 2668 2795 μὲν
2701 2727 2813 2787 τοῖς
2861 2724 3177 2790 πολεμίοις·
3220 2720 3468 2782 ποθεινὸς
3497 2719 3556 2771 δὲ
3611 2721 3720 2780 τοῖς
3760 2719 3855 2770 ὐπ-

2292 2820 2477 2891 ηκόοις
2500 2834 2512 2846 ⁸
2550 2819 2752 2888 ἀμφοῖν
2779 2816 2833 2868 δὲ
2862 2814 3038 2877 κοινὸς
3064 2813 3123 2866 τὸ
3162 2812 3432 2865 αἰδεῖσθαι
3464 2811 3561 2862 καὶ
3592 2808 3854 2877 θαυμάζε-

2294 2912 2420 2965 σθαι
2447 2928 2462 2943 ο
2498 2910 2760 2980 κρείττων
2785 2907 2986 2979 ἡδονῶν
3007 2924 3022 2938 υ
3064 2906 3243 2975 ἥττων
3275 2901 3636 2973 σωφροσύνης
3660 2916 3673 2928 ·
3701 2901 3858 2969 ὀργῆς

2293 3000 2517 3075 κύριος·
2545 3002 2848 3072 πραότητος
2873 2999 3025 3067 φίλος
3044 3012 3057 3027 ⁸
3087 2999 3252 3067 ταχὺς
3275 2998 3544 3067 θηρεῦσαι
3565 2994 3626 3048 τὸ
3645 2996 3858 3061 εἰκαιον,

614 3079 721 3133 vim
780 3078 1019 3135 facturos
1065 3081 1464 3154 discooperias:
1508 3085 1584 3140 sis
1623 3086 1877 3141 terribilis
1911 3086 2179 3155 hostibus,

2295 3096 2593 3157 ἀδέκαστος
2639 3093 2945 3161 διανεῖμαιο
2978 3090 3204 3160 γνώμην
3251 3090 3549 3154 εύσταθῆς·
3576 3090 3692 3149 ταῖς
3728 3088 3861 3138 ὐπο-

613 3171 846 3226 subditis
881 3173 1277 3241 desiderabilis,
1313 3176 1455 3246 apud
1486 3187 1741 3248 utrosque
1770 3180 1972 3236 habeas
2006 3193 2061 3237 et
2094 3200 2190 3238 ve-

614 3266 954 3322 nerationem
1011 3278 1065 3323 et
1110 3270 1526 3326 admirationem
1580 3295 1591 3328 :
1645 3276 1955 3345 voluptates
2003 3278 2191 3333 vincas

614 3361 993 3428 temperantia,
1027 3362 1121 3417 ira:
1148 3364 1448 3421 dominerc.
1475 3365 1562 3421 Sis
1584 3368 1792 3422 amicus
1817 3370 2191 3424 mansuetudi-

614 3453 719 3517 nis,
776 3455 922 3509 celer
969 3455 1027 3510 in
1069 3457 1283 3527 justitia
1330 3457 1664 3530 indaganda,
1712 3461 2081 3531 impartiarius
2134 3463 2189 3517 in

612 3546 1008 3615 distribuendo,
1038 3562 1295 3606 constans
1350 3554 1642 3618 sententia,
1689 3553 1974 3623 promissis
2027 3554 2187 3619 ﬁdus,

612 3651 877 3707 generoso
905 3639 1090 3694 animo
1121 3641 1175 3694 in
1211 3643 1531 3707 terroribus,
1559 3644 1912 3697 meticulosus
1939 3643 2005 3699 ad
2028 3660 2191 3699 omne

610 3741 798 3785 contra
818 3732 967 3803 leges
991 3751 1003 3788 :
1033 3735 1144 3788 noli
1171 3737 1475 3791 socordiam
1504 3739 1589 3791 vel
1620 3739 1994 3793 remissionem
2023 3740 2189 3792 animi

611 3824 848 3893 aliquam
897 3826 1152 3895 przeferre
1182 3828 1459 3884 laboribus
1492 3838 1548 3884 et
1571 3832 1851 3900 patientia:
1877 3832 2039 3901 justis
2071 3853 2084 3887 :
2115 3834 2190 3887 sis

611 3917 679 3971 ad
696 3918 1147 3974 benefacieudum
1172 3932 1481 3991 promptus,
1505 3923 1693 3977 tardus
1714 3924 1780 3978 ad
1818 3926 2177 3993 puniendum,

613 4019 824 4062 amator
854 4010 1550 4077 amicitiaﬁnimicitiarum
1582 4015 1775 4080 hostis,
1802 4016 2189 4073 misericordia:

611 4098 736 4155 fons
766 4120 778 4156 :
812 4102 1124 4171 opinionem
1144 4105 1210 4158 de
1238 4114 1289 4160 te
1318 4121 1564 4176 magnam
1599 4122 1669 4162 ne
1690 4109 2190 4177 concipias,humi-

612 4193 762 4249 litate
780 4204 833 4248 te
850 4195 1115 4250 minorem
1138 4197 1344 4266 judica,
1366 4198 1588 4255 divitias
1631 4210 1946 4267 contemne,
1984 4218 2189 4274 paupe-

610 4286 765 4341 ribus
784 4287 1092 4349 auxiliator,
1108 4289 1390 4345 veritatem
1413 4292 1595 4353 colito,
1622 4292 1797 4349 finitus
1811 4311 1932 4350 cum
1963 4299 2187 4353 menda-

609 4379 767 4433 cibus
786 4380 945 4434 t'erire
969 4381 1077 4435 noli
1112 4400 1125 4435 :
1159 4398 1227 4436 ne
1242 4382 1513 4453 dejiciaris
1533 4388 1733 4449 animo,
1756 4388 1797 4441 si
1825 4390 2047 4460 gloriam
2078 4406 2184 4444 non

608 4472 915 4541 assequaris
931 4490 945 4537 ;
961 4474 1042 4528 sin
1057 4484 1236 4530 autem
1254 4478 1580 4547 assequeris,
1597 4480 1706 4533 noli
1720 4482 1908 4536 elatior
1922 4499 2042 4538 esse
2059 4503 2071 4537 :
2090 4483 2187 4537 lin-

608 4579 766 4633 guam
783 4580 998 4630 coerce,
1018 4582 1179 4622 aures
1194 4570 1428 4633 custodi,
1448 4572 1611 4626 tactui
1636 4581 1691 4626 et
1705 4574 1916 4628 caeteris
1932 4576 2184 4630 sensibus

606 4659 923 4712 moderator
942 4660 1166 4715 assistas
1189 4678 1297 4716 non
1314 4663 1695 4730 dimovendus,
1722 4666 1958 4734 passioni
1978 4668 2109 4721 nulli
2132 4678 2185 4722 te

605 4750 807 4806 victum
838 4751 1010 4819 trade,
1028 4769 1129 4809 nec
1154 4756 1430 4825 prurigine
1458 4758 1703 4811 orexium
1728 4758 2077 4814 delinitussis
2097 4778 2109 4813 :
2131 4769 2186 4815 et

602 4852 663 4897 ut
697 4861 807 4899 uno
836 4847 1007 4901 verbo
1030 4848 1362 4916 complectar
1392 4849 1599 4915 omnia,
1628 4851 1932 4921 omnigenze
1960 4853 2178 4908 virtutis

601 4945 657 4989 et
688 4938 904 5005 pietatis
940 4948 992 4993 te
1041 4940 1318 5009 exemplar
1349 4940 1547 4995 exhibe
1600 4948 1656 4995 et
1696 4942 2160 5011 delineationem;

601 5044 781 5098 neque
814 5032 921 5086 tuis
952 5034 1125 5086 solum
1167 5034 1419 5101 subditis,
1453 5035 1547 5089 sed
1583 5036 1842 5092 universo
1867 5040 2174 5095 mortalium

2296 3190 2510 3259 σχέσεσι
2557 3186 2767 3257 βέϐαιος
2788 3201 2801 3215 ⁸
2830 3186 3073 3253 γενναῖος
3110 3185 3167 3234 ὲν
3207 3182 3396 3251 φόϐοις
3418 3198 3434 3215 ο
3470 3181 3701 3249 ἄτολμος
3730 3178 3863 3250 πρδς

2295 3281 2476 3333 πᾶσαν
2507 3276 2854 3347 παρανομίαν
2880 3314 2895 3339 ,
2932 3274 3029 3327 καὶ
3069 3273 3340 3342 μηδεμίαν
3368 3272 3653 3342 ῥᾳστώνην
3675 3287 3862 3339 καρτε-

2296 3373 2417 3443 ρίας
2442 3371 2535 3423 καὶ
2559 3370 2740 3424 καλῶν
2775 3367 2949 3420 πόνων
2981 3365 3485 3435 ἀπαλλασσόμενος
3509 3380 3521 3390 ·
3559 3365 3861 3430 εὐεργετεῖν

2293 3464 2610 3535 πρόθυμοςο
2685 3462 2937 3526 κολάζειν
3000 3458 3266 3529 ὀκνηρός*
3342 3457 3525 3526 φιλίας
3588 3457 3856 3524 ἐραστής

2246 3558 2491 3631 κὲχθρας
2538 3555 2830 3625 πολέμιος’
2874 3552 3059 3617 ἐλέους
3109 3552 3297 3621 πηγή·
3346 3551 3581 3618 οἰήσεως
3631 3550 3859 3617 μείζων·

2291 3648 2793 3720 ταπεινοφροσύνης
2847 3644 3274 3713 ἐλαττούμενος⁶
3323 3642 3643 3714 ὑπερόπτης
3701 3639 3862 3692 πλού-

2289 3762 2381 3798 του
2405 3760 2420 3775 ⁶
2458 3743 2645 3804 πενίας
2683 3740 2972 3808 ἐπίκουρος
2994 3755 3007 3769 ·
3042 3737 3305 3808 ἀλήθειαν
3337 3732 3516 3804 τιμῶν
3537 3748 3550 3765 ·
3574 3733 3757 3804 ψεύδει
3790 3731 3865 3802 μὴ

2292 3836 2686 3905 σπενδόμενοςο
2728 3832 3095 3892 ἀταπείνωτος
3152 3828 3252 3882 οὐκ
3289 3826 3609 3896 εὐδοκιμῶν,
3655 3824 3868 3876 εὐδοκι-

2293 3931 2409 4002 μῶν
2467 3929 2523 3982 δὲ
2586 3928 2646 3982 οὐ
2704 3926 3104 3996 φυσιούμενος·
3155 3920 3411 3991 γλώσσης
3476 3919 3863 3988 αὐτοκράτωρ·

2289 4026 2461 4093 ἀκοῆς
2521 4021 2734 4090 φύλαξ·
2789 4019 2969 4088 ἁφῆς,
3024 4016 3122 4070 καὶ
3172 4016 3271 4087 τῆς
3305 4014 3475 4083 ἄλλης
3525 4011 3861 4081 αἰσθήσεως,

2288 4112 2643 4183 ἀδυσώπητος
2684 4112 3017 4181 ἐπιστάτης,
3051 4108 3145 4162 καὶ
3197 4106 3391 4177 μηδενὶ
3426 4104 3590 4157 πάθει
3637 4103 3866 4163 ἐνδιδοὺς

2293 4210 2428 4282 μηδὲ
2466 4210 2577 4271 τοῖς
2607 4205 2919 4276 ἐρεθισμοῖς
2949 4201 3282 4272 κηλούμενος
3319 4198 3431 4251 τῶν
3459 4197 3698 4268 ὀρέξεων
3720 4211 3736 4225 ·
3774 4194 3866 4247 καὶ

2292 4303 2516 4372 σύμπαν
2557 4301 2751 4362 είπεῖν,
2800 4298 2919 4367 εἴης
2970 4312 3061 4365 μοι
3101 4293 3283 4362 πάσης
3319 4289 3526 4362 ἀρετῆς
3579 4290 3680 4341 καὶ
3718 4288 3869 4340 εὐσε-

2218 4423 2265 4481 D
2293 4395 2465 4458 ϐείας,
2502 4392 2563 4446 ού
2592 4394 2703 4454 τοῖς
2735 4388 2841 4443 ὑπὸ
2872 4387 2932 4441 σὲ
2965 4387 3127 4457 μόνον
3162 4382 3532 4481 ὑπογραμμ-δς
3559 4384 3661 4481 καλ1
3688 4380 3864 4481 παρά-

2291 4488 2511 4555 δειγμα,
2542 4482 2676 4537 ἁλλά
2706 4481 2799 4535 καὶ
2832 4478 2911 4549 τῷ
2950 4478 3089 4548 μετὰ
3119 4477 3178 4529 σὲ
3222 4477 3388 4529 παντὶ
3418 4476 3529 4528 τῶν
3566 4474 3868 4544 ἀνθρώπων

2292 4578 2460 4647 γένει,
2488 4575 2629 4646 καλὴ
2658 4575 2749 4627 καὶ
2776 4571 3008 4643 μεγάλη,
3033 4570 3128 4623 καὶ
3154 4568 3293 4623 καλὰ
3318 4569 3413 4622 καὶ
3440 4566 3658 4636 μεγάλα
3681 4582 3869 4633 κατερ-

2292 4670 2594 4740 γαζομένη.
2652 4666 2997 4737 παραίνεσις.
3030 4664 3110 4717 Δι’
3142 4664 3178 4717 ἆ
3204 4680 3285 4715 σοι
3312 4662 3549 4731 μάλιστα
3572 4662 3668 4713 καὶ
3700 4663 3736 4729 ἡ
3768 4659 3872 4712 τῶν

2291 4761 2542 4834 οὐρανῶν
2585 4758 2957 4832 ἀνέκφραστος
2985 4756 3080 4809 καὶ
3114 4755 3284 4818 ἀΐδιος
3317 4753 3593 4825 βασιλεία,
3629 4755 3710 4816 εἰς
3744 4752 3872 4822 κλῆο

2296 4873 2385 4925 ρον
2415 4852 2813 4922 ἀναφαίρετον,
2846 4849 2942 4903 καὶ
2972 4848 3389 4917 κατασκήνωσιν
3428 4846 3711 4915 ἀδιάδοχον
3734 4888 3748 4911 ,
3783 4846 3875 4897 καὶ

2288 4947 2549 5020 ὑπερφυῆ
2576 4946 2667 5000 καὶ
2686 4944 2835 4998 θείαν
2860 4941 3093 5013 τρυφὴν,
3122 4941 3216 4994 καῖ¹
3242 4940 3549 4994 ἀπόλαυσιν
3573 4941 3651 5009 μὴ
3675 4938 3877 5009 λυομέ-

2288 5060 2407 5113 νην,
2439 5036 2937 5111 παρασχεθήσεται.

600 5124 810 5194 generi,
854 5126 945 5194 qui
980 5127 1066 5181 vel
1097 5136 1221 5196 post
1260 5136 1312 5181 te
1339 5127 1507 5182 futuri
1543 5138 1690 5192 sunt,
1728 5140 1788 5183 ut
1818 5145 2000 5185 rerum
2025 5150 2343 5206 magnarum
2393 5142 2449 5188 et
2484 5131 2740 5202 praeclare
2780 5128 3138 5200 gerendarum
3196 5127 3438 5181 habeant
3475 5134 3529 5179 te
3594 5123 3880 5195 egregium

602 5219 1020 5274 admonitorem.
1064 5220 1143 5274 Ita
1187 5232 1370 5276 autem
1430 5222 1527 5276 tibi
1570 5239 1795 5293 regnum
1840 5223 1973 5280 illud
2017 5227 2281 5282 cmlorum
2321 5227 2377 5280 in
2407 5235 2672 5281 mteruum
2708 5231 2761 5277 et
2832 5221 3234 5291 inexplicabile,
3296 5220 3351 5274 in
3421 5229 3631 5275 sortem
3702 5219 3881 5272 haere-

602 5314 788 5369 ditatis
835 5316 980 5371 haud
1018 5316 1350 5380 auferendae,
1387 5317 1439 5371 iu
1510 5319 1923 5374 tabernaculum
1985 5322 2104 5377 sine
2169 5337 2490 5378 successore
2543 5318 2964 5391 possidendum,
3018 5319 3074 5371 in.
3132 5316 3467 5388 voluptatem
3520 5325 3574 5371 et
3616 5314 3881 5386 gaudium

601 5422 769 5479 supra
812 5421 1087 5479 naturam,
1118 5412 1387 5483 planeque
1418 5412 1685 5477 divinum,
1714 5415 1860 5470 nulla
1891 5432 2000 5473 non
2027 5416 2330 5472 teternitate
2362 5413 2754 5485 perimendum
2814 5410 3167 5467 concedetur.
