4044 6464
319 413 427 476 697
1525 412 2064 472 EPISTOLARUM
2096 414 2328 475 LIBER
2358 403 2401 475 Γ.
3470 418 3573 480 693

1416 609 1753 671 ANGELO
1815 610 1973 671 MAI
2036 608 2441 674 MUNITUM

314 750 400 806 De
435 752 636 805 duabus
688 753 919 822 epistolis
966 756 1294 825 sequentibus
1334 755 1509 810 Photii
1551 759 1867 827 patriarchae
1897 760 1967 813 ad
2008 759 2327 814 Zachariam
2358 760 2725 813 Armeniorum
2755 756 3121 826 patriarcltam
3151 768 3197 809 et
3228 756 3298 808 ad
3328 751 3571 807 Asutium

430 841 662 911 ejusdem
695 843 860 912 gentis
886 844 1195 913 principem,
1229 856 1277 898 et
1307 847 1369 899 de
1398 848 1559 899 variis
1585 847 1721 899 inter
1750 846 1957 900 Crwcos
1990 856 2036 899 et
2069 848 2342 899 Armenios
2366 863 2460 915 pro
2488 846 2731 915 religiosa
2773 843 3055 897 concordia
3085 841 3419 894 tractatibus.

393 974 445 1027 1.
493 971 564 1028 Ut
603 973 784 1029 Photii
826 977 960 1031 duas
997 980 1065 1033 ad
1114 980 1432 1035 Zachariam
1477 982 1861 1037 Armeniorum
1907 981 2293 1050 patriarcham,
2321 990 2481 1051 atque
2509 981 2574 1035 ad
2600 982 2850 1037 Asutium
2885 977 3130 1049 ejusdem
3166 976 3341 1047 gentis
3371 991 3568 1044 supre-

316 1077 470 1115 mum
510 1064 811 1131 principem
855 1066 1111 1134 epistolas
1156 1067 1207 1121 in
1246 1071 1350 1124 hoc
1380 1071 1656 1124 volumine
1695 1070 2051 1141 divulgarem,
2095 1085 2258 1123 causa
2299 1070 2432 1123 mihi
2478 1069 2681 1122 Νίσοιυὶ
2717 1067 2927 1139 mystici
2954 1065 3183 1135 epistola
3220 1063 3317 1118 159
3350 1063 3470 1127 fuit,
3512 1063 3567 1116 in

313 1165 427 1218 qua
486 1151 541 1203 hi
585 1149 765 1204 Photii
810 1168 933 1206 eum
985 1153 1260 1209 Armeniis
1305 1164 1589 1221 tractatus,
1652 1165 1714 1211 ut
1756 1158 2016 1219 vidimus,
2046 1168 2559 1212 commemorantur.
2600 1157 2857 1225 Epistolas
2895 1153 3115 1223 quidem
3145 1152 3211 1223 ad
3248 1151 3565 1205 Zachariam

316 1237 473 1290 testis
525 1248 609 1291 est
647 1240 812 1293 etiam
863 1240 1080 1296 Samuel
1112 1242 1391 1306 Aniensis,
1446 1261 1477 1298 a
1521 1259 1608 1298 me
1660 1246 1789 1299 olim
1833 1254 1889 1299 et
1931 1262 1963 1300 a
2010 1248 2080 1302 cl.
2126 1248 2379 1302 Zohrabo
2423 1246 2708 1301 Mediolani
2756 1246 2957 1305 editus,
2992 1245 3043 1297 in
3077 1258 3175 1297 suo
3202 1241 3462 1296 Chronico
3499 1244 3567 1296 ad

313 1324 519 1379 Christi
548 1342 752 1381 annum
786 1329 891 1382 878
928 1330 1010 1383 bis
1041 1332 1222 1385 verbis
1250 1350 1263 1385 :
1297 1331 1749 1401 Constantinopoli
1786 1336 2094 1403 patriarcha
2127 1347 2240 1389 erat
2274 1336 2513 1401 Photius,
2549 1338 2637 1405 qui
2664 1351 2828 1404 nuper
2858 1335 2927 1413 qd
2966 1332 3289 1386 Zachariam
3323 1332 3566 1399 patriar-

315 1413 469 1465 cham
514 1414 745 1467 uestrum
775 1418 1021 1470 consortii
1047 1418 1263 1472 ineundi
1288 1437 1447 1474 causa
1470 1421 1743 1491 epistolam
1773 1423 2075 1491 scripserat.
2110 1424 2230 1489 Quo
2255 1426 2376 1479 loco
2400 1440 2499 1478 nos
2532 1424 2771 1477 editores
2802 1421 3180 1476 adnotavimus
3214 1437 3225 1471 :
3260 1424 3368 1473 hate
3391 1418 3566 1472 Photii

311 1504 521 1571 prolixa
543 1506 764 1573 epistola
786 1518 954 1561 exstat
981 1509 1035 1561 in
1067 1511 1326 1575 codicibus
1343 1511 1664 1566 Armeniacis
1689 1513 1892 1582 collegii
1914 1513 2087 1567 Veneti
2115 1512 2297 1567 Sancti
2320 1513 2513 1567 Lazari
2534 1513 2631 1579 (1).
2655 1512 2731 1565 De
2757 1512 2925 1564 altera
2951 1526 3080 1564 vero
3106 1517 3562 1577 contemporanea

312 1592 494 1645 Photii
548 1595 779 1663 epistola
824 1596 892 1650 ad
934 1598 1181 1651 Asutium
1224 1599 1554 1668 principem,
1606 1601 1773 1656 verba
1804 1601 1935 1656 facit
1981 1602 2269 1673 Serposius
2303 1602 2486 1673 Camp.
2524 1604 2646 1656 hist.
2696 1610 2735 1657 t.
2782 1600 2845 1665 ll,
2876 1618 2930 1671 p.
2963 1600 3049 1655 44.
3086 1599 3199 1654 lloc
3234 1616 3332 1666 ego
3364 1599 3559 1668 triplici

314 1684 632 1739 testimonio
683 1689 995 1743 admonitus
1053 1687 1280 1753 Nicolai,
1325 1691 1614 1756 Samuelis,
1653 1701 1816 1762 atque
1847 1690 2111 1761 Serposii,
2144 1693 2211 1745 de
2247 1691 2501 1746 Photiani
2536 1690 2819 1758 utriusque
2848 1689 3037 1757 scripti
3088 1704 3195 1742 non
3240 1686 3559 1741 exsistentia

312 1775 513 1837 solum,
550 1790 738 1828 verum
766 1776 954 1841 etiam,
988 1778 1043 1831 in
1070 1779 1246 1831 aliena
1281 1779 1469 1833 saltem
1498 1780 1702 1852 lingua,
1733 1781 2149 1836 conservatione
2178 1778 2402 1850 (etenim
2436 1778 2623 1833 Graece
2659 1792 2832 1846 neque
2864 1776 2917 1828 in
2945 1774 3260 1829 Monlacutii
3287 1775 3554 1843 epistola-

310 1874 436 1912 rum
485 1858 665 1912 Photii
715 1860 951 1915 editione
995 1863 1079 1917 hae
1111 1862 1232 1918 dua:
1280 1865 1553 1935 leguntur,
1586 1882 1763 1936 neque
1788 1884 1817 1921 a
1845 1882 1932 1924 me
1964 1870 2020 1922 in
2054 1868 2349 1923 Hellenicis
2378 1881 2619 1935 unquam
2657 1865 2936 1919 codicibus
2967 1864 3265 1918 observata:
3301 1862 3545 1931 luerunt)

310 1946 497 2015 rogavi
533 1947 648 2000 RR.
698 1948 886 2003 Patres
917 1949 1334 2016 Mechitaristas,
1380 1963 1440 2007 ut
1464 1953 1511 2007 si
1543 1954 1786 2024 ipsorum
1809 1957 2096 2011 commodo
2120 1971 2184 2011 ac
2213 1955 2370 2010 libito
2400 1954 2517 2008 ﬁeri
2545 1962 2750 2023 posset.
2786 1951 3083 2005 Photianas
3111 1964 3321 2003 mecum
3352 1947 3560 2017 episto-

306 2034 389 2088 las
443 2037 916 2091 communicarent
956 2055 969 2091 :
1014 2039 1178 2108 hique
1226 2049 1429 2094 tantam
1472 2057 1584 2110 prae
1615 2058 1673 2097 se
1712 2044 1956 2099 tulerunt
1988 2043 2399 2114 benignitatem,
2439 2050 2497 2095 ut
2530 2041 2746 2094 illarum
2779 2040 2965 2093 statim
3007 2036 3402 2107 apographum,
3433 2050 3557 2089 cum

309 2119 496 2176 Italica
534 2122 594 2175 P.
636 2122 869 2178 Eduardi
920 2125 1211 2190 Hormutii,
1256 2129 1499 2198 perdocti
1546 2130 1651 2184 viri
1690 2132 1932 2202 mihique
1975 2130 2314 2193 amicissimi,
2359 2127 2815 2197 interpretatione
2857 2126 3120 2179 utendum
3160 2120 3554 2178 concesserint.

308 2207 428 2274 Quo
474 2221 697 2279 accepto
750 2227 997 2279 munere,
1029 2215 1177 2268 nolui
1214 2216 1466 2284 equidem
1494 2218 1840 2273 occasionem
1869 2218 2127 2274 omittere
2162 2218 2403 2273 sociandi
2439 2217 2695 2271 Photium
2720 2231 2846 2270 cum
2877 2213 3121 2279 Nicolao,
3152 2213 3242 2282 qui
3272 2209 3559 2264 lamiliaris

305 2298 429 2367 ejus
457 2307 512 2352 et
550 2299 825 2354 cathedrae
853 2317 1137 2357 successor
1164 2303 1266 2357 fuit
1300 2305 1592 2375 :quodque
1628 2310 1797 2377 magis
1836 2307 2081 2371 interest,
2120 2306 2310 2377 gestivi
2342 2305 2613 2375 protinus,
2652 2320 2850 2358 novum
2892 2304 2997 2356 hoc
3027 2298 3427 2355 Ecclesiastiem
3475 2297 3557 2350 hi-

308 2386 498 2441 storiae
526 2388 956 2444 additamentum
986 2392 1051 2446 ad
1087 2392 1359 2461 publicam
1386 2394 1632 2448 notitiam
1667 2396 1928 2464 perferre.
1960 2396 2052 2450 Est
2088 2396 2234 2450 enim
2266 2395 2356 2448 hic
2389 2410 2530 2447 unus
2559 2409 2624 2447 ex
2655 2401 2733 2446 tot
2771 2390 3114 2454 tractatibus,
3146 2388 3346 2458 quibus
3371 2385 3559 2441 Graeca

305 2475 549 2530 Ecclesia
580 2491 703 2530 cum
740 2478 1009 2533 Armeniis
1039 2479 1342 2535 instaurare
1376 2483 1721 2537 concordiam
1760 2484 1991 2554 ﬁdeique
2023 2484 2288 2553 religiosa:
2318 2483 2576 2536 unitatem
2610 2488 2799 2535 conata
2825 2487 2928 2533 est.

373 2589 431 2642 2.
486 2589 734 2644 Profecto
786 2589 1218 2659 disputationum
1263 2592 1529 2655 omnium,
1563 2609 1683 2662 qua:
1710 2593 1853 2647 inter
1878 2594 2012 2647 duas
2040 2592 2308 2646 Ecclesias
2349 2591 2546 2645 habitae
2577 2597 2723 2652 sunt,
2759 2587 2959 2642 seriem
2988 2600 3099 2640 non
3124 2593 3412 2639 contexam
3446 2600 3458 2635 :
3500 2583 3552 2636 id

302 2678 453 2731 enim
503 2678 569 2732 ad
614 2679 923 2748 generalem
960 2679 1141 2748 potius
1176 2679 1454 2750 religionis
1494 2680 1778 2734 historiam
1830 2681 2088 2750 pertinet.
2128 2679 2298 2734 Video
2335 2687 2517 2733 tamen
2556 2677 2859 2747 principem
2894 2673 3010 2728 fere
3035 2672 3281 2727 omnium
3321 2671 3375 2723 in
3410 2670 3559 2724 hanc

302 2766 480 2819 aleam
525 2766 873 2819 descendisse
903 2775 1151 2819 sanctum
1184 2765 1457 2831 Proelum,
1490 2767 1580 2835 qui
1609 2769 1808 2821 saccqu
1841 2768 2054 2836 quinto,
2088 2778 2143 2823 et
2173 2768 2393 2837 quidem
2434 2776 2560 2820 ante
2585 2764 3032 2820 Chalcedonense
3066 2758 3367 2815 concilium
3397 2758 3554 2819 vixit,

302 2854 509 2923 scripta
558 2856 624 2908 ad
674 2854 961 2908 Armenios
1005 2855 1309 2925 dogmatica
1355 2855 1606 2924 epistola,
1652 2872 1756 2925 qua
1806 2859 1925 2911 illos
1959 2866 2150 2912 contra
2190 2856 2355 2909 falsas
2378 2854 2655 2909 doctrinas
2681 2849 3059 2907 communivit.
3087 2848 3349 2917 Superest
3378 2846 3558 2899 adhuc

302 2945 422 3014 ipsa
470 2944 699 3011 epistola
747 2944 889 2997 inter
930 2942 1104 2999 Procli
1136 2960 1324 3013 Opera,
1357 2947 1434 2999 rei
1464 2961 1593 3000 vero
1626 2946 1851 3002 historia
1881 2945 2175 3014 exponitur
2220 2943 2363 3013 apud
2393 2941 2658 2996 Galanum
2702 2949 2740 2993 t.
2787 2938 2828 3005 Ι,
2864 2954 2919 3008 p.
2952 2937 3018 2992 69
3049 2945 3104 2991 et
3145 2950 3260 3004 seq.
3308 2932 3555 2987 Trullani

299 3045 547 3085 canones
588 3032 788 3085 sateulo
819 3033 1050 3101 septimo
1087 3033 1242 3098 editi,
1292 3033 1361 3087 ob
1403 3035 1802 3090 emendandam
1836 3052 1896 3105 pr

1955 3037 2138 3093 sertim
2168 3035 2551 3090 Armeniorum
2584 3031 2854 3102 lilurgiam
2882 3045 2944 3084 ac
2973 3026 3339 3097 disciplinam,
3381 3022 3552 3076 notis-

299 3120 423 3173 simi
477 3134 623 3173 sunt.
672 3121 750 3173 En
798 3130 978 3175 autem
1019 3131 1212 3175 octavo
1259 3123 1455 3176 sazculo
1482 3132 1701 3177 sanctus
1728 3124 2033 3179 Germanus
2067 3126 2107 3190 I,
2149 3121 2451 3192 patriarcha
2483 3120 2810 3191 Byzantinus
2838 3119 3015 3171 zelum
3041 3130 3199 3169 suum
3234 3128 3332 3182 pro
3363 3113 3557 3163 Arme-

298 3204 519 3258 niorum
552 3206 875 3260 orthodoxia
908 3210 1262 3278 exprompsit,
1297 3210 1438 3264 datis
1472 3212 1539 3265 ad
1578 3228 1672 3266 eos
1698 3213 1915 3277 litteris,
1956 3222 2014 3267 ut
2035 3212 2266 3282 duplicis
2296 3213 2352 3264 in
2378 3210 2596 3264 Christo
2627 3219 2834 3262 natura:
2860 3204 3283 3265 confessionem,
3316 3208 3370 3253 et
3392 3197 3557 3249 Chal-

298 3295 624 3349 cedonensis
647 3298 831 3367 synodi
864 3298 1247 3351 admissionem
1276 3301 1531 3355 suaderet
1564 3319 1576 3353 :
1606 3316 1725 3370 qua:
1750 3304 1939 3359 littera:
1966 3319 2075 3357 non
2104 3308 2322 3356 exstant
2344 3300 2584 3368 quidem,
2612 3297 2708 3351 sed
2735 3312 2920 3350 earum
2956 3301 3101 3348 certa
3133 3290 3321 3343 notitia
3360 3287 3555 3358 legitur

298 3388 359 3442 in
416 3388 795 3443 Armeniorum
851 3390 1091 3459 ipsorum
1140 3392 1442 3460 menologio
1482 3394 1624 3462 apud
1660 3393 1925 3448 Galanum
1968 3407 2024 3461 ρ.
2069 3391 2157 3455 78,
2198 3404 2301 3442 nec
2346 3402 2457 3440 non
2493 3387 2546 3440 in
2584 3385 2837 3439 Tarsensi
2879 3382 3109 3438 concilio
3135 3378 3277 3449 apud
3303 3375 3553 3429 eumdem

298 3494 360 3548 p.
391 3478 486 3531 541
527 3477 625 3545 (2).
656 3477 929 3532 Germano
950 3488 1080 3531 tunc
1110 3482 1336 3533 omnino
1365 3482 1710 3537 consensisse
1739 3483 1997 3535 dicuntur
2022 3477 2261 3531 Armenii
2295 3491 2386 3545 op.
2424 3474 2517 3527 cit.
2545 3490 2599 3542 p.
2627 3474 2718 3534 77,
2753 3470 3057 3540 praesertim
3084 3468 3208 3536 quia
3243 3466 3387 3517 hunc
3413 3462 3557 3514 inter

298 3567 458 3621 divos
500 3574 809 3620 numerant.
858 3564 1016 3619 Nunc
1041 3566 1267 3621 Photius
1294 3578 1557 3638 sequente
1584 3572 1783 3624 sreculo
1809 3569 2025 3624 curiose
2062 3574 2247 3619 narrat
2267 3563 2482 3632 quoties
2502 3560 2748 3613 Armenii
2776 3557 3019 3626 episcopi
3052 3552 3555 3638 Chalcedonensem

297 3654 464 3709 ﬁdem
502 3654 859 3722 susceperint,
885 3662 1046 3722 atque
1093 3655 1214 3709 aliis
1239 3634 1593 3710 (ncunienicis
1623 3657 1843 3727 synodis
1881 3653 2228 3709 interfuerint
2268 3668 2331 3707 ac
2360 3648 2806 3719 subscripserint.
2838 3646 3112 3714 Pauloque
3142 3649 3263 3711 post
3297 3634 3556 3727 Nicolaus

295 3742 559 3812 mysticus
601 3741 885 3810 epistolam
930 3757 1081 3795 suam
1112 3742 1176 3796 ad
1206 3742 1497 3797 Armenios
1524 3723 1692 3809 misit,
1717 3746 1873 3814 cujus
1908 3758 2007 3798 nos
2034 3741 2283 3794 Latinum
2310 3755 2526 3809 quoque
2555 3736 2908 3805 summarium
2932 3736 2985 3788 in
3019 3729 3333 3803 prmfatione
3378 3742 3436 3780 n.
3476 3723 3551 3779 14

296 3829 641 3898 scripsimus.
701 3827 997 3898 Utriusque
1052 3831 1361 3885 tentaminis
1397 3831 1577 3885 exitus
1614 3832 1796 3886 nullus
1847 3832 1971 3894 fuit,
2010 3841 2070 3885 ut
2113 3830 2180 3883 de
2224 3827 2445 3883 Nicolao
2483 3843 2585 3882 nos
2615 3826 2872 3889 diximus,
2905 3824 2971 3877 de
2998 3822 3116 3890 ipso
3144 3830 3326 3873 autem
3359 3814 3553 3869 Photio
3595 3816 3608 3828 '

293 3917 553 3971 Nicolaus
585 3930 673 3984 ep.
707 3915 826 3979 cit.,
865 3930 984 3983 qua:
1011 3917 1168 3970 valde
1191 3919 1574 3973 contradicunt
1614 3920 1849 3974 narratis
1880 3935 1911 3973 a
1947 3919 2205 3988 Serposio
2226 3927 2265 3970 t.
2292 3916 2359 3982 ll,
2394 3932 2448 3986 p.
2480 3915 2570 3969 46.
2598 3914 2811 3969 Secuta:
2836 3920 2963 3965 sunt
2984 3907 3305 3964 duodecimo
3327 3904 3549 3963 saculo,

296 4014 424 4076 post
461 4019 665 4059 annum
716 4003 872 4069 1170,
923 4015 1183 4075 regnante
1212 4008 1377 4076 tapud
1418 4008 1634 4064 Graecos
1685 4008 1931 4063 Manuale
1979 4007 2281 4072 Comneno,
2307 4004 2549 4059 celebres
2587 4003 2708 4057 duae
2726 4003 2791 4055 ad
2828 3999 3115 4053 Armenios
3141 3996 3210 4049 ob
3241 3993 3548 4063 religiosam

295 4091 643 4147 concordiam
691 4090 986 4160 legationes
1041 4107 1106 4146 ac
1143 4093 1543 4162 disputationes
1591 4095 1882 4150 Thcoriani
1929 4097 2240 4168 philosophi
2282 4112 2405 4150 cum
2434 4093 2660 4149 Nersete
2684 4092 2923 4148 Claiensi
2956 4085 3281 4161 patriarcha,
3317 4099 3549 4153 quarum

297 4180 533 4249 priorem
580 4178 962 4241 Leunclavius,
1010 4183 1369 4249 posteriorem
1409 4199 1510 4238 nos
1557 4184 1614 4237 in
1663 4186 1941 4241 codicibus
1986 4187 2175 4242 saltem
2217 4186 2457 4255 quinque
2501 4184 2779 4237 inventam
2809 4179 3097 4235 edidimus.
3142 4175 3339 4229 Harum
3365 4183 3547 4227 tamen

294 4268 429 4322 felix
460 4268 636 4321 exitus
668 4268 987 4336 patriarchae
1017 4280 1190 4323 morte
1221 4282 1512 4341 corruptus
1551 4274 1806 4328 videtur':
1840 4275 2012 4329 donec
2040 4274 2414 4344 quinquennio
2441 4282 2564 4343 post
2587 4286 2673 4325 res
2705 4270 2904 4323 iterum
2946 4268 3002 4321 in
3029 4265 3261 4320 concilio
3284 4262 3545 4316 Tarsensi

292 4357 498 4410 acriter
533 4356 791 4410 ventilata
843 4371 910 4410 ac
963 4370 1136 4426 prape
1179 4357 1464 4424 confecta,
1511 4359 1777 4416 Manuelis
1808 4362 2152 4433 imperatoris
2197 4365 2447 4421 similiter
2488 4363 2662 4427 obitu,
2696 4362 2809 4416 Deo
2845 4361 2923 4415 sic
2952 4358 3322 4429 permittente,
3353 4369 3547 4408 rursus

293 4444 522 4498 corruit.

366 4558 421 4611 ὃ.
456 4557 564 4612 Sed
597 4556 743 4611 enim
772 4564 969 4625 praster
998 4557 1261 4614 hactenus
1285 4560 1449 4625 dicta,
1476 4576 1617 4617 nova
1647 4563 1778 4617 mihi
1814 4565 2063 4633 quaedam
2093 4566 2149 4620 in
2178 4582 2313 4621 mss.
2345 4572 2626 4634 comperta
2658 4572 2809 4628 sunt,
2842 4578 2963 4633 qua:
2992 4562 3201 4631 integre
3228 4558 3452 4628 quidem
3488 4556 3541 4609 in

292 4647 399 4700 alia
440 4654 915 4703 monumentorum
958 4655 1201 4700 veterum
1229 4648 1453 4718 sylloge,
1495 4658 1553 4702 ut
1586 4666 1765 4718 spero,
1800 4652 2027 4708 daturus
2055 4669 2174 4707 sum
2202 4671 2217 4719 ;
2249 4669 2397 4707 nunc
2432 4663 2611 4706 tamen
2643 4651 2990 4706 summariatn
3018 4650 3260 4718 ipsorum
3293 4644 3541 4699 noﬁtiam

292 4736 568 4791 delibabo.
601 4734 817 4789 Etenim
853 4738 997 4790 circa
1037 4735 1236 4790 Christi
1267 4752 1398 4792 ann.
1430 4737 1588 4804 1240,
1614 4750 1875 4809 regnante
1905 4739 2381 4810 Constantinopoli
2428 4749 2711 4810 postremo
2744 4738 3061 4791 Latinorum
3091 4736 3223 4803 imp.
3250 4732 3539 4795 Balduino,

292 4823 489 4879 Nicaea:
525 4826 850 4883 imperatore
873 4828 1060 4884 Graeco
1089 4826 1297 4881 Joanne
1336 4825 1482 4881 Duca
1514 4827 1758 4893 Vatatze,
1794 4840 2113 4883 renovatum
2149 4845 2178 4882 a
2202 4828 2400 4884 Graecis
2432 4838 2712 4883 tentamen
2745 4835 2829 4880 est
2858 4824 3216 4894 dogmaticam
3246 4820 3536 4889 copulandi

293 4929 418 4967 cum
462 4914 735 4969 Armeniis
766 4931 973 4985 pacem.
1024 4915 1251 4984 Scripsit
1297 4930 1425 4985 ergo
1473 4912 1776 4970 Germanus
1805 4914 1870 4980 ll,
1901 4926 2031 4972 tunc
2060 4916 2383 4987 patriarcha'
2402 4915 2645 4979 Graecus,
2687 4913 2966 4983 epistolam
3009 4912 3077 4965 ad
3119 4908 3538 4963 Constantinum

291 5002 486 5055 eodem
525 5004 757 5072 tempori
817 5004 1198 5057 Armeniorum
1247 5003 1646 5073 patriarcham,
1687 5021 1846 5073 quam
1892 5020 1992 5075 ego
2042 5005 2096 5057 in
2134 5004 2416 5058 codicibus
2452 5002 2716 5057 vaticanis
2764 4999 2867 5068 legi
2914 5000 3019 5053 hoc
3055 4997 3209 5050 titulo
3240 5005 3293 5049 et
3345 4994 3536 5050 initio:

291 5087 384 5156 Τῷ
430 5088 750 5161 ὑψηλοτάτῳ
802 5090 1074 5160 καθολικῴ
1116 5092 1295 5159 πάσης
1353 5093 1449 5161 τῆς
1512 5091 1874 5161 Ἀρμενιακῆς
1938 5091 2297 5158 Ἐκκλησίας,
2348 5091 2447 5161 τῆς
2495 5091 2634 5142 κατὰ
2689 5088 2867 5139 πᾶσαν
2914 5085 3013 5155 τὴν
3043 5084 3390 5152 οἰκουμένην,
3446 5083 3539 5137 καὶ

293 5175 459 5247 σοφίᾳ
500 5178 591 5229 καὶ
619 5179 829 5231 συνέσει
869 5180 1269 5250 κεκοσμημένῳ
1306 5180 1457 5250 κυρῴ
1510 5180 1920 5246 Κωνσταντίνῳ,
1957 5181 2232 5251 Γερμανὸς
2264 5180 2399 5251 ἐλέῳ
2432 5178 2567 5233 Θεοῦ
2614 5176 3043 5247 ἀρχιεπίσκοπος
3094 5176 3541 5227 Κωνσταντινουο

289 5263 520 5329 πόλεως,
566 5265 690 5329 νέας
738 5266 976 5337 Ῥώμης,
1013 5268 1107 5320 καὶ
1148 5269 1523 5337 οἱκουμενικὸς
1565 5268 1929 5339 πατριάρχης.
1961 5268 2157 5338 Incipit
2188 5267 2593 5336 ε’ΛγαλλιὰσΟω
2632 5267 2659 5317 ὁ
2686 5264 2931 5334 οὐρανὸς,
2974 5264 3069 5316 xa‘t
3098 5263 3474 5333 εὐφραινέσθω
3507 5265 3539 5333 ἡ

290 5349 366 5420 γῆ
419 5353 678 5424 σήμερον,
730 5370 785 5408 κ.
817 5371 868 5409 τ.
913 5354 964 5408 λ.
1001 5355 1059 5410 In
1087 5370 1150 5410 ea
1190 5356 1495 5411 Germanus
1523 5371 1887 5412 commemora

1943 5359 2121 5428 primo
2150 5356 2406 5412 Tiridatis
2435 5364 2490 5411 et
2516 5351 2862 5409 Constantini
2895 5353 3332 5422 contemporales
3364 5351 3540 5406 domi-

364 5572 551 5653 (ΠΜΙ
578 5573 681 5631 hac
705 5574 886 5653 ῐῖὴριίἰ
911 5575 1218 5653 dpgtnatica
1239 5579 1468 5650 cpistola
1486 5596 1712 5653 prorsus
1749 5580 1861 5635 dis-
2035 5581 2111 5653 (2)
2165 5580 2308 5653 Ergo
2382 5580 2686 5653 Germanus
2737 5578 2779 5653 l_
2815 5578 3114 5653 permutari
3175 5578 3366 5646 nequit
3407 5590 3531 5653 eum

291 5644 587 5730 ting_ttenda
621 5655 704 5701 est
724 5644 1223 5730 ilohannis'l‘tl‘ieaeni
1243 5644 1579 5730 episcopi-ad
1606 5653 1858 5730 eumdem
1959 5644 2329 5730 Germano‘ll,
2357 5652 2446 5719 qui
2482 5652 2688 5730 pariter
2715 5651 2782 5705 ad
2808 5644 3098 5730 Armenios
3123 5664 3222 5717 pro
3240 5644 3535 5728 concordia

291 5713 612 5790 Zachariam
651 5718 901 5790 epistola,
925 5735 974 5790 Aa
1033 5713 1359 5775 Combelisio
1389 5713 1449 5775 in
1491 5722 1746 5775 Auctario
1787 5721 1845 5775 Β.
1960 5722 2197 5790 scripsit,
2230 5731 2290 5775 ut
2317 5713 2439 5776 mox
2466 5713 2790 5785 videbimus,
2813 5720 3026 5790 Etenim
3054 5713 3322 5772 Ta'rsense
3348 5718 3541 5790 conci-

291 5783 485 5867 l’|:._t.
518 5785 592 5867 All,
646 5783 703 5857 ρΣ
740 5787 1182 5867 ῷθῖβόὶιαμιιιεε
1225 5792 1446 5849 nonnisi
1493 5792 1561 5849 de
1594 5791 1857 5848 festorum
1960 5783 2112 5858 lium,
2160 5791 2211 5844 in
2260 5807 2366 5860 quo
2391 5783 2870 5867 _verha_ﬁunt'de
2899 5789 3193 5857 Germano,
3238 5796 3364 5843 ante
3394 5786 3531 5844 Ger-

293 5854 663 5913 cclcbratione
684 5858 811 5930 agit.
861 5854 871 5860 ’
1024 5854 1035 5858 ’
1076 5854 1095 5861 ’
1962 5854 2180 5918 manum
2206 5854 2502 5929 secundum
2525 5861 2648 5916 fuit.
