4044 6406
573 391 680 455 699
1724 393 1989 457 PHOTII
2026 395 2534 459 PATRIARCHE
2570 397 2679 459 GP.
3733 384 3850 451 7J0

572 506 826 561 nationes
866 523 882 561 :
913 515 1077 578 atque
1105 507 1254 565 hunc
1281 510 1544 565 miraculo
1582 509 1712 565 visa:
1740 511 1921 567 crucis
1947 526 2296 577 conversum,
2328 520 2385 566 et
2409 528 2438 566 a
2478 512 2645 567 beato
2684 508 2945 565 Silvestre
2979 523 3081 580 per
3112 506 3460 579 baptismatis
3482 518 3651 576 aquas
3683 501 3844 573 lepra

574 595 919 660 mandatum,
958 596 1108 651 illum
1155 613 1287 654 vero
1319 598 1704 668 praedicatione
1750 599 1807 653 S.
1856 598 2102 670 Gregorii
2143 615 2174 655 e
2202 600 2454 655 vitiorum
2483 618 2642 655 emno
2674 601 2893 670 vitaque
2923 599 3165 654 belluina
3198 608 3451 668 ereptum
3486 614 3500 650 :
3534 605 3701 665 atque
3738 592 3845 646 hos

572 683 767 759 ambos
795 698 950 752 reges
970 684 1247 755 religionis
1290 686 1675 740 communione
1711 685 2031 749 concordes,
2060 686 2174 741 suis
2199 704 2637 759 unumquemque
2668 687 2882 759 populis
2906 687 3266 742 orthodoxam
3289 684 3498 740 Christi
3523 683 3845 737 doctrinam

576 753 891 824 tradendam
928 753 1171 827 curasse.
1202 774 1268 827 Et
1291 774 1579 828 Armenios
1608 773 1825 843 quidem
1856 773 2129 842 prioribus
2151 776 2322 829 tribus
2351 776 2704 831 cecumenicaa
2724 773 3065 829 auctoritatis
3087 772 3337 828 conciliis
3352 786 3643 826 assensum
3668 784 3841 823 suum

572 857 873 925 przebuisse
933 876 946 912 ε
999 859 1194 914 deinde
1240 869 1421 915 tamen
1467 861 1667 916 diaboli
1718 860 1907 915 fraude
1945 860 2204 930 deceptos
2252 863 2309 917 in
2348 863 2663 933 pestiferam
2715 862 2965 917 haeresim
3014 862 3292 922 incidisse.
3340 875 3449 929 qua
3488 859 3710 912 unicam
3787 857 3841 909 in

571 942 792 998 Christo
832 954 1084 1000 naturam
1132 962 1198 1001 ex
1237 948 1438 1003 deitate
1482 960 1540 1003 et
1581 949 1923 1003 humanitate
1951 955 2263 1003 concretam
2297 948 2650 1015 afﬁrmantes,
2682 948 2997 1003 universam
3027 946 3427 1003 incarnationis
3456 942 3840 1000 oeconomiam

574 1032 1086 1099 pessumdederunt.
1145 1034 1236 1090 Sic
1276 1036 1422 1090 enim
1452 1035 1704 1091 Christus
1746 1051 1925 1106 neque
1962 1044 2168 1090 interno
2191 1034 2337 1088 Patri
2369 1049 2469 1089 suo
2501 1034 2594 1103 qui
2632 1034 2771 1089 nihil
2805 1034 3157 1089 humanitatis
3188 1033 3372 1096 habet,
3405 1045 3580 1101 neque
3618 1027 3838 1099 Virgini

515 1131 519 1133 λ
574 1116 732 1172 Matri
773 1136 895 1189 qua:
925 1121 1166 1177 vicissim
1202 1124 1419 1178 deitatis
1448 1132 1532 1178 est
1569 1140 1783 1194 expers,
1818 1124 1958 1179 foret
1994 1123 2493 1178 consubstantialis.
2533 1121 2755 1177 Frustra
2794 1131 2978 1177 autem
3016 1121 3307 1175 Armenios
3334 1118 3600 1189 obiecisse
3631 1117 3839 1171 orthoi

570 1206 726 1262 doxis
774 1208 978 1264 Christi
1029 1211 1084 1264 in
1132 1212 1271 1267 duos
1310 1211 1633 1267 divisionem
1665 1230 1679 1266 :
1724 1211 1865 1266 hanc
1890 1211 2034 1266 enim
2074 1209 2309 1265 Nestorii
2333 1227 2454 1267 esse
2474 1212 2891 1281 blasphemiam,
2924 1225 3088 1280 quem
3121 1208 3404 1263 hominem
3438 1204 3614 1261 Judaei
3654 1206 3839 1259 instar

568 1296 919 1351 abuminatur
966 1296 1229 1353 Ecclesia.
1278 1298 1368 1354 Sic
1398 1308 1581 1353 autem
1614 1300 1883 1370 separatis
1905 1315 1935 1353 a
1963 1299 2230 1354 catholico
2254 1314 2485 1369 corpore
2515 1298 2809 1365 Armeniis,
2841 1298 2973 1353 alias
3001 1296 3235 1352 subinde
3262 1310 3457 1367 pravas
3476 1293 3837 1348 consuetudi.

570 1398 691 1449 nes,
732 1385 1117 1441 ecclesiastica:
1167 1386 1441 1441 traditioni
1474 1386 1799 1452 contrarias,
1841 1386 1987 1440 inter
2026 1402 2142 1452 eos,
2174 1397 2234 1443 ut
2285 1389 2363 1453 ﬁt,
2413 1388 2740 1459 Obrepsisse.
2774 1387 2901 1443 llaec
2927 1402 3029 1441 nos
3058 1386 3297 1440 breviter
3324 1384 3579 1445 diximus,
3614 1398 3747 1452 quae
3784 1382 3833 1435 in

569 1470 758 1527 Graeco
793 1482 943 1528 textu
981 1474 1143 1543 paulo
1175 1474 1448 1544 copiosius
1482 1474 1798 1529 scribuntur
1829 1473 1910 1529 sic
1938 1476 2166 1545 ιΔιέστη

2239 1494 2267 1529 ν
2301 1476 2363 1547 (ό
2392 1476 2672 1547 διάόολος)
2703 1476 2811 1528 ἀπὸ
2839 1474 2948 1528 τῶν
2994 1472 3283 1543 Ῥωμαίων
3328 1472 3455 1534 τοὺς
3498 1469 3834 1540 ’Δρμενξους

569 1559 776 1629 ἀδελφὰ
804 1560 1135 1632 φρονοῦντας
1162 1562 1222 1614 τὸ
1251 1561 1539 1632 πρότερον,
1572 1560 1633 1613 ού
1664 1560 1941 1614 διάστασιν
1960 1565 2277 1634 σωματικὴν
2302 1562 2522 1634 (μικρὸν
2549 1563 2656 1634 γὰρ
2683 1564 2835 1616 τουτὶ
2863 1562 2925 1615 τὸ
2944 1560 3229 1633 ἀδίκημα),
3259 1558 3394 1615 ἀλλὰ
3421 1558 3683 1628 ψυχικήν·
3702 1573 3832 1609 συν-

568 1646 818 1719 διέστησε
857 1647 915 1702 δὲ
957 1649 1050 1702 καὶ
1102 1649 1210 1702 ἀπὸ
1256 1648 1493 1718 Χριστοῦ
1515 1688 1531 1713 ,
1567 1648 1665 1718 οὐχ
1693 1648 1776 1702 δτι
1819 1648 2094 1703 διιστῶσιν
2128 1652 2282 1706 αὐτοὶ
2325 1654 2402 1716 είς
2436 1652 2706 1722 Χριστοὺς
2733 1650 2827 1704 δύο
2856 1650 2949 1703 τὸν
2991 1650 3090 1704 ἕνα
3120 1648 3355 1719 Χριστὸν
3402 1646 3578 1717 (τοῦτο
3622 1644 3740 1714 γὰρ
3775 1642 3832 1698 τὺ

567 1733 749 1806 δόγμα
774 1735 869 1790 τοῦ
898 1737 1287 1808 ἀντικειμένως
1315 1738 1537 1806 ἔχοντος
1568 1738 1705 1808 πρὸς
1731 1735 1929 1801 αὐτοὺς
1957 1738 2275 1808 Νεστορίου,
2309 1739 2369 1794 ὃν
2395 1741 2490 1793 καὶ
2515 1741 2679 1809 ἡμεῖς
2707 1738 2994 1809 όλοψύχως
3024 1738 3326 1807 ἀναθέματι
3349 1736 3551 1805 αἰωνίῳ
3581 1734 3831 1787 καθυπο-

570 1823 863 1894 6άλλομεν,
892 1823 968 1886 ὡς
993 1823 1091 1877 ἕνα
1119 1825 1217 1895 τῆς
1244 1823 1353 1876 τῶν
1386 1823 1655 1877 Ἰουδαίων
1680 1824 2065 1897 Συναγωγῆς),
2096 1826 2211 1879 ἀλλ’
2235 1829 2319 1882 ὃτι
2340 1826 2439 1891 τὰς
2468 1827 2559 1881 δύο
2587 1826 2781 1898 φύσεις
2811 1828 2890 1891 είς
2919 1826 3048 1896 μίαν
3085 1824 3376 1894 συγχέουσι
3402 1822 3699 1892 τολμηρῶς
3719 1837 3735 1851 ’
3758 1822 3830 1883 ὡς

572 1912 714 1983 μήτε
743 1912 823 1983 τῷ
850 1910 1166 1983 προαιωνίῳ
1201 1912 1399 1984 Ila-cpt,
1442 1912 1579 1983 μήτε
1620 1914 1684 1982 τῇ
1718 1911 2026 1983 ὑποχρονίῳ
2050 1914 2235 1986 Μητρὶ
2269 1915 2551 1986 ὁμοούσιον
2578 1914 2818 1968 νοεῖσθαι
2855 1914 2951 1967 καὶ
2978 1912 3206 1983 συμφυῆ
3238 1911 3330 1964 τὸν
3358 1910 3487 1963 Υίόν
3508 1928 3522 1940 ·
3554 1908 3689 1962 οὔτε
3723 1908 3830 1978 γὰρ

568 2002 637 2055 ὲκ
665 2000 917 2071 θεότητος
941 2002 1036 2055 καὶ
1061 2000 1480 2071 ἁνθρωπότητος
1506 2003 1534 2054 ὁ
1560 2000 1771 2071 Πατὴρ,
1802 2000 1915 2054 οὔθ’
1941 2002 1975 2073 ἡ
2006 2003 2206 2074 Μήτηρ
2233 2002 2479 2073 τοιαύτη’
2526 2003 2609 2057 δεῖ
2635 2003 2693 2057 δὲ
2725 2005 2839 2067 τοῖς
2864 2001 3041 2073 ὀρθῶς
3071 2000 3361 2072 φρονοῦσιν
3388 1998 3603 2069 ὁμοφυῆ
3635 1997 3813 2050 τοῦτα

567 2088 865 2159 κηρύττειν
893 2088 971 2157 τῷ
1001 2090 1173 2158 Πατρὶ
1223 2088 1317 2141 καὶ
1370 2090 1532 2158 ἡμῖν·
1566 2088 1626 2140 οὐ
1659 2089 2065 2160 κηρυχθήσεται
2110 2090 2169 2144 δὲ
2212 2090 2408 2154 οὕτως,
2458 2090 2619 2161 είπερ
2645 2092 2702 2145 αί
2730 2090 2824 2144 δύο
2853 2090 3044 2159 φύσεις
3072 2090 3153 2152 είς
3199 2088 3329 2159 μίαν
3380 2086 3672 2157 κραθεῖσαν.
3708 2102 3787 2137 συ·

567 2177 896 2249 ηνέχθησαν,
925 2176 1042 2231 ἀλλ’
1073 2178 1121 2231 εἰ
1150 2176 1404 2242 σώζοιντο
1428 2176 1727 2247 ἀσύγχυτοι
1756 2178 1815 2232 ὲν
1847 2180 1925 2249 τῷ
1951 2179 2102 2250 αύτῷ
2127 2179 2223 2232 καὶ
2249 2180 2331 2233 svi
2356 2180 2579 2251 Χριστῷ
2598 2194 2613 2210 ο
2643 2178 2783 2244 αὕτη
2816 2180 2914 2249 μὲν
2943 2177 3134 2250 πρώτη
3163 2176 3311 2231 alsia
3330 2177 3429 2245 τῆς
3449 2175 3789 2238 διαστάσεω,

566 2263 663 2318 καὶ
708 2263 811 2334 τῆς
840 2265 1023 2335 κοινῆς
1069 2264 1349 2334 ὁλομελίας
1407 2264 1469 2317 τὸ
1517 2264 1679 2318 καλὸν
1707 2264 1865 2318 τοῦτο
1895 2266 2054 2336 μέλος
2076 2266 2186 2319 τῶν
2228 2266 2527 2339 Ἀρμενίων
2549 2268 2825 2321 ἀποκοπὲν
2856 2266 3072 2340 μακρὰν
3100 2264 3408 2338 ἀπερῤίφψ
3441 2264 3599 2335 μέλος
3628 2264 3693 2317 δὲ
3722 2266 3826 2318 πᾶν

565 2352 668 2423 τῆς
695 2352 947 2424 ὁλότητος
974 2352 1268 2422 ὲκτμηθὲν,
1310 2352 1527 2417 πολλοῖς
1558 2355 2021 2425 περιστοιχίζεται
2058 2355 2198 2425 μετὰ
2224 2356 2323 2426 τὴν
2351 2355 2588 2427 ἐκτομὴν
2614 2358 2727 2419 τοῖς
2752 2357 2961 2418 κακοῖς,
2998 2353 3343 2424 μελαίνεται,
3394 2354 3653 2421 σήπεται,
3697 2353 3825 2405 δυσ-

563 2438 729 2504 ωδίας
756 2438 1054 2511 ἐκπέμπει,
1091 2439 1383 2509 σκώληκας
1411 2441 1770 2511 ἀναϐράττειο
1807 2443 1867 2495 οὐ
1914 2442 2023 2512 γὰρ
2058 2446 2151 2496 ἐπὶ
2184 2445 2323 2515 μόνῃ
2370 2447 2436 2515 τῇ
2480 2442 2673 2516 πρώτῃ
2713 2444 2925 2514 αἱρέσει
2958 2443 2992 2512 ὴ
3025 2441 3135 2495 τῶν
3179 2440 3479 2511 Ἀρμενίων
3522 2440 3824 2510 Ἐκκλησία

563 2526 1053 2597 παραμεμένηκεν,
1085 2526 1221 2581 ἀλλὰ
1252 2529 1350 2582 καὶ
1380 2528 1548 2600 ἔτερα
1578 2529 2021 2603 προσεξεύρηκεν
2052 2531 2183 2603 ἔθνη
2219 2536 2338 2596 ταῖς
2366 2532 2852 2602 ἐκκλησιαστικαῖς
2878 2529 3269 2600 ἐναντιούμενα
3296 2529 3660 2599 παραδόσεσι.

629 2638 688 2695 4.
734 2638 955 2696 Transit
999 2657 1128 2697 mox
1155 2641 1462 2698 Germanus
1491 2643 1558 2699 ad
1595 2644 1846 2700 Haitonis
1869 2646 2256 2701 Armeniorum
2293 2648 2457 2719 regis,
2483 2662 2589 2701 nec
2625 2662 2735 2701 non
2770 2645 3095 2715 patriarchze
3123 2643 3439 2698 eorumdem
3467 2642 3826 2698 Constantini

558 2726 771 2792 laudes,
817 2729 910 2799 qui
940 2729 1007 2785 de
1046 2729 1396 2786 instauranda
1431 2732 1557 2787 ﬁdei
1600 2735 1890 2789 concordia
1928 2734 2161 2799 sincero,
2188 2746 2246 2789 ut
2268 2746 2468 2805 sperat,
2504 2734 2701 2789 aﬁ‘ectu
2734 2734 3074 2798 laborabant,
3106 2732 3287 2786 missis
3318 2732 3387 2786 ad
3419 2730 3641 2786 Graecos
3679 2732 3826 2803 lega-

559 2819 632 2873 tis
675 2817 1023 2875 Theodoreto
1070 2820 1404 2891 hegnmeno,
1448 2830 1503 2877 et
1552 2823 1751 2879 Basilio
1796 2824 2109 2880 monacho:
2158 2838 2265 2893 qua
2306 2839 2368 2877 ex
2416 2838 2476 2877 re
2515 2837 2722 2892 speque
2746 2823 3054 2876 Germanus
3085 2820 3237 2890 (sede
3265 2835 3363 2875 sua
3389 2830 3515 2874 tunc
3547 2820 3750 2889 pulsus
3774 2832 3826 2877 et

556 2905 771 2976 errans)
801 2907 924 2977 plus
950 2909 1131 2979 gaudii
1162 2925 1222 2965 se
1253 2912 1565 2982 percepisse
1588 2912 1838 2976 afﬁrmat,
1870 2929 2031 2983 quam
2060 2915 2106 2969 si
2123 2910 2627 2980 Constantinopolis
2659 2909 2972 2963 Latinorum
2999 2925 3095 2978 per
3122 2908 3175 2962 id
3200 2918 3415 2979 tempus
3431 2908 3750 2978 tyrannide,
3769 2921 3828 2964 ut

557 2994 656 3061 ait,
703 3010 983 3065 oppressa,
1022 2997 1091 3051 ad
1125 2997 1297 3053 Graeci
1326 3000 1664 3070 Caesarisjus
1694 3017 1910 3057 reversa
1940 3002 2153 3057 fuisset.
2179 3000 2351 3055 Porro
2384 3008 2590 3053 tantam
2623 3013 2681 3053 se
2711 2997 3027 3067 suscepisse
3064 2997 3131 3051 de
3166 2997 3548 3051 Armeniorum
3580 3012 3825 3051 conver-

556 3082 712 3138 sione
754 3083 1007 3139 fiduciam
1032 3085 1184 3151 dicit,
1234 3095 1310 3152 ut,
1357 3090 1457 3142 etsi
1488 3089 1664 3143 nullas
1699 3107 1728 3143 a
1753 3090 2036 3145 Catholico
2074 3098 2356 3160 receperat
2388 3090 2616 3152 litteras,
2652 3088 2769 3157 ipse
2802 3095 2982 3141 tamen
3010 3085 3188 3141 fretus
3216 3085 3547 3139 Antiocheni
3580 3085 3826 3153 patriar-

555 3172 677 3227 chae
712 3173 1042 3239 testimonio,
1093 3175 1185 3244 qui
1226 3175 1344 3243 ejns
1376 3176 1452 3231 rei
1479 3177 1641 3232 obses
1669 3187 1810 3241 erat,
1845 3195 1947 3233 nec
1979 3194 2089 3233 non
2119 3174 2447 3233 Theodoreti
2476 3176 2727 3231 monachi
2759 3174 3139 3236 afﬁrmatione,
3172 3173 3451 3244 negotium
3482 3174 3818 3242 occepisset,

556 3261 724 3315 misso
772 3261 839 3316 ad
886 3263 1177 3319 Armenios
1203 3264 1486 3320 Melitenes
1530 3268 1912 3335 metropolita;
1948 3283 2111 3337 quem
2156 3282 2305 3321 nunc
2344 3266 2411 3319 ad
2445 3280 2503 3319 se
2531 3280 2654 3319 cum
2704 3265 2911 3333 aliquot
2948 3264 3067 3334 ejus
3098 3263 3277 3334 gentis
3306 3261 3579 3332 epiSCOpis
3607 3263 3821 3316 remitti

554 3348 813 3420 postulat,
849 3357 910 3404 ut
935 3350 1005 3405 de
1042 3351 1308 3409 Catholici
1338 3355 1587 3425 regisque
1611 3355 1754 3410 circa
1796 3372 1911 3411 rem
1947 3366 2154 3410 tantam
2190 3356 2469 3423 voluptate
2498 3353 2700 3407 certior
2736 3352 2851 3406 fiat.

624 3455 678 3510 5.
709 3455 961 3526 Acceptis
993 3456 1250 3513 Germani
1275 3461 1476 3517 litteris
1510 3463 1789 3532 respondit
1818 3462 2210 3518 Constantinus
2238 3461 2549 3525 Armenius,
2590 3460 2890 3529 perscripta
2939 3460 3063 3515 ﬁdei
3096 3476 3208 3515 suae
3235 3460 3464 3514 formula
3492 3476 3585 3516 seu
3612 3462 3824 3527 libello,

549 3542 643 3612 qui
670 3543 770 3599 etsi
821 3545 873 3599 in
932 3547 1151 3602 diverso
1191 3547 1312 3604 Vat.
1343 3550 1607 3621 longeque
1636 3552 1829 3606 (lissito
1860 3551 2153 3621 exemplari
2195 3550 2393 3619 legitur
2432 3548 2751 3602 Armeniace
2773 3558 2935 3617 atque
2965 3548 3176 3610 Latine,
3210 3565 3334 3603 eum
3365 3549 3728 3604 nihilominus
3757 3551 3823 3605 ad

552 3630 695 3686 hanc
731 3634 1107 3690 tractationem
1146 3639 1443 3704 pertinere,
1479 3640 1824 3694 manifestum
1848 3656 1912 3693 ex
1942 3641 2099 3694 titulo
2131 3640 2211 3702 ﬁt,
2235 3638 2327 3706 qui
2356 3638 2428 3691 ita
2454 3652 2512 3691 se
2542 3637 2705 3690 habet
2731 3655 2745 3691 :
2770 3637 3040 3707 Confessio
3065 3637 3231 3690 brevis
3262 3636 3632 3690 Armeniorum
3664 3640 3815 3706 ﬁdei,

550 3720 750 3774 tradita
801 3738 833 3774 a
881 3725 1078 3777 sanctis
1124 3724 1376 3779 Patribus
1425 3737 1473 3779 et
1526 3738 1770 3796 recepta;
1818 3729 2014 3796 scripta
2057 3744 2179 3780 vero
2218 3728 2289 3780 ad
2324 3728 2741 3793 sanctogenitum
2768 3728 3127 3795 patriarcham
3149 3726 3820 3797 Constantinopolitanum,

548 3817 808 3876 prwcepto
830 3807 1161 3863 Constantini
1191 3812 1434 3865 catholici
1461 3818 1828 3866 Armenorum.
1857 3814 2113 3867 Versatur
2143 3815 2258 3868 haec
2279 3814 2549 3869 confessio
2574 3814 2628 3867 in
2652 3814 2992 3883 expositione
3026 3816 3405 3885 mysteriorum
3449 3817 3817 3871 sanctissima:

549 3894 855 3960 Trinitatis,
905 3906 963 3951 et
990 3898 1192 3953 Christi
1219 3899 1352 3954 Jesu
1382 3903 1800 3965 incarnationis,
1841 3904 1986 3967 vitm,
2021 3905 2231 3965 mortis,
2268 3904 2705 3965 resurrectionis,
2745 3913 2907 3972 atque
2949 3902 3001 3957 in
3034 3904 3233 3957 caalum
3259 3905 3486 3958 reditus.
3516 3903 3609 3958 Est
3633 3916 3819 3959 autem

550 3983 806 4038 universa
835 3985 1040 4040 locutio
1070 3988 1411 4055 huiusmodi,
1438 4000 1497 4043 ut
1528 3990 1799 4045 catholico
1827 3994 2025 4061 passim
2058 4007 2220 4047 sensu
2251 3991 2475 4063 intelligi
2507 4007 2668 4061 posse
2692 3992 2944 4045 videatur
2970 4008 2984 4044 :
3014 4007 3324 4059 quanquam
3356 3992 3581 4046 duarum
3609 3993 3817 4047 diserte

546 4079 889 4135 naturarum,
939 4073 1141 4127 nedum
1186 4076 1520 4131 deﬁnitionis
1554 4077 2041 4145 Chalcedonensis,
2079 4080 2415 4135 mentionem
2453 4080 2682 4139 omnino
2708 4080 2864 4145 vitat,
2895 4087 2951 4133 et
2986 4080 3309 4149 quibusdam
3345 4090 3605 4149 praaterea
3646 4082 3801 4150 parti-

546 4157 686 4211 culis
732 4160 1013 4228 mquivoca
1060 4162 1292 4218 fortasse
1338 4169 1605 4220 sententia
1650 4168 1855 4221 subest.
1888 4168 2189 4238 Cazteroqui
2219 4170 2613 4223 Constantinus
2656 4183 2867 4236 passam
2901 4175 2955 4221 ct
2982 4176 3255 4222 mortuam
3276 4168 3476 4223 Christi
3501 4170 3815 4225 bumanita~

546 4253 657 4299 tem
685 4245 837 4312 dicit,
875 4248 1234 4305 immortalem
1277 4253 1616 4309 divinitatem
1645 4275 1657 4311 :
1691 4257 1955 4327 Spiritum
1996 4268 2243 4313 sanctum
2276 4274 2305 4312 a
2333 4256 2491 4312 Patre
2525 4258 2909 4325 procedentem
2944 4274 2958 4309 :
2991 4272 3188 4326 corpus
3215 4257 3415 4311 Christi
3442 4258 3626 4311 datum
3651 4260 3813 4314 nobis

545 4332 602 4386 in
649 4335 853 4401 cibum,
901 4346 957 4392 et
989 4339 1110 4408 ejus
1137 4342 1454 4411 sanguinem
1488 4345 1716 4400 hostiam
1749 4363 1844 4416 pro
1868 4347 2103 4417 peccatis
2142 4365 2155 4400 :
2186 4344 2465 4398 Athanasii
2495 4344 2674 4415 magni
2713 4345 3097 4398 auctoritatem
3151 4345 3236 4398 bis
3268 4345 3475 4408 laudat,
3500 4345 3567 4398 ad
3588 4350 3812 4415 symbo-

543 4422 656 4476 lum
684 4424 824 4494 ejus,
846 4434 904 4479 ut
938 4427 1096 4496 plane
1134 4436 1379 4498 apparet,
1408 4434 1723 4501 respiciens.
1762 4436 1921 4490 Certe
1960 4437 2049 4490 hic
2090 4433 2481 4489 Constantinus
2511 4432 2658 4503 apud
2686 4430 2991 4486 Romanum
3029 4432 3349 4502 pontificem
3398 4433 3717 4504 Gregorium
3744 4433 3808 4487 IX

544 4507 764 4593 habitus
794 4520 877 4564 est
906 4512 1264 4578 orthodoxns,
1289 4515 1381 4583 qui
1413 4518 1631 4585 pallium
1664 4520 1835 4573 etalia
1874 4533 2199 4577 ornamenta
2226 4522 2291 4576 ad
2320 4536 2446 4576 eum
2485 4522 2633 4577 misit
2653 4537 2776 4576 cum
2803 4520 3044 4591 paciﬁcis
3078 4519 3294 4586 litteris,
3335 4538 3457 4592 quae
3489 4532 3619 4577 sunt
3668 4524 3811 4593 apud

541 4591 866 4649 Rainaldum
902 4597 968 4651 ad
998 4596 1201 4654 Christi
1233 4616 1439 4654 annum
1478 4603 1637 4668 1259,
1669 4620 1727 4658 ιι.
1750 4606 1844 4660 8:2.

612 4703 999 4797 6.An_tequam
1068 4710 1160 4766 hic
1215 4712 1558 4770 Constantini
1613 4718 1830 4774 libellus
1856 4722 1980 4776 ﬁdei
2019 4725 2086 4779 ad
2119 4725 2340 4780 Grmeos
2378 4727 2712 4797 perveniret,
2764 4738 3002 4783 mortem
3041 4744 3171 4793 cum
3222 4730 3332 4797 vita
3395 4727 3707 4784 Germanus
3765 4728 3808 4782 ll

537 4792 847 4891 patriarcha
877 4799 1247 4891 commutavit]
1270 4817 1288 4854 :
1324 4801 1507 4891 itaque
1551 4808 1768 4891 nonnisi
1797 4824 1825 4861 a
1858 4812 2206 4878 patriarcliali
2240 4817 2386 4871 clero
2418 4825 2472 4871 et
2507 4817 2889 4886 episcoporum
2946 4829 3092 4873 metu
3128 4819 3335 4889 suscipi
3380 4824 3579 4890 potuit,
3610 4823 3704 4891 qui
3735 4837 3807 4878 eo

538 4877 699 4978 "0010,
733 4879 1021 4980 ςρὶείιοιθηι
1050 4886 1434 4980 νᾶςαηῇιϐρεθξίθ
1459 4877 1881 4958 τοεετίβδῦτιιιη.
1909 4892 1962 4945 in
2002 4896 2189 4951 codice
2218 4902 2480 4958 Vaticano
2512 4877 2884 4974 superstitem,
2919 4908 3024 4961 hoc
3053 4908 3211 4961 titulo
3242 4877 3297 4962 et
3331 4877 3486 4963 initio
3512 4927 3526 4964 :
3564 4877 3803 4980 l‘giaapa

533 4966 895 5066 ἀποστολικδν
927 4971 1065 5041 πρὸς
1094 4972 1186 5025 τὸν
1212 4973 1454 5027 λίόελλον
1487 4977 1587 5046 τῆς
1624 4978 1735 5030 τῶν
1789 4980 2089 5049 Ἀρμενίων
2138 4986 2485 5058 Ἐκκλησίας,
2515 4994 2606 5045 τὸν
2642 4994 2705 5046 ἐκ
2728 4994 3046 5064 προσταγῆς
3088 4994 3184 5047 τοῦ
3218 4995 3517 5049 καθολικοῦ
3557 4999 3655 5066 τῆς
3692 5017 3805 5051 τοι-

532 5052 705 5153 αύτης
739 5053 1073 5153 ςΕκκλησίας
1103 5061 1714 5153 κυρού-Κωνσταντίνου
1738 5070 2016 5138 γραφέντα
2047 5073 2186 5142 πρὸς
2210 5076 2300 5128 τὸν
2327 5052 2636 5141 ’ἁγιώτατον
2662 5052 3211 5153 πατριάρχηννκῦριν
3246 5083 3286 5134 Γ
3289 5084 3552 5153 ερμανὺν,
3582 5052 3803 5138 ἐκτεθὲν

534 5138 676 5238 μετὰ
700 5138 798 5208 τὴν
823 5142 1033 5238 εκείνου
1055 5146 1193 5238 πρὸς
1216 5148 1424 5238 Κύριον
1459 5150 1730 5221 ἐκδημίαν
1760 5156 1912 5223 παρὰ
1938 5158 2046 5210 τῶν
2077 5138 2451 5229 ύποκειμένων
2487 5161 2566 5232 τῷ
2600 5138 3569 5235 θρόνῳ.τῆςῆιξωνστιαντινουπόλεως
3611 5170 3801 5238 ἀρχιε-

532 5226 693 5323 ρέων.
717 5257 790 5266 -
819 5229 888 5323 :0
913 5232 1012 5302 τὴν
1040 5236 1274 5306 ῥηγικὴν
1304 5238 1683 5309 ἀνεζωσμένος
1705 5243 1878 5313 ἀρχὴν
1909 5244 2005 5313 τῆς
2036 5246 2129 5299 τῶι

2203 5226 2483 5317 Αρμενίων
2507 5226 2719 5318 γένεὲίς,
2919 5254 2969 5307 λ.
3005 5252 3291 5323 Responsio
3326 5258 3397 5308 ad
3438 5226 3667 5309 libellum
3686 5226 3800 5310 Ἆγι

530 5316 783 5411 meniacaz
807 5316 1057 5411 [Ecclesiae
1081 5324 1240 5392 jussu
1268 5328 1513 5381 catholici
1529 5328 1761 5397 ejusdem
1792 5331 2042 5388 Ecclesia:
2058 5337 2257 5390 domini
2278 5338 2613 5392 Constantini
2640 5340 2891 5407 scriptum
2922 5343 2991 5394 ad
3007 5343 3403 5396 sanctissimum
3431 5346 3798 5411 patriarcliam

527 5401 799 5501 dominum
817 5403 1157 5461 Germanum.
1180 5409 1339 5463 Facta
1361 5424 1432 5464 est
1453 5423 1627 5467 autent
1645 5416 1755 5469 lucc
1772 5422 2034 5484 responsio
2045 5431 2158 5489 post
2177 5423 2321 5477 illius
2336 5426 2405 5477 ad
2419 5426 2700 5478 Dominum
2716 5427 3020 5491 transitum,
3036 5429 3331 5498 a‘subjectis
3355 5429 3798 5501 Constantinopo-

528 5486 710 5592 litanae
732 5492 843 5591 sedi
858 5494 1129 5592 episcopis.
1148 5496 1372 5592 Incipit:
1518 5502 1743 5592 regalem
1760 5486 2069 5573 dignitatem
2090 5514 2231 5579 apud
2250 5515 2615 5569 Armeniorum
2638 5526 2841 5586 gentem
2870 5486 3083 5586 obtinet,
3100 5486 3208 5573 etc.
3232 5520 3299 5574 Et
3316 5520 3560 5575 libellum
3580 5486 3797 5592 quidem

529 5578 770 5632 Armenii
788 5582 1109 5649 patriarcha:
1127 5584 1349 5676 allatum
1366 5588 1469 5641 sibi
1482 5590 1641 5643 aiunt
1657 5591 1824 5647 Grmci
1841 5610 1872 5647 a
1890 5596 2149 5667 Gregorio
2166 5604 2515 5671 metropolita
2530 5604 2765 5667 Isauriae,
2785 5606 3146 5675 cumdemqnc
3165 5609 3327 5676 paulo
3347 5609 3583 5665 fortasse
3597 5578 3795 5666 obscu-

526 5679 648 5763 rnm
664 5675 718 5721 et
740 5682 1001 5763 sensuum
1021 5669 1393 5763 profunditate
1407 5674 1743 5745 abstrusum,
1764 5694 2139 5741 verumtamen
2154 5669 2405 5744 charitati
2425 5692 2689 5745 scrutanti
2707 5692 2977 5762 pervium,
3000 5669 3273 5763 appellare
3296 5698 3575 5753 videntur.
3593 5700 3794 5763 Quam-

528 5752 717 5851 obrem
746 5754 849 5856 ip‘si
876 5755 1113 5811 vicissim
1148 5759 1374 5856 recitata
1404 5778 1528 5816 mox
1555 5780 1651 5819 sua
1674 5768 1955 5826 luculenta
1976 5774 2100 5828 ﬁdei
2119 5776 2486 5845 professione,
2528 5780 2594 5833 ad
2628 5780 2873 5833 eamdem
2891 5779 3178 5837 Armenios
3223 5783 3480 5850 invitant,
3523 5796 3677 5856 atque
3718 5786 3792 5839 ad

527 5843 909 5898 onmimodam
926 5847 1278 5904 concordiam
1299 5850 1613 5922 dogmatum
1628 5858 2027 5919 stabiliendum.
2051 5843 2194 5934 Ergo
2212 5876 2425 5933 septem
2448 5843 2504 5936 Sy
2513 5868 2779 5925 nodorum
2803 5866 2967 5938 (inter
2990 5886 3124 5940 quas
3140 5843 3623 5946 Chalcedonensis)
3642 5889 3788 5930 sum-
