4044 6418
322 453 432 522 ’101
1536 459 2078 522 EPISTOLARUM
2114 458 2345 519 LIBER
2384 456 2438 520 I.
2815 470 2820 482 '
3492 455 3602 522 702

322 582 478 622 mam
497 578 803 640 exponunt,
825 586 856 626 a
871 571 1074 643 quibus
1086 574 1352 644 tanquam
1377 573 1606 630 totidem
1628 573 1777 629 tubis
1801 571 2233 628 sacerdotalibus
2249 570 2493 642 profanae
2512 569 2912 638 ilierichuntis,
2927 570 2981 627 id
2999 579 3084 628 est
3099 572 3424 639 lmrnseum,
3460 589 3601 629 mn:-

322 659 422 726 nia
454 669 726 728 prostrata
765 661 935 718 fuisse
966 662 1143 719 aiunt.
1164 664 1374 720 Deinde
1413 665 1755 736 gratulantur
1769 663 2038 734 quodjam
2052 660 2109 715 in
2127 661 2312 716 libello
2328 661 2408 716 sic
2431 660 2724 731 loquantur
2743 660 3018 726 Armenii,
3049 671 3112 716 ut
3135 670 3400 732 appareat
3415 676 3512 716 eos
3565 678 3598 716 a

321 743 764 804 Chalcedonensi
789 751 997 822 synodo
1023 766 1136 807 non
1159 751 1426 808 dissidere
1451 771 1464 807 :
1496 753 1688 807 Οἴδατε
1716 752 1826 824 γὰρ
1842 751 1918 805 κα¹

1997 749 2269 823 μολογεῖτε
2301 749 2516 820 τρανῶς
2535 749 2655 820 μεθ’
2683 749 2843 820 ἡμῶν
2871 749 2972 818 τὴν
3004 751 3069 802 ὲκ
3086 748 3179 802 δύο
3208 747 3448 816 φύσεων,
3471 749 3594 804 θεό-

321 834 494 905 τητός
521 851 580 889 τε
609 837 704 890 καὶ
720 838 1163 910 ἀνθρωπότητος,
1198 840 1549 895 συντεθεῖσαν
1589 841 1721 912 μίαν
1743 840 2044 894 ὑπόστασιν
2077 837 2318 909 Χριστοῦ
2341 835 2435 890 τοῦ
2448 836 2584 890 Υίοῦ
2614 837 2710 890 τοῦ
2732 837 2894 906 Θεοῦ,
2925 837 3023 891 καὶ
3050 835 3308 902 δοξάζετε
3345 837 3446 893 ἕνα
3467 838 3600 894 Υίδν

322 921 425 976 καὶ
441 921 595 989 Θεὸν,
626 923 895 980 ὲνωθέντα
931 926 1098 998 σαρκὶ
1127 927 1381 1000 ἐμψύχῳ,
1410 931 1575 1000 νοερᾷ
1597 945 1659 982 τε
1693 927 1788 982 καὶ
1801 926 1997 996 λογικῇ
2017 926 2160 980 κατὰ
2185 924 2284 996 τὴν
2307 923 2432 979 καθ’
2461 925 2762 979 ὑπόστασιν
2777 924 2994 990 ἕνωσιν,
3021 927 3116 980 καὶ
3135 926 3476 997 ἀσυγχύτους
3499 927 3600 992 τὰς

321 1007 545 1079 φύσεις.
579 1012 676 1065 καὶ
699 1011 780 1067 ἔτι
820 1014 1006 1084 μένειν
1031 1014 1132 1079 τὰς
1157 1016 1521 1081 συνελθούσας
1545 1017 1643 1070 καὶ
1662 1014 2071 1079 ἀποτελεσάσας
2086 1013 2185 1085 τὴν
2223 1014 2352 1084 μίαν
2384 1013 2685 1067 ὑπόστασιν
2742 1013 2838 1068 τοῦ
2868 1013 3108 1084 Χριστοῦ
3132 1031 3146 1046 ⁸
3176 1015 3336 1086 ἡμεῖς
3359 1017 3470 1087 γὰρ
3504 1017 3598 1070 τὸν

319 1099 673 1170 φρενοϐλασῆ
703 1102 997 1177 Νεστόριον
1026 1103 1195 1159 δυάδα
1224 1105 1357 1160 υίῶν
1384 1107 1835 1179 φληναφήσαντα,
1874 1103 1970 1158 καὶ
2002 1102 2100 1172 τὴν
2140 1100 2529 1168 Ἀειπαρθένον
2559 1100 2839 1165 Θεοτόκον,
2874 1101 3237 1172 Χριστοτόκον
3265 1101 3596 1167 καλέσαντα,
3657 1132 3664 1141 -

325 1180 818 1259 καθυποΰάλλομεν
868 1190 1174 1263 ἀναθέματι
1195 1209 1210 1224 ·
1258 1193 1376 1249 ἀλλ’
1429 1193 1491 1248 εὖ
1524 1211 1589 1262 γε
1629 1194 1779 1265 ὑμῖν,
1799 1189 2038 1260 ἀδελφοὶ,
2075 1190 2157 1243 ὃτι
2187 1190 2280 1243 καὶ
2308 1189 2435 1252 τοὺς
2453 1189 2832 1260 τῆςτετάρτης
2850 1189 3068 1243 συνόδου
3100 1191 3370 1260 καρποὺς,
3419 1190 3514 1252 οὒς
3535 1191 3597 1244 τὸ

321 1276 464 1346 πρὶν
490 1276 564 1339 ὡς
608 1276 883 1348 δμφακας
923 1280 1260 1348 ἀπεπτύετε,
1303 1283 1400 1338 νῦν
1434 1283 1510 1347 ὼς
1535 1281 1780 1354 ὠρίμους
1805 1280 1901 1334 καὶ
1927 1277 2231 1350 ἡδυτάτους
2268 1275 2561 1348 προσίεσθε
2582 1291 2598 1308 ο
2633 1277 2745 1329 εῐθε
2777 1275 2835 1329 δὲ
2865 1277 2960 1331 καὶ
2993 1277 3099 1331 ὑπὸ
3129 1277 3229 1348 τὴν
3256 1277 3352 1331 τοῦ
3377 1278 3597 1349 δένδρου

333 1363 501 1418 σκιὰν
532 1364 629 1418 τοῦ
670 1365 1146 1438 ἑκϐλαστήσαντος
1167 1371 1295 1434 τοὺς
1331 1370 1611 1434 τοιούτους
1636 1369 1884 1442 καρποὺς
1900 1368 2104 1438 ἴδοιμεν
2139 1363 2488 1434 καθημένους
2545 1364 2695 1435 ὑμᾶς
2723 1365 2820 1418 σὺν
2854 1366 2988 1436 ἡμῖν
3012 1381 3028 1396 ο
3060 1364 3122 1419 τὸ
3151 1366 3259 1438 γὰρ
3287 1364 3599 1438 ἀσύγχυτον

320 1451 437 1547 crine
459 1452 555 1506 ἐπὶ
570 1453 794 1526 Χριστῷ
805 1454 900 1508 δύο
922 1456 1138 1524 φύσεων
1155 1457 1553 1524 συνελθουσῶν,
1586 1459 1682 1512 καὶ
1700 1458 1763 1511 τδ
1785 1458 1985 1510 ὲνιαῖον
2002 1454 2102 1525 τῆς
2122 1453 2494 1517 ὑποστάσεως,
2510 1452 2604 1506 καὶ
2637 1456 2696 1507 ἐν
2711 1452 2792 1524 τῷ
2813 1452 3046 1524 λι6έλλῳ
3062 1453 3218 1522 ὑμῶν
3234 1454 3588 1526 γραφόμενον

323 1537 586 1611 εὕρομεν,
601 1541 698 1596 καὶ
709 1541 1022 1616 θαρροῦμεν
1034 1545 1115 1599 ὅτι
1129 1545 1227 1599 καὶ⁵
1245 1545 1345 1617 τὴν
1367 1548 1586 1616 κρᾶσιν,
1605 1545 1700 1600 καὶ
1715 1545 1814 1616 τὴν
1831 1543 2050 1616 φύρσιν,
2069 1541 2271 1614 καὶτὴν
2285 1541 2548 1612 σύγχυσιν
2566 1541 2666 1612 τὴν
2680 1541 2780 1606 τὰς
2800 1541 2894 1595 δύο
2913 1541 3104 1611 φύσεις
3123 1543 3205 1606 είς
3223 1543 3354 1613 μίαν
3368 1559 3598 1612 συγκιρ-

321 1625 508 1682 νῶσαν
531 1628 714 1698 φύσιν,
748 1630 871 1702 μεθ’
899 1631 1060 1703 ήμῶν
1089 1633 1268 1698 καλῶς
1300 1633 1673 1688 ἁποὸάλλεσθε
1696 1649 1711 1666 ο
1743 1634 1838 1687 κα)⁵
1862 1633 2059 1695 αὑτοὺς
2088 1631 2215 1691 τοὺς
2245 1628 2454 1700 ταύτην
2492 1629 2994 1700 παραδιδάξαντας,
3031 1629 3124 1684 τόν
3153 1647 3214 1684 τε
3241 1630 3404 1684 ἄνουν
3438 1630 3596 1684 Διόσ-

326 1731 493 1786 κορον
528 1717 624 1770 καὶ
659 1717 751 1772 τὸν
797 1718 1044 1790 Εύτυχέα
1095 1720 1188 1775 τὸν
1233 1720 1508 1792 δυστυχῆ,
1555 1720 1713 1792 οὒςὴ
1743 1722 1802 1775 ὲν
1827 1719 2130 1787 Χαλκηδόνι
2171 1718 2212 1771 δ’
2242 1717 2459 1781 σύνοδος
2491 1716 2601 1771 τῶν
2639 1717 2940 1782 ἑξακοσίων
2982 1717 3278 1788 τριάκοντα
3307 1718 3594 1789 Πατέρων,

323 1803 426 1858 σὺν
447 1802 528 1875 τῷ
556 1805 698 1877 ἁγίῳ
721 1806 882 1878 πάπᾳ
910 1806 1014 1878 τῆς
1043 1807 1282 1874 παλαιᾶς
1325 1809 1550 1878 Ῥώμης
1581 1808 1772 1862 Λέοντι
1797 1805 1875 1878 τῷ
1916 1806 2167 1878 θεόφρονι
2188 1847 2203 1873 ,
2234 1805 2313 1876 τῷ
2357 1804 2665 1877 ἀναθέματι
2692 1805 3067 1876 παραδέδωκε.
3112 1805 3344 1861 Constat
3385 1817 3594 1871 autem,

319 1893 709 1951 Armeniorum
738 1910 958 1952 errores
999 1897 1054 1952 in
1081 1907 1274 1968 quarta
1302 1898 1632 1970 praesertim,
1661 1898 1872 1969 quinta,
1905 1905 2170 1963 sextaque
2199 1894 2408 1966 synodo
2454 1893 2624 1949 fuisse
2652 1893 2962 1958 damnatos,
2999 1910 3122 1964 quae
3145 1903 3343 1950 contra
3397 1886 3592 1948 Mono-

319 1981 590 2054 physitas,
613 1983 984 2055 Synusiastas,
1013 1983 1374 2057 Synchyticos
1403 1994 1463 2040 et
1515 1983 1900 2040 Monothelitas
1924 1983 2216 2038 celebrata:
2247 1982 2494 2036 fuerunt.
2523 1983 2592 2037 Et
2617 1982 2844 2052 quidem
2873 1981 3050 2038 Graeci
3083 1982 3290 2038 diserte
3319 1983 3589 2037 adnatant

321 2085 356 2125 a
379 2080 535 2126 sexta
567 2070 775 2144 synodo
806 2081 1057 2142 quartam
1091 2071 1264 2128 fuisse
1291 2072 1582 2128 ﬁrmatam.
1604 2074 1746 2145 Ergo
1762 2071 1892 2143 quia
1919 2071 2034 2142 jam
2062 2071 2306 2126 Armenii
2337 2079 2546 2141 quartae
2577 2071 2773 2142 synodi
2805 2070 3019 2126 fructus
3047 2086 3106 2126 se
3137 2079 3408 2142 gustasse,
3440 2085 3582 2140 quos

319 2166 488 2214 antea
539 2159 894 2230 respuebant,
949 2159 1296 2215 confessione
1325 2175 1424 2216 sua
1445 2160 1918 2224 demonstrarunt,
1953 2159 2244 2214 hortantur
2263 2172 2360 2213 eos
2384 2157 2556 2213 Graeci
2595 2167 2656 2212 ut
2677 2159 2780 2213 sub
2827 2158 3001 2229 ipsius
3029 2157 3242 2214 arboris
3282 2159 3497 2223 umbra,
3533 2157 3586 2212 id

291 2255 411 2303 'est
443 2246 548 2303 sub
577 2247 698 2318 ejus
721 2247 914 2319 synodi
944 2247 1291 2315 auctoritate,
1321 2249 1671 2319 requiescere
1699 2247 1925 2304 demum
1957 2247 2131 2302 velint
2155 2263 2171 2301 :
2201 2262 2311 2317 quo
2339 2246 2488 2301 dicto
2512 2245 2774 2311 iunuunt,
2805 2246 3054 2301 nondum
3083 2246 3376 2300 Armenios
3405 2245 3586 2316 publi-

314 2351 447 2392 cun
476 2345 534 2392 et
581 2338 930 2394 manifestum
968 2337 1405 2395 Chalcedonensi
1465 2339 1673 2411 synodo
1704 2353 1995 2394 assensum
2040 2333 2378 2405 praebuisse;
2419 2349 2542 2403 quae
2599 2343 2686 2389 est
2725 2349 2898 2404 prope
2971 2342 3176 2388 aeterna
3227 2333 3349 2404 ejus
3403 2333 3588 2406 gentis

314 2423 600 2481 calamitas
621 2433 680 2480 et
708 2426 1164 2498 miseria;gentis
1206 2426 1333 2482 dico
1371 2435 1644 2497 quatenus
1682 2436 1768 2482 est
1798 2424 2176 2490 schismatiea,
2233 2433 2290 2480 et
2337 2424 2788 2495 monophysismo
2842 2424 3140 2489 laborans;
3186 2434 3400 2494 partem
3441 2422 3590 2478 enim

319 2509 499 2583 ipsius
531 2513 881 2578 catholicam,
914 2524 1126 2570 etcum
1173 2512 1420 2569 Romano
1449 2514 1709 2584 pontiﬁce
1739 2513 2204 2576 consentientem,
2237 2526 2456 2582 semper
2485 2511 2716 2581 excipio.
2763 2511 2976 2566 Deinde
3024 2510 3257 2580 epistola
3307 2526 3418 2564 non
3473 2510 3594 2566 sine

316 2614 488 2656 causa
532 2600 753 2672 attingit
799 2601 1089 2672 septimam
1120 2617 1338 2673 quoque
1388 2611 1580 2658 contra
1637 2602 2032 2656 lconomachos
2059 2601 2373 2672 synodum;
2404 2615 2640 2669 namque
2686 2599 2974 2655 Armenios
3019 2599 3121 2654 hac
3175 2599 3340 2655 etiam
3395 2599 3593 2655 haeresi

313 2685 489 2743 fuisse
513 2687 805 2759 aliquando
831 2688 1516 2754 alﬁatos,narratNieetas
1550 2688 1822 2745 Chouiata
1878 2690 1934 2745 in
1971 2688 2219 2744 Historia
2242 2689 2338 2744 lib.
2397 2706 2459 2751 ιι.
2518 2689 2572 2744 5.
2621 2687 2900 2744 Renovata
2952 2696 3231 2758 postremo
3263 2687 3330 2742 ad
3374 2687 3594 2758 plenam

313 2774 470 2831 nullo
513 2775 743 2832 articulo
787 2787 1017 2848 excepto
1061 2777 1440 2833 orthodoxiam
1497 2777 1884 2833 adhortatione

1997 2779 2005 2832 ἱ
2052 2777 2147 2832 οὑν
2190 2777 2396 2846 ἀδελφὰ
2450 2776 2547 2829 καὶ
2599 2776 2758 2846 ὑμεῖς
2813 2777 3059 2846 φρονεῖτε
3089 2777 3243 2846 ἡμῖν,
3293 2775 3395 2841 τὴν
3450 2777 3594 2829 κατὰ

312 2863 552 2934 Χριστὸν
579 2865 856 2937 ἡμετέραν
881 2866 1136 2936 ὁμοίωσίν
1159 2884 1218 2921 τε
1242 2866 1337 2921 καὶ
1362 2866 1664 2938 μόρφωσιν,
1699 2869 1756 2921 ὲν
1779 2867 1914 2920 πᾶσι
1935 2866 2050 2930 τοῖς
2076 2865 2367 2937 ἡμετέροις
2389 2863 2813 2935 θεοπαραδότοις
2877 2862 3214 2932 θεσπίσμασι
3271 2863 3367 2917 καὶ
3427 2864 3594 2934 ἱεροῖς

312 2949 528 3005 ἔθνεσιν
555 2953 786 3017 ἑαυτοὺς
829 2953 1271 3026 ἀναμορφώσατε
1295 2995 1310 3020 ,
1347 2953 1445 3008 καὶ
1479 2955 1588 3007 πᾶν
1615 2951 1677 3007 τό
1705 2953 1950 3007 ἐλλεῖπον
1981 2952 2438 3025 ἀναπληρώσατε,
2464 2951 2559 3006 καὶ
2589 2951 2649 3006 τὸ
2680 2951 3003 3023 περιττεῦον
3031 2951 3213 3015 καλῶς
3237 2951 3522 3022 περιέλετε
3543 2953 3590 3020 ),

311 3037 474 3094 aiunt
505 3039 676 3096 Graeci
701 3041 842 3096 mitti
868 3042 938 3096 ab
967 3057 1026 3097 se
1051 3042 1120 3098 ad
1149 3041 1438 3097 Armenios
1466 3040 1734 3096 Joannem
1764 3042 2048 3097 Melitenes
2089 3043 2429 3114 episcopum,
2460 3057 2585 3097 eum
2623 3041 2838 3096 Joanne
2888 3042 3060 3095 altero
3085 3039 3592 3111 Constantinopoli-

311 3135 460 3183 tanm
487 3118 748 3184 Ecclesiae
775 3127 1072 3200 logotheta,
1101 3129 1194 3201 qui
1219 3129 1401 3186 verbis
1425 3127 1626 3184 Grmea:
1651 3131 1845 3202 synodi
1867 3143 2053 3186 coram
2078 3137 2244 3200 agant
2285 3144 2404 3198 pro,
2430 3129 2722 3184 demortuo
2741 3144 2919 3198 nuper
2972 3128 3263 3194 Germano,
3324 3129 3479 3198 cujus
3533 3127 3592 3183 in

310 3219 502 3277 sedem
528 3237 694 3278 nemo
722 3223 903 3280 adhuc
930 3237 1290 3282 successerat.

385 3327 440 3380 7.
480 3326 666 3383 Tertia
691 3327 911 3383 demum
940 3329 1170 3400 epistola
1207 3333 1374 3387 missa
1397 3343 1480 3388 est
1507 3349 1651 3388 anno
1679 3333 1814 3388 1248
1845 3333 1910 3388 ad
1937 3332 2226 3387 Ilaitonem
2265 3331 2536 3384 Armeniae
2569 3347 2748 3402 regem
2780 3347 2810 3385 a
2850 3329 3098 3384 Manuele
3145 3328 3187 3382 ll
3241 3331 3551 3401 patriarcha
3571 3376 3587 3398 ,

309 3411 407 3482 qui
439 3421 564 3484 post
591 3415 865 3472 trimestre
890 3417 1148 3472 Methodii
1195 3417 1238 3472 ll
1277 3420 1540 3491 regimen,
1577 3421 1926 3492 Byzantinam
1957 3422 2274 3477 cathedram
2304 3421 2599 3476 insederat.
2633 3422 2714 3475 En
2741 3419 2984 3490 epistola:
3006 3421 3222 3474 titulum
3246 3432 3301 3475 et
3327 3421 3543 3475 initium
3571 3443 3585 3478 :

326 3504 617 3576 Ἐπιστολὴ
649 3505 964 3575 πεμφθεῖσα
1002 3507 1156 3578 παρὰ
1199 3511 1294 3562 τοῦ
1337 3511 1678 3581 πατριάρχου
1729 3509 2351 3571 Κωνσταντινουπόλεως
2401 3507 2569 3578 κυροῦ
2596 3507 2856 3578 Μανουὴλ
2891 3509 3028 3576 πρὸς
3069 3509 3160 3560 τὸν
3196 3510 3342 3578 ρἧα
3384 3510 3589 3578 Ἀρμε-

311 3591 445 3648 νίων
477 3593 638 3664 κῦριν
672 3595 1026 3666 Χεττούμιον,
1062 3597 1160 3650 καὶ
1188 3598 1327 3669 πρὸς
1353 3598 1443 3651 τὸν
1478 3599 1628 3667 σφῶν
1657 3598 1944 3652 καθολικὸν
1976 3595 2134 3666 κῦριν
2183 3597 2614 3659 Κωνσταντῖνον,
2657 3595 2752 3647 καὶ
2780 3596 2917 3666 πρὸς
2961 3596 3182 3649 ἃπασαν
3211 3595 3310 3666 τὴν
3355 3597 3585 3668 Ἐκκλη-

315 3681 441 3735 σίαν
462 3681 664 3747 αὐτῶν,
700 3684 864 3737 πάλιν
889 3683 952 3738 ἐκ
977 3685 1189 3755 τρίτου,
1224 3687 1356 3756 περὶ
1385 3687 1485 3757 τῆς
1519 3687 1636 3758 μεθ’
1661 3687 1817 3756 ἡμῶν
1849 3685 2096 3748 ὲνώσεως
2129 3683 2238 3736 τῶν
2274 3682 2589 3753 Ῥωμαίων,
2621 3682 2777 3744 ἔτους
2805 3682 3015 3751 ,ςψνς’.
3043 3682 3105 3738 ν’.
3133 3689 3208 3748 ς’,
3240 3683 3293 3737 id
3327 3692 3411 3739 est
3435 3684 3590 3739 Grae-

313 3785 506 3846 corum
546 3786 689 3826 anno
721 3772 882 3837 6756,
930 3771 1244 3828 Latinorum
1297 3775 1455 3840 1248,
1497 3775 1793 3830 indictione
1821 3790 1910 3828 sex

1986 3816 1991 3826 .
2043 3772 2236 3842 Incipit
2277 3782 2457 3826 autem
2487 3789 2501 3828 :
2537 3771 3038 3842 Πανευτυχέστατε,
3084 3772 3583 3841 πανευγενέστατε,

320 3857 765 3925 πανενδοξότατε,
801 3861 1243 3932 πανυψηλότατε,
1303 3863 1622 3934 περιώνυμε
1661 3864 1761 3934 mg
1803 3863 1896 3917 τοῦ
1933 3861 2338 3932 ἁνδρικωτάτου
2377 3862 2468 3913 καὶ
2526 3860 2972 3930 μεγαλοδυνάμου
3008 3860 3198 3928 γένους
3229 3861 3340 3912 τῶν
3379 3859 3587 3932 Ἀρμε-

315 3947 470 4012 νίων,
495 3949 678 4018 τρίτον
707 3948 807 4019 ἤδη
837 3950 1072 4022 γράμμα
1101 3953 1166 4022 τῇ
1225 3952 1711 4025 μεγαλουργοτάτῃ
1743 3953 1945 4023 ρηγικῇ
1985 3968 2079 4004 σου
2104 3951 2493 4020 ὲπιστέλλομεν
2525 3950 2767 4020 ἐξουσίᾳ,
2802 3952 2897 4004 καὶ
2940 3952 3075 4003 πᾶσι
3116 3953 3231 4013 τοῖς
3261 3951 3590 4017 εὐγενεστά-

311 4048 449 4098 τοις,
479 4051 532 4088 κ.
566 4050 618 4087 τ.
652 4033 728 4100 λ.,
758 4035 834 4104 τῷ
865 4054 925 4088 τε
957 4039 1139 4107 σοφίᾳ,
1176 4056 1230 4092 κ.
1263 4056 1315 4092 τ.
1344 4038 1417 4103 λ.,
1447 4039 1782 4110 ὑπερυψήλῳ
1805 4038 2074 4107 καθολικῷ
2105 4040 2201 4110 τῆς
2220 4041 2329 4092 τῶν
2367 4039 2668 4110 Ἀρμενίων
2714 4038 3061 4108 Ἐκκλησίας,
3095 4055 3150 4091 κ.
3178 4055 3230 4090 τ.
3253 4038 3303 4091 λ.
3336 4039 3455 4108 Ipse
3486 4055 3586 4092 au-

316 4131 427 4177 tem
455 4123 762 4193 patriarcha
798 4123 1012 4179 Manuel
1046 4128 1129 4193 (ut
1169 4141 1332 4194 supra
1361 4125 1687 4196 Germanus)
1721 4127 1794 4180 ita
1841 4143 1908 4197 ep

1989 4129 2082 4182 DiiB
2128 4128 2419 4184 subscribit
2455 4146 2467 4180 :
2503 4127 2761 4198 Μανουὴλ
2786 4129 2922 4200 ἐλέῳ
2969 4128 3107 4182 Θεοῦ
3154 4127 3586 4199 ἀρχιεπίσκοπος

313 4211 945 4276 Κωνσταντινουπόλεως
963 4256 978 4278 ,
1005 4214 1132 4277 νέας
1159 4212 1400 4285 Ῥώμης,
1434 4213 1531 4268 καὶ
1557 4215 1908 4285 οἰκουμενικδ

1989 4217 2340 4289 πατριάρχης.
2369 4215 2584 4270 Mamre!
2609 4217 2946 4270 miseratione
2968 4217 3148 4269 divina
3168 4216 3586 4284 archiepiscopus

311 4297 853 4371 Constantinopoleos,
880 4317 1023 4354 novre
1056 4300 1257 4365 Romw,
1281 4311 1328 4354 et
1360 4304 1706 4356 mcumenicus
1738 4304 2070 4371 patriarcha.
2102 4303 2318 4359 Prolixa
2354 4313 2437 4359 est
2465 4305 2581 4358 hare
2618 4320 2834 4374 quoque
2867 4305 3125 4374 epistola,
3169 4305 3224 4359 in
3260 4320 3366 4374 qua
3411 4305 3587 4374 primo

311 4403 506 4457 preces
534 4389 604 4444 ad
629 4389 800 4444 Deum
832 4388 972 4443 ﬁunt
998 4398 1057 4443 ut
1084 4388 1470 4444 Armeniorum
1501 4407 1686 4462 regem
1713 4406 1809 4445 sua
1839 4392 2012 4462 gratia
2045 4393 2338 4454 illuminet,
2364 4408 2472 4461 quo
2501 4393 2547 4446 is
2573 4393 2779 4462 pariter
2807 4393 2954 4463 genti
2982 4410 3094 4448 suae
3132 4393 3304 4448 facem
3331 4394 3586 4463 praeferat

310 4475 382 4530 ad
416 4475 840 4546 dignoscendam
878 4477 1005 4532 ﬁdei
1038 4476 1454 4544 orthodoxiam;
1505 4495 1626 4548 qua:
1668 4480 1834 4534 verba
1857 4520 1872 4544 ,
1911 4491 1972 4536 ut
2014 4498 2156 4549 reor,
2201 4483 2465 4536 denotant
2508 4481 2752 4536 nondum
2788 4497 2970 4553 regem
3002 4483 3231 4554 ejusque
3272 4491 3485 4554 gentem
3515 4481 3585 4536 ad

309 4563 532 4634 plenam
570 4566 816 4620 veritatis
845 4566 1023 4621 lucem
1053 4566 1295 4620 venisse.
1347 4566 1775 4638 Monophysismi
1810 4585 2025 4639 quoque
2049 4581 2104 4626 et
2133 4570 2536 4624 monothelismi
2566 4571 2744 4625 denuo
2787 4571 2846 4625 ﬁt
2882 4572 3202 4635 confutatio,
3232 4585 3356 4624 eum
3405 4568 3582 4623 lucida

307 4669 379 4710 ac
407 4654 711 4726 theologica
749 4655 1142 4710 incarnationis
1171 4655 1464 4712 Dominica:
1491 4666 1546 4710 et
1582 4657 1706 4712 vitae
1736 4659 2094 4728 expositione.
2123 4658 2494 4714 Memorantur
2526 4659 2854 4730 patriarcha:
2880 4658 3206 4713 Antiocheni
3236 4655 3408 4712 Graeci
3444 4656 3581 4723 (erat

307 4741 456 4797 enim
490 4742 870 4798 Armeniorum
908 4743 1146 4798 Ecclesia
1180 4743 1234 4796 in
1262 4744 1659 4814 patriarchatus
1688 4744 2012 4800 Antiocheni
2041 4746 2204 4816 jure),
2239 4746 2432 4802 litterae
2459 4747 2526 4803 ad
2570 4747 2817 4803 Gnaeum
2842 4747 3226 4816 imperatorem
3254 4753 3310 4798 et
3352 4743 3419 4796 ad
3450 4743 3584 4798 Ger-

307 4845 535 4884 manum
582 4829 625 4884 ll
657 4831 784 4884 olim
827 4831 1215 4901 patriarcham,
1247 4846 1367 4900 qua:
1397 4833 1673 4903 negotium
1711 4849 1904 4888 concor

1983 4851 2016 4888 Β
2042 4835 2307 4905 urgebant
2347 4835 2695 4907 ἀπεριέργως
2718 4837 2893 4904 πάντη
2928 4833 3021 4886 καὶ
3053 4831 3284 4896 ἀδόλως.
3325 4833 3440 4886 sine
3469 4829 3580 4885 ulla

309 4918 736 4988 tergiversatione
763 4931 858 4971 aut
886 4919 1004 4972 dolo
1031 4918 1294 4974 faciendae
1349 4938 1363 4974 :
1406 4935 1540 4985 quas
1573 4921 1900 4976 Antiocheni
1929 4921 2135 4976 litteras
2173 4923 2467 4977 attulerant
2509 4921 2760 4977 monachi
2800 4919 3179 4973 Theodoretus
3237 4929 3292 4972 et
3351 4918 3577 4972 Blasius.

307 5005 448 5060 Exin
480 5008 879 5076 praeteritorum
902 5016 1225 5062 tractatuum
1265 5007 1487 5062 historia
1518 5008 1858 5072 contexitur;
1891 5024 2088 5078 nempe
2117 5011 2260 5078 quod
2283 5009 2608 5072 Germanus,
2636 5008 2871 5077 acceptis
2899 5007 2964 5060 iis
2996 5005 3214 5070 litteris,
3251 5005 3577 5060 Melitenen-

305 5108 426 5148 sem
458 5095 856 5164 metropolitani
902 5095 956 5150 in
1005 5096 1315 5150 Armeniam
1367 5097 1599 5167 legatum
1660 5097 1739 5152 ire
1776 5097 2058 5163 jussisset;
2107 5098 2360 5167 quodque
2424 5097 2664 5151 Armenii
2721 5095 2958 5149 vicissim
3008 5110 3119 5147 sua:
3159 5093 3281 5148 ﬁdei
3338 5093 3576 5148 libellum

309 5179 613 5244 misissent,
653 5193 869 5238 mortuo
899 5184 1116 5238 interim
1151 5185 1460 5254 patriarcha
1490 5185 1782 5240 Germano.
1813 5185 1952 5240 Tum
2003 5186 2246 5240 vacantis
2289 5185 2533 5240 ecclesia:
2581 5185 2790 5236 elerum
2832 5194 2887 5238 et
2934 5183 3354 5251 imperatorem,
3395 5183 3578 5236 libello

306 5269 474 5334 lecto,
519 5269 736 5334 misisse
766 5271 820 5324 in
860 5271 1174 5326 Armeniam
1213 5272 1409 5327 iterum
1444 5273 1854 5328 Melitenensem
1883 5275 2221 5344 episcopum,
2253 5289 2376 5327 cum
2408 5273 2633 5342 praelato
2664 5271 2790 5332 alio,
2826 5280 2881 5325 et
2914 5287 3037 5324 eum
3081 5270 3186 5325 illis
3217 5270 3412 5324 litteris
3441 5287 3579 5340 quas

306 5373 413 5412 nos
441 5358 710 5414 secundas
737 5358 995 5424 diximus,
1016 5368 1072 5413 et
1103 5361 1264 5428 paulo
1289 5370 1416 5415 ante
1445 5363 1756 5416 summatim
1785 5361 2089 5416 retulimus.
2115 5361 2254 5426 Quid
2290 5361 2414 5414 inde
2435 5375 2596 5428 porro
2617 5369 2862 5414 secutum
2891 5359 2981 5423 sit,
3009 5359 3143 5413 dicit
3170 5375 3316 5413 nunc
3359 5358 3574 5412 Mature!

307 5445 647 5518 patriarcha,
678 5461 876 5516 nempe
916 5447 1205 5501 Armenios
1249 5463 1384 5501 vana
1424 5449 1590 5502 verba
1639 5449 1829 5520 legatis
1874 5449 2108 5509 dedisse.
2153 5447 2363 5500 scilicet
2401 5446 2536 5499 nihil
2585 5448 2811 5501 conlieri
2856 5462 3038 5516 posse,
3091 5447 3219 5516 quia
3269 5445 3574 5515 patriarcha

309 5547 501 5587 eorum
529 5533 718 5603 procul
751 5534 940 5588 aberat
976 5533 1030 5587 in
1056 5549 1182 5588 arce
1203 5535 1426 5588 Romela
1452 5536 1519 5590 ad
1549 5535 1907 5605 Euphratem,
1937 5536 2055 5590 sine
2085 5536 2241 5604 cujus
2263 5533 2532 5603 simulque
2558 5535 2776 5604 gentilis
2805 5535 2997 5604 synodi
3027 5533 3354 5589 auctoritate
3384 5535 3572 5602 perlici

309 5621 443 5676 unio
479 5637 590 5677 non
615 5630 857 5695 poterat.
898 5621 1066 5691 Igitur
1096 5632 1218 5693 post
1247 5623 1387 5678 hanc
1415 5623 1641 5677 alteram
1673 5623 2000 5694 legationem
2020 5661 2036 5686 ,
2077 5637 2140 5676 ac
2171 5621 2326 5676 futile
2350 5621 2737 5676 Armeniorum
2768 5637 3128 5691 responsum,
3162 5621 3369 5690 aliquot
3394 5634 3572 5672 annos

307 5708 616 5768 decurrisse
641 5709 922 5781 (nimirum
957 5711 1024 5765 ab
1055 5726 1202 5764 anno
1233 5711 1452 5765 circiter
1478 5711 1610 5766 1‘24!
1658 5727 1829 5782 usque
1857 5713 1926 5769 ad
1967 5711 2150 5780 1248);
2198 5711 2375 5766 donec
2416 5711 2616 5766 iterum
2659 5714 2902 5767 Armenii
2944 5713 3010 5767 ad
3043 5711 3293 5766 Graecum
3331 5711 3570 5780 impera-

315 5806 491 5852 torem
521 5797 806 5868 scripsisse
835 5797 1097 5852 videntur‘
1120 5797 1188 5853 de
1214 5799 1432 5868 negotio
1462 5799 1768 5854 concordiae
1812 5817 1825 5854 :
1856 5816 2018 5869 quam
2043 5800 2214 5855 Graeci
2266 5809 2326 5854 ut
2367 5800 2572 5869 absque
2605 5801 2946 5856 diuturniore
2995 5816 3146 5855 mora
3196 5798 3529 5853 conﬁcerent
3550 5839 3566 5858 .

311 5886 522 5945 tcrtiatn
542 5904 689 5948 nunc
705 5888 1028 5961 legationem
1050 5889 1298 5961 mittunt,
1320 5905 1518 5963 nempe
1546 5888 1959 5948 Melitenensem
1979 5889 2326 5963 praedictum,
2351 5897 2407 5946 et
2427 5887 2816 5962 Philadelphia:
2856 5887 3258 5962 metropolitam
3297 5886 3560 5954 Phocum,
