4044 6412
492 410 600 478 703
1644 407 1910 471 PIIUTII
1950 405 2458 467 PATRIARCH/E
2501 403 2611 467 CP.
3652 402 3770 465 7d!

489 530 562 587 ad
594 529 918 583 lirmannum
948 524 1202 595 denique,
1249 524 1293 578 si
1326 522 1442 579 fieri
1484 531 1690 593 posset,
1722 521 2035 591 religiosum
2070 520 2266 587 foedus,
2302 521 2378 576 ita
2409 530 2590 576 tamen
2636 525 2695 573 ut
2730 508 3147 587 de'quibusdam
3182 513 3439 584 capitulis
3467 514 3778 571 Armenios

494 628 658 673 antea
679 618 1102 686 interrogarent,
1122 628 1241 683 qua:
1259 612 1413 666 valde
1434 610 1696 665 intererat
1717 618 1901 663 utrum
1933 609 2037 679 ipsi
2065 608 2419 663 admitterent
2439 622 2544 661 nec
2564 622 2655 661 ne.
2678 604 2937 659 Hortatur
2955 602 3192 672 denique
3209 602 3425 656 Manuel
3449 603 3776 672 patriarcha

490 706 778 760 llaitonem
808 719 989 773 regem
1020 702 1246 771 ejusque
1278 711 1496 771 gentem
1516 739 1529 762 ,
1560 706 1619 752 ut
1653 712 1919 751 memores
1958 697 2242 752 orthodoxi
2288 696 2545 750 Tiridatis
2574 706 2626 750 et
2656 703 2903 749 veterum
2932 692 3209 747 Armenia:
3243 692 3639 761 episcoporum
3676 691 3776 762 qui

491 794 672 850 tribus
701 793 976 862 prioribus
1005 790 1254 846 conciliis
1282 788 1668 850 interfuerant,
1711 787 1766 841 in
1802 785 1925 841 fidei
1955 786 2221 841 unitatem
2253 800 2378 839 cum
2412 783 2682 839 catholica
2717 781 3041 851 antiquitate
3071 780 3411 851 conspircnt.

465 908 471 953 ;
561 882 615 935 8.
658 884 733 935 Ex
768 881 872 944 his,
901 895 1022 949 quae.
1054 880 1320 933 hactenus
1366 877 1786 946 disputavimus,
1829 875 2119 945 perspicue
2170 884 2385 931 constat
2416 872 2748 943 prmeipuam
2796 870 3183 924 Armeniorum
3260 868 3509 923 hzeresim
3562 868 3623 921 in
3667 866 3781 922 hoc

468 956 648 1032 iverti,
689 968 831 1036 quod
868 984 1029 1035 neque
1057 968 1192 1019 duas
1220 968 1275 1019 in
1303 965 1508 1021 Christo
1537 976 1761 1018 naturas
1801 964 2037 1033 proﬁteri
2072 960 2271 1025 volunt,
2315 975 2479 1030 neque
2529 958 2787 1027 synodum
2830 955 3301 1011 Chalcedonensem
3325 995 3339 1020 ,
3378 955 3777 1024 epistolamque

464 1040 665 1109 isancti
692 1056 876 1109 Leonis
906 1054 1039 1118 PP.,
1068 1069 1185 1121 quae
1220 1054 1273 1106 id
1295 1054 1483 1123 dogma
1517 1053 1739 1121 deliniit,
1769 1054 2069 1106 admittere.
2107 1046 2531 1115 Quatuordecim
2571 1045 2733 1114 igitur
2755 1045 2865 1114 jam
2894 1058 3063 1114 prope
3096 1043 3292 1097 saacula
3322 1042 3681 1105 ellluxerunt,
3717 1057 3783 1096 ex

488 1161 597 1213 quo
624 1159 750 1213 pars
777 1142 1165 1197 Armeniorum
1192 1140 1428 1195 maxima
1467 1140 1524 1195 in
1556 1141 1811 1211 praedicta
1841 1148 1989 1195 secta
2015 1138 2392 1206 doctrinaque
2416 1134 2780 1205 perversitate
2817 1141 3068 1187 versatur
3101 1149 3114 1196 ;
3140 1131 3450 1187 Grmcorum
3483 1140 3679 1186 autem
3714 1131 3784 1186 ad

485 1228 873 1284 insinuandam
903 1228 1284 1283 orthodoxiam
1309 1270 1323 1293 ,
1374 1229 1848 1297 revocandamque
1893 1224 2243 1282 concordiam
2293 1230 2525 1277 conatus
2563 1221 2889 1291 plerumque
2924 1220 3107 1275 irritos
3150 1219 3407 1274 vidimus.
3439 1219 3776 1273 Latinorum

489 1327 670 1371 tamen
704 1318 867 1386 paulo
894 1316 1163 1371 feliciores
1194 1325 1458 1371 tractatus
1492 1330 1617 1370 cum
1646 1314 1921 1369 Armeniis
1954 1313 2121 1368 fuisse
2151 1311 2354 1366 scimus
2386 1328 2401 1365 :
2430 1325 2560 1364 ecce
2589 1310 2733 1364 enim
2770 1308 2950 1381 gentis
2995 1308 3118 1379 ejus
3152 1307 3443 1361 mediocris
3472 1321 3781 1367 numerus,

488 1403 586 1457 Dei
622 1404 791 1473 gratia
824 1405 1051 1467 electus,
1079 1403 1289 1473 abjecta
1321 1403 1412 1457 illa
1440 1418 1603 1473 quam
1632 1402 2038 1472 designavimus
2066 1401 2340 1455 haereseos
2372 1406 2612 1463 tessera,
2646 1413 2772 1452 cum
2811 1397 3061 1451 Romano
3108 1394 3386 1466 pontifice,
3428 1394 3483 1449 id
3514 1403 3608 1450 est
3652 1410 3781 1449 cum

490 1490 761 1544 catholica
789 1489 1052 1556 Ecclesia,
1086 1492 1350 1546 unitatem
1383 1490 1552 1546 fovet.
1584 1489 1687 1556 Qui
1714 1490 1923 1543 utinam
1953 1488 2352 1542 fortunatarum
2375 1486 2591 1557 Deoque
2611 1486 2930 1540 dilectarum
2956 1484 3264 1539 animarum
3292 1498 3557 1538 numerus
3592 1483 3781 1554 magis

490 1575 771 1647 magisque
804 1579 861 1632 in
886 1579 1004 1634 dies
1041 1580 1331 1651 augeaturl
1371 1594 1535 1648 quam
1566 1593 1683 1633 rem
1711 1577 1857 1632 haud
1897 1576 2047 1631 inani
2079 1576 2312 1631 fortasse
2340 1590 2521 1646 neque
2552 1574 2769 1630 inﬁrma
2808 1588 2907 1645 spe
2934 1588 3036 1628 nos
3063 1588 3419 1645 auguramur.

1903 1797 2242 1854 EPISTOLA
2276 1797 2371 1853 IX.

1508 1959 1589 2013 Ad
1614 1958 1938 2013 Zachariam
1960 1958 2325 2028 patriarcham
2354 1957 2744 2013 Armeniorum.

1366 2137 1507 2186 Edita
1532 2136 1592 2185 ab
1617 2139 1745 2199 Ang.
1774 2136 1899 2185 Maio
1925 2135 2202 2199 (Specileg.
2224 2135 2366 2185 Rom.
2391 2139 2429 2185 t.
2454 2133 2515 2195 Χ,
2540 2148 2588 2197 p.
2617 2132 2870 2197 H9459).

568 2267 774 2321 lllustri
797 2277 955 2337 atque
986 2267 1127 2320 omni
1151 2282 1335 2336 genere
1368 2267 1622 2320 virtutum
1654 2265 1891 2336 fulgenti,
1918 2264 2257 2318 dilectissimo
2283 2264 2493 2319 domino
2516 2273 2692 2319 nostra
2718 2262 3018 2329 Zacharia',
3048 2262 3161 2317 viro
3187 2264 3494 2333 apostolico,
3518 2274 3566 2319 et
3594 2271 3782 2337 magni

496 2355 743 2411 T/taddrei
772 2355 997 2424 apostoli
1038 2372 1101 2408 ac
1142 2355 1433 2408 beatissimi
1481 2356 1657 2408 sancti
1713 2353 1953 2424 Gregorii
1986 2354 2158 2407 sedem
2200 2354 2413 2420 tenenti,
2443 2355 2699 2423 magistro
2740 2362 2897 2422 atque
2938 2353 3220 2421 inspectori
3265 2355 3492 2423 regionis
3522 2356 3741 2408 Ararat
3766 2399 3780 2419 ,

494 2445 673 2513 populi
702 2444 923 2497 borealis
956 2444 1192 2509 primati,
1224 2461 1414 2514 magno
1445 2443 1646 2511 pastori
1674 2443 1999 2496 exercituum
2044 2442 2275 2496 Ascenez
2307 2440 2408 2512 (5),
2442 2441 2495 2494 in
2529 2441 2820 2511 pontiﬁcali
2852 2441 3137 2494 eminentia
3167 2442 3472 2506 constituto,
3504 2452 3552 2495 et
3588 2443 3784 2513 pignus

496 2533 689 2602 futura:
721 2534 858 2585 inter
888 2532 1104 2603 angelos
1138 2532 1576 2586 remunerationis
1606 2531 1839 2597 habenti,
1873 2529 2088 2585 Photius
2119 2531 2540 2599 archiepiscopus
2576 2529 3123 2600 Constantinopoleos,
3146 2546 3290 2585 novae
3316 2530 3514 2597 Remis,
3544 2530 3781 2585 salutem

495 2621 774 2672 sanctitati
803 2630 989 2673 vestra:
1023 2620 1173 2674 dicit.

576 2730 629 2784 1.
672 2728 944 2785 Plurimas
986 2730 1098 2785 Deo
1132 2730 1331 2802 gratias
1362 2730 1591 2802 egimus.
1621 2729 1777 2796 cujus
1820 2728 2091 2787 beneficio
2130 2730 2293 2787 nobis
2332 2729 2579 2801 contigit,
2618 2737 2678 2783 ut
2716 2727 3026 2784 sanctitatis
3060 2735 3257 2783 vestra:
3294 2727 3572 2799 epistolam
3595 2772 3613 2795 ,
3664 2744 3789 2799 qua:

497 2818 785 2873 catholicae
820 2828 1016 2883 vestrae
1043 2819 1165 2873 ﬁdei
1204 2818 1399 2872 nuntia
1427 2825 1531 2881 est,
1562 2818 1954 2886 reciperemus;
1983 2828 2145 2888 atque
2174 2828 2234 2873 ut
2266 2820 2319 2873 in
2346 2834 2430 2883 ea,
2462 2828 2720 2888 tanquam
2755 2817 2812 2870 in
2844 2817 3132 2888 theologia)
3183 2816 3317 2882 sole,
3348 2818 3523 2872 verbis
3550 2817 3783 2887 quidem

495 2922 682 2976 parca,
723 2907 819 2961 sed
846 2907 1112 2961 doctrinis
1141 2908 1330 2969 ubere,
1361 2904 1625 2975 spiritalis
1660 2906 1970 2961 concordia:
2008 2909 2250 2973 studium
2289 2922 2665 2963 eerneremus.
2696 2905 2855 2972 Quod
2882 2915 3066 2961 autem
3094 2906 3162 2961 de
3207 2907 3441 2962 concilio
3473 2908 3787 2963 Chalcedo-

496 2994 659 3048 nensi
695 2994 933 3049 scribitis
964 3009 1061 3048 vos
1094 2994 1377 3056 dubitare,
1422 2994 1708 3063 ipsumque
1749 3004 2063 3064 suspectum
2109 2995 2332 3060 habere,
2380 3002 2668 3065 propterea
2715 2994 2863 3065 quod
2924 2994 3065 3047 fama
3095 2994 3264 3049 didita
3305 2994 3407 3061 sit,
3456 2994 3510 3049 id
3563 2996 3787 3052 caeteris

498 3081 816 3136 orthodoxis
838 3081 1083 3136 conciliis
1106 3082 1405 3146 adversari;
1436 3082 1511 3135 ita
1545 3091 1727 3136 tamen
1761 3090 1821 3135 ut
1860 3082 2227 3155 subjungatis,
2255 3098 2351 3138 vos
2370 3082 2596 3136 omnino
2622 3097 2800 3150 neque
2826 3080 3013 3136 Jacobi
3040 3080 3279 3147 Zanzali,
3303 3099 3331 3136 a
3354 3098 3461 3152 quo
3494 3080 3785 3147 Jacobitar,

466 3186 679 3241 neque
710 3170 909 3226 Iuliani
946 3170 1459 3235 Halicarnassensis,
1504 3186 1683 3241 neque
1718 3171 1863 3225 Petri
1891 3170 2241 3234 Antiocheni,
2278 3184 2454 3239 neque
2489 3168 2748 3241 Eutychis
2793 3168 3090 3240 discipulos
3125 3186 3267 3234 esse,
3300 3171 3397 3225 sed
3432 3172 3607 3225 sancti
3640 3172 3784 3227 Gre-

499 3261 635 3331 gorii
666 3262 921 3331 martyris
958 3270 1014 3315 et
1068 3261 1402 3315 confessoris
1452 3277 1516 3315 ac
1565 3261 1866 3315 borealium
1904 3262 2149 3315 omnium
2196 3258 2521 3329 populorum
2556 3258 2963 3321 illuminatoris,
3018 3260 3091 3323 id,
3137 3260 3401 3329 inquam,
3451 3275 3649 3331 magna
3684 3277 3787 3314 nos

500 3350 687 3403 laetitia
727 3349 1045 3404 cumulavit.
1085 3347 1222 3403 Cum
1272 3350 1419 3403 enim
1463 3348 1598 3402 tanti
1636 3347 1877 3403 doctoris
1906 3347 2111 3403 alumni
2155 3347 2292 3408 sitis,
2324 3359 2549 3415 prorsus
2590 3359 2701 3399 non
2735 3345 2912 3410 decet,
2942 3362 3039 3400 vos
3086 3347 3288 3401 mentis
3314 3356 3509 3403 vestrae
3550 3350 3785 3404 consilia

501 3440 677 3508 sequi,
710 3439 804 3493 sed
837 3438 980 3492 illam
1016 3440 1195 3509 potius
1215 3440 1464 3509 amplecti
1496 3438 2023 3508 sententiam,quam
2048 3451 2214 3491 sacra:
2242 3434 2457 3489 Litterae
2477 3435 2727 3500 suadent;
2742 3450 2919 3504 neque
2937 3435 3149 3489 illorum
3176 3436 3367 3492 falsam
3386 3437 3787 3493 cavillationem

500 3528 656 3597 pensi
688 3527 909 3587 habere.
946 3528 1038 3597 qui
1066 3528 1408 3598 Scripturam
1440 3544 1651 3583 sacram
1688 3541 1785 3596 pro
1818 3543 1915 3581 sua
1945 3526 2206 3596 opinione
2231 3524 2553 3593 depravant,
2584 3524 3031 3578 inconstantibus
3062 3524 3347 3579 hominum
3376 3526 3568 3580 animis
3592 3525 3787 3581 fucum

500 3616 793 3682 facientes;
833 3615 999 3669 veluti
1038 3616 1164 3670 olim
1198 3616 1717 3686 pseudoprophetze,
1757 3614 1850 3682 qui
1885 3629 1953 3668 ex
1990 3628 2103 3669 sua:
2132 3614 2333 3668 mentis
2362 3613 2614 3676 arbitrio,
2643 3628 2753 3668 non
2784 3628 2848 3667 ex
2882 3613 2975 3669 Dei
3003 3614 3284 3671 voluntate
3322 3616 3466 3685 loqui
3508 3617 3783 3671 solebant.

572 3706 625 3758 2.
666 3705 778 3774 Age
816 3719 945 3758 vero
977 3718 1079 3757 nos
1113 3703 1361 3774 diligenti
1398 3701 1767 3773 vestigatione
1800 3702 2188 3772 comperimus,
2222 3718 2368 3758 anno
2406 3702 2738 3756 adamussim
2768 3702 2959 3772 quinto
2986 3703 3199 3759 decimo
3228 3714 3351 3774 post
3406 3706 3578 3759 sancti
3613 3695 3787 3762 Isaaci

503 3814 572 3851 ex
609 3798 713 3851 hac
753 3798 862 3851 vita
912 3796 980 3851 ad
1014 3795 1296 3851 Christum
1335 3796 1520 3851 Jesum
1560 3796 1803 3850 discessu
1829 3836 1844 3860 ,
1880 3805 2129 3849 coactum
2164 3794 2333 3850 fuisse
2370 3794 2819 3849 Chalcedonense
2861 3795 3185 3860 concilium;
3231 3812 3339 3866 quo
3384 3812 3529 3852 anno
3562 3809 3787 3854 sanctus

504 3882 788 3938 Vardanus
820 3900 944 3937 cum
972 3883 1216 3937 exercitu
1260 3898 1360 3937 suo
1402 3883 1456 3936 in
1486 3881 1784 3936 Ardacensi
1815 3882 2094 3951 provincia
2124 3882 2444 3953 martyrium
2473 3882 2605 3937 fecit
2626 3924 2641 3948 ,
2669 3884 2857 3937 sedem
2885 3883 3251 3953 episcopalem
3282 3893 3501 3939 tenente
3540 3885 3786 3959 Josepho

509 3990 574 4025 ex
606 3970 818 4025 Leontii
852 3969 927 4040 (4)
969 3970 1250 4024 sodalibus
1274 3985 1404 4023 uno.
1439 3970 1611 4036 Quam
1636 3970 1706 4023 ob
1736 3984 1849 4024 rem
1874 3969 2115 4023 Armenii
2144 3971 2433 4025 Persarum
2461 3970 2776 4025 incursione
2803 3971 3005 4035 vexati,
3028 3971 3077 4025 ei
3107 3972 3345 4026 concilio
3370 3972 3641 4029 interesse
3674 3992 3785 4031 non

506 4068 821 4130 potuerunt;
851 4070 1012 4127 atque
1040 4058 1169 4112 hinc
1202 4057 1427 4123 accidit,
1467 4066 1527 4111 ut
1563 4074 1731 4112 verax
1779 4057 1995 4112 concilii
2032 4058 2151 4127 ejus
2191 4058 2385 4114 relatio
2425 4059 2491 4113 ad
2523 4074 2619 4115 eos
2660 4074 2773 4113 non
2812 4059 3113 4115 devenerit.
3155 4058 3338 4115 Nihilo
3378 4071 3559 4117 tamen
3601 4080 3788 4119 minus

506 4146 749 4202 Armenii
779 4145 1010 4199 concilio
1045 4145 1119 4199 illi
1160 4161 1271 4199 non
1310 4155 1437 4200 sunt
1486 4145 1793 4211 adversati,
1840 4146 1949 4199 imo
2009 4147 2387 4203 auctoritatem
2448 4147 2568 4217 ejus
2622 4157 2963 4217 agnoverunt
3009 4164 3181 4218 usque
3224 4150 3290 4204 ad
3313 4148 3620 4206 Devinense
3650 4168 3786 4207 con-

517 4234 858 4300 ciliabulum,
890 4248 987 4303 per
1022 4249 1196 4289 annos
1236 4234 1338 4289 106
1366 4234 1463 4304 (5),
1494 4250 1691 4304 nempe
1714 4250 1745 4289 a
1774 4235 2016 4289 secundo
2046 4235 2301 4291 Marciani
2332 4249 2477 4289 anno
2506 4250 2679 4305 usque
2709 4236 2775 4290 ad
2798 4234 3095 4289 Iustiniani
3123 4237 3420 4302 decimum,
3450 4247 3507 4293 et
3534 4236 3785 4295 Nersetis

511 4323 764 4379 catholici
790 4323 1213 4380 Ascitaracensis
1246 4332 1496 4391 sextum,
1536 4324 1627 4395 qui
1656 4323 1961 4380 Devinense
1990 4325 2305 4395 praedictum
2340 4325 2632 4380 concilium
2664 4325 3009 4397 congregavit
3046 4324 3143 4396 (6),
3194 4325 3375 4381 Persis
3426 4327 3482 4381 in
3528 4329 3786 4384 Armenia

583 4524 660 4598 (5)
700 4525 756 4581 Si
787 4526 1027 4581 Ascenez
1073 4534 1201 4582 sunt
1238 4526 1513 4588 Armenii,
1558 4536 1620 4582 ut
1655 4536 1881 4597 apparet
1927 4529 2095 4584 etiam

513 4614 581 4653 ex
624 4598 890 4651 llieremia
938 4613 1008 4663 t.t,
1060 4598 1161 4663 27,
1212 4613 1350 4651 vana
1402 4604 1487 4651 est
1534 4598 1814 4653 conclusio
1849 4598 2099 4668 disputa-

515 4670 677 4724 tionis
711 4668 935 4721 Calmeti
966 4668 1033 4721 ad
1070 4668 1270 4723 Genes.
1312 4686 1363 4732 χ,
1406 4669 1459 4727 5,
1489 4669 1581 4737 qui
1622 4670 1866 4723 Ascenez
1903 4670 2098 4724 deﬁnit

514 4755 635 4822 esse
655 4739 894 4822 populos
910 4739 1228 4822 Ascatitieos
1240 4740 1389 4822 circa
1414 4738 1909 4822 Tanaim:.Gravi_us
1924 4740 2105 4821 adhuc

514 4808 835 4864 allucinatur
856 4808 1217 4864 Combefisius
1239 4810 1294 4863 in
1324 4809 1763 4864 adnotationibus
1791 4811 1856 4864 ad
1881 4810 2104 4866 Joannis

512 4881 723 4937 Nicaeni
753 4880 1037 4949 epistolam
1070 4880 1159 4947 (de
1188 4896 1293 4948 qua
1318 4896 1416 4933 nos
1447 4889 1593 4934 retro
1629 4896 1682 4949 p.
1714 4880 1839 4947 4M)
1875 4883 1966 4950 qui
2000 4898 2101 4936 νος

515 4951 770 5005 cabulum
803 4951 934 5004 Azat
976 4952 1042 5006 de
1071 4950 1345 5004 Armeniis
1376 4951 1603 5012 dictum,
1630 4950 1907 5005 existimat
1931 4952 2103 5007 inter-

517 5022 842 5091 pretandum
872 5037 991 5076 esse
1032 5023 1299 5092 ἀσκητάς,
1364 5022 1625 5091 religiosa:
1674 5021 2100 5092 vitmhomines;

446 5140 451 5145 .
515 5108 640 5145 cum
690 5100 878 5145 contra
918 5093 1051 5145 Azat
1091 5091 1417 5147 Armeniace
1456 5092 1725 5162 signiticet
1765 5091 1940 5146 libera:
1979 5110 2105 5146 con—

518 5162 734 5216 ditionis
762 5162 992 5216 homines
1026 5178 1125 5217 scu
1164 5165 1465 5229 optimates.

594 5232 670 5301 (4)
712 5232 971 5304 Leontius
999 5234 1224 5304 insignis
1266 5235 1409 5303 apud
1442 5232 1913 5304 Armeniosillius
1950 5241 2091 5287 tem-

518 5306 668 5373 poris
694 5302 965 5374 sacerdos,
998 5302 1242 5373 quicum
1274 5302 1489 5371 caeteris
1519 5320 1711 5358 necem
1743 5302 1889 5357 illam
1911 5304 2107 5374 glorio-

523 5370 639 5426 sam
679 5370 927 5445 agPersis
954 5370 1147 5442 passus
1179 5385 1291 5439 est,
1332 5370 1498 5445 quam
1542 5375 1817 5430 luculenta
1868 5370 2095 5429 historia

517 5443 761 5497 narravit
794 5442 1083 5497 Armenius
1126 5442 1367 5499 Elismusl

591 5512 669 5583 (5)
707 5512 845 5570 Cod.
874 5520 1135 5569 mendose
1164 5516 1249 5569 74.

594 5586 668 5653 (6)
709 5583 947 5639 Galanus
972 5586 1212 5655 quidem,
1236 5583 1509 5649 Villottus,
1539 5588 1601 5639 iet
1634 5584 1949 5654 Lequinius,
1981 5586 2102 5640 freti

524 5654 804 5731 historicis
822 5657 1124 5731 _Arnteniis
1154 5654 1645 5731 aliquo_t,gquort‘.u.n
1680 5657 1974 5731 notitia‘ad
2009 5672 2103 5731 eos

524 5726 789 5793 pervenit,
820 5726 1121 5781 Devinense
1149 5727 1567 5782 conciliabulum
1603 5726 1665 5793 in
1690 5726 1926 5780 Nersetis
1949 5729 2101 5780 Asci-

532 5787 828 5851 taracctisis
857 5797 1221 5867 patriarchatu
1255 5799 1540 5853 collocant.
1575 5787 1685 5854 Sed
1729 5805 1910 5850 tamen
1942 5812 2101 5851 vera-

528 5868 704 5921 (iores
737 5877 791 5923 et
815 5870 1090 5940 graviores
1127 5870 1370 5927 historia:
1396 5879 1597 5924 nostra:
1627 5867 1950 5939 scriptores,
1985 5884 2099 5923 rem

2204 4528 2349 4582 illam
2389 4526 2443 4580 in
2472 4524 2762 4579 Abrahami
2794 4522 2814 4577 l
2872 4525 3241 4595 patriarchatu
3269 4536 3546 4596 peractam
3573 4527 3783 4591 dicunt,

2206 4598 2300 4667 qui
2332 4610 2477 4669 anno
2510 4596 2614 4669 554
2644 4596 2854 4669 electus
2890 4596 3011 4669 fuit,
3038 4595 3341 4669 eAtCyriOni
3372 4598 3658 4652 lberornm
3689 4615 3783 4669 pa-

2210 4667 2463 4723 triarchae
2520 4668 2796 4720 adversari
2840 4667 3007 4735 ccepit
3054 4667 3517 4723 Chalcedonensis
3569 4667 3784 4723 concilii

2172 4742 2184 4752 ”
2206 4738 2517 4798 defensori;
2564 4738 2791 4805 ideoque
2824 4738 3143 4806 prmdictum
3179 4739 3604 4793 conciliabulum
3642 4742 3783 4794 cele-

2207 4810 2406 4873 bravit,
2443 4817 2501 4861 ut
2525 4807 2815 4879 Cyrionem
2843 4810 3375 4879 excommunicaret,
3409 4819 3575 4879 atque
3623 4826 3783 4865 unam

2206 4895 2327 4935 esse
2365 4877 2685 4933 decerneret
2718 4878 2924 4950 Qhristi
2970 4877 3101 4950 Jesu
3140 4889 3411 4942 naturam,
3453 4877 3509 4934 et
3551 4881 3783 4950 denique

2207 4951 2410 5020 trisagii
2435 4941 2776 5002 notissimum
2802 4949 2931 5003 illud
2952 4949 3378 5003 additamentum
3401 4941 3525 5005 cani
3545 4941 3780 5018 juberet.

2206 5020 2975 5101 constat,insuperlibrorum
3007 5020 3391 5101 haereticorum
3417 5023 3562 5101 apud
3595 5025 3783 5101 Arme-

2206 5093 2327 5146 nios
2378 5090 2910 5163 interpretationem,
2960 5106 3122 5163 quam
3164 5089 3392 5163 Photius
3446 5089 3501 5145 in
3560 5092 3781 5163 epistola

2206 5171 2491 5225 memorat,
2518 5160 2620 5214 sub
2646 5160 2957 5215 Abrahamo
2988 5162 3293 5230 patriarcha
3318 5162 3485 5216 fuisse
3506 5160 3766 5226 curatam,

2209 5231 2402 5302 Syrum
2437 5247 2567 5285 vero
2606 5231 2920 5285 Abdiscium
2946 5247 2973 5284 a
3000 5230 3225 5285 Nersete
3260 5232 3401 5286 haud
3438 5233 3660 5302 quidem
3688 5233 3781 5287 As-

2206 5302 2523 5358 citaraccnsi
2567 5303 2659 5355 sed
2696 5302 2978 5373 rScinogho
3023 5302 3191 5373 fuisse
3238 5313 3642 5366 consecratum,
3694 5303 3780 5373 qui

2206 5374 2423 5445 nonnisi
2454 5388 2597 5425 anno
2612 5372 2715 5445 646
2744 5373 3029 5445 ordinatus
3057 5372 3179 5432 fuit.
3221 5382 3275 5427 et
3310 5372 3780 5445 pseudosynodum

2206 5444 2397 5498 Devini
2425 5443 2765 5496 convocavit.
2795 5442 2931 5507 Quia
2984 5459 3131 5511 ergo.
3164 5454 3325 5512 prout
3368 5460 3502 5498 sana
3550 5442 3780 5499 chrono—

2206 5514 2345 5585 logia
2378 5514 2558 5577 tradit,
2590 5513 3034 5585 Chalcedonense
3063 5514 3355 5585 concilium
3385 5530 3533 5569 anno
3562 5516 3662 5570 451
3694 5514 3782 5568 liae

2205 5583 2375 5639 bitum
2412 5592 2516 5648 est,
2548 5600 2655 5652 quo
2682 5583 3011 5637 adamussim
3042 5584 3185 5637 anno
3217 5584 3451 5639 Vardani
3486 5587 3779 5639 sociorum-

2205 5672 2311 5725 que
2341 5654 2460 5722 cjus
2491 5655 2806 5724 martyrium
2839 5656 3084 5725 contigit,
3112 5656 3361 5725 sequitur
3394 5667 3455 5711 ut
3485 5655 3781 5711 Devincnse

2205 5725 2627 5779 conciliabulum
2669 5725 2735 5777 ad
2776 5741 2979 5795 annum
3032 5734 3152 5795 post
3195 5726 3645 5784 Chalcedonensé
3686 5726 3779 5782 ω

2206 5797 2557 5854 referendum
2588 5795 2681 5851 sit.
2712 5795 2775 5852 Ε.
2812 5793 3144 5853 Hotuw'rtus.
