4044 6400
273 448 386 512 705
1427 428 1914 494 EPISTOLARU?

2019 424 2239 485 LIBER
2273 422 2324 483 Ι.
3412 410 3519 472 706

274 554 649 627 regnantibus,
693 552 906 607 decimo
936 560 1129 620 quarto
1155 549 1413 607 Chosrois
1439 548 1755 618 imperantis
1784 560 1963 609 anno;
1998 558 2131 597 usus
2162 541 2228 596 ad
2253 553 2384 597 .eam
2424 550 2538 627 rem
2569 533 2823 627 ministro
2850 529 3105 627 Abdiscio
3132 527 3285 626 Syro,
3314 526 3422 627 qui.
3453 526 3523 580 de

276 614 512 698 Sassane
540 614 976 709 monasterioque
1007 640 1248 709 Sarcpta’.
1277 654 1400 694 cum
1427 614 1588 692 sociis
1648 635 1942 689 advenerat
1977 648 1992 685 :
2024 630 2191 699 hique
2230 625 2463 683 ordinati
2482 631 2637 678 »sunt
2666 637 2695 713 a
2736 618 2963 713 Nersete
2992 615 3255 713 epifcttpi.
3281 614 3522 668 admise-

272 740 514 800 runtque
550 703 975 791 Dioscorum,-et
1003 703 1318 781 Flavi-anum
1350 724 1584 781 civitatis
1631 721 1877 778 Nabuchi
1904 720 1982 790 (7)
2013 718 2328 788 episcopum
2347 753 2362 776 ,
2391 728 2456 768 ac
2486 710 2834 805 :l‘imotheum
2861 703 3288 805 Alexandrinum
3320 716 3525 805 cqgnq-

276 788 466 874 ment-0
491 816 741 871 Elurum
771 834 783 869 :
812 788 1080 883 iidemque
1107 814 1274 868 libros
1301 815 1479 867 varios
1507 813 1563 867 in
1595 788 1970 865 Armeniaca-ni
2002 806 2237 875 linguam
2274 800 2685 858 transtulerunt,
2710 795 2927 850 insertis
2950 792 3135 847 multis
3157 798 3345 844 contra
3364 788 3527 843 Chal-

276 907 589 962 cedonense
618 902 904 958 concilium
957 902 1242 956 calumniis
1275 900 1373 971 (8).
1408 900 1472 954 Hi
1504 900 1706 953 idcirco
1734 905 2135 966 postremorum
2166 893 2525 959 interpretum
2555 885 2714 940 titulo
2736 883 3109 953 indigitantur.

353 995 406 1048 5.
449 993 589 1062 Ergo
634 990 879 1044 Armenii
913 990 1142 1044 istorum
1183 989 1434 1043 doctrina
1486 986 1679 1041 imbuti
1709 999 1871 1039 unam
1906 982 2035 1036 Jesu
2068 978 2271 1034 Christi
2299 975 2538 1031 hominis
2563 988 2628 1063 ac
2665 971 2757 1063 [lci
2785 980 3041 1063 naturam
3072 974 3440 1063 agnoverunt,
3468 972 3528 1017 ct

282 1081 506 1151 trisagio
524 1055 698 1133 vverba
729 1081 817 1148 qui
842 1077 1120 1145 cruciﬁxus
1158 1094 1210 1131 es
1246 1076 1598 1139 addiderunt;
1635 1073 1781 1143 quod
1804 1070 2045 1126 studiose
2077 1067 2348 1130 fecerunt,
2375 1072 2436 1117 ut
2468 1058 2902 1151 Chalcedonensi
2931 1055 3164 1111 concilio
3196 1065 3251 1108 et
3287 1055 3541 1127 quinque!

282 1145 608 1238 patriarchis
650 1145 1093 1220 contradicerent
1132 1182 1148 1219 :
1185 1175 1346 1234 atque
1386 1164 1459 1218 ita
1497 1179 1528 1217 a
1570 1163 1881 1217 Grazcorum
1924 1153 2330 1216 communione,
2380 1150 2587 1241 indicto
2627 1148 2711 1202 his
2759 1145 3121 1241 anathemate,
3156 1150 3529 1241 recesserunt.

286 1236 363 1307 Ea
404 1269 493 1308 res
544 1252 827 1308 Persarum
867 1268 1049 1321 regem
1084 1266 1281 1323 magno
1310 1251 1504 1322 gaudio
1534 1249 1734 1313 all'ecit,
1765 1246 1892 1316 quia
1920 1257 2118 1311 nempe
2149 1239 2432 1295 Armenios
2458 1253 2488 1292 a
2534 1236 2846 1291 Grecorum
2879 1236 3201 1329 auctori-tate
3242 1236 3533 1329 recessisse

287 1343 508 1397 videbat
536 1359 550 1395 :
582 1356 749 1410 quare
789 1316 1094 1395 collaudato
1126 1316 1372 1406 Nersete,
1411 1338 1577 1394 ﬁlium
1618 1352 1777 1393 suum
1800 1377 1814 1400 ,
1857 1340 2019 1403 prout
2052 1328 2392 1399 promiserat,
2427 1326 2481 1379 in
2513 1324 2858 1393 adoptionem
2883 1321 2948 1410 ei
2982 1318 3222 1410 tradidit,
3258 1325 3314 1371 et
3340 1316 3535 1410 Arme:

288 1431 465 1485 niaca:
494 1403 783 1501 provinciae
825 1428 1104 1499 vectigalia
1130 1403 1590 1482 administrationi
1620 1425 1789 1494 ipsius
1820 1430 1874 1476 et
1910 1417 2209 1473 faventium
2236 1414 2287 1469 ei
2316 1414 2698 1501 episcoporum
2722 1408 2988 1501 permisit.
3020 1409 3274 1501 Attamen
3299 1419 3444 1458 anno
3471 1403 3536 1456 16

291 1536 415 1575 aera:
442 1494 775 1572 Armeniacae
794 1519 868 1585 (9)
896 1494 1179 1571 Vardanus
1214 1514 1630 1571 Mam‘iconensis
1651 1512 1915 1567 Surenam
1946 1503 2254 1568 interfecit,
2286 1500 2581 1570 provinciae
2602 1497 3070 1591 Armeniaca-pro
3100 1494 3384 1591 Persarum
3411 1507 3538 1561 rege

292 1602 630 1673 praefectum,
666 1582 878 1671 injuriae
903 1601 1207 1669 impatiens,
1242 1615 1403 1670 quam
1434 1600 1672 1653 Surenas
1709 1593 2064 1665 optimatibus
2114 1591 2392 1651 intulerat,
2421 1589 2629 1643 ablatas
2683 1587 2769 1641 his
2810 1585 3101 1656 dignitates
3145 1582 3211 1673 ad
3255 1582 3538 1673 episc0pos

296 1670 674 1745 transferendo
711 1670 730 1743 :7
762 1704 869 1758 quo
907 1696 1119 1759 patrato
1153 1689 1414 1749 facinore,
1440 1686 1557 1755 ipse
1586 1700 1709 1739 cum
1741 1683 1856 1737 suis
1885 1680 2129 1752 cognatis
2161 1679 2457 1747 multisque
2481 1678 2676 1746 opibus
2710 1675 2777 1728 ad
2811 1673 3029 1728 Graecos
3064 1670 3326 1741 profugit.

369 1781 425 1836 4.
450 1780 746 1836 Iustiniani
788 1781 1106 1850 imperantis
1139 1795 1286 1834 anno
1324 1780 1387 1834 l7
1423 1778 1561 1849 (l0),
1594 1778 1724 1831 dum
1762 1775 1809 1830 is
1845 1782 2048 1829 sancta:
2083 1772 2299 1842 Sophia!
2332 1771 2597 1840 templum
2649 1774 2978 1829 exstrueret,
3018 1766 3138 1834 ipso
3185 1761 3543 1819 sanctissima:

294 1867 490 1924 Crucis
516 1866 654 1921 festo
684 1868 792 1933 die,
825 1865 1111 1922 Vardanus
1128 1867 1535 1922 communicare
1569 1865 1883 1920 Graecorum
1915 1860 2083 1915 sacris
2112 1860 2410 1926 recusavit,
2443 1859 2634 1914 dicens
2664 1870 2785 1910 eam
2813 1854 2916 1909 sibi
2945 1868 3058 1907 rem
3083 1868 3182 1920 per
3206 1851 3545 1905 institutores

299 1972 434 2011 suos
466 1970 577 2009 non
607 1954 772 2009 licere
803 1954 937 2025 (ll).
980 1954 1137 2009 Tunc
1172 1955 1473 2023 imperator
1510 1952 1805 2006 multorum
1836 1950 2217 2019 episcoporum
2250 1948 2748 2017 magistrorumque
2784 1940 3074 1996 convocari
3102 1938 3397 1993 concilium
3425 1938 3545 2025 jqu

301 2043 395 2106 sit,
430 2051 760 2111 centumque
789 2050 843 2096 et
874 2024 1096 2113 triginta
1156 2042 1410 2096 homines
1441 2038 1912 2107 Constantinopoli
1978 2045 2383 2091 convenerunt.
2438 2033 2552 2087 lloc
2580 2032 2834 2101 quintum
2862 2028 3157 2084 concilium
3189 2026 3423 2092 dicitur;
3457 2024 3547 2079 cui

300 2130 550 2185 Armenii
575 2146 796 2199 quoque
848 2131 1241 2194 interfuerunt,
1283 2138 1338 2183 et
1366 2128 1820 2182 Chalcedonense
1862 2125 2157 2180 concilium
2184 2139 2243 2178 se
2298 2121 2590 2176 admittere
2619 2119 2828 2187 scripto
2872 2116 3057 2171 testati
3092 2123 3237 2169 sunt.
3282 2113 3547 2167 Praeterea

304 2232 433 2272 cum
467 2216 796 2289 Musceghus
830 2217 1258 2272 Mamiconensis
1285 2215 1598 2270 Graecorum
1640 2212 2139 2282 Armeniorumque
2171 2210 2343 2279 copiis
2382 2208 2626 2273 sociatis,
2678 2205 2912 2262 Chorois
2941 2205 3234 2259 Persarum
3278 2203 3420 2272 regis
3450 2217 3549 2269 po-

303 2306 530 2359 tentiam
565 2302 745 2375 fregit,
785 2314 945 2375 atque
974 2306 1042 2359 ab
1068 2307 1195 2376 ipso
1225 2319 1350 2375 rege
1379 2319 1489 2357 non
1525 2302 1646 2357 sine
1684 2304 1892 2356 honore
1920 2301 2182 2357 dimissus
2225 2301 2292 2356 ad
2331 2297 2649 2353 Mauricium
2690 2296 3077 2364 imperatorem
3129 2292 3309 2356 rediit,
3357 2291 3551 2345 oborto

306 2391 450 2445 forte
467 2391 535 2445 de
557 2392 721 2447 rebus
753 2393 923 2447 sacris
955 2409 1212 2448 sermone
1241 2408 1423 2448 coram
1455 2393 1805 2461 imperatore,
1834 2388 1926 2443 hic
1956 2405 2157 2443 novum
2181 2387 2474 2443 concilium
2504 2383 2727 2447 indixit,
2763 2382 2829 2436 ad
2858 2382 3003 2451 quod
3028 2380 3269 2450 episcopi
3306 2379 3549 2432 Armenii

300 2478 401 2543 2|,
436 2476 608 2533 Graeci
639 2488 821 2533 autem
854 2480 954 2535 160
982 2481 1092 2551 (η)
1135 2488 1570 2542 concurrerunt;
1630 2478 1793 2547 idque
1849 2485 2059 2532 sextum
2107 2475 2396 2531 concilium
2431 2472 2773 2543 appellatur:
2804 2470 2859 2523 in
2904 2483 3013 2536 quo
3045 2482 3232 2521 rursus
3283 2466 3551 2543 Armenii,

309 2563 613 2631 quaestione
632 2563 907 2631 instituta,
939 2566 1381 2622 Chalcedonense
1405 2566 1698 2622 concilium
1728 2564 1933 2633 scripto
1962 2563 2219 2633 sull'ragio
2252 2562 2751 2630 comprobaverunt
2777 2558 2879 2612 sub
2895 2556 3045 2611 Mose
3058 2554 3235 2626 gentis
3263 2554 3551 2609 catholico.

385 2646 439 2701 5.
478 2648 766 2707 Postremo
800 2667 923 2706 cum
952 2652 1239 2709 lleraclius
1267 2655 1565 2725 imperator
1590 2654 1760 2707 relata
1789 2653 1857 2706 de
1882 2650 2067 2706 Persis
2095 2650 2328 2706 victoria
2362 2647 2616 2702 Carinam
2650 2645 2793 2715 (qua:
2823 2653 2907 2698 est
2940 2643 3226 2709 Erzerum)
3253 2642 3422 2703 venit,
3455 2643 3557 2693 Ar-

311 2736 622 2789 meniorum
649 2738 952 2793 catholicus
991 2740 1194 2798 Esdras
1216 2742 1418 2796 multos
1453 2740 1630 2812 gentis
1655 2756 1766 2794 suae
1788 2739 2095 2808 episcopos,
2122 2752 2223 2792 nec
2240 2751 2350 2790 non
2378 2734 2542 2805 Syros
2569 2733 2878 2802 complures
2916 2730 3235 2785 convocavit
3258 2745 3274 2795 ;
3304 2744 3335 2783 a
3358 2729 3557 2798 quibus

311 2824 576 2879 ventilata
602 2836 857 2883 accurate
886 2830 1257 2884 controversia
1274 2831 1496 2900 triginta
1528 2830 1742 2893 diebus,
1772 2830 1951 2883 denuo
1981 2831 2377 2881 consenserunt
2411 2821 2656 2875 Armenii
2690 2830 2885 2890 sponte
2912 2834 3030 2881 sua,
3061 2827 3292 2887 cogente
3316 2818 3555 2878 nemine,

316 2918 383 2966 ut
407 2913 699 2967 concilium
733 2916 772 2968 C
808 2916 1207 2972 halcedonense
1236 2921 1440 2988 scripto
1467 2919 1744 2972 ﬁrmarent
1770 2915 1901 2983 (l5).
1926 2913 2078 2978 Quod
2118 2928 2247 2966 vero
2278 2911 2345 2965 ad
2372 2909 2676 2965 Johannem
2719 2908 3203 2962 Mairacomensem
3250 2904 3465 2969 attinet,
3512 2905 3559 2959 is

316 2998 537 3068 quidem
569 3000 789 3055 Sabellii
828 3003 1085 3074 Petrique
1132 3005 1454 3059 Antioclieni
1485 3004 1675 3058 morbo
1703 3012 2008 3072 correptus,
2040 3008 2253 3054 mentes
2302 2999 2547 3052 omnium
2594 2996 2781 3050 furore
2827 2994 3209 3050 couturbabat.
3261 2992 3434 3057 Quam
3489 2993 3561 3046 ob

318 3100 440 3140 rem
470 3100 731 3158 regnante
774 3091 1097 3146 Constantio
1138 3090 1373 3147 Heraclii
1420 3091 1553 3155 filio,
1592 3091 1899 3161 patriarcha
1932 3088 2162 3142 Nersete
2191 3086 2281 3155 qui
2308 3085 2510 3140 dicitur
2559 3083 2890 3154 Scinoghus,
2938 3082 3174 3135 Diodoro
3215 3092 3397 3135 autem
3425 3080 3563 3136 Bes-

324 3173 483 3226 tunio
522 3176 885 3245 principatum
926 3178 1312 3233 Armeniorum
1346 3188 1589 3241 tenente,
1623 3178 1787 3247 hujus
1828 3174 2063 3244 improbi
2126 3173 2366 3228 hominis
2396 3172 2664 3225 candente
2704 3170 2847 3225 ferro
2879 3168 3031 3223 frons
3069 3169 3347 3237 signaculo
3384 3167 3563 3237 vulpis

322 3268 514 3314 notata
540 3261 665 3329 fuit,
693 3271 857 3334 atque
889 3264 961 3318 ita
996 3264 1289 3320 infamatus
1318 3266 1387 3320 ad
1414 3266 1643 3320 Caucasi
1676 3273 1866 3319 cautes
1897 3262 2169 3333 relegatus
2195 3268 2298 3313 est.
2332 3258 2531 3313 Verum
2581 3258 2627 3311 is
2656 3265 2777 3326 post
2806 3256 3047 3310 Nersetis
3073 3255 3282 3310 obitum
3313 3270 3565 3309 reversus

324 3346 381 3400 in
414 3348 749 3414 Armeniam,
786 3351 895 3404 voti
926 3352 1008 3405 sui
1038 3368 1262 3421 compos
1290 3361 1373 3408 est
1406 3352 1603 3416 factus,
1637 3351 1910 3420 praecipue
1940 3358 2063 3419 post
2090 3361 2416 3405 conversum
2444 3345 2498 3398 in
2526 3343 2903 3397 Armeniacam
2948 3343 3189 3413 linguam
3216 3342 3414 3397 Juliani
3456 3341 3568 3396 Ha-

322 3432 742 3493 licarnassensis
773 3437 970 3491 librum
1002 3437 1113 3508 (14)
1140 3437 1315 3509 Sergii
1347 3454 1511 3508 opera
1538 3439 1594 3492 in
1628 3438 1834 3509 synodo
1859 3435 2269 3490 Manazacertre.
2295 3433 2474 3503 Atque
2511 3431 2639 3485 hinc
2678 3429 2926 3485 doctrina
2952 3444 3051 3484 sua
3074 3428 3413 3494 conﬁrmata,
3463 3430 3567 3483 ali-

322 3534 458 3589 gero
479 3536 649 3592 prope
680 3538 843 3578 cursu
873 3524 1182 3579 universam
1209 3526 1482 3596 regionem
1511 3527 1745 3579 vestram
1787 3522 2046 3592 pervasit.

399 3626 453 3681 6.
486 3626 604 3682 Jam
630 3644 761 3684 vero
794 3640 975 3685 vestra
1007 3631 1297 3702 prudentia
1323 3632 1483 3701 plane
1513 3630 1786 3701 intelligit,
1816 3628 1963 3697 quod
1988 3627 2032 3681 si
2064 3637 2251 3681 tantus
2282 3625 2669 3695 episcoporum
2697 3640 2960 3680 numerus
2986 3623 3334 3679 Chalcedone
3360 3639 3565 3678 conve-

328 3713 412 3768 nit
439 3724 499 3768 ut
530 3730 748 3772 errores
773 3718 1183 3783 confirmarent,
1209 3720 1356 3773 haud
1391 3720 1493 3789 ipsi
1530 3719 1904 3773 tantummodo
1941 3714 2126 3769 forent
2151 3713 2515 3782 vituperandi,
2544 3728 2732 3767 verum
2762 3722 2817 3767 et
2847 3713 2996 3767 orbis
3030 3720 3177 3765 totus
3206 3712 3296 3780 qui
3326 3710 3568 3780 ipsorum

326 3800 616 3853 sententiae
641 3816 899 3855 assensus
922 3811 1027 3855 est.
1053 3801 1313 3856 Attamen
1337 3818 1432 3857 vos
1458 3817 1557 3872 pro
1587 3803 1789 3857 virtute
1819 3809 2001 3855 vestra
2022 3810 2211 3855 cavete
2239 3813 2309 3854 ne
2334 3799 2704 3868 decipiamini.
2729 3798 2973 3868 Namque
3003 3798 3202 3852 inﬁrmi
3227 3798 3445 3867 quidem
3473 3799 3571 3853 ho-

328 3885 508 3939 mines
547 3886 828 3942 instabiles
850 3897 1015 3958 atque
1054 3890 1237 3954 rudes,
1290 3890 1615 3945 credulitate
1661 3890 1910 3945 laborare
1958 3887 2136 3943 solent
2176 3896 2231 3940 et
2263 3885 2543 3941 fraudibus
2580 3885 2801 3956 decipi;
2836 3887 3109 3956 sapientes
3152 3900 3283 3942 vero
3330 3884 3570 3942 fallacias

332 3970 648 4041 bujusmodi
671 3973 895 4028 auribus
918 3985 1261 4029 aversantur.
2556 4018 2563 4023 -
3522 3980 3527 3985 ’

404 4081 597 4136 Postea
630 4082 848 4137 Photius
866 4082 1184 4139 Christiana:
1216 4084 1485 4155 religionis
1505 4084 1730 4155 origines
1760 4092 1807 4137 et
1835 4084 2161 4137 incrementa
2190 4081 2352 4150 paulo
2382 4082 2550 4152 fusius
2580 4090 2785 4146 narrat,
2812 4080 3051 4137 Grecam
3079 4090 3281 4151 gentem
3312 4085 3573 4153 prwcipue

332 4168 618 4223 dilaudans
643 4171 703 4224 ob
737 4172 940 4225 variam
972 4172 1330 4225 humanarum
1387 4172 1687 4226 litterarum
1716 4172 2015 4233 scientiam,
2058 4185 2174 4238 qua:
2209 4184 2346 4223 uera:
2396 4170 2707 4237 recipiendae
2738 4170 2975 4238 religioni
3003 4171 3143 4222 viam
3166 4171 3387 4235 stravit;
3417 4182 3575 4239 atque

334 4256 400 4310 ob
434 4266 506 4309 tot
532 4258 644 4326 ejus
682 4259 916 4312 doctores
944 4259 1251 4323 catholicos,
1281 4276 1411 4329 quos
1437 4260 1671 4327 appellat
1708 4275 1727 4313 :
1757 4260 2174 4326 nominatimque
2227 4257 2741 4325 Constantinopolim
2795 4258 3021 4310 celebrat
3068 4268 3321 4326 tanquam
3386 4274 3575 4310 noram

333 4344 654 4399 Jerusalem.
711 4346 1006 4415 theroqui
1051 4347 1115 4400 de
1161 4346 1623 4414 patriarchatuum
1672 4346 1873 4416 aliquot
1919 4347 2118 4415 origine
2156 4344 2420 4398 malitiose
2438 4354 2484 4397 et
2515 4344 2694 4409 procul
2720 4346 2859 4397 omni
2884 4346 3100 4398 veritate
3128 4346 3379 4415 loquitur.
3425 4345 3576 4399 lianc

338 4446 434 4483 nos
470 4432 707 4499 epistola:
733 4432 1014 4486 Pliotiana:
1046 4443 1274 4500 partem,
1307 4432 1457 4485 nulla
1493 4448 1668 4485 rerum
1720 4434 1949 4486 novitate
1991 4433 2192 4495 utilem,
2234 4434 2294 4485 ob
2338 4441 2603 4484 arctatum
2638 4433 2760 4487 libri
2812 4434 2975 4486 nostri
3005 4436 3237 4502 spatium
3284 4451 3387 4487 non
3427 4435 3576 4487 inviti

337 4519 662 4573 omittimus:
698 4528 856 4589 atque
890 4520 959 4572 ad
991 4521 1403 4573 controversiam
1432 4536 1549 4573 cum
1586 4520 1846 4574 Armeniis
1874 4538 2236 4591 properamus,
2271 4538 2387 4591 qua:
2416 4530 2464 4575 et
2487 4532 2608 4577 tunc
2649 4534 2697 4578 et
2750 4526 2892 4577 omni
2939 4534 3163 4592 tempore
3225 4523 3417 4591 duplex
3452 4523 3574 4592 fuit,

336 4606 404 4658 de
435 4607 765 4661 admittenda
798 4607 1034 4661 videlicet
1061 4607 1498 4663 Chalcedonensis
1526 4608 1734 4661 concilii
1764 4612 2099 4675 auctoritate,
2144 4618 2193 4663 et
2216 4610 2279 4663 de
2328 4612 2586 4664 credenda
2640 4612 2906 4682 uerbisque
2955 4612 3244 4681 proﬁtenda
3280 4609 3476 4678 duplici
3521 4609 3578 4660 in

412 4797 489 4863 (7)
530 4813 611 4849 nn
642 4795 922 4850 Nabachi?
959 4796 1119 4853 Certe
1172 4798 1313 4867 apud
1373 4799 1727 4853 Assemanum
1769 4798 1903 4852 Bibl.

338 4868 540 4921 orient.
572 4874 611 4919 t.
632 4867 734 4938 11.Δ
778 4883 833 4935 p.
868 4869 993 4932 244,
1047 4868 1297 4938 legimus,
1346 4868 1601 4938 Dioscorii
1632 4867 1920 4924 Nabacliazi

339 4935 865 5009 operacatholicum
898 4935 1339 5009 Libani'ducem,
1370 4948 1535 5009 gente,
1559 4937 1878 4992 Maronitam
1900 4978 1916 5005 ,

335 5004 649 5059 Jacobiticis
675 5009 949 5061 erroribus
984 5008 1241 5061 infectum
1275 5004 1461 5062 fuisSe.

416 5075 493 5145 (8)
534 5075 610 5148 De
637 5076 884 5148 plurimis
927 5078 1070 5131 inter
1107 5079 1395 5135 Armenios
1423 5078 1734 5148 propagatis
1761 5093 1917 5133 erro-

346 5144 499 5200 ribus
535 5146 628 5200 diu
666 5146 1003 5215 multumque
1034 5149 1273 5215 loquitur
1302 5144 1793 5216 lsaacusip'sorum
1821 5164 1915 5202 ca-

345 5216 584 5338 t‘qtélicus
631 5216 775 5285 apud
828 5218 1209 5273 Combefisium
1250 5218 1404 5273 Auct.
1443 5218 1503 5274 Β.
1544 5217 1646 5273 PP.
1690 5234 1744 5288 p.
1781 5218 1917 5273 518-

421 5355 499 5428 (9)
555 5353 961 5428 Initium__:£r:e
1012 5357 1367 5422 Armeniaca,
1416 5357 1558 5428 apud
1614 5356 1920 5412 Samuelcm

349 5426 647 5480 Aniensem
692 5426 747 5478 in
774 5424 1047 5484 Chronico.
1069 5430 1302 5482 sumitur
1332 5446 1361 5481 a
1392 5424 1595 5483 Christi
1623 5445 1768 5481 anno
1792 5428 1916 5482 554.

424 5496 536 5563 (10)
580 5496 876 5568 Corruptus
920 5511 1065 5568 sape
1109 5497 1164 5550 in
1202 5498 1304 5552 hac
1332 5499 1558 5568 epistula
1611 5499 1919 5553 numerales

353 5574 513 5638 notas
542 5566 1087 5638 comperimus.A_Vir
1133 5568 1203 5621 cl.
1243 5566 1585 5638 lliivcrnitius
1623 5569 1677 5620 in
1734 5568 1913 5635 magni

350 5635 645 5707 Justiniani
675 5635 783 5687 vita
824 5651 878 5707 p.
899 5634 1016 5707 _122
1056 5651 1170 5707 seq.
1224 5634 1412 5692 narrat
1443 5638 1510 5691 ab
1544 5639 1646 5691 hoc
1680 5634 1914 5706 impera-

354 5714 474 5778 tore
499 5705 801 5778 impensam
820 5705 1013 5778 fuisse
1038 5705 1260 5778 Operam
1315 5708 1518 5778 templo
1564 5717 1764 5761 sanctae
1808 5708 1911 5778 So-

354 5773 499 5843 phia:
552 5774 873 5830 aedificando
934 5776 1017 5830 vel
1073 5773 1253 5844 potius
1315 5773 1689 5839 instauranda,
1749 5776 1911 5831 annis

354 5844 442 5899 sui
476 5844 688 5914 imperii
716 5845 955 5900 secundo
984 5854 1038 5902 et
1059 5848 1267 5915 quinto,
1286 5858 1339 5902 et
1379 5847 1665 5903 undecimo
1690 5846 1909 5902 demum

2016 4798 2245 4853 solemni
2282 4799 2385 4855 ritu
2408 4800 2737 4855 dedicatum.

2096 4871 2207 4935 (lt)
2255 4870 2536 4925 Contraria
2598 4872 2683 4924 his
2743 4868 3052 4923 referuntur
3096 4867 3149 4922 in
3197 4868 3577 4923 Armeniorum

2024 4937 2283 5009 historiis,
2313 4956 2509 5009 nempe
2543 4939 2849 4993 Vardanum
2878 4941 2978 5009 sub
3007 4937 3316 5009 Justiniano
3354 4938 3427 5009 ll,
3478 4956 3577 5007 seu

2021 5006 2392 5073 Rhinotmeto,
2438 5006 2654 5063 venisse
2700 5008 3245 5076 Constantinopolim,
3292 5008 3475 5077 ibique
3521 5006 3577 5064 in

2018 5087 2225 5149 sanctae
2265 5078 2481 5149 Sophiae
2513 5078 2713 5149 templo
2743 5094 2864 5149 cum
2899 5078 3061 5132 sociis
3102 5079 3217 5133 suis
3267 5078 3578 5134 Graecorum

2021 5163 2174 5203 sacra
2206 5148 2597 5217 frequentasse.
2627 5148 2686 5201 Ε.
2722 5148 3052 5202 Honuurws.

2091 5216 2200 5288 (12)
2232 5216 2406 5272 Minor
2448 5218 2672 5298 veritate
2709 5232 2970 5273 numerus
3004 5219 3094 5273 hic
3132 5218 3366 5286 videtur,
3398 5218 3574 5287 culpa,

2019 5297 2080 5342 ut
2098 5304 2239 5350 reor,
2269 5297 2635 5341 amanuensts.

2090 5358 2202 5480 ﬁlii)
2230 5358 2595 5412 Coaﬁrmatur
2621 5359 2725 5445 hoc
2762 5372 2793 5412 a
2811 5356 3063 5413 Chronico
3092 5359 3407 5412 Armeniaca
3435 5357 3579 5426 apud

2090 5444 2279 5480 ianum
2316 5437 2353 5480 t.
2393 5429 2433 5480 Ι.
2468 5443 2522 5480 ι).
2550 5428 2669 5480 181).

2017 5427 2279 5482 Galanum
2316 5437 2353 5481 t.
2393 5429 2433 5490 l,
2468 5428 2669 5496 p.186.

2089 5497 2201 5570 (id)
2235 5498 2485 5570 Alntellige
2544 5498 2816 5570 praacipue
2850 5516 2988 5570 opus
3022 5515 3119 5568 pro
3153 5497 3345 5570 haeresi
3396 5496 3581 5570 Incor-

2018 5567 2431 5638 rupticolarum,
2460 5569 2604 5635 quod
2649 5567 2849 5623 Juliani
2888 5567 3146 5638 scriptum
3181 5568 3379 5621 refutat
3411 5568 3582 5619 Seve-

2018 5653 2112 5708 rus
2150 5637 2524 5708 Antiochcnus
2547 5641 2689 5708 apud
2725 5656 2825 5694 nos
2867 5640 2919 5694 in
2972 5637 3073 5693 lroc
3132 5640 3247 5707 ipso
3287 5638 3578 5708 volumine.

2019 5706 2192 5779 Sergii
2221 5717 2400 5779 autem
2428 5706 2738 5779 interpretis
2768 5710 3013 5764 meminit
3049 5709 3126 5779 ill.
3154 5706 3214 5761 ct
3254 5723 3368 5761 rev.
3398 5706 3582 5779 Sunia:

2015 5776 2585 5854 a_rchiepiscopus__in'
2614 5796 2712 5837 suo
2766 5780 2980 5854 egregio
3030 5778 3313 5846 Conspectu
3350 5777 3583 5833 historia:

2015 5846 2174 5900 litter.
2208 5847 2351 5899 Ann.
2383 5864 2434 5918 p.
2464 5849 2550 5904 ιιυ.
