4044 6474
457 471 572 536 ⁴107
1567 469 1830 533 ΡΠΟΤΙΙ
1863 471 2368 532 ΡΛΤΒῙΔΒΩῙῙΕ
2399 471 2515 538 CP.
3163 510 3173 524 -
3612 465 3762 531 ms

466 583 670 639 Christo
743 592 955 637 natura.
1006 582 1155 648 Quod
1207 583 1344 636 enim
1387 582 1620 635 Armenii
1689 581 1988 635 heterodoxi
2066 579 2489 635 Chalcedonense
2561 578 2842 633 concilium
2902 576 2973 630 ad
3021 577 3156 630 hanc
3199 591 3364 648 usque
3417 575 3560 632 diem
3632 593 3754 630 re-

467 680 682 740 spuunt,
719 671 772 724 in
804 688 968 724 causa
1000 671 1116 739 iam
1149 688 1254 724 non
1289 680 1362 724 est
1391 670 1519 740 [acti
1543 670 1778 722 historici
1814 671 2116 740 ignorantia
2159 681 2251 724 aut
2283 687 2452 735 error,
2495 671 2585 724 sed
2634 671 2748 740 ipsa
2798 669 2972 739 potius
3020 668 3233 722 hwresis
3283 667 3755 738 monOphysitica,

467 775 625 822 quam
665 775 696 811 a
753 759 973 811 concilio
1023 759 1334 811 damnatam
1387 758 1486 826 ipsi
1539 756 1764 810 retinent
1807 776 1838 810 a
1891 757 2180 827 majoribus
2235 760 2342 812 suis
2394 761 2646 812 traditam
2683 775 2747 812 ac
2803 765 3154 827 propugnant,
3216 756 3341 808 dum
3390 771 3555 808 unum
3608 771 3759 823 per-

469 849 717 900 tinaciter
743 848 796 900 in
824 848 1036 916 scriptis
1059 858 1108 900 et
1145 847 1553 917 confessionibus
1590 848 1697 899 suis
1731 846 1928 901 Christi
1959 848 2172 911 dicunt;
2201 847 2608 901 reclamantibus
2642 845 2916 908 omnibus”,
2968 843 3059 912 qui
3112 843 3363 896 adversus
3405 859 3491 896 eos
3544 842 3757 911 quovis

468 945 698 1006 tempore
727 937 1090 1004 disputarunt,
1115 936 1556 991 Chalcedonensis
1585 938 1769 1006 synodi
1797 935 2174 1005 defensoribus,
2208 944 2264 987 ut
2292 944 2342 988 et
2372 935 2426 987 in
2454 934 2532 987 his
2563 933 2737 988 Photii
2758 932 3090 1001 aliorumque
3116 931 3420 988 Gra’corum
3450 930 3704 1000 epistolis
3727 943 3756 984 :

467 1034 518 1077 et
558 1025 612 1077 in
638 1025 890 1094 evulgatis
920 1025 1042 1078 aliis
1065 1043 1097 1078 a
1123 1042 1206 1078 me
1232 1035 1467 1079 veterum
1495 1025 1640 1078 libris
1664 1040 1800 1094 stepe
1829 1025 2006 1078 videre
2039 1033 2132 1078 est.
2162 1022 2249 1078 Sic
2274 1041 2401 1094 ergo
2437 1025 2608 1096 pergit
2640 1023 2878 1078 Photius.

537 1113 590 1166 7.
616 1112 768 1166 Nune
787 1129 954 1168 cuma
980 1113 1192 1169 Domini
1221 1115 1396 1169 nostri
1424 1113 1554 1169 Jesu
1592 1114 1793 1169 Christi
1822 1112 2105 1166 nativitate
2135 1111 2247 1182 (15)
2274 1127 2445 1181 usque
2480 1112 2548 1166 ad
2573 1127 2778 1165 annum
2804 1110 3064 1166 Marciani
3084 1110 3406 1181 imperantis
3423 1110 3754 1167 secundum

467 1204 597 1258 anni
626 1205 940 1261 efﬂuxerint
967 1207 1063 1260 451
1099 1208 1208 1278 (16)
1237 1226 1251 1273 ;
1283 1217 1340 1262 et
1375 1209 1576 1263 deinde
1606 1217 1730 1278 post
1761 1207 2051 1262 concilium
2089 1205 2539 1260 Chalcedonense
2573 1223 2746 1274 usque
2779 1206 2845 1260 ad
2886 1222 3008 1272 nos,
3047 1206 3174 1261 anni
3207 1206 3312 1261 424
3344 1207 3479 1277 (17).
3527 1205 3756 1260 mirum

467 1301 552 1344 est
586 1307 648 1346 ac
681 1308 851 1362 pmpe
879 1305 1286 1364 portentosum,
1311 1297 1458 1350 credi
1489 1312 1518 1350 a
1549 1296 1709 1350 vobis
1733 1310 1916 1365 posse,
1947 1293 2090 1364 quod
2116 1295 2354 1363 populus
2383 1307 2630 1354 sanctus,
2657 1295 2862 1349 electus
2878 1305 3042 1364 atque
3057 1294 3426 1364 acceptabilis,
3449 1293 3546 1363 qui
3568 1293 3757 1348 annis

465 1379 564 1433 451
600 1380 711 1449 (18)
749 1392 901 1436 recto
928 1399 1051 1437 cum
1091 1385 1347 1455 dogmate
1378 1384 1732 1454 Evangelium
1766 1382 2132 1445 conservavit,
2160 1399 2269 1452 quo
2298 1383 2464 1436 veluti
2487 1383 2709 1452 copioso
2737 1383 2887 1436 fonte
2927 1393 3302 1452 perpetuoque
3328 1381 3558 1436 flumine
3583 1383 3757 1438 orbis

467 1475 739 1522 terrarum
768 1469 1026 1541 irrigatus
1054 1482 1159 1537 est,
1201 1473 1386 1526 subito
1409 1488 1595 1526 errore
1626 1471 1799 1541 abripi
1841 1487 1901 1524 se
1925 1472 2269 1541 permiserit;
2301 1488 2424 1525 eum
2458 1472 2501 1526 is
2530 1472 2716 1541 potius
2747 1471 3034 1526 haereticos
3073 1486 3266 1524 omnes
3315 1485 3538 1539 semper
3578 1469 3753 1525 refu-

467 1556 683 1622 taverit,
720 1556 996 1628 fidemque
1027 1560 1388 1614 orthodoxam
1418 1559 1739 1613 servaverit.
1776 1559 2046 1614 Prteterea
2071 1560 2571 1630 exploratissimum
2598 1568 2681 1613 est
2706 1574 2896 1612 omnes
2930 1559 3183 1613 homines
3237 1573 3268 1611 a
3303 1557 3581 1627 praedictis
3637 1559 3755 1612 d0-

466 1645 712 1700 ctor'tbus
741 1645 851 1713 (l9)
886 1647 1260 1715 evangelicam
1291 1647 1571 1702 veritatem
1617 1648 1898 1701 hausisse:
1930 1648 2129 1702 etenim
2174 1659 2486 1703 sanctorum
2521 1649 2804 1702 doctorum
2850 1663 2989 1716 quos
3021 1662 3183 1716 supra
3233 1646 3576 1701 laudavimus
3608 1646 3749 1702 libri

466 1749 566 1802 per
599 1735 785 1787 orbem
825 1736 1013 1789 diffusi
1044 1737 1218 1796 fuere.
1247 1737 1340 1805 qui
1371 1736 1575 1791 Christi
1607 1736 1947 1790 divinitatem
1981 1745 2165 1805 aperte
2201 1745 2474 1790 asserunt.
2509 1735 2649 1806 Ergo
2681 1751 2711 1788 a
2737 1745 2925 1789 sancto
2957 1733 3183 1788 Nicaeno
3223 1734 3456 1789 concilio
3506 1735 3749 1788 initium

463 1823 766 1890 capiamus,
803 1825 961 1892 cujus
990 1826 1229 1878 breviter
1255 1835 1633 1896 argumentum
1665 1841 2023 1894 evponemus,
2055 1835 2258 1878 etcum
2288 1824 2722 1879 Cbalcedonensi
2762 1823 3136 1890 conferemus,
3172 1830 3231 1876 ut
3276 1831 3538 1893 appareat
3599 1838 3748 1878 num

466 1925 589 1963 cum
621 1911 711 1962 illo
739 1913 841 1965 hoc
869 1913 1196 1978 consentiat,
1230 1913 1458 1982 ejusque
1488 1913 1731 1983 vestigiis
1763 1913 1998 1976 insistat,
2036 1928 2102 1966 an
2130 1914 2449 1968 adversetur
2470 1914 2650 1982 potius
2679 1913 2763 1966 vel
2796 1921 3080 1982 repugnet.

539 1995 592 2049 8.
638 1995 833 2050 Beatus
866 1996 1203 2067 Epiphanius
1237 2000 1506 2068 octoginta
1553 2011 1800 2053 recenset
1851 2001 2106 2065 ltarreses,
2140 2002 2329 2071 viginti
2364 2003 2581 2071 quidem
2636 2011 2763 2054 ante
2801 2000 3014 2054 Domini
3057 1999 3228 2054 nostri
3271 1999 3745 2064 incarnationem,

466 2093 588 2153 post
622 2084 766 2138 hanc
806 2095 985 2140 autem
1017 2087 1317 2158 sexaginta.
1343 2089 1596 2141 Attamen
1627 2088 1767 2141 hami
1799 2103 1936 2156 opus
1971 2087 2072 2143 fuit
2096 2089 2385 2143 universali
2419 2089 2650 2144 concilio
2677 2091 2748 2142 ob
2780 2087 2898 2141 illas
2935 2085 3380 2158 exstinguendas,
3408 2087 3532 2156 quia
3579 2087 3750 2142 vide-

469 2172 597 2225 licet
619 2173 794 2227 san'cti
828 2173 1084 2229 Ecclesiae
1111 2176 1364 2231 doctores
1389 2176 1536 2230 omni
1567 2186 1830 2245 tempore,
1858 2192 1964 2229 una
1993 2191 2118 2230 cum
2150 2177 2428 2232 nonnullis
2456 2175 2752 2246 episcopis,
2789 2190 2882 2229 cas
2917 2173 3358 2244 profligaverant,
3394 2189 3456 2228 ac
3479 2174 3747 2230 veritatis

467 2265 701 2318 oraculis
735 2273 991 2334 tanquam
1025 2267 1296 2336 lapidibus
1326 2269 1642 2322 obruerunt.
1673 2266 1840 2337 Igitur
1871 2266 2070 2336 impius
2106 2260 2487 2333 ille'princeps,
2524 2261 2614 2332 qui
2647 2262 2904 2316 deitatem
2937 2260 3206 2322 ambiens.
3251 2260 3510 2314 thronum
3564 2275 3744 2314 suum

469 2366 631 2418 supra
664 2354 839 2408 nubes
874 2363 1114 2410 statuere
1147 2356 1307 2422 dixit,
1337 2371 1507 2425 seque
1530 2356 1812 2410 Altissimo
1841 2370 2026 2424 parem
2067 2368 2210 2417 esse,
2238 2367 2363 2407 cum
2396 2350 2745 2421 Evangelium
2778 2349 2942 2404 citato
2968 2365 3133 2404 cursu
3158 2365 3252 2417 per
3279 2360 3512 2419 quatuor
3534 2354 3745 2406 mundi

465 2443 673 2514 plagas,
705 2444 926 2497 nemine
956 2444 1234 2504 obstante,
1266 2443 1550 2514 pervagari
1580 2454 1854 2506 cerneret,
1888 2443 2059 2496 livore
2084 2449 2280 2503 tactus,
2308 2456 2528 2495 currum
2557 2441 2673 2510 ipse
2695 2452 2920 2510 quoque
2946 2438 3050 2493 sibi
3094 2438 3438 2493 machinatus
3467 2448 3550 2492 est
3591 2457 3747 2510 qua-

465 2530 801 2597 drilormem,
821 2540 1008 2585 contra
1028 2531 1394 2602 evangelicam
1422 2531 1759 2601 quadrigam,
1787 2539 2022 2599 quatuor
2043 2529 2248 2583 scilicet
2275 2538 2422 2581 rotas
2447 2544 2509 2580 ex
2531 2528 2829 2584 hmresibus
2853 2537 3087 2598 quatuor
3113 2542 3468 2597 componens,
3495 2545 3746 2599 quarum

467 2618 588 2673 dua:
616 2619 878 2674 adversus
903 2619 1306 2674 sanctissimam
1344 2616 1670 2672 Trinitatem
1701 2617 2070 2686 blasphemias
2135 2625 2415 2678 evomunt,
2453 2616 2673 2684 reliqua:
2720 2617 2840 2671 dua:
2880 2625 3071 2669 contra
3115 2613 3424 2670 Servatoris
3465 2617 3734 2672 incarna-

464 2707 693 2770 tionem,
717 2706 874 2761 sicuti
903 2706 1166 2776 scriptum
1188 2715 1306 2760 est:
1338 2705 1631 2758 Posuerunt
1666 2705 1722 2757 in
1751 2704 1935 2757 caelum
1963 2721 2017 2756 os
2039 2719 2210 2767 suum,
2248 2713 2295 2757 et
2324 2703 2504 2774 lingua
2529 2721 2708 2757 eorum
2738 2705 2982 2757 transivit
3011 2704 3065 2756 in
3095 2711 3241 2756 terra
3265 2703 3305 2756 ⁸.
3340 2703 3563 2759 Scilicet
3594 2721 3750 2760 con-

441 2795 665 2850 vicium
697 2807 1058 2851 sacrosanctae
1085 2796 1341 2851 Trinitati
1374 2796 1645 2859 fecerunt,
1686 2793 2034 2864 Verbumque
2065 2797 2133 2848 ob
2168 2793 2354 2848 mundi
2389 2794 2616 2848 salutem
2642 2794 2696 2847 in
2727 2803 2901 2847 terras
2933 2793 3239 2861 delapsum,
3273 2804 3437 2863 atque
3467 2797 3733 2864 ejusdem

465 2884 733 2938 incarnati
765 2885 1126 2938 oeconomiam
1161 2883 1480 2936 calumniati
1513 2891 1658 2936 sunt.
1689 2881 1861 2936 Causa
1895 2890 2078 2935 autem
2122 2879 2228 2934 illis
2261 2882 2466 2934 erroris
2498 2880 2790 2949 perniciosi
2822 2879 2942 2944 fuit,
2998 2880 3242 2950 ipsorum
3299 2881 3528 2936 stultitia
3585 2881 3751 2937 afﬁr-

463 2971 731 3025 mantium
756 2988 919 3024 unam
949 2980 1222 3033 naturam,
1248 2985 1518 3038 unamque
1552 2969 1908 3039 hypostasim,
1929 2969 1982 3022 id
1999 2978 2082 3023 est
2106 2983 2414 3038 personam.
2446 2969 2657 3036 Iteapse
2680 2967 2947 3023 Sabellius
2968 2967 3203 3040 Libycus
3229 2970 3331 3024 etsi
3358 2987 3520 3025 unam
3549 2987 3747 3026 sacra.

470 3057 698 3112 tissimus
729 3057 1014 3113 Trinitatis
1066 3068 1317 3113 naturam
1353 3060 1726 3128 proﬁtebatur,
1761 3074 2023 3128 personas
2057 3065 2239 3110 tamen
2278 3056 2331 3108 in
2364 3070 2535 3108 unum
2571 3054 2835 3118 confudit,
2869 3071 3036 3124 seque
3086 3057 3143 3111 in
3183 3056 3502 3112 barathrum
3548 3059 3754 3128 perdi-

466 3144 632 3200 tionis
665 3145 922 3214 conjecit,
957 3147 1084 3215 quia
1121 3146 1498 3201 confusionem
1525 3146 1945 3214 mistionemque
1984 3144 2192 3199 invexit
2213 3151 2376 3213 atque
2407 3143 2638 3197 alterum
2673 3143 3033 3198 Judaismum.
3066 3143 3230 3200 Arius
3273 3158 3461 3201 contra
3495 3147 3754 3202 Alexan-

463 3233 681 3299 drinus,
715 3249 870 3304 aeque
903 3251 966 3289 ac
994 3244 1104 3288 tres
1132 3234 1187 3288 in
1219 3234 1568 3288 sanctissima
1605 3232 1872 3288 Trinitate
1919 3247 2205 3303 personas,
2236 3241 2488 3285 naturam
2519 3246 2736 3302 quoque
2768 3231 3123 3288 subdividere
3164 3233 3322 3288 nisus
3360 3241 3445 3289 est
3503 3234 3560 3289 in
3631 3247 3755 3291 tres

463 3322 712 3377 diversas
738 3322 1166 3394 diﬂ'erentesque
1235 3323 1613 3390 substantias;
1663 3331 2180 3392 consequenterque
2225 3333 2258 3374 a
2306 3320 2541 3374 veritate
2575 3319 2787 3385 devius,
2820 3328 3064 3374 creatum
3091 3334 3121 3374 a
3153 3318 3314 3376 Patre
3343 3320 3542 3377 Filium
3574 3323 3750 3386 dixit,

465 3425 579 3465 non
612 3410 878 3480 genitum.

481 3525 488 3530 ·
535 3502 589 3558 9.
609 3501 744 3557 Cum
777 3502 857 3557 sic
887 3501 1052 3574 igitur
1079 3517 1112 3556 a
1143 3500 1377 3556 Sabellio
1407 3509 1464 3556 et
1489 3501 1619 3556 Ario
1645 3499 1887 3556 Ecclesia
1913 3497 2007 3553 Dei
2037 3495 2371 3559 turbaretur,
2407 3509 2552 3550 anno
2579 3503 2706 3566 post
2738 3493 2953 3550 Domini
2988 3497 3161 3552 nostri
3189 3497 3318 3553 Jesu
3334 3497 3531 3554 Christi
3550 3500 3752 3571 magni

463 3588 559 3645 Dei
592 3590 928 3645 nativitatem
950 3590 1056 3646 525
1086 3590 1222 3662 (20),
1242 3589 1584 3646 Constantini
1609 3589 1930 3660 imperantis
1946 3587 2012 3643 19
2035 3585 2171 3658 (21),
2195 3585 2367 3641 sancti
2389 3583 2577 3640 Patres
2599 3596 2973 3642 convenerunt
2989 3585 3206 3652 Niciam,
3241 3588 3650 3659 adfueruntque
3670 3589 3752 3645 ibi

462 3677 1006 3747 patriarchaﬁomaa
1032 3678 1252 3749 quidem
1283 3678 1546 3732 Silvester
1573 3678 1706 3748 (22),
1729 3675 2036 3730 Alexander
2053 3674 2418 3739 Alexandriae,
2435 3673 2752 3731 Eustathius
2783 3677 3109 3742 Antiochiae,
3129 3679 3435 3734 Alexander
3453 3678 3752 3735 Constan-

464 3765 792 3837 tinopoleos.
825 3767 938 3837 (25)
976 3766 1246 3822 Macarius
1285 3765 1806 3838 Ilierolosymorum,
1831 3765 2108 3820 Aristaces
2129 3762 2242 3832 (21)
2283 3777 2501 3833 quoque
2527 3763 2914 3819 Armeniorum
2941 3766 3116 3821 sancti
3157 3765 3401 3838 Gregorii
3438 3766 3623 3822 locum
3657 3778 3749 3823 te-

462 3868 603 3909 nens
631 3873 646 3910 :
671 3855 837 3924 hique
853 3855 1017 3908 simul
1033 3871 1157 3910 cum
1176 3853 1281 3908 3l8
1295 3853 1586 3924 episcopis,
1618 3851 1864 3908 Ecclesia
1891 3867 2014 3906 cum
2029 3851 2473 3907 anathematibus
2491 3852 2820 3923 expulerunt
2851 3853 3148 3909 Sabellium
3177 3863 3343 3926 atque
3358 3857 3567 3920 Arium,
3600 3871 3750 3911 con-

462 3941 701 4012 fessique
717 3950 847 3997 sunt
875 3939 1069 3996 Filium
1090 3941 1160 3997 de
1176 3941 1334 3996 Patre
1347 3941 1589 4012 genitum
1600 3948 1657 3995 et
1673 3939 1885 3994 radium
1903 3939 2224 3996 substantiae
2240 3942 2380 4012 ejus.
2399 3941 2520 3998 Mox
2537 3944 2605 3998 de
2619 3942 2946 3999 Arianorum
2969 3944 3482 4015 sectaiMacedonius
3495 3946 3744 4013 exstitit,

466 4029 704 4101 Spiritus
735 4031 911 4084 sancti
951 4029 1146 4093 hostis,
1201 4043 1362 4098 quem
1391 4037 1659 4092 creatum,
1689 4042 1800 4081 non
1837 4036 2016 4082 autem
2049 4027 2310 4084 emissum
2341 4044 2520 4100 neque
2549 4031 2935 4101 procedentem
2961 4047 2991 4086 a
3021 4031 3182 4086 Patre
3203 4033 3404 4093 aiebat.
3440 4031 3748 4090 Montanus

464 4133 598 4174 vero
630 4119 832 4190 aliique
855 4117 1075 4174 Sabellii
1101 4117 1334 4183 alumni,
1365 4116 1575 4188 majore
1603 4117 1784 4171 adhuc
1813 4115 2096 4186 impietate
2128 4118 2530 4175 sanctissimam
2558 4119 2884 4177 Trinitatem
2912 4122 2980 4177 ad
3011 4121 3228 4177 unicam
3257 4136 3549 4192 personam
3576 4122 3747 4178 rede-

466 4218 681 4279 gerunt.
711 4208 886 4280 Igitur
911 4207 1071 4262 annis
1101 4207 1169 4262 56
1187 4205 1302 4276 (25)
1332 4214 1458 4278 post
1483 4203 1770 4260 Nicaanum
1797 4203 2092 4259 concilium
2121 4205 2389 4272 decursis,
2418 4223 2566 4264 anno
2595 4210 2775 4281 magni
2805 4209 3099 4266 Theodosii
3134 4209 3456 4281 imperantis
3479 4225 3544 4266 nl
3589 4210 3740 4280 (26),

465 4295 640 4352 Sancti
679 4294 868 4351 Patres
892 4294 1366 4365 Constantinopoli
1394 4302 1524 4350 sunt
1560 4291 1898 4365 congregati.
1931 4291 2170 4348 Aderant
2195 4294 2520 4363 patriarcha:
2548 4295 2813 4352 Damasus
2837 4296 3024 4352 Romae
3064 4297 3199 4368 (27),
3254 4296 3541 4353 Nectarius
3582 4298 3741 4353 Con-

465 4381 922 4453 stantinOpoleos,
952 4381 1276 4438 Timotheus
1318 4381 1680 4449 Alexandriae,
1711 4378 1944 4451 Cyrillus
1978 4379 2508 4453 Hierosolymorum,
2540 4383 2794 4441 Meletius
2823 4385 3152 4454 Antiochiae,
3181 4395 3519 4458 sanctusque
3536 4384 3747 4444 Nerscs

538 4499 562 4531 ⁸
586 4499 728 4563 Psal,
766 4514 938 4562 Lxxn,
966 4497 1022 4554 9.

537 4664 656 4736 (15)
687 4662 1022 4737 Photiusait
1078 4679 1108 4719 a
1154 4665 1612 4737 gloriosisissimaf
1639 4669 2038 4726 resurrectione.

465 4734 609 4790 Usus
638 4751 756 4789 sum
776 4734 879 4790 hac
909 4734 1170 4807 libertate
1183 4752 1350 4807 seram
1375 4736 1652 4803 variandi;
1688 4753 1846 4792 secus
1868 4741 2040 4807 enim,

463 4814 612 4861 totus
663 4815 972 4874 temporum
1027 4806 1266 4860 calculus
1333 4814 1637 4872 corrueret,
1693 4809 1780 4864 vel
1804 4820 1954 4866 certe
2011 4806 2043 4867 a

463 4875 740 4946 communi
771 4875 1542 4946 supputatione,descisceret.

534 4945 647 5017 (l6)
687 4945 820 5001 Cod.
842 4944 984 5008 ⁷162,
1018 4962 1137 5016 qua:
1158 4944 1388 5017 fortasse
1421 4950 1775 5007 amanuensis
1803 4950 2046 5005 Armenii

459 5015 692 5087 menda”
749 5025 880 5071 sunt
931 5015 1118 5087 hicet
1158 5015 1308 5087 alibi.
1340 5015 1408 5070 Et
1443 5019 1664 5087 quidem
1699 5019 1828 5076 anni
1880 5022 2046 5076 etiam
2111 5019 2114 5024 ’

452 5086 950 5156 ηριιάέίῦιιτοηίοοη
973 5084 1241 5156 Samuelis
1277 5084 1591 5145 immaniter
1619 5094 1850 5148 variant.

536 5155 649 5225 (27)
677 5155 965 5230 Ceddi“.
997 5157 1161 5230 Atqui
1201 5155 1496 5230 Zacharias
1537 5161 1849 5230 patriarcha
1876 5161 2049 5218 multo

463 5235 613 5295 ante_
633 5224 760 5295 anu.
797 5224 901 5279 896
929 5224 1173 5295 gobie’rat
1232 5227 1389 5295 (quot
1429 5224 1798 5287 coniiciuntur
1837 5245 1903 5284 ex
1946 5233 2050 5288 462

457 5303 515 5348 et
547 5291 697 5356 454),
735 5301 874 5348 teste
923 5291 1173 5350 Samuele
1219 5291 1445 5353 Aniensi
1487 5301 1548 5356 in
1577 5301 1821 5358 editione
1862 5313 2049 5358 nostra

458 5359 862 5436 Mediolanensi
917 5379 973 5433 p.
1007 5365 1117 5436 765.
1146 5381 1266 5436 quo
1327 5369 1383 5423 in
1434 5370 1555 5427 loco
1621 5373 1766 5428 idem
1829 5369 2050 5430 Samuel

459 5440 738 5486 memorat
787 5433 957 5507 _banc_
1001 5433 1192 5507 l’hotii'
1249 5439 1537 5507 epistolam
1588 5444 1660 5498 ad
1721 5441 2050 5500 Zachariam

469 5508 718 5579 extremg
752 5503 873 5579 ejus
907 5503 1154 5579 viventis
1174 5503 1419 5579 tempore
1439 5513 1685 5568 missam.

563 5570 650 5639 18)
679 5570 813 5628 Cod.
840 5590 1028 5630 rursus
1057 5575 1184 5630 462.

561 5641 650 5708 19)
709 5643 1440 5724 .Apo‘stolis,"evangelistis,
1508 5652 1745 5724 Justino,
1824 5653 2046 5722 lrenmo,

460 5709 782 5797 Athanasio,
812 5709 1308 5797 gregariisdrib'us
1357 5709 1595 5797 Graecis,
1627 5709 1890 5797 Gregorio
1921 5709 2051 5797 item

458 5783 742 5865 Armenio,
809 5783 1022 5856 Cyrillis
1085 5787 1322 5865 duobus,
1395 5783 1710 5865 Ambrosio,
1735 5783 2048 5865 “Dionysio,

458 5851 619 5937 ._Ioan.
672 5851 1112 5937 Chrysostomo,
1137 5851 1470 5937 Epiphanio,
1521 5851 1754 5937 Proclo;
1809 5851 2047 5937 namque

464 5922 581 5978 tunc
598 5922 820 5982 nomina
843 5927 1036 5985 recitat
1053 5922 1357 5988 Photiuslin
1380 5922 1793 6000 partelepistol'a:
1815 5922 2043 5994 omisisa.

2227 4670 2340 4742 (20)
2367 4670 2504 4728 Cod.
2536 4673 2661 4738 ⁸515,
2696 4691 2728 4728 a
2752 4674 3152 4729 resurrectione.

2217 4741 2331 4810 (21)
2369 4742 2445 4797 Ita
2476 4753 2625 4799 recte
2652 4746 2841 4800 codex.

2220 4811 2336 4883 (22)
2371 4813 2432 4868 In
2459 4813 2687 4882 epistola
2717 4815 2784 4869 ad
2824 4814 3140 4870 Michaelem
3169 4811 3458 4883 Bulgarum
3503 4811 3745 4870 Photius

2150 4881 2352 4938 rectius
2381 4881 2516 4940 dicit
2544 4883 2865 4940 Silvestrum
2899 4885 3144 4941 adfuisse
3170 4881 3389 4951 tum,
3408 4900 3519 4939 non
3549 4885 3741 4955 ipsum

2148 4967 2247 5022 per
2276 4969 2357 5017 se,
2389 4955 2487 5010 sed
2520 4971 2619 5024 per
2648 4955 2855 5026 legatos
2883 4971 3031 5010 suos.

2153 5092 2165 5104 _
2222 5024 2335 5104 (25)
2374 5023 2960 5104 ρωὶιξῇς-ιιυηᾳλτεςῳ
3076 5023 3385 5080 Germanus
3427 5023 3574 5095 apud
3629 5041 3742 5104 nos

2152 5093 2219 5178 in
2242 5093 2426 5178 Spicil.
2461 5105 2502 5150 t.
2525 5095 2638 5178 VII,
2672 5112 2729 5166 p.
2753 5097 2842 5151 19.
2877 5097 3104 5178 Photius
3126 5093 3508 5178 -aute|n.van'a
3553 5096 3742 5178 amhi:

2152 5164 2304 5249 tione
2344 5174 2406 5249 et
2442 5175 2631 5249 contra
2672 5164 2896 5249 omnem
2950 5165 3191 5249 historiae
3238 5166 3552 5249 veritatem,
3601 5164 3742 5222 facit

2151 5233 2685 5316 huncpatriarchatn
2710 5236 3270 5308 Constantinopoleos
3290 5247 3418 5292 ante
3449 5232 3739 5291 Nicatnum

2149 5317 2659 5462 ggKUXi-istaces
2673 5376 2764 5462 hic
2795 5376 2999 5462 dicitur
3029 5377 3263 5462 Arethas
3294 5375 3738 5462 inlNicazrnorum

2149 5444 2376 5500 Patrum
2392 5447 2650 5520 catalogo
2678 5447 2954 5520 Theodori
2975 5449 3200 5506 lectoris
3229 5449 3374 5519 apud
3393 5462 3497 5504 nos
3525 5446 3735 5520 Script.

2165 5529 2279 5570 vet.
2322 5524 2362 5570 t.
2392 5516 2462 5582 X,
2489 5533 2543 5588 p.
2586 5516 2678 5582 38,
2713 5519 2821 5575 col.
2852 5519 2908 5574 2.
3264 5516 3294 5564 ’-

2223 5586 2338 5654 (95)
2372 5585 2508 5643 Cod.
2541 5589 2632 5644 π.

2249 5656 2338 5726 26)
2367 5656 2502 5713 Cod.
2533 5660 2626 5715 25.

2249 5726 2342 5798 27)
2361 5726 2634 5785 Nimirum
2659 5745 2756 5807 per
2781 5747 2916 5807 suos
2935 5734 3160 5807 legatos.
3182 5731 3289 5789 Pro
3318 5732 3551 5807 Damasp
3570 5747 3734 5786 men-

2152 5798 2284 5854 dose
2309 5798 2840 5875 prohrsusscribitur
2877 5798 3185 5860 Caelestinus
3216 5802 3363 5875 apud
3413 5800 3733 5875 S.GermA.-

2152 5885 2284 5923 num
2306 5867 2363 5923 in
2389 5867 2560 5938 Spicil
2614 5881 2656 5928 t.
2695 5872 2811 5945 VII,
2840 5891 2896 5949 p.
2925 5878 3014 5934 55.
3032 5875 3224 5950 Neque
3244 5867 3394 5935 enim
3438 5873 3722 5932 leestiui

2154 5948 2286 5998 aetas
2317 5939 2371 5996 id
2397 5942 2622 6011 patitur.
