4004 6462
188 427 292 490 709
1342 410 1878 474 EPISTOLARUM
1906 409 2135 469 LIBER
2164 408 2210 471 I.
3326 391 3435 471 '710

189 535 598 598 Armeniorum,
619 529 712 602 qui
737 528 897 584 simul
923 542 1048 583 cum
1081 523 1354 597 episcopis
1389 500 1940 578 150iexturbaverunt
2002 517 2244 574 Ecclesia
2277 531 2390 570 non
2422 514 2543 570 sine
2577 514 3019 571 anathematibus
3056 514 3432 574 Macedonium

192 635 249 681 et
277 623 496 679 Sabellii
527 619 783 674 asseclas.
813 621 990 686 Atque
1029 616 1146 670 haec
1172 614 1280 667 duo
1312 622 1499 667 sancta
1523 609 1752 664 concilia
1784 607 1920 662 duas
1957 605 2340 660 contriverunt
2399 603 2626 658 tartarei
2674 618 2874 664 currus
2913 613 3080 667 rotas,
3111 605 3248 660 duas
3275 607 3432 662 vide-

196 716 327 768 licet
362 711 557 781 impias
587 710 844 771 haereses,
890 719 1121 774 quarum
1163 703 1334 756 altera
1365 699 1786 754 sacratissimam
1844 693 2162 748 Trinitatem
2204 691 2439 761 pessime
2479 689 2780 752 dividebat,
2809 691 2976 744 altera
3002 705 3136 744 vero
3166 705 3274 744 non
3318 692 3440 746 sine

194 801 402 856 scelere
433 777 824 852 confundebat.
865 792 945 844 Ah
978 791 1064 846 his
1093 790 1303 845 duabus
1334 786 1553 858 synodis
1584 786 1878 839 cdocemur
1909 796 2158 850 personae
2195 795 2224 831 a
2248 787 2440 832 natura
2466 777 2909 832 distinctionem:
2935 777 3136 832 etenim
3169 786 3282 832 tres
3311 793 3441 848 per-

197 903 371 950 sonte,
408 895 522 939 tres
563 881 730 936 veluti
792 879 961 933 facies
1008 886 1064 931 et
1109 886 1384 946 aspectus,
1419 884 1529 929 tres
1560 870 1937 942 proprietates,
2000 877 2109 923 tres
2145 867 2460 937 hypostases
2505 874 2866 920 sacrosanctae
2919 865 3168 920 Trinitati
3231 865 3438 930 insunt,

198 976 383 1038 Pater,
412 971 602 1034 Filius,
655 979 711 1024 et
763 966 1000 1037 Spiritus
1054 974 1308 1019 sanctus:
1350 979 1457 1016 una
1505 975 1636 1015 vero
1665 968 1858 1012 natura
1903 965 2007 1018 est,
2041 970 2148 1007 una
2180 952 2437 1016 essentia,
2473 968 2581 1006 una
2613 953 2940 1017 substantia,
2974 968 3080 1008 una
3119 954 3440 1019 dominatio,

199 1076 310 1115 una
341 1057 716 1113 immensitas:
754 1052 1105 1122 distinguitur
1130 1053 1274 1105 enim
1311 1049 1548 1103 Trinitas
1571 1045 1871 1101 secundum
1905 1039 2371 1111 personalitatem,
2402 1038 2589 1092 unitur
2618 1051 2802 1094 autem
2820 1041 3118 1096 secundum
3149 1051 3440 1096 naturam:

199 1149 406 1218 quippe
436 1161 560 1199 cum
595 1144 664 1197 sit
708 1159 812 1195 una
845 1143 897 1192 in
931 1140 1102 1193 tribus
1129 1138 1330 1202 Deitas,
1365 1137 1620 1190 distincta
1653 1142 1738 1187 est
1770 1141 1949 1186 tamen
1978 1127 2031 1181 in
2057 1125 2283 1197 singulis
2333 1127 2693 1195 personalitas
2719 1145 2732 1180 :
2763 1129 3139 1198 unusquisque
3166 1137 3346 1184 autem
3379 1144 3446 1184 ex

202 1252 302 1292 sua
337 1233 670 1304 proprietate
709 1226 1062 1300 dignoscitur.

277 1323 368 1376 10.
397 1321 540 1374 Ecce
571 1317 942 1371 intelleximus
975 1315 1245 1368 diversam
1285 1325 1402 1364 esse
1431 1325 1461 1362 a
1483 1318 1676 1362 natura
1707 1321 1992 1377 personam
2017 1323 2032 1360 :
2060 1315 2144 1360 est
2165 1305 2312 1360 enim
2341 1305 2601 1359 distincta
2645 1319 2900 1374 persona,
2929 1313 3120 1358 natura
3147 1320 3280 1360 vero
3311 1305 3448 1359 adu-

203 1419 337 1464 nata
365 1417 419 1461 et
444 1405 765 1476 singularis:
799 1419 927 1456 nam
955 1411 1008 1456 et
1040 1402 1274 1455 humana
1308 1407 1500 1452 natura
1550 1405 1736 1451 mente
1779 1394 2118 1464 intelligitur,
2157 1409 2392 1462 persona
2423 1407 2590 1446 sensu
2618 1392 2934 1462 percipitur.
2990 1391 3201 1467 Etenim
3252 1401 3449 1448 natura

207 1493 294 1546 his
322 1488 737 1544 definitionibus
788 1494 1021 1544 constat,
1054 1498 1251 1552 nempe
1291 1481 1510 1544 animal,
1542 1480 1825 1545 rationale,
1875 1482 2138 1535 mortale:
2191 1496 2422 1548 persona
2465 1495 2594 1534 vero
2636 1495 2701 1533 ex
2735 1478 3109 1532 accidentibus
3149 1481 3448 1550 consurgit,

207 1581 464 1632 videlicet
494 1577 674 1630 colore
709 1575 884 1644 nigro,
931 1575 1076 1634 albo,
1159 1571 1314 1633 flavo,
1349 1570 1583 1628 Calvilie.
1625 1570 1797 1623 oculis
1829 1569 2074 1639 glaucis;
2107 1568 2180 1621 ita
2222 1577 2280 1620 ut
2317 1567 2620 1621 accidentia
2666 1566 2884 1636 quidem
2933 1567 3116 1636 augeri
3170 1567 3452 1638 minuique

208 1677 431 1735 queant,
476 1673 668 1717 natura
692 1677 802 1714 non
837 1660 986 1713 item.
1030 1658 1227 1711 Natura
1247 1658 1459 1710 cunctis
1503 1656 1816 1710 hominibus
1841 1667 1925 1712 est
1952 1657 2282 1720 communis,
2309 1672 2541 1725 persona
2570 1665 2654 1709 est
2689 1655 2980 1724 peculiaris
3001 1664 3055 1710 et
3083 1655 3139 1709 in
3185 1656 3364 1726 aliqua
3394 1671 3452 1711 re

214 1755 552 1808 subsistens.
608 1751 820 1804 Etenim
860 1748 1185 1802 beatissiuue
1235 1746 1517 1800 Trinitatis
1557 1745 1768 1798 infinita
1800 1753 1996 1798 natura
2035 1760 2189 1812 aeque
2245 1745 2482 1812 pertinet
2511 1743 2578 1797 ad
2610 1745 2849 1814 singulas
2881 1756 2992 1800 tres
3019 1759 3301 1814 personas,
3347 1743 3452 1798 Pa-

216 1855 376 1906 trem,
414 1842 630 1902 Filium,
669 1849 724 1894 et
751 1839 1020 1908 Spiritum
1055 1845 1301 1890 sanctum
1327 1854 1340 1888 :
1373 1845 1427 1888 at
1455 1851 1581 1888 vero
1618 1833 1980 1904 proprietates
2017 1833 2286 1886 distinctae
2312 1842 2441 1884 sunt
2472 1831 2524 1884 in
2553 1848 2880 1900 unaquaque
2907 1846 3140 1901 persona
3165 1841 3220 1886 et
3283 1832 3456 1903 hypoâ€”

213 1932 368 1987 stasi.
398 1931 609 1999 Quippe
639 1945 666 1982 a
695 1938 888 1981 natura
918 1925 1278 1980 communiter
1310 1923 1510 1977 habent
1535 1931 1592 1976 ut
1618 1925 1726 1976 sint
1756 1924 2042 1987 Dominus,
2075 1923 2237 1984 Deus,
2271 1922 2638 1991 onmipotens,
2657 1922 3190 1991 providentissimus,
3222 1930 3454 1983 creator,

215 2019 516 2073 intellectui
547 2016 863 2084 impervius,
898 2011 1470 2082 inemnprehensibilis
1508 2011 1625 2065 sine
1664 2011 1921 2081 qualitate
1949 2020 2045 2064 aut
2087 2012 2414 2080 quantitate,
2447 2026 2622 2077 neque
2647 2010 2787 2075 loco,
2815 2025 2992 2078 neque
3035 2019 3278 2078 tempore
3326 2009 3460 2062 deli-

215 2108 388 2169 nitus,
431 2105 548 2158 sine
577 2103 754 2165 initio,
796 2102 915 2155 sine
945 2102 1069 2153 line.
1099 2099 1253 2164 Quod
1278 2114 1408 2152 vero
1440 2099 1508 2153 ad
1537 2100 1900 2169 proprietates
1925 2099 2142 2164 attinet,
2177 2099 2353 2152 Patris
2383 2099 2605 2167 quidem
2639 2098 2944 2167 proprietas
2970 2107 3075 2161 est,
3111 2105 3168 2150 ut
3195 2097 3267 2151 sit
3309 2096 3462 2166 geni-

217 2204 328 2258 tor,
359 2200 413 2246 et
448 2207 633 2252 causa,
660 2200 825 2258 utque
861 2197 1048 2242 careat
1077 2187 1368 2256 principio,
1397 2186 1513 2256 ipse
1543 2195 1724 2240 autem
1750 2187 1964 2242 illorum
1988 2190 2080 2257 qui
2107 2189 2174 2241 ab
2205 2188 2440 2256 ipsumet
2465 2196 2594 2241 sunt
2633 2187 2964 2256 principium
2987 2186 3078 2252 sit,
3112 2186 3254 2240 idem
3282 2195 3463 2242 tamen

217 2295 502 2350 nunquam
553 2279 832 2346 inceptus:
871 2275 1014 2330 idem
1063 2275 1306 2337 mittens,
1367 2291 1474 2328 non
1517 2290 1546 2328 a
1591 2291 1863 2344 quoquam
1909 2276 2146 2346 genitus,
2200 2291 2377 2343 neque
2425 2291 2456 2328 a
2496 2285 2668 2330 semet
2718 2275 2804 2330 vel
2848 2275 3042 2344 quovis
3089 2274 3284 2329 factus.
3339 2273 3461 2329 Filii

216 2380 404 2424 autem
438 2369 740 2436 proprietas
770 2374 854 2418 est
887 2373 947 2418 ut
981 2363 1052 2418 sit
1083 2362 1276 2426 Filius,
1323 2363 1586 2428 Verbum,
1621 2363 1858 2434 genitus,
1891 2364 2005 2428 lux,
2040 2362 2237 2426 forma,
2284 2362 2570 2432 sapientia,
2614 2363 2817 2425 radius,
2845 2362 3041 2430 imago,
3090 2372 3245 2432 typus
3297 2371 3460 2432 atque

220 2457 531 2509 character.
568 2451 813 2520 Denique
846 2450 1088 2519 Spiritus
1116 2449 1292 2503 sancti
1321 2450 1624 2518 proprietas
1653 2459 1755 2514 est,
1789 2461 1850 2506 ut
1881 2451 2158 2520 procedat,
2204 2458 2262 2504 ut
2291 2452 2363 2505 sit
2405 2451 2651 2504 veritatis
2678 2450 2922 2518 spiritus,
2957 2451 3266 2505 consolator
3288 2490 3306 2515 ,
3381 2450 3467 2506 iu-

233 2550 540 2602 staurator,
579 2549 781 2602 rectus,
819 2538 1016 2591 bontts.
1053 2536 1096 2590 A
1128 2535 1285 2589 Patre
1318 2546 1441 2589 sunt
1472 2535 1640 2590 Filius
1667 2545 1721 2590 et
1747 2536 1982 2606 Spiritus
2022 2550 2275 2606 sanctus,
2308 2555 2484 2608 neque
2533 2549 2711 2593 tamen
2744 2540 2799 2592 hi
2851 2540 3189 2607 appellantur
3237 2539 3468 2604 fratres;

225 2647 409 2702 neque
436 2630 596 2683 ambo
620 2627 714 2680 filii
748 2636 914 2680 sunt:
950 2626 1116 2679 veluti
1150 2626 1219 2680 ab
1249 2625 1454 2680 Adamo
1484 2636 1597 2679 tum
1648 2625 1780 2680 Seth
1814 2636 1927 2680 tum
1959 2626 2069 2680 Eva
2123 2637 2516 2695 provenerunt,
2551 2627 2684 2695 quin
2732 2636 2915 2680 tamen
2965 2627 3048 2681 vel
3098 2626 3293 2681 fratres
3338 2626 3470 2690 sint,

224 2721 312 2774 vel
340 2718 502 2772 ambo
525 2717 641 2770 lilii.
672 2715 950 2784 Siquidem
983 2713 1146 2768 Pater
1172 2723 1256 2768 est
1282 2729 1574 2784 generatis,
1602 2712 1770 2767 Filius
1789 2715 2024 2783 genitus,
2059 2714 2299 2784 Spiritus
2321 2723 2546 2768 sanctus
2570 2715 2894 2783 procedens.
2921 2713 3059 2769 llinc
3087 2715 3257 2770 Filius
3282 2715 3474 2770 sedere

225 2809 295 2863 ad
335 2807 508 2862 Patris
529 2806 810 2859 dexteram
838 2802 1062 2867 dicitur,
1096 2800 1333 2870 Spiritus
1357 2817 1486 2855 vero
1519 2801 1818 2855 sanctusad
1851 2801 2131 2855 dexteram
2164 2800 2312 2854 Filii.
2343 2801 2558 2854 Etenim
2578 2800 2632 2854 in
2661 2802 2870 2870 psalmo
2897 2817 2980 2856 CIX
3009 2802 3086 2855 ait
3115 2801 3274 2857 Pater
3308 2801 3471 2856 Filio:

230 2899 381 2951 Dixit
412 2896 668 2949 Dominus
702 2892 924 2945 Domino
953 2907 1062 2942 meo
1096 2909 1109 2943 :
1140 2887 1270 2943 Sede
1301 2907 1332 2941 a
1366 2889 1566 2942 dextris
1594 2891 1722 2942 meis
1753 2890 1796 2942 ".
1826 2889 1894 2942 Et
1920 2904 2044 2942 mox
2070 2888 2212 2942 idem
2259 2886 2416 2940 Pater
2451 2887 2528 2941 ait
2557 2887 2692 2943 Filio
2722 2908 2734 2944 :
2769 2888 2842 2942 Tu
2870 2907 2921 2944 es
2949 2889 3193 2944 sacerdos
3219 2891 3274 2944 in
3324 2898 3479 2945 teter-

229 3003 358 3040 num
379 2983 662 3037 secundum
689 2979 926 3033 ordinem
952 2975 1350 3039 Melchisedech,
1388 2977 1641 3030 Dominus
1668 2994 1700 3029 a
1732 2977 1930 3030 dextris
1969 2976 2072 3028 tuis
2099 2977 2144 3028 â¸.

304 3081 394 3134 ll.
435 3075 739 3145 theroqui
777 3088 952 3141 neque
977 3073 1150 3141 majus
1178 3087 1354 3141 neque
1385 3071 1564 3124 minus
1602 3069 1656 3123 in
1684 3069 1947 3123 'lâ€˜riuitate
1971 3069 2310 3125 sanctissima
2356 3070 2726 3140 comperitur:
2755 3071 2956 3126 etenim
2992 3073 3167 3143 majus
3194 3085 3250 3129 et
3278 3075 3479 3140 minus,

233 3184 401 3239 grave
431 3176 486 3220 et
514 3165 659 3231 leve,
706 3165 934 3215 multum
969 3160 1051 3213 vel
1085 3175 1294 3228 parum,
1327 3174 1355 3212 a
1395 3159 1736 3227 temporibus
1766 3157 2005 3225 pendent
2031 3165 2084 3210 et
2119 3157 2288 3211 horis.
2316 3157 2478 3227 Atqui
2523 3158 2614 3213 ubi
2647 3173 2826 3229 neque
2859 3169 3097 3227 tempora
3123 3175 3247 3215 esse
3277 3173 3486 3230 queunt

233 3272 340 3310 nec
375 3255 545 3316 bona,
583 3261 642 3305 ut
672 3251 726 3302 in
759 3248 936 3302 divina
968 3257 1165 3300 natura
1197 3245 1468 3307 usuvenit,
1506 3245 1580 3298 ibi
1610 3244 1745 3297 nihil
1775 3251 1859 3297 est
1895 3243 2071 3312 majus
2131 3246 2219 3298 vel
2265 3245 2467 3300 minus.
2515 3245 2771 3315 Majurem
2814 3257 2996 3301 autem
3041 3247 3148 3302 dixi
3194 3248 3485 3319 aliquando

237 3344 458 3398 Patrem
496 3339 632 3409 (28),
674 3352 774 3390 ceu
823 3335 1125 3404 genitorem
1159 3332 1414 3388 videlicet
1448 3343 1611 3402 atque
1645 3345 1909 3386 causam:
1946 3347 2124 3401 neque
2173 3332 2224 3386 id
2277 3342 2460 3388 tamen
2506 3335 2711 3402 absque
2753 3344 2900 3389 metu
2949 3336 3085 3398 dixi,
3149 3336 3486 3392 debilitatem

243 3427 410 3482 veluti
451 3425 499 3480 ei
534 3421 859 3482 attribuens,
892 3429 1052 3488 atque
1086 3420 1204 3488 ipso
1230 3417 1489 3486 obsequio
1524 3433 1644 3471 meo
1671 3417 1894 3473 laedens.
1922 3419 2135 3490 Quippe
2167 3420 2312 3475 Patri
2348 3437 2458 3476 non
2480 3431 2565 3476 est
2584 3423 2900 3494 gloriosum,
2927 3425 2974 3478 si
3010 3425 3248 3480 minores
3281 3425 3319 3496 i_i
3365 3425 3487 3482 sint

240 3517 333 3585 qui
357 3516 426 3567 ab
451 3513 565 3582 ipso
594 3509 921 3579 proveniunt
949 3523 961 3558 :
989 3516 1072 3560 est
1101 3507 1244 3560 enim
1274 3505 1561 3560 infirmitas
1585 3507 1854 3575 quamam,
1887 3508 1930 3560 si
1961 3507 2158 3562 Filium
2184 3510 2406 3580 gignere
2435 3520 2693 3580 nequeat,
2718 3527 2896 3581 neque
2919 3511 3181 3582 Spiritum
3208 3513 3487 3578 emittere,

244 3602 350 3654 sibi
381 3599 639 3668 aequales.
672 3595 802 3648 Nam
839 3594 1284 3665 gloriosissimam
1322 3593 1497 3646 Patris
1531 3593 1826 3662 potentiam
1854 3596 2030 3662 decet,
2062 3606 2121 3651 ut
2154 3612 2309 3668 aeque
2344 3597 2564 3668 gloriosi
2602 3600 2710 3653 sint
2747 3600 2841 3668 qui
2877 3600 2944 3655 de
2971 3601 3092 3669 ejus
3136 3611 3331 3656 natura
3358 3617 3488 3674 pro-

245 3695 492 3741 manant.
525 3685 644 3738 Non
672 3692 755 3738 est
783 3697 916 3753 ergo
954 3681 1170 3752 genitus
1198 3695 1375 3749 neque
1409 3683 1712 3750 procedens
1751 3681 1940 3749 Pater;
1975 3699 2083 3737 non
2109 3693 2192 3738 est
2234 3685 2448 3756 genitor
2473 3701 2650 3756 neque
2693 3688 2994 3757 procedens
3021 3688 3226 3756 Filius;
3267 3705 3378 3744 non
3407 3701 3493 3746 est

245 3775 463 3846 genitor
491 3788 671 3842 neque
705 3772 918 3841 genitus
954 3769 1188 3840 Spiritus
1219 3779 1460 3834 sanctus,
1487 3770 1612 3838 quia
1648 3779 1910 3839 perpetuo
1935 3770 2198 3839 procedit.
2231 3769 2470 3827 Laetatur
2502 3773 2662 3828 Pater
2699 3773 2868 3844 gloria
2904 3773 3048 3836 Filii.
3078 3777 3278 3847 gaudet
3313 3776 3492 3833 Filius
3568 3779 3574 3784 â€™

247 3863 320 3918 ob
354 3863 614 3915 honorem
657 3860 865 3920 Patris;
903 3857 1139 3928 Spiritus
1166 3858 1386 3912 demum
1420 3865 1642 3911 sanctus
1684 3857 1895 3911 Patrem
1927 3856 2232 3928 Filiumque
2281 3860 2586 3930 gloriï¬cat;
2627 3863 2828 3933 quippe
2859 3863 2954 3935 qui
2997 3863 3065 3920 de
3103 3865 3324 3920 illorum
3358 3866 3494 3921 sub-

249 3950 450 4004 stantia
482 3948 775 4017 accipiens,
808 3955 1088 4002 creaturas
1126 3954 1370 4009 renovat,
1409 3945 1476 3998 ab
1522 3945 1748 4014 ipsoque
1779 3945 1959 3998 omnia
2002 3945 2145 4000 facta
2185 3956 2314 4002 sunt
2350 3947 2407 4002 in
2441 3949 2596 4005 ccelis
2624 3959 2679 4005 et
2723 3967 2888 4022 super
2930 3961 3107 4020 terra,
3159 3953 3393 4010 visibilia
3437 3963 3496 4011 et

251 4037 568 4100 invisibilia,
604 4034 822 4089 sensilia
850 4042 906 4088 et
936 4033 1239 4098 insensilia,
1271 4033 1580 4102 corporalia
1614 4039 1670 4086 et
1710 4031 2050 4102 incorporea.

328 4125 416 4180 12.
459 4125 610 4178 llanc
659 4124 784 4178 fidei
831 4121 1230 4193 professionem
1280 4129 1610 4191 acceperunt
1656 4120 1896 4174 Armenii
1931 4135 1959 4173 a
1996 4136 2193 4190 magno
2235 4121 2514 4194 Gregorio,
2545 4135 2600 4181 et
2627 4142 2657 4180 a
2691 4136 2880 4182 sancto
2913 4127 3192 4195 Aristace,
3230 4131 3495 4200 beateque

250 4213 504 4275 Nersete,
539 4210 630 4282 qui
661 4209 766 4265 illis
803 4226 921 4264 eam
957 4209 1254 4262 attulerunt
1282 4225 1311 4262 a
1343 4209 1556 4263 duobus
1586 4207 1788 4264 sanctis
1814 4208 2059 4263 conciliis
2089 4209 2309 4264 Nicaeno
2337 4221 2392 4266 et
2421 4213 3023 4286 ConstantinOpolitano
3053 4235 3069 4273 :
3101 4219 3194 4288 qui
3224 4219 3333 4273 duo
3359 4234 3496 4275 con-

253 4315 444 4356 sessus
478 4299 615 4353 duas
651 4312 846 4353 currus
889 4295 1144 4359 tartarei,
1175 4304 1234 4348 ut
1259 4295 1512 4358 diximus,
1542 4304 1689 4350 rotas
1717 4295 2022 4368 fregerunt,
2048 4295 2344 4353 Sabellium
2376 4300 2628 4357 videlicet
2652 4316 2816 4372 atque
2847 4305 3057 4359 Arium.
3096 4305 3201 4362 Sed
3234 4305 3499 4364 Diodorus

253 4388 479 4460 quidam
509 4384 817 4448 Tarsensis,
837 4383 928 4452 qui
960 4383 1137 4452 primo
1164 4382 1419 4445 Ariauus,
1449 4392 1634 4452 postea
1657 4383 1723 4438 ad
1750 4384 2104 4438 orthodoxam
2130 4384 2291 4439 fidem
2313 4400 2633 4454 conversus,
2657 4389 2852 4444 Filium
2876 4389 3019 4446 Patri
3046 4391 3211 4463 gloria
3236 4394 3498 4464 aequalem

253 4476 544 4533 confessus
581 4474 793 4542 fuerat;
829 4487 955 4526 cum
993 4471 1285 4526 indecorus
1314 4471 1362 4525 ei
1409 4473 1687 4527 videretur
1725 4473 1894 4528 divini
1933 4471 2094 4526 Verbi
2141 4472 2438 4529 descensus
2467 4474 2524 4528 in
2568 4486 2773 4532 sanctte
2803 4476 3043 4549 Virginis
3073 4489 3310 4547 uterum,
3343 4497 3500 4536 com-

254 4568 481 4616 mentus
509 4568 595 4614 est
618 4558 808 4614 Jesum
833 4556 1115 4613 Christum
1144 4557 1420 4612 hominem
1463 4559 1840 4614 tantummodo
1868 4558 2038 4613 fuisse
2068 4569 2311 4614 creatum
2342 4560 2397 4615 in
2447 4563 2688 4634 Virginis
2726 4565 2846 4620 sinu
2868 4606 2884 4630 ,
2913 4565 3296 4637 Virginemque
3329 4569 3499 4638 ipsam

256 4648 400 4703 dixit
421 4646 682 4716 templum
712 4644 883 4699 fuisse
906 4643 1073 4698 veluti
1100 4651 1156 4698 et
1186 4644 1375 4708 altare,
1408 4645 1480 4699 ita
1508 4655 1568 4701 ut
1593 4646 1646 4700 in
1679 4647 1817 4717 ipsa,
1839 4657 2095 4718 tanquam
2122 4649 2177 4703 in
2207 4665 2322 4714 ara,
2347 4651 2591 4706 divinum
2618 4651 2857 4709 Verbum
2880 4653 3244 4711 habitaverit:
3267 4657 3499 4726 ideoque

258 4736 408 4792 haud
443 4735 726 4804 Deiparam
770 4731 1044 4786 fatebatur
1075 4729 1321 4797 Mariam,
1356 4733 1451 4786 sed
1489 4733 1729 4789 hominis
1771 4736 2119 4806 genitricem,
2176 4736 2314 4791 duos
2349 4753 2578 4793 censens
2618 4755 2739 4796 esse
2793 4740 2950 4808 ï¬lios,
2997 4744 3226 4798 alterum
3282 4753 3496 4810 natura,

259 4826 498 4879 alterum
560 4820 858 4876 secundum
917 4818 1142 4890 gratiam
1195 4819 1326 4888 (â€˜29).
1376 4819 1550 4890 Hujus
1601 4821 1855 4877 almnnus
1908 4822 2012 4877 fuit
2066 4821 2390 4880 Theodorus
2458 4826 2878 4898 Mopsuestenus
2911 4847 2925 4884 :
2957 4841 3118 4899 atque
3177 4831 3247 4886 ab
3304 4833 3499 4888 horum

263 4909 624 4967 exsecrandis
669 4907 883 4978 scriptis
914 4915 1147 4994 caecatos
1190 4905 1492 4970 Nestorius,
1545 4923 1670 4962 cum
1705 4909 1870 4978 hujus
1900 4920 2098 4966 nostra:
2130 4913 2494 4982 metropoleos
2529 4918 2837 4972 cathedram
2867 4919 3248 4984 inscendisset,
3276 4935 3502 4994 eorrupâ€”

262 5009 387 5055 tum
428 5013 589 5053 suum
624 4995 883 5067 patefecit
922 4993 1184 5057 animum,
1227 5007 1388 5063 quem
1420 5004 1647 5050 eatenus
1677 5007 1836 5052 caute
1877 4999 2184 5066 celaverat,
2225 5003 2499 5074 crepitque
2549 5006 2848 5062 Ecclesiam
2900 5006 2996 5062 Dei
3044 5011 3392 5080 conturbare,
3441 4993 3504 5068 et

262 5087 603 5144 orthodoxos
641 5084 922 5154 episcopos
967 5083 1021 5137 in
1067 5082 1314 5138 exsilium
1356 5082 1574 5152 pellere.

340 5177 432 5230 13.
475 5174 643 5245 Igitur
671 5170 1118 5241 quinquagesimo
1140 5169 1252 5240 (50)
1285 5179 1403 5239 post
1434 5171 2096 5244 Constantinopolitanum
2142 5179 2431 5236 concilium
2464 5193 2630 5241 anno.
2679 5179 2968 5236 Theodosii
3005 5198 3138 5238 vero
3167 5184 3398 5255 jnnioris
3430 5190 3501 5242 23

266 5263 407 5334 (3t),
441 5261 612 5317 sancti
662 5260 850 5315 Patres
887 5257 1085 5327 Ephesi
1133 5259 1426 5313 concilium
1474 5260 1844 5330 celebrarunt,
1898 5255 2037 5335 quos
2088 5267 2233 5323 inter
2280 5267 2540 5338 przecipui
2594 5267 2913 5338 patriarcha:
2969 5281 3128 5328 erant
3179 5274 3504 5331 Ctelestinus

341 5397 365 5428 â·
399 5394 544 5449 Psal.
571 5411 682 5460 cur,
718 5397 772 5451 l.
845 5391 867 5423 â¸
899 5393 1030 5449 ibid.
1062 5395 1116 5450 4.

347 5555 733 5642 (am-legatur
769 5551 1537 5642 Grectefcclesriâ€˜mjvnodusâ€˜
1575 5555 1677 5642 sub
1723 5555 1839 5638 Mna-
1947 5576 2003 5642 p.
2029 5576 2158 5642 sax,
2178 5559 2561 5642 bfontacutium
2589 5561 2842 5642 Anglum,
2862 5569 2954 5642 qui
2983 5569 3137 5623 valde
3167 5571 3421 5638 á¼€Î¼Î¿á½»ÏƒÏ‰Ï‚
3445 5587 3504 5628 se

269 5621 750 5708 nuelelloninâ€˜eno
769 5626 839 5708 ub
866 5623 1150 5708 locutionis
1167 5621 1474 5708 Dominicze,
1494 5625 1841 5708 Pater_major
1946 5621 2316 5708 fecâ€˜itADiqdori
2345 5632 2508 5708 hujus
2533 5648 2596 5689 ac
2624 5621 2896 5693 Theodori
2930 5621 3310 5708 protectorem.

269 5715 361 5753 me
385 5707 482 5758 est,
535 5695 902 5751 difï¬cultatem
957 5702 1012 5746 et
1058 5695 1481 5748 controversiam
1529 5697 1833 5764 celebrata,
2041 5700 2109 5755 30
2169 5695 2422 5756 Cod.45.

271 5769 553 5841 aperturos
578 5765 777 5841 script.
817 5772 926 5817 vet.
960 5762 1026 5815 Î¤.
1055 5760 1142 5819 lV.
1240 5832 1252 5841 _
1364 5831 1399 5841 __
1577 5833 1591 5841 _
1801 5837 1816 5841 _
2017 5701 2131 5841 á¼¶Î´á½¸
2170 5769 2302 5827 Cod.
2336 5771 2422 5827 15.

271 5769 553 5849 ÎµÏá¾³Î¾Î¹Ï‰Î¹Î¹ÏÎ¾
578 5765 777 5849 script.
817 5772 941 5849 vet.
960 5762 1026 5815 Î¤.
1055 5760 1262 5849 Î™Î½á¿‡
1283 5846 1297 5849 á¾¼
1325 5848 1330 5849 Î³
1364 5831 1399 5849 Î½
1577 5833 1591 5845 .
1797 5760 1828 5849 Î·â€™

842 5760 1399 5849 â€™Î¸Î¹Ï„Î¤Î›Î½á¿™-ÏˆÎ¹á¾¼á¼ª
1507 5847 1514 5849 Î‘
1577 5833 1591 5845 _
1797 5760 1828 5849 Î·â€™
2017 5760 2423 5841 (31)Cod.l5.

350 5837 463 5908 (29)
501 5831 716 5893 Heritoâ€˜
749 5849 878 5903 ergo
915 5847 1017 5890 nos
1078 5831 1524 5903 reprehendimus
1575 5833 1632 5890 in
1683 5837 1834 5908 praef.
