4004 6424
587 388 691 455 711
1760 398 2027 460 ΡΗΟΤΠ
2065 400 2168 459 ΡΑ¹

2247 398 2569 460 lIARCH/E
2607 400 2713 459 (ΣΡ.
3737 386 3828 451 712

589 506 1027 579 Romanusaﬂ),
1071 510 1301 583 Cyrillus
1322 512 1744 581 A.exandrinus,
1789 516 2021 571 Ioannes
2049 516 2449 581 Antiochenus,
2486 514 2765 569 Juvenalis
2807 511 3354 583 Hierosolymilanus,
3381 507 3474 579 qui
3515 504 3679 561 simul
3721 520 3828 559 cum

518 662 525 671 ι
590 595 840 652 ducentis
870 599 983 667 (55)
1016 600 1288 671 episcopis
1319 602 1545 667 impium
1594 601 1903 657 Nestorium
1938 605 2285 660 anathemate
2334 606 2644 674 perculsum
2692 605 2761 658 ab
2816 603 3055 658 Ecclesia
3104 600 3548 657 exterminarunt
3622 594 3828 662 Cyrinus

589 693 775 740 autem
803 686 1224 754 Alexandrinus,
1251 695 1306 743 et
1331 687 1559 743 Proclus
1591 689 1895 759 Cyzicenus
1932 691 2126 745 litteris
2153 693 2220 747 ad
2251 702 2500 747 sanctum
2532 694 2777 747 lsaacum
2812 694 2865 746 in
2906 692 3218 746 Armeniam
3255 688 3437 743 missis
3466 684 3601 755 (54).
3632 698 3827 737 causam

588 773 851 829 celebrati
880 776 1091 831 concilii
1125 791 1249 829 eum
1284 776 1593 829 docuerunt
1625 793 1639 831 :
1674 789 1897 832 sanctus
1937 794 2068 832 vero
2104 779 2316 835 lsaacus
2344 781 2559 837 concilii
2604 781 2986 836 auctoritatem
3030 777 3269 843 admisit,
3321 785 3378 830 et
3428 771 3686 827 Nestorio
3712 770 3827 825 dixit

588 863 902 916 anathema.
938 864 1065 917 Ilaec
1100 863 1276 916 fuerat
1303 872 1417 917 rota
1457 864 1676 918 tartarei
1707 881 1901 918 currus
1932 867 2110 921 tertia.

661 950 748 1004 14.
793 948 1049 1003 Posthinc
1080 950 1328 1018 apparuit
1376 952 1641 1005 scelestus
1692 952 1983 1023 Eutyches,
2025 954 2347 1009 Sabelliante
2382 964 2545 1010 sectae
2589 956 2860 1020 surculus,
2903 955 2995 1024 qui
3039 970 3203 1007 unam
3236 967 3359 1007 esse
3387 950 3527 1005 dixit
3553 946 3763 1002 deitatis
3785 960 3827 1003 et

591 1038 836 1106 corporis
865 1037 996 1091 Jesu
1018 1037 1222 1091 Christi
1251 1048 1502 1092 naturam
1530 1058 1545 1094 :
1573 1039 1900 1109 opinabatur
1926 1042 2072 1095 enim
2104 1042 2299 1097 factam
2323 1043 2581 1097 unionem
2608 1053 2733 1097 ante
2761 1044 2978 1104 stecula,
3007 1052 3062 1096 et
3099 1056 3297 1110 corpus
3324 1039 3391 1093 de
3418 1038 3560 1092 cmlo
3589 1035 3825 1100 delatum,

590 1138 701 1176 non
731 1133 914 1177 autem
940 1139 1008 1178 ex
1045 1124 1267 1195 Virgine
1302 1136 1541 1195 captum.
1571 1126 1861 1182 Nestorius
1897 1129 2141 1183 divinum
2174 1129 2413 1186 Verbum
2441 1133 2663 1203 negavit
2694 1142 2880 1186 natum
2918 1148 3040 1186 esse
3072 1132 3140 1187 de
3164 1129 3408 1201 Virgine,
3434 1126 3661 1197 negavit
3692 1124 3828 1195 Euty-

590 1211 721 1265 cbes
753 1209 990 1265 Verbum
1030 1222 1278 1267 naturam
1312 1224 1555 1269 nostram
1587 1216 1888 1285 sumpsisse
1915 1217 1982 1271 de
2014 1228 2207 1285 matre,
2241 1237 2305 1275 ac
2332 1223 2542 1277 ratione
2571 1222 2830 1276 inetlabili
2863 1232 2917 1277 et
2956 1222 3091 1275 mira
3124 1236 3247 1275 cum
3294 1234 3391 1273 sua
3440 1217 3648 1271 deitate
3680 1230 3822 1283 copu-

590 1298 806 1353 lavisse.
843 1300 1013 1355 Perro
1055 1300 1344 1355 Flavianus
1387 1312 1584 1356 nostra:
1632 1304 1993 1373 metropoleos
2048 1309 2378 1375 patriarcha,
2429 1326 2488 1365 re
2539 1312 2755 1381 cognita
2806 1311 3103 1381 Eutychem
3146 1310 3303 1379 jussu
3363 1303 3567 1360 Leonis
3626 1301 3826 1355 Romani

591 1386 915 1455 patriarchae
962 1389 1267 1442 sacerdotio
1317 1390 1498 1443 statim
1554 1400 1717 1460 atque
1766 1390 2022 1447 Ecclesia:
2068 1400 2451 1453 communione
2488 1399 2741 1469 privavit.
2786 1397 2881 1453 llic
2922 1407 3105 1453 tamen
3138 1394 3457 1467 primarium
3503 1388 3827 1454 eunuchum,

590 1490 751 1545 quem
784 1491 881 1531 sua
910 1477 1216 1546 pestilentia
1242 1478 1537 1543 alllaverat,
1568 1479 1966 1552 Chrysaphium
1991 1484 2103 1552 (55)
2130 1486 2355 1556 rogavit,
2381 1497 2439 1540 ut
2462 1504 2558 1557 pro
2581 1503 2638 1541 se
2658 1489 2721 1540 ad
2747 1487 3170 1541 Alexandrinum
3197 1485 3517 1538 Dioscorum
3553 1479 3823 1533 scriberet:

590 1562 735 1631 quod
772 1579 962 1634 reapse
992 1570 1279 1620 eunuchus
1310 1568 1591 1637 prrestitit,
1624 1568 1765 1622 datis
1799 1569 1865 1622 ad
1905 1568 2225 1627 Dioscorum
2262 1575 2487 1639 litteris,
2523 1592 2553 1629 a
2584 1592 2692 1645 quo
2727 1574 2999 1645 Eutyches
3048 1574 3104 1627 in
3144 1572 3403 1628 Ecclesiae
3448 1568 3716 1640 gremium
3749 1565 3827 1619 fuit

590 1661 868 1720 receptus.
910 1652 1033 1706 Mox
1076 1661 1260 1708 tamen
1292 1655 1404 1724 ipse
1462 1654 1760 1710 Dioscorus
1805 1659 2159 1715 conscientiae
2184 1663 2457 1717 morsibus
2493 1664 2652 1727 ictus,
2689 1663 2884 1717 timens
2909 1661 3161 1715 Ecclesiae
3189 1674 3428 1712 canones
3453 1656 3569 1725 (56)
3603 1664 3659 1709 et
3688 1654 3825 1725 legem

593 1742 1195 1803 excommunicationis.
1245 1755 1535 1815 propterea
1563 1746 1708 1815 quod
1758 1747 2066 1816 depositum
2114 1750 2307 1804 ordine
2364 1752 2646 1805 hominem
2687 1760 2741 1804 et
2787 1749 3121 1803 anathemati
3169 1748 3477 1813 subjectum
3526 1743 3824 1811 recepisset,

592 1830 796 1897 alisque
822 1845 972 1884 mora
1012 1831 1307 1899 postulavit
1333 1849 1362 1886 a
1390 1834 1668 1903 praecipuo
1716 1834 1807 1887 illo
1848 1834 1901 1887 in
1936 1836 2059 1889 aula
2100 1839 2380 1901 eunucho,
2442 1850 2501 1893 ut
2552 1839 2845 1893 concilium
2894 1836 3091 1906 Ephesi
3128 1835 3483 1894 indiceretur,
3532 1831 3681 1885 haud
3723 1847 3825 1885 sane

593 1916 795 1971 divinae
826 1917 1089 1972 voluntati
1112 1919 1421 1984 conformo,
1455 1936 1555 1975 nec
1601 1921 1857 1976 Ecclesia:
1910 1923 2063 1987 utile,
2099 1925 2194 1979 sed
2239 1934 2298 1979 ut
2345 1936 2616 1996 patratum
2661 1943 2688 1979 a
2733 1942 2792 1982 se
2825 1926 3033 1980 crimen
3074 1925 3297 1977 velaret.
3344 1921 3535 1991 Neque
3576 1935 3703 1973 vero
3745 1920 3823 1973 illic

593 2005 854 2076 synodico
893 2006 1017 2075 jure
1067 2022 1124 2062 se
1167 2008 1333 2077 gessit
1372 2009 1681 2073 Dioscorus,
1708 2011 1802 2064 sed
1844 2013 2101 2065 eunucho
2134 2023 2189 2067 et
2241 2018 2573 2071 militaribus
2635 2018 2807 2087 COpiiS
2848 2016 3032 2079 fultus,
3064 2013 3253 2067 exsilio
3284 2021 3338 2066 et
3376 2027 3511 2065 nece
3547 2010 3825 2064 Flavianum

594 2096 867 2161 multavit,
900 2096 1101 2152 Leonis
1132 2102 1455 2168 patriarcha:
1486 2101 1713 2156 Romani
1745 2104 2032 2173 epistolam
2072 2106 2299 2175 sprevit.
2334 2107 2603 2159 Damnum
2644 2104 3005 2174 patriarcham
3036 2102 3437 2157 Autiocheuum
3472 2097 3821 2153 excommuni-

595 2186 758 2249 cavit,
800 2186 890 2254 qui
945 2188 1123 2243 scelus
1168 2190 1289 2258 ejus
1332 2190 1733 2259 improbaverat
1772 2211 1783 2247 :
1820 2192 2141 2248 Iuvenalem
2191 2209 2345 2265 teque
2394 2192 2757 2263 patriarcham
2801 2189 3353 2261 llierosolymitanum
3396 2195 3723 2269 aspernatus
3742 2196 3821 2242 est.

595 2276 817 2343 praelato
847 2275 931 2329 his
960 2276 1221 2348 Eutyche,
1258 2294 1418 2348 quem
1452 2280 1532 2332 uti
1567 2281 1929 2336 orthodoxum
1970 2284 2025 2338 in
2061 2283 2269 2337 honore
2299 2282 2510 2335 habuit.
2555 2280 2780 2351 Cognita
2828 2278 3069 2333 Dioscori
3110 2276 3322 2342 fraude,
3387 2274 3573 2330 moesti
3620 2272 3823 2344 episcopi

595 2362 938 2418 dicesserunt
976 2365 1033 2419 in
1090 2382 1243 2421 suam
1276 2372 1507 2439 quisque
1548 2370 1826 2439 regionem
1860 2382 2022 2441 atque
2062 2373 2374 2435 stationem,
2418 2369 2723 2437 mansitque
2774 2376 2981 2421 tantum
3020 2366 3312 2420 Dioscorus
3342 2381 3467 2419 cum
3512 2362 3747 2434 Eutjche
3784 2371 3825 2414 et

596 2451 782 2520 paucis
808 2452 945 2515 aliis,
975 2468 1075 2507 ceu
1110 2471 1307 2509 corvus
1348 2457 1402 2509 in
1438 2458 1567 2512 nido
1600 2476 1719 2525 suo,
1764 2478 1864 2515 ceu
1904 2471 2054 2532 stryx
2089 2460 2144 2513 in
2188 2458 2464 2521 maceriis,
2499 2473 2599 2511 ceu
2624 2456 2861 2525 denique
2895 2455 3014 2509 tilio
3054 2454 3253 2508 ardens
3281 2453 3337 2506 in
3367 2468 3618 2506 nemore.
3653 2450 3771 2520 Ergo
3800 2466 3822 2501 a

593 2540 774 2609 magni
804 2540 987 2612 Cyrilli
1018 2552 1197 2608 relate,
1228 2553 1283 2597 et
1306 2562 1335 2599 a
1363 2547 1545 2615 priore
1577 2549 1777 2617 Ephesi
1824 2560 2015 2604 sancto
2043 2548 2276 2605 concilio
2308 2560 2481 2615 usque
2509 2544 2578 2597 ad
2617 2543 2861 2598 Dioscori
2896 2542 3321 2597 conciliabulum
3367 2542 3499 2595 anni
3532 2540 3824 2595 eﬂluxerunt

593 2627 661 2682 18
691 2630 823 2697 ('57);
865 2631 933 2685 ab
970 2631 1072 2685 hoc
1104 2642 1288 2686 autem
1325 2635 1391 2687 ad
1419 2635 1869 2693 Chalcedonense
1898 2638 2026 2691 anni
2053 2638 2160 2691 duo
2191 2634 2323 2703 (38).

662 2719 751 2773 15.
794 2719 1006 2789 Quippe
1044 2720 1232 2788 junior
1279 2721 1643 2788 Theodosius,
1688 2727 1925 2781 tumultu
1956 2726 2141 2780 audito
2180 2738 2343 2794 quem
2384 2722 2437 2775 in
2492 2720 2733 2776 Eccelsia
2777 2720 3064 2775 Dioscorus
3111 2720 3505 2783 concitaverat,
3550 2720 3700 2788 cujus
3740 2718 3825 2771 late

590 2807 932 2875 perturbatio
958 2808 1386 2878 prepagabatur;
1424 2810 1552 2865 dum
1588 2829 1921 2883 magnopere
1966 2813 2037 2867 ob
2078 2827 2199 2865 cam
2240 2826 2353 2865 rem
2394 2820 2674 2873 testuaret,
2710 2810 2920 2863 litteras
2961 2826 2991 2863 a
3032 2809 3215 2863 Leone
3259 2808 3571 2878 patriarcha
3604 2806 3815 2860 Romano

595 2894 924 2963 tempestive
963 2895 1195 2965 accepit,
1229 2896 1319 2964 qui
1358 2899 1582 2967 rogabat
1632 2900 2017 2969 imperatorem
2042 2942 2056 2964 ,
2092 2910 2151 2952 ut
2194 2900 2593 2953 (ecumenicum
2651 2897 2943 2953 concilium
2978 2898 3364 2962 contraheret,
3416 2897 3488 2951 ob
3540 2896 3822 2950 firmandam

594 2990 908 3034 sanctorum
948 2991 1196 3035 veterum
1233 2983 1451 3038 Patrum
1486 2987 1858 3040 traditionem.
1888 2986 2162 3040 Mandavit
2195 3002 2324 3056 ergo
2350 2987 2666 3056 imperator,
2698 2996 2758 3041 ut
2787 2986 3170 3057 episcoporum
3203 2996 3515 3041 conventus
3543 2984 3708 3039 tieret.
3740 2982 3823 3036 Sed

593 3084 718 3122 cum
757 3069 871 3139 ipse
902 3070 1093 3123 eodem
1140 3085 1285 3123 anno
1324 3071 1572 3138 obiisset,
1617 3075 1792 3129 caruit
1840 3074 2041 3129 effectu
2089 3074 2391 3128 decretura.
2440 3076 2559 3130 Mox
2603 3084 2785 3129 tamen
2841 3091 3125 3130 successor
3164 3075 3286 3145 ejus
3334 3073 3639 3129 Marcianus
3678 3073 3825 3143 primo

595 3160 814 3229 quidem
845 3175 990 3214 anno
1020 3161 1310 3231 imperium
1339 3162 1406 3219 ad
1449 3164 1817 3220 obedientiam
1857 3166 2202 3236 composuit,
2251 3165 2423 3219 altero
2458 3174 2642 3219 autem
2696 3163 3015 3234 praedictum
3062 3163 3406 3234 propositum
3450 3160 3825 3231 exsequendum

595 3261 828 3301 curavrt.

668 3338 754 3391 lli.
797 3337 1246 3393 Concludendum
1277 3351 1362 3396 est
1408 3342 1591 3414 igitur,
1636 3350 1798 3411 prout
1825 3341 1935 3412 jam
1973 3356 2134 3410 supra
2183 3340 2483 3411 arguimus,
2518 3355 2718 3409 nempe
2769 3339 2911 3409 quod
2960 3337 3003 3392 si
3033 3345 3243 3391 cunctae
3282 3335 3530 3391 ecclesiae
3556 3334 3701 3388 annis
3738 3332 3821 3387 451

596 3434 721 3495 post
748 3426 1082 3481 salutiferam
1125 3430 1560 3485 incarnationem
1593 3432 1704 3497 (59)
1745 3447 1918 3500 usque
1960 3430 2026 3483 ad
2062 3430 2506 3483 Chalcedonense
2547 3428 2841 3482 concilium
2877 3427 2931 3480 in
2976 3442 3103 3480 vera
3139 3425 3401 3494 religione
3432 3424 3640 3493 lidcque
3668 3424 3824 3475 ortho-

596 3516 733 3569 doxa
763 3515 1141 3584 perstiterunt,
1175 3528 1230 3572 et
1262 3519 1491 3573 nutricis
1523 3521 1694 3575 instar
1721 3520 1803 3574 lac
1844 3520 1898 3573 in
1927 3518 2146 3573 Christo
2176 3532 2274 3571 ceu
2304 3516 2546 3586 parvulis
2581 3518 2935 3585 praabueruut
2971 3515 3090 3568 orbi
3123 3523 3415 3575 terrarum,
3462 3530 3559 3582 per
3603 3513 3822 3565 doctores

594 3601 824 3673 inclytos
856 3604 925 3657 de
955 3606 1266 3675 evangelico
1298 3608 1447 3662 fonte
1477 3623 1723 3673 manans,
1750 3625 1871 3678 qua:
1907 3625 1992 3663 res
2010 3608 2103 3661 toti
2138 3606 2339 3659 mundo
2376 3605 2663 3658 manifesta
2689 3614 2795 3670 est,
2832 3604 2924 3673 qui
2956 3602 3068 3657 lieri
3092 3602 3263 3673 potuit
3289 3610 3345 3654 ut
3377 3616 3407 3654 a
3442 3610 3588 3654 recto
3618 3599 3819 3660 tramite,

594 3708 758 3760 quem
788 3708 1007 3762 semper
1038 3704 1347 3759 tenuerant,
1387 3697 1806 3751 aberrat-crint?
1831 3698 1964 3763 Quis
1996 3696 2201 3758 credat,
2232 3694 2472 3762 quinque
2512 3693 2857 3761 patriarchas
2887 3692 2954 3745 ad
3003 3691 3249 3745 eamdem
3296 3690 3491 3742 falsam
3529 3690 3819 3741 sententiam

594 3790 756 3850 atque
783 3783 1077 3836 concilium
1106 3784 1351 3853 potuisse
1377 3785 1678 3839 divertere?
1711 3785 1866 3851 Quod
1901 3786 1946 3839 si
1980 3785 2035 3839 hi
2066 3798 2255 3851 reapse
2285 3798 2317 3836 a
2349 3797 2474 3835 vera
2507 3781 2613 3835 ﬁde
2644 3782 3022 3841 descivissent,
3052 3778 3169 3832 sine
3199 3778 3366 3831 dubio
3402 3793 3432 3831 a
3472 3777 3579 3831 Deo
3608 3774 3815 3831 derelicti

593 3870 911 3939 sanctisque
952 3870 1084 3925 locis
1150 3871 1382 3926 fuissent
1429 3873 1674 3946 depulsi,
1716 3872 1860 3927 baud
1906 3886 2066 3927 secus
2108 3886 2270 3941 quam
2319 3868 2556 3941 populus
2600 3868 2931 3923 lsracliticus
2973 3867 3086 3922 Deo
3133 3867 3351 3921 rebellis
3395 3868 3564 3939 gloria
3597 3882 3678 3919 sua
3705 3880 3817 3934 spo-

594 3956 756 4010 liatus
777 3967 880 4010 est.

669 4046 760 4099 l7.
802 4044 959 4100 Nunc
988 4048 1101 4116 jam
1131 4046 1491 4100 orthodoxam
1532 4046 1841 4100 doctrinam
1878 4062 2001 4100 cum
2034 4046 2120 4100 illa
2150 4047 2498 4103 conferamus
2528 4044 2892 4102 Jacobitarum
2939 4046 3362 4117 acephalorum,
3400 4046 3635 4099 Dioscori
3677 4044 3823 4113 Euty—

594 4135 822 4204 cbisque
860 4135 1226 4199 alumuorum,
1264 4136 1354 4205 qui
1391 4134 1591 4189 Christi
1636 4136 1728 4190 Dei
1769 4145 1822 4189 ct
1853 4137 2091 4190 hominis
2126 4153 2289 4190 unam
2329 4136 2729 4191 contenderunt
2774 4151 2895 4190 esse
2948 4145 3221 4197 naturam,
3258 4150 3532 4203 unamque
3557 4150 3660 4187 rent
3689 4143 3822 4201 puta-

596 4233 724 4277 runt
747 4240 1038 4293 personam
1072 4241 1193 4279 esse
1223 4236 1386 4294 atque
1432 4235 1706 4279 naturam.
1752 4225 1909 4280 Certe
1940 4244 2004 4281 ex
2043 4229 2257 4281 illorum
2284 4226 2555 4281 sententia
2598 4224 2972 4294 consequitur,
3011 4232 3069 4276 ut
3101 4223 3443 4279 sanctissima
3476 4222 3701 4275 Trinitas
3728 4235 3818 4273 non

594 4312 820 4367 exsistat
857 4330 869 4365 :
905 4330 1031 4366 nam
1066 4313 1110 4366 si
1146 4312 1435 4367 Trinitatis
1469 4323 1661 4366 natura
1698 4332 1801 4368 una
1837 4326 1938 4378 est,
1968 4317 2041 4369 uti
2086 4332 2271 4370 revera
2298 4325 2401 4376 est,
2443 4329 2604 4367 unam
2640 4330 2856 4382 quoque
2889 4328 3177 4382 personam
3208 4326 3329 4365 esse
3362 4325 3502 4381 Opus
3532 4322 3614 4364 est
3642 4328 3655 4364 :
3685 4320 3822 4378 atque

595 4397 669 4451 ita
698 4414 821 4455 cum
856 4397 1092 4453 Sabellio
1122 4402 1460 4469 conspirant,
1497 4408 1551 4454 et
1581 4418 1703 4455 cum
1745 4403 1906 4457 Petro
1940 4404 2187 4470 Fullone,
2222 4419 2284 4456 ac
2308 4402 2520 4458 Joanne
2573 4403 2994 4457 Mairaeomensi
3026 4403 3160 4471 (40).
3202 4400 3373 4457 Secus
3420 4417 3573 4463 vero,
3612 4402 3652 4454 si
3682 4413 3821 4451 unum

595 4487 724 4557 quid
756 4498 884 4543 sunt
915 4503 1146 4557 persona
1181 4499 1343 4556 atque
1374 4499 1588 4554 natura,
1631 4491 1877 4559 sequitur
1910 4500 1987 4555 ut,
2027 4491 2153 4561 quia
2197 4501 2306 4545 tres
2354 4503 2481 4545 sunt
2526 4492 2886 4547 Sanctissimae
2918 4490 3203 4545 Trinitatis
3236 4505 3504 4559 personae,
3551 4487 3823 4543 necessario

595 4585 707 4629 tres
733 4592 951 4646 quoque
984 4586 1192 4629 naturre
1223 4578 1351 4640 sint,
1384 4586 1546 4645 prout
1583 4579 1903 4632 vestratium
1942 4579 2134 4633 insana
2168 4578 2447 4634 sententia
2474 4580 2734 4648 postulat,
2771 4579 2864 4648 qui
2899 4578 3000 4633 hoc
3032 4586 3191 4648 pacto
3219 4593 3344 4632 cum
3375 4577 3529 4643 Ario,
3571 4574 3820 4636 Euttomio,

595 4671 652 4718 et
682 4662 1003 4718 Macedonio
1036 4664 1409 4719 consentiunt.

668 4750 756 4803 18.
797 4751 953 4805 Adde
975 4750 1122 4819 quod
1163 4752 1441 4806 contraria
1467 4754 1757 4808 contrariis
1798 4754 2182 4813 excluduntur,
2219 4756 2386 4811 veluti
2434 4758 2637 4813 bonum
2683 4757 2825 4811 malo
2859 4757 3100 4827 pellitur,
3128 4755 3305 4811 visum
3354 4754 3571 4809 caecitas
3600 4752 3822 4823 perimit,

596 4839 838 4893 tenebrae
871 4840 1047 4893 lucem
1077 4854 1183 4892 non
1210 4842 1510 4910 patiuntur.
1538 4843 1617 4897 lta
1644 4859 1869 4913 prorsus
1895 4844 1949 4896 in
1978 4858 2035 4896 re
2066 4853 2251 4897 uestra
2280 4846 2619 4917 arguendutn
2644 4855 2745 4900 est.
2777 4845 2835 4899 Si
2870 4845 3327 4899 Chalcedonense
3356 4842 3650 4896 concilium
3674 4844 3819 4911 priora

597 4928 701 4983 tria
737 4943 849 4982 non
882 4928 1139 4992 admittit,
1166 4946 1292 5002 ergo
1327 4930 1431 4987 illis
1460 4942 1745 5005 repugnat,
1785 4934 2085 5002 eademque
2129 4932 2329 4987 abolet.
2376 4932 2548 4989 Secus
2579 4949 2711 4989 vero
2739 4932 2787 4988 si
2818 4942 2879 4988 ut
2907 4949 2937 4987 a
2964 4930 3576 5002 Constantinopolitano
3626 4927 3822 4984 concilio

673 5154 783 5233 (δὲ)
825 5153 940 5208 lmo
983 5155 1308 5211 C(elestinus
1349 5173 1446 5225 per
1488 5156 1747 5233 Cyrillum
1800 5155 2049 5233 praefuit,
2097 5158 2174 5233 uti
2270 5228 2300 5233 _
2344 5157 2460 5227 (5G)
2483 5155 2703 5233 Confer
2720 5154 3477 5233 canonem_a_postol_icumAlA.'5_,
3498 5162 3555 5209 et
3576 5154 3826 5209 Nicaeum

599 5226 939 5295 exploratum
972 5238 1074 5306 est,
1111 5237 1274 5297 atque
1310 5238 1366 5281 ut
1409 5243 1511 5281 nos
1535 5225 1651 5298 ipsi
1680 5227 2093 5283 emendavimus
2123 5228 2179 5283 in
2270 5228 2325 5296 3,
2355 5225 2495 5298 apud
2527 5245 2628 5283 nos
2665 5228 2850 5297 Spicil.
2908 5239 2951 5282 t.
2988 5227 3096 5296 Vll,
3121 5244 3176 5298 p.
3205 5228 3334 5293 205,
3360 5225 3489 5281 207.

601 5296 659 5349 ὃ.
690 5295 959 5350 Germano
996 5299 1088 5351 Ιιι).
1113 5299 1208 5353 cit.
1240 5315 1293 5353 ι).
1326 5298 1415 5351 ‘57.
2347 5301 2457 5353 (57)
2499 5300 2634 5352 Cod.
2665 5300 2757 5353 ‘28.

602 5311 659 5349 ἓ.
690 5311 959 5350 bennano
996 5311 1088 5351 Ill).
1113 5311 1208 5352 Cll.
1240 5315 1293 5352 ι).
1328 5311 1415 5351 51.
2347 5311 2457 5352 (ῧῖὶ
2499 5311 2634 5352 υοα.
2665 5311 2757 5352 ⁸28.

690 5303 959 5350 Germano
996 5303 1088 5351 lib.
1113 5303 1208 5353 cit.
1240 5315 1293 5368 p.
1326 5303 1415 5351 ‘57.
2347 5303 2457 5367 (57)
2499 5303 2634 5352 Cod.
2665 5303 2757 5353 ‘28.

670 5367 781 5439 (55)
822 5367 878 5439 l_n
919 5366 1237 5437 fragmentis
1268 5368 1592 5422 Tusculanis
1623 5368 1879 5422 dicuntur
1905 5367 2105 5439 CCXL.
2348 5371 2457 5437 (58)
2498 5370 2637 5422 Cod.
2674 5370 2919 5439 quinque.

670 5436 994 5509 (SaliirProcli
1016 5436 1182 5493 antea
1213 5439 1369 5493 electi
1402 5438 1654 5509 Cyziceni
1680 5447 1866 5506 postea
1901 5438 2177 5493 Constan-
2346 5436 2457 5509 (39)
2503 5441 2640 5494 Cod.
2677 5436 2831 5492 annis
2894 5439 3000 5494 472
3059 5449 3173 5507 post
3226 5440 3563 5508 salutiferam
3626 5451 3832 5489 resume

596 5508 937 5579 tinopolitani
986 5510 1230 5579 episcopi
1265 5518 1440 5561 exstat
1480 5508 1781 5579 dogtuatica
1841 5510 2065 5578 epistola
2115 5510 2181 5563 ad
2276 5508 2523 5565 ctionem.

597 5578 916 5651 Armenios;
962 5575 1148 5649 erilli
1177 5575 1305 5632 'non
1340 5579 1494 5643 item,
1527 5575 1631 5633 nisi
1676 5578 1813 5633 forte
1853 5575 1935 5633 est
1977 5596 2082 5633 una
2114 5596 2181 5635 ex
2300 5641 2313 5647 _
2352 5582 2462 5651 (40)
2502 5582 2727 5635 Joannis
2779 5580 3219 5635 Mairacomensis
3262 5595 3477 5636 crassos
3525 5592 3737 5633 errores
3781 5575 3833 5627 ab

598 5649 910 5733 angelicis.
963 5716 1022 5733 Μ
1522 5718 1571 5733 Η
1694 5720 1742 5733 Η
1822 5720 1834 5733 ⁸
1906 5719 1938 5730 η
2131 5720 2142 5731 ο
2284 5649 3317 5733 ipsis'Artueuiis‘scriptoribusnfuisse
3346 5654 3632 5733 refutatos,
3670 5656 3834 5733 utier

672 5716 903 5792 (35)_l_)e
960 5716 1281 5792 Chrysaphii
1313 5718 1574 5792 _eunuchi
1622 5719 1939 5792 cubicularii
2008 5720 2179 5792 gratia
2285 5716 2362 5775 ill.
2395 5739 2457 5776 ac
2486 5740 2600 5776 rev.
2629 5716 3074 5792 archiepiscopus
3115 5724 3297 5776 Sunia:
3328 5738 3418 5790 op.
3453 5720 3563 5775 cit.
3595 5736 3649 5789 p.
3683 5720 3766 5792 ἓξ),
3792 5727 3835 5767 τι

602 5786 746 5857 apotl
796 5786 1185 5866 Theodosium
1207 5786 1778 5866 junioreinulegantur
1844 5786 2034 5846 etiam'
2072 5792 2181 5847 fra-
2281 5792 2373 5866 42,
2410 5809 2511 5866 nec
2547 5808 2656 5846 non
2684 5795 2764 5866 vir
2798 5786 3044 5866 saturnus
3074 5792 3110 5847 Ι.
3142 5793 3201 5847 Β.
3230 5786 3512 5849 Auclierus
3540 5786 3768 5860 in'prxf.
3792 5793 3838 5839 et

603 5866 822 5929 gntenta
858 5858 1167 5914 Tusculana
1199 5858 1384 5926 Spicil.
1418 5868 1457 5915 t.
1486 5860 1549 5915 ll.
1587 5858 1611 5866 ⁷
2280 5864 2409 5918 adn.
2446 5863 2513 5918 ad
2547 5872 2687 5918 orat.
2718 5864 2874 5920 Joau.
2914 5862 3047 5919 Οιιι.
