4004 6426
181 406 294 470 713
1347 412 1762 473 EPISTULAR

1852 414 1883 473 α
1920 413 2239 472 LIBERI.
2409 445 2418 454 κ
3057 387 3072 398 “
3324 413 3433 478 794

183 530 470 591 receptum
510 518 615 574 fuit
640 516 942 580 Nicaanum,
976 517 1049 572 ita
1079 517 1528 572 Chalcedonense
1563 518 1662 571 tria
1693 517 1875 588 priora
1916 520 2211 575 reveritum
2244 525 2367 585 est;
2399 519 2688 590 perspicue
2733 530 2959 592 apparet
3003 523 3107 578 hoc
3146 540 3270 582 cum
3325 530 3437 586 illis

178 608 518 668 consentire.
555 622 620 661 ac
645 606 954 660 nullatenus
987 621 1108 660 esse
1130 606 1488 660 contrarium.
1522 605 1787 661 Praeterea
1817 607 1984 678 leges,
2014 609 2236 680 regulae,
2261 623 2523 673 canones,
2554 620 2611 663 et
2643 609 2886 664 instituta
2911 612 2996 666 vel
3026 615 3272 670 conciliis
3300 632 3437 670 con-

180 701 394 752 tinuata
436 696 656 750 fuerunt
684 695 769 748 vel
800 695 1100 749 miraculis.
1137 694 1409 750 Miraculis
1437 696 1656 764 quidem
1706 713 1760 749 v.
1797 712 1878 766 gr.
1908 695 2104 766 Moysis
2129 696 2186 749 in
2217 696 2451 767 {Egypto
2483 705 2648 766 atque
2675 698 2728 752 in
2763 700 3060 770 Erythram.
3093 702 3179 756 vel
3223 702 3437 760 Domini

177 787 355 840 nostri
391 784 520 839 Jesu
561 783 763 837 Christi
800 798 972 853 aegros
1000 781 1268 848 sanantis,
1299 794 1544 838 mortuos
1574 783 1907 846 suscitantis,
1934 794 2040 840 etc.
2069 801 2084 850 ;
2117 786 2365 839 conciliis
2407 796 2612 852 autem,
2643 788 2807 841 veluti
2838 789 2930 841 illo
2958 789 3063 843 518
3091 791 3310 846 Patrum
3338 832 3353 852 .
3387 805 3440 850 et

179 875 271 929 illo
307 874 430 933 150,
462 890 582 943 qua:
613 888 777 928 unam
805 888 925 927 esse
960 873 1013 924 in
1036 872 1302 927 Trinitate
1325 885 1594 937 naturam,
1629 887 1890 942 personas
1914 884 2044 934 tres,
2099 872 2484 935 deiiniverunt,
2509 872 2852 944 Sabellioque
2894 886 2948 930 et
2972 877 3102 932 Ario
3145 881 3440 936 anathema

177 965 465 1018 dixerunt.
496 963 697 1032 Ephesi
734 972 913 1014 autem
941 959 1131 1015 Patres
1165 961 1474 1014 docuerunt
1530 959 1753 1014 Mariam
1785 959 2062 1029 Virginem
2095 974 2216 1014 esse
2247 958 2557 1030 Deiparam.
2587 961 3007 1032 Nestoriumque
3048 969 3428 1021 excommuni-

177 1062 400 1106 catunt.
437 1053 679 1120 Denique
711 1051 763 1104 in
793 1059 990 1120 quarto
1027 1049 1262 1102 concilio
1288 1049 1532 1103 divmum
1571 1048 1806 1102 Verbum
1851 1047 1918 1100 de
1957 1046 2175 1116 Virgine
2203 1046 2374 1100 Maria
2408 1048 2748 1104 incarnatum
2799 1049 3160 1115 amrmarunt,
3199 1068 3264 1106 ac
3310 1055 3433 1109 Dio-

181 1155 407 1194 scorum
446 1155 570 1193 cum
609 1137 852 1208 Eutyche
888 1137 1280 1192 communione
1299 1136 1606 1192 Christiana
1641 1144 2012 1190 removerunt.
2041 1135 2153 1206 Age
2183 1151 2315 1189 vero
2337 1134 2625 1192 Dioscorus
2661 1148 2824 1204 atque
2853 1140 3146 1210 Eutyches,
3174 1156 3301 1197 cum
3327 1144 3439 1200 duo

177 1229 311 1290 sint,
343 1228 635 1282 concilium
669 1235 819 1281 certe
852 1242 962 1280 non
991 1226 1253 1290 conflant,
1285 1241 1464 1294 neque
1499 1225 1759 1278 miracula
1793 1223 2104 1284 ediderunt,
2134 1238 2314 1293 neque
2344 1239 2438 1278 eos
2471 1226 2759 1294 quisquam
2792 1228 3163 1299 prodigiorum
3194 1233 3438 1287 auctori~

179 1325 292 1371 tate
321 1317 491 1371 fultos
525 1316 656 1369 vidit
697 1326 757 1369 ut
787 1315 952 1368 Eliam
990 1325 1154 1386 atque
1185 1315 1456 1371 Elisaeum.
1499 1314 1610 1370 Cur
1636 1317 1764 1385 ergo
1799 1314 1985 1373 liceat,
2026 1312 2247 1367 omissis
2271 1312 2376 1368 680
2420 1315 2693 1384 episcopis
2727 1315 3192 1374 Chalcedonensis
3221 1322 3438 1377 concilii

176 1405 519 1469 auctoribus,
555 1419 786 1474 quorum
819 1404 974 1457 multi
999 1404 1231 1458 concilio
1253 1418 1470 1473 quoque
1493 1402 1772 1473 Ephesino
1797 1401 2184 1464 interfuerant,
2217 1402 2430 1456 duobus
2466 1411 2675 1457 tantum
2707 1404 3022 1462 hominibus
3044 1408 3207 1463 fidem
3237 1411 3437 1481 adjun—
3473 1398 3481 1406 κ

177 1495 346 1566 gere?
381 1495 606 1547 Summa
635 1491 754 1546 hmo
782 1501 932 1546 certe
967 1493 1193 1546 stultitia
1221 1492 1383 1546 foret.

257 1583 342 1636 19.
384 1580 801 1636 Calumniantur
838 1589 1101 1650 prieterea
1149 1580 1470 1650 praadictum
1511 1579 1829 1646 concilium,
1876 1579 2032 1651 quasi
2079 1579 2133 1632 id
2189 1594 2356 1648 opera
2391 1577 2716 1645 Pulcheriae,
2747 1581 3040 1638 Theodosii
3091 1585 3438 1655 imperatoris

179 1686 390 1733 sorore,
418 1670 716 1723 adunatum
746 1668 934 1731 fuerit,
970 1669 1042 1722 ob
1079 1669 1444 1722 ulciscendam
1479 1666 1721 1721 Flaviani
1753 1683 1965 1722 necem.
1998 1668 2160 1737 Atqui
2195 1669 2310 1722 htec
2345 1684 2492 1722 mera
2530 1669 2738 1723 fallacia
2768 1679 2855 1724 est
2881 1688 2895 1726 :
2923 1673 3126 1726 etenim
3164 1675 3216 1727 id
3243 1675 3437 1729 conci-

179 1760 314 1813 lium
352 1759 445 1813 Dei
477 1759 777 1823 voluntate,
805 1758 1170 1827 mandatoque
1201 1757 1397 1812 Leonis
1424 1757 1965 1826 Romanipontificis,
1985 1756 2217 1811 Anatolii
2251 1758 2574 1826 patriarchae
2617 1758 3231 1830 Constantinopolitani,
3263 1762 3434 1816 Maxi-

179 1848 350 1901 miani
389 1847 712 1917 patriarchae
751 1845 1100 1911 Antiocheni,
1133 1862 1197 1900 ac
1239 1845 1523 1900 Iuvenalis
1569 1846 1894 1916 patriarcha:
1933 1844 2437 1915 Ilierosolymitani,
2472 1846 2733 1900 indictum
2763 1847 2883 1901 fuit.
2927 1849 2993 1902 Hi
3024 1850 3168 1903 enim
3200 1859 3436 1919 quatuor

186 1936 512 2007 patriarchae
553 1951 660 1989 una
696 1950 819 1990 cum
862 1935 967 1988 6'50
996 1934 1270 2003 episcopis
1310 1933 1430 1988 fidei
1467 1934 1861 2002 professionem
1897 1932 1951 1985 in
1986 1932 2360 2001 superioribus
2397 1933 2572 1988 tribus
2605 1934 2859 1989 conciliis
2897 1935 3097 1990 editam
3138 1939 3434 1992 confirma-

183 2036 336 2085 runt,
364 2023 707 2094 professique
737 2031 866 2076 sunt
898 2038 1066 2075 unum
1102 2021 1390 2076 Dominum
1419 2019 1602 2075 Jesum
1629 2019 1904 2074 Christum
1934 2020 1986 2074 in
2031 2020 2192 2074 unica
2232 2035 2467 2090 persona
2497 2031 2553 2076 et
2587 2023 2888 2094 hypostasi,
2929 2040 2994 2078 ex
3022 2025 3234 2079 duabus
3266 2028 3436 2086 unitis

179 2113 415 2175 naturis,
451 2120 512 2166 ut
537 2127 599 2166 os
627 2111 977 2166 obstruerent
1007 2108 1256 2165 Nestorio
1281 2126 1344 2165 ac
1372 2109 1659 2164 Theodoro
1699 2118 1754 2163 et
1795 2107 2056 2161 Dioscoro
2093 2108 2498 2175 :eumdetnque
2525 2125 2591 2162 ex
2641 2111 2853 2166 duabus
2897 2112 3111 2166 naturis
3146 2113 3426 2172 dixerunt.

179 2212 241 2255 ut
276 2201 344 2254 iis
373 2201 645 2255 silentium
686 2200 1010 2268 indicerent,
1059 2203 1153 2270 qui
1187 2200 1446 2254 deitatem
1479 2198 1638 2252 simul
1687 2207 1742 2251 et
1781 2193 2177 2250 humanitatem
2219 2196 2349 2251 Jesu
2402 2194 2605 2252 Christi
2653 2213 2766 2252 non
2811 2197 3128 2265 admittunt,
3164 2211 3219 2255 et
3257 2202 3433 2271 ipsum

181 2286 346 2339 unica
380 2294 577 2338 natura
608 2295 862 2339 constare
891 2284 1102 2339 dicunt.

249 2373 342 2426 20.
385 2371 597 2442 Reapse
631 2371 793 2426 Arius
822 2371 1010 2426 docuit
1043 2380 1286 2425 creatum
1321 2385 1442 2424 esse
1477 2368 1692 2432 Filium,
1726 2376 1887 2436 atque
1916 2383 1980 2422 ex
2014 2367 2234 2439 Virgine
2270 2367 2402 2422 nihil
2432 2380 2632 2440 praeter
2671 2386 2872 2442 corpus
2894 2374 3197 2445 sumpsisse
3231 2393 3247 2442 ;
3286 2376 3437 2431 ideo--

179 2478 288 2530 que
317 2478 479 2514 unam
498 2460 656 2515 Verbi
680 2461 846 2514 creati
872 2460 1108 2528 factique
1132 2469 1382 2513 naturam
1417 2458 1571 2512 dixit.
1606 2456 1873 2510 Sabellius
1903 2457 2080 2510 aiebat
2107 2457 2354 2512 divinum
2386 2458 2622 2514 Verbum
2670 2470 3002 2531 apparenter
3032 2467 3431 2529 tantummodo,

181 2566 293 2604 non
324 2565 384 2603 re
416 2564 541 2602 vera
581 2563 781 2619 corpus
816 2549 873 2602 in
920 2549 1124 2602 IlllllldO
1155 2548 1258 2601 sibi
1289 2546 1793 2616 circumposuisse;
1841 2543 2070 2613 ideoque
2099 2555 2154 2598 et
2180 2545 2297 2615 ipse
2330 2562 2492 2601 unam
2521 2558 2770 2604 naturam
2803 2552 3194 2620 pronuntiavit.
3243 2553 3436 2610 Petrus

181 2638 426 2693 Verbum
465 2637 746 2691 redactum
781 2652 902 2691 esse
938 2637 994 2689 in
1035 2651 1233 2705 corpus
1261 2633 1614 2694 existimavit.
1637 2641 1798 2702 atque
1820 2632 2021 2686 idcirco
2051 2649 2213 2687 unam
2248 2645 2495 2690 naturam
2521 2636 2696 2692 fassus
2717 2648 2820 2693 est.
2852 2636 3120 2695 Photinus
3139 2656 3206 2696 ac
3235 2640 3436 2698 Paulus

180 2727 591 2781 Samosatensis
618 2727 926 2780 docuerunt
969 2723 1247 2780 Christum
1295 2722 1482 2778 Jesum
1530 2721 1747 2775 initium
1779 2735 1807 2773 a
1854 2719 2018 2772 Maria
2054 2721 2396 2789 sumpsisse;
2434 2733 2831 2794 proptereaque
2859 2735 2914 2780 et
2943 2727 3046 2798 ipsi
3097 2744 3260 2783 unam
3313 2745 3436 2786 esse

179 2813 289 2868 illis
334 2823 585 2868 naturam
610 2813 886 2868 dixerunt.
930 2812 1202 2882 Eutychos
1231 2827 1296 2865 ac
1328 2811 1619 2865 Dioscorus
1649 2808 1852 2877 Opinati
1893 2817 2020 2860 sunt
2062 2808 2336 2861 Christum
2381 2809 2564 2864 Jesum
2607 2812 2842 2867 hominis
2866 2814 3272 2870 similitudinem
3311 2825 3437 2872 tan-

178 2911 298 2955 tum
352 2903 606 2973 gessisse,
647 2911 702 2956 et
731 2917 827 2970 per
859 2899 1156 2971 Virginem,
1187 2899 1358 2954 instar
1382 2913 1535 2968 aqua:
1563 2913 1662 2966 per
1681 2897 1932 2959 fistulam,
1971 2896 2273 2962 transisse;
2307 2897 2538 2968 ideoque
2571 2915 2734 2953 unatn
2775 2900 2906 2955 Jesu
2931 2902 3132 2956 Christi
3184 2915 3435 2958 naturam

177 2990 616 3043 atlirmaverunt.
647 2987 899 3042 Julianus
940 2985 1429 3041 Halicarnassensis
1453 2985 1656 3040 Christi
1683 2984 1809 3038 Jesu
1843 2999 2042 3054 corpus
2085 2985 2418 3054 impassihile
2457 2985 2592 3040 dixit
2614 2998 2902 3058 menteque
2923 3006 3136 3056 carens,
3179 3001 3341 3062 atque
3366 2993 3438 3048 ob

180 3079 233 3133 id
275 3080 495 3133 unicam
541 3087 791 3133 naturam
835 3077 1110 3133 credebat.
1143 3077 1383 3131 Joannes
1418 3073 1861 3129 Mairacomcnsis
1899 3083 1953 3127 et
1995 3072 2190 3127 Petrus
2219 3074 2373 3127 Fullo
2412 3074 2616 3129 Christi
2659 3076 2786 3131 Jesu
2838 3079 3278 3146 coniunctionem
3312 3096 3438 3135 cum

177 3182 414 3237 corpore
441 3177 568 3220 ante
599 3167 800 3220 saecula
828 3166 1025 3220 factam
1060 3167 1386 3226 docuerunt,
1409 3174 1572 3233 atque
1598 3162 1728 3216 hinc
1753 3177 1914 3215 unam
1944 3175 2067 3215 esse
2103 3171 2374 3215 naturam.
2405 3163 2734 3231 Apollinaris
2765 3179 2892 3219 vero
2929 3166 3115 3220 docuit
3161 3166 3438 3222 Christum

176 3255 370 3309 Jesum
405 3255 696 3309 humanam
726 3254 961 3306 animam
980 3269 1088 3307 non
1108 3253 1492 3321 assumpsisse.
1521 3251 1616 3306 sed
1644 3250 1763 3320 ejus
1785 3249 2226 3304 locutnadeitate
2259 3252 2430 3305 teneri
2459 3269 2472 3304 :
2501 3267 2668 3321 quare
2693 3263 2748 3306 et
2780 3253 2894 3322 ipse
2917 3255 3080 3309 unius
3104 3265 3312 3311 natura:
3338 3256 3442 3310 fal-

176 3358 306 3398 sum
361 3343 561 3413 dogma
609 3341 765 3396 fovit.
801 3341 1149 3411 Sophronius
1185 3340 1297 3409 (M)
1332 3341 1539 3410 pariter
1578 3347 1744 3408 atque
1775 3337 2076 3392 Eunomius
2111 3335 2297 3392 Jesum
2350 3339 2629 3394 Christum
2665 3340 2904 3396 humana
2959 3352 3144 3398 mente
3195 3343 3441 3399 caruisse

176 3432 464 3495 dixerunt,
499 3438 1014 3499 consequenterque
1037 3429 1254 3482 unicam
1280 3438 1534 3481 naturam
1565 3428 1788 3481 habere.
1833 3425 2022 3479 Manes
2051 3425 2455 3494 pbantasticum
2500 3425 2811 3482 Servatoris
2840 3444 3040 3500 corpus
3071 3429 3262 3496 fuisse,
3286 3431 3439 3485 idco-

175 3535 290 3588 que
325 3519 543 3572 unicam
578 3517 633 3570 in
659 3532 726 3570 eo
761 3527 1012 3570 naturam
1050 3515 1404 3585 praedicavit:
1445 3515 1555 3567 imo
1585 3513 1641 3566 in
1669 3512 1896 3582 epistola
1934 3511 2002 3565 ad
2047 3510 2403 3584 Scythianum
2443 3515 2709 3577 narravit,
2754 3514 2847 3570 Dei
2876 3516 3069 3570 Filium
3095 3519 3355 3588 apostolis
3387 3520 3439 3574 in

173 3616 372 3662 monte
400 3607 542 3661 lucis
574 3622 687 3660 sua:
708 3611 984 3674 perpetua:
1015 3614 1266 3657 naturam
1293 3601 1617 3666 ostendisse,
1649 3599 1775 3670 quia
1795 3614 1904 3654 non
1925 3600 2062 3654 duas
2086 3609 2312 3654 naturas
2347 3601 2442 3656 sed
2479 3618 2641 3656 unam
2671 3620 2738 3657 ex
2768 3605 2969 3660 visibili
2992 3616 3155 3676 atque
3184 3606 3440 3664 invisibili

173 3703 504 3750 concretam
531 3693 766 3748 habebat
793 3692 928 3762 (42).

258 3829 364 3881 llic
393 3836 560 3880 cassat
591 3827 644 3879 in
669 3826 978 3879 Armeniaca
1007 3823 1295 3892 exemplari
1322 3822 1544 3892 epistola
1574 3819 1773 3874 Pltotii.
1816 3821 1968 3889 cujus
1997 3832 2132 3875 certe
2153 3822 2452 3878 clausulam
2482 3825 2772 3880 desiderari
2803 3827 3134 3896 exploratum
3166 3840 3260 3881 est.

1515 3982 1850 4038 EPtSTOLA
1891 3984 1961 4041 Χ.

1277 4143 1353 4196 Ad
1378 4142 1618 4195 Acutiam
1641 4143 1930 4212 principem
1958 4142 2343 4195 Armeniorum.

1300 4285 1444 4336 Edita
1468 4285 1530 4335 ab
1552 4286 1684 4347 Aug.
1709 4284 1836 4333 Maio
1865 4283 1921 4346 (1.
1939 4296 1983 4332 c.
2002 4297 2050 4346 p.
2079 4281 2332 4344 ιδο-ιθξ).

177 4440 418 4507 “lustri,
444 4441 551 4509 pio,
578 4441 801 4510 potenti,
827 4440 967 4494 celsa
1005 4441 1143 4494 inter
1180 4457 1299 4494 suos
1337 4441 1592 4510 dignitate
1620 4440 1860 4508 prwdito,
1891 4439 2082 4493 Acutio
2107 4454 2315 4508 magna:
2341 4437 2603 4492 Armenia:
2632 4442 2859 4510 principi
2888 4440 3108 4495 Photius
3136 4442 3442 4512 patriarcha

856 4531 1224 4594 xcumenicus,
1259 4546 1352 4598 per
1377 4529 1475 4583 Dci
1513 4529 1747 4599 gratiam
1775 4529 2133 4596 episcoporum
2163 4541 2309 4580 nova:
2337 4525 2516 4579 Roma:
2545 4527 2767 4596 primus.

257 4641 307 4694 I.
349 4639 542 4710 Magna
575 4640 731 4694 nobis
751 4655 881 4694 cura
905 4649 1008 4704 est,
1041 4649 1102 4694 ut
1132 4639 1380 4694 veritatis
1410 4639 1658 4693 notitiam
1689 4637 1844 4691 vobis
1871 4636 2270 4707 impertiamur,
2301 4639 2606 4707 praesertim
2625 4641 2753 4709 quia
2774 4639 3050 4710 regionem
3081 4650 3313 4696 vestram
3345 4656 3441 4695 su-

175 4748 380 4803 pernzr
420 4732 605 4803 gratiae
659 4733 825 4788 tutela
854 4733 1046 4787 fretam
1101 4733 1328 4798 scimus,
1359 4742 1564 4787 etcum
1599 4742 1782 4786 sancta
1840 4729 2102 4784 canonica
2133 4727 2376 4783 Ecclesia
2410 4731 2744 4799 copulatam,
2790 4747 2901 4784 uno
2928 4741 3158 4802 excepto
3206 4731 3441 4785 articulo

173 4821 326 4890 quod
358 4819 468 4874 Deo
507 4821 830 4891 veritatique
871 4822 1206 4876 contrarium
1238 4821 1405 4875 fuisse
1431 4819 1652 4875 creditis
1683 4818 2132 4873 Chalcedonense
2175 4815 2490 4880 concilium,
2524 4833 2646 4871 cum
2711 4818 2765 4872 id
2814 4819 2996 4887 potius
3040 4817 3440 4888 depositionem

180 4907 557 4978 exsiliumque
586 4909 823 4963 Nestor-ii
858 4911 1286 4972 confirmaverit,
1316 4910 1542 4978 ejusque
1588 4905 1929 4962 exsecrabile
1957 4903 2149 4974 dogma
2183 4903 2430 4958 funditus
2458 4905 2778 4960 aboleverit.
2816 4905 3027 4958 Etenim
3057 4907 3178 4974 quis
3228 4906 3443 4977 ignorat

178 4998 439 5050 laborare
461 4996 691 5050 stultitia
720 5011 832 5058 eos,
859 4997 947 5066 qui
979 4997 1423 5051 Chalcedonensc
1449 4995 1740 5051 concilium
1769 5001 2058 5063 respuunt,
2104 5008 2438 5063 prorsusque
2469 4995 2678 5048 similes
2702 4994 2807 5047 illis
2834 4993 2948 5046 fieri
2989 4994 3082 5062 qui
3117 4993 3346 5049 Domino
3376 5013 3442 5050 ac

179 5085 546 5152 Rcdemptori
586 5095 775 5138 nostro
816 5083 1264 5139 conviciahantur
1310 5099 1434 5137 cum
1467 5085 1744 5138 damiones
1791 5080 2137 5149 expellebat?
2182 5078 2392 5149 lieapse
2429 5081 2738 5134 daemonum
2779 5080 3049 5150 principes
3082 5081 3217 5135 nihil
3267 5083 3337 5137 ab
3375 5085 3441 5140 iis

171 5173 467 5237 «litierunt,
519 5173 607 5241 qui
643 5174 923 5228 daemones
967 5174 1035 5227 ab
1065 5173 1379 5227 hominibus
1415 5173 1725 5239 ejicientem
1759 5172 2166 5242 vituperabant.
2201 5172 2318 5226 Jam
2349 5189 2479 5226 vero
2519 5189 2641 5227 cum
2675 5181 2924 5226 sanctum
2966 5172 3095 5228 illud
3145 5175 3438 5230 concilium

172 5262 439 5318 Nestorio
472 5265 700 5333 ejusque
729 5264 954 5318 asscclis
976 5265 1265 5318 anathema
1293 5264 1510 5326 dixerit,
1541 5262 1664 5332 quis
1689 5262 1799 5330 jam
1835 5262 2047 5316 dubitat
2075 5262 2386 5316 ministrum
2414 5263 2632 5316 Satanae
2656 5277 2779 5314 esse
2809 5260 3146 5326 Nestorium,
3189 5264 3283 5332 qui
3314 5281 3441 5318 san-

175 5364 333 5407 ctum
373 5350 576 5420 Ephesi
624 5351 916 5406 concilium
975 5353 1198 5422 sprevit,
1232 5368 1397 5422 seque
1424 5367 1580 5406 novae
1613 5360 1777 5405 secta;
1811 5349 1942 5404 fecit
1992 5359 2272 5403 auctorem
2301 5349 2324 5401 ?
2360 5349 2415 5401 Si
2445 5359 2697 5418 quartum
2737 5347 2900 5420 igitur
2930 5349 3225 5404 concilium
3277 5353 3439 5405 tertio

170 5440 479 5501 consentit,
530 5454 628 5493 cur
652 5441 698 5494 ei
727 5456 822 5494 vos
849 5441 1189 5503 maledicitis,
1222 5451 1385 5507 atque
1419 5450 1477 5493 ut
1502 5441 1726 5509 impium
1757 5439 2090 5493 traducitis?
2125 5438 2258 5491 Cum
2305 5437 2505 5506 alioqui
2539 5447 2877 5507 compertum
2928 5438 3087 5493 nobis
3139 5439 3210 5493 sit
3247 5440 3442 5509 ampli-

174 5530 428 5584 tudinem
467 5539 614 5583 tuam
642 5529 858 5584 Domini
901 5529 1002 5582 frui
1033 5529 1358 5599 patrocinio,
1392 5545 1597 5598 vosque
1627 5529 1888 5598 populum
1925 5530 2018 5585 Dei
2041 5545 2182 5595 esse,
2209 5539 2265 5584 et
2289 5529 2578 5600 peregrino
2606 5530 2802 5599 quovis
2824 5529 3079 5601 dogmate
3103 5532 3363 5586 alienum.

246 5750 370 5828 (41).
393 5821 412 5828 _
435 5750 574 5828 ﬁlum
625 5760 710 5805 est
741 5751 1080 5828 Sophronias
1128 5753 1237 5828 ille,
1265 5753 1332 5806 de
1369 5767 1479 5828 quo
1525 5750 1751 5828 Photius
1863 5826 1870 5828 Α
1934 5755 2045 5826 (4⁵2)
2113 5754 2318 5828 Similis
2347 5755 2472 5828 huic
2503 5757 2652 5812 locus
2677 5760 2844 5828 (quod
2868 5759 3020 5814 valde
3042 5758 3232 5826 miror)
3261 5767 3441 5813 exstat

167 5821 415 5946 mihi)”
455 5821 552 5902 llic
574 5833 750 5901 tamen
784 5833 968 5876 contra
999 5824 1323 5877 Euuotnitun
1358 5823 1537 5892 potius
1561 5839 1658 5894 pro
1689 5823 1749 5879 S.
1861 5826 1913 5879 in
1942 5821 2211 5950 Blatione
2249 5824 2478 5882 Joannis
2517 5821 2802 5885 Oznicn'sis
2841 5841 3030 5886 contra
3068 5821 3441 5900 phantasticos

217 5909 297 5947 ’δι
326 5910 378 5946 to
409 5902 647 5961 scrupsnt.
1859 5913 1909 5965 p.
2019 5933 2034 5949 .

546 5983 821 6045 PA'I‘RUL.
867 5987 982 6045 Gn.
1029 5983 1162 6046 cu.
2165 5974 2168 5976 ’
2959 5994 3038 6053 23
