4004 6428
576 410 682 475 715
1734 418 1995 478 PHUTII
2037 420 2145 478 PA'.

2248 420 2541 481 [ARCILE
2578 420 2688 482 ΕΡ.
3738 418 3851 483 716

654 525 689 577 2
746 523 1003 576 Attamen
1039 522 1256 593 ineptos
1292 524 1557 595 quosdam
1588 526 1654 581 de
1688 526 1791 580 hac
1816 529 2188 582 controversia
2215 543 2497 583 sermones
2522 546 2551 583 a
2583 528 2739 583 vobis
2764 527 2999 599 scriptos
3033 529 3349 600 accepimus
3379 529 3495 599 (i3)
3530 546 3545 594 ;
3578 530 3671 600 qui
3694 543 3851 587 certe

586 612 792 667 nullius
832 614 1098 667 momenti
1119 614 1377 679 evadent,
1403 616 1653 685 nihilque
1682 632 1865 686 pravae
1896 617 2184 672 sententia:
2223 620 2478 689 posthinc
2508 619 2799 689 supererit,
2834 634 2958 673 cum
3013 628 3267 689 quartum
3299 620 3519 675 demum
3545 621 3850 677 concilium

586 704 730 758 haud
782 718 940 759 secus
965 720 1126 773 quam
1160 705 1445 775 superiora
1494 707 1680 763 debito
1731 709 2000 777 obsequio
2042 707 2473 779 prosequemini.
2512 706 2758 776 Namque
2784 716 2839 760 et
2889 706 3208 777 principalis
3238 706 3407 762 Roma
3448 725 3604 778 seque
3639 726 3703 764 ac
3742 726 3850 765 nos

588 804 782 863 quarto
806 794 1062 856 concilio,
1099 805 1159 849 ut
1189 796 1486 865 prioribus.
1517 799 1781 853 honorem
1821 799 2038 855 defert:
2063 799 2142 854 sic
2170 798 2300 851 item
2327 810 2521 893 magna
2552 794 2894 894 Alexandriae
2923 795 3104 861 sedes,
3158 810 3374 895 necnon
3400 795 3489 849 illa
3531 797 3851 895 Ilierosoly-

585 899 821 946 morum,
850 884 966 937 sine
986 884 1092 937 ulla
1114 885 1330 952 querela
1362 905 1374 940 :
1409 887 1645 956 denique
1675 898 1730 942 et
1749 898 2041 943 consecuta
2063 896 2248 956 postea
2278 882 2506 938 concilia
2530 884 2803 952 quintum,
2863 894 3075 937 sextum
3113 898 3177 937 ac
3209 884 3524 953 septimum.
3552 885 3688 952 Quis
3716 902 3851 956 ergo

586 970 710 1022 ﬁdei
759 978 872 1023 toto
925 980 1192 1025 terrarum
1216 973 1347 1026 orbe
1371 974 1586 1029 diﬁ‘usze
1611 976 1865 1030 resistere
1888 975 2129 1029 audeat?
2155 974 2231 1028 De
2263 986 2367 1042 qua
2396 970 2499 1024 ﬁde
2525 970 2790 1024 Dominus
2829 970 2964 1025 dixit
2987 985 3002 1024 :
3034 970 3214 1025 Porta:
3246 973 3405 1039 inferi
3451 990 3555 1027 non
3582 976 3848 1043 prwvale-

585 1056 709 1108 bunt
745 1055 992 1109 adversm
1018 1074 1158 1110 eam.
1184 1058 1386 1115 Cavete
1418 1062 1583 1132 igitur
1614 1064 1683 1117 ab
1716 1064 1929 1117 illorum
1972 1064 2277 1121 fraudibus,
2303 1059 2397 1128 qui
2427 1058 2648 1112 nomine
2667 1067 2827 1111 tenus
2857 1058 3196 1113 Antichristo
3217 1060 3498 1125 dilferunt,
3533 1063 3629 1131 qui
3662 1064 3850 1117 morti-

582 1142 760 1196 ferum
796 1144 1083 1199 animabus
1111 1161 1387 1202 venenum
1417 1151 1733 1221 propinant,
1760 1152 1889 1206 dum
1917 1167 2011 1207 eas
2035 1168 2065 1205 a
2108 1152 2283 1205 sancti
2318 1148 2556 1219 Spiritus
2598 1149 2843 1204 doctrina
2869 1150 3117 1220 datisque
3141 1151 3387 1220 ejusdem
3420 1152 3849 1209 demonstratio-

583 1229 744 1282 nibus
778 1240 1053 1286 avertunt.

657 1336 710 1389 3.
753 1336 965 1407 Quippe
996 1338 1076 1402 hi,
1117 1350 1343 1411 propter
1372 1358 1485 1398 suae
1512 1346 1713 1399 mentis
1742 1347 2191 1411 imbecillitatem,
2212 1345 2501 1400 Dominum
2543 1354 2791 1399 nostrum
2817 1344 3005 1400 Jesum
3026 1346 3325 1414 Christum,
3358 1346 3531 1404 Deum
3560 1360 3615 1406 et
3668 1351 3848 1406 homi-

582 1437 708 1475 nem
737 1438 857 1477 esse
886 1439 997 1477 non
1021 1436 1349 1496 agnoscunt,
1385 1428 1435 1482 id
1470 1439 1554 1483 est
1580 1431 1761 1485 divina
1789 1432 2134 1503 humanaque
2185 1441 2379 1487 natura
2412 1433 2698 1503 prteditum
2730 1451 2745 1501 ;
2780 1444 2941 1504 atque
2980 1436 3083 1489 hac
3103 1438 3323 1490 vesania
3362 1439 3599 1508 correpti
3632 1448 3844 1493 utram-

583 1525 689 1578 que
738 1519 990 1564 naturam
1021 1523 1240 1582 negant.
1274 1514 1483 1584 Beapse
1506 1518 1549 1571 si
1591 1517 1679 1572 illa
1706 1518 1864 1574 unica
1887 1536 2047 1589 quam
2078 1524 2408 1578 conﬁtentur
2430 1535 2623 1579 natura
2664 1525 2891 1595 simplex
2909 1535 3012 1589 est,
3052 1526 3169 1581 sine
3200 1527 3367 1582 dubio
3398 1530 3626 1583 alteram
3661 1531 3843 1584 exclu-

584 1602 723 1651 dunt
756 1598 878 1652 :sin
913 1614 977 1652 ex
1004 1600 1218 1654 duabus
1249 1602 1593 1672 simplicibus
1612 1614 1696 1660 est
1726 1610 2047 1677 composita,
2099 1612 2287 1680 procul
2325 1613 2492 1667 dubio
2520 1614 2712 1667 harum
2754 1624 2950 1668 neutra
2986 1617 3261 1685 propriam
3312 1618 3675 1672 substantiam
3710 1621 3841 1673 reti-

587 1696 701 1751 net,
737 1703 858 1753 quae
908 1688 963 1741 in
990 1697 1223 1757 utraque
1254 1692 1436 1760 potius
1460 1702 1742 1763 perempta
1776 1706 1881 1750 est.
1921 1696 2032 1767 Age
2053 1714 2203 1764 vero,
2239 1716 2486 1770 quamam
2522 1701 2748 1755 istorum
2803 1703 3077 1757 sententia
3107 1704 3238 1758 est?
3285 1704 3424 1759 Num
3480 1709 3839 1777 compositam

587 1771 732 1825 illaut
792 1781 1064 1838 naturam,
1103 1790 1133 1828 a
1162 1775 1339 1831 Patris
1366 1787 1421 1832 et
1451 1780 1691 1848 Spiritus
1733 1784 1904 1837 sancti
1943 1796 2137 1840 natura
2181 1788 2494 1842 distinctam
2524 1788 2776 1853 credunt,
2807 1806 2875 1843 an
2924 1792 3133 1845 secus?
3163 1793 3217 1846 Si
3268 1793 3581 1849 distinctam
3618 1805 3837 1866 negant,

582 1860 925 1928 blasphemia
959 1877 1054 1916 sua
1085 1864 1413 1931 obruuntur,
1446 1868 1572 1936 quia
1604 1867 1780 1924 Patris
1805 1880 1999 1927 natura
2023 1876 2320 1944 composita
2350 1877 2627 1932 evaderet.
2662 1877 2757 1931 Sin
2790 1888 2979 1933 contra
3011 1880 3322 1935 distinctam
3347 1883 3520 1948 aiunt,
3543 1900 3612 1939 en
3672 1886 3838 1941 Filius

586 1955 813 2014 paterna
844 1956 1043 2002 natura
1075 1960 1225 2004 caret
1256 1968 1269 2004 :
1305 1953 1448 2021 quod
1479 1955 1571 2023 qui
1594 1955 1884 2023 afﬁrmant,
1908 1960 2018 2029 jam
2043 1971 2269 2032 apparet
2293 1979 2528 2033 quonam
2558 1981 2616 2019 se
2644 1967 2950 2036 praecipites
2980 1969 3416 2037 proruant.Quis
3453 1987 3581 2026 vero
3608 1988 3677 2027 ex
3704 1974 3838 2027 divi-

573 2034 676 2087 ‘nis
709 2034 861 2089 libris
884 2036 1384 2095 demonstrationes
1416 2041 1578 2110 hujus
1614 2043 1881 2114 dogmatis
1906 2061 2098 2103 omnes
2126 2064 2448 2107 coacervare
2478 2034 2665 2123 queat,
2697 2071 2838 2125 quas
2857 2034 2997 2125 jam_
3019 2067 3241 2111 sanctus
3276 2058 3515 2128 Spiritus
3548 2077 3647 2131 per
3672 2079 3837 2132 quar-

593 2130 708 2175 tum
743 2123 1037 2178 concilium
1069 2141 1166 2179 ceu
1199 2126 1399 2182 invicta
1419 2141 1756 2200 argumenta,
1789 2134 1859 2189 ob
1883 2134 2200 2191 ﬁrmandam
2232 2138 2414 2204 ﬁdem,
2458 2123 2802 2197 adversarios
2834 2123 3218 2213 proﬂigandos,
3255 2153 3415 2214 atque
3448 2146 3646 2201 horum
3677 2149 3837 2203 dissi-

579 2208 764 2276 panda
794 2209 1045 2270 consilia,
1078 2214 1380 2281 exposuit?
1405 2214 1606 2270 Praeter
1650 2234 1815 2287 quam
1848 2222 1991 2291 quod
2025 2224 2068 2278 si
2102 2225 2166 2278 ad
2194 2226 2469 2296 vulgarem
2499 2228 2776 2283 hominem
2800 2208 2941 2285 hanc
2961 2208 3253 2299 epistolam
3284 2208 3602 2300 scriberem,
3650 2238 3832 2292 multis

586 2295 873 2349 veritatem
927 2298 1112 2352 verbis
1155 2315 1295 2369 opus
1327 2312 1473 2357 esset
1517 2305 1787 2374 explicare
1813 2326 1826 2361 :
1854 2318 2051 2365 vestra?
2085 2321 2264 2367 tamen
2297 2295 2651 2384 amplitudini
2702 2332 2765 2371 ac
2795 2318 3101 2388 sapientiae,
3154 2329 3443 2390 vestroque
3477 2324 3731 2378 veritatis
3786 2337 3836 2381 et

583 2384 890 2438 concordiae
912 2386 1117 2451 studio,
1154 2404 1275 2456 qua:
1308 2389 1573 2446 hactenus
1600 2393 1710 2448 dixi
1738 2395 2014 2453 sufﬁciunt
2047 2417 2061 2454 :
2090 2404 2398 2470 praesertim
2428 2404 2555 2473 quia
2585 2404 2651 2458 ad
2678 2384 2995 2476 supremum
3022 2424 3238 2478 quoque
3258 2384 3557 2465 antistitem
3591 2423 3834 2469 vestrum

583 2470 676 2524 diu
710 2486 811 2524 nec
842 2472 1011 2526 semel
1032 2473 1133 2528 hac
1162 2475 1229 2529 de
1260 2492 1318 2530 re
1351 2478 1543 2549 scripsi
1582 2480 1716 2550 (44).

652 2582 704 2634 4.
745 2580 996 2636 Vestram
1038 2584 1205 2655 igitur
1233 2590 1649 2659 amplitudinem
1700 2594 2071 2663 obsecramus,
2109 2611 2169 2654 ut
2206 2604 2411 2660 sanctis
2442 2584 2687 2661 conciliis
2711 2607 2963 2673 ducibus,
3005 2624 3141 2679 pura
3167 2609 3220 2663 in
3260 2610 3366 2665 ﬁde
3395 2612 3586 2681 pedem
3640 2613 3832 2683 ligatis,

582 2685 767 2739 neque
797 2687 826 2725 a
857 2675 1234 2729 communiore
1260 2677 1344 2730 via
1376 2678 1661 2746 deerretis,
1693 2685 1787 2738 sed
1814 2685 1869 2738 in
1902 2702 1962 2740 ea
1995 2698 2145 2744 recto
2180 2692 2395 2747 tramite
2421 2694 2733 2749 ambuletis.
2765 2695 2901 2750 Nam
2937 2698 3027 2767 qui
3058 2714 3223 2752 unam
3251 2700 3490 2769 proﬁteri
3524 2702 3577 2755 in
3613 2703 3834 2760 Christo

567 2757 711 2812 Jesu
745 2768 993 2813 naturam
1029 2761 1219 2826 audet,
1257 2763 1305 2818 is
1339 2766 1597 2837 Eutychis
1624 2769 1675 2823 in
1716 2786 1774 2825 se
1817 2773 2220 2832 damnationem
2254 2789 2536 2849 provocat,
2562 2792 2618 2836 et
2643 2784 2901 2852 opinione
2927 2757 3329 2841 Sassanimrum
3360 2789 3472 2859 (45)
3521 2800 3830 2861 corruptus,

573 2846 677 2898 uni
705 2848 866 2916 capiti
898 2848 1122 2903 subesse
1152 2865 1410 2912 renuens.
1449 2853 1506 2907 ﬁt
1546 2856 1951 2928 polycephalus.
1983 2873 2039 2918 et
2066 2846 2300 2924 Manetis
2328 2870 2491 2925 simul
2541 2846 2861 2943 discipulus.
2894 2874 3164 2931 Prazterea
3206 2878 3299 2947 qui
3340 2846 3476 2933 duas
3506 2880 3559 2933 in
3613 2846 3833 2936 Christo

583 2934 867 2989 distinctas
904 2945 1127 2991 naturas
1178 2953 1289 2993 non
1321 2941 1541 3006 fatetur,
1598 2945 1694 2998 sed
1739 2946 1874 3001 duas
1907 2952 2089 3019 potius
2136 2971 2401 3025 personas
2430 2961 2645 3026 astruit,
2681 2962 2725 3016 is
2753 2961 2807 3015 in
2852 2961 3087 3017 Nestorii
3132 2980 3348 3034 pinnam
3387 2967 3597 3021 incidit.
3661 2970 3830 3033 Quam

571 3021 770 3075 'obrem
807 3022 901 3075 Dei
939 3021 1205 3087 Ecclesia,
1241 3035 1469 3097 utroque
1490 3045 1674 3086 errore
1702 3034 1953 3102 refutato,
1983 3021 2230 3097 haeresim
2262 3060 2292 3098 a
2316 3045 2429 3100 suis
2450 3048 2616 3116 septis
2640 3049 2855 3118 repulit,
2886 3059 3048 3119 atque
3078 3067 3240 3105 unam
3270 3050 3482 3107 Domini
3502 3054 3675 3107 nostri
3702 3053 3831 3109 Jesu

582 3108 786 3163 Christi
814 3125 1104 3178 personam
1131 3113 1382 3168 confessa
1412 3126 1514 3184 est,
1551 3117 1797 3190 duasque
1824 3132 2048 3181 naturas
2068 3128 2351 3186 distinctas
2370 3143 2425 3187 et
2447 3108 2760 3192 inconfusus
2793 3108 2905 3209 (46)
2928 3108 2972 3205 ;’
2994 3150 3159 3210 atque
3187 3139 3294 3197 illis
3321 3142 3608 3197 adversata
3629 3151 3716 3197 est
3744 3144 3831 3214 qui

574 3199 770 3254 deitati
792 3202 1077 3270 passiones
1104 3205 1429 3261 attribuunt.

653 3311 705 3365 5.
755 3311 830 3364 Da
881 3327 1008 3383 ergo
1042 3329 1284 3416 operam,
1314 3333 1507 3389 magne
1532 3318 1811 3393 Princeps,
1847 3335 1905 3380 ut
1952 3326 2080 3383 Jesu
2113 3329 2315 3387 Christi
2341 3336 2601 3405 populum
2636 3338 2856 3407 doceas,
2886 3349 3051 3410 atque
3070 3340 3137 3396 ad
3166 3356 3313 3396 verse
3348 3341 3474 3397 ﬁdei
3530 3344 3831 3416 professio-

574 3414 707 3453 ‘nem
759 3400 994 3455 adducas
1031 3400 1140 3473 (47)
1176 3422 1189 3456 :
1220 3420 1397 3475 neque
1428 3409 1573 3463 enim
1599 3411 1892 3483 quidquam
1923 3416 2035 3471 Deo
2054 3418 2273 3475 charius
2294 3400 2581 3492 est,quam
2613 3435 2675 3481 ut
2718 3400 2894 3497 ipsum
2925 3400 3049 3483 vera
3075 3444 3197 3482 cum
3236 3430 3431 3484 notitia
3453 3400 3833 3501 agnoscamus,

588 3487 926 3558 professione
963 3492 1265 3547 orthodoxa
1297 3495 1685 3565 gloriﬁcemus,
1714 3505 2166 3575 magnanimoque
2198 3518 2254 3562 et
2281 3487 2565 3566 constante
2593 3487 2779 3569 amore
2821 3515 2875 3569 in
2917 3516 3002 3570 his
3041 3531 3481 3585 perseveremus.
3512 3518 3602 3574 Sic
3634 3521 3834 3591 quippe

581 3576 788 3645 majore
819 3591 1036 3646 semper
1064 3594 1358 3648 progressu
1388 3594 1601 3648 auctus,
1629 3596 1685 3641 et
1712 3588 1910 3646 divinae
1934 3594 2121 3661 gratim
2153 3596 2319 3650 tutela
2360 3597 2625 3655 adversus
2670 3602 2856 3657 hostes
2882 3604 3147 3668 munitus,
3174 3614 3229 3659 et
3257 3620 3286 3658 a
3311 3607 3571 3675 periculis
3594 3609 3838 3664 insidiis.

579 3679 687 3731 que
722 3671 890 3728 tutus,
920 3664 1151 3719 aliorum
1176 3666 1355 3722 instar
1381 3681 1690 3728 sanctorum
1723 3692 1932 3748 regum,
1969 3692 2252 3751 utramque
2291 3683 2604 3741 felicitatem
2637 3691 3009 3759 consequeris,
3043 3702 3371 3761 praesentem
3424 3696 3631 3751 scilicet
3660 3709 3715 3751 et
3747 3699 3836 3752 fu-

579 3761 777 3815 turam,
814 3751 1059 3820 Deiparaz
1088 3753 1291 3823 reginae
1325 3756 1535 3828 inclytae
1572 3773 1998 3836 sanctorumque
2026 3772 2270 3827 omnium
2316 3774 2735 3833 intercessione.
2760 3780 3116 3838 Excellentia:
3147 3795 3202 3840 et
3254 3789 3680 3858 magnanimitati
3720 3800 3831 3846 tua:

575 3839 836 3909 Spiritalis
867 3841 1207 3895 monumenti
1244 3845 1437 3913 gratia,
1473 3849 1801 3905 venerabilis
1830 3867 1893 3907 ac
1918 3854 2169 3913 salutaris
2199 3862 2378 3917 crucis
2420 3864 2739 3934 particulam
2758 3870 3025 3927 mittimus
3054 3874 3189 3945 (48).

644 4015 757 4085 (45)
798 4017 1062 4089 ᾼωώξιῐιι
1091 4020 1379 4087 quamdam
1431 4022 1811 4080 Armeniorum
1842 4028 1907 4083 ad
1936 4030 2152 4089 Graecos

574 4087 990 4173 responsionem
1022 4090 1122 4173 sub
1149 4090 1338 4145 Asutio
1368 4095 1614 4173 principe
1642 4096 1769 4173 (hac
1822 4108 2002 4173 tamen
2032 4087 2151 4173 cpi;

575 4158 1127 4240 stolalpost‘eriorem)
1160 4158 1428 4240 memorat
1462 4158 1847 4240 Ser—posiuspt.
1884 4169 1950 4234 ll,
1981 4187 2034 4240 p.
2057 4158 2147 4229 44.

650 4226 794 4300 (44)
833 4227 970 4283 1Ιίηο
1005 4226 1385 4300 cognoscimus
1416 4250 1523 4286 non
1566 4226 2038 4295 'semel'l’hotiu'm
2074 4226 2149 4299 ad

574 4296 979 4377 armeniorumn
1006 4296 1368 4377 patriarcliam
1415 4303 1733 4377 scripsisse,
1780 4311 1924 4377 quod
1960 4296 2147 4369 revera

573 4365 896 4452 dici-tvetiain
949 4365 1235 4452 Serpqsius
1261 4365 1569 4452 Otio'tnpend.
1611 4365 1741 4452 hist;
1770 4365 1814 4433 ιζ
1862 4380 1927 4452 ll,
1967 4365 2021 4452 p7.

642 4438 755 4521 με)
820 4438 1005 4521 lnuuit
1056 4442 1294 4521 Anbdiscii
1350 4438 1474 4521 Syri
1523 4438 2007 4521 monophysiticam
2064 4438 2150 4509 se;

573 4515 738 4581 ctam,
776 4524 938 4581 quem
974 4511 1040 4565 de
1086 4512 1319 4566 Sassane
1370 4511 1422 4567 in
1450 4511 1782 4572 Armenia-nr
1810 4523 2028 4577 venisse
2071 4525 2151 4581 ait

573 4576 803 4650 Photius
823 4578 887 4650 _in
924 4582 1269 4649 praecedente
1300 4584 1527 4650 epistola
1557 4602 1614 4639 η.
1634 4587 1689 4641 2.

644 4648 780 4726 (46)-
822 4648 1211 4726 Permancntes
1240 4648 1467 4726 scilicet,
1497 4665 1660 4726 atque
1686 4658 1759 4713 ita
1788 4661 2148 4718 nominandas

572 4719 736 4772 etiam
771 4722 822 4773 in
857 4720 1195 4802 hypostatica
1222 4724 1448 4802 uniOne,
1483 4719 1670 4802 N_eque
1708 4731 1853 4784 enim
1905 4733 2036 4786 unio
2066 4735 2149 4802 ju-

573 4799 709 4871 stam
726 4805 961 4871 causam
987 4792 1195 4859 praebet
1224 4792 1595 4871 l_i_eterodoxis,'
1610 4805 1669 4851 ut
1695 4815 1856 4871 unam
1882 4818 1981 4871 pro
2010 4792 2146 4857 dua-

572 4860 675 4913 bus
702 4860 889 4936 _dica_nt
920 4872 1191 4936 naturam.
1226 4860 1324 4917 Hic
1352 4880 1534 4934 porro,
1564 4878 1623 4922 ut
1641 4860 1899 4936 arbitror,
1922 4883 2145 4927 contro-

569 4928 765 5001 versiae
795 4929 1013 5001 demum
1039 4932 1203 4986 cardo
1234 4928 1465 4989 vertitur
1490 4928 1651 5001 {huc
1674 4940 1853 4993 omnis
1884 4928 2143 4997 adversa-

572 5000 780 5081 riorum
814 5000 1082 5081 subtilitas
1118 5011 1172 5056 et
1215 5005 1588 5081 tergiversatio
1621 5009 1816 5081 quaerit
1848 5011 2143 5081 effugium;

571 5078 633 5123 ut
656 5069 743 5122 ubi
780 5085 879 5123 nos
904 5071 1133 5126 dicimus
1160 5069 1328 5127 unum
1361 5069 1660 5142 Christum,
1693 5080 1797 5149 ipsi
1818 5069 1988 5134 uitaui
2002 5069 2155 5141 δῶκέ,

572 5147 723 5192 ment
744 5150 1012 5194 naturam.

646 5208 756 5280 (47)
823 5209 1290 5275 Quemadmodum
1321 5214 1409 5269 hic
1428 5214 1653 5271 Photius
1682 5218 1747 5272 ad
1770 5220 2141 5277 orthodoxiam

573 5281 823 5357 hortatur
850 5282 1099 5357 Asutium
1132 5283 1451 5357 principem,
1473 5288 1545 5341 ita
1564 5297 1682 5356 post
1708 5290 2138 5357 quadringentos

570 5351 741 5404 ferme
764 5366 939 5406 annos
958 5351 1347 5408 adhortabatur
1368 5351 1617 5411 similitér
1639 5351 1920 5414 llaitonem
1943 5351 2137 5417 Erme-

568 5421 786 5497 niorum
826 5436 1006 5497 regem
1061 5422 1274 5477 Manuel
1317 5426 1383 5491 ll,
1439 5428 1749 5497 patriarcha
1777 5428 2000 5485 Gracus
2026 5473 2042 5497 ,
2088 5434 2145 5488 in

570 5490 796 5569 epistola
831 5490 910 5569 de
935 5508 1039 5569 qua
1074 5508 1175 5569 n_os
1209 5490 1394 5569 supra,
1418 5490 1464 5569 ji
1491 5567 1503 5569 _
1531 5497 1664 5569 Δ447,
1695 5500 1858 5569 verba
1896 5490 2143 5569 fecimus,

569 5563 725 5641 cujus
752 5564 1072 5641 particulam
1106 5561 1296 5641 Latine
1323 5561 1688 5641 recitabimus.
1714 5568 1825 5640 Ego
1846 5572 2007 5641 igitur
2032 5561 2145 5627 Ma:-

571 5630 692 5684 nuel
725 5634 1068 5684 wcuntenicus
1098 5635 1425 5706 patriarcha,
1458 5646 1506 5688 et
1534 5639 1626 5706 qui
1656 5630 1995 5694 meciunsunt
2026 5661 2142 5696 ma-

568 5712 1010 5775 gnwsancta'que
1040 5703 1223 5775 synodi
1242 5703 1588 5759 sacratissimi
1610 5712 1890 5775 antistites,
1939 5712 2144 5766 dilecti-

566 5787 666 5843 que
688 5773 894 5843 christ};
919 5773 1230 5835 sacerdotes,
1257 5774 1449 5843 fratres
1473 5779 1572 5829 mei
1590 5779 1642 5831 in
1671 5773 1891 5833 Domino
1911 5792 1960 5834 et
1982 5785 2142 5837 simul

570 5840 821 5904 ministri,
841 5839 1007 5894 Deum
1037 5839 1542 5913 orantes'optamns,
1567 5858 1614 5901 te
1649 5852 1699 5901 in
1730 5853 1911 5917 primis
1940 5852 2139 5907 illumi-

2253 4042 2393 4122 nari,
2421 4043 2734 4124 nobilissime
2756 4056 2805 4101 et
2830 4050 3131 4124 felicissime
3161 4071 3250 4107 rex
3268 4057 3705 4124 splendidissima?
3728 4061 3833 4113 Ar-

2253 4112 2550 4196 meniorum
2566 4118 2774 4186 gentis;
2805 4112 2992 4175 deinde
3028 4134 3076 4196 et
3105 4112 3306 4196 omnes.
3325 4128 3419 4180 tibi
3445 4112 3739 4196 subjectos;
3760 4132 3833 4184 Tu

2253 4195 2305 4233 es
2329 4183 2467 4235 enim
2490 4183 2701 4270 illorum
2727 4199 2886 4270 caput
2906 4207 2927 4255 ;
2953 4193 3114 4261 capiti
3144 4183 3599 4270 autem_membi'a
3629 4183 3831 4270 reliqua

2253 4260 2301 4331 et
2344 4267 2541 4337 corpus.
2574 4258 3156 4337 obsecundare-necesse
3184 4275 3280 4319 est.
3319 4265 3450 4320 Jam
3488 4270 3608 4322 siin
3656 4258 3833 4337 capite

2250 4320 2327 4408 uis
2374 4320 2697 4405 intelligendi
2752 4331 3058 4408 videndique
3112 4336 3319 4399 residet,
3368 4320 3836 4408 prorsus

2250 4390 2345 4479 hoc
2366 4390 2597 4477 primum
2628 4409 2825 4479 rectam
2845 4390 3469 4479 reliqionent_agnoscere,
3492 4390 3837 4479 veritaiisque

2252 4459 2444 4562 lui-neti!
2459 4467 2705 4534 recipere.
2742 4459 3099 4555 Veritasvenim
3129 4459 3367 4562 Christus
3401 4459 3499 4543 esi,
3521 4480 3665 4562 isque
3688 4459 3837 4562 egros

2249 4532 2333 4583 sui
2375 4532 2703 4609 adoratores,
2739 4541 2828 4609 qui
2850 4542 3016 4609 ipsum
3056 4546 3111 4597 in
3160 4547 3363 4600 duabus
3406 4532 3615 4603 naiuris
3661 4553 3840 4605 subsi-

2248 4610 2485 4689 s‘tentem,
2510 4607 2822 4688 totidemque
2839 4607 3159 4689 operationib
3168 4616 3303 4682 usfac
3318 4618 3676 4689 voluntatibus
3703 4640 3841 4689 pra:-

2249 4671 2437 4753 ditum,
2465 4675 2692 4759 inluniae
2714 4671 2954 4759 persona,
2983 4674 3295 4759 prwdicant,
3317 4699 3502 4741 sancto
3535 4671 3747 4759 Spiritru
3777 4711 3839 4745 ac

2248 4744 2992 4827 maritate.illuminat,_suique
3014 4756 3229 4809 ccelestis
3253 4744 3398 4825 regni
3420 4760 3548 4827 facit
3577 4744 3836 4815 hwredes.

2248 4807 2475 4902 Quodsi
2508 4807 2835 4902 illa,qua:'.in
2864 4807 3152 4902 cupiteétuor
3696 4807 3839 4902 Bile

2250 4881 2419 4969 ciendi
2447 4881 2694 4969 facultas,
2728 4889 2899 4969 altera
2928 4881 3138 4969 quidem
3152 4881 3428 4950 verilatem
3456 4881 3844 4969 dispieiatv,—'a_l-

2250 4958 2362 5003 tera
2388 4965 2565 5008 autem
2601 4958 2827 5011 duarum
2863 4962 2919 5014 in
2942 4958 3150 5018 Christo
3175 4978 3495 5021 naturarum
3525 4958 3691 5024 ueluti
3718 4958 3841 5024 sen-

2246 5035 2363 5107 sunt
2392 5026 2680 5107 percipiat;
2708 5032 3318 5107 creteri_consequenter,
3351 5039 3442 5107 qui
3471 5041 3568 5093 tibi
3618 5044 3843 5094 auscul-

2249 5099 2391 5180 tant}.
2416 5102 2727 5180 tuorumque
2755 5099 3312 5180 beneﬁciorumgustu
3338 5099 3618 5180 fruuntur,
3641 5112 3842 5180 hujus-

2250 5161 2391 5252 mpdi
2427 5161 2659 5221 sensibus
2682 5170 2847 5230 ducti,
2878 5161 3073 5252 rectum
3106 5161 3299 5252 dbgma
3336 5161 3842 5252 admittenisaique

2252 5232 2322 5313 (id
2366 5244 2600 5289 nostram
2650 5243 3066 5313 communionem
3098 5232 3364 5313 accedent,
3413 5257 3521 5304 etc.
3568 5232 3841 5305 nimim

2250 5298 2616 5392 Deusnostler,
2652 5311 2743 5378 qui
2782 5312 2926 5392 adest
2971 5318 3169 5392 cunctis
3212 5298 3585 5392 invocantibus
3614 5338 3691 5384 se,
3746 5325 3841 5392 qui

2246 5374 2615 5456 misericordia:
2634 5374 3018 5456 summiracula
3041 5389 3281 5453 ostendit,
3313 5398 3361 5440 et
3390 5374 3629 5456 dispersa
3648 5374 3844 5445 omnia

2244 5441 2314 5491 ad
2353 5445 2609 5500 unitatem
2658 5449 2906 5518 deducit;
2948 5455 3221 5510 isutinam
3265 5441 3415 5510 Euam
3442 5441 3845 5515 ditissimi};

2241 5521 2602 5593 potentemque
2658 5521 2858 5589 regiam
2903 5539 3181 5593 personam
3229 5544 3345 5585 cum
3380 5530 3596 5582 ecclesia
3645 5542 3844 5585 nostra

2243 5583 2525 5666 tionjungat
2547 5587 2566 5640 .'
2596 5583 2992 5666 eosq'uebont'nes
3020 5598 3109 5664 qui
3156 5584 3363 5666 inﬁdei
3392 5601 3654 5652 unitatem
3709 5618 3845 5655 con-

2240 5648 2511 5729 ﬂuagerint,
2552 5659 2644 5729 abs
2673 5648 2904 5729 qualibet
2934 5648 3688 5725 adv'ersitatertueaturietc.

2238 5792 2272 5846 Γ
2312 5724 2424 5804 (48)
2489 5724 3003 5789 Animadvertamus
3024 5750 3229 5791 morem
3257 5737 3495 5794 donandi
3521 5724 3723 5795 sacras
3754 5759 3851 5797 re-

2261 5809 2452 5846 mutas.

2261 5809 2452 5864 tqutas.
