4004 6422
152 409 259 471 717
1321 411 1748 473 EPISTOLAR'

1850 460 1857 469 .
1897 408 2125 470 LIBER
2163 411 2213 471 Ι.
3314 407 3421 471 718

223 516 510 588 Reliquum
552 530 649 580 est,
680 528 738 573 ut
764 536 862 589 pro
890 520 985 573 hoc
1016 520 1216 589 duplici
1261 518 1436 573 Photii
1468 522 1665 589 scripto
1695 520 1884 591 gratia:
1918 530 2153 591 agantur
2182 518 2294 573 RR.
2326 517 2580 572 Patribus
2620 518 2929 573 monasterii
2958 518 3134 572 Veneti
3164 519 3421 574 Moabita-

152 606 328 673 ristis,
382 609 474 678 qui
496 608 773 677 splendida
805 626 1013 663 morum
1041 610 1334 674 honestate,
1366 610 1619 663 bonorum
1661 610 1948 679 ofﬁciorum
2000 613 2358 675 multitudine,
2390 611 2627 680 plurima
2658 611 2959 665 litterarum
2989 611 3233 672 scientia,
3269 611 3424 664 editis

150 704 226 748 tot
257 695 432 749 civilis
462 712 735 767 sacrwque
765 698 1019 751 doctrina:
1051 697 1222 760 libris,
1252 696 1561 767 quotidiana
1603 697 1824 769 denique
1861 700 2185 769 amplianda:
2223 698 2561 754 orthodoxiaz
2598 699 2800 766 studio,
2837 698 3031 766 optime
3054 698 3119 752 de
3137 707 3288 769 gente
3323 714 3424 751 sua

149 792 195 835 et
226 790 292 837 de
316 783 581 839 catholica
616 783 849 839 Ecclesia
879 786 1054 839 meriti
1082 795 1223 838 sunt.

756 919 983 973 ΕΠΙΣΤ.
1018 920 1119 973 ΙΑ’.

436 1023 682 1093 Μιχαὴλ
724 1022 806 1090 τῷ
828 1025 1135 1093 θεοσέπτῳ
1173 1024 1448 1091 βασιλεῖ.

2455 919 2677 977 EPIST.
2715 920 2805 977 XI.

2126 1026 2367 1080 Micltaeli
2395 1026 2707 1095 imperatori
2732 1043 2764 1079 a
2791 1024 2900 1079 Deo
2916 1033 3185 1080 coronato.

1294 1137 1440 1188 Edita
1461 1153 1490 1188 a
1523 1137 1824 1189 lontacutio
1849 1138 1954 1204 (ep.
1982 1139 2062 1199 18,
2104 1153 2153 1202 ρ.
2180 1138 2319 1203 78)..

223 1246 337 1316 Τῆς
360 1243 633 1315 ὑμετέρας
668 1243 997 1314 θεοστεφοῦς
1024 1243 1325 1313 βασιλείας,
1378 1245 1569 1309 καλῶς
1602 1245 1739 1316 ἀλη-

1913 1245 2079 1300 Lecta
2106 1260 2271 1315 quam
2290 1244 2604 1313 accepimus
2636 1245 2705 1300 ab
2740 1242 3093 1314 imperatoria
3117 1257 3246 1298 vere
3271 1252 3420 1312 pote-

152 1339 261 1403 θῶς
291 1338 719 1408 αὐτοκράτορος,
741 1337 1129 1408 ἀναλεγόμενοι
1149 1338 1249 1409 τὴν
1297 1338 1605 1409 ἐπιστολὴν,
1636 1358 1739 1409 χα-

155 1435 254 1504 ρᾶς
276 1432 397 1501 ἅμα
426 1432 521 1484 καὶ
554 1430 801 1500 θάμϐους
827 1428 1225 1501 ἐπληρώθημεν
1245 1446 1260 1461 °
1292 1431 1465 1500 χαρᾶς
1497 1431 1615 1501 μὲν,
1655 1432 1738 1484 ὃτι

152 1526 251 1593 τὴν
280 1522 557 1593 ὑμετέραν
617 1521 685 1574 δι’
714 1521 882 1591 αὐτῆς
913 1520 1380 1591 εὐηγγελιζόμεθα
1438 1521 1738 1591 βασιλείαν,

155 1614 338 1683 πάσης
370 1612 473 1679 μὲν
494 1610 790 1681 ἐπιϐουλῆς
810 1610 914 1662 ὐπὸ
930 1608 1066 1662 Θεοῦ
1099 1609 1511 1679 φυλαττομένην
1538 1608 1739 1662 ἀνωτέ-

156 1724 279 1778 ραν,
320 1706 505 1773 πάσης
560 1702 617 1756 δὲ
654 1702 886 1773 κρείττω
936 1701 1379 1765 ἐπαναστάσεως,
1429 1700 1641 1772 έχθρῶν
1675 1718 1738 1755 τε

153 1800 377 1853 πάντων
410 1795 661 1866 ὐψηλωτέ
672 1812 769 1866 ραν
804 1794 1210 1865 βουλευμάτων,
1228 1795 1321 1847 καὶ
1343 1794 1544 1857 παντὸς
1565 1793 1741 1863 ἀπηλ-

151 1889 433 1959 λαγμένην
461 1886 651 1957 ἐτέρου
688 1884 1094 1955 συμπτώματός
1142 1902 1203 1937 τε
1246 1884 1339 1938 καὶ
1363 1885 1740 1957 ἀρρωστήμα-

152 1999 269 2045 τος.
295 1980 483 2034 Ταῦτα
516 1980 691 2050 χαρᾶς
718 1980 869 2049 ἡμᾶς
906 1977 1275 2050 ἁνεκλαλήτου
1333 1980 1426 2031 καὶ
1478 1978 1741 2047 ἀγαλλιά-

155 2092 295 2138 σεως
327 2072 639 2144 ἐπλήρωσε·
675 2070 873 2142 θάμϐει
901 2070 960 2123 δὲ
1004 2069 1437 2140 κατεσχέθημεν,
1482 2071 1578 2124 καὶ
1603 2071 1743 2143 πρὸς

154 2169 371 2239 δάκρυα
403 2165 836 2235 κατενέχθημεν,
870 2163 969 2232 τὴν
1018 2162 1367 2234 ἀνθρωπίνην
1404 2162 1743 2233 ἀπολοφυρῶ

160 2277 314 2330 μενοι
360 2257 701 2328 ματαιότητα
722 2272 737 2287 '
790 2256 885 2309 καὶ
912 2255 1061 2317 ὅπως
1094 2253 1237 2319 τινὲς
1280 2254 1390 2307 τῶν
1414 2252 1740 2325 ἀνθρώπων,

158 2353 375 2406 πολλῶν
432 2351 531 2421 μὲν
585 2350 843 2421 χαρίτων,
892 2346 1096 2417 πολλῆς
1126 2347 1182 2399 δὲ
1215 2346 1373 2417 δόξης
1408 2346 1741 2417 ἀξιούμενοι,

158 2445 343 2516 κύριοι
373 2444 431 2497 δὲ
486 2440 684 2496 πολλοῦ
718 2440 995 2511 γινόμενοι
1041 2438 1307 2492 πλούτου·
1360 2439 1454 2492 καὶ
1494 2438 1612 2491 δέον
1646 2438 1745 2507 μὲν

158 2540 410 2602 τούτους,
432 2534 514 2599 οἷς
541 2536 926 2597 ἀπολαύουσιν,
953 2537 1198 2606 ἀγαπᾷν,
1226 2535 1320 2589 καὶ
1344 2535 1413 2587 τά
1441 2536 1617 2587 οἰκεῖα
1650 2533 1745 2604 μέ·-

158 2649 268 2703 τρα
304 2628 750 2691 συνεπίστασθαι,
784 2626 879 2681 καὶ
908 2627 999 2680 τὸν
1027 2626 1325 2697 εὐεργέτην
1372 2626 1526 2695 ἀγειν
1556 2626 1624 2678 δι’
1658 2626 1746 2678 εὐ-
1772 2611 1820 2670 Β

162 2724 378 2794 φημίας
408 2723 626 2791 ἀπάσης
660 2721 754 2774 καὶ
783 2720 1213 2790 σεϐασμιότητος
1231 2734 1246 2749 ·
1272 2720 1320 2773 οί
1346 2718 1405 2771 δὲ
1430 2718 1528 2790 τὴν
1549 2718 1743 2772 ἐπιθυ-

166 2818 297 2887 μίαν
340 2816 638 2886 ἀκόρεστον
674 2813 1093 2883 ἐνδεικνύμενοι,
1126 2814 1222 2866 καὶ
1264 2812 1402 2882 πρὸς
1428 2812 1606 2866 πάντα
1633 2812 1748 2864 δια-

163 2909 448 2978 πλωθῆναι
487 2907 983 2976 φιλονεικήσαντες,
1043 2906 1145 2974 τῆς
1200 2923 1261 2958 τε
1320 2906 1459 2969 ιδίας
1502 2904 1749 2975 κεφαλῆς

162 3004 259 3056 καὶ
294 3000 630 3071 εὐεργέτιδος
655 2998 896 3068 τολμῶσι
936 2997 1469 3069 καταφρυάττεσθαι,
1514 3000 1609 3051 καὶ
1657 2997 1750 3051 τὸν

162 3095 260 3149 τοῦ
297 3094 618 3164 Σαλμονὲως
647 3092 814 3163 μύθον
840 3094 921 3153 εἰς
950 3091 1110 3163 ἔργον
1140 3092 1493 3161 προάγουσιν.
1543 3090 1634 3156 Ἐξ
1657 3084 1749 3143 ῶν

164 3189 224 3241 οὐ
260 3190 423 3257 μόνον
450 3185 557 3238 τῶν
586 3184 836 3249 ἐλπίδων,
862 3185 928 3248 ἃς
967 3184 1391 3254 όνειροπολοῦσι,
1418 3184 1511 3236 καὶ
1548 3184 1634 3251 ἐφ’
1662 3176 1750 3245 αἷς

164 3279 427 3348 ὠχοῦντο,
455 3276 837 3330 διαπίπτουσιν
856 3294 870 3308 ·
902 3276 1037 3329 ἀλλά
1062 3278 1156 3328 καὶ
1194 3275 1373 3328 αὐτῶν
1399 3275 1626 3336 τούτων,
1674 3268 1751 3327 ὧν

165 3372 355 3443 δικαία
396 3370 615 3443 ἐξουσίᾳ
652 3370 747 3423 καὶ
774 3369 1033 3441 δεδομένῃ
1064 3368 1517 3437 καθειστήκεισαν
1549 3367 1748 3439 κύριοι,

166 3466 398 3528 ἑαυτοὺς
420 3464 667 3534 ἀφρόνως
697 3462 1094 3517 ἀπελαύνουσιν
1119 3476 1133 3491 ⁸
1179 3459 1289 3515 οἷον
1326 3462 1390 3531 δή
1439 3478 1493 3514 τι
1520 3460 1607 3515 διά
1644 3460 1752 3512 τῶν

165 3559 516 3629 γραμμάτων
541 3557 637 3625 (ὡς
668 3556 781 3609 εἴθε
818 3556 893 3626 μὴ
914 3554 1129 3623 ὄφελον)
1149 3593 1165 3616 ,
1199 3553 1617 3624 κατεμάθομεν,
1658 3554 1753 3605 καὶ

168 3652 301 3721 περὶ
334 3650 425 3703 τὸν
453 3648 709 3702 ταπεινὸν
746 3646 1035 3717 ἄνθρωπον
1062 3648 1272 3699 ἐκεῖνον
1330 3646 1451 3717 (οὐκ
1500 3641 1614 3698 οἶδα
1643 3645 1752 3716 γὰρ

167 3745 322 3806 ὅπως
350 3743 555 3815 ἑτέρως
592 3742 730 3794 εῐπω
749 3780 764 3804 ,
796 3742 895 3810 τῆς
924 3740 1273 3811 ἀνθρωπίνης
1311 3739 1755 3810 μιμνησκόμενος

166 3835 510 3903 ἀθλιότητος)
540 3834 656 3895 πῶς
678 3834 783 3886 ὑπὸ
814 3833 912 3902 τῆς
948 3832 1102 3901 ὐμῶν
1124 3833 1421 3903 φιλοδώρου
1454 3831 1550 3884 καὶ⁸
1581 3848 1751 3902 μεγα-

1842 1344 2001 1401 state,
2042 1342 2097 1390 et
2136 1336 2248 1390 Deo
2279 1344 2538 1390 coronato
2568 1335 2897 1405 principatu,
2928 1333 3185 1404 epistola,
3223 1332 3422 1403 gaudio

1842 1427 2004 1482 simul
2026 1427 2219 1498 repleti
2239 1442 2429 1483 sumus
2450 1438 2504 1482 et
2528 1427 2908 1483 admiratione.
2932 1426 3143 1482 Gaudio
3162 1434 3334 1491 certe,
3358 1440 3425 1481 eo

1841 1521 1989 1589 quod
2024 1520 2208 1575 laetum
2249 1536 2348 1591 per
2381 1520 2633 1576 eamdem
2673 1520 2982 1590 accepimus
3010 1521 3288 1583 nuntium,
3319 1520 3424 1573 im-

1840 1613 2051 1681 perium
2086 1622 2328 1667 vestrum
2359 1622 2511 1667 extra
2544 1627 2763 1666 omnem
2796 1612 3218 1682 conspirationis
3250 1612 3425 1666 aleam

1839 1722 1870 1760 a
1900 1706 2012 1760 Deo
2040 1707 2281 1776 positum
2309 1714 2364 1760 et
2392 1705 2748 1769 custoditum,
2789 1720 2954 1774 supra
2999 1719 3191 1760 omnes
3240 1706 3426 1760 insur-

1839 1803 2080 1874 gentium
2143 1801 2582 1856 machinationes
2630 1799 3018 1859 constitutum,
3078 1797 3311 1851 liberum
3372 1805 3429 1851 et

1838 1895 2084 1965 quietum
2123 1894 2192 1949 ab
2232 1893 2381 1949 omni
2419 1892 2527 1947 alio
2562 1906 2693 1946 casu
2722 1901 2776 1945 et
2814 1888 3150 1943 inﬁrmitate.
3197 1885 3265 1940 Et
3311 1888 3428 1941 hate

1840 1997 2015 2052 erant,
2065 2002 2187 2058 quae
2216 2002 2319 2042 nos
2354 1986 2555 2059 gaudio
2586 1983 2954 2055 inexplicabili
2986 1991 3041 2036 et
3065 1980 3429 2036 exsultatione

1841 2080 2224 2150 repleverunt:
2252 2077 2613 2133 admiratione
2640 2091 2806 2146 porro
2843 2073 2986 2145 capti
3020 2088 3233 2139 sumus,
3274 2083 3330 2127 et
3360 2072 3429 2128 ad

1840 2173 2108 2243 lacrymas
2140 2172 2318 2227 adacti
2347 2169 2727 2233 eﬂ‘undendas,
2759 2168 2887 2223 dum
2914 2168 3208 2222 humanam
3237 2166 3430 2236 deplo-

1842 2281 2028 2321 ramus
2058 2264 2353 2321 vanitatem
2379 2280 2394 2327 ;
2428 2263 2687 2318 nimirum
2718 2276 2842 2315 cum
2870 2275 2979 2314 non
3011 2259 3171 2329 pauci
3197 2259 3309 2313 sint
3332 2256 3428 2329 qui

1845 2360 2274 2431 magnagratia,
2315 2358 2483 2430 gloria
2527 2355 2813 2426 multiplici
2856 2352 3108 2417 ﬂoreant,
3159 2352 3251 2422 qui
3301 2367 3428 2408 cum

1844 2451 2159 2523 possideant
2202 2451 2451 2521 ingentes
2486 2463 2640 2519 opes,
2682 2448 2755 2501 ita
2791 2456 2852 2501 ut
2890 2444 3133 2501 contenti
3164 2444 3431 2499 deberent

1848 2560 1969 2599 esse
1998 2559 2123 2599 cum
2150 2543 2438 2614 possessis,
2476 2552 2533 2596 et
2566 2541 2844 2611 pr0prium
2876 2539 3115 2609 ipsorum
3144 2537 3426 2592 modulum

1848 2650 2144 2706 agnoscere
2172 2678 2188 2701 ,
2220 2634 2633 2689 benefactorum
2666 2647 2798 2687 vero
2826 2631 2974 2687 omni
3008 2630 3183 2686 laudis
3215 2644 3429 2701 praeco-

1848 2730 1966 2792 nio,
2008 2736 2063 2782 et
2104 2728 2460 2781 veneratione
2490 2726 2749 2797 prosequi
2782 2734 3105 2791 teneantur;
3134 2725 3209 2779 illi
3244 2734 3429 2779 tamen

1849 2820 2232 2890 inexplebilem
2264 2835 2374 2889 prae
2402 2835 2461 2873 se
2486 2820 2669 2873 ferunt
2709 2819 3086 2888 cupiditatem,
3118 2817 3269 2872 omni
3308 2826 3430 2872 stu-

1849 2913 1941 2967 dio
1958 2923 2014 2967 et
2041 2892 2392 2967 contentione
2420 2926 2479 2966 se
2518 2911 2827 2965 immiscent
2864 2909 3140 2973 omnibus,
3179 2908 3236 2962 in
3286 2908 3432 2978 ipso-

1851 3021 1971 3059 rum
1999 3014 2165 3075 caput
2200 2996 2423 3075 quidem
2461 3003 2859 3058 benemeritum
2888 3001 3092 3057 audent
3122 3000 3427 3055 tumultuo-

1851 3099 1964 3152 sius
1997 3098 2346 3163 insolescere,
2380 3098 2453 3151 ita
2482 3106 2541 3151 ut
2573 3097 2640 3151 de
2674 3096 2965 3151 Salmoneo
2996 3092 3232 3148 fabulam
3265 3106 3430 3161 Opere

1852 3190 1970 3260 ipso
1999 3191 2288 3245 exhibeant
2316 3189 2641 3259 completam
2682 3206 2695 3242 :
2725 3190 2870 3243 unde
2904 3186 3189 3258 contingit,
3224 3194 3284 3240 ut
3320 3202 3432 3242 non

1853 3282 2014 3337 modo
2038 3282 2107 3336 de
2134 3297 2252 3351 spe,
2284 3297 2446 3352 quam
2483 3281 2587 3335 sibi
2617 3295 2717 3351 per
2741 3294 2995 3334 somnum
3022 3277 3428 3343 conﬂuxerant,

1851 3383 1909 3427 et
1947 3389 2051 3443 qua
2082 3376 2414 3439 evehuntur,
2446 3373 2728 3437 excidant;
2763 3386 2955 3426 verum
2983 3369 3147 3424 etiam
3177 3384 3276 3439 per
3298 3368 3434 3423 insi-

1852 3468 2113 3538 pientiam
2153 3468 2222 3523 ab
2250 3468 2316 3523 iis
2348 3468 2479 3538 ipsis
2509 3483 2568 3522 se
2598 3467 2986 3529 exterminent,
3026 3480 3259 3534 quorum
3285 3464 3435 3533 iusta

1861 3570 2156 3631 potestate,
2182 3561 2427 3615 dominio
2441 3560 2867 3615 etconcessione
2887 3558 3229 3613 fruebantur.
3260 3557 3435 3612 Illius-

1856 3657 2003 3710 modi
2056 3655 2201 3710 istud
2235 3664 2320 3709 est
2353 3654 2496 3723 quod
2528 3653 2769 3723 (utinam
2810 3666 2922 3705 non
2953 3650 3026 3705 ita
3045 3650 3433 3721 contigisset!)

1855 3766 1953 3821 per
1979 3749 2192 3803 litteras
2219 3748 2350 3802 facti
2380 3747 2643 3802 certiores
2668 3743 3057 3810 intelleximus,
3083 3742 3135 3797 in
3167 3742 3260 3797 illo
3286 3742 3438 3812 abje-

1854 3851 1943 3895 cto
1978 3848 2033 3895 et
2073 3839 2357 3894 humiliato
2397 3838 2615 3892 homine
2654 3844 3023 3906 perpetratum
3065 3836 3437 3904 (nequeenim

166 3928 410 3998 λοδώρου
438 3926 618 3993 δεξιᾶς
651 3928 731 3989 εἰς
759 3926 900 3979 αὐτά
929 3942 1031 3978 που
1065 3924 1133 3977 τὰ
1184 3924 1436 3995 σκῆπτρα
1469 3924 1567 3993 τῆς
1594 3925 1748 3993 βασι-

1855 3947 1964 4002 quo
1993 3932 2100 3986 alio
2138 3946 2262 3985 eum
2321 3930 2544 3983 nomine
2602 3937 2789 3982 notem
2841 3927 2976 3981 satis
3023 3926 3305 3997 intelligo,
3341 3927 3436 3996 qui

166 4019 321 4081 λείας
349 4018 674 4087 ἀνυψωθεὶς,
709 4016 805 4069 καὶ
831 4017 930 4088 τὴν
959 4016 1255 4086 βασίλειαν,
1302 4017 1350 4068 εί
1400 4019 1496 4069 καὶ
1527 4017 1603 4087 μὴ
1651 4016 1752 4087 τὴν

168 4113 388 4182 κλῆσιν,
446 4110 581 4164 ἀλλά
634 4110 734 4179 τὴν
783 4109 1033 4174 ἐξουσίαν
1090 4109 1599 4181 συμμερισάμενος,
1642 4110 1745 4162 οὐκ

167 4205 427 4274 ἡνεγκεν,
482 4202 559 4265 ὡς
586 4202 743 4272 φασὶ,
772 4202 875 4270 τῆς
920 4202 1239 4272 εὐεργεσίας
1265 4201 1325 4253 τὸ
1364 4200 1613 4272 μέγεθος,
1644 4200 1753 4254 οὐδ’

167 4296 425 4368 ἔστερξεν
454 4290 534 4359 οἷς
562 4295 808 4366 ἠξίωται.
848 4294 957 4346 οὐδ’
980 4295 1373 4365 εὐχαρίστησεν
1395 4290 1476 4356 οἷς
1506 4294 1755 4365 ἀπήλαυ-

172 4408 300 4443 σεν·
336 4390 452 4443 ἀλλ’
515 4389 809 4459 ὑπερόριον
863 4389 954 4441 τὸν
1007 4388 1144 4441 πόδα
1197 4387 1385 4452 κινῶν,
1446 4387 1540 4441 καὶ
1567 4390 1756 4458 χεῖρας

169 4483 386 4552 ὐὸρεως
408 4480 549 4534 κατὰ
569 4485 665 4551 τῆς
685 4480 1023 4551 εὐεργέτιδος
1046 4478 1463 4549 ἀνατεινάμενος
1490 4479 1754 4549 κεφαλῆς,

170 4575 308 4628 αὐτό
339 4592 400 4627 τε
430 4573 491 4626 τὸ
520 4575 640 4645 ζῇν,
672 4576 768 4627 καὶ
793 4574 891 4635 τὰς
938 4573 1327 4643 ὑπερηφάνους
1382 4573 1625 4637 ἐλπίδας,
1662 4574 1757 4627 καὶ

166 4670 240 4722 τά
293 4668 501 4737 μάταια
550 4668 864 4737 φυσήματα,
904 4665 1135 4737 οἰκτρῶς
1172 4666 1318 4733 οἶμοι
1374 4666 1468 4719 καὶ
1511 4666 1759 4730 ἐλεεινῶς

168 4759 358 4829 ᾤκητο
416 4757 655 4810 λειπώνο
709 4757 925 4827 ἧλγησα
968 4758 1067 4826 μὲν
1113 4751 1179 4825 (ὦ
1208 4757 1591 4827 φιλάνθρωπον
1634 4758 1759 4822 ἐμοὶ

172 4852 272 4903 καὶ
301 4850 445 4918 πανὴ
456 4866 520 4918 με
532 4865 621 4918 ρον
652 4849 875 4918 κράτος)
917 4850 1081 4919 ἀώρῳ
1137 4847 1353 4919 θανάτῳ
1384 4848 1759 4918 παραδοθέντα

170 4942 267 4995 τὸν
292 4943 581 5011 ἄνθρωπον
635 4940 850 5012 μαθὼνο
878 4942 963 5010 ἐφ’
1012 4934 1056 5009 ᾧ
1078 4942 1133 4994 δὲ
1160 4940 1394 5011 μάλιστα
1420 4942 1503 4994 ὅτι
1541 4945 1636 4995 καὶ
1662 4960 1759 4995 τυ-

1858 4039 2069 4078 memor
2100 4023 2203 4078 sim
2235 4023 2487 4076 humanae
2527 4020 2793 4088 miseriae)
2834 4019 2923 4074 ille
2973 4027 3185 4072 tantum
3224 4034 3335 4072 non
3370 4018 3437 4073 ad

1860 4116 2012 4187 regni
2035 4125 2249 4184 sceptra
2277 4130 2375 4184 per
2400 4114 2647 4168 dextram
2674 4120 2912 4166 vestram
2953 4110 3269 4165 muniﬁcam
3291 4112 3439 4165 exal-

1860 4220 2025 4276 tatus,
2062 4209 2137 4263 ita
2178 4218 2235 4262 ut
2275 4207 2403 4261 licet
2439 4206 2677 4259 nominis
2705 4202 3039 4274 imperatorii
3068 4213 3124 4257 et
3156 4203 3297 4257 tituli
3326 4218 3437 4257 non

1858 4312 2003 4357 esset
2025 4302 2297 4372 particeps
2317 4342 2330 4366 ,
2361 4307 2684 4370 potestatem
2714 4307 2891 4351 tamen
2925 4304 3104 4350 tecum
3140 4296 3437 4362 dividebat,

1859 4396 2286 4467 magnitudinem
2336 4392 2587 4449 beneﬁcii
2640 4391 2786 4445 ferre
2837 4389 3113 4459 nequivit;
3164 4404 3275 4442 non
3325 4398 3443 4442 erat

1861 4496 2155 4542 contentus
2188 4488 2256 4541 iis
2298 4485 2497 4556 quibus
2533 4484 2634 4538 fuit
2663 4483 2936 4553 dignatus,
2973 4496 3074 4535 nec
3104 4480 3305 4551 gratias
3340 4480 3441 4534 ha-

1864 4580 2028 4636 bebat
2050 4594 2151 4650 pro
2179 4578 2441 4633 fruitione
2468 4575 2669 4631 habitis
2693 4614 2708 4639 ,
2740 4574 2835 4629 sed
2864 4582 3016 4628 extra
3049 4572 3220 4626 lineas
3246 4571 3439 4641 pedem

1862 4687 2213 4744 promovcus,
2244 4680 2299 4726 et
2335 4686 2529 4725 manus
2574 4668 2630 4722 in
2682 4666 3033 4737 opprobrium
3078 4663 3444 4718 benefactoris

1863 4766 2192 4829 rctendens,
2224 4763 2497 4834 capitique
2534 4762 2655 4831 ejus
2702 4759 3013 4821 insidiatus,
3053 4756 3220 4810 vitam
3270 4756 3443 4825 ipsam

1862 4862 2117 4927 tandem,
2152 4860 2537 4915 insolentiores
2569 4872 2697 4929 spes
2746 4871 2908 4919 suas,
2955 4854 3145 4907 inanes
3194 4853 3443 4923 spiritus,

1864 4954 2125 5008 miserum
2160 4954 2267 5007 heu
2295 4962 2353 5007 et
2378 4951 2747 5007 miserandum
2778 4950 2835 5003 in
2867 4945 3110 5012 modum,
3151 4947 3285 5001 abiit
3316 4947 3446 5001 hinc

172 5033 425 5104 ραννίδος
478 5032 650 5095 διδοὺς
696 5031 888 5103 δίκην,
951 5031 1286 5103 εἰσεπράχθη
1348 5032 1438 5084 τὸν
1510 5030 1748 5086 θάνατον.

1867 5047 2200 5117 relinquens.
2244 5045 2451 5101 lndolui
2490 5044 2709 5115 quidem
2747 5040 2802 5113 (ο
2842 5040 3153 5095 misericors
3177 5049 3233 5095 et
3271 5039 3447 5094 mitis-

173 5127 516 5183 Πλάττεσθαι
546 5130 653 5197 γάρ
682 5126 742 5177 τὸ
771 5127 1027 5197 γράμμα,
1074 5124 1168 5177 καὶ
1197 5123 1372 5186 ἄλλως
1422 5122 1559 5187 πῶς,
1614 5123 1647 5194 ἢ
1686 5123 1748 5187 ὡς

1866 5144 2001 5196 sima
2028 5142 2299 5211 potestas)
2325 5154 2448 5194 cum
2468 5137 2659 5193 rescivi
2684 5135 2989 5190 immaturae
3015 5134 3135 5188 neci
3167 5132 3448 5187 hominem

174 5221 396 5292 ἐδήλου.
425 5220 492 5271 τά
530 5219 659 5289 περὶ
690 5219 853 5271 αὐτὸν
877 5217 1277 5286 συνενεχθῆναι,
1310 5215 1376 5268 δι’
1428 5210 1503 5269 ὧν
1554 5217 1748 5278 ἐκεῖνος

1865 5210 2091 5299 datum;
2134 5234 2324 5304 magis,
2367 5230 2511 5301 quod
2556 5230 2821 5284 aﬂectataa
2860 5226 3163 5299 tyrannidis
3204 5242 3444 5297 pmnam,

177 5318 279 5386 μὲν
311 5314 589 5380 στέφεται,
610 5312 760 5367 ἄλλοι
780 5310 838 5364 δὲ
876 5310 1157 5379 κόψονται,
1196 5313 1229 5381 ἡ
1272 5309 1365 5362 τοῦ
1399 5327 1493 5363 σου
1524 5309 1748 5380 κράτους

1865 5326 2097 5397 oppetiit
2126 5335 2381 5379 mortem.
2412 5324 2593 5388 Certe,
2626 5339 2733 5377 non
2758 5322 2961 5392 patitur
2992 5322 3177 5376 subire
3203 5323 3449 5376 animum

171 5409 348 5479 ἁρετὴ
371 5408 467 5460 καὶ
490 5408 757 5459 ἐπιείκεια
779 5406 1024 5458 ὑπονοεῖν
1044 5406 1144 5457 οὐκ
1166 5405 1459 5458 ἐνδίδωσιν.
1486 5403 1584 5456 Διά
1603 5401 1748 5455 τούτι

1861 5435 2044 5473 meum
2074 5417 2444 5487 suspicionem
2481 5424 2678 5469 vestra:
2715 5414 3000 5485 potestatis
3040 5414 3211 5468 virtus
3242 5423 3297 5468 et
3335 5413 3450 5465 elc-

176 5500 426 5568 μάλιστα
461 5500 684 5570 καιρίαν
714 5500 923 5569 ἧνεγκα
945 5498 1045 5568 τὴν
1068 5499 1175 5551 ἀπὸ
1194 5499 1291 5569 τῆς
1315 5498 1491 5567 λύπης
1524 5496 1748 5565 πληγήν

1862 5508 2087 5573 mentia,
2142 5504 2546 5561 eommentitias
2596 5504 2813 5559 venisse
2862 5503 2931 5559 ad
2970 5516 3059 5558 me
3090 5503 3317 5565 litteras,
3366 5500 3450 5554 vel

172 5596 245 5649 τά
275 5611 334 5646 τε
364 5593 502 5647 ἀλλα
520 5592 614 5645 ἐπὶ
643 5591 768 5645 νοῦν
807 5591 1226 5661 ἀναλαμδάνων,
1248 5592 1343 5646 καὶ
1376 5592 1456 5645 ὃτι
1478 5591 1748 5663 ἄνθρωπος

1862 5602 1969 5656 alio
2020 5598 2181 5655 modo
2227 5612 2391 5669 quam
2432 5597 2621 5668 quoin
2674 5580 2781 5652 illis
2818 5606 3096 5660 narratur,
3136 5609 3260 5664 qua:
3297 5592 3451 5647 illum

174 5690 236 5740 ἐν
264 5684 421 5754 αὐτῷ
444 5685 523 5755 τῷ
569 5687 895 5755 κακουργεῖν
953 5685 1301 5756 ἀνάρπαστος
1356 5687 1618 5755 γεγονὼς,
1668 5691 1748 5743 κατ

1866 5693 2273 5749 concemebant
2302 5691 2619 5761 contigisse,
2651 5691 2796 5745 unde
2820 5690 2913 5744 ﬁet
2937 5696 2996 5743 ut
3021 5696 3314 5744 coronetur
3339 5685 3452 5748 ille,

180 5782 414 5851 μήτετά
442 5780 550 5834 ἀπὸ
571 5780 664 5833 τοῦ
698 5780 814 5850 βίου
849 5780 1171 5851 μολύσματά
1198 5799 1254 5834 τε
1283 5783 1373 5835 καὶ
1400 5785 1748 5853 ρυπάσματα,

1870 5786 2158 5855 ringantur
2195 5782 2309 5836 alii.
2351 5784 2532 5851 Atque
2568 5783 2697 5837 hinc
2743 5781 2997 5835 lethalem
3048 5794 3078 5833 a
3119 5778 3306 5834 dolore
3357 5792 3455 5831 ae-

174 5875 212 5929 ἆ
246 5877 314 5946 τῇ
337 5873 500 5944 ἀθλία
530 5873 700 5945 ταύτῃ
732 5873 890 5943 φύσει
919 5874 1062 5945 φιλεῖ
1088 5875 1485 5946 ἐπιτρίὸεσθαι,
1524 5879 1634 5941 τοῖς
1662 5878 1748 5931 δά·

1868 5878 1988 5947 cepi
2041 5876 2305 5932 inflictam
2356 5875 2608 5948 plagam,
2654 5874 2782 5928 dum
2848 5872 3108 5929 memoria
3158 5871 3299 5925 inter
3348 5870 3449 5924 alia
