4004 6420
596 383 703 446 ’ῐι9

1735 381 1999 440 ΡΠΟΤΙΪ
2041 383 2153 447 PM

2258 384 2546 445 [ARCILE
2586 388 2692 449 ΟΡ.
3739 403 3822 468 720

597 491 951 561 recolo,quod
984 491 1036 544 in
1064 490 1185 559 ipso
1222 489 1585 559 improbitatis
1609 498 1731 542 actu
1766 490 1894 542 hinc
1929 490 2153 559 abripie

2272 510 2466 563 κρυσιν
2491 497 2930 568 ἀπολουσάμενος
2946 516 2961 530 ·
2987 504 3125 573 μήτε
3146 493 3221 557 ὧν
3246 502 3467 575 ἐτέρους
3487 505 3689 572 ἄδίκως
3715 510 3821 579 (cui;

543 626 553 648 ρ
595 589 794 651 batur,
844 586 916 641 ita
958 593 1020 639 ut
1062 600 1239 654 neque
1281 583 1529 653 lacrymis
1560 582 1793 638 ablucrit
1832 584 2024 638 sordes
2049 584 2172 639 vita:

544 700 549 725 ι
594 691 650 735 et
677 679 1105 749 inquinamenta,
1139 694 1257 746 qua:
1278 676 1495 731 misera:
1529 684 1735 731 naturae
1780 686 1983 733 nostra;
2010 678 2171 733 astri-

595 784 679 827 cta
710 772 886 826 solent
906 771 1172 824 inhaerere
1195 785 1209 832 ;
1234 784 1333 822 nec
1364 768 1434 821 ob
1464 768 1708 837 injurias,
1739 768 1938 838 quibus
1972 770 2168 825 fortas-

542 866 547 887 ί
598 862 673 915 sis
705 863 839 915 alios
871 861 1144 921 affecerat,
1194 859 1356 912 ullam
1404 857 1706 912 declararat
1755 860 2165 929 paenitentiam;

596 972 700 1009 nec
727 958 837 1009 ullo
870 956 974 1011 alio
1005 956 1164 1010 modo
1197 953 1445 1008 Judirem
1487 952 1551 1008 in
1575 955 1743 1008 altera
1775 955 1886 1007 vita
1926 953 2168 1008 futurum

596 1050 946 1103 conciliatum
983 1050 1113 1103 dare
1144 1051 1459 1114 studuerat;
1492 1048 1674 1118 itaque
1703 1048 1914 1103 delictis
1937 1057 2168 1102 onustus

592 1143 658 1197 ad
698 1143 941 1212 ejusdem
994 1143 1229 1197 tribunal
1274 1142 1627 1197 transmissus
1665 1150 1751 1196 est
1792 1159 1805 1193 :
1858 1141 1951 1195 sed
2005 1148 2168 1210 prout

591 1243 801 1289 secreto
841 1236 935 1289 Dei
968 1235 1174 1301 judicio
1218 1236 1496 1289 decretum
1530 1234 1727 1299 fuerat,
1763 1234 1839 1288 ita
1875 1233 1968 1288 ille
2002 1233 2164 1287 linem

591 1327 715 1379 vitae
765 1325 1199 1395 consequebatur
1242 1343 1254 1378 :
1294 1324 1480 1378 multis
1523 1322 1741 1393 quidem
1784 1331 1994 1390 stupor,
2050 1336 2161 1373 non

592 1420 781 1489 paucis
818 1417 1137 1483 admonitio,
1185 1416 1509 1486 quibusdam
1557 1415 1983 1478 commiseratio,
2040 1414 2165 1483 plu-

593 1512 744 1565 ribus
783 1510 1050 1565 btesitatio
1083 1510 1265 1563 ﬁebat.
1297 1506 1379 1562 Tu
1418 1500 1621 1571 autem,
1651 1522 1905 1577 rogamus
1939 1506 2151 1577 (regum

590 1606 760 1658 dccus
806 1611 861 1656 et
906 1609 1308 1661 ornamentum.
1365 1598 1556 1668 patria:
1602 1597 1880 1661 exaltatio,
1942 1596 2159 1666 imperii

589 1695 1044 1757 stabilimentum,
1082 1703 1138 1747 et
1167 1692 1602 1747 Christianorum
1641 1690 1908 1754 omnium,
1937 1690 2028 1759 qui
2061 1704 2159 1743 vo-

588 1800 783 1843 cantur
808 1801 979 1850 amor,
1006 1785 1214 1839 delicia:
1242 1784 1603 1855 etgloriatio),
1623 1783 1944 1853 quantocius
1971 1781 2039 1836 ad
2062 1796 2160 1836 nos

586 1882 876 1945 festinato;
920 1879 1088 1934 redde
1132 1877 1457 1931 desiderium
1490 1875 1955 1940 desiderantibus;
1988 1873 2161 1928 libera

588 1988 688 2025 nos
724 1971 959 2041 primum
991 1986 1022 2022 a
1062 1968 1399 2038 captivitate,
1433 1982 1564 2036 qua,
1615 1966 1745 2021 dum
1796 1975 1886 2019 tua
1915 1981 2163 2020 caremus

589 2062 902 2137 praesentia,
956 2060 1305 2124 detinemur;
1356 2059 1517 2114 retice
1566 2071 1669 2112 nos
1698 2065 1752 2111 et
1791 2056 2052 2128 refrigera
2095 2059 2162 2113 ab

586 2155 675 2208 illa
718 2153 959 2214 miseria,
991 2168 1096 2221 qua
1134 2151 1463 2210 detinemur,
1506 2150 1634 2205 dum
1660 2159 1832 2205 vestra
1868 2165 1980 2205 non
2008 2151 2164 2204 adest

587 2262 826 2317 praesens
849 2244 1198 2310 refecillatio;
1224 2243 1448 2315 gratiam
1473 2244 1613 2297 hanc
1631 2243 1861 2312 primam
1886 2250 1946 2297 et
1966 2242 2158 2312 praaci-

587 2355 749 2411 puam
802 2338 923 2393 urbi
976 2346 1081 2392 tua:
1107 2345 1164 2391 et
1214 2336 1424 2390 civibus
1475 2335 1776 2404 impertito,
1832 2342 1894 2387 ut
1947 2334 2161 2404 possint

586 2432 834 2487 manibus
886 2439 941 2485 et
989 2429 1194 2499 linguis
1219 2443 1344 2482 cum
1392 2428 1642 2482 libertate
1695 2442 1909 2481 summa
1949 2427 2160 2481 debitas

586 2524 682 2579 tibi
715 2522 1156 2585 acclamationes,
1188 2529 1264 2584 et,
1297 2534 1331 2573 ο
1364 2518 1679 2589 imperator,
1712 2533 1894 2573 coram
1924 2516 2159 2581 eﬂ‘erre;

585 2626 768 2687 tangat
797 2625 849 2670 te
878 2614 1106 2669 canities
1155 2613 1293 2668 sacri
1326 2621 1380 2666 et
1411 2610 1707 2665 venerandi
1759 2620 2014 2675 senatus;
2066 2609 2163 2665 ﬂe-

586 2718 734 2762 ctere
765 2706 833 2760 ad
864 2720 1056 2774 preces
1086 2703 1460 2773 cujuscunque
1481 2701 1675 2763 aetatis,
1700 2698 1964 2763 virorum,
2001 2698 2160 2752 fetui-

581 2815 801 2863 narum,
833 2797 1171 2868 puellarum:
1198 2802 1345 2848 certe
1375 2793 1520 2847 enim
1555 2806 1750 2848 omnes
1800 2807 1910 2845 uno
1954 2791 2155 2856 animo,

581 2908 715 2947 voce
745 2907 874 2951 una,
912 2887 1301 2944 dominationis
1324 2896 1518 2940 vestra:
1568 2874 1911 2955 prtesentiai'n
1953 2883 2157 2953 elllagi-

584 2994 717 3041 tant.
742 2982 898 3049 Quod
917 2982 962 3036 si
988 2980 1130 3050 apud
1154 2989 1206 3035 te
1227 2980 1404 3033 locum
1430 2978 1626 3031 habeat
1645 2992 1777 3031 cura
1801 2987 1856 3030 et
1880 2985 2159 3045 respectus

582 3072 750 3142 (quod
794 3072 909 3125 seio
949 3070 1027 3124 sic
1081 3068 1316 3136 habere)
1364 3066 1768 3135 archipraasulis
1818 3065 1917 3131 tui,
1978 3066 2154 3135 ipsum

2275 586 2579 651 ἐκάκωσεν,
2638 590 2777 660 ὑπὲρ
2831 592 3037 645 τούτων
3103 595 3395 663 μετάνοιαν
3440 597 3820 670 ἐνδειξάμενος·

2273 678 2401 747 μήθ’
2431 680 2631 750 ἑτέρως
2654 699 2771 746 πως
2796 683 2887 736 τὸν
2909 685 3117 738 ἐκεῖθεν
3153 687 3359 757 Κριτὴν
3391 689 3609 757 φθάσας
3638 694 3825 757 ἐξιλεὼ-

2274 766 2724 836 σασθαι·οὑτως,
2782 773 2965 837 αὐτοῖς
3012 777 3273 846 φορτίοις,
3336 780 3474 848 πρὸς
3528 781 3601 833 τὰ
3644 783 3822 839 ἐκεῖθεν

2272 860 2643 932 παρεπέμφθη
2671 863 3062 937 δικαιωτήρια’
3102 868 3219 922 ἀλλ’
3253 872 3461 935 ἐκεῖνος
3497 875 3595 942 μὲν
3642 875 3715 938 ὡς
3737 880 3821 932 τῶν

2269 951 2363 1004 τοῦ
2384 953 2517 1006 Θεοῦ
2547 958 2835 1025 χριμάτων
2867 958 3083 1012 ἐδίκασε
3108 963 3169 1013 τὸ
3210 963 3542 1034 ἀπόρρητον,
3581 965 3721 1019 οὕτω
3748 972 3820 1022 καὶ

2269 1044 2359 1096 τὸν
2387 1045 2500 1115 βίον
2543 1049 2973 1120 κατεστρέψατο*
3003 1052 3218 1114 πολλοῖς
3238 1096 3250 1106 .
3261 1056 3360 1124 μὲν
3404 1057 3693 1127 ἔκπληξις,
3720 1062 3819 1113 πολ-

2268 1135 2379 1200 λοῖς
2399 1139 2455 1191 δὲ
2478 1142 2878 1212 σωφρονισμδς,
2908 1144 3121 1207 πολλοῖς
3147 1146 3191 1198 δ’
3222 1147 3389 1212 ἔλεος,
3415 1149 3625 1201 πλείοσι
3646 1150 3692 1201 δ’
3712 1152 3819 1205 ἀπο-

2273 1228 2362 1298 ρία
2390 1231 2650 1297 γεγονώς.
2685 1234 2856 1297 Αὐτὸς
2880 1236 2937 1288 δὲ
2965 1230 3031 1305 (ὧ
3057 1236 3319 1307 βασιλέων
3347 1240 3817 1309 καλλώπισμα,καὶ

2268 1322 2369 1391 τῆς
2395 1324 2652 1393 πατρίδος
2681 1326 2972 1399 ἀνύψωμα,
3012 1332 3106 1384 καὶ
3132 1332 3232 1401 τῆς
3261 1333 3535 1397 πολιτείας
3559 1335 3813 1407 ὀχύρωμα,

2268 1415 2363 1465 καὶ
2396 1414 2611 1469 πάντων
2640 1411 2722 1479 οἷς
2762 1418 2823 1469 τὸ
2868 1418 2963 1471 τοῦ
2997 1421 3236 1492 Χριστοῦ
3268 1424 3630 1494 ἐπικέκληται
3655 1426 3813 1496 ὄνομα,

2268 1506 2636 1577 πολυέραστον
2659 1511 2959 1583 σεμνολόγη
2969 1515 3065 1583 μα)
3090 1510 3194 1587 ἧκε
3218 1516 3356 1586 πρὸς
3376 1519 3525 1587 ἡμᾶς
3572 1518 3673 1588 τὴν
3696 1523 3815 1589 τσχί·

2267 1615 2419 1669 στην·
2470 1601 2667 1665 ἀπόδος
2714 1604 2826 1667 τοῖς
2859 1604 3084 1659 ποθοῦσι
3126 1608 3219 1659 τὸν
3284 1608 3657 1679 ποθούμενον⁹
3686 1612 3813 1681 ρῦσιι

2266 1691 2481 1758 πρῶτον
2510 1693 2607 1763 τῆς
2659 1695 3039 1764 αἰχμαλωσίας
3071 1699 3239 1769 ἡμᾶς,
3294 1702 3361 1772 ἢν
3400 1702 3715 1773 ὑπέστημεν
3739 1706 3810 1758 σοῦ

2267 1782 2649 1853 στερηθέντες*
2676 1785 2947 1855 ἀνάψυξον
2980 1790 3127 1859 ἡμᾶς
3169 1790 3267 1861 τῆς
3312 1791 3707 1863 ταλαιπωρίας,
3740 1798 3814 1866 ὑφ’

2263 1868 2331 1945 ἦς
2358 1876 2723 1946 κατεχόμεθα,
2754 1880 2852 1950 τῆς
2889 1881 3162 1952 ὑμετέρας
3186 1886 3522 1955 Μραψυχῆς
3554 1888 3612 1940 ού
3640 1890 3810 1958 παρού-

2267 1983 2402 2039 σης’
2441 1969 2529 2031 δὸς
2556 1970 2717 2043 χάριν
2749 1973 2975 2046 ταύτην,
3000 1977 3093 2029 καὶ
3138 1977 3362 2049 πρώτην
3407 1981 3503 2032 καὶ
3555 1983 3807 2051 μεγίστην,

2262 2064 2327 2131 τῇ
2362 2063 2427 2132 σῇ
2461 2062 2633 2127 πόλει,
2662 2065 2757 2118 καὶ
2787 2068 2902 2129 τοῖς
2932 2070 3045 2131 σοῖς
3067 2069 3336 2136 πολίταις,
3366 2072 3428 2124 τὸ
3457 2075 3808 2142 πεπαρρησια-

2265 2151 2489 2220 σμέναις
2519 2153 2612 2205 καὶ
2642 2154 2800 2224 χερσὶ
2820 2157 2915 2209 καὶ
2940 2156 3235 2225 γλώσσαις.
3284 2160 3383 2230 τὴν
3409 2166 3804 2233 ’κεχρεωστημέ-

2262 2256 2359 2308 νην
2395 2242 2694 2312 εὐφημίαν,
2729 2244 2900 2298 καὶτὸ
2938 2246 3314 2321 αὐτοκράτορα
3346 2250 3431 2303 σοὶ
3460 2253 3807 2321 προσφθέγξσο

2265 2330 2421 2383 σθαι·
2477 2331 2830 2403 δυσωπήθητι
2882 2333 2982 2404 τὴν
3028 2336 3222 2389 πολιὰν
3246 2338 3345 2407 τῆς
3410 2338 3688 2409 αἱδεσίμου
3731 2341 3807 2394 καὶ

2266 2422 2414 2493 ἱερᾶς
2460 2423 2801 2493 συγκλήτου·
2858 2425 3210 2497 δυσωπήθητι
3266 2429 3448 2498 πάσης
3491 2429 3702 2500 ἡλικίας
3729 2431 3806 2501 τήν

2261 2514 2556 2586 ὲξαίτησιν,
2596 2517 2807 2589 ἀνδρῶν
2831 2559 2847 2581 ,
2880 2520 3179 2587 γυναικῶν,
3216 2521 3453 2592 παίδων·
3495 2523 3692 2585 πάντες
3717 2526 3806 2593 γὰρ

2264 2608 2363 2677 μιᾷ
2383 2605 2596 2678 γνώμῃ,
2625 2610 2719 2662 καὶ
2740 2611 2843 2680 μιᾷ
2871 2613 3045 2681 φωνῇ,
3072 2610 3169 2681 τὴν
3192 2610 3289 2666 τοῦ
3310 2612 3578 2682 ὑμετέρου
3604 2615 3805 2682 κράτους

2259 2698 2598 2765 ἐξαιτοῦνται
2618 2703 2946 2772 παρουσίαν.
2977 2704 3041 2756 Εἰ
3070 2704 3126 2756 δὲ
3159 2703 3243 2756 σοί
3278 2720 3409 2757 ποτε
3438 2705 3534 2758 καὶ
3584 2708 3613 2759 ὁ
3648 2708 3803 2775 ἀρχιε-

2263 2792 2389 2861 ρεὺς
2420 2793 2477 2845 ἐν
2508 2792 2651 2863 λόγῳ
2708 2794 2804 2846 καὶ
2835 2794 3073 2863 φροντίδι
3100 2795 3413 2866 νενόμισται
3456 2792 3597 2868 (οῖδα
3646 2796 3697 2850 δὲ
3735 2798 3802 2849 ὅτι

2258 2883 2593 2954 νενόμισται)
2624 2884 2784 2939 αὑτὸν
2814 2886 2899 2939 σοὶ
2932 2889 3191 2958 παρεῖναι
3213 2888 3423 2958 νόμιζε,
3454 2891 3549 2944 καὶ
3594 2894 3657 2963 τῇ
3685 2894 3800 2962 χειρὶ

2257 2975 2356 3046 τὴν
2385 2979 2547 3047 χεῖρα
2578 2977 2872 3049 λαϐόμενον
2895 2979 3075 3033 ἕλκειν
3096 2983 3234 3051 πρὸς
3256 2982 3355 3053 τὴν
3389 2984 3491 3053 σὴν
3530 2985 3698 3050 πόλιν,
3724 2988 3800 3039 καὶ

2257 3068 2349 3120 τὸν
2373 3068 2468 3122 τοῦ
2491 3068 2625 3123 Θεοῦ
2664 3070 2807 3136 ναὸν,
2866 3072 2952 3141 ἐφ’
2974 3067 3019 3141 ᾦ
3069 3073 3170 3137 τὰς
3222 3075 3446 3139 ἐλπίδας
3468 3078 3694 3149 ἁνέχεις,
3723 3082 3800 3133 καὶ

582 3165 677 3220 tibi
719 3163 862 3234 ﬁnge
891 3176 1071 3216 coram
1112 3160 1323 3224 adesse,
1362 3167 1416 3213 et
1464 3164 1629 3212 manu
1690 3173 1913 3211 manum
1956 3172 2153 3227 appre-

2258 3160 2394 3229 πρὸς
2423 3164 2492 3215 τὰ
2520 3162 2616 3232 τῆς
2669 3162 2944 3232 βασιλείας
2983 3166 3281 3238 ἀνάκτορα.
3332 3169 3441 3221 Ναὶ
3504 3172 3694 3235 πάντες
3718 3173 3795 3226 σοῦ

581 3255 807 3309 hensam
846 3254 912 3307 ad
954 3251 1221 3322 propriam
1270 3249 1587 3319 pertrahere
1623 3248 1917 3313 civitatem,
1951 3249 2017 3303 ad
2060 3246 2153 3301 Dei

583 3348 865 3417 templum,
907 3344 1051 3413 apud
1091 3359 1254 3413 quem
1302 3357 1427 3411 spes
1454 3341 1720 3409 repositas
1753 3340 1940 3404 habes,
1969 3340 2037 3394 ad
2067 3340 2153 3408 ip-

579 3438 694 3494 sius
712 3436 921 3506 imperii
939 3434 1194 3489 sacraria.
1211 3432 1392 3495 Certe,
1418 3431 1512 3485 tibi
1533 3431 1903 3501 supplicamus
1927 3444 2147 3495 omnes;

578 3547 704 3601 spes
749 3538 965 3584 nostras
1009 3526 1143 3591 noli,
1179 3539 1384 3594 qumso,
1439 3523 1784 3592 pudefacere,
1814 3532 1907 3576 aut
1960 3538 2150 3591 preces

576 3624 825 3693 rejiccre.
870 3622 1165 3690 Speramus
1197 3618 1343 3672 enim
1392 3618 1448 3671 in
1468 3617 1578 3672 Deo
1621 3632 1751 3670 vero
1803 3626 1991 3670 nostro
2022 3615 2151 3670 Jesu

574 3716 791 3770 Christo
818 3714 1060 3768 futurum
1106 3727 1248 3774 esse,
1305 3720 1364 3764 ut
1393 3726 1515 3764 cum
1547 3711 1613 3763 ad
1645 3710 1846 3780 regiam
1882 3708 2024 3762 hanc
2064 3725 2153 3762 ur-

574 3808 694 3861 bem
733 3816 912 3860 vestra
946 3806 1186 3875 potentia
1232 3811 1554 3867 revertetur,
1601 3800 1852 3855 mmroris
1900 3800 2149 3854 tenebras

571 3916 600 3952 a
635 3898 911 3967 republica
951 3896 1212 3966 depelles,
1254 3894 1493 3948 hostium
1526 3902 1581 3946 et
1610 3892 1957 3946 inimicorum
1997 3891 2149 3947 inso-

570 3990 765 4044 lentias
803 3989 975 4059 magis
1018 3989 1197 4042 adhuc
1226 3987 1504 4056 magisque
1532 3984 1860 4049 contundes,
1898 3984 2143 4047 consilio,

569 4082 885 4151 prudentia,
921 4078 1138 4135 militari
1188 4078 1496 4148 disciplina,
1546 4078 1796 4147 superior
1842 4077 2142 4143 deviceris;

568 4174 728 4244 idque
768 4190 863 4243 per
902 4171 1351 4226 intercessionem
1386 4170 1743 4224 sanctissimae
1786 4169 1876 4223 Dei
1916 4169 2144 4241 genitri-

566 4269 666 4331 cis,
697 4276 755 4320 et
777 4264 1021 4320 omnium
1048 4274 1380 4318 sanctorum.
1417 4263 1614 4317 Amen.

1170 4372 1390 4428 EPIST.
1423 4372 1541 4427 XII.

1254 4490 1459 4544 Eidem.

2256 3249 2509 3319 δεόμεθα,
2546 3252 2621 3323 μή
2655 3253 3019 3326 καταισχύνῃς
3053 3256 3211 3328 ήμῶν
3238 3258 3338 3321 τὰς
3359 3260 3583 3324 ἐλπίδας
3609 3263 3691 3314 καὶ
3718 3264 3798 3332 τήν

2257 3341 2491 3409 αἴτησιν.
2534 3341 2869 3412 Πιστεύομεν
2897 3345 3002 3415 γὰρ
3026 3348 3084 3400 ἐν
3112 3347 3333 3419 Χριστῷ
3375 3350 3576 3420 Ἰησοῦ,
3595 3353 3667 3422 τῷ
3685 3354 3797 3422 ἀλη-

2257 3429 2387 3500 θινῷ
2412 3430 2531 3501 Θεῷ
2562 3431 2740 3503 ἡμῶν,
2768 3433 2845 3496 ὡς
2895 3436 3033 3506 πρὸς
3080 3438 3179 3508 τὴν
3211 3437 3458 3509 βασιλίδα
3511 3443 3673 3505 πόλιν,
3716 3445 3794 3497 τοῦ

2256 3519 2523 3589 ὑμετέρου
2542 3521 2777 3590 κράτους
2807 3524 3282 3592 ἐπανατέλλοντος,
3306 3531 3401 3583 καὶ
3423 3531 3518 3584 τοῦ
3542 3531 3694 3601 ζόφου
3712 3535 3794 3604 τῆς

2255 3610 2493 3679 ἀθυμίας
2524 3613 2625 3682 τήν
2654 3614 2929 3669 πολιτείαν
2960 3617 3141 3681 λύσεις
3164 3661 3178 3684 ,
3212 3624 3308 3674 κα)⁸
3346 3623 3457 3675 τῶν
3507 3625 3698 3694 ἐχθρῶν
3724 3627 3791 3679 ἔτι

2253 3701 2454 3770 μᾶλλον
2481 3704 2575 3756 καὶ
2603 3705 2874 3775 πολεμίων
2894 3707 2956 3760 τὸ
2984 3694 3781 3787 φρόνημέταπεινώσεκνβωλῇ

2252 3794 2345 3847 καὶ
2375 3793 2589 3847 συνέσει
2623 3797 2717 3849 καὶ
2739 3800 2858 3862 ταῖς
2887 3806 3282 3872 στρατηγικαῖς
3316 3806 3587 3875 μελέταις,
3610 3809 3661 3860 τὸ
3676 3808 3778 3860 κατ’

2240 3886 2425 3939 αὐτῶν
2454 3889 2652 3957 κράτος
2707 3890 3117 3962 ἀναδεχόμενος·
3151 3897 3468 3965 πρεσϐείαις
3509 3900 3595 3969 τῆς
3634 3899 3778 3969 {mep-

2247 3979 2405 4048 αγὶας
2441 3979 2725 4050 Θεοτόκου,
2759 3984 2853 4037 καὶ
2871 3984 3090 4040 πάντων
3123 3988 3229 4041 τῶν
3257 3990 3456 4058 ἁγίων.
3495 3992 3670 4063 Ἀμήν.

2856 4399 3075 4454 ΕΠΙΣΤ.
3108 4402 3208 4460 IB’.

2885 4510 2967 4575 Τῷ
2996 4514 3175 4579 αὐτῷ.

1709 4607 1853 4659 Edita
1876 4625 1904 4659 a
1929 4611 2225 4667 Montacutio
2248 4618 2349 4681 (ep.
2374 4618 2451 4677 19,
2480 4633 2529 4681 p.
2558 4619 2657 4683 80).

640 4700 929 4756 lleeessisti
958 4716 988 4754 a
1018 4700 1195 4761 nobis,
1221 4707 1276 4752 et
1299 4713 1399 4753 nos
1424 4715 1453 4752 a
1484 4699 1923 4771 nobismetipsis;
1943 4703 2132 4759 viven-

566 4806 648 4849 tes
700 4810 804 4848 non
855 4793 1108 4857 vivimus,
1135 4808 1237 4845 nec
1271 4806 1554 4846 movemur
1587 4795 1740 4849 moti.
1774 4794 1930 4860 Quod
1960 4796 2003 4851 si
2028 4798 2134 4851 Do-

565 4888 693 4939 mini
726 4885 1053 4955 promissum
1078 4882 1396 4953 dignaretur
1425 4894 1624 4940 nostrae
1655 4886 1979 4942 humilitatis
2002 4904 2130 4958 pre-

561 4978 718 5032 cibus
747 4991 993 5030 aunuere
1018 5017 1033 5039 ,
1079 4974 1163 5029 vel
1192 4975 1408 5031 Cretam
1448 4976 1768 5049 Byzantium
1810 4979 2134 5035 transferre-

560 5084 704 5133 mus,
726 5068 811 5122 vel
833 5067 1147 5138 Byzantium
1174 5084 1296 5124 cum
1319 5069 1615 5140 nobisipsis
1636 5070 1812 5126 Creta:
1846 5072 2133 5142 cepulare-

559 5176 711 5214 mus:
740 5159 833 5214 sed
857 5161 1094 5215 moriens
1124 5162 1267 5217 unde
1299 5161 1357 5217 lit
1378 5172 1437 5217 ut
1458 5164 1712 5229 scribam,
1739 5172 1832 5217 aut
1854 5172 1913 5218 ut
1945 5174 2131 5220 mutus

559 5252 775 5321 loquar?
805 5252 1021 5307 unicum
1055 5254 1101 5307 si
1130 5254 1340 5321 dixero,
1368 5255 1648 5310 silentium
1681 5264 1862 5309 teneo.
1888 5255 2129 5329 Festina,

556 5358 590 5395 0
622 5358 805 5413 regum
832 5352 886 5397 et
908 5344 1139 5397 liliorum
1169 5345 1369 5399 decus!
1407 5355 1461 5399 et
1484 5346 1569 5400 vel
1595 5361 1696 5401 nos
1728 5347 1972 5417 captivos
1996 5348 2135 5403 Crec-

558 5443 668 5487 tam
713 5434 916 5499 ducito,
968 5438 1053 5491 vel
1093 5434 1420 5505 Byzantinos
1473 5439 1540 5493 de
1577 5439 1892 5508 captivitate
1937 5440 2124 5505 libera,

557 5526 648 5593 qui
686 5529 931 5597 captivos
974 5544 1005 5583 a
1053 5538 1348 5599 conspectu
1404 5540 1497 5586 tuo
1546 5530 1779 5603 detineri
1829 5540 1937 5587 tam
1991 5532 2130 5587 male

561 5619 753 5674 ferunt.

2327 4707 2595 4778 ’Λπῆλθες
2639 4710 2732 4779 ἀφ’
2781 4712 2959 4781 ἡμῶν,
2992 4718 3087 4768 καὶ
3114 4717 3275 4786 ἡμεῖς
3316 4720 3412 4787 ἀφ’
3448 4723 3678 4777 ἑαυτῶν·
3708 4728 3789 4779 καὶ

2244 4799 2429 4870 ζῶμεν
2447 4801 2508 4853 οὑ
2544 4801 2763 4869 ζῶντες,
2788 4805 2883 4857 καὶ
2912 4808 3213 4877 κινούμεθα
3251 4809 3325 4881 μὴ
3370 4812 3692 4884 κινούμενοι.
3740 4818 3789 4869 Εἰ

2240 4893 2297 4945 δὲ
2324 4893 2383 4946 τὸ
2407 4894 2682 4964 Κυριακὺν
2716 4895 3040 4968 ἐπάγγελμα
3066 4904 3349 4971 προσεῖναι
3392 4905 3546 4974 ἠξίου
3580 4912 3640 4979 τῇ
3672 4911 3791 4978 ἡμε-

2240 4985 2375 5055 τέρᾳ
2407 4988 2860 5062 τεταπεινωμένῃ
2899 4989 3052 5061 εὐχῇ,
3108 4992 3140 5063 ἢ
3176 4993 3273 5061 τὴν
3305 4996 3532 5068 Κρήτην
3586 5000 3660 5070 τῷ
3702 5000 3791 5052 Βυ-

2242 5074 2443 5147 ζαντίῳ
2469 5080 2908 5150 μετεστήσαμεν,
2938 5082 2970 5151 ἢ
3007 5081 3068 5134 τὸ
3098 5082 3409 5148 Βυζάντιον,
3464 5088 3585 5157 μεθ’
3631 5091 3792 5160 ήμῶν,

2239 5166 2305 5239 τῇ
2336 5169 2531 5241 Κρήτῃ
2564 5170 2905 5241 συνήψαμεν.
2944 5172 3105 5226 Ἀλλά
3135 5175 3254 5239 πῶς
3277 5179 3475 5247 γράφω
3493 5179 3687 5244 θανὼν,
3715 5180 3799 5234 καὶ

2242 5261 2407 5329 σιγῶν
2436 5262 2595 5325 λάλος
2621 5263 2837 5333 γίνομαι
2859 5281 2873 5329 ;
2906 5263 2962 5316 ἓν
2985 5265 3153 5319 εἰπὼν
3178 5271 3557 5340 σιωπήσομαιυ
3590 5274 3799 5343 τάχυνον

2243 5345 2309 5421 (ὦ
2344 5353 2606 5422 βασιλέων
2664 5355 2788 5423 ἐμοὶ
2838 5356 2934 5410 καὶ
2982 5358 3188 5427 τέχνων
3218 5369 3244 5409 τι
3297 5360 3800 5435 ἐγκαλλώπισμα)ῆ

2240 5442 2338 5514 τὴν
2369 5444 2592 5516 Κρήτην
2613 5444 2991 5516 αἰχμαλώτους
3035 5449 3203 5515 ἄγων,
3237 5449 3268 5519 ἢ
3322 5452 3450 5514 τοὺς
3493 5454 3800 5516 Βυζαντίους

2241 5536 2364 5607 (τῆς
2406 5541 2501 5606 σῆς
2536 5540 2642 5609 γάρ
2671 5540 3024 5610 δυστυχοῦσιν
3054 5543 3227 5613 ὅψεως
3260 5544 3357 5616 τὴν
3416 5547 3799 5617 αἰχμαλωσίαν)

2242 5628 2339 5698 τῆς
2366 5630 2739 5699 αἰχμαλωσίας
2763 5631 3082 5705 ἐλευθερῶν.

1834 5738 2062 5795 νΑΒιΑ]
2099 5739 2509 5801 LECTIONES.

620 5860 651 5900 ει
678 5849 767 5903 lo.
