4044 6398
556 375 663 440 723

1699 365 1961 426 PHOTII
2000 364 2501 426 PATRIARCH/E
2542 366 2655 431 (ΣΡ.

3712 370 3814 433 724

555 480 927 539 Jacobitarum
947 477 1225 549 impietate
1242 474 1512 545 impediti,
1526 480 1715 527 contra
1738 479 1898 525 recta:
1915 468 2132 539 pietatis

2247 471 2343 524 τῶν
2378 475 2639 545 Πατέρων
2688 472 2846 543 ήμῶν
2894 474 3036 528 κατά
3076 474 3398 546 Χαλκηδόνα
3443 482 3811 553 συνεκροτήθη

558 572 1001 647 praedicationem
1050 570 1314 624 audacius
1359 583 1417 621 se
1466 572 1739 637 gerentes,
1788 578 1945 619 exeo
1991 572 2133 617 tem-

560 681 711 737 pore,
743 680 853 735 quo
878 671 1066 718 sancta
1110 670 1165 715 et
1213 674 1505 714 numerosa
1554 654 1776 711 Patrum
1821 665 2135 711 nostrorum

560 757 801 829 synodus
852 754 996 825 apud
1048 752 1449 807 Chalcedonem
1507 757 1874 812 convenerat,
1939 746 2136 801 vestris

558 849 845 905 nobiscum
905 847 1159 917 precibus
1218 844 1272 898 in
1345 843 1608 896 auxilium
1670 840 2134 911 conspirantibus,

561 944 779 1013 longum
815 939 963 993 illum
998 953 1239 993 errorem
1279 952 1308 989 a
1348 950 1407 989 se
1454 934 1722 1003 repellere
1758 934 2015 998 valuere;
2063 932 2135 985 ita

560 1048 621 1094 ut
646 1037 807 1093 hodie
840 1035 1225 1089 Armeniorum
1276 1031 1430 1085 natio
1479 1030 1698 1084 sincero
1734 1036 1789 1083 et
1832 1027 2137 1082 orthodoxo

560 1146 713 1186 more
745 1129 1117 1185 Christianum
1151 1125 1359 1180 cultum
1388 1122 1731 1194 proﬁteatur,
1756 1121 2134 1192 Eutychetein,

561 1222 847 1283 Severum,
876 1219 1219 1281 Dioscorum,
1251 1225 1307 1270 et
1333 1215 1525 1269 Petros
1569 1228 1761 1268 revera
1794 1213 1916 1267 illos
1951 1219 2137 1281 petro-

558 1316 714 1371 bolos
760 1312 1028 1383 jaciendis
1064 1312 1119 1365 in
1165 1309 1466 1364 Ecclesiam
1523 1307 1813 1376 lapidibus,
1862 1304 2137 1359 lulianum

558 1406 1115 1469 Halicarnassensem,
1138 1418 1355 1458 necnon
1380 1400 1692 1456 universam
1723 1400 1964 1469 ipsorum
1988 1397 2139 1452 varie

558 1501 811 1555 dill'usam
858 1498 1292 1569 dispersionem,
1342 1504 1403 1549 ut
1448 1502 1505 1548 et
1554 1491 1819 1548 catholica
1872 1488 2137 1551 Ec'clesia,

556 1601 896 1653 exsecretur,
913 1601 969 1645 et
985 1587 1456 1644 indissolubilibus
1475 1584 1886 1640 anathematum
1905 1580 2139 1637 nexibus

557 1682 912 1754 supposuerit
940 1682 1290 1737 constrictos.

629 1776 684 1829 5.
720 1773 827 1829 Sed
852 1782 908 1828 et
938 1772 1165 1843 insuper
1212 1771 1443 1827 barbara
1492 1769 1850 1840 Bulgarorum
1892 1781 2047 1836 gens,
2084 1775 2141 1820 et

2241 561 2478 629 σύνοδος,
2531 564 2642 617 τῶν
2686 564 2968 635 ὑμετέρων
3021 565 3198 636 εὐχῶν
3243 568 3376 637 ήμίν
3403 568 3811 638 ὲπαμυνόντων,

2235 657 2334 727 τὴν
2370 656 2588 729 μακρὰν
2642 656 2857 728 ἐκείνην
2893 657 3099 728 πλάνην
3129 660 3431 714 ἀποθέσθαι
3481 660 3814 733 ἐνεδυναμώ-

2238 749 2409 819 θησαν
2431 766 2445 781 ο
2475 749 2570 803 καὶ
2603 750 2855 822 λατρεύει
2892 752 3165 823 σήμερον,
3197 752 3454 822 καθαρῶς
3479 754 3574 807 καὶ
3599 754 3813 824 ὀρθοδό-

2238 840 2433 909 ξως,ἡ
2488 840 2598 895 τῶν
2651 842 2954 915 Ἀρμενίων
3000 844 3156 912 λῆξις
3188 845 3288 913 τὴν
3336 845 3683 915 Χριστιανῶν
3720 848 3811 899 λα-

2236 933 2704 1003 τρείαν,Ἐύτυχῆ
2741 951 2801 987 τε
2835 936 2928 987 καὶ
2958 934 3215 1004 Σεϐἦρον,
3243 935 3340 987 καὶ
3358 935 3673 1006 Διόσκορον,
3725 939 3813 990 καὶ

2236 1022 2365 1086 τοὺς
2386 1022 2530 1075 κατά
2557 1022 2657 1092 τῆς
2686 1024 2969 1086 εὐσεϐείας
3008 1024 3369 1095 πετροϐόλους
3408 1026 3675 1095 Πέτρους,
3728 1029 3813 1079 καὶ

2236 1115 2329 1169 τὸν
2362 1115 2793 1186 Ἁλικαρνασσέα
2836 1116 3143 1183 Ἰουλιανὸν,
3179 1118 3273 1170 καὶ
3308 1120 3489 1170 πάσαν
3515 1118 3701 1171 αὐτῶν
3724 1118 3813 1189 τὴν

2238 1206 2585 1277 πολύσπορον
2636 1209 2958 1279 διασπορὰν,
2989 1209 3067 1273 ὡς
3113 1211 3143 1279 ή
3199 1209 3458 1281 καθολικὴ
3501 1210 3809 1279 Ἐκκλησία,

2241 1300 2649 1371 μυσαττομένη,
2681 1300 2777 1354 καὶ
2803 1301 3025 1371 δεσμοῖς
3072 1300 3292 1364 ἀλύτοις
3336 1301 3433 1356 τοῦ
3470 1301 3811 1373 ἀναθέματος

2240 1390 2639 1447 ὑποϐάλλουσα.

2313 1742 2384 1811 γ’.
2436 1741 2598 1796 Ἀλλά
2629 1760 2693 1810 γε
2725 1742 2810 1814 δὴ,
2843 1742 2938 1795 καὶ
2968 1744 3295 1815 Βουλγάρων
3348 1744 3501 1809 ἔθνος
3555 1745 3812 1818 βαρϐαρι-

556 1865 779 1921 Christo
802 1865 976 1919 invisa
1004 1830 1314 1927 etint‘esta,
1347 1863 1403 1917 in
1434 1869 1635 1917 tantam
1658 1858 2136 1914 mansuetudinem

2247 1832 2356 1898 κὸν,
2390 1834 2485 1887 καὶ
2524 1833 2892 1905 μισόχριστον,
2921 1837 3002 1899 εἰς
3033 1835 3302 1905 τοσαύτην
3334 1836 3653 1906 μετέκλινεν
3683 1840 3809 1908 ἠμε-

557 1967 616 2013 et
654 1957 745 2011 Dei
778 1956 1147 2027 cognitionem
1185 1954 1547 2018 convertitur,
1577 1963 1639 2007 ut
1671 1968 1701 2007 a
1733 1951 1923 2021 patriis
1951 1949 2139 2005 diabo—

556 2050 784 2120 licisque
806 2050 973 2120 orgiis
993 2049 1337 2113 recedentes,
1356 2057 1412 2103 et
1435 2046 1712 2118 paganicae
1732 2041 2140 2115 superstitionis

558 2157 801 2198 errorem
823 2142 1182 2207 excutientes,
1209 2151 1406 2229 praeter
1426 2154 1642 2194 omnem
1669 2136 2137 2208 exspectationem

560 2236 617 2291 in
659 2236 821 2292 ﬁdem
852 2235 1217 2291 Christianam
1254 2233 1401 2288 insiti
1442 2231 1797 2286 transierunt.

626 2414 684 2469 4.
727 2412 834 2470 Sed
881 2428 915 2468 ο
983 2412 1329 2484 improbum,
1392 2409 1637 2465 invidum
1704 2408 1837 2472 Deo,
1901 2406 2137 2462 invisum

558 2508 851 2564 consilium
874 2517 929 2562 et
958 2507 1289 2576 inemptum!
1320 2504 1469 2558 Talis
1486 2504 1631 2559 enim
1664 2501 1926 2563 narratio,
1961 2500 2140 2554 Evan-

558 2602 683 2674 gelii
732 2600 818 2657 vel
882 2600 1011 2655 boni
1072 2598 1248 2654 nuntii
1314 2605 1698 2668 argumentum
1768 2608 1891 2663 quae
1958 2591 2139 2646 futura

560 2700 726 2756 esset,
758 2692 811 2745 in
842 2689 1206 2760 dejectionem
1230 2688 1412 2742 vultus
1439 2692 1829 2748 commutatur,
1854 2682 2141 2737 delectatio

560 2792 616 2839 et
641 2782 897 2851 gaudium
929 2782 984 2834 in
1015 2780 1223 2834 luctum
1247 2789 1301 2833 et
1326 2780 1622 2833 Iamentum
1652 2776 1855 2830 abiere.
1888 2772 2139 2827 Nondum

565 2873 710 2927 enim
740 2888 872 2944 gens
894 2872 982 2925 illa
1013 2886 1111 2941 per
1136 2872 1419 2927 biennium
1463 2880 1668 2926 rectam
1701 2867 2141 2923 Christianorum

567 2962 895 3035 religionem
934 2962 1372 3033 amplexabatur,
1407 2977 1531 3016 cum
1577 2959 1729 3029 impii
1772 2956 1990 3026 quidam
2038 2956 2140 3009 ho-

567 3057 747 3114 mines
777 3062 834 3110 et
862 3054 1214 3119 exsecrandi,
1244 3063 1496 3123 portenta
1525 3052 1629 3122 (vel
1675 3065 1784 3120 quo
1832 3048 1953 3102 illos
1983 3048 2143 3101 titulo

570 3147 918 3205 Christianus
949 3146 1229 3217 insigniat)
1260 3146 1512 3200 homines
1532 3162 1563 3200 e
1583 3142 1823 3200 tenebris
1842 3156 2141 3212 prorepen-

569 3251 653 3295 tes
702 3238 884 3310 (erant
926 3238 1073 3293 enim
1111 3238 1287 3293 exorti
1325 3240 1394 3293 ab
1432 3236 1678 3293 occiduis
1712 3234 1984 3306 partibus)
2036 3234 2140 3289 heu

569 3330 844 3401 quomodo
869 3329 1075 3398 reliqua
1107 3328 1359 3398 persequi
1396 3328 1618 3398 potero?
1653 3326 1765 3390 isti,
1801 3326 2045 3396 inquam,
2088 3324 2145 3379 in

571 3429 811 3492 gentem,
847 3420 1061 3474 novella
1091 3434 1321 3488 quorum
1348 3418 1521 3489 pietas
1546 3428 1792 3488 etnuper
1821 3418 2144 3479 constituta,

572 3520 829 3580 tanquam
855 3509 1054 3580 fulgur,
1086 3518 1245 3564 terra:
1288 3520 1601 3573 motus,seu
1634 3510 1855 3580 copiosa
1892 3508 2100 3580 grando
2128 3524 2145 3574 ;

571 3612 667 3659 aut
715 3614 774 3658 ut
820 3603 1096 3674 proprius,
1149 3602 1296 3672 quod
1336 3602 1547 3657 accedit
1591 3602 1666 3663 ad
1736 3614 1790 3660 Bt
1837 3602 2145 3665 veritatem,

572 3698 772 3763 dicam,
827 3705 1084 3766 tanquam
1139 3710 1272 3765 aper
1313 3695 1536 3767 agrestis
1562 3696 1779 3750 vineam
1813 3696 2025 3750 Domini
2059 3696 2147 3751 di-

574 3790 795 3854 lectam,
856 3803 1033 3858 nuper
1088 3788 1354 3843 consitam
1411 3786 1736 3846 insil'remes,
1797 3788 2026 3856 pedibus
2093 3796 2150 3842 et

574 3878 854 3941 dentibus,
880 3877 987 3930 hoc
1014 3885 1098 3931 est
1130 3876 1338 3930 semitis
1366 3874 1687 3943 quibusdam
1727 3876 1926 3944 politia:
1954 3877 2147 3947 turpis,

577 3980 633 4025 et
659 3969 974 4040 dogmatum
1002 3968 1446 4037 depravatorum,
1499 3979 1621 4033 quae
1655 3964 1870 4020 illorum
1907 3977 2025 4022 erat
2048 3983 2150 4022 au-

576 4062 754 4123 dacia,
796 4060 1175 4129 depraedantes
1204 4057 1594 4121 devastabant;
1636 4059 1784 4112 omni
1828 4075 1952 4113 cum
2004 4061 2152 4115 frau-

576 4151 820 4207 dulentia
851 4167 881 4205 a
908 4151 1057 4205 sanis
1084 4162 1139 4206 et
1173 4150 1325 4221 puris
1350 4149 1713 4221 dogmatibus.
1756 4162 1812 4205 et
1842 4153 1945 4208 ﬁde
1974 4153 2153 4208 incul-

576 4254 705 4315 pata
749 4242 1204 4309 Christianorum,
1256 4258 1350 4298 eos
1383 4243 1611 4299 subdole
1634 4244 1903 4301 deducere
1952 4255 2153 4304 eteor-

578 4350 835 4404 rumpere
862 4335 1222 4390 conabantur.
1575 4383 1585 4394 ,

650 4426 702 4482 5.
746 4426 1019 4497 Imprimis
1046 4438 1235 4482 contra
1268 4427 1525 4482 Ecclesiae
1566 4441 1808 4481 canones
1856 4426 2043 4481 illicite
2086 4427 2154 4481 ad

2240 1925 2444 1998 ρότητα
2495 1929 2590 1980 καὶ
2645 1927 3015 1995 θεογνωσίαν,
3072 1928 3212 1982 ὥστε
3264 1929 3372 1982 τῶν
3406 1930 3705 2000 δαιμονίων
3731 1931 3811 1984 καὶ

2239 2017 2509 2089 πατρῴων
2569 2020 2860 2084 ἐκστάντες
2897 2021 3125 2091 ὀργίων,
3184 2024 3281 2076 καὶ
3331 2022 3433 2091 τῆς
3499 2022 3810 2093 Ἑλληνικῆς

2238 2108 2664 2178 δεισιδαιμονίας
2693 2111 3205 2179 ἀποσκευασάμενοι
3228 2109 3327 2180 τὴν
3351 2110 3587 2181 πλάνην,
3619 2111 3699 2172 είς
3722 2109 3810 2180 τὴν

2237 2201 2347 2255 τῶν
2375 2201 2717 2271 Χριστιανῶν
2747 2202 3067 2273 παραδόξως
3110 2203 3707 2273 μετενεκεντρίσθησαν
3734 2201 3811 2254 πί-

2240 2310 2375 2347 στιν.

2309 2384 2371 2438 δ’.
2418 2382 2559 2437 Ἀλλ’
2590 2378 2636 2438 ὦ
2662 2386 2904 2457 πονηρᾶς
2936 2386 3031 2440 καὶ
3066 2385 3336 2456 βασκάνου
3366 2386 3461 2439 καὶ
3500 2386 3669 2440 ἀθέου
3698 2387 3807 2456 Bou-

2238 2477 2338 2548 λῆς
2359 2495 2419 2530 τε
2448 2479 2542 2531 καὶ
2572 2478 2823 2550 πράξεως
2850 2480 2863 2532 l
2894 2478 2956 2532 Ἦ
2981 2480 3088 2550 γὰρ
3103 2479 3325 2550 τοιαύτη
3348 2480 3629 2549 διήγησις,
3650 2480 3810 2548 Εὐαγ-

2240 2570 2437 2640 γελίων
2488 2566 2626 2624 οὖσα
2671 2570 2952 2638 ὑπόθεσις,
2983 2574 3061 2635 είς
3109 2574 3413 2643 κατήφειαν
3447 2576 3808 2643 μετατίθεται,

2240 2664 2339 2732 τῆς
2379 2662 2719 2733 εὐφροσύνης
2782 2663 2878 2717 καὶ
2907 2665 3083 2734 χαράς
3136 2665 3216 2728 εἰς
3253 2664 3483 2729 πένθους
3518 2668 3808 2737 τραπείσης

2242 2755 2335 2806 καὶ
2362 2752 2596 2825 δάκρυα.
2629 2756 2796 2809 Οὔπω
2819 2757 2929 2826 γὰρ
2958 2758 3168 2809 ἐκείνου
3209 2756 3300 2810 τοῦ
3354 2757 3572 2823 ἔθνους,
3608 2760 3715 2811 οὐδ’
3740 2762 3810 2824 είς

2240 2844 2334 2898 δύο
2362 2848 2664 2913 ἐνιαυτοὺς,
2689 2850 2787 2918 τὴν
2825 2848 2990 2919 ὀρθὴν
3036 2848 3143 2900 τῶν
3174 2850 3522 2920 Χριστιανῶν
3556 2852 3809 2921 τιμῶντος

2244 2940 2540 3009 θρησκείαν
2561 2958 2573 2970 ·
2597 2942 2791 3013 ἀνδρες
2814 2941 3092 3004 δυσσεϐεῖς
3121 2944 3216 2995 καὶ
3235 2944 3607 3013 ἀποτρόπαιοι
3637 2946 3746 3014 (καὶ
3764 2945 3810 2997 τί

2244 3034 2352 3103 γὰρ
2380 3034 2481 3087 ούκ
2510 3034 2576 3088 ἄν
2604 3050 2688 3098 τις
2722 3034 2963 3087 εὐσεϐῶν
2994 3033 3216 3096 τούτους
3247 3036 3688 3105 ὲξονομάσειεν;)
3728 3036 3809 3089 ἄν-

2243 3125 2368 3194 δρες
2392 3126 2457 3177 ὲκ
2485 3126 2711 3189 σκότους
2739 3126 3033 3191 ἀναδύντες
3060 3128 3179 3199 (τῆς
3208 3127 3317 3200 γὰρ
3340 3129 3603 3197 ἑσπερίου
3634 3130 3813 3199 μοίρας

2248 3218 2495 3288 ὑπῆρχον
2524 3220 2863 3288 γεννήματα)
2891 3219 3036 3289 οἶμοι
3084 3221 3201 3284 πῶς
3256 3222 3315 3274 τὸ
3354 3222 3654 3275 ὑπόλοιπον
3688 3222 3814 3274 ἐκδι-

2246 3310 2561 3380 ηγήσομαι;
2596 3303 2765 3374 οὗτοι,
2812 3310 2949 3380 πρὸς
2991 3310 3052 3363 τὸ
3096 3312 3361 3379 νεοπαγὲς
3412 3314 3491 3373 είς
3539 3312 3813 3365 εὐσέϐειαν

2247 3403 2342 3454 καὶ
2374 3400 2732 3455 νεοσύστατον
2756 3400 2929 3464 ἔθνος,
2964 3400 3153 3472 ὥσπερ
3182 3405 3447 3472 κεραυνὸς
3472 3404 3506 3473 ἢ
3544 3403 3813 3473 σεισμόςῆ

2247 3493 2489 3566 χαλάζης
2514 3493 2737 3564 πλῆθος,
2772 3494 2973 3564 μᾶλλον
2991 3494 3048 3547 δὲ
3067 3495 3395 3566 οἰκειότερον
3414 3498 3616 3561 εἰπεῖν,
3640 3496 3815 3565 ὥσπερ

2248 3589 2439 3660 ἀγριος
2478 3588 2658 3658 μονιδς
2688 3589 3109 3660 ἐμπηδήσαντες
3135 3590 3226 3642 τὸν
3252 3589 3556 3659 ἀμπελῶνα
3596 3590 3813 3660 Κυρίου,

2247 3681 2337 3733 τὸν
2367 3681 2723 3752 ἠγαπημένον
2744 3682 2839 3735 καὶ
2870 3682 3125 3749 νεόφυτον
3159 3684 3255 3735 καὶ
3276 3682 3434 3734 ποσὶν
3461 3683 3559 3734 καὶ
3596 3682 3814 3743 ὀδοῦσιν,

2248 3772 2365 3842 ήτοι
2392 3771 2600 3840 τρίϐοις
2626 3773 2859 3842 αίσχρᾶς
2891 3772 3186 3837 πολιτείας,
3221 3772 3316 3825 καὶ
3341 3771 3615 3843 διαφθορᾷ
3636 3772 3819 3841 δογμά-

2248 3879 2379 3925 των,
2419 3862 2545 3930 τόγε
2574 3864 2653 3921 είς
2674 3862 2879 3932 τόλμαν
2906 3856 3041 3933 ἧκον
3063 3864 3161 3933 τὴν
3189 3863 3389 3929 αὐτῶν,
3438 3864 3818 3934 κατανεμησά-

2253 3972 2405 4025 μενοι
2435 3954 2804 4024 ἐλυμήναντο·
2846 3955 2955 4008 ἀπὸ
2979 3957 3085 4027 γὰρ
3108 3955 3215 4007 τῶν
3243 3956 3421 4025 ὀρθῶν
3452 3959 3549 4010 καὶ
3572 3958 3817 4028 καθαρῶν

2250 4048 2559 4118 δογμάτων,
2588 4048 2805 4118 καὶτῆς
2834 4048 2945 4101 τῶν
2989 4050 3331 4119 Χριστιανῶν
3378 4051 3685 4119 ἀμωμήτου
3740 4049 3820 4101 πί-

2256 4156 2449 4203 στεως,
2504 4139 2905 4210 παραφθείρειν
2955 4141 3203 4208 τούτους,
3255 4141 3351 4195 καὶ
3382 4143 3659 4213 ύποσπᾷν,
3704 4158 3821 4196 κατ-

2254 4246 2456 4283 επανου
2466 4230 2739 4300 ργήσαντο
2752 4261 2766 4274 ι

2328 4427 2391 4473 ε’.
2419 4422 2527 4474 Καὶ
2547 4422 2765 4488 πρῶτον
2796 4425 2896 4493 μὲν
2920 4425 3121 4489 αὐτοὺς
3141 4426 3473 4496 ἐκθέσμους,
3500 4432 3582 4493 εἰς
3604 4432 3700 4501 τὴν
3724 4430 3819 4483 τῶν

580 4518 944 4575 Sabbatorum
973 4520 1180 4589 jejunia
1234 4520 1612 4575 traducebant.
1651 4519 1801 4572 Solet
1846 4530 2027 4573 autem
2068 4520 2145 4573 vel

2260 4510 2552 4565 Σαϐϐάτων
2572 4513 2825 4584 νηστείαν
2846 4516 3203 4587 μετέστησαν.
3245 4515 3366 4572 Οἷδε
3389 4520 3448 4573 δὲ
3485 4523 3581 4574 καὶ
3602 4524 3634 4591 ή
3666 4522 3821 4589 μικρὰ

578 4611 853 4666 levissima
888 4612 1241 4665 traditionqu
1282 4612 1547 4683 neglectio
1575 4612 1828 4667 homines
1875 4613 1942 4667 ad
1989 4614 2156 4667 totius

576 4702 839 4758 doctrina;
870 4710 1244 4772 contemptum
1268 4704 1574 4757 traducere.
1610 4703 1667 4757 In
1716 4704 1994 4767 secundis,
2046 4704 2157 4773 pri-

574 4812 717 4849 mani
796 4794 1127 4864 jejuniorum
1197 4795 1740 4866 quadragesimalium
1800 4796 2009 4851 scilicet
2069 4811 2159 4850 sc-

574 4889 876 4956 ptimanam
913 4900 945 4938 a
983 4895 1180 4940 caetero
1224 4886 1437 4955 jejunio
1466 4886 1866 4956 discerpentes,
1899 4887 1952 4941 in
2005 4886 2159 4941 lactis

575 4978 879 5049 potionem,
911 4980 1056 5034 casei
1091 4994 1267 5045 esum,
1297 4987 1353 5032 et
1375 4979 1639 5033 similium
1681 4978 2158 5050 ingurgitationem

579 5080 891 5125 traxerunt.
911 5071 996 5126 Ab
1022 5072 1105 5127 his
1139 5071 1376 5127 exordiis
1406 5072 1905 5141 transgressionum
1933 5070 2045 5123 vias
2076 5070 2160 5123 di-

576 5162 833 5225 latantes,
878 5164 947 5218 de
970 5175 1115 5218 recto
1150 5164 1367 5218 tramite
1394 5174 1450 5218 et
1473 5164 1621 5235 regia
1650 5163 1737 5217 via
1764 5162 2158 5227 deturbarunt;

576 5252 895 5308 sacerdotes
911 5252 1164 5324 deinceps
1182 5254 1427 5327 legitimo
1444 5255 1768 5324 conjunctos
1785 5252 2157 5319 matrimonio,

577 5345 669 5416 qui
704 5344 913 5415 puellas
935 5346 1133 5400 multas
1159 5346 1276 5403 sine
1302 5348 1420 5401 viro
1454 5348 1717 5401 mulieres
1756 5344 2079 5409 eﬂecernnt,
2104 5354 2159 5400 et

576 5437 839 5492 mulieres
866 5452 1069 5507 pueros
1110 5440 1426 5503 educantcs,
1480 5456 1711 5510 quorum
1756 5453 1918 5492 nemo
1949 5447 2153 5507 patrem

577 5529 750 5595 novit,
779 5544 930 5595 vere,
966 5530 1044 5584 uti
1072 5530 1335 5597 dixeram,
1375 5533 1688 5588 sacerdotes
1727 5530 1823 5585 Dei
1852 5528 2153 5582 abominari

2257 4603 2367 4655 τῶν
2397 4604 2812 4675 παραδοθέντων
2843 4606 3119 4677 ἀθέτησις,
3159 4611 3253 4663 καὶ
3278 4610 3415 4679 πρὸς
3441 4610 3574 4679 ὃλην
3594 4612 3687 4665 τοῦ
3711 4612 3823 4679 δόγ-

2262 4714 2431 4767 ματος
2452 4698 2734 4767 ἐπιτρίψαι
2754 4708 2775 4736 '
2804 4701 3232 4772 καταφρόνησιν.
3268 4704 3499 4757 Ἔπειτα
3528 4706 3585 4759 δὲ
3614 4706 3709 4777 τὴν
3728 4707 3823 4758 τῶν

2258 4790 2523 4859 νηστειῶν
2556 4791 2783 4862 πρώτην
2812 4794 3105 4864 ἑϐδομάδα,
3136 4796 3233 4866 τῆς
3265 4796 3435 4867 ἄλλης
3464 4800 3720 4861 νηστείας
3742 4816 3826 4850 πε-

2264 4880 2610 4949 ρικόψαντες,
2656 4884 2738 4945 είς
2772 4884 3236 4953 γαλακτοποσίας,
3283 4890 3379 4941 καὶ
3417 4890 3589 4961 τυροῦ
3614 4890 3822 4961 τροφὴν,

2260 4973 2354 5025 καὶ
2381 4975 2480 5041 τὴν
2510 4973 2616 5027 τῶν
2651 4975 2851 5044 ὁμοίων
2893 4976 3235 5047 ἀδδηφαγίαν
3281 4978 3674 5033 καθείλκυσαν.
3720 4979 3823 5031 Ἐν-

2260 5064 2451 5117 τεῦθεν
2475 5067 2657 5127 αὐτοῖς
2688 5068 2788 5135 τὴν
2809 5067 2927 5120 ὁδὸν
2948 5069 3056 5121 τῶν
3078 5070 3447 5140 παραϐάσεων
3470 5072 3822 5141 ὲμπλατύνον-

2260 5172 2373 5219 τες,
2398 5156 2610 5226 καὶτῆς
2641 5158 2859 5222 εὐθείας
2890 5160 3080 5231 τρίϐου
3115 5164 3206 5215 καὶ
3263 5162 3554 5233 βασιλικῆς
3594 5164 3821 5235 διαστρέο

2266 5263 2479 5314 φοντες,
2496 5250 2588 5300 καὶ
2610 5249 2667 5301 δὲ
2699 5252 2794 5303 καὶ
2825 5255 2951 5316 τοὺς
2973 5252 3222 5325 ὲνθέσμῳ
3244 5256 3411 5326 γάμῳ
3433 5256 3824 5328 πρεσϐυτέρους

2262 5342 2681 5414 διαπρέποντας,
2710 5348 2758 5398 οἰ
2791 5347 2993 5410 πολλὰς
3029 5348 3201 5420 κόρας
3237 5352 3406 5419 χωρὶς
3438 5350 3633 5421 dvdpo;
3662 5351 3824 5417 γυναί·

2260 5455 2362 5501 κας
2390 5438 2731 5503 δεικνύντες,
2768 5442 2862 5492 καὶ
2896 5443 3163 5508 γυναῖκας
3194 5444 3391 5505 παῖδας
3443 5442 3822 5512 ἐκτρεφούσας.

2261 5524 2338 5584 ὧν
2364 5532 2465 5583 οὐκ
2484 5530 2601 5585 ἔστι
2627 5533 2838 5602 πατέρα
2859 5533 3181 5600 θεάσασθαι,
3200 5528 3367 5601 οὗτοι,
3392 5536 3516 5600 τοὺς
3539 5535 3615 5599 ὡς
3629 5533 3825 5605 ἀληθῶς

1844 5691 2079 5746 νΑίὶΙᾹΞ
2114 5691 2517 5749 LECTIONES.

657 5834 680 5865 ι
714 5827 799 5880 lc.
830 5828 1138 5898 ἐπιτρέψαι.
