4044 6400
235 321 353 383 725

1400 323 1937 386 EPISTOLARUM
1971 320 2205 383 LIBER
2242 320 2293 382 Ι.

3402 303 3508 365 7‘26

230 431 375 486 Θεοῦ
408 430 597 503 ἱερεῖς,
643 430 1009 501 μυσάττεσθαί
1071 449 1154 499 τε,
1209 431 1305 487 καὶ
1352 433 1820 505 ἀποστρέφεσθαι.

1948 442 1978 487 :t
2010 430 2285 487 adversari
2300 429 2637 491 docuerunt;
2665 422 2877 478 semina
2897 417 3155 474 nimirum
3182 413 3508 470 Manichac-

232 522 670 594 παρεσκεύασαν
692 539 707 554 ⁸
764 525 865 597 τῆς
890 524 1080 580 Μανοῦ
1107 526 1407 597 γεωργίας,
1432 528 1491 581 ἐν
1516 528 1722 593 αὑτοῖς,
1751 528 1823 582 τὰ

235 616 541 688 σπέρματα
572 619 1064 690 κατασπείροντες,
1091 620 1187 674 καὶ
1209 619 1388 690 ψυχὰς
1434 621 1562 692 ἄρτι
1588 620 1824 691 βλαστά-

232 726 352 763 νειν
387 711 696 782 ἅρξαμένας
715 711 807 766 τὸν
839 712 1039 785 σπόρον
1061 717 1161 786 τῆς
1194 713 1499 779 εὐσεϐείας,
1522 717 1589 786 τῇ
1609 715 1719 769 τῶν
1742 713 1824 779 ζι-

233 802 439 869 ζανίων
468 806 744 878 ὲπισπορᾷ
771 807 1181 877 λυμαινόμενοι.

315 902 390 961 ς’.
436 896 601 951 Ἀλλά
620 913 685 966 γε
715 898 802 969 δὴ,
830 900 924 952 καὶ
949 902 1079 963 τοὺς
1112 899 1219 954 ὑπὸ
1245 899 1637 971 πρεσϐυτέρων
1666 900 1826 972 μύρῳ

237 989 592 1061 χρισθέντας,
618 991 976 1062 ἀναμυρίζειν
1001 993 1155 1047 αὐτοὶ
1184 994 1247 1047 ού
1289 996 1627 1068 πεφρίκασιν
1647 1012 1661 1025 ο
1707 995 1828 1047 ἐπι-

241 1077 484 1141 σκόπους
504 1080 730 1145 ἑαυτοὺς
763 1082 1208 1152 ἀναγορεύοντες,
1227 1085 1323 1138 καὶ
1349 1085 1412 1138 τὸ
1444 1085 1554 1139 τῶν
1585 1084 1827 1155 πρεσϐυ-

235 1167 417 1236 τέρων
448 1169 679 1240 χρίσμα,
712 1171 982 1243 ἄχρηστον
1011 1167 1173 1238 εἶναι,
1197 1177 1291 1229 καὶ
1318 1177 1401 1240 είς
1434 1176 1613 1248 μάτην
1644 1180 1829 1230 ἐπιτε-

238 1255 474 1323 λεῖσθαι,
515 1277 573 1313 τε
580 1262 775 1330 ρατευό
782 1281 956 1333 μενοι.

319 1346 735 1422 ζ’.Ἀρέστιν,
784 1355 845 1419 ὃς
897 1356 1238 1429 τηλικαύτην
1288 1361 1427 1430 ἀκοῇ
1487 1359 1828 1431 παρείληφεν

242 1438 457 1505 ἄνοιαν,
485 1443 552 1514 ἢν
579 1444 927 1514 κατατολμᾷν
960 1448 1010 1499 οἱ
1046 1446 1400 1517 παράφρονες
1444 1446 1545 1499 οὑκ
1586 1445 1825 1516 ἐνάρκη-

245 1545 390 1597 σαν;
419 1532 558 1596 Τοὺς
585 1533 733 1601 ἅπαξ
761 1534 919 1606 μύρῳ
944 1535 1283 1606 Δχρισθένιιτας
1329 1536 1699 1606 ἀναχρίοντες,
1734 1536 1830 1590 καὶ

243 1621 318 1673 τὰ
346 1621 458 1674 τῶν
486 1624 832 1693 Χριστιανῶν
857 1626 1115 1698 ὑπερφυῆ
1142 1629 1237 1682 καὶ
1261 1626 1381 1681 θεῖα
1410 1618 1713 1700 μυστήρια,
1747 1629 1829 1692 είς

243 1713 413 1786 λῆρον
449 1717 677 1787 μακρὸν,
704 1718 800 1771 καὶ
827 1718 1038 1772 πλατὺν
1060 1718 1444 1791 ὲξορχούμενοι
1469 1720 1826 1789 γέλωτα.Καὶ

1926 542 2047 581 rum
2084 521 2488 596 agricolationis
2542 517 2682 588 apud
2717 516 2837 570 illos
2870 520 3141 572 serentes.
3171 516 3229 563 et
3264 507 3530 567 animas,‘

1930 629 2037 674 tam
2067 615 2387 686 nuperrime
2419 627 2609 669 semen
2640 608 2859 680 pietatis
2881 603 3128 676 proferre
3158 599 3508 670 incipientes,

1928 712 2212 783 superiore
2239 706 2599 763 seminatione
2629 701 2964 757 zizaniorum
2988 696 3129 751 male
3153 693 3469 765 perdentes.
3493 709 3502 749 ι

1997 894 2052 948 6.
2092 891 2199 947 Sed
2251 898 2307 946 et
2357 888 2655 944 chrismate
2698 884 2956 939 inunctos
3004 893 3103 949 per
3160 875 3509 933 sacerdotes.

1927 988 2110 1043 denuo
2140 985 2438 1041 chrismate
2471 982 2737 1051 inungere
2766 992 2879 1032 non
2908 972 3266 1036 dubitabant;
3298 983 3423 1023 cum
3454 982 3515 1020 se

1927 1077 2217 1148 episcopos
2251 1074 2633 1145 prmdicarent.
2667 1079 2723 1124 et
2777 1065 3226 1138 presbyterorum
3273 1059 3515 1114 chrisma

1928 1169 2122 1223 inutile
2178 1166 2437 1238 quiddam
2490 1179 2554 1219 ac
2601 1163 2803 1217 frustra
2857 1159 3062 1214 factum
3132 1152 3517 1210 comminisce-

1930 1270 2140 1316 rentur.

2001 1354 2052 1407 7.
2094 1353 2177 1406 An
2204 1350 2367 1406 talem
2397 1348 2521 1419 quis
2550 1346 2821 1401 insaniam
2874 1341 3169 1413 aliquando
3215 1337 3380 1393 fando
3413 1350 3517 1389 au-

1929 1444 2085 1508 divit,
2120 1458 2283 1513 quam
2315 1457 2424 1495 non
2471 1439 2807 1495 cohorruere
2860 1434 3204 1489 insanientes
3235 1429 3323 1483 isti
3357 1426 3517 1481 facti—

1931 1536 2077 1593 tare?
2124 1543 2184 1590 ut
2209 1535 2376 1590 semel
2405 1533 2528 1588 oleo
2553 1531 2827 1586 delibutos
2860 1542 3050 1582 rursus
3083 1525 3436 1593 inungerent,
3464 1527 3520 1573 et

1930 1637 2161 1701 augusta
2198 1630 2287 1682 illa
2325 1626 2622 1694 divinaque
2667 1621 3107 1677 Christianorum
3153 1612 3407 1686 mysteria
3461 1611 3517 1664 in

1930 1722 2073 1778 bene
2102 1721 2290 1790 longas
2314 1733 2487 1789 nugas
2508 1725 2565 1771 et
2602 1715 2775 1769 risum
2814 1711 3226 1779 lubentiamque
3252 1716 3520 1761 conversa

243 1807 307 1859 τό
327 1823 391 1874 γε
419 1808 581 1875 σοφὸν
604 1809 712 1861 τῶν
734 1809 808 1873 ὠς
833 1810 1049 1880 άληθῶς
1073 1787 1356 1882 ἀμυήτων.
1392 1813 1465 1864 Οὐ
1482 1787 1605 1882 γὰρ
1630 1811 1829 1878 ἔξεστι,

1948 1814 2330 1884 proculcarent.
2366 1787 2472 1864 sed
2514 1807 2638 1862 vide
2688 1802 3209 1859 insanctiﬁcatorum
3256 1793 3518 1851 fallacias.

244 1897 438 1964 φασὶν,
494 1898 734 1969 ἱερεῦσιν
785 1902 913 1962 τοὺς
941 1901 1300 1971 τελουμένους
1348 1902 1507 1973 μύρῳ
1540 1903 1827 1972 ἀγιάζειν*

244 1989 567 2059 ἀρχιερεῦσι
601 1990 707 2062 γὰρ
740 1992 923 2061 μόνοις
954 1994 1217 2064 ἐνομίσθη
1237 2010 1251 2023 ·
1277 1994 1440 2047 πόθεν
1468 1997 1496 2049 ὁ
1530 1994 1691 2066 νόμος
1714 2011 1728 2061 ;
1750 1993 1834 2057 τίς

246 2079 342 2133 δ’ὁ
368 2080 705 2153 νομοθέτης;
748 2086 900 2145 ποῖος
944 2085 1054 2138 τῶν
1109 2088 1462 2152 ἀποστόλων;
1498 2086 1607 2140 τῶν
1656 2087 1837 2142 Πατέ-

250 2190 366 2243 ρων
389 2172 479 2239 δέ;
513 2174 651 2228 ἀλλά
673 2177 781 2229 τῶν
805 2178 1040 2231 συνόδων
1061 2195 1076 2245 ;
1107 2178 1140 2251 ἢ
1167 2179 1271 2233 ποῦ
1288 2181 1381 2233 καὶ
1401 2180 1533 2233 πότε
1552 2183 1795 2235 συστᾶσα
1817 2200 1832 2249 ;

245 2266 414 2319 τίνων
443 2267 501 2319 δὲ
526 2268 853 2338 κρατήσασα
880 2269 1119 2341 ψήφοις;
1144 2271 1245 2324 ούκ
1262 2271 1473 2338 ἔξεστιν
1510 2274 1648 2344 ίερεῖ
1678 2272 1838 2345 μύρῳ

246 2359 378 2421 τοὺς
399 2358 834 2431 βαπτιζομένους
868 2363 1225 2434 σφραγίζειν;
1257 2365 1453 2419 οὐκοῦν
1484 2366 1606 2419 οὑδὲ
1639 2366 1837 2437 βαπτί-

248 2454 371 2517 ζειν
401 2454 559 2518 ὅλως,
592 2455 715 2509 οὐδὲ
747 2456 1026 2527 ίερᾶσθαι’
1065 2457 1174 2527 ἄρα
1211 2458 1300 2512 ἵνα
1328 2475 1411 2512 σοι
1461 2458 1599 2530 μηδὲ
1643 2460 1840 2530 ἡμίτο-

252 2564 359 2617 μος
396 2548 597 2618 ἱερεὺς,
626 2548 745 2602 ἀλλ’
770 2548 1087 2621 ὁλόκληρος,
1122 2552 1203 2613 είς
1252 2551 1471 2623 ἀνίερον
1500 2552 1588 2623 εἴη
1636 2552 1840 2623 κλῆρον

250 2637 690 2709 ἀπεληλαμένος.
756 2639 1054 2711 Ὶερουργεῖ
1100 2642 1163 2694 τὸ
1195 2641 1518 2697 δεσποτικὸν
1554 2643 1716 2714 σῶμα
1748 2645 1841 2697 καὶ

252 2725 401 2802 αἷμα
430 2732 692 2804 Χριστοῦ,
724 2734 970 2798 καὶτοὺς
1004 2734 1175 2788 πάλαι
1211 2735 1750 2807 μυσταγωγηθέντας
1772 2735 1841 2789 δι’

252 2824 439 2878 αὐτῶν
462 2825 810 2895 καθαγιάζει,
831 2827 947 2890 πῶς
974 2827 1073 2899 οὑχ
1103 2828 1323 2896 ἀγιάσει
1347 2828 1505 2900 μύρῳ
1526 2829 1694 2900 χρίων
1715 2828 1843 2891 τοὺς

253 2916 356 2970 νῦν
387 2917 781 2989 τελουμένους;
819 2920 1070 2990 βαπτίζει
1097 2922 1126 2973 ὁ
1156 2922 1360 2992 ἱερεὺς,
1410 2922 1710 2993 καθάρσιον
1741 2921 1843 2975 δῶ-

256 3026 357 3081 ρον
382 3008 460 3080 τῷ
500 3008 884 3083 βαπτιζομένῳ
917 3011 1338 3086 τελεσιουργῶν,
1396 3014 1534 3079 πῶς,
1577 3007 1646 3085 ἧς
1691 3013 1843 3066 τελε-

1935 1908 2053 1963 Non
2081 1908 2230 1969 licet,
2280 1904 2558 1964 dicebant,
2620 1897 2999 1956 sacerdotibus
3051 1891 3352 1963 baptizatos
3398 1887 3523 1942 oleo

1936 2000 2279 2057 sanctiﬁcare
2312 2015 2326 2051 :
2365 1998 2469 2051 hoc
2493 1994 2639 2050 enim
2670 1993 2801 2049 solis
2847 1991 2965 2061 lege
3016 1999 3339 2042 concessum
3402 1980 3522 2050 cpi-

1937 2094 2137 2165 scopis.
2177 2093 2378 2148 Verum
2414 2089 2559 2145 unde
2589 2089 2678 2143 illa
2720 2086 2851 2141 lex?
2894 2084 3027 2150 Quis
3058 2080 3334 2152 legislator
3363 2077 3386 2129 ?
3418 2077 3523 2130 Ec-

1938 2187 2061 2257 quis
2092 2183 2461 2254 apostolorum
2493 2197 2507 2233 :
2539 2179 2635 2234 sed
2656 2194 2723 2232 an
2742 2178 2828 2232 vel
2858 2175 3106 2237 Patrum,
3132 2180 3227 2226 aut
3245 2186 3276 2224 e
3303 2168 3526 2239 synodis

1938 2278 2155 2348 aliqua?
2189 2276 2280 2330 ubi
2316 2274 2557 2345 gentium
2592 2272 2702 2332 illa.
2752 2270 2838 2325 vel
2885 2266 3107 2338 quando
3151 2272 3360 2325 coacta,
3389 2277 3527 2331 quo-

1941 2384 2133 2424 rumve
2161 2368 2304 2422 votis
2329 2366 2536 2421 sancita
2568 2372 2623 2419 et
2645 2360 2957 2433 suﬁ’ragiis?
3004 2357 3120 2413 Non
3167 2357 3296 2410 licet
3345 2369 3529 2408 sacer-

1941 2462 2075 2529 doti,
2106 2460 2411 2530 baptizatos
2441 2459 2563 2512 oleo
2597 2455 2852 2528 signare?
2906 2452 3070 2507 Certe
3120 2460 3235 2505 tum
3281 2463 3384 2502 nec
3433 2448 3529 2500 ba-

1943 2556 2168 2626 ptizare,
2200 2568 2303 2608 nec
2345 2550 2675 2613 sacriﬁcare,
2717 2556 2881 2617 atque
2914 2546 2982 2600 de
3016 2543 3191 2599 media
3231 2541 3315 2596 sui
3345 2549 3524 2611 parte,

1943 2647 2198 2702 sacerdos
2231 2660 2341 2699 non
2385 2643 2694 2714 perfectus,
2733 2640 2787 2694 in
2844 2647 3047 2693 sortem
3099 2636 3257 2690 abeat
3302 2633 3528 2688 abactus

1945 2738 2247 2811 profanam.
2300 2736 2403 2804 Qui
2466 2750 2665 2805 corpus
2719 2732 3065 2787 Dominicum
3117 2735 3421 2790 consecrat,
3471 2732 3530 2779 et

1943 2832 2147 2887 Christi
2175 2829 2522 2901 sanguinem,
2552 2836 2606 2881 et
2652 2832 2751 2896 per
2788 2824 2878 2877 illa
2923 2822 3045 2877 illos
3091 2817 3398 2875 sanctiﬁcat
3434 2815 3529 2884 qui

1946 2922 2116 2976 sacris
2145 2927 2302 2975 erant
2331 2919 2457 2973 olim
2496 2915 2728 2980 initiati;
2764 2913 2908 2968 unde
2956 2911 3063 2966 erit
3107 2917 3169 2963 ut
3218 2922 3327 2961 non
3382 2906 3529 2962 idem

1946 3013 2248 3069 sanctiﬁcet
2278 3012 2399 3066 oleo
2443 3024 2653 3080 ungcns
2690 3004 3139 3062 consummatos?
3178 3000 3421 3070 baptizat
3446 3013 3533 3051 sa-

256 3102 515 3172 σιουργὸς
535 3103 695 3164 αὐτὸς
717 3104 953 3175 ὑπάρχει
972 3104 1314 3177 καθάρσεως,
1333 3107 1661 3178 ἀφαιρήσεις
1676 3105 1842 3159 αὑτοῦ

1949 3107 2161 3172 cerdos,
2185 3106 2387 3160 donum
2409 3101 2765 3173 expiatorium
2786 3100 2840 3153 in
2867 3097 3143 3169 baptizato
3165 3099 3548 3158 consummat;

252 3194 357 3263 τὴν
387 3193 636 3266 φυλακὴν
659 3196 754 3248 καὶ
782 3198 1083 3267 σφραγίδα;
1113 3199 1229 3252 ἀλλ’
1264 3201 1519 3269 ἀφαιρεῖς
1541 3198 1641 3269 τὴν
1674 3216 1846 3269 σφρα-

256 3286 408 3353 γίδα,
448 3285 572 3357 μηδ’
603 3288 900 3359 ὑπηρετεῖν
956 3290 1293 3362 ὲπιστρέψῃς
1326 3297 1347 3323 ³
1388 3290 1486 3361 ,τῷ
1516 3290 1694 3361 δώρῳ,
1723 3290 1847 3362 μηδ’

257 3381 321 3432 ὲν
351 3379 499 3450 αύτῴ
530 3398 679 3444 τινας
725 3382 1158 3455 τελεσιουργεῖν,
1191 3383 1279 3436 ἵνα
1314 3400 1375 3437 σε
1406 3386 1656 3455 γυμνοῖς,
1689 3386 1718 3438 ὁ
1755 3383 1849 3447 σὸς

260 3472 467 3543 ἱερεὺς,
489 3473 867 3544 ὲνδιαπρέπων
887 3475 1169 3546 ὀνόμασιν,
1197 3476 1297 3545 τῆς
1316 3476 1489 3546 αὐτῆς
1519 3475 1667 3547 αύτῷ
1688 3492 1849 3547 χορο-

263 3564 494 3627 στασίας
529 3569 825 3638 κορυφαῖον
853 3563 1023 3642 δείξῃ,
1054 3569 1149 3623 καὶ
1169 3567 1491 3625 ἐπίσκοπον.

340 3834 412 3901 η’.
454 3830 617 3884 Ἀλλὰ
657 3831 768 3902 γὰρ
811 3832 932 3902 οὐχὶ
984 3832 1146 3902 μόνον
1176 3834 1259 3897 εἰς
1290 3833 1467 3888 ταῦτα
1514 3836 1852 3903 παρανομεῖν

265 3924 663 3995 ἐξηνέχθησαν,
695 3915 854 3978 ἀλλῶ
880 3926 977 3979 καὶ
1027 3924 1189 3989 εἴτις
1215 3925 1406 3979 κακῶν
1442 3927 1558 3979 ἐστι
1598 3926 1852 3996 κορωνὶς,

265 4016 478 4089 ταύτην
512 4017 838 4089 ἀνέδραμον.
898 4018 1044 4089 Πρὸς
1093 4019 1201 4089 γάρ
1254 4035 1339 4071 τοι
1371 4021 1484 4080 τοῖς
1539 4016 1855 4088 εἰρημένοις

267 4114 612 4182 ἀτοπήμασι,
644 4112 740 4165 καὶ
759 4112 820 4165 τὸ
854 4111 1000 4182 ἱερὸν
1030 4111 1123 4165 καὶ
1158 4112 1316 4179 ἅγιον
1341 4110 1633 4180 σύμϐολον,
1662 4110 1689 4163 ὃ
1719 4112 1855 4163 πᾶσι

266 4207 383 4267 τοῖς
414 4204 712 4268 συνοδικοῖς
745 4206 841 4257 καὶ
866 4206 1266 4274 οἱκουμενικοῖς
1308 4204 1677 4274 ψηφίσμασιν,
1708 4202 1857 4275 ἅμα-

1949 3215 2055 3269 qua
2084 3196 2295 3251 ratione
2324 3195 2564 3265 privabis
2614 3192 2765 3247 illum
2800 3189 3049 3245 custodia
3085 3198 3141 3243 et
3182 3186 3358 3256 sigillo
3388 3184 3551 3237 illius.

1951 3288 2371 3361 puriﬁcationis,
2406 3284 2566 3356 cujus
2618 3286 2735 3355 ipse
2782 3292 2901 3337 erat
2952 3277 3402 3336 consummator?
3438 3290 3537 3329 vc-

1952 3400 2071 3439 rum
2096 3382 2279 3436 aufers
2314 3380 2573 3451 sigillum,
2613 3393 2717 3432 nec
2763 3377 2908 3431 dono
2953 3373 3157 3445 pateris
3202 3368 3536 3431 subservire,

1951 3492 2055 3531 nec
2081 3475 2293 3544 aliquos
2329 3488 2424 3542 per
2446 3472 2578 3526 illud
2609 3482 3012 3531 consummare,
3050 3474 3109 3519 ut
3150 3463 3299 3517 nudo
3326 3468 3536 3515 tantum

1952 3566 2174 3621 nomine
2215 3575 2342 3619 tuus
2374 3563 2669 3633 insignitus
2724 3560 3003 3622 sacerdos,
3055 3565 3108 3611 te
3155 3555 3373 3625 quidem
3412 3567 3549 3606 cum

1953 3662 2070 3732 ipso
2100 3659 2379 3715 societatis
2416 3666 2473 3713 et
2503 3656 2856 3712 chorostasize
2892 3653 3243 3724 coryphaeum
3274 3648 3539 3713 declaret,

1953 3764 2009 3809 et
2037 3754 2381 3825 episcopum.

2030 3849 2082 3901 8.
2122 3845 2414 3899 Enimvero
2451 3858 2563 3897 non
2613 3841 2670 3895 in
2720 3839 2838 3894 istis
2883 3846 3093 3893 tantum
3142 3850 3372 3905 peccare
3414 3844 3551 3913 sunt

1956 3938 2186 4001 inducti,
2218 3936 2313 3991 sed
2343 3936 2398 3990 in
2423 3934 2597 4004 ipsam
2630 3929 2927 4001 impietatis
2964 3927 3306 3990 coronidcm,
3333 3926 3378 3979 si
3422 3940 3545 3994 qua

1957 4032 2066 4086 ulla
2096 4038 2200 4091 est,
2232 4029 2594 4084 devenerunt.
2646 4023 2853 4077 Praeter
2888 4020 3033 4075 enim
3084 4027 3412 4073 memoratas
3446 4018 3545 4071 ah-

1958 4124 2251 4180 surditates
2283 4130 2532 4175 sanctum
2563 4126 2619 4172 et
2645 4130 2861 4170 sacrum
2910 4112 3241 4184 symbolum,
3293 4111 3438 4180 quod
3478 4110 3547 4164 ab

1960 4217 2216 4273 omnibus
2244 4211 2712 4269 mcumenicorum
2748 4206 3108 4262 conciliorum
3141 4203 3367 4258 calculis
3415 4218 3548 4257 con-

269 4313 369 4367 χον
399 4295 512 4366 ἔχει
546 4297 645 4367 τὴν
671 4297 847 4367 ἰσχὺν,
874 4296 1050 4359 νόθοις
1077 4296 1384 4364 λογισμοῖς,
1408 4296 1504 4349 καὶ
1536 4297 1842 4367 παρεγγρά-

1962 4309 2229 4370 ﬁrmatur,
2276 4313 2333 4357 et
2382 4302 2491 4355 vim
2545 4300 2759 4355 obtinet
2814 4296 3237 4358 irresistibilem,
3292 4294 3551 4348 sensibus

271 4404 431 4448 πτοις
479 4387 680 4456 λόγοις,
710 4388 826 4494 τκαὶ
877 4386 1112 4457 θράσους
1157 4387 1458 4457 ὑπερϐολῇ,
1514 4388 1842 4458 κιϐδηλεύειη

1962 4398 2185 4470 spuriis,
2215 4395 2398 4451 verbis
2425 4392 2704 4457 ascititiis,
2737 4405 2859 4459 quae
2902 4404 3116 4443 summa
3151 4386 3254 4440 fuit
3302 4386 3548 4455 ipsorum

2052 4489 2065 4494 _
2139 4487 2150 4494 .
2409 4482 2422 4494 .
2523 4492 2531 4494 Α
2694 4480 2707 4494 .
2756 4480 2789 4494 .-
3031 4476 3072 4494 η
3116 4474 3548 4494 ωηιε-,ηωη

271 4478 641 4549 ἐπεχείρησαν
660 4495 675 4510 ⁸
704 4474 749 4532 ὦ
777 4479 887 4531 τῶν
915 4477 1007 4531 τοῦ
1039 4477 1279 4547 πονηροῦ
1315 4478 1759 4549 μηχανημάτωνί
1797 4481 1842 4533 τί

1963 4487 2207 4551 audacia,
2265 4482 2610 4538 conabantur
2642 4480 2976 4534 adulterare.
3029 4476 3073 4532 Ο
3115 4474 3552 4530 machinationes

272 4570 505 4641 Πνεῦμα
532 4571 594 4624 τὸ
624 4570 780 4639 ἅγιον
812 4571 914 4624 οὑκ
937 4573 1003 4624 ὲκ
1035 4568 1132 4623 τοῦ
1157 4568 1368 4641 Πατρὸς
1397 4571 1578 4640 μόνον,
1627 4571 1766 4626 ἀλλά
1794 4591 1842 4642 γε

1963 4578 2295 4636 diabolicasl
2331 4573 2596 4645 Spiritum
2644 4580 2894 4627 sanctum
2939 4583 3084 4623 novo
3119 4582 3270 4621 more
3320 4564 3551 4620 commi-

274 4664 375 4717 καὶ
403 4666 468 4716 ὲκ
499 4664 592 4717 τοῦ
622 4664 775 4729 Υίοῦ,
811 4663 1226 4734 ἐκπορεύεσθαι,
1259 4663 1768 4737 καινολογήσαντες.

349 4840 418 4896 θ’.
456 4843 553 4906 Τίς
582 4860 711 4896 ποτε
742 4843 1023 4916 τοιαύτην,
1050 4846 1200 4917 παρά
1226 4844 1334 4899 τῶν
1386 4845 1611 4900 πώποτε
1655 4849 1861 4919 ἀσεϐη-

277 4934 516 4999 σάντων,
578 4936 763 5005 φωνὴν
813 4936 1050 5007 ἡκουσεν
1091 4940 1386 5009 ραγεῖσαν;
1442 4942 1596 5003 ποῖος
1648 4942 1863 5005 σκολιὸς

275 5026 405 5093 δφις
432 5027 513 5088 είς
541 5027 641 5089 τάς
692 5027 917 5081 ἐκείνων
967 5028 1199 5098 καρδίας
1235 5029 1392 5083 τοῦτο
1423 5030 1735 5101 ἠρεύεατο;
1766 5033 1864 5097 Τίς

277 5119 419 5183 (Ἅως
448 5118 759 5190 ἀνάσχοιτο,
786 5120 894 5173 τῶν
924 5122 982 5174 ὲν
1020 5123 1368 5192 Χριστιανοῖς
1406 5123 1707 5179 τελούντων
1725 5168 1741 5191 ,
1773 5127 1865 5179 ἐπὶ

275 5214 382 5282 τῆς
410 5212 573 5280 ἁγίας
602 5213 832 5284 Τριάδος
855 5212 949 5265 δύο
985 5214 1226 5282 εἰσάγειν
1261 5216 1442 5269 αἵτιαο
1475 5217 1606 5270 Υίοῦ
1640 5217 1741 5288 μὲν
1772 5198 1867 5271 καὶ

280 5301 625 5371 ιινεύματος,
657 5303 748 5355 τὸν
784 5303 1037 5372 Πατέραο
1075 5304 1168 5357 τοῦ
1204 5307 1523 5377 Πνεύματος
1570 5307 1627 5359 δὲ
1678 5307 1863 5374 πάλιν,

277 5395 376 5448 τὸν
406 5395 561 5449 Υἱόν·
609 5395 704 5448 καὶ
734 5396 814 5458 είς
856 5394 1063 5449 διθεῖαν
1100 5398 1200 5468 τὴν
1230 5399 1530 5469 μοναρχίαν
1565 5399 1736 5467 λύειν,
1770 5403 1865 5453 καὶ

283 5486 424 5559 μηδὲ
457 5483 665 5559 ιῆττον
715 5489 815 5557 τῆς
867 5487 1184 5558 Ἑλληνικῆς
1242 5490 1586 5561 μυθολογίας,
1625 5492 1726 5564 τὴν
1758 5493 1865 5546 τῶν

1966 4671 2336 4732 nisccbantur,
2391 4682 2505 4722 nou
2545 4665 2615 4722 de
2667 4665 2784 4721 solo
2831 4664 2991 4719 Patre
3047 4660 3145 4715 sed
3196 4658 3360 4714 etiam
3415 4655 3551 4709 Filio

1966 4763 2283 4836 procedere.

2036 4856 2088 4910 9.
2131 4854 2265 4921 Quis
2308 4866 2548 4921 unquam
2595 4849 2722 4905 olim
2773 4848 2933 4901 talem
2980 4858 3169 4898 vocem
3221 4839 3430 4896 audivit
3480 4842 3550 4894 ab

1965 4947 2151 5018 impiis
2181 4944 2323 5016 apud
2361 4944 2621 4999 saeculum
2659 4942 2808 5011 prius
2834 4936 3142 5008 prolatam?
3169 4934 3291 5004 quis
3312 4934 3554 4989 lubricus

1967 5040 2161 5111 anguis
2200 5038 2255 5092 in
2288 5037 2530 5107 ipsorum
2565 5033 2727 5088 corda
2765 5032 2868 5084 hoc
2904 5027 3220 5082 eructavit?
3253 5026 3388 5093 Quis
3432 5028 3553 5081 cul-

1970 5132 2048 5187 tui
2104 5132 2354 5185 initiatus
2406 5125 2720 5183 Cliristiano
2768 5122 2913 5176 ferre
2960 5130 3126 5191 queat
3179 5120 3447 5191 duplicem
3497 5119 3550 5173 in

1968 5224 2168 5278 Triade
2194 5234 2411 5275 causam
2448 5216 2583 5279 dari,
2620 5213 2837 5268 Patrem
2860 5229 3058 5283 nempe
3079 5229 3299 5268 causam
3332 5212 3474 5279 Filii,
3498 5224 3555 5267 ct

1973 5315 2247 5386 Spiritus,
2282 5309 2521 5381 Spiritus
2563 5316 2749 5362 autem
2777 5323 2997 5362 causam
3048 5306 3287 5361 Filium?
3326 5307 3429 5361 hoc
3471 5315 3557 5359 est

1975 5403 2349 5462 monarchiam
2382 5402 2437 5455 in
2470 5401 2743 5472 duplicem
2790 5401 3047 5456 deitatem
3083 5401 3316 5462 solvere,
3350 5406 3405 5451 ct
3443 5414 3552 5450 non

1975 5500 2155 5553 minus
2180 5512 2340 5566 quam
2367 5493 2686 5564 gentilitiam
2717 5494 3102 5566 mythologiam
3126 5492 3563 5548 CltrTstialttirunt

1606 5628 1837 5685 VARle
1879 5628 2284 5688 LECTIONES.

368 5771 389 5799 ³
425 5763 513 5817 ἵσ.
557 5762 887 5833 ὲπιτρέψεις.
974 5764 991 5799 ί
1034 5762 1122 5819 ϊσ.
1156 5763 1343 5835 μηδὲν,
