4004 6422
600 331 699 398 73f

1774 337 2036 397 PIIOTII
2076 336 2580 396 ‘PATRMRCH/E
2618 338 2723 397 CP.

3766 346 3860 409 732

602 448 883 504 ductione.
948 447 1123 516 Quem
1186 451 1405 507 demum
1466 450 1715 506 ordinem
1778 458 2178 511 consectantes,

2287 447 2379 500 τοῦ
2411 450 2645 518 Πατρὺς,
2679 449 2815 503 ἀ-λλά
2846 451 2939 503 τὸν
2981 453 3204 524 Πατέρα
3236 456 3619 528 τερατολογεῖν
3666 458 3732 511 ἐκ
3776 460 3858 514 τοῦ

602 543 1015 613 generationem
1048 560 1154 598 non
1186 544 1367 599 minus
1399 560 1561 615 quam
1610 543 2011 613 processiouem
2045 541 2185 595 alte-

604 636 823 699 rabunt,
851 652 953 691 nec
991 638 1187 692 Filium
1230 653 1261 692 e
1294 637 1475 701 Patre,
1523 637 1617 693 sed
1673 637 1890 691 Patrem
1960 651 1990 690 e
2046 634 2185 690 Filio

604 726 871 795 genitum,
900 728 1043 797 quod
1076 738 1160 783 est
1194 739 1586 791 monstrosum,
1627 726 2181 793 eommentabuntur;

605 816 749 870 unde
779 831 835 870 se
868 819 1145 887 principes
1171 829 1224 871 et
1252 818 1583 888 antipilanos
1612 833 1721 873 non
1750 827 1960 872 tantum
1990 817 2185 888 impio-

605 923 724 961 rum
755 909 848 962 sed
877 918 931 963 et
964 908 1294 964 furiosorum
1324 910 1681 965 exhibebunt.

675 998 765 1051 22.
813 998 980 1065 Quam
1009 999 1272 1055 furiosam
1308 1010 1364 1056 et
1402 1003 1625 1074 impiam
1680 1003 1921 1073 ipsorum
1960 1012 2185 1058 senten-

607 1088 735 1143 tiam
764 1105 887 1144 esse
917 1101 972 1146 et
993 1092 1062 1146 ab
1093 1093 1200 1147 isto
1227 1095 1372 1163 quod
1412 1096 1660 1151 dicemus
1707 1095 2057 1151 manifestum
2103 1095 2187 1150 fa-

602 1181 834 1237 ciemus.
866 1182 1098 1249 Quando
1130 1186 1395 1256 quidquid
1442 1182 1824 1242 consideratur
1859 1189 1944 1242 vel
1972 1188 2186 1244 dicetur

604 1269 658 1323 in
687 1288 747 1325 ea
781 1284 1127 1329 sacrosancta
1169 1278 1512 1332 connatnrali
1569 1286 1625 1332 et
1672 1281 2183 1349 supersubstantiali

605 1359 891 1427 Trinitate,
921 1365 1007 1419 vel
1034 1381 1324 1421 commune
1346 1367 1601 1437 quiddam
1639 1379 1724 1423 est
1756 1370 2044 1436 universa),
2100 1372 2185 1426 vel

604 1454 767 1507 unius
797 1456 1027 1526 alicujus
1080 1458 1331 1529 illiusque
1376 1461 1548 1514 solius
1597 1476 1628 1514 e
1671 1461 1845 1516 tribus
1899 1462 2180 1530 personis;

602 1561 838 1616 cumque
871 1548 1109 1618 Spiritus
1154 1552 1435 1620 processio
1466 1567 1577 1607 non
1612 1554 1684 1607 sit
1728 1554 1983 1623 quiddam
2031 1570 2181 1610 com-

602 1654 788 1705 mune,
827 1655 894 1694 ne
920 1642 1139 1711 quidem
1175 1660 1242 1698 ex
1286 1644 1525 1714 ipsorum
1576 1646 1872 1713 sententia,
1921 1648 2083 1703 unius
2129 1656 2185 1703 et

2288 539 2419 593 Υἱοῦ
2453 543 2811 613 γεγεννῆσθαι
2836 558 2850 573 ⁶
2884 544 2970 597 ἵνα
3007 546 3081 615 μὴ
3111 548 3220 601 τῶν
3249 549 3655 605 δυσσεῦούντων
3688 554 3855 620 μόνον,

2287 634 2424 690 ἀλλὰ
2457 637 2553 689 καὶ
2580 636 2689 689 τῶν
2712 641 3056 709 μαινομένων
3082 634 3215 695 ὦσιν
3246 647 3654 715 πρωτοστάται.

2358 1006 2463 1077 κβν.
2500 1008 2645 1079 ’Ὀρα
2668 1008 2725 1063 δὲ
2750 1009 3049 1064 κάντεῦθεν
3078 1011 3410 1084 κατάφωρον
3436 1014 3622 1069 αὐτῶν
3650 1015 3713 1067 τὸ
3744 1017 3853 1070 δυσ-

2289 1100 2467 1165 σεὸἐς,
2496 1102 2591 1156 καὶ
2618 1102 2869 1173 ἀνόητον,
2892 1104 3246 1175 δεικνύμενον
3270 1107 3539 1179 βούλημα.
3571 1109 3735 1163 Ἐπεὶ
3759 1112 3851 1181 γὰρ

2288 1190 2436 1245 ἅπαν
2468 1192 2496 1245 ὃ
2528 1192 2815 1265 θεωρεῖται
2872 1196 2969 1250 καὶ
3016 1197 3234 1264 λέγεται
3269 1200 3326 1251 ἐν
3376 1202 3443 1271 τῇ
3480 1203 3734 1273 παναγίᾳ
3774 1206 3851 1257 καὶ

2286 1284 2518 1353 ὀμοφυεῖ
2553 1287 2647 1339 καὶ
2672 1287 2984 1359 ὑπερουσίῳ
3016 1290 3229 1360 Τριάδι,
3282 1292 3316 1363 ἢ
3363 1295 3540 1347 κοινόν
3565 1297 3685 1350 ἐστι
3737 1300 3847 1353 πᾶν·

2286 1393 2416 1441 των,
2447 1378 2480 1448 ἢ
2515 1378 2634 1442 ἐνὸς
2656 1380 2752 1433 καὶ
2788 1381 2951 1451 μόνου
2971 1381 3081 1435 τῶν
3103 1384 3270 1454 τριῶν
3290 1401 3306 1416 ’
3341 1387 3374 1457 ἡ
3402 1386 3458 1440 δέ
3487 1388 3581 1441 τοῦ
3613 1391 3850 1457 Πνεύμαο

2286 1485 2377 1532 τος
2404 1469 2666 1541 προϐολὴ,
2702 1469 2826 1525 οὕτε
2859 1473 3039 1526 κοινόν
3080 1476 3249 1543 ἐστιν,
3287 1477 3402 1531 ἀλλ’
3429 1479 3561 1543 οὐδ’,
3596 1480 3674 1542 ὡς
3714 1483 3848 1535 αὐτοί

2289 1577 2477 1629 φασιν,
2512 1562 2631 1625 ἐνὸς
2658 1564 2751 1616 καὶ
2784 1564 2947 1633 μόνου
2981 1565 3125 1628 τινδς
3154 1567 3339 1636 (ἵλεως
3372 1568 3429 1622 δέ
3458 1572 3595 1639 ἡμῖν
3629 1573 3734 1644 εἴη,
3766 1577 3846 1627 καὶ

2286 1657 2367 1718 είς
2418 1654 2517 1718 τὰς
2571 1655 2799 1709 ἐκείνων
2837 1658 3094 1728 τρέποιτο
3144 1660 3205 1712 τὸ
3244 1660 3566 1733 βλάσφημον
3600 1666 3844 1733 κεφαλὰς)

601 1730 773 1785 solius
844 1732 1134 1803 (propitius
1201 1746 1383 1790 autent
1424 1738 1583 1792 nobis
1634 1738 1775 1793 Deus
1814 1748 1932 1794 esto
1971 1739 2043 1794 ita
2099 1741 2182 1795 lo-

2287 1748 2387 1801 ούκ
2416 1748 2523 1817 ἄρα
2573 1748 2711 1813 ὅλως
2743 1751 2892 1805 ἐστὶν
2920 1752 2979 1803 ἐν
3006 1754 3070 1823 τῇ
3102 1730 3521 1826 ζωαρχικῇήκαὶ
3565 1730 3843 1829 παντελείω

602 1820 919 1889 quentibus,
955 1832 1010 1876 et
1036 1824 1371 1894 blasphemia
1404 1828 1631 1882 resultet
1673 1828 1726 1881 in
1764 1843 1950 1883 eorum
1979 1828 2179 1900 capita)

2287 1814 2501 1911 Τριάδι,
2531 1842 2564 1912 ἠ
2594 1842 2687 1895 τοῦ
2719 1814 3327 1918 Πνεύματοςηπροϐολή.

601 1930 713 1969 non
739 1926 822 1971 est
855 1917 960 1971 ulla
992 1920 1217 1973 omnino
1244 1919 1480 1990 Spiritus
1500 1923 1777 1992 processio
1813 1924 1865 1977 in
1901 1924 2182 1995 perfectis-

601 2006 740 2061 sima
774 2018 829 2062 et
856 2009 1021 2063 vitam
1057 2011 1303 2082 largienti
1340 2012 1623 2070 Trinitate.

672 2099 764 2155 25.
807 2101 988 2167 Certe,
1012 2115 1269 2159 sexcenta
1298 2108 1545 2176 quredam
1575 2109 1679 2163 alia
1701 2127 1822 2165 cum
1847 2111 2005 2181 plena
2031 2129 2184 2168 men-

602 2207 729 2246 sura
758 2194 881 2262 quis
911 2196 1181 2251 addiderit
1214 2198 1280 2252 ad
1326 2200 1450 2264 ista,
1501 2202 1631 2257 dum
1680 2204 1927 2259 refellere
1965 2206 2182 2260 atheam

604 2283 819 2339 illorum
845 2288 1173 2343 sententiam
1220 2292 1566 2362 aggreditur;
1615 2310 1733 2365 qua:
1765 2312 1852 2350 me
1899 2296 2183 2367 epistolica

602 2375 689 2430 lex
717 2392 828 2431 non
864 2379 1066 2448 patitur
1094 2380 1146 2434 in
1180 2384 1467 2451 prmsentia
1502 2384 1721 2451 afferre,
1770 2396 1824 2441 et
1871 2388 1958 2442 his
1991 2389 2183 2443 litteris

602 2466 845 2523 inserere
876 2486 893 2525 :
924 2479 1086 2541 atque
1118 2472 1240 2528 ideo
1270 2477 1434 2529 etiam
1466 2492 1528 2532 ea
1568 2494 1690 2547 quae
1723 2478 1834 2533 dixi
1868 2480 2109 2535 breviter
2129 2490 2185 2536 et

601 2559 919 2631 imperfecte
950 2574 1077 2619 sunt
1119 2566 1284 2633 illata,
1334 2570 1693 2638 particulares
1738 2571 2096 2628 refutationes
2129 2582 2184 2629 et

599 2656 923 2726 ampliorem
978 2661 1211 2716 docendi
1261 2663 1510 2730 modum,
1562 2667 1674 2721 Deo
1713 2669 2070 2734 concedente,
2128 2671 2183 2724 in

602 2758 933 2803 conventum
966 2766 1313 2808 communem
1336 2755 1605 2825 sepositas
1637 2773 2004 2814 reservamus.

671 2858 952 2917 24.11;ιηο
1004 2864 1340 2934 impietatem
1391 2870 1741 2925 tenebrarum
1805 2872 1880 2926 ltili
1941 2873 2183 2943 episcopi

605 2951 753 3021 (nam
791 2967 850 3007 se
892 2954 1181 3026 episcopos
1217 2960 1600 3031 praeferebant)
1655 2980 1760 3016 una
1801 2980 1928 3018 cum
1981 2966 2184 3021 illicitis

602 3049 660 3095 et
691 3041 982 3113 illegitimis
1012 3047 1134 3103 aliis
1167 3051 1311 3119 apud
1360 3061 1577 3122 gentem
1620 3054 1959 3125 Bulgaricam
2006 3058 2183 3113 disse-

2345 2116 2467 2178 ,κγ’.
2496 2111 2606 2165 Καὶ
2641 2111 2811 2185 μυρία
2845 2113 2909 2168 ἀν
2959 2131 3064 2177 τις,
3095 2114 3195 2185 τὴν
3220 2113 3381 2168 ἄθεον
3409 2116 3594 2169 αὐτῶν
3640 2116 3839 2187 γνώμην

2282 2204 2596 2277 διελέγχων,
2642 2209 2759 2271 τοῖς
2813 2207 3129 2278 εἰρημένοις
3174 2208 3627 2280 ἐπιμετρήσειεν,
3676 2210 3709 2263 ἃ
3754 2213 3839 2278 τῆς

2282 2300 2573 2371 ἐπιστολῆς
2605 2301 2634 2353 ὁ
2659 2300 2825 2370 νόμος
2854 2300 2955 2353 ούκ
2983 2302 3047 2371 ἐᾷ
3070 2301 3164 2355 νῦν
3198 2301 3501 2364 ἐντάττειν,
3532 2303 3652 2355 οὐδὲ
3680 2321 3836 2373 παρα-

2282 2391 2558 2445 τίθεσθαι’
2592 2391 2661 2444 δι’
2708 2392 2737 2445 ὃ
2771 2392 2866 2445 καὶ
2918 2392 3064 2465 ἆπερ
3120 2395 3356 2463 εἴρηται,
3396 2395 3748 2464 στοιχειωδῶς
3785 2413 3836 2447 τε

2284 2485 2379 2537 καὶ
2419 2486 2476 2537 ἐν
2504 2483 2662 2553 τύπῳ
2690 2484 3115 2557 ἀπηγγέλθησαν
3162 2486 3273 2539 τῶν
3326 2486 3469 2539 κατά
3512 2487 3673 2557 μέρος
3705 2489 3837 2555 ἐλέγ-

2283 2593 2417 2645 χων,
2448 2576 2545 2629 καὶ
2570 2578 2671 2645 τῆς
2699 2579 2758 2629 ἐν
2790 2578 2982 2632 πλάτει
3023 2578 3398 2643 διδασκαλίας,
3444 2580 3581 2633 Θεοῦ
3609 2581 3835 2645 διδόντος,

2283 2670 2365 2733 είς
2397 2670 2497 2741 τὴν
2527 2670 2715 2741 κοινὴν
2744 2671 3156 2742 ταμιευομένων
3198 2673 3533 2727 συνέλευσιν.

2351 2870 2452 2924 κδ’.
2503 2868 2723 2940 Ταύτην
2765 2869 2864 2942 τὴν
2894 2870 3147 2923 ἀσέϐειαν
3174 2871 3224 2923 οἱ
3265 2868 3360 2923 τοῦ
3412 2869 3640 2933 σκότους
3664 2872 3835 2923 ἐκεῖνοι

2285 2962 2575 3017 ἐπίσκοποι
2629 2964 2991 3028 (ἐπισκόπους
3056 2966 3168 3034 γὰρ
3211 2965 3443 3027 ἑαυτοὺς
3500 2965 3833 3032 ἐπεφήμιζον)

2291 3056 2431 3125 μετά
2473 3056 2582 3109 τῶν
2620 3056 2795 3111 ἄλλων
2838 3057 3135 3126 ἀθεμίτων,
3187 3057 3515 3128 Βουλγάρων
3574 3058 3715 3120 ἔθνος
3759 3059 3836 3108 ἑν-

602 3134 908 3192 minabant.
952 3139 1154 3197 Harum
1209 3160 1394 3199 rerum
1428 3146 1571 3201 fama
1629 3150 1881 3217 pervenit
1924 3150 1989 3204 ad
2022 3166 2182 3206 aures

2287 3149 2549 3219 έσπειραν
2574 3163 2589 3177 ·
2622 3143 2785 3219 ἦλθεν
2814 3150 2846 3218 ὴ
2904 3149 3107 3202 τούτων
3147 3151 3305 3220 φήμη
3346 3152 3427 3213 εἰς
3452 3151 3554 3214 τὰς
3587 3149 3834 3221 ἡμετέρας

603 3239 850 3298 nostras;
886 3234 1155 3289 vulnerati
1188 3253 1376 3293 sumus
1406 3240 1591 3293 lethali
1625 3241 1851 3296 vulnere
1882 3259 1979 3312 per
2000 3245 2180 3299 media

605 3321 815 3377 viscera
870 3335 1075 3392 nostra,
1112 3343 1223 3383 non
1263 3346 1423 3386 secus
1463 3348 1625 3402 quam
1673 3334 1719 3388 si
1764 3351 1946 3390 coram
1996 3345 2051 3389 et
2079 3338 2181 3392 sub

600 3423 823 3484 aspectu
850 3433 950 3473 suo
977 3420 1172 3475 viderit
1194 3423 1463 3492 quispiam
1487 3426 1691 3481 ventris
1708 3428 1791 3481 sui
1825 3427 1987 3483 fretus
2015 3444 2045 3482 a
2066 3444 2182 3484 ser-

600 3509 858 3575 pentibus
878 3519 933 3565 et
959 3512 1154 3567 belluis
1182 3514 1286 3569 huc
1322 3516 1450 3571 illuc
1487 3518 1790 3589 discerptos
1836 3530 1892 3575 et
1937 3521 2181 3591 direptos

599 3599 1034 3672 circumraptari.
1065 3606 1169 3671 Qui
1199 3608 1345 3662 enim
1376 3610 1640 3676 studium,
1671 3611 1905 3677 labores,
1950 3615 2180 3669 sudores

602 3692 658 3746 in
691 3694 906 3750 illorum
932 3701 1397 3769 regenerationem
1425 3710 1481 3756 et
1502 3703 1837 3771 baptismum
1868 3708 2180 3762 contulera-

600 3800 745 3850 mus,
776 3804 885 3841 non
921 3790 1048 3845 sine
1092 3793 1307 3847 ratione
1347 3793 1592 3848 dolorem
1639 3794 2073 3851 insuﬂerendum
2124 3807 2181 3853 et

600 3879 967 3938 calamitatem
1023 3884 1328 3949 tulerimus,
1374 3895 1564 3955 partus
1592 3896 1814 3943 nostros
1864 3888 2179 3959 deperditos

599 3983 910 4036 cernentes.

670 4085 763 4143 25.
803 4088 982 4158 Atque
1020 4090 1213 4145 eodem
1245 4094 1408 4148 modo
1446 4094 1514 4149 de
1548 4094 1655 4149 hoc
1691 4096 1830 4151 tristi
1872 4112 1998 4152 casu
2046 4114 2180 4153 con-

601 4176 896 4244 doluimus,
929 4196 1037 4251 quo
1093 4184 1289 4253 gaudio
1316 4186 1508 4254 majori
1541 4186 2023 4256 perfundebamur,
2053 4207 2176 4245 cum

601 4268 863 4324 liberatos
900 4272 1121 4326 eosdem
1147 4274 1385 4344 primum
1424 4292 1455 4329 a
1505 4284 1722 4332 vetusto
1755 4279 2054 4349 paganismi
2091 4297 2178 4335 er-

602 4376 729 4416 rore
772 4363 1104 4420 videremus.

2288 3242 2459 3304 ἀκοάς
2485 3257 2498 3270 ·
2537 3241 2858 3311 ἐπλήγημεν
2883 3241 2972 3295 διά
3009 3242 3191 3313 μέσων
3238 3242 3345 3295 τῶν
3378 3243 3698 3312 σπλάγχνων
3729 3260 3836 3295 και-

2290 3335 2411 3406 ρίαν
2431 3334 2667 3405 πληγὴν,
2697 3336 2773 3398 ὡς
2799 3336 2853 3389 εῐ
2882 3353 2970 3399 τις
2990 3337 3057 3388 τὰ
3084 3335 3282 3404 ἔκγονα
3307 3339 3407 3407 τῆς
3435 3337 3645 3398 κοιλίας
3667 3335 3831 3400 αὐτοῦ,

2287 3426 2411 3479 καθ’
2441 3427 2756 3497 ὀφθαλμοὺς
2784 3426 2885 3481 ίδοι
2920 3427 3025 3481 ὑπὸ
3051 3427 3301 3497 ἑρπετῶν
3328 3429 3424 3482 καὶ
3451 3429 3653 3498 θηρίων
3687 3446 3837 3498 παρα-

2290 3515 2604 3587 ρασσόμενά
2650 3534 2711 3570 τε
2748 3517 2843 3570 καὶ
2878 3516 3254 3588 διασπώμενα.
3290 3519 3402 3571 Καὶ
3434 3519 3545 3588 γάρ
3568 3512 3646 3581 οἷς
3677 3518 3833 3578 κόποι,

2288 3608 2383 3662 καὶ
2411 3609 2589 3671 πόνοι,
2623 3608 2719 3661 καὶ
2748 3608 2999 3679 ἱδρῶτες,
3022 3611 3103 3673 είς
3124 3609 3227 3680 τὴν
3258 3609 3486 3663 ἐκείνων
3510 3610 3837 3677 ἀναγέννησίν

2285 3718 2345 3754 τε
2379 3700 2475 3754 καὶ
2512 3700 2793 3753 τελείωσιν
2831 3690 3249 3772 κατεϐλήθησαν
3272 3719 3285 3732 ο
3343 3701 3621 3769 ἀναλόγως
3650 3701 3835 3762 αὐτοῖς,

2288 3796 2588 3864 συμπεσεῖν
2622 3794 2897 3864 ἀφόρητον
2946 3794 3047 3862 τὴν
3076 3792 3257 3862 λύπην
3289 3795 3385 3847 καὶ
3418 3793 3523 3863 τὴν
3551 3793 3829 3863 συμφορὰν,

2285 3887 2396 3941 τῶν
2429 3888 2789 3957 γεννημάτων
2820 3886 3346 3957 παραπολλυμένων,
3384 3886 3665 3954 ἐξεγένετο.

2356 4096 2459 4143 κε’.
2491 4089 2648 4142 Οὕτω
2678 4088 2787 4160 γὰρ
2825 4088 3211 4160 ἐθρηνήσαμεν
3245 4087 3337 4139 ἐπὶ
3374 4087 3455 4158 τῷ
3492 4084 3834 4154 συνενεχθέντι

2288 4183 2593 4255 παθήματι,
2628 4184 2752 4236 ὅσον
2776 4183 2951 4252 χαρᾶς
3004 4178 3429 4250 ἐπληρώθημεν,
3479 4178 3581 4247 τῆς
3626 4176 3833 4236 παλαιᾶς

2287 4277 2496 4346 πλάνης
2526 4275 2940 4353 ἀπαλλαγέντας
2962 4275 3148 4336 αὐτοῖς
3179 4272 3535 4342 θεασάμενοι.

671 4476 762 4531 26.
805 4475 1007 4533 Verum
1063 4481 1185 4535 illos
1239 4481 1459 4550 quidem
1518 4483 1780 4553 luximus,
1828 4495 1885 4541 et
1931 4487 2179 4560 lugemus

2360 4485 2470 4544 κς’.
2542 4477 2684 4531 Ἀλλ’
2735 4477 2977 4537 ἐκείνους
3044 4474 3143 4544 μὲν
3202 4472 3590 4544 ἐθρηνήσαμέν
3644 4488 3698 4522 τε
3748 4470 3829 4577 12':

601 4569 812 4635 adhuc,
872 4587 1051 4642 neque
1121 4575 1434 4629 concessuri
1498 4591 1687 4631 sumus
1749 4578 1923 4632 oculis
1976 4581 2178 4635 nostris

603 4666 843 4736 requiem
895 4679 957 4722 ut
995 4684 1023 4722 a
1058 4669 1214 4739 lapsu
1253 4670 1361 4723 hoc
1388 4670 1511 4725 illos
1541 4672 1953 4737 resuscitemus,
1998 4691 2179 4745 neque

600 4761 875 4831 palpebris
897 4763 1305 4817 connictionem
1339 4764 1607 4831 dabimus,
1635 4766 1831 4831 donec,
1858 4768 2035 4837 quoad
2064 4768 2178 4822 fieri

600 4868 697 4922 per
724 4870 826 4907 nos
853 4855 1076 4923 poterit,
1096 4854 1217 4909 illos
1238 4856 1292 4910 in
1312 4856 1521 4913 Domini
1541 4859 1951 4914 tabernaculum
1979 4863 2178 4915 iterum

602 4947 1050 5016 compulerimus.

668 5059 760 5115 27.
801 5060 1052 5116 Novitios
1080 5070 1260 5117 autem
1294 5062 1415 5117 illos
1461 5064 1748 5134 apostasiae
1791 5079 2180 5133 praecursores,

602 5152 925 5209 Antichristi
978 5154 1351 5217 administros,
1402 5140 1671 5212 mortibus
1730 5156 1918 5210 multis
1977 5156 2185 5227 dignis-

605 5244 794 5309 simos,
826 5262 1171 5302 communem
1202 5257 1435 5318 pestem,
1472 5250 1564 5319 qui
1597 5248 1850 5303 tenellam
1892 5249 2038 5302 illam
2078 5265 2184 5303 nu-

602 5351 702 5404 per
724 5338 1156 5410 compaginatam
1195 5350 1413 5410 gentem
1456 5341 1523 5394 ad
1566 5340 1846 5410 pietatem,
1898 5349 1980 5394 tot
2017 5339 2185 5394 tantis

602 5431 1079 5489 dilacerationibus
1112 5435 1550 5504 discerpserunt;
1582 5434 1735 5498 istos,
1778 5436 2021 5504 inquam,
2062 5450 2189 5504 per-

604 5522 741 5579 ﬁdos
767 5524 1112 5594 deceptores,
1149 5534 1202 5580 et
1241 5524 1352 5580 Deo
1398 5525 1779 5595 belligerantes
1805 5526 1993 5580 divino
2022 5541 2186 5597 syno-

604 5617 727 5672 dico
776 5619 986 5674 calculo
1046 5630 1265 5674 notatos
1334 5620 1823 5676 condemnavimus
1879 5638 1891 5674 :
1947 5637 2053 5676 non
2119 5621 2188 5676 de

604 5711 863 5785 praesenti
918 5712 1137 5767 illorum
1181 5712 1581 5769 abstentionem
1641 5714 2046 5777 decernentes,
2092 5714 2191 5767 sed

608 5824 704 5876 per
738 5804 1085 5861 antehabitas
1107 5808 1362 5878 synodos,
1403 5825 1497 5879 per
1523 5809 1656 5865 scita
1709 5817 1763 5863 et
1790 5807 1936 5881 leges
1968 5816 2188 5879 aposto-

2285 4572 2627 4643 θρηνοῦμεν,
2685 4570 2778 4624 καλ⁸
2832 4568 3207 4641 ἀνορθωθῆναι
3264 4566 3361 4619 τοῦ
3425 4566 3728 4634 πτώματος,
3778 4562 3833 4611 οὗ

2279 4665 2525 4737 δώσομεν
2577 4667 2691 4727 τοῖς
2743 4663 3042 4733 ὀφθαλμοῖς
3086 4661 3245 4732 ἡμῶν
3312 4659 3518 4725 ὕπνον,
3571 4658 3685 4710 οὐδὲ
3737 4656 3833 4714 τοῖς

2284 4759 2575 4829 βλεφάροις
2614 4756 2948 4826 νυσταγμδν,
2999 4755 3105 4818 ἓως
3161 4754 3226 4807 ἂν
3283 4754 3487 4815 αὐτοὺς
3537 4754 3617 4813 εἰς
3650 4749 3706 4802 τὸ
3752 4746 3833 4797 τοῦ

2284 4855 2511 4924 Κυρίου,
2528 4853 2671 4904 κατά
2686 4849 2986 4920 τοιδυνατὸν
3004 4851 3156 4919 ἡμῖν,
3182 4847 3557 4916 είσελάσωμεν
3582 4845 3835 4913 σκήνωμα.

2355 5053 2457 5119 κζ’.
2500 5054 2639 5116 Τοὺς
2671 5052 2727 5105 δὲ
2776 5052 2931 5114 νέους
2986 5052 3085 5121 τῆς
3116 5050 3459 5112 ἀποστασίας
3499 5048 3837 5119 προδρόμους.

2284 5151 2411 5211 τοὺς
2459 5146 2802 5218 θεραπευτὰς
2851 5144 2943 5199 τοῦ
2998 5144 3420 5213 ἀντικειμένου,
3484 5142 3610 5204 τοὺς
3656 5138 3840 5210 μυρίων

2288 5243 2506 5311 ἐνόχους
2541 5241 2808 5305 θανάτων,
2845 5240 2972 5301 τοὺς
3025 5238 3239 5300 κοινοὺς
3273 5234 3583 5305 λυμεῶνας,
3636 5230 3747 5291 τοὺς
3784 5225 3844 5276 τὸ

2290 5334 2495 5388 ἁπαλὸν
2552 5335 2729 5387 ἐκεῖνο
2779 5333 2876 5387 καὶ
2916 5330 3276 5385 νεοσύστατον
3308 5330 3388 5391 είς
3424 5327 3525 5398 τὴν
3587 5322 3844 5377 εὐσέϐειαν

2291 5428 2463 5493 ἔθνος,
2503 5426 2778 5489 τοσούτοις
2829 5426 2924 5479 καὶ
2980 5423 3320 5493 τηλικούτοις
3371 5420 3709 5492 σπαραγμοῖς
3740 5416 3843 5466 δια-

2293 5518 2717 5589 σπαράξανταςο
2748 5516 2974 5578 τούτους
3025 5515 3152 5577 τοὺς
3185 5511 3513 5573 ἀπατεῶνας
3546 5510 3635 5563 καὶ
3664 5504 3846 5603 02011.31-

2293 5627 2419 5683 χους
2446 5609 2701 5679 συνοδικῇ
2738 5608 2835 5661 καὶ
2866 5607 2991 5678 θείᾳ
3023 5604 3433 5674 κατεκρίναμεν
3468 5601 3662 5671 ψήφῳ·
3685 5598 3737 5649 οὐ
3757 5598 3847 5646 νῦν

2293 5712 2475 5765 αὐτῶν
2505 5711 2603 5782 τὴν
2644 5708 2920 5779 ἀπόφασιν
2949 5704 3352 5774 καθορίζοντες,
3383 5700 3499 5753 ἀλλ’
3534 5700 3598 5752 ἐκ
3623 5696 3725 5749 τῶν
3753 5692 3847 5763 ήδη

2302 5807 2555 5869 συνόδων,
2593 5804 2687 5858 καὶ
2712 5800 3088 5857 ἀποστολικῶν
3123 5797 3362 5869 θεσμῶν,
3389 5794 3489 5865 τὴν
3522 5787 3849 5864 προωρισμέο
