4044 6454
239 405 356 469 733

1408 407 1949 474 EPISTOLARUM
1989 411 2222 474 LIBER
2263 414 2312 475 Ι.

3411 420 3518 486 ’134

245 535 353 589 νην
397 516 592 595 ,αὐτοῖς
644 518 945 590 καταδίκην
1004 519 1477 588 ὕπεκφαῖνοντες,
1546 523 1643 574 καὶ
1695 523 1832 576 πᾶσι

1938 523 2090 587 licas,
2121 525 2651 595 prcedeterminatam
2673 525 2728 581 in
2761 527 2882 583 illos
2918 527 3427 586 condemnationem
3460 531 3514 585 in

243 611 540 674 ποιοῦντες
573 611 844 681 ἐπίδηλον.

325 709 438 774 κη’.
491 702 709 772 Πὲφυκε
737 703 861 775 ιγὰρ
893 704 956 758 τὸ
987 704 1349 776 ἀνθρώπινον,
1377 707 1475 776 οὐχ
1529 706 1674 761 οὕτω
1715 709 1838 769 ταῖς

247 794 659 864 παρελθούσαις
727 797 1021 867 τιμωρίαις
1083 797 1517 867 ἀσφαλξζεσθαι,
1572 798 1648 862 ὡς
1716 801 1838 862 ταῖς

248 888 564 959 ὁρωμέναις
639 888 1109 960 σωφρονίζεσθαιο
1167 891 1261 944 καὶ
1317 891 1427 944 τῶν
1509 891 1838 962 φθασάντων

249 981 496 1050 ὑπάρχει
524 979 834 1049 βεϐαίωσις,
852 983 886 1050 ή
913 981 1024 1034 τῶν
1052 968 1424 1052 ἐνεστηκότων
1447 981 1838 1053 συμφώνησις.

251 1073 418 1126 Οὕτω
444 1071 512 1125 δι’
533 1072 562 1126 ὃ
585 1072 811 1136 τούτους
829 1074 1191 1144 ἐπιμένοντας
1220 1075 1401 1128 αὐτῶν
1419 1078 1485 1146 τῇ
1511 1073 1838 1146 πολυτρόπῳ

250 1164 458 1235 πλάνῃ,
474 1164 655 1234 πάσης
674 1165 875 1236 ἀγέλης
893 1167 1240 1237 Χριστιανῶν
1257 1168 1627 1238 ἐκκηρύττους
1648 1169 1838 1238 ἐποιη-

253 1256 476 1326 σάμεθα
500 1273 515 1288 ·
575 1257 671 1309 καὶ
721 1256 831 1328 γὰρ
869 1257 961 1311 καὶ
1004 1260 1033 1312 ὁ
1068 1259 1177 1312 τῶν
1203 1259 1378 1327 ἁγίων
1409 1261 1721 1314 ἀποστόλων
1745 1261 1838 1314 τέ-

249 1367 456 1422 ταρτος
486 1351 580 1404 καὶ
611 1349 904 1422 ἑξηκοστὸς
932 1351 1132 1415 κανὼν,
1165 1353 1294 1416 τοὺς
1329 1354 1387 1405 ἐν
1415 1357 1532 1417 τοῖς
1560 1354 1839 1409 Σά66ασιν

249 1443 512 1515 νηστείαν
559 1442 1024 1510 ἐπιτηδεύοντας,
1091 1435 1197 1498 ὦδέ
1258 1461 1378 1508 πως
1430 1446 1836 1518 ἁπορῤαπὶζων

250 1533 441 1606 φησίν.

322 1713 429 1769 κθ’.
459 1715 532 1768 Et
579 1731 674 1783 τις
711 1715 1003 1784 κληρικὸς
1051 1718 1319 1786 εὑρεθειή
1375 1718 1491 1788 τὴν
1533 1721 1840 1789 Κυριακὴν

1936 617 2151 687 vulgus,
2186 627 2245 672 ut
2277 619 2532 673 omnibus
2565 620 2638 673 ita
2671 619 2995 685 innotescat,
3042 621 3407 690 proferentes.

2007 706 2097 759 9.8.
2141 707 2213 762 Ita
2236 709 2382 764 enim
2404 717 2599 764 natura
2621 720 3008 780 comparantur
3025 711 3296 776 homines,
3325 720 3381 766 ut
3406 726 3514 765 non

1938 807 2149 853 tantum
2179 801 2466 869 praeteritis
2514 801 2794 871 suppliciis
2836 803 2965 856 ειη·ιί
3019 803 3146 857 tecti
3173 813 3515 864 remaneant,

1938 901 2200 961 quantum
2239 893 2602 962 praesentibus
2635 903 2691 948 et
2716 893 2769 947 in
2802 895 2990 948 oculos
3022 895 3432 948 incurrentibus
3459 894 3516 947 in

1941 986 2134 1039 ordine
2159 986 2572 1052 contineantur;
2595 985 2724 1040 dum
2758 1002 2880 1040 cum
2908 985 3197 1055 praeteritis
3224 985 3518 1054 prmsentia

1941 1076 2280 1144 conspirant,
2315 1075 2404 1129 illa
2436 1091 2532 1145 per
2571 1075 2760 1130 istliaac
2781 1076 2997 1130 roboris
3041 1076 3317 1144 accipiunt
3353 1074 3522 1128 ﬁrmi-

1941 1175 2131 1221 tatem.
2162 1167 2242 1221 Ad
2273 1168 2419 1222 hunc
2444 1167 2663 1222 modum
2702 1183 2798 1236 per
2820 1167 2869 1221 id
2893 1167 3035 1237 quod
3073 1166 3240 1221 hosce
3268 1167 3522 1221 homines

1939 1260 2228 1329 multiplici
2278 1275 2380 1314 suo
2426 1261 2597 1315 errori
2661 1260 3068 1322 immanentes,
3137 1260 3206 1313 ab
3265 1259 3520 1313 universo

1939 1367 2101 1423 grege
2131 1352 2562 1407 Christianorum
2594 1353 2817 1422 publico
2844 1352 3118 1422 praeconio
3140 1352 3391 1406 exclusos
3421 1351 3521 1405 de-

1938 1442 2372 1498 nuntiavimus:
2431 1443 2803 1512 sexagesimus
2852 1444 2997 1498 enim
3050 1453 3276 1513 quartus
3339 1456 3512 1496 canon

1938 1537 2290 1607 apostolicus,
2321 1551 2415 1592 eos
2442 1536 2536 1606 qui
2575 1536 2870 1590 intendunt
2908 1536 3120 1608 jejunio
3164 1533 3409 1601 Sabbati,
3450 1533 3520 1588 ad

1939 1628 2087 1684 hunc
2115 1629 2336 1684 modum
2368 1630 2700 1699 percutiens,
2727 1628 2939 1698 inquit:

2009 1723 2101 1778 29.
2141 1720 2200 1776 Si
2231 1723 2348 1792 quis
2393 1720 2609 1774 clericus
2651 1721 2953 1773 inveniatur
2990 1720 3130 1773 diem
3187 1719 3519 1772 Dominicam

249 1805 486 1878 ἡμέραν
538 1811 892 1876 νηστεύων,
931 1808 972 1878 ἢ
1027 1808 1095 1862 τὸ
1129 1809 1454 1878 Σάϐϐατον,
1507 1813 1676 1880 πλὴν
1730 1812 1836 1868 τοῦ

1938 1817 2206 1886 jejunare,
2236 1816 2316 1870 vel
2349 1815 2509 1868 etiam
2535 1811 2856 1878 Sabbatum,
2893 1821 3102 1878 excepto
3146 1828 3248 1865 uno
3290 1809 3518 1864 Sabbatc

249 1902 393 1966 ἐνὸς
406 1902 625 1968 μόνου,
653 1903 1086 1972 καθαιρείσθω*
1116 1905 1168 1957 εὶ
1207 1902 1276 1955 δὲ
1300 1902 1516 1970 λαὶκύς
1540 1904 1655 1972 εἵη,
1689 1905 1836 1975 ἀερο-

1938 1884 2071 1975 solo,
2109 1909 2435 1978 deponatur;
2475 1907 2560 1959 sin
2591 1905 2758 1958 laicus
2798 1905 2980 1974 fuerit,
3013 1913 3289 1973 separetur
3317 1921 3348 1955 a
3377 1919 3520 1956 com-

251 1993 529 2062 ριζέσθω.
572 1995 680 2048 Ναὶ
709 1994 772 2063 δὴ
809 1995 904 2049 καὶ
931 1997 960 2048 ό
989 1995 1088 2065 τῆς
1110 1994 1272 2063 ἁγίας
1305 1995 1401 2048 καὶ
1449 1997 1836 2066 οἰκουμενικῆς

251 2087 423 2155 ἕκτης
455 2085 679 2138 συνόδου
704 2085 956 2157 πέμπτος
977 2087 1075 2140 καὶ
1100 2087 1469 2158 πεντηκοστὸς
1493 2088 1676 2143 κανὼν
1694 2089 1837 2143 οὕτω

249 2193 372 2239 πως
392 2178 828 2248 ἀποφαινόμενος
851 2193 866 2208 ⁸

321 2265 390 2321 λ’.
434 2267 670 2334 Ἐπειδὴ
706 2267 1142 2337 μεμαθήκαμεν
1161 2267 1306 2333 τοὺς
1331 2267 1402 2322 ἐν
1432 2267 1509 2337 τῇ
1538 2268 1835 2338 Ῥωμαίων

247 2356 450 2420 πόλει,
487 2355 557 2408 ἐν
592 2355 724 2422 ταῖς
771 2356 969 2426 ἁγίαις
1023 2356 1132 2424 τῆς
1181 2357 1686 2426 τεσσαρακοστῆς
1731 2376 1837 2426 νη-

247 2449 504 2515 στείαις,
544 2449 672 2516 τοῖς
708 2450 929 2517 ταύτης
966 2450 1233 2504 Σάϐϐασι
1293 2451 1635 2525 νηστεύειν,
1675 2449 1836 2516 παρὰ

247 2541 372 2608 τὴν
408 2541 856 2609 παραδοθεῖσαν
884 2541 1408 2610 ἐκκλησιαστικήν
1442 2540 1834 2600 ἀκολουθίαν,

245 2633 428 2699 ἔδοξε
470 2632 548 2703 τῇ
595 2633 736 2703 ἁγίᾳ
779 2633 1048 2699 συνόδῳ,
1097 2632 1256 2688 ὥστε
1293 2633 1531 2703 κρατεῖν
1579 2633 1678 2687 καὶ
1737 2632 1837 2686 ἐπὶ

245 2724 371 2794 τὴν
406 2725 706 2797 Ῥωμαίων
746 2727 1138 2794 Ἐκκλησίαν,
1168 2727 1704 2796 ἀπαρασαλεύτως,
1730 2723 1838 2778 τὸν

245 2821 481 2874 κανόνα
510 2819 619 2873 τὸν
653 2817 924 2889 λέγοντα,
971 2838 989 2871 ι
1028 2817 1100 2872 El
1133 2836 1223 2885 τις
1278 2818 1566 2887 κληρικὸς
1610 2814 1835 2887 εὑρεθῇ

255 2909 338 2981 τῇ
395 2912 536 2982 ἀγίᾳ
592 2911 859 2980 Κυριακῇ
903 2913 1239 2978 νηστεύων,
1295 2911 1335 2981 ἢ
1387 2910 1455 2966 τὸ
1508 2911 1832 2975 Σάϐϐατον,

246 3002 421 3071 πλὴν
465 3002 574 3058 τοῦ
625 3003 766 3070 ἐνὸς
817 3003 917 3058 καὶ
950 2990 1165 3073 μόνου,
1198 3003 1602 3074 καθαιρέσθω·
1657 3005 1710 3059 sl
1768 3001 1838 3056 δὲ

160 3144 170 3153 .
242 3095 461 3162 λατκὸς
481 3097 596 3163 ειη,
636 3095 1023 3166 ἀφοριζέσθω.
1071 3115 1092 3148 ι

1938 2002 2205 2056 munione.
2238 1998 2343 2053 Sed
2400 2007 2459 2052 et
2500 2007 2703 2051 sanctae
2743 1995 3069 2050 universalis
3114 2003 3282 2048 sexta:
3330 1992 3518 2063 synodi

1938 2108 2118 2148 canon
2148 2091 2373 2162 quintus
2407 2097 2463 2143 et
2488 2089 2974 2160 quinquagesimus
3007 2087 3075 2142 ad
3117 2087 3263 2140 hunc
3295 2086 3522 2140 modum

1938 2188 2125 2243 sciscit
2157 2206 2170 2241 :

2010 2281 2100 2336 50.
2141 2281 2220 2335 Eo
2245 2281 2383 2351 quod
2407 2278 2637 2350 pervenit
2662 2276 2730 2329 ad
2755 2275 2997 2328 notitiam
3026 2281 3278 2334 nostram,
3306 2287 3392 2324 eos
3429 2269 3520 2340 qui

1936 2374 2161 2429 Romam
2211 2373 2443 2427 incolunt
2492 2372 2546 2424 in
2594 2369 2792 2424 sanctis
2831 2366 3264 2436 Quadragesima:
3295 2363 3521 2433 jejuniia

1938 2467 2242 2520 earumdem
2274 2463 2521 2518 Sabbatis
2555 2461 2828 2531 jejunare,
2867 2469 3053 2511 contra
3086 2457 3520 2510 consuetudinem

1939 2568 1989 2612 et
2035 2558 2375 2611 traditionem
2411 2553 2847 2615 ecclesiasticam,
2897 2552 3067 2605 visum
3113 2558 3191 2603 est
3232 2562 3401 2602 sacra:
3434 2563 3523 2615 sy-

1939 2649 2095 2715 nodo,
2141 2648 2387 2702 utetiam
2432 2658 2480 2700 et
2518 2662 2611 2716 per
2657 2643 2951 2698 Romanam
2996 2641 3290 2696 Ecclesium
3336 2640 3518 2692 incon-

1939 2758 2118 2796 cussus
2162 2741 2395 2794 obtineat
2434 2738 2526 2792 ille
2575 2753 2746 2791 canon
2795 2736 2884 2808 qui
2932 2736 3059 2788 ait:
3101 2754 3118 2785 ι
3157 2732 3214 2788 Si
3266 2733 3381 2804 quis
3417 2730 3521 2784 cle-

1938 2833 2077 2886 ricus
2117 2831 2417 2884 inveniatur
2443 2830 2497 2881 in
2517 2837 2700 2882 sancto
2729 2826 3002 2881 Dominico
3034 2827 3117 2879 die
3140 2825 3412 2894 jejunarc,
3441 2820 3523 2877 vel

1937 2924 1994 2977 in
2044 2921 2295 2988 Sabbato,
2325 2930 2539 2989 excepto
2581 2937 2706 2978 uno.
2754 2928 2802 2971 et
2859 2918 3003 2981 solo,
3058 2917 3385 2985 deponatur,
3437 2913 3525 2969 sin

1938 3025 2116 3070 autem
2141 3015 2327 3080 laicus,
2355 3023 2632 3080 separetur
2666 3031 2700 3065 a
2731 3011 3114 3064 communione.
3146 3030 3163 3060 ι

319 3149 452 3240 λα’ῗῖ
482 3149 863 3258 “viiii—iero;
909 3149 1019 3240 καί
1038 3187 1068 3239 ὁ
1094 3189 1195 3258 τῆς
1224 3187 1283 3239 ἐν
1332 3187 1560 3257 Γάγγρᾳ
1590 3185 1834 3248 συνόδου,

2009 3194 2099 3248 3|.
2142 3192 2250 3248 Sed
2301 3202 2357 3248 et
2403 3203 2627 3263 quartus
2672 3193 2888 3247 concilii
2917 3191 3248 3262 Gangrensis
3306 3203 3520 3252 canon,

246 3280 382 3350 περὶ
396 3279 507 3332 τῶν
532 3281 628 3332 τὸν
647 3280 827 3350 γάμον
853 3278 1327 3349 βδελυσσομένων,
1372 3279 1554 3333 κανὼν
1581 3278 1838 3350 τέταρτος

245 3369 427 3425 ταῦτά
458 3387 646 3442 φησιν·
687 3371 761 3426 El
787 3388 878 3438 τις
915 3371 1282 3440 διακρίνοιτο
1320 3373 1480 3440 παρὰ
1510 3368 1834 3438 πρεσϐυτέ-

239 3482 362 3535 ρου
436 3467 867 3535 γεγαμηκότος,
927 3465 1011 3533 ὡς
1049 3464 1136 3536 μὴ
1192 3463 1437 3536 χρῆναι,
1489 3463 1839 3534 λειτουργή-

245 3572 480 3623 σαντος
510 3558 722 3624 αὐτοῦ,
756 3559 1111 3629 προσφορὰς
1149 3557 1648 3628 μεταλαμϐάνειν,
1686 3557 1835 3612 ἀνά-

245 3654 400 3720 θεμα
435 3649 654 3713 ἐστω.ι
709 3650 984 3714 Ὡσαύτως
1023 3651 1078 3704 δὲ
1128 3650 1310 3721 ψῆφον
1351 3651 1635 3720 ὁμόφωνον
1679 3635 1838 3720 φέρει

247 3744 374 3796 κατ’
409 3741 610 3804 αὐτῶν,
662 3743 757 3797 καὶ
804 3744 839 3814 ἡ
895 3744 1028 3814 ἕκτη
1065 3742 1305 3807 σύνοδος,
1345 3742 1535 3796 τοῦτον
1593 3742 1839 3814 ἀναγρά-

248 3850 430 3904 φουσα
461 3833 553 3886 τὸν
582 3833 785 3905 τρόπον
810 3850 826 3866 ο
869 3833 1110 3903 Ἐπειδὴ
1139 3835 1210 3888 ἐν
1251 3832 1327 3903 τῇ
1377 3833 1669 3904 Ῥωμαίων
1710 3834 1836 3888 Ἑκ-

247 3927 503 3994 κλησίᾳ,
535 3927 606 3980 ὲν
634 3926 799 3992 τάξει
830 3928 1090 3994 κανόνος
1115 3926 1567 3996 παραδεδόσθαι
1595 3927 1838 3996 διέγνω-

240 4038 383 4091 μεν,
431 4021 573 4088 τοὺς
613 4023 959 4092 μέλλοντας
995 4023 1303 4086 διακόνου,
1334 4023 1396 4092 ἢ·
1422 4023 1836 4092 πρεσϐυτέρου

247 4113 573 4178 ἀξιοῦσθαι
597 4115 990 4184 χειροτονίας.
1033 4117 1490 4186 καθομολογεῖν,
1522 4117 1604 4179 ὼς
1633 4115 1834 4170 οὐκέτι

244 4206 382 4274 ταῖς
414 4207 614 4262 αὐτῶν
666 4207 1078 4263 συνάπτονται
1141 4209 1458 4279 γαμεταῖς-ο
1524 4210 1699 4280 ἡμεῖς
1754 4209 1837 4276 τῷ

245 4299 480 4369 ἀρχαίῳ
528 4301 1085 4367 ἐξακολουθοῦντες
1130 4303 1343 4356 κανόνι
1368 4344 1384 4368 ,
1424 4301 1536 4371 τῆς
1575 4303 1838 4357 ἀποστο-

244 4389 431 4456 λικῆς
449 4390 756 4458 ἀκριϐείας
777 4390 878 4443 καὶ
898 4390 1142 4457 τάξεως,
1173 4394 1247 4445 τὰ
1269 4391 1391 4446 τῶν
1411 4392 1586 4460 ιερῶν
1597 4391 1836 4461 ἀνδρῶν

247 4483 402 4537 κατὰ
421 4483 649 4551 νόμους
677 4484 1059 4550 συνοικέσια,
1084 4473 1186 4538 καί
1215 4484 1336 4538 ἀπὸ
1362 4485 1469 4538 τοῦ
1498 4485 1616 4538 νῦν
1653 4483 1831 4553 ἐρρῶ-

247 4577 392 4628 σθαι
453 4573 838 4645 βουλόμεθαο
902 4575 1187 4646 μηδαμῶς
1266 4575 1468 4630 αὐτῶν
1511 4575 1628 4644 τὴν
1683 4576 1834 4644 πρὸς
1868 4568 1912 4624 D

247 4665 514 4736 γαμετὰς
532 4665 876 4736 συνάφειαν
891 4667 1265 4735 διαλύοντες,
1291 4668 1330 4737 ἢ
1352 4668 1836 4736 ἀποστεροῦντες

247 4758 474 4825 αὐτοὺς
529 4758 642 4827 τῆς
678 4759 830 4828 πρὸς
867 4759 1207 4826 ἀλλήλους,
1255 4760 1409 4814 κατὰ
1460 4763 1672 4828 καιρὸν
1729 4760 1837 4812 τὸν

195 4846 202 4855 ’
247 4851 662 4919 προσήκοντα.
697 4854 956 4922 ὁμιλίας.
984 4854 1163 4908 Ὥστε
1187 4853 1244 4907 ει
1271 4871 1362 4920 τις
1413 4853 1585 4918 ἄξιος
1619 4849 1833 4920 εὑρεθῇ

248 4945 406 5013 πρὸς
489 4947 868 5015 χειροτονίαν
934 4946 1224 5002 διακόνου
1281 4945 1321 5015 ἢ
1386 4945 1832 5008 ὐποδιακόνου,

249 5033 439 5103 οὗτος
457 5036 746 5106 μηδαμῶς
777 5037 1101 5092 κωλυέσθω
1137 5037 1235 5091 ἐπὶ
1261 5037 1372 5091 τὸν
1398 5037 1676 5092 τοιοῦτον
1692 5038 1836 5102 ,Βαθο

239 5131 367 5202 μὸν
425 5127 872 5198 ἐμϐιϐάζεσθαι,
922 5128 1149 5199 γαμετῇ
1214 5128 1520 5184 συνοικῶν
1571 5129 1832 5197 νομίμῳο

241 5223 402 5294 μήτε
418 5223 549 5294 μὴν
575 5225 644 5275 ἐν
671 5221 754 5288 τῷ
783 5222 895 5289 τῆς
923 5222 1301 5291 χειροτονίας
1331 5221 1518 5289 καιρῷ
1563 5221 1833 5276 ἀπαιτεῖ-

245 5317 374 5368 σθω
418 5312 755 5382 ὁμολογεῖν,
809 5312 888 5378 ὡς
929 5311 1346 5380 ἀποστήσεται
1389 5311 1502 5381 τῆς
1553 5313 1831 5381 νομίμου,

246 5406 398 5474 πρὸς
449 5405 567 5474 τὴν
611 5406 842 5459 οἰκείαν
896 5404 1197 5474 γαμετὴν,
1257 5405 1517 5473 ὁμιλίας.
1573 5405 1698 5458 Ἵνα
1744 5403 1830 5472 μὴ

245 5498 554 5564 ἐντεῦθεν,
578 5498 687 5552 τὸν
719 5499 789 5552 ἐκ
830 5498 979 5552 Θεοῦ
1015 5495 1481 5566 νομοθετεθέντα
1518 5496 1616 5550 καὶ
1653 5498 1830 5551 εὐλο-

247 5591 508 5662 τηθέντα
535 5588 610 5659 τῇ
639 5590 828 5645 αὑτοῦ
871 5589 1176 5658 παρουσίᾳ
1204 5590 1417 5660 γάμον,
1458 5587 1834 5658 καθυϐρίζειν

246 5682 680 5751 ἐκϐιασθῶμεν,
716 5681 827 5750 τῆς
869 5681 976 5736 τοῦ
1005 5682 1380 5753 Εὑαγ-γελίου
1425 5679 1632 5751 φωνῆς
1665 5681 1831 5735 ἐκϐο-

248 5776 439 5842 ὡσης,
484 5794 504 5828 ι
543 5776 660 5841 Οὓς
690 5779 723 5831 ό
753 5775 898 5840 Θεὸς
946 5773 1207 5839 ἔζευξεν,
1257 5774 1572 5843 ἄνθρωπος
1596 5773 1684 5842 μὴ
1716 5791 1830 5843 χω⁸

247 5869 490 5938 ριζέτω’
540 5888 560 5923 ι
636 5868 736 5924 καὶ
791 5868 900 5923 τοῦ
969 5868 1339 5924 Ἀποστόλου
1405 5867 1824 5935 διδάσκοντος,

1941 3297 2131 3342 contra
2166 3287 2388 3357 nuptias
2415 3287 2796 3342 abominantes
2828 3287 2904 3340 ait
2932 3305 2945 3339 :
2982 3285 3043 3340 Si
3082 3285 3197 3352 quis
3234 3284 3521 3353 presbyter,

1939 3379 2028 3449 qui
2059 3394 2273 3431 uxorem
2307 3377 2478 3439 duxit,
2511 3378 2775 3430 discernat
2819 3376 2971 3447 quasi
3022 3391 3124 3428 non
3167 3383 3426 3443 oporteat,
3463 3390 3522 3426 eo

1937 3487 2092 3524 sacra
2137 3469 2427 3524 celebrante
2476 3469 2730 3524 oblationi
2780 3467 3205 3528 communicare,
3261 3466 3330 3518 sit
3384 3481 3526 3518 ana-

1941 3565 2136 3619 thema.
2166 3562 2443 3617 Adversus
2481 3577 2619 3632 quos
2658 3559 2987 3616 sententiam
3031 3559 3263 3612 similem
3304 3557 3526 3626 praefert

1937 3666 1994 3711 et
2051 3664 2202 3710 sexta
2258 3653 2533 3725 synodus,
2588 3654 2656 3709 ad
2728 3654 2877 3708 hunc
2943 3652 3164 3707 modum
3230 3651 3523 3704 scribens:

1939 3745 2375 3816 Quandoquidem
2423 3746 2480 3798 in
2515 3743 2757 3798 Romana
2799 3744 3039 3798 Ecclesia
3097 3743 3316 3820 canonis
3361 3742 3527 3794 vicem

1939 3839 2172 3894 obtinere
2198 3839 2456 3903 novimus,
2493 3847 2548 3891 ut
2597 3838 2687 3909 qui
2714 3838 2784 3891 ad
2820 3838 3162 3891 diaconatum
3206 3834 3284 3889 vel
3313 3836 3527 3906 presby-

1941 3941 2169 3986 teratum
2196 3930 2533 3998 promovendi
2575 3940 2718 3996 sunt,
2772 3931 3147 4000 professionem
3199 3927 3423 3996 faciant,
3469 3943 3527 3979 se

1939 4041 2042 4080 non
2091 4025 2318 4093 amplius
2352 4024 2779 4078 consuetudinem
2829 4039 3056 4077 uxorum
3099 4037 3321 4076 suarum
3373 4019 3528 4072 habi-

1939 4129 2110 4182 turos;
2142 4133 2232 4170 nos
2255 4118 2532 4186 antiquum
2561 4131 2816 4169 canonem
2862 4114 3166 4183 apostolica:
3195 4111 3529 4184 perfectionis

1938 4210 2237 4279 ordinisque
2265 4209 2615 4272 observantes,
2645 4223 2828 4260 eorum
2862 4207 2952 4272 qui
2985 4215 3105 4260 sunt
3147 4207 3202 4259 in
3243 4205 3410 4258 sacris
3440 4220 3529 4257 or-

1937 4302 2146 4355 dinibus
2169 4301 2458 4366 constituti,
2492 4299 2740 4368 conjugia
2765 4300 3027 4364 deinceps,
3053 4298 3116 4352 ab
3145 4300 3240 4352 hoc
3276 4297 3528 4366 temporis

1936 4405 2218 4458 momento,
2260 4394 2417 4463 ﬁrma
2455 4404 2503 4448 et
2547 4393 2757 4447 stabilia
2818 4408 2928 4446 esse
2995 4391 3254 4454 volumus,
3329 4404 3532 4458 nequa-

1938 4505 2098 4560 quam
2129 4505 2311 4542 eorum
2350 4504 2464 4540 cum
2498 4487 2746 4541 uxoribus
2785 4488 2892 4540 suis
2921 4487 3164 4554 copulam
3213 4483 3524 4544 dissuentes,

1941 4581 2022 4635 vel
2073 4597 2156 4634 eos
2205 4587 2390 4632 mutua
2435 4580 2806 4633 consuetudine
2860 4578 3166 4648 opportunis
3207 4572 3529 4644 temporibus

1943 4674 2238 4741 privantes.
2275 4669 2623 4735 Quamobrem
2658 4671 2702 4724 si
2723 4672 2840 4742 quis
2867 4672 3057 4741 dignus
3081 4671 3319 4722 inventus
3343 4666 3525 4735 fuerit,

1942 4765 2032 4834 qui
2062 4763 2472 4832 hypodiaconus,
2500 4763 2780 4823 diaconus,
2813 4763 3087 4831 presbyter
3119 4760 3413 4814 ordinetur.
3444 4758 3528 4811 hic

1941 4853 2012 4906 ad
2041 4852 2200 4906 talem
2233 4853 2459 4921 gradum
2491 4851 2690 4904 assumi
2726 4866 3060 4920 nequaquam
3092 4847 3449 4916 prohibeatur,
3483 4847 3531 4900 si

1940 4962 2060 4999 cum
2083 4961 2182 4998 sua
2226 4943 2463 5014 legitima
2512 4958 2674 4996 uxore
2721 4940 3000 4994 cohabitet.
3032 4937 3135 4992 Sed
3184 4953 3275 4990 nec
3310 4937 3533 4990 ordina-

1941 5038 2099 5091 tionis
2137 5046 2390 5104 tempore,
2422 5035 2486 5088 ab
2531 5035 2625 5088 illo
2656 5034 2900 5102 exigatur
2929 5031 3202 5102 professio,
3245 5046 3300 5084 se
3337 5047 3368 5082 α
3399 5029 3530 5101 legi-

1938 5125 2069 5178 tima
2101 5140 2220 5177 cum
2257 5139 2419 5176 uxore
2459 5139 2556 5176 sua
2600 5122 2975 5175 consuetudine
3013 5122 3220 5188 penitus
3262 5119 3534 5174 abstentu-

1939 5235 2056 5272 rum
2083 5234 2101 5270 :
2130 5217 2210 5271 Ne
2238 5233 2330 5285 per
2370 5214 2506 5268 illud
2553 5214 2789 5282 nuptias,
2823 5229 2854 5264 a
2893 5212 3000 5265 Deo
3030 5212 3325 5274 institutas,
3357 5221 3407 5266 et
3433 5229 3534 5267 sua

1937 5316 2221 5386 prwsentia
2270 5315 2573 5367 honestatus
2623 5308 2942 5362 contumelia
2989 5308 3192 5377 afficere
3236 5307 3530 5361 rideamur.

1935 5407 2254 5478 Evangelica
2276 5421 2394 5460 voce
2419 5405 2620 5458 dicente
2645 5417 2662 5455 :
2691 5421 2710 5454 ι
2734 5401 2864 5466 Qum
2891 5401 3026 5456 Deus
3051 5401 3343 5468 conjunxit,
3375 5401 3528 5454 homo

1935 5514 1999 5550 ne
2028 5504 2294 5564 separetp
2329 5503 2377 5547 et
2412 5493 2660 5563 Apostolo
2679 5493 2934 5546 docente:
2965 5511 2984 5542 ι
3014 5491 3363 5546 Honorabiles
3419 5507 3529 5544 esse

1935 5589 2167 5655 nuptias,
2205 5597 2253 5641 et
2299 5595 2470 5640 torum
2514 5585 2954 5648 immaculatum;
2984 5605 3001 5636 ι
3033 5597 3104 5653 et,
3139 5605 3157 5637 ι
3182 5585 3445 5654 Alligatus
3473 5601 3528 5640 es

1934 5681 2123 5735 uxori?
2154 5679 2260 5733 noli
2313 5694 2546 5749 qurerere
2593 5678 3012 5733 dissolutionem.
3043 5699 3061 5731 ι
3111 5680 3171 5733 Si
3209 5680 3327 5749 quis
3361 5679 3528 5748 igitur

1933 5783 2117 5828 contra
2148 5788 2371 5826 canones
2393 5771 2706 5841 apostolicos
2737 5771 3036 5825 incitaverit
3081 5771 3309 5840 aliquem
3339 5785 3523 5823 eorum

1932 5865 2024 5936 qui
2052 5873 2172 5920 sunt
2212 5864 2265 5919 in
2291 5863 2480 5931 sacris,
2512 5862 2935 5934 presbyterorum
2967 5862 3239 5925 nimirum,
3281 5860 3361 5916 vel
3399 5863 3520 5916 dia-
