4044 6442
553 395 660 459 735

1687 399 1952 461 PIIO'I‘II
1990 396 2495 460 PATRIARCHJ’.
2532 395 2622 456 CP

3710 392 3812 454 736

553 529 840 579 tonorum,
889 515 972 568 vel
1018 515 1542 585 hypodiaconornm,
1599 518 1965 587 conjunctione
2019 533 2141 571 cum

2250 533 2268 566 ι
2333 515 2534 582 Τᾲιιον
2590 515 2697 565 τὸν
2741 512 2932 582 γάμον
2961 509 3030 564 ἐν
3077 507 3249 570 πᾶσι..
3295 506 3392 561 καί
3432 505 3557 572 Τὴν
3607 506 3812 572 κοίτην

555 605 789 676 legitima
860 621 960 658 sua
1029 623 1190 660 uxore
1265 609 1509 676 privari,
1563 609 1859 679 deponatur
1923 611 2139 664 :‘simi-

555 697 690 762 liter,
735 707 782 750 et
814 698 858 750 si
897 697 1011 760 quis
1029 696 1319 766 presbyter,
1348 698 1430 750 uel
1453 699 1707 752 diaconus
1741 715 1892 753 suam
1923 714 2138 752 uxorem

554 789 649 842 sub
688 789 901 856 pietatis
924 801 1015 842 ant
1051 790 1318 860 religionis
1339 800 1597 857 praetextu
1637 789 1870 858 ejecerit,
1908 805 2144 860 segrege-

556 891 676 945 tur;
699 891 747 934 et
774 884 818 935 si
845 892 1158 950 perseverat,
1187 883 1500 950 deponatur.

2243 604 2561 674 ἀμίαντον,
2584 603 2705 667 καί,
2728 602 2971 656 Δέδεσαι
2997 597 3236 669 γυναικί
3252 595 3367 665 uti;
3387 595 3550 662 ζήτει
3567 595 3767 648 λύσιν.
3790 614 3808 644 ι

2245 699 2318 752 ΕΖ
2345 714 2436 764 τις
2473 691 2588 751 οὖν
2622 694 2932 764 τολμήσει,
2991 692 3151 762 παρὰ
3185 689 3327 754 τοὺς
3372 687 3814 751 ommutch

2246 791 2513 855 κανόνας
2545 790 2920 857 κινούμενος,
2944 784 3078 838 τινὰ
3109 782 3230 836 τῶν
3255 779 3611 849 ιερωμένων,
3640 794 3815 845 πρεσ-

2252 883 2518 949 ϐύτερον,
2585 880 2805 950 φαμὲν,
2865 878 2905 945 ἢ
2961 875 3263 936 διάκονον,
3302 873 3339 940 ἢ
3380 871 3809 933 ιενποδιάκονον,

555 975 914 1042 ἀποστερεῖν
941 976 1052 1042 τῆς
1081 977 1232 1044 πρὸς
1283 977 1399 1043 τὴν
1437 977 1692 1045 νόμιμον
1732 973 1990 1044 γυναῖκα
2027 977 2364 1044 συναφείας
2415 993 2480 1029 τε
2523 975 2621 1029 καί
2681 973 3014 1038 κοινωνίας,
3042 970 3453 1037 καθαιρείσθω·
3512 966 3809 1041 ὡσαύτως-ν

555 1065 654 1118 καί
705 1067 761 1118 εἴ
790 1085 880 1132 τις
931 1070 1336 1136 πρεσϐύτερος
1379 1068 1416 1137 ἢ
1461 1069 1744 1134 διάκονος
1791 1068 1908 1136 τὴν
1953 1067 2142 1122 αὐτοῦ
2176 1067 2455 1138 γυναῖκα,
2509 1066 2807 1138 προφάσει
2849 1067 3183 1132 εὐλαϐείας,
3246 1059 3555 1122 ἐκϐάλλει,
3618 1059 3814 1126 ἀφορι-

556 1158 772 1217 ζέσθω·
808 1158 1106 1227 ἐπιμένων
1135 1160 1223 1220 δὲ.
1246 1160 1662 1226 καθαιρείσθω.

626 1250 715 1303 32.
776 1249 972 1303 Verum
1031 1251 1312 1305 enimvero
1375 1254 1562 1321 prima:
1624 1251 1981 1306 hebdomadis
2045 1265 2144 1321 per

475 1403 486 1413 ,
561 1357 654 1396 eos
707 1342 926 1396 inducta
968 1343 1275 1407 dissolutio,
1311 1345 1386 1398 uti
1425 1353 1482 1398 et
1539 1345 1934 1414 baptizatorum
1980 1352 2144 1412 atque

557 1435 679 1487 oleo
711 1434 1063 1488 inunctorum
1092 1436 1361 1498 reunctio,
1401 1452 1510 1490 non
1551 1451 1688 1506 opus
1718 1435 1922 1489 habent
1957 1444 2016 1488 ut
2048 1445 2145 1503 per

557 1539 794 1578 canones
829 1526 1086 1580 recitatos
1117 1527 1453 1580 damnationi
1478 1526 1871 1596 subiiciantur:
1903 1541 2030 1579 nam
2057 1523 2145 1578 vel

557 1615 902 1670 solummodo
941 1618 1275 1672 mentionem
1336 1635 1524 1674 eorum
1577 1619 1795 1684 fecisse,
1846 1619 2144 1690 impietatis

564 1708 942 1776 cujuscunque
975 1709 1326 1764 eminentiam
1359 1713 1786 1782 supergreditur.

629 1804 719 1857 55.
761 1801 865 1856 Sed
907 1812 964 1858 et
1003 1804 1090 1858 illa
1136 1804 1188 1857 in
1228 1803 1491 1873 Spiritum
1538 1815 1805 1870 sanetum,
1839 1805 1927 1860 vel
1974 1814 2140 1861 totam
2174 1832 2218 1892 Β

558 1894 742 1964 potius
785 1904 1182 1949 sacrosanctam
1218 1895 1564 1960 Trinitatem,
1611 1897 1969 1967 blasphemia,
2017 1899 2144 1952 nul-

559 1985 666 2039 lam
683 2001 712 2038 a
742 2002 798 2038 se
818 1987 1111 2040 secundam
1133 1986 1362 2048 habens,
1383 1987 1426 2040 si
1447 1999 1640 2042 caetera
1667 1987 1845 2042 omnia
1864 1989 2141 2056 abessent,

558 2077 834 2132 sulliccret
863 2077 929 2132 ad
958 2078 1104 2133 mille
1137 2078 1607 2134 anathematismis
1641 2095 1736 2134 eos
1760 2080 2050 2136 feriendus.

633 2250 721 2304 54.
766 2249 992 2304 lstarum
1038 2251 1107 2304 ita
1157 2258 1674 2330 gestarum‘rerum
1723 2252 1996 2318 notitiam,
2045 2269 2143 2323 pro

560 2352 776 2396 vetusta
824 2342 1204 2398 Ecclesiastica
1242 2344 1658 2409 consuetudine,
1713 2345 1780 2398 ad
1825 2353 2037 2401 vestras
2087 2347 2142 2401 in

564 2435 797 2488 Domino
831 2435 1200 2489 fraternitates
1225 2434 1459 2500 deferre,
1489 2437 1866 2491 statuebamus
1893 2453 2140 2507 aequum;

558 2543 697 2596 quos
749 2537 968 2597 paratos
1009 2527 1126 2582 fore
1157 2543 1432 2597 rogamus,
1467 2538 1523 2583 et
1557 2528 1828 2598 cupimus,
1865 2530 1932 2583 ad
1983 2545 2143 2600 opem

561 2631 910 2671 communem
941 2626 1179 2671 vestram
1202 2616 1586 2672 conferendam
1614 2618 1666 2670 in
1697 2617 1921 2671 istarum
1953 2618 2144 2688 impia-

558 2729 680 2768 rum
709 2723 759 2768 et
789 2729 816 2765 a
851 2711 960 2766 Deo
982 2712 1393 2766 abhorrentium
1423 2712 1854 2780 propositionum
1880 2712 2142 2767 condem-

557 2805 821 2870 natione;
873 2813 934 2858 ut
963 2819 1303 2872 nequaquam
1337 2804 1628 2858 stationem
1661 2811 1941 2873 paternam
1989 2805 2144 2858 deleo

560 2898 719 2961 ratis,
749 2912 910 2966 quam
944 2897 1099 2951 vobis
1136 2896 1299 2950 vestri
1335 2904 1735 2959 antecessores,
1769 2911 1868 2964 per
1895 2910 2022 2949 suas
2057 2911 2144 2951 res

558 2996 760 3058 gestas,
819 2986 1077 3040 tuendam
1111 2995 1162 3040 et
1204 2987 1503 3039 ornandam
1533 2986 1820 3040 tradidere.
1879 2986 2142 3052 Quocirca

560 3079 804 3134 studiose
832 3079 1054 3142 curetis,
1089 3087 1144 3131 et
1179 3094 1302 3132 cum
1345 3078 1643 3147 diligentia,
1678 3087 1738 3132 ut
1765 3088 1973 3133 vestras
1997 3081 2142 3134 vices

2310 1249 2410 1320 λβ’.
2461 1248 2524 1302 Ἥ
2554 1249 2612 1303 δὲ
2648 1248 2943 1312 κατάλυσις
2969 1248 3070 1318 τῆς
3104 1245 3330 1316 πρώτης
3356 1243 3689 1312 ἑϐδομάδος,
3728 1242 3816 1295 καὶ

2238 1343 2268 1394 ό
2301 1341 2684 1413 ἀναμυρισμδς
2718 1340 2825 1394 τῶν
2859 1340 2959 1410 ἥδη
2996 1337 3467 1410 βεδαπτισμένων,
3504 1335 3605 1388 καὶ
3645 1350 3812 1402 μεμυ-

2242 1432 2532 1502 ρισμένων,
2565 1431 2686 1484 οὐδὲ
2721 1431 2986 1493 κανόνων,
3031 1425 3207 1498 οἶμαι,
3233 1427 3486 1496 δεήσεται
3520 1426 3604 1488 εἰς
3652 1424 3809 1476 κατά-

2239 1541 2463 1594 γνωσιν,
2519 1523 2747 1576 αὐτόθεν
2790 1523 2885 1576 καὶ⁵
2937 1521 3103 1591 μόνης
3153 1521 3251 1589 τῆς
3293 1518 3607 1590 διηγήσεως
3645 1517 3812 1568 πᾶσαν

2241 1619 2342 1672 ὑπε
2351 1617 2549 1690 ρ6ολὴν
2583 1615 2886 1684 ὲκνικώσης
2921 1613 3349 1684 δυσσεσήματος.

2313 1800 2416 1867 λγ’.
2460 1798 2534 1851 Οὑ
2597 1797 2706 1868 μὴν
2752 1794 2889 1852 ἀλλὰ
2935 1794 3029 1847 καὶ
3070 1791 3276 1864 ἡκατά
3319 1789 3414 1844 τοῦ
3471 1789 3807 1859 Πνεὺματος,

2248 1892 2449 1962 μᾶλλον
2485 1891 2541 1944 δὲ
2567 1890 2690 1945 καθ’
2723 1889 2853 1958 ὅλης
2884 1888 2986 1957 τῆς
3015 1887 3176 1954 ἁγίας
3209 1885 3436 1957 Τριὰδος
3461 1923 3477 1946 ,
3518 1883 3810 1954 ὑπερϐολὴν

2243 1984 2303 2037 οὑ
2335 1983 2594 2034 λείπουσα
2641 1978 2988 2050 βλασφημία,
3019 1975 3122 2030 κᾶν
3172 1975 3337 2044 μηδὲν
3366 1973 3558 2043 ἕτερον
3603 1972 3690 2039 εἴη
3717 1970 3809 2023 τῶν

2245 2073 2666 2147 προειρημένων
2711 2069 3135 2140 τετολμημένον,
3185 2068 3440 2136 ἐξαρκεῖ,
3497 2063 3596 2118 καὶ
3645 2062 3807 2134 μόνον,

2247 2165 2462 2238 μυρίοις
2502 2162 2699 2226 αὑτοὺς
2737 2160 3041 2228 ὑπαγαγεῖν
3072 2158 3427 2227 ἀναθέμασιν.

2313 2258 2407 2313 λδ’.
2451 2256 2670 2310 Τούτων
2708 2253 2807 2324 τὴν
2834 2251 3037 2320 γνῶσιν
3067 2250 3162 2302 καὶ
3189 2248 3413 2318 εἴδησιν,
3448 2255 3596 2301 κατὰ
3633 2247 3692 2299 τὸ
3718 2264 3806 2298 πα-

2245 2351 2394 2404 λαιὸν
2426 2350 2526 2420 τῆς
2563 2345 2892 2416 Ἐκκλησίας
2921 2341 3061 2405 ἔθος,
3093 2341 3408 2408 ἀνενεγκεῖν
3435 2341 3503 2408 τῇ
3535 2338 3806 2409 ἡμετέρα⁹

2245 2443 2305 2494 ὲν
2332 2441 2530 2511 Κυμίῳ
2559 2439 2879 2507 ἀδελφότητι
2899 2477 2913 2501 ,
2943 2431 3362 2502 ὲδικαιώσαμεν·
3389 2433 3484 2484 καὶ
3512 2431 3810 2500 προθύμους

2249 2534 2346 2588 καὶ
2379 2531 2784 2601 συναγωνιστὰς
2813 2526 3106 2599 γενέσθαι,
3143 2527 3238 2579 ἐπὶ
3266 2528 3335 2592 τῇ
3364 2523 3691 2594 καθαιρέσει
3718 2523 3809 2574 τὼν

2245 2625 2524 2681 δυσσεσῶν
2554 2624 2762 2677 τούτων
2789 2622 2886 2676 καὶ
2919 2620 3096 2674 ἀθέων
3145 2617 3481 2686 κεφαλαίων,
3524 2614 3807 2684 παραινοῦ-

2249 2721 2348 2791 μέν
2384 2734 2446 2771 τε
2485 2718 2581 2770 καὶ
2623 2715 2875 2786 δεόμεθα’
2929 2713 3024 2766 καὶ
3071 2713 3144 2782 μὴ
3191 2711 3370 2764 λιπεῖν
3414 2708 3515 2779 τὴν
3564 2707 3807 2778 πατρῴαν

2244 2809 2423 2875 τάξιν,
2457 2811 2524 2880 ἣν
2552 2809 2696 2879 ὑμᾶς
2729 2808 2778 2860 οἱ
2813 2805 3068 2875 πρόγονοι
3093 2844 3107 2866 ,
3151 2802 3219 2855 δι’
3249 2795 3326 2856 ὧν
3366 2801 3638 2873 ἔπραξαν,
3691 2816 3802 2852 κατ⁹

2245 2903 2392 2972 ἐχειν
2420 2897 2887 2968 παραδεδώκασιν·
2919 2895 3055 2950 ἀλλὰ
3091 2894 3293 2964 σπουδῇ
3317 2894 3487 2963 πολλῇ
3510 2895 3608 2946 καὶ
3628 2891 3806 2962 προθυ-

2250 2993 2371 3063 μίᾳ,
2401 2991 2518 3045 ἀνθ’
2547 2988 2720 3061 ὑμῶν,
2745 2985 3122 3056 τοποτηρητάς
3151 2997 3302 3046 τινας
3326 2982 3548 3036 ἑλέσθαι
3570 2983 3806 3035 ἀποστεῖ-

2244 3085 2353 3148 λαι,
2386 3083 2583 3154 ἄνδρας
2621 3082 2681 3134 τὸ
2709 3079 2976 3150 ὑμέτερον
3007 3079 3307 3148 ἐπέχοντας
3338 3075 3655 3149 πρόσωπον,
3675 3075 3806 3127 εὐσε-

559 3172 808 3225 obituros
840 3171 1018 3225 locum
1046 3179 1295 3225 tenentes
1327 3171 1433 3224 huc
1457 3171 1762 3234 destinatis,
1796 3171 1890 3241 qui
1931 3182 2138 3227 vestras

2244 3175 2366 3245 δείᾳ
2397 3173 2453 3226 δὲ
2487 3173 2582 3225 καλ⁵
2618 3170 2884 3244 ἱερωσύνῃ
2903 3211 2918 3231 ,
2950 3170 3043 3223 καὶ
3071 3168 3214 3238 λόγῳ
3242 3169 3336 3220 καὶ
3377 3168 3478 3238 βίῳ
3510 3209 3525 3233 ,
3555 3183 3807 3235 κεκοσμη-

561 3275 828 3332 personas
875 3270 1290 3329 repraesentem,
1341 3261 1542 3330 pietate
1599 3270 2031 3327 consummatos,
2085 3265 2140 3319 in

559 3354 733 3407 sacris
759 3353 1046 3408 ordinibus
1068 3353 1414 3416 constitutos,
1447 3353 1662 3409 dicendi
1685 3355 1940 3411 facultate
1970 3367 2026 3411 et
2056 3358 2142 3411 vi-

559 3454 629 3500 tae
659 3445 944 3500 honestate
975 3454 1220 3512 ornatos,
1254 3455 1313 3500 ut
1347 3445 1488 3500 hanc
1529 3446 1637 3500 late
1669 3457 1977 3517 serpentem
2009 3465 2142 3520 gan-

560 3553 800 3605 graenam
849 3539 916 3593 de
947 3539 1122 3594 media
1151 3539 1380 3594 ecclesia
1407 3555 1782 3606 amoveamus,
1808 3556 2011 3611 eosque
2049 3543 2141 3612 qui

561 3629 615 3684 in
651 3640 860 3684 tantum
905 3631 1272 3694 insanierunt,
1322 3633 1702 3702 utimpietatis
1729 3649 1842 3688 sua:
1887 3649 2141 3704 superse-

560 3721 918 3776 miuationem
959 3723 1481 3778 subintroducerent
1520 3724 1574 3777 in
1608 3735 1822 3795 gentem
1869 3727 2013 3782 banc
2043 3744 2143 3782 no-

559 3812 779 3876 vellam,
833 3829 1009 3882 nuper
1057 3814 1311 3868 coalitam
1353 3823 1408 3868 et
1456 3817 1831 3885 constitutam,
1881 3819 2143 3875 radicitus

559 3905 887 3974 cxstirpatos
926 3905 1032 3975 igni
1071 3907 1397 3960 mandemus
1426 3906 1754 3980 adurendos,
1788 3909 1953 3980 idque
1993 3927 2144 3966 com-

560 3996 713 4048 muni
753 4011 1027 4050 consensu
1071 3997 1316 4051 omnium
1355 4015 1369 4061 ;
1421 3999 1565 4067 quod
1610 4001 1873 4057 divinitus
1923 4003 2142 4058 oracula

560 4087 720 4142 imbis
748 4089 893 4152 data,
927 4089 1068 4158 quod
1092 4091 1453 4146 exsecrandos
1478 4093 1692 4160 attinet,
1720 4103 1782 4148 ut
1816 4096 2138 4166 suscipiant,

561 4179 938 4237 sanciverunt.

633 4272 723 4326 35.
762 4273 836 4326 lta
888 4273 1033 4328 enim
1079 4273 1322 4330 futurum
1354 4279 1556 4347 optime
1589 4292 1894 4347 speramus,
1947 4289 2004 4334 et
2049 4281 2143 4335 de-

560 4363 719 4434 pulsa
751 4364 1054 4434 impietate,
1085 4376 1140 4421 et
1169 4369 1316 4422 cultu
1349 4369 1560 4438 pietatis
1601 4371 1920 4436 constituto,
1954 4372 2145 4444 Bulga-

561 4473 748 4510 rorum
779 4457 1072 4513 multitudo
1111 4461 1323 4515 noviter
1354 4463 1408 4516 in
1440 4463 1656 4518 Christo
1695 4465 2051 4528 catechizata,
2088 4477 2143 4521 et

559 4549 766 4604 lumine
795 4550 1136 4620 baptismatis
1168 4553 1450 4618 illustrata,
1475 4557 1543 4610 ad
1579 4556 1737 4611 iidem
1764 4557 1895 4626 ipsis
1925 4575 2140 4612 annuu-
2173 4543 2214 4595 ί)

561 4644 749 4696 tiatam
787 4644 858 4698 sit
880 4659 1188 4700 reversura.
1219 4647 1378 4702 Certe
1406 4663 1514 4701 non
1543 4649 1704 4703 modo
1734 4666 1867 4719 gens
1893 4651 2145 4706 universa

556 4735 839 4804 antiquam
872 4751 1028 4790 suam
1060 4737 1394 4806 impietatem
1413 4753 1510 4808 pro
1537 4738 1643 4794 ﬁde
1666 4740 1720 4794 in
1751 4740 1969 4796 Christo
1992 4757 2142 4797 com-

560 4828 823 4894 mutavit;
873 4829 969 4882 sed
999 4829 1242 4898 insuper,
1274 4831 1418 4899 quod
1451 4831 1742 4886 multorum
1772 4835 1996 4888 vocibus
2047 4835 2144 4889 de-

559 4929 830 4984 cantatur,
888 4937 1014 4976 eum
1067 4931 1192 4991 post
1230 4937 1288 4976 se
1331 4937 1542 4990 omnes,
1584 4925 1729 4994 quod
1765 4927 2142 4980 crudelitatem

558 5012 758 5066 attinet
779 5022 832 5066 et
859 5015 1141 5084 sanguinis
1170 5015 1430 5069 l'undendi
1455 5015 1831 5085 cupiditatem,
1862 5017 1917 5070 in
1940 5033 2141 5072 secun-

559 5104 645 5158 dis
693 5104 1033 5174 reliquerint.
1068 5117 1123 5160 et
1169 5106 1301 5160 illud
1333 5107 1478 5176 quod
1526 5116 1752 5161 vocatur
1781 5106 1952 5173 Rhos,
1995 5109 2136 5179 apud

555 5211 656 5250 eos
685 5197 756 5250 ita
785 5198 1104 5265 obtinuerit,
1159 5208 1220 5253 ut
1247 5199 1480 5254 Romani
1509 5199 1724 5269 imperii
1749 5201 1996 5256 subditos
2038 5202 2138 5257 sibi

555 5305 992 5360 quaquaversum
1034 5294 1332 5363 proximos,
1363 5295 1417 5347 in
1451 5295 1767 5348 servitutem
1809 5295 2136 5365 redigerent,

555 5393 721 5452 atque
750 5386 944 5441 animis
993 5390 1132 5440 ultra
1161 5387 1383 5440 modum
1415 5387 1572 5441 elatis
1609 5403 1802 5442 manus
1852 5387 2139 5455 iniicerent

557 5477 822 5534 violentas
851 5498 864 5533 :
912 5480 985 5534 illi
1022 5480 1124 5550 ipsi
1149 5479 1202 5532 in
1234 5481 1491 5548 pra-senti
1525 5481 1814 5544 sinceram,
1849 5487 1904 5534 et
1937 5481 2136 5549 imper-

556 5571 773 5625 mistam
805 5573 1122 5645 religionem
1139 5571 1336 5626 Christi
1365 5587 1502 5641 pure
1531 5571 1877 5642 proﬁtentes,
1913 5587 2012 5642 pro
2035 5587 2132 5642 pa-

2249 3268 2462 3340 μένους·
2517 3267 2593 3328 ὡς
2633 3265 2699 3317 ἂν
2739 3264 2840 3334 τὴν
2889 3262 3162 3334 ἁρτιφανῆ
3191 3262 3292 3330 τῆς
3333 3259 3594 3322 ἀσεϐείας
3625 3259 3808 3324 ταύτης

2243 3356 2632 3427 ὲφερπύσασαν
2679 3356 3045 3424 γαγγραίναν,
3095 3355 3159 3410 ὲκ
3189 3353 3358 3424 μέσου
3389 3353 3493 3422 τῆς
3533 3353 3809 3422 ἐκκλησίας

2244 3446 2601 3517 ποιησώμεθα
2627 3461 2644 3477 ο
2687 3445 2942 3509 καὶτοὺς
2992 3444 3334 3515 ἐκμανέντας
3377 3443 3651 3514 τοσαύτην
3705 3445 3807 3495 ὲπι-

2245 3541 2454 3611 σπορὰν
2485 3540 2751 3611 πονηρίας
2787 3541 2866 3602 είς
2907 3539 2970 3592 τὸ
3019 3540 3288 3605 νεοπαγὲς
3324 3540 3419 3591 καὶ
3469 3538 3808 3591 νεοσύστατον

2243 3634 2396 3698 ἔθνος
2423 3634 2776 3700 είσενεγκείν,
2805 3632 2996 3694 αὑταῖς
3027 3632 3345 3685 ἀνασπᾶσαι
3389 3629 3591 3702 ῥίζαις,
3623 3629 3715 3682 καὶ
3740 3627 3806 3696 τῷ

2244 3726 2380 3795 πυρὶ
2410 3723 2767 3794 παραδοῦναι,
2803 3723 2891 3776 διὰ
2915 3724 3014 3793 τῆς
3045 3723 3231 3791 κοινῆς
3256 3723 3611 3790 ἀποφάσεως·
3641 3720 3670 3774 δ
3697 3720 3805 3780 τοὺς

2245 3815 2662 3887 κατηραμένους
2691 3815 3073 3884 ὑποδέχεσθαι,
3103 3814 3172 3867 τὰ
3209 3812 3452 3884 κυριακά
3477 3812 3805 3874 θεσπίζουσα

2245 3910 2424 3976 λόγια.

2313 4287 2410 4341 λε’.
2450 4285 2608 4340 Οὕτω
2651 4285 2797 4357 γὰρ,
2847 4284 2946 4354 τῆς
2984 4283 3084 4353 μὲν
3127 4281 3385 4344 ἀσεϐείας
3427 4279 3802 4351 ἐλαυνομένης,

2243 4379 2338 4432 καὶ
2383 4377 2486 4447 τῆς
2529 4375 2811 4439 εὐσεϐείας
2851 4373 3330 4446 κραταιουμένης,
3365 4372 3591 4436 ἐλπίδας
3629 4372 3802 4443 ἔχομεν

2245 4469 2487 4538 ἀγαθὰς,
2524 4469 2606 4531 είς
2633 4467 2732 4537 τὴν
2769 4465 3170 4536 παραδοθεῖσαν
3203 4464 3387 4527 αὑτοῖς
3417 4463 3803 4533 ὲπαναστρέψαι

2245 4564 2451 4625 πίστιν,
2480 4560 2658 4614 καὶτὸ
2688 4559 3096 4629 νεοκατήχητον
3121 4560 3201 4620 είς
3229 4556 3466 4628 Χριστὸν
3491 4557 3588 4609 καὶ
3619 4555 3802 4623 νεοτρώ-

2243 4672 2424 4710 τιστον
2459 4653 2568 4707 τῶν
2598 4651 2926 4722 Βουλγάρων
2973 4652 3273 4723 πλήρωμα·
3312 4651 3410 4705 καὶ⁸
3433 4649 3545 4721 γὰρ
3572 4651 3633 4706 οὑ
3665 4651 3804 4721 μόνον

2243 4750 2305 4801 τὸ
2323 4747 2475 4810 ἔθνος
2507 4745 2695 4808 τοῦτο,
2730 4745 2828 4816 τὴν
2857 4746 2938 4808 είς
2969 4745 3204 4816 Χριστὸν
3234 4744 3437 4811 πίστιν,
3477 4746 3580 4815 τῆς
3625 4742 3801 4813 προτέ-

2247 4856 2345 4911 ρας
2378 4837 2634 4900 ἀσεὸείας
2666 4835 2936 4906 ἠλλάξατο
2957 4853 2971 4867 ·
3025 4837 3165 4890 ἀλλά
3201 4854 3265 4904 γε
3305 4838 3402 4906 δὴ,
3455 4839 3553 4891 καὶ
3585 4837 3645 4890 τὸ
3676 4835 3802 4905 παρὰ

2242 4930 2456 4994 πολλοῖς
2502 4929 2764 4993 πολλάκις
2817 4928 3241 5001 θρυλλούμενον,
3290 4930 3387 4982 καὶ
3434 4931 3514 4992 είς
3562 4929 3803 5000 ὠμότητα

2239 5022 2338 5074 καὶ
2373 5022 2689 5092 μιαιφονίαν
2719 5021 2928 5084 πάντας
2960 5021 3250 5090 δευτέρους
3283 5021 3635 5088 ταττόμενον,
3665 5017 3803 5069 τοῦτο

2238 5114 2303 5185 δὴ
2342 5115 2402 5167 τὸ
2430 5115 2763 5183 καλούμενον
2796 5113 2972 5184 τορῶς
2991 5128 3041 5176 τ,
3074 5115 3124 5166 οἱ
3157 5114 3221 5182 δὴ
3256 5116 3348 5166 καὶ
3378 5115 3522 5166 κατὰ
3547 5113 3644 5180 τῆς
3681 5111 3801 5162 Ῥω-

2245 5207 2448 5276 μαῖκῆς
2469 5207 2666 5276 ἀρχῆς,
2706 5205 2833 5268 τοὺς
2863 5203 3021 5274 πέριξ
3056 5204 3234 5256 αὑτῶν
3264 5203 3685 5272 δουλωσάμενοι,
3714 5199 3800 5251 κά·

2240 5301 2418 5352 κεῖθεν
2465 5299 2753 5368 ὑπέρογκα
2790 5297 3368 5369 φρονηματισθέντες,
3424 5298 3616 5364 χεῖρας
3658 5291 3801 5358 ἀντῆ·

2249 5406 2367 5459 ρανυ
2412 5389 2525 5442 ἀλλ’
2562 5391 2713 5459 ὅμως
2755 5389 2849 5441 νῦν
2879 5390 2973 5443 καί⁵
3000 5383 3168 5449 οὗτοι,
3207 5389 3304 5458 τὴν
3343 5388 3456 5440 τῶν
3481 5383 3799 5455 Χριστιανῶν

2243 5479 2492 5549 καθαρὰν
2537 5483 2630 5534 καὶ
2663 5481 2956 5551 ἀκίϐδηλον
2995 5481 3315 5552 θρησκείαν,
3355 5480 3455 5549 τῆς
3504 5474 3800 5547 Ἑλληνικῆς

2239 5573 2338 5624 καὶ
2366 5573 2527 5625 ἀθέου
2560 5573 2754 5645 δόξης,
2791 5574 2849 5626 ἐν
2953 5574 3268 5643 κατείχοντο
3305 5573 3592 5642 πρότερον,
3624 5565 3799 5636 ἀντηλ-

1850 5727 2084 5784 VARle
2112 5727 2518 5786 LECTIONES.

631 5852 659 5884 '
701 5845 807 5916 leg.
833 5844 1094 5915 ὑμετέρᾳ.
1176 5858 1203 5886 ι
1234 5845 1320 5898 ἵσ.
1349 5844 1410 5898 τὸ
1448 5842 1606 5906 Ῥῶς.
