4044 6420
182 407 294 468 737

1354 386 1893 453 EPISTOLARUM
1936 384 2165 445 LIBER
2208 383 2255 443 Ι.

3342 380 3449 445 738

181 514 425 579 λάξαντο
448 552 463 575 ,
508 512 566 563 ἐν
601 510 856 578 ὑπηκόων
906 505 1133 567 ἑαυτοὺς
1171 503 1266 556 καὶ
1299 499 1575 572 προξένων
1602 495 1774 562 τάξει,

1899 492 2066 560 {attica
2098 491 2377 561 impietate
2408 489 2520 553 illa,
2553 504 2657 558 qua
2687 489 2839 557 prius
2867 487 3103 559 possessi
3137 487 3463 544 detineban-

184 608 315 661 ἀντὶ
350 607 450 676 τῆς
480 602 791 675 προμικροῦ
828 601 947 655 καθ’
993 599 1155 669 ἡμῶν
1198 595 1523 666 λεηλασίας,
1552 591 1648 645 καὶ
1676 589 1771 642 τοῦ

188 697 437 767 μεγάλου
476 694 847 764 τολμήματος,
895 687 1197 758 ἀγαπητῶς
1240 682 1771 756 ὲγκαταστήσαντες.

186 791 303 842 Καϊ
354 789 449 840 ἐπὶ
481 785 731 839 τοσοῦτον
760 783 957 846 αὑτοὺς
1002 782 1031 833 ό
1073 781 1172 851 τῆς
1209 779 1451 838 πίστεως,
1479 774 1644 836 πόθος
1678 771 1773 823 καὶ

188 880 359 950 ζῆλος
395 878 707 947 άνέφλεξεν,
761 875 994 947 (Παῦλος
1031 874 1196 927 πάλιν
1245 871 1343 941 βοᾷ
1368 910 1383 933 ,
1431 864 1777 934 Εὐλογητὸς

188 978 223 1027 ό
257 973 406 1038 Θεὸς
435 974 520 1036 εὶς
563 969 706 1035 τοὺς
729 967 988 1037 αἰῶνας)
1032 964 1173 1017 ὥστε
1208 963 1302 1017 καὶ
1336 960 1632 1013 ἐπίσκοπον
1683 956 1778 1008 καὶ

188 1067 433 1136 ποιμένα
482 1062 761 1127 δέξασθαι,
816 1062 910 1112 καὶ
966 1058 1035 1111 τά
1082 1057 1192 1110 τῶν
1254 1053 1597 1124 Χριστιανῶν
1644 1050 1779 1120 θρη-

189 1157 330 1210 σκεύ
340 1173 506 1227 ματα,
529 1155 616 1207 διὰ
646 1153 847 1222 πολλῆς
880 1151 1113 1220 σπουδῆς
1134 1149 1229 1203 καὶ
1259 1145 1577 1217 ἐπιμελείας
1605 1144 1779 1196 ἀσπά-

188 1252 250 1317 ξε
261 1253 408 1305 σθαι.

265 1346 378 1410 λς’.
417 1343 635 1397 Τούτων
664 1341 756 1396 οῦν
780 1339 923 1393 οὕτω
948 1380 963 1405 ,
997 1342 1064 1411 τῇ
1094 1338 1188 1391 τοῦ
1224 1334 1608 1405 φιλανθρώπου
1642 1329 1778 1385 Θεοῦ

188 1441 414 1511 χάριτι,
447 1436 541 1490 τοῦ
584 1436 792 1498 πάντας
838 1432 1160 1503 ἀνθρώπους
1204 1431 1447 1490 Θέλοντος
1497 1427 1776 1496 σωθῆναι,

191 1534 293 1584 καὶ
346 1532 426 1592 είς
479 1529 775 1595 ἐπίγνωσιν
826 1524 1085 1595 ἀληθείας
1135 1521 1332 1585 ἐλθεῖν,
1375 1519 1486 1572 τῶν
1529 1517 1774 1570 παλαιῶν

194 1625 382 1685 αὐτοῖς
427 1621 779 1692 δοξασμάτων
834 1617 1297 1689 μετατιθεμένων,
1342 1613 1437 1666 καὶ
1481 1612 1581 1684 τὴν
1646 1611 1780 1663 εἰλι-

196 1716 362 1786 κρινῆ
383 1714 490 1767 τῶν
511 1710 838 1783 χριστιανῶν
862 1710 1044 1762 πίστιν
1069 1707 1318 1769 ἐκείνων,
1343 1701 1778 1772 ἁλλασσομένων·

198 1812 250 1862 εί
277 1806 598 1875 διανασταίη
641 1803 737 1857 καὶ
770 1804 803 1871 ἡ
847 1800 1091 1872 ὑμετέρα
1119 1796 1420 1867 ἀδελφότης
1459 1792 1778 1865 συμπροθυ-

202 1899 443 1970 μηθῆναι
470 1938 485 1960 ,
516 1897 611 1948 καὶ¹
658 1887 1239 1961 συγκατεργάσασθαι,
1272 1888 1353 1951 είς
1390 1886 1489 1956 τὴν
1533 1882 1776 1954 ἐκκοπὴν

196 1992 293 2045 καὶ
322 1989 518 2043 καῦσιν
545 1986 654 2039 τῶν
690 1983 1083 2057 παραφυάδων,
1119 1981 1176 2033 ἐν
1209 1979 1401 2050 Κυρίῳ
1437 1977 1614 2049 Ἰησοῦ
1643 1978 1775 2047 Χρι-

196 2082 335 2152 στῷ,
379 2080 458 2151 τῷ
488 2076 725 2149 ἀληθινῷ
753 2075 871 2145 Θεῷ
897 2072 1057 2146 ἡμῶν
1100 2070 1420 2127 πεποιθότες
1461 2068 1651 2138 ἐσμὲν,
1697 2070 1779 2121 ὅτι

196 2172 258 2224 τὸ
288 2171 540 2238 ποίμνιον
579 2165 766 2228 αὑτοῦ,
805 2163 899 2216 ἐπὶ
931 2160 1092 2214 πλέον
1130 2159 1210 2211 ἔτι
1257 2157 1456 2227 μᾶλλον
1486 2154 1782 2224 αὐξηθήσε-

198 2282 314 2326 ται,
350 2265 445 2316 καὶ
480 2258 901 2331 πληρωθήσεται
931 2253 991 2308 τὸ
1017 2253 1330 2322 εἰρημένον,
1360 2253 1442 2304 ὅτι
1481 2249 1776 2314 Ειδήσου-

200 2358 312 2410 σίν
339 2371 416 2425 με
450 2354 673 2418 πάντες
705 2351 824 2405 ἀπὸ
863 2347 1080 2418 μικροῦ
1113 2347 1223 2412 ἕως
1248 2342 1517 2417 μεγάλου
1562 2337 1779 2400 αὐτῶν,

200 2448 320 2513 καὶ,
354 2447 460 2514 Εἰς
485 2445 692 2501 πᾶσαν
720 2444 836 2512 τὴν
866 2442 984 2513 γῆν
1011 2440 1271 2509 ἐξῆλθεν
1297 2442 1328 2493 ό
1359 2437 1620 2506 φθόγγος
1676 2431 1785 2485 τῶν

202 2539 581 2595 άποστολικῶν
624 2536 994 2606 διδαγμάτων,
1038 2532 1139 2586 καὶ
1177 2534 1263 2597 εις
1302 2532 1374 2582 τὰ
1407 2527 1633 2596 πέρατα
1676 2522 1787 2593 τῆς

201 2634 565 2704 οἰκουμένης
589 2631 661 2685 τὰ
686 2630 927 2700 ῥήματα
965 2625 1183 2682 αὐτῶν.

274 2726 379 2792 λζ’.
421 2729 513 2779 Δεῖ
540 2722 631 2779 οῦν
659 2727 784 2788 τοὺς
823 2724 954 2795 παρ’
983 2720 1136 2793 ὑμῶν
1163 2718 1279 2774 ἀνθ’
1309 2716 1464 2789 ὑμῶν
1505 2711 1792 2783 στελλομέ-

204 2838 369 2886 νους,
394 2819 490 2873 καὶ
521 2819 583 2871 τὸ
613 2818 881 2888 ὑμέτερον
916 2813 1314 2883 ὑποδυομένους
1350 2810 1492 2881 ἱερὸν
1522 2808 1617 2862 καὶ
1646 2808 1793 2861 ὅσιον

207 2912 528 2983 πρόσωπον,
587 2910 688 2981 τὴν
741 2909 1015 2979 ὑμετέραν
1063 2904 1373 2967 αὑθεντίαν,
1417 2903 1485 2973 ἢν
1534 2902 1692 2972 ὑμεῖς
1736 2900 1793 2951 ἐν

207 3004 491 3075 Πνεὺματι
528 3004 668 3073 ἁγίῳ
701 2998 1125 3072 ἐκληρώσασθέ,
1158 2995 1588 3068 ἐγχειρισθῆναι⁸
1624 2994 1698 3057 ὡς
1730 2993 1795 3046 ἂν

210 3100 340 3170 περί
388 3115 447 3150 τε
494 3098 697 3151 τούτων
737 3096 845 3149 τῶν
895 3093 1229 3163 κεφαλαίων,
1278 3091 1376 3144 καὶ
1419 3091 1548 3161 περὶ
1594 3087 1796 3157 ἐτέρων

1878 595 1985 649 tur,
2019 586 2073 638 in
2104 598 2340 638 numero
2374 590 2549 638 semet
2578 589 2634 635 et
2659 582 2850 635 ordine
2886 588 3241 648 reposuerant
3271 581 3465 635 subdi-

1876 690 2076 743 torum,
2118 676 2256 731 adeo
2285 684 2367 739 ut,
2403 690 2528 729 cum
2576 689 2686 727 non
2732 674 2805 727 ita
2839 673 3046 742 pridem
3080 673 3471 743 lpraedarentur

1876 782 2064 825 nostra
2116 785 2240 823 cum
2270 768 2495 821 audacia
2529 782 2762 828 summa,
2794 782 2940 819 nunc
2980 767 3113 819 satis
3137 767 3376 820 habeant
3421 765 3467 818 si

1877 860 2248 927 acquiescam.
2281 859 2347 912 Et
2371 874 2437 912 eo
2470 858 2688 927 quidem
2711 874 2883 926 usque
2916 856 3036 911 ﬁdei
3065 873 3217 911 amor
3247 856 3469 911 etzelus

1879 952 2116 1005 intendit
2150 951 2238 1021 (de
2272 966 2377 1019 qua
2420 968 2479 1005 re
2509 967 2632 1005 eum
2662 949 2832 1003 Paulo
2876 950 3127 1013 dixerim,
3158 949 3472 1004 Benedictus

1878 1048 1949 1124 sit
1976 1048 2032 1099 in
2073 1046 2267 1099 sa'cula
2301 1045 2461 1115 Deus)
2498 1054 2556 1098 ut
2597 1052 2874 1113 pastorem
2912 1050 2965 1095 et
2998 1043 3313 1112 episcopum
3371 1042 3474 1097 sibi

1880 1141 2222 1214 prepositum
2255 1140 2567 1202 admittant,
2600 1147 2655 1192 et
2686 1138 3032 1192 Christianos
3080 1139 3216 1190 ritus
3253 1136 3473 1206 religio-

1882 1236 1969 1289 nis
2006 1234 2194 1288 sedulo
2233 1232 2556 1301 suscipiant,
2591 1240 2646 1284 et
2677 1230 3058 1299 amplexentur
3093 1228 3471 1282 libentissime.

1951 1326 2038 1380 56.
2080 1326 2161 1378 Ad
2197 1325 2343 1378 hunc
2368 1339 2497 1394 ergo
2541 1322 2785 1385 modum,
2810 1337 2934 1375 cum
2964 1336 3061 1390 per
3091 1320 3315 1389 gratiam
3368 1319 3473 1372 mi-

1883 1419 2175 1474 sericordis
2202 1417 2295 1471 Dei
2325 1418 2417 1487 qui
2452 1416 2617 1471 vellet
2646 1430 2838 1469 omnes
2882 1414 3135 1469 homines
3166 1413 3383 1475 salvari,
3419 1418 3475 1465 et

1883 1510 1951 1563 ad
1984 1509 2227 1563 veritatis
2277 1508 2465 1561 venire
2503 1505 2895 1575 cognitionem,
2921 1520 2951 1558 a
2992 1504 3219 1557 vetustis
3263 1502 3476 1571 opinio-

1886 1601 2048 1655 nibus
2094 1600 2207 1654 suis
2248 1598 2303 1652 hi
2350 1598 2697 1661 recesserint,
2745 1605 2801 1651 et
2858 1596 3075 1650 easdem
3113 1610 3209 1663 pro
3258 1594 3474 1647 sincera

1887 1692 2329 1753 Christianorum
2360 1690 2465 1745 ﬁde
2498 1689 2852 1753 mutaverint,
2902 1686 3148 1757 profecto
3173 1686 3215 1741 si
3244 1700 3475 1740 consur-

1889 1802 2015 1859 gere
2043 1786 2301 1857 dignetur
2327 1792 2507 1837 vestra
2538 1782 2878 1842 fraternitas,
2917 1788 2973 1833 et
2997 1794 3104 1831 una
3133 1793 3256 1830 cum
3280 1776 3478 1831 allectu

1887 1878 2173 1949 cooperari
2220 1874 2507 1931 nobiscum
2543 1882 2603 1928 ιιι
2647 1872 3062 1933 exscindantur,
3092 1879 3149 1924 et
3181 1869 3235 1922 in
3285 1869 3480 1923 incen-

1886 1972 2036 2027 dium
2067 1970 2377 2034 mittantur,
2400 1966 2493 2036 qtti
2519 1979 2844 2021 succrevere
2872 1963 3134 2023 stolones,
3161 1960 3313 2015 valde
3344 1976 3480 2016 con-

1880 2064 2098 2118 ﬁdimus
2141 2077 2239 2132 per
2302 2061 2589 2114 Dominum
2640 2066 2890 2112 nostrum
2940 2055 3131 2109 Jesunt
3177 2053 3475 2116 Christum,

1882 2159 2054 2212 Deum
2073 2171 2287 2218 verum,
2317 2154 2559 2207 futurum
2599 2161 2659 2205 ut
2688 2150 2860 2218 ipsius
2889 2150 3068 2203 adhuc
3106 2148 3277 2218 magis
3307 2163 3481 2201 exau-

1887 2262 2079 2322 geatur
2122 2249 2287 2313 ovile,
2324 2255 2379 2301 et
2430 2245 2559 2298 illud
2594 2244 2884 2312 impleatur
2909 2242 3052 2310 quod
3100 2242 3306 2295 dictum
3349 2250 3475 2295 est:

1888 2344 2202 2414 Cognosceut
2234 2357 2315 2394 me
2344 2356 2541 2401 omnes,
2574 2355 2606 2390 a
2638 2337 2855 2390 minimo
2885 2337 2954 2386 ad
2998 2334 3291 2387 maximum
3318 2334 3361 2396 9,
3400 2341 3473 2395 et,

1889 2437 1957 2491 In
1986 2437 2282 2490 universam
2314 2444 2511 2485 terram
2543 2429 2701 2483 exivit
2735 2444 2915 2490 sonus,
2947 2425 3209 2479 doctrinae
3250 2433 3474 2493 aposto-

1889 2532 2029 2594 licaz,
2064 2539 2111 2583 et
2141 2530 2209 2581 ad
2244 2526 2492 2580 terminos
2531 2533 2684 2576 terra:
2710 2520 2867 2574 verba
2898 2535 3079 2573 eorum
3111 2519 3179 2572 ¹⁰.
3436 2522 3447 2533 ’

1962 2731 2050 2785 57.
2091 2726 2321 2796 Oportet
2375 2723 2540 2794 igitur
2585 2721 2705 2775 illos
2742 2719 2835 2790 qui
2886 2736 2916 2773 a
2963 2718 3120 2772 vobis
3175 2733 3274 2787 pro
3322 2716 3484 2770 vobis

1892 2820 2141 2875 mittendi
2197 2828 2343 2879 sunt,
2375 2816 2577 2886 quique
2610 2829 2819 2867 sacram
2847 2821 3202 2880 sanctamque
3241 2819 3480 2862 vestram

1894 2925 2184 2982 personam
2214 2907 2589 2970 sustinebunt,
2648 2919 2774 2958 cum
2803 2912 2981 2957 vestra
3018 2900 3291 2955 liberrima
3325 2909 3482 2970 pote-

1896 3012 2034 3058 state
2064 3001 2250 3072 legari,
2283 3016 2347 3055 ea
2378 2999 2589 3054 scilicet
2608 3012 2767 3066 quam
2792 3011 2891 3066 per
2926 2994 3189 3065 Spiritum
3231 3002 3482 3048 sanctum

1898 3097 2072 3152 sortiti
2103 3096 2254 3159 estis,
2281 3103 2337 3148 et
2367 3103 2426 3147 ut
2450 3091 2780 3147 sententiam
2811 3090 2991 3144 dicere
3018 3088 3251 3157 possint,
3279 3096 3335 3141 et
3364 3086 3486 3140 suf—

209 3194 425 3254 τοὺτοις
462 3189 880 3261 παραπλησίων,
935 3187 994 3252 ἐξ
1028 3185 1314 3248 αὑθεντίας
1344 3178 1476 3237 ὦσιν
1506 3182 1791 3234 ἀποστολι-

1899 3186 2129 3255 fragium
2162 3185 2304 3238 ferre
2339 3182 2552 3235 valeant
2579 3179 2648 3233 de
2680 3177 2952 3247 capitibus
2986 3173 3310 3244 propositis,
3339 3180 3395 3228 et
3436 3171 3486 3227 si

213 3284 314 3339 κοῦ
345 3284 560 3355 θρόνου,
594 3284 689 3335 καὶ
716 3282 896 3351 λέγειν
927 3282 1102 3333 ἱκανοὶ
1121 3320 1136 3344 ,
1162 3277 1257 3333 καὶ
1286 3279 1550 3348 πράττειν
1578 3271 1794 3328 ἀκώλυ-

212 3394 319 3431 τοι.
358 3376 470 3429 Καὶ
497 3377 605 3446 γὰρ
631 3375 733 3446 δὴ,
770 3376 864 3427 καὶ
897 3372 1005 3426 ἀπὸ
1030 3371 1138 3425 τῶν
1177 3371 1275 3440 τῆς
1317 3367 1546 3430 Ἰταλίας
1587 3366 1793 3437 μερῶν,

218 3468 475 3537 συνοδική
503 3485 586 3531 τις
616 3464 879 3535 ἐπιστολὴ
913 3464 1049 3534 πρὸς
1096 3462 1244 3534 ἡμᾶς
1273 3458 1713 3527 άναπεφοίτηκεν
1743 3464 1795 3520 Y,

216 3563 479 3633 ἀρῤήτων
534 3558 898 3629 ἐγκλημάτων
957 3555 1247 3625 γέμουσαο
1285 3553 1442 3605 ἆτινα
1498 3548 1637 3601 κατά
1702 3544 1796 3598 τοῦ

218 3653 424 3706 οἰκείου
476 3651 655 3704 αὐτῶν
700 3650 1025 3711 ἐπισκόπου,
1074 3646 1126 3699 οί
1170 3645 1271 3715 τὴν
1318 3642 1550 3696 Ἰταλίαν
1590 3638 1801 3693 οἰκοῦν-

224 3762 318 3808 τες
355 3785 371 3809 ,
410 3743 549 3815 μετὰ
605 3741 811 3811 πολλῆς
857 3738 1238 3809 κατακρίσεως
1263 3777 1277 3801 ,
1336 3736 1432 3788 καὶ
1483 3734 1662 3804 ὅρκων
1701 3750 1803 3802 μυ·-

224 3837 381 3908 ρὶων,
418 3834 814 3906 διεπέμψαντο·
854 3832 929 3905 μὴ
957 3831 1206 3902 παριδεῖν
1251 3830 1449 3893 αὑτοὺς
1483 3826 1656 3890 οὕτως
1690 3829 1804 3878 οἰκ-

222 3929 371 4001 τρῶς
413 3926 773 3998 ὀλλυμένους,
804 3926 899 3978 καὶ
934 3923 1038 3976 ὑπὸ
1060 3921 1395 3993 τηλικαύτης
1427 3919 1651 3991 βαρείας
1694 3934 1807 3970 πιε-

228 4020 490 4091 ζομένους
536 4017 890 4090 τυραννίδος,
930 4015 1026 4068 καὶ
1072 4014 1200 4077 τοὺς
1250 4013 1558 4085 ἱερατικοὺς
1607 4010 1806 4080 νόμους

228 4109 641 4181 ὑϐριζομένους,
676 4108 770 4161 καὶ
800 4108 1009 4170 πάντας
1035 4106 1271 4175 θεσμοὺς
1318 4102 1642 4172 Ἐκκλησίας
1673 4102 1806 4154 ἁναο

225 4202 618 4274 τρεπομένους.
673 4202 741 4252 Ἃ
778 4199 876 4253 καὶ
920 4198 1087 4251 πάλαι
1140 4198 1237 4265 μὲν
1282 4196 1369 4249 διὸ.
1421 4193 1672 4266 μοναχῶν
1713 4190 1809 4245 καὶ

229 4292 621 4365 πρεσϐυτέρων
682 4290 894 4343 ἐκεῖθεν
947 4289 1388 4360 ἁναδραμόντων,
1449 4288 1528 4348 εἰς
1590 4285 1811 4338 πάντων

228 4386 401 4446 ἀκοάς
426 4382 755 4453 διεφέροντο.
788 4380 1064 4444 Βασίλειος
1088 4380 1133 4432 δ’
1160 4381 1270 4450 ἄρα
1290 4375 1379 4449 ἦν,
1408 4379 1503 4431 καὶ
1529 4378 1807 4447 Ζωσιμᾶς,

229 4476 603 4547 Μητροφάνης
623 4492 705 4540 τε,
736 4475 833 4526 καὶ
860 4474 956 4527 σὺν
982 4471 1167 4534 αὐτοῖς
1194 4471 1393 4542 ἕτεροι,
1423 4470 1473 4521 οἱ
1500 4470 1601 4538 τὴν
1628 4466 1811 4520 τοιαύ-

1901 3292 2021 3346 qua:
2047 3275 2149 3329 alia
2175 3273 2373 3328 similia
2400 3270 2774 3341 agitabantur,
2810 3281 2874 3321 ea
2904 3281 3029 3319 cum
3068 3264 3342 3323 libertate,
3361 3277 3483 3331 quae

1900 3373 2156 3426 thronum
2180 3370 2337 3423 decet
2374 3364 2756 3435 apostolicum.
2791 3359 2928 3413 Cum
2966 3358 3236 3426 praecipue
3266 3355 3334 3424 ab
3374 3354 3484 3407 lta-

1900 3463 1985 3521 lia:
2024 3463 2269 3533 partibus
2308 3456 2583 3529 synodalis
2622 3455 2689 3509 ad
2736 3467 2837 3507 nos
2882 3450 3124 3521 epistola
3181 3447 3487 3519 perscripta

1899 3556 2132 3618 venerit,
2163 3548 2597 3608 accusationibus
2628 3546 2864 3601 infandis
2903 3544 3111 3613 repleta
3144 3558 3160 3607 ;
3190 3556 3325 3609 quas
3345 3556 3491 3595 con-

1902 3664 1985 3713 tra
2022 3649 2301 3722 proprium
2327 3646 2569 3716 ipsorum
2605 3643 2946 3712 episcopum,
2986 3636 3104 3690 Itali
3124 3637 3191 3690 ad
3224 3650 3325 3689 nos
3358 3649 3487 3688 cum

1903 3739 2188 3812 multiplici
2217 3734 2696 3794 condemnatione,
2736 3727 3137 3799 etjuratnentis
3165 3742 3273 3780 non
3306 3724 3492 3795 parvis

1908 3833 2351 3892 transmiserant,
2384 3835 2664 3897 rogantes,
2701 3839 2771 3878 ne
2804 3822 3035 3876 velimus
3070 3820 3175 3889 pati
3207 3819 3342 3872 adeo
3384 3816 3494 3870 mi-

1905 3940 2089 3980 serum
2142 3923 2197 3976 in
2224 3921 2444 3977 modum
2471 3919 2620 3987 ipsos
2658 3915 2853 3985 perire,
2881 3913 2975 3982 qui
3014 3922 3121 3965 tam
3153 3920 3379 3979 urgente
3434 3916 3492 3962 et

1908 4014 2238 4073 intolerabili
2296 4010 2584 4084 tyrannide
2609 4008 3012 4077 opprimantur,
3064 4019 3161 4073 per
3192 4018 3354 4072 quam
3400 4015 3491 4054 sa-

1908 4108 2137 4167 cerdotii
2175 4108 2322 4179 leges
2367 4102 2763 4160 contumeliose
2791 4098 3111 4169 reﬁguntur.
3147 4104 3203 4150 et
3230 4109 3499 4164 quaecun-

1908 4214 2014 4270 que
2056 4195 2487 4253 consuetudines
2517 4189 2906 4247 ecclesiasticae
2953 4187 3347 4240 subvertuntur
3382 4200 3394 4235 :
3439 4191 3495 4235 et

1910 4298 2062 4345 certe
2094 4303 2205 4342 non
2240 4300 2389 4340 nunc
2415 4284 2674 4354 primum,
2709 4280 2805 4336 sed
2833 4288 2886 4333 et
2906 4278 3036 4333 olim
3068 4292 3164 4347 per
3197 4275 3501 4330 monachos

1910 4390 1965 4437 et
1993 4381 2339 4451 presbyteros
2369 4376 2495 4431 inde
2530 4373 2808 4445 profugos,
2827 4372 2942 4425 hinc
2970 4370 3037 4424 ad
3058 4368 3300 4423 omnium
3333 4381 3503 4420 aures

1913 4473 2284 4527 dimanarunt.
2340 4466 2570 4522 Basilius
2603 4474 2739 4528 erat,
2772 4462 3037 4523 Zosimas,
3082 4470 3137 4516 et
3180 4460 3500 4529 Metropha-

228 4586 330 4639 την
362 4566 660 4637 τυραννίδα
693 4565 1075 4635 ἀπωδύροντο,
1107 4562 1200 4616 καὶ⁴
1230 4561 1366 4632 πρὸς
1396 4561 1674 4631 ἐκδίκησιν
1702 4558 1794 4611 τῶι

1917 4579 2036 4625 nes,
2070 4576 2283 4615 necnon
2318 4558 2431 4623 alii,
2470 4557 2562 4626 qui
2591 4554 2935 4627 tyrannidem
2970 4554 3197 4607 istamce
3240 4551 3501 4620 deplora~

242 4660 583 4728 Ἑκκλησιῶν
645 4659 996 4724 ἐξεκαλοῦντο
1045 4656 1395 4726 δακρύοντες.
1445 4653 1558 4707 Νῦν
1608 4653 1666 4705 δέ
1716 4652 1812 4721 (ὡς

231 4747 407 4819 ἔφθην
447 4746 638 4815 εἰπὼν)
680 4749 775 4802 καὶ
808 4748 1115 4819 γράμματα
1155 4746 1419 4817 διάφορα,
1470 4744 1564 4796 καὶ
1606 4746 1669 4796 ἐκ
1696 4743 1814 4796 δια·-

233 4843 417 4912 φόρων
464 4842 671 4895 ἐκεῖθεν
722 4842 1186 4912 άναπεφοίτηκεν,
1242 4837 1547 4909 τραγῳδίας
1595 4836 1814 4906 ἁπάσης

234 4935 330 4989 καὶ
360 4935 571 5006 μυρίων
612 4935 826 5006 θρήνων
857 4935 1116 5005 γέμοντα*
1149 4925 1224 4987 ὧν
1262 4931 1333 4984 τά
1364 4931 1453 4983 ἴσα
1480 4972 1495 4997 ,
1544 4930 1689 4984 κατά
1715 4930 1815 5000 τὴν

238 5029 467 5081 εκείνων
492 5027 715 5094 ἀξίωσίν
741 5045 799 5080 τε
830 5031 925 5080 καὶ
960 5027 1235 5097 ἐξαίτησιν
1266 5026 1402 5097 (καὶ
1427 5027 1538 5096 γάρ
1566 5027 1645 5087 εἰς
1676 5026 1814 5078 πάν-

237 5136 339 5183 τας
371 5121 511 5183 ποὺς
556 5121 976 5190 ἀρχιερατικοῦς
1020 5120 1113 5172 καὶ
1159 5116 1549 5178 ἁποστολικοὺς
1593 5116 1817 5185 θρόνους

239 5209 551 5279 διαδοθῆναι
573 5210 746 5263 ταῦτα
772 5210 909 5279 μετὰ
940 5210 1183 5280 φρικτῶν
1208 5211 1386 5279 ὅρκων
1412 5208 1506 5259 καὶ
1531 5206 1817 5275 παρακλή-

242 5319 385 5355 σεων
414 5300 818 5373 ἐδυσώπησαν),
839 5301 914 5363 ὡς
939 5301 1077 5354 αὑτὰ
1107 5302 1291 5354 ἐκεῖνα
1308 5300 1651 5369 παραστήσει
1680 5300 1815 5351 ἀνα-

240 5394 644 5465 γινωσκόμενα.
692 5393 781 5465 Τῷ
808 5394 864 5446 δὲ
905 5395 1060 5464 ἡμῶν
1089 5393 1167 5463 τῷ
1197 5391 1535 5464 γραμματίῳ
1559 5391 1816 5455 ὲνετάξα-

247 5502 369 5557 μεν,
400 5486 487 5539 ἴνα
525 5488 619 5540 καὶ
647 5488 776 5556 περὶ
806 5486 1034 5552 τούτων,
1072 5486 1170 5556 τῆς
1196 5486 1356 5555 άγίας
1382 5487 1477 5539 καὶ
1514 5487 1820 5557 οἱκουμενι-

323 5627 342 5699 ξ’
377 5623 498 5677 Act.
540 5640 657 5689 vtn,
692 5624 778 5678 lO.
858 5623 899 5655 ‘°
934 5622 1075 5680 Psal.
1109 5642 1262 5693 xvnt,
1295 5626 1358 5692 ὃς
1404 5625 1561 5679 ltom.
1598 5644 1651 5681 Χ.
1702 5627 1781 5679 18.

1918 4659 2069 4722 bant,
2102 4654 2411 4724 etquicum
2460 4650 2708 4721 lacrymis
2756 4649 2824 4702 ad
2860 4648 3155 4703 Ecclesiam
3207 4645 3499 4698 vindican-

1919 4752 2041 4805 dam
2067 4763 2168 4802 nos
2193 4745 2522 4801 excitabant.
2560 4744 2618 4797 ln
2652 4740 2907 4812 przesenti
2934 4749 3135 4801 autem,
3167 4735 3311 4804 quod
3340 4735 3502 4789 dice—

1920 4842 2131 4903 bamus,
2175 4839 2403 4893 diversa:
2427 4836 2495 4892 de
2523 4834 2754 4890 diversis
2784 4831 2917 4885 locis
2946 4830 3139 4882 littera).
3176 4825 3392 4879 abunde
3423 4824 3493 4878 ad

1920 4950 2022 4989 nos
2052 4940 2340 4992 venerunt,
2368 4927 2585 4999 tragicis
2610 4922 2881 4981 sexcentis
2901 4919 3060 4974 lessis
3090 4916 3309 4987 repleta:
3333 4926 3389 4971 et
3412 4914 3489 4968 la-

1924 5024 2142 5080 mentis.
2199 5022 2429 5076 lstarum
2460 5032 2623 5089 porro
2660 5016 2960 5069 litterarum
3005 5008 3355 5078 exemplaria,
3404 5022 3492 5062 se-

1915 5118 2152 5176 cundum
2185 5115 2329 5186 quod
2357 5113 2612 5168 volebant
2640 5119 2696 5163 et
2720 5106 2979 5177 rogabant
3006 5101 3106 5172 ipsi
3133 5102 3223 5171 qui
3254 5115 3502 5155 summo-

1914 5224 2045 5280 pere
2097 5205 2491 5262 contenderant
2532 5210 2588 5256 et
2620 5213 2723 5254 nos
2750 5195 3067 5265 adjurarant
3115 5192 3499 5253 vehementer,

1918 5312 1977 5358 ut
2008 5301 2073 5355 ad
2107 5314 2297 5354 omnes
2330 5295 2529 5364 ubique
2582 5288 2906 5361 apostolicas
2952 5285 3110 5340 sedes
3155 5282 3501 5338 transmitte-

1919 5402 2131 5453 rentur,
2155 5389 2309 5445 vobis
2366 5382 2589 5455 legenda
2618 5379 2927 5441 olIeritnus,
2948 5386 3004 5432 et
3037 5375 3257 5446 quidem
3299 5370 3501 5426 litteris

1921 5501 2021 5541 nos
2060 5484 2143 5538 his
2180 5478 2521 5543 inclusimus,
2556 5474 2699 5545 quod
2733 5482 2919 5529 sancta
2942 5480 2996 5526 et
3019 5465 3355 5526 cacumenica
3373 5476 3498 5531 quae

1522 5741 1755 5798 VARle
1812 5733 2212 5796 LECTIONES.

322 5866 353 5906 ,γ
384 5875 474 5928 γρ.
510 5860 719 5928 ἀναπεφ
732 5859 939 5915 ύτεκεν.
