  <div class='ocr_page' id='page_1' title='image "/cluster/home/n/w/nwhite01/storage/ocr_20150623/102/hvd.32044012543948/377.png"; bbox 0 0 4044 6444; ppageno 0'>
   <div class='ocr_carea' id='block_1_1' title="bbox 563 391 669 456">
    <p class='ocr_par' dir='ltr' id='par_1_1' title="bbox 563 391 669 456">
     <span class='ocr_line' id='line_1_1' title="bbox 563 391 669 456; baseline 0.028 -3"><span class='ocrx_word' id='word_1_1' title='bbox 563 391 669 456; x_wconf 87' lang='lat'><strong>739</strong></span> 
     </span>
    </p>
   </div>
   <div class='ocr_carea' id='block_1_2' title="bbox 1717 394 2680 462">
    <p class='ocr_par' dir='ltr' id='par_1_2' title="bbox 1717 394 2680 462">
     <span class='ocr_line' id='line_1_2' title="bbox 1717 394 2680 462; baseline 0.005 -7"><span class='ocrx_word' id='word_1_2' title='bbox 1717 394 1984 456; x_wconf 85' lang='lat' dir='ltr'><strong>PHOTII</strong></span> <span class='ocrx_word' id='word_1_3' title='bbox 2021 397 2531 458; x_wconf 45' lang='lat' dir='ltr'><strong>PATRIARCHJE</strong></span> <span class='ocrx_word' id='word_1_4' title='bbox 2569 398 2680 462; x_wconf 89' lang='lat' dir='ltr'><strong>CP.</strong></span> 
     </span>
    </p>
   </div>
   <div class='ocr_carea' id='block_1_3' title="bbox 3714 403 3818 467">
    <p class='ocr_par' dir='ltr' id='par_1_3' title="bbox 3714 403 3818 467">
     <span class='ocr_line' id='line_1_3' title="bbox 3714 403 3818 467; baseline 0.019 -1"><span class='ocrx_word' id='word_1_5' title='bbox 3714 403 3818 467; x_wconf 70' lang='grc'><strong>’140</strong></span> 
     </span>
    </p>
   </div>
   <div class='ocr_carea' id='block_1_4' title="bbox 553 502 2147 588">
    <p class='ocr_par' dir='ltr' id='par_1_4' title="bbox 553 502 2140 580">
     <span class='ocr_line' id='line_1_4' title="bbox 553 502 2140 580; baseline 0.003 -22"><span class='ocrx_word' id='word_1_6' title='bbox 553 513 894 580; x_wconf 83' lang='lat' dir='ltr'><strong>conventura</strong></span> <span class='ocrx_word' id='word_1_7' title='bbox 915 511 1000 559; x_wconf 83' lang='lat' dir='ltr'><strong>est</strong></span> <span class='ocrx_word' id='word_1_8' title='bbox 1043 504 1102 558; x_wconf 91' lang='lat' dir='ltr'><strong>in</strong></span> <span class='ocrx_word' id='word_1_9' title='bbox 1134 502 1366 559; x_wconf 88' lang='lat' dir='ltr'><strong>Domino</strong></span> <span class='ocrx_word' id='word_1_10' title='bbox 1397 503 1667 576; x_wconf 65' lang='lat' dir='ltr'><strong>fsynodus,</strong></span> <span class='ocrx_word' id='word_1_11' title='bbox 1699 515 1861 574; x_wconf 99' lang='lat' dir='ltr'><strong>prout</strong></span> <span class='ocrx_word' id='word_1_12' title='bbox 1893 521 2019 560; x_wconf 91' lang='lat' dir='ltr'><strong>cum</strong></span> <span class='ocrx_word' id='word_1_13' title='bbox 2049 521 2140 562; x_wconf 82' lang='lat' dir='ltr'><strong>ca-</strong></span> 
     </span>
    </p>
   </div>
   <div class='ocr_carea' id='block_1_5' title="bbox 2245 502 3816 588">
    <p class='ocr_par' dir='ltr' id='par_1_5' title="bbox 2245 509 3816 588">
     <span class='ocr_line' id='line_1_5' title="bbox 2245 509 3816 588; baseline 0.003 -25"><span class='ocrx_word' id='word_1_14' title='bbox 2245 510 2344 580; x_wconf 78' lang='grc' dir='ltr'><strong>κῆς</strong></span> <span class='ocrx_word' id='word_1_15' title='bbox 2377 511 2436 563; x_wconf 79' lang='grc' dir='ltr'><strong>ὲν</strong></span> <span class='ocrx_word' id='word_1_16' title='bbox 2483 510 2676 580; x_wconf 82' lang='grc' dir='ltr'><strong>Κυρίῳ</strong></span> <span class='ocrx_word' id='word_1_17' title='bbox 2723 509 2942 563; x_wconf 82' lang='grc' dir='ltr'>συνόδου</span> <span class='ocrx_word' id='word_1_18' title='bbox 2983 509 3377 582; x_wconf 70' lang='grc' dir='ltr'><strong>ἁθροιζομένης</strong></span> <span class='ocrx_word' id='word_1_19' title='bbox 3405 559 3420 579; x_wconf 86' lang='grc'><strong>,</strong></span> <span class='ocrx_word' id='word_1_20' title='bbox 3449 511 3518 567; x_wconf 81' lang='grc' dir='ltr'><strong>τὰ</strong></span> <span class='ocrx_word' id='word_1_21' title='bbox 3545 513 3626 585; x_wconf 81' lang='grc' dir='ltr'><strong>τῷ</strong></span> <span class='ocrx_word' id='word_1_22' title='bbox 3668 517 3816 588; x_wconf 66' lang='grc' dir='ltr'><strong>Θεῷ.</strong></span> 
     </span>
    </p>
   </div>
   <div class='ocr_carea' id='block_1_6' title="bbox 555 597 2139 666">
    <p class='ocr_par' dir='ltr' id='par_1_6' title="bbox 555 597 2139 666">
     <span class='ocr_line' id='line_1_6' title="bbox 555 597 2139 666; baseline 0 -14"><span class='ocrx_word' id='word_1_23' title='bbox 555 597 800 652; x_wconf 88' lang='lat' dir='ltr'><strong>nonibus</strong></span> <span class='ocrx_word' id='word_1_24' title='bbox 847 612 1150 666; x_wconf 78' lang='lat' dir='ltr'><strong>congruere</strong></span> <span class='ocrx_word' id='word_1_25' title='bbox 1184 598 1536 658; x_wconf 84' lang='lat' dir='ltr'><strong>videbuntur,</strong></span> <span class='ocrx_word' id='word_1_26' title='bbox 1572 612 1671 652; x_wconf 92' lang='lat' dir='ltr'><strong>suo</strong></span> <span class='ocrx_word' id='word_1_27' title='bbox 1702 598 1974 652; x_wconf 86' lang='lat' dir='ltr'><strong>communi</strong></span> <span class='ocrx_word' id='word_1_28' title='bbox 2024 598 2139 652; x_wconf 89' lang='lat' dir='ltr'><strong>suf-</strong></span> 
     </span>
    </p>
   </div>
   <div class='ocr_carea' id='block_1_7' title="bbox 556 689 2139 762">
    <p class='ocr_par' dir='ltr' id='par_1_7' title="bbox 556 689 2139 762">
     <span class='ocr_line' id='line_1_7' title="bbox 556 689 2139 762; baseline 0 -17"><span class='ocrx_word' id='word_1_29' title='bbox 556 691 726 762; x_wconf 82' lang='lat' dir='ltr'><strong>fragio</strong></span> <span class='ocrx_word' id='word_1_30' title='bbox 755 691 1062 755; x_wconf 83' lang='lat' dir='ltr'><strong>confirmet,</strong></span> <span class='ocrx_word' id='word_1_31' title='bbox 1082 701 1140 745; x_wconf 91' lang='lat' dir='ltr'><strong>ut</strong></span> <span class='ocrx_word' id='word_1_32' title='bbox 1172 691 1250 746; x_wconf 89' lang='lat' dir='ltr'><strong>sic</strong></span> <span class='ocrx_word' id='word_1_33' title='bbox 1275 705 1409 761; x_wconf 85' lang='lat' dir='ltr'><strong>pace</strong></span> <span class='ocrx_word' id='word_1_34' title='bbox 1429 690 1543 761; x_wconf 77' lang='lat' dir='ltr'><strong>jugi</strong></span> <span class='ocrx_word' id='word_1_35' title='bbox 1558 699 1612 744; x_wconf 88' lang='lat' dir='ltr'><strong>et</strong></span> <span class='ocrx_word' id='word_1_36' title='bbox 1641 691 1907 760; x_wconf 81' lang='lat' dir='ltr'><strong>profunda</strong></span> <span class='ocrx_word' id='word_1_37' title='bbox 1935 689 2139 745; x_wconf 88' lang='lat' dir='ltr'><strong>Christi</strong></span> 
     </span>
    </p>
   </div>
   <div class='ocr_carea' id='block_1_8' title="bbox 555 780 1636 852">
    <p class='ocr_par' dir='ltr' id='par_1_8' title="bbox 555 780 1636 852">
     <span class='ocr_line' id='line_1_8' title="bbox 555 780 1636 852; baseline -0.005 -15"><span class='ocrx_word' id='word_1_38' title='bbox 555 782 799 837; x_wconf 83' lang='lat' dir='ltr'><strong>Ecclesia</strong></span> <span class='ocrx_word' id='word_1_39' title='bbox 833 797 1264 852; x_wconf 86' lang='lat' dir='ltr'><strong>quaquaversum</strong></span> <span class='ocrx_word' id='word_1_40' title='bbox 1309 780 1636 851; x_wconf 75' lang='lat' dir='ltr'><strong>perfruatur.</strong></span> 
     </span>
    </p>
   </div>
   <div class='ocr_carea' id='block_1_9' title="bbox 626 874 2141 947">
    <p class='ocr_par' dir='ltr' id='par_1_9' title="bbox 626 874 2141 947">
     <span class='ocr_line' id='line_1_9' title="bbox 626 874 2141 947; baseline -0.001 -16"><span class='ocrx_word' id='word_1_41' title='bbox 626 878 717 931; x_wconf 77' lang='lat'><strong>58.</strong></span> <span class='ocrx_word' id='word_1_42' title='bbox 760 877 944 947; x_wconf 76' lang='lat' dir='ltr'><strong>Neque</strong></span> <span class='ocrx_word' id='word_1_43' title='bbox 1003 891 1136 931; x_wconf 85' lang='lat' dir='ltr'><strong>sane</strong></span> <span class='ocrx_word' id='word_1_44' title='bbox 1180 885 1416 930; x_wconf 78' lang='lat' dir='ltr'><strong>vestram</strong></span> <span class='ocrx_word' id='word_1_45' title='bbox 1457 874 1799 930; x_wconf 85' lang='lat' dir='ltr'><strong>solummodo</strong></span> <span class='ocrx_word' id='word_1_46' title='bbox 1845 875 2141 930; x_wconf 64' lang='lat' dir='ltr'><strong>beatitudi«</strong></span> 
     </span>
    </p>
   </div>
   <div class='ocr_carea' id='block_1_10' title="bbox 556 966 2143 1038">
    <p class='ocr_par' dir='ltr' id='par_1_10' title="bbox 556 966 2143 1038">
     <span class='ocr_line' id='line_1_10' title="bbox 556 966 2143 1038; baseline 0 -16"><span class='ocrx_word' id='word_1_47' title='bbox 556 983 683 1022; x_wconf 88' lang='lat' dir='ltr'><strong>nem</strong></span> <span class='ocrx_word' id='word_1_48' title='bbox 738 969 845 1022; x_wconf 92' lang='lat' dir='ltr'><strong>huc</strong></span> <span class='ocrx_word' id='word_1_49' title='bbox 886 982 1270 1030; x_wconf 89' lang='lat' dir='ltr'><strong>convocamus,</strong></span> <span class='ocrx_word' id='word_1_50' title='bbox 1319 967 1416 1020; x_wconf 85' lang='lat' dir='ltr'><strong>sed</strong></span> <span class='ocrx_word' id='word_1_51' title='bbox 1459 966 1789 1036; x_wconf 89' lang='lat' dir='ltr'><strong>reliquarum</strong></span> <span class='ocrx_word' id='word_1_52' title='bbox 1835 983 1957 1038; x_wconf 70' lang='lat' dir='ltr'><strong>qua:</strong></span> <span class='ocrx_word' id='word_1_53' title='bbox 2015 976 2143 1022; x_wconf 90' lang='lat' dir='ltr'><strong>sunt</strong></span> 
     </span>
    </p>
   </div>
   <div class='ocr_carea' id='block_1_11' title="bbox 557 1059 2143 1129">
    <p class='ocr_par' dir='ltr' id='par_1_11' title="bbox 557 1059 2143 1129">
     <span class='ocr_line' id='line_1_11' title="bbox 557 1059 2143 1129; baseline 0.001 -17"><span class='ocrx_word' id='word_1_54' title='bbox 557 1059 1102 1129; x_wconf 87' lang='lat' dir='ltr'><strong>archiepiscopalium</strong></span> <span class='ocrx_word' id='word_1_55' title='bbox 1151 1069 1207 1113; x_wconf 90' lang='lat' dir='ltr'><strong>et</strong></span> <span class='ocrx_word' id='word_1_56' title='bbox 1269 1059 1693 1126; x_wconf 87' lang='lat' dir='ltr'><strong>apostolicarum</strong></span> <span class='ocrx_word' id='word_1_57' title='bbox 1739 1061 1950 1115; x_wconf 88' lang='lat' dir='ltr'><strong>scdium</strong></span> <span class='ocrx_word' id='word_1_58' title='bbox 1999 1061 2143 1115; x_wconf 91' lang='lat' dir='ltr'><strong>anti-</strong></span> 
     </span>
    </p>
   </div>
   <div class='ocr_carea' id='block_1_12' title="bbox 556 1151 2141 1222">
    <p class='ocr_par' dir='ltr' id='par_1_12' title="bbox 556 1151 2141 1222">
     <span class='ocr_line' id='line_1_12' title="bbox 556 1151 2141 1222; baseline 0 -16"><span class='ocrx_word' id='word_1_59' title='bbox 556 1151 732 1215; x_wconf 88' lang='lat' dir='ltr'><strong>stites,</strong></span> <span class='ocrx_word' id='word_1_60' title='bbox 769 1152 853 1205; x_wconf 87' lang='lat' dir='ltr'><strong>vel</strong></span> <span class='ocrx_word' id='word_1_61' title='bbox 880 1152 990 1220; x_wconf 83' lang='lat' dir='ltr'><strong>jam</strong></span> <span class='ocrx_word' id='word_1_62' title='bbox 1014 1151 1378 1217; x_wconf 87' lang='lat' dir='ltr'><strong>advenerunt,</strong></span> <span class='ocrx_word' id='word_1_63' title='bbox 1409 1152 1493 1206; x_wconf 86' lang='lat' dir='ltr'><strong>vel</strong></span> <span class='ocrx_word' id='word_1_64' title='bbox 1516 1151 1830 1222; x_wconf 87' lang='lat' dir='ltr'><strong>propediem</strong></span> <span class='ocrx_word' id='word_1_65' title='bbox 1857 1153 2141 1208; x_wconf 89' lang='lat' dir='ltr'><strong>adventuri</strong></span> 
     </span>
    </p>
   </div>
   <div class='ocr_carea' id='block_1_13' title="bbox 556 1253 968 1312">
    <p class='ocr_par' dir='ltr' id='par_1_13' title="bbox 556 1253 968 1312">
     <span class='ocr_line' id='line_1_13' title="bbox 556 1253 968 1312; baseline -0.002 -14"><span class='ocrx_word' id='word_1_66' title='bbox 556 1253 968 1312; x_wconf 73' lang='lat' dir='ltr'><strong>exspectantur.</strong></span> 
     </span>
    </p>
   </div>
   <div class='ocr_carea' id='block_1_14' title="bbox 626 1335 2140 1407">
    <p class='ocr_par' dir='ltr' id='par_1_14' title="bbox 626 1335 2140 1407">
     <span class='ocr_line' id='line_1_14' title="bbox 626 1335 2140 1407; baseline 0.002 -18"><span class='ocrx_word' id='word_1_67' title='bbox 626 1337 714 1390; x_wconf 78' lang='lat'><strong>39.</strong></span> <span class='ocrx_word' id='word_1_68' title='bbox 756 1335 835 1390; x_wconf 88' lang='lat' dir='ltr'><strong>Ne</strong></span> <span class='ocrx_word' id='word_1_69' title='bbox 858 1336 1163 1391; x_wconf 87' lang='lat' dir='ltr'><strong>committat</strong></span> <span class='ocrx_word' id='word_1_70' title='bbox 1195 1337 1364 1407; x_wconf 82' lang='lat' dir='ltr'><strong>igitur</strong></span> <span class='ocrx_word' id='word_1_71' title='bbox 1392 1337 1708 1392; x_wconf 83' lang='lat' dir='ltr'><strong>fraternitas</strong></span> <span class='ocrx_word' id='word_1_72' title='bbox 1737 1349 1915 1393; x_wconf 88' lang='lat' dir='ltr'><strong>vestra</strong></span> <span class='ocrx_word' id='word_1_73' title='bbox 1949 1339 2002 1392; x_wconf 89' lang='lat' dir='ltr'><strong>in</strong></span> <span class='ocrx_word' id='word_1_74' title='bbox 2033 1337 2140 1392; x_wconf 84' lang='lat' dir='ltr'><strong>Do-</strong></span> 
     </span>
    </p>
   </div>
   <div class='ocr_carea' id='block_1_15' title="bbox 558 1427 2140 1501">
    <p class='ocr_par' dir='ltr' id='par_1_15' title="bbox 558 1427 2140 1501">
     <span class='ocr_line' id='line_1_15' title="bbox 558 1427 2140 1501; baseline 0.003 -21"><span class='ocrx_word' id='word_1_75' title='bbox 558 1427 707 1481; x_wconf 86' lang='lat' dir='ltr'><strong>mino</strong></span> <span class='ocrx_word' id='word_1_76' title='bbox 743 1443 870 1497; x_wconf 72' lang='lat' dir='ltr'><strong>quae</strong></span> <span class='ocrx_word' id='word_1_77' title='bbox 909 1438 1011 1490; x_wconf 89' lang='lat' dir='ltr'><strong>est.</strong></span> <span class='ocrx_word' id='word_1_78' title='bbox 1075 1444 1172 1499; x_wconf 88' lang='lat' dir='ltr'><strong>per</strong></span> <span class='ocrx_word' id='word_1_79' title='bbox 1230 1430 1463 1500; x_wconf 88' lang='lat' dir='ltr'><strong>aliquam</strong></span> <span class='ocrx_word' id='word_1_80' title='bbox 1493 1430 1834 1496; x_wconf 85' lang='lat' dir='ltr'><strong>dilationem,</strong></span> <span class='ocrx_word' id='word_1_81' title='bbox 1865 1440 1959 1484; x_wconf 88' lang='lat' dir='ltr'><strong>aut</strong></span> <span class='ocrx_word' id='word_1_82' title='bbox 2013 1447 2140 1501; x_wconf 88' lang='lat' dir='ltr'><strong>pro-</strong></span> 
     </span>
    </p>
   </div>
   <div class='ocr_carea' id='block_1_16' title="bbox 457 1520 2143 1592">
    <p class='ocr_par' dir='ltr' id='par_1_16' title="bbox 457 1520 2143 1592">
     <span class='ocr_line' id='line_1_16' title="bbox 457 1520 2143 1592; baseline 0.003 -20"><span class='ocrx_word' id='word_1_83' title='bbox 457 1585 463 1590; x_wconf 89' lang='lat'>_</span> <span class='ocrx_word' id='word_1_84' title='bbox 557 1520 1005 1574; x_wconf 88' lang='lat' dir='ltr'><strong>crastinationem</strong></span> <span class='ocrx_word' id='word_1_85' title='bbox 1046 1523 1328 1591; x_wconf 90' lang='lat' dir='ltr'><strong>temporis,</strong></span> <span class='ocrx_word' id='word_1_86' title='bbox 1388 1530 1446 1575; x_wconf 91' lang='lat' dir='ltr'><strong>ut</strong></span> <span class='ocrx_word' id='word_1_87' title='bbox 1475 1521 1682 1576; x_wconf 85' lang='lat' dir='ltr'><strong>diutius</strong></span> <span class='ocrx_word' id='word_1_88' title='bbox 1717 1538 1880 1591; x_wconf 86' lang='lat' dir='ltr'><strong>quam</strong></span> <span class='ocrx_word' id='word_1_89' title='bbox 1911 1537 2006 1592; x_wconf 87' lang='lat' dir='ltr'><strong>par</strong></span> <span class='ocrx_word' id='word_1_90' title='bbox 2059 1532 2143 1577; x_wconf 89' lang='lat' dir='ltr'><strong>est</strong></span> 
     </span>
    </p>
   </div>
   <div class='ocr_carea' id='block_1_17' title="bbox 559 1613 2142 1688">
    <p class='ocr_par' dir='ltr' id='par_1_17' title="bbox 559 1613 2142 1688">
     <span class='ocr_line' id='line_1_17' title="bbox 559 1613 2142 1688; baseline 0.003 -21"><span class='ocrx_word' id='word_1_91' title='bbox 559 1613 754 1668; x_wconf 78' lang='lat' dir='ltr'><strong>fratres</strong></span> <span class='ocrx_word' id='word_1_92' title='bbox 813 1630 910 1668; x_wconf 82' lang='lat' dir='ltr'><strong>vos</strong></span> <span class='ocrx_word' id='word_1_93' title='bbox 946 1616 1033 1668; x_wconf 89' lang='lat' dir='ltr'><strong>hic</strong></span> <span class='ocrx_word' id='word_1_94' title='bbox 1077 1625 1441 1685; x_wconf 77' lang='lat' dir='ltr'><strong>exspectent:</strong></span> <span class='ocrx_word' id='word_1_95' title='bbox 1481 1617 1696 1672; x_wconf 90' lang='lat' dir='ltr'><strong>noverit</strong></span> <span class='ocrx_word' id='word_1_96' title='bbox 1724 1618 1893 1686; x_wconf 79' lang='lat' dir='ltr'><strong>quod,</strong></span> <span class='ocrx_word' id='word_1_97' title='bbox 1947 1618 1994 1673; x_wconf 88' lang='lat' dir='ltr'><strong>si</strong></span> <span class='ocrx_word' id='word_1_98' title='bbox 2043 1634 2142 1688; x_wconf 90' lang='lat' dir='ltr'><strong>per</strong></span> 
     </span>
    </p>
   </div>
   <div class='ocr_carea' id='block_1_18' title="bbox 556 1705 2140 1774">
    <p class='ocr_par' dir='ltr' id='par_1_18' title="bbox 556 1705 2140 1774">
     <span class='ocr_line' id='line_1_18' title="bbox 556 1705 2140 1774; baseline 0.006 -17"><span class='ocrx_word' id='word_1_99' title='bbox 556 1713 799 1758; x_wconf 88' lang='lat' dir='ltr'><strong>vestrum</strong></span> <span class='ocrx_word' id='word_1_100' title='bbox 827 1705 1112 1774; x_wconf 91' lang='lat' dir='ltr'><strong>aliqualem</strong></span> <span class='ocrx_word' id='word_1_101' title='bbox 1139 1706 1414 1762; x_wconf 88' lang='lat' dir='ltr'><strong>defectum</strong></span> <span class='ocrx_word' id='word_1_102' title='bbox 1444 1725 1532 1762; x_wconf 90' lang='lat' dir='ltr'><strong>res</strong></span> <span class='ocrx_word' id='word_1_103' title='bbox 1565 1725 1664 1763; x_wconf 90' lang='lat' dir='ltr'><strong>suo</strong></span> <span class='ocrx_word' id='word_1_104' title='bbox 1687 1709 1879 1764; x_wconf 86' lang='lat' dir='ltr'><strong>ordine</strong></span> <span class='ocrx_word' id='word_1_105' title='bbox 1908 1709 2008 1765; x_wconf 91' lang='lat' dir='ltr'><strong>rite</strong></span> <span class='ocrx_word' id='word_1_106' title='bbox 2031 1726 2140 1766; x_wconf 88' lang='lat' dir='ltr'><strong>non</strong></span> 
     </span>
    </p>
   </div>
   <div class='ocr_carea' id='block_1_19' title="bbox 558 1799 2142 1874">
    <p class='ocr_par' dir='ltr' id='par_1_19' title="bbox 558 1799 2142 1874">
     <span class='ocr_line' id='line_1_19' title="bbox 558 1799 2142 1874; baseline 0.006 -25"><span class='ocrx_word' id='word_1_107' title='bbox 558 1805 904 1866; x_wconf 77' lang='lat' dir='ltr'><strong>peraguntur,</strong></span> <span class='ocrx_word' id='word_1_108' title='bbox 935 1813 1044 1851; x_wconf 90' lang='lat' dir='ltr'><strong>non</strong></span> <span class='ocrx_word' id='word_1_109' title='bbox 1076 1799 1130 1852; x_wconf 88' lang='lat' dir='ltr'><strong>in</strong></span> <span class='ocrx_word' id='word_1_110' title='bbox 1152 1799 1337 1862; x_wconf 89' lang='lat' dir='ltr'><strong>alium,</strong></span> <span class='ocrx_word' id='word_1_111' title='bbox 1380 1801 1476 1854; x_wconf 90' lang='lat' dir='ltr'><strong>sed</strong></span> <span class='ocrx_word' id='word_1_112' title='bbox 1519 1802 1575 1854; x_wconf 92' lang='lat' dir='ltr'><strong>in</strong></span> <span class='ocrx_word' id='word_1_113' title='bbox 1605 1803 1782 1873; x_wconf 91' lang='lat' dir='ltr'><strong>ipsum</strong></span> <span class='ocrx_word' id='word_1_114' title='bbox 1818 1803 2142 1874; x_wconf 89' lang='lat' dir='ltr'><strong>delinquen-</strong></span> 
     </span>
    </p>
   </div>
   <div class='ocr_carea' id='block_1_20' title="bbox 560 1891 1412 1962">
    <p class='ocr_par' dir='ltr' id='par_1_20' title="bbox 560 1891 1412 1962">
     <span class='ocr_line' id='line_1_20' title="bbox 560 1891 1412 1962; baseline 0.002 -18"><span class='ocrx_word' id='word_1_115' title='bbox 560 1898 670 1944; x_wconf 82' lang='lat' dir='ltr'><strong>tein</strong></span> <span class='ocrx_word' id='word_1_116' title='bbox 704 1891 906 1943; x_wconf 86' lang='lat' dir='ltr'><strong>recidet</strong></span> <span class='ocrx_word' id='word_1_117' title='bbox 929 1901 1209 1945; x_wconf 86' lang='lat' dir='ltr'><strong>contracta</strong></span> <span class='ocrx_word' id='word_1_118' title='bbox 1233 1894 1412 1962; x_wconf 90' lang='lat' dir='ltr'><strong>culpa.</strong></span> 
     </span>
    </p>
   </div>
   <div class='ocr_carea' id='block_1_21' title="bbox 632 1979 2144 2054">
    <p class='ocr_par' dir='ltr' id='par_1_21' title="bbox 632 1979 2144 2054">
     <span class='ocr_line' id='line_1_21' title="bbox 632 1979 2144 2054; baseline 0.009 -21"><span class='ocrx_word' id='word_1_119' title='bbox 632 1980 720 2033; x_wconf 77' lang='grc'><strong>40.</strong></span> <span class='ocrx_word' id='word_1_120' title='bbox 762 1979 868 2034; x_wconf 85' lang='lat' dir='ltr'><strong>Sed</strong></span> <span class='ocrx_word' id='word_1_121' title='bbox 891 1991 948 2034; x_wconf 92' lang='lat' dir='ltr'><strong>et</strong></span> <span class='ocrx_word' id='word_1_122' title='bbox 983 1982 1112 2036; x_wconf 89' lang='lat' dir='ltr'><strong>illud</strong></span> <span class='ocrx_word' id='word_1_123' title='bbox 1136 1983 1362 2054; x_wconf 89' lang='lat' dir='ltr'><strong>insuper</strong></span> <span class='ocrx_word' id='word_1_124' title='bbox 1387 1985 1538 2040; x_wconf 88' lang='lat' dir='ltr'><strong>libris</strong></span> <span class='ocrx_word' id='word_1_125' title='bbox 1560 1988 1759 2043; x_wconf 91' lang='lat' dir='ltr'><strong>nostris</strong></span> <span class='ocrx_word' id='word_1_126' title='bbox 1782 1989 2036 2045; x_wconf 84' lang='lat' dir='ltr'><strong>duximus</strong></span> <span class='ocrx_word' id='word_1_127' title='bbox 2060 1991 2144 2046; x_wconf 89' lang='lat' dir='ltr'><strong>in-</strong></span> 
     </span>
    </p>
   </div>
   <div class='ocr_carea' id='block_1_22' title="bbox 559 2071 2144 2140">
    <p class='ocr_par' dir='ltr' id='par_1_22' title="bbox 559 2071 2144 2140">
     <span class='ocr_line' id='line_1_22' title="bbox 559 2071 2144 2140; baseline 0.011 -16"><span class='ocrx_word' id='word_1_128' title='bbox 559 2071 866 2138; x_wconf 86' lang='lat' dir='ltr'><strong>ferendum,</strong></span> <span class='ocrx_word' id='word_1_129' title='bbox 899 2082 960 2127; x_wconf 89' lang='lat' dir='ltr'><strong>ut</strong></span> <span class='ocrx_word' id='word_1_130' title='bbox 981 2076 1235 2130; x_wconf 88' lang='lat' dir='ltr'><strong>nimirum</strong></span> <span class='ocrx_word' id='word_1_131' title='bbox 1269 2087 1514 2132; x_wconf 86' lang='lat' dir='ltr'><strong>sanctam</strong></span> <span class='ocrx_word' id='word_1_132' title='bbox 1551 2088 1606 2133; x_wconf 89' lang='lat' dir='ltr'><strong>et</strong></span> <span class='ocrx_word' id='word_1_133' title='bbox 1643 2081 2002 2136; x_wconf 86' lang='lat' dir='ltr'><strong>universaleut</strong></span> <span class='ocrx_word' id='word_1_134' title='bbox 2053 2099 2144 2140; x_wconf 80' lang='lat' dir='ltr'><strong>se-</strong></span> 
     </span>
    </p>
   </div>
   <div class='ocr_carea' id='block_1_23' title="bbox 569 2162 2144 2235">
    <p class='ocr_par' dir='ltr' id='par_1_23' title="bbox 569 2162 2144 2235">
     <span class='ocr_line' id='line_1_23' title="bbox 569 2162 2144 2235; baseline 0.011 -21"><span class='ocrx_word' id='word_1_135' title='bbox 569 2162 800 2231; x_wconf 81' lang='lat' dir='ltr'><strong>ptimam</strong></span> <span class='ocrx_word' id='word_1_136' title='bbox 843 2165 1107 2235; x_wconf 90' lang='lat' dir='ltr'><strong>synodum</strong></span> <span class='ocrx_word' id='word_1_137' title='bbox 1143 2166 1195 2220; x_wconf 91' lang='lat' dir='ltr'><strong>in</strong></span> <span class='ocrx_word' id='word_1_138' title='bbox 1235 2169 1489 2223; x_wconf 88' lang='lat' dir='ltr'><strong>eumdem</strong></span> <span class='ocrx_word' id='word_1_139' title='bbox 1521 2185 1810 2226; x_wconf 87' lang='lat' dir='ltr'><strong>numerum</strong></span> <span class='ocrx_word' id='word_1_140' title='bbox 1849 2174 2027 2229; x_wconf 88' lang='lat' dir='ltr'><strong>velitis</strong></span> <span class='ocrx_word' id='word_1_141' title='bbox 2089 2186 2144 2232; x_wconf 88' lang='lat' dir='ltr'><strong>et</strong></span> 
     </span>
    </p>
   </div>
   <div class='ocr_carea' id='block_1_24' title="bbox 560 2255 2144 2326">
    <p class='ocr_par' dir='ltr' id='par_1_24' title="bbox 560 2255 2144 2326">
     <span class='ocr_line' id='line_1_24' title="bbox 560 2255 2144 2326; baseline 0.012 -20"><span class='ocrx_word' id='word_1_142' title='bbox 560 2255 808 2310; x_wconf 88' lang='lat' dir='ltr'><strong>ordinem</strong></span> <span class='ocrx_word' id='word_1_143' title='bbox 873 2255 1082 2312; x_wconf 88' lang='lat' dir='ltr'><strong>referre</strong></span> <span class='ocrx_word' id='word_1_144' title='bbox 1131 2275 1255 2313; x_wconf 91' lang='lat' dir='ltr'><strong>cum</strong></span> <span class='ocrx_word' id='word_1_145' title='bbox 1307 2276 1402 2315; x_wconf 86' lang='lat' dir='ltr'><strong>sex</strong></span> <span class='ocrx_word' id='word_1_146' title='bbox 1432 2262 1639 2317; x_wconf 84' lang='lat' dir='ltr'><strong>sanctis</strong></span> <span class='ocrx_word' id='word_1_147' title='bbox 1680 2273 1737 2318; x_wconf 89' lang='lat' dir='ltr'><strong>et</strong></span> <span class='ocrx_word' id='word_1_148' title='bbox 1785 2269 2144 2326; x_wconf 69' lang='lat' dir='ltr'><strong>mcumenicis</strong></span> 
     </span>
    </p>
   </div>
   <div class='ocr_carea' id='block_1_25' title="bbox 558 2347 2142 2428">
    <p class='ocr_par' dir='ltr' id='par_1_25' title="bbox 558 2347 2142 2428">
     <span class='ocr_line' id='line_1_25' title="bbox 558 2347 2142 2428; baseline 0.012 -29"><span class='ocrx_word' id='word_1_149' title='bbox 558 2347 825 2408; x_wconf 82' lang='lat' dir='ltr'><strong>conciliis,</strong></span> <span class='ocrx_word' id='word_1_150' title='bbox 883 2364 981 2419; x_wconf 90' lang='lat' dir='ltr'><strong>per</strong></span> <span class='ocrx_word' id='word_1_151' title='bbox 1015 2350 1296 2407; x_wconf 91' lang='lat' dir='ltr'><strong>universas</strong></span> <span class='ocrx_word' id='word_1_152' title='bbox 1329 2363 1522 2407; x_wconf 77' lang='lat' dir='ltr'><strong>vestra:</strong></span> <span class='ocrx_word' id='word_1_153' title='bbox 1559 2354 1783 2412; x_wconf 90' lang='lat' dir='ltr'><strong>ditionis</strong></span> <span class='ocrx_word' id='word_1_154' title='bbox 1831 2357 2142 2428; x_wconf 86' lang='lat' dir='ltr'><strong>Ecclesias;</strong></span> 
     </span>
    </p>
   </div>
   <div class='ocr_carea' id='block_1_26' title="bbox 550 2442 2146 2528">
    <p class='ocr_par' dir='ltr' id='par_1_26' title="bbox 550 2442 2146 2528">
     <span class='ocr_line' id='line_1_26' title="bbox 550 2442 2146 2528; baseline 0.012 -35"><span class='ocrx_word' id='word_1_155' title='bbox 550 2447 683 2494; x_wconf 86' lang='lat' dir='ltr'><strong>cum</strong></span> <span class='ocrx_word' id='word_1_156' title='bbox 714 2442 781 2496; x_wconf 90' lang='lat' dir='ltr'><strong>ad</strong></span> <span class='ocrx_word' id='word_1_157' title='bbox 813 2459 914 2498; x_wconf 88' lang='lat' dir='ltr'><strong>nos</strong></span> <span class='ocrx_word' id='word_1_158' title='bbox 937 2460 1123 2500; x_wconf 88' lang='lat' dir='ltr'><strong>rumor</strong></span> <span class='ocrx_word' id='word_1_159' title='bbox 1177 2447 1513 2506; x_wconf 89' lang='lat' dir='ltr'><strong>increbuerit</strong></span> <span class='ocrx_word' id='word_1_160' title='bbox 1544 2453 1687 2522; x_wconf 87' lang='lat' dir='ltr'><strong>quod</strong></span> <span class='ocrx_word' id='word_1_161' title='bbox 1716 2455 1964 2524; x_wconf 57' lang='lat' dir='ltr'><strong>quaedam</strong></span> <span class='ocrx_word' id='word_1_162' title='bbox 2011 2474 2146 2528; x_wconf 89' lang='lat' dir='ltr'><strong>apo-</strong></span> 
     </span>
    </p>
   </div>
   <div class='ocr_carea' id='block_1_27' title="bbox 559 2532 2144 2618">
    <p class='ocr_par' dir='ltr' id='par_1_27' title="bbox 559 2532 2144 2618">
     <span class='ocr_line' id='line_1_27' title="bbox 559 2532 2144 2618; baseline 0.013 -34"><span class='ocrx_word' id='word_1_163' title='bbox 559 2532 752 2587; x_wconf 88' lang='lat' dir='ltr'><strong>stolico</strong></span> <span class='ocrx_word' id='word_1_164' title='bbox 798 2543 980 2589; x_wconf 86' lang='lat' dir='ltr'><strong>vestro</strong></span> <span class='ocrx_word' id='word_1_165' title='bbox 1033 2537 1231 2592; x_wconf 89' lang='lat' dir='ltr'><strong>throno</strong></span> <span class='ocrx_word' id='word_1_166' title='bbox 1273 2541 1506 2597; x_wconf 70' lang='lat' dir='ltr'><strong>subdita:</strong></span> <span class='ocrx_word' id='word_1_167' title='bbox 1551 2545 1809 2601; x_wconf 73' lang='lat' dir='ltr'><strong>Ecclesia:</strong></span> <span class='ocrx_word' id='word_1_168' title='bbox 1847 2563 2020 2618; x_wconf 89' lang='lat' dir='ltr'><strong>usque</strong></span> <span class='ocrx_word' id='word_1_169' title='bbox 2075 2549 2144 2604; x_wconf 89' lang='lat' dir='ltr'><strong>ad</strong></span> 
     </span>
    </p>
   </div>
   <div class='ocr_carea' id='block_1_28' title="bbox 557 2631 2147 2709">
    <p class='ocr_par' dir='ltr' id='par_1_28' title="bbox 557 2631 2147 2709">
     <span class='ocr_line' id='line_1_28' title="bbox 557 2631 2147 2709; baseline 0.013 -34"><span class='ocrx_word' id='word_1_170' title='bbox 557 2632 766 2677; x_wconf 81' lang='lat' dir='ltr'><strong>sextam</strong></span> <span class='ocrx_word' id='word_1_171' title='bbox 804 2636 1123 2697; x_wconf 83' lang='lat' dir='ltr'><strong>computare</strong></span> <span class='ocrx_word' id='word_1_172' title='bbox 1169 2631 1347 2686; x_wconf 89' lang='lat' dir='ltr'><strong>solent</strong></span> <span class='ocrx_word' id='word_1_173' title='bbox 1373 2634 1716 2691; x_wconf 88' lang='lat' dir='ltr'><strong>universales</strong></span> <span class='ocrx_word' id='word_1_174' title='bbox 1753 2640 2008 2709; x_wconf 89' lang='lat' dir='ltr'><strong>synodos,</strong></span> <span class='ocrx_word' id='word_1_175' title='bbox 2059 2657 2147 2696; x_wconf 83' lang='lat' dir='ltr'><strong>se-</strong></span> 
     </span>
    </p>
   </div>
   <div class='ocr_carea' id='block_1_29' title="bbox 564 2715 2147 2798">
    <p class='ocr_par' dir='ltr' id='par_1_29' title="bbox 564 2715 2147 2798">
     <span class='ocr_line' id='line_1_29' title="bbox 564 2715 2147 2798; baseline 0.015 -34"><span class='ocrx_word' id='word_1_176' title='bbox 564 2715 791 2782; x_wconf 86' lang='lat' dir='ltr'><strong>ptimam</strong></span> <span class='ocrx_word' id='word_1_177' title='bbox 816 2733 1159 2788; x_wconf 82' lang='lat' dir='ltr'><strong>nequaquam</strong></span> <span class='ocrx_word' id='word_1_178' title='bbox 1183 2735 1540 2791; x_wconf 82' lang='lat' dir='ltr'><strong>agnoscentes</strong></span> <span class='ocrx_word' id='word_1_179' title='bbox 1567 2743 1580 2775; x_wconf 86' lang='lat'>:</span> <span class='ocrx_word' id='word_1_180' title='bbox 1604 2744 1726 2798; x_wconf 81' lang='lat' dir='ltr'><strong>quae</strong></span> <span class='ocrx_word' id='word_1_181' title='bbox 1751 2730 1804 2783; x_wconf 89' lang='lat' dir='ltr'><strong>in</strong></span> <span class='ocrx_word' id='word_1_182' title='bbox 1823 2730 1912 2785; x_wconf 92' lang='lat' dir='ltr'><strong>illa</strong></span> <span class='ocrx_word' id='word_1_183' title='bbox 1935 2733 2147 2787; x_wconf 85' lang='lat' dir='ltr'><strong>sancie-</strong></span> 
     </span>
    </p>
   </div>
   <div class='ocr_carea' id='block_1_30' title="bbox 560 2805 2143 2892">
    <p class='ocr_par' dir='ltr' id='par_1_30' title="bbox 560 2805 2143 2892">
     <span class='ocr_line' id='line_1_30' title="bbox 560 2805 2143 2892; baseline 0.015 -35"><span class='ocrx_word' id='word_1_184' title='bbox 560 2805 780 2869; x_wconf 86' lang='lat' dir='ltr'><strong>bantur,</strong></span> <span class='ocrx_word' id='word_1_185' title='bbox 819 2824 944 2862; x_wconf 91' lang='lat' dir='ltr'><strong>cum</strong></span> <span class='ocrx_word' id='word_1_186' title='bbox 975 2814 1327 2870; x_wconf 88' lang='lat' dir='ltr'><strong>veneratione</strong></span> <span class='ocrx_word' id='word_1_187' title='bbox 1356 2829 1608 2889; x_wconf 82' lang='lat' dir='ltr'><strong>suscepta</strong></span> <span class='ocrx_word' id='word_1_188' title='bbox 1641 2822 1827 2878; x_wconf 86' lang='lat' dir='ltr'><strong>fovere</strong></span> <span class='ocrx_word' id='word_1_189' title='bbox 1851 2824 2143 2892; x_wconf 88' lang='lat' dir='ltr'><strong>dicuntur;</strong></span> 
     </span>
    </p>
   </div>
   <div class='ocr_carea' id='block_1_31' title="bbox 560 2894 2145 2983">
    <p class='ocr_par' dir='ltr' id='par_1_31' title="bbox 560 2894 2145 2983">
     <span class='ocr_line' id='line_1_31' title="bbox 560 2894 2145 2983; baseline 0.014 -35"><span class='ocrx_word' id='word_1_190' title='bbox 560 2894 734 2964; x_wconf 81' lang='lat' dir='ltr'><strong>ipsam</strong></span> <span class='ocrx_word' id='word_1_191' title='bbox 771 2909 949 2953; x_wconf 81' lang='lat' dir='ltr'><strong>tanien</strong></span> <span class='ocrx_word' id='word_1_192' title='bbox 1005 2903 1250 2958; x_wconf 89' lang='lat' dir='ltr'><strong>nondum</strong></span> <span class='ocrx_word' id='word_1_193' title='bbox 1279 2922 1344 2961; x_wconf 88' lang='lat' dir='ltr'><strong>eo</strong></span> <span class='ocrx_word' id='word_1_194' title='bbox 1373 2910 1709 2977; x_wconf 89' lang='lat' dir='ltr'><strong>processisse</strong></span> <span class='ocrx_word' id='word_1_195' title='bbox 1757 2915 2145 2983; x_wconf 87' lang='lat' dir='ltr'><strong>susceptionis,</strong></span> 
     </span>
    </p>
   </div>
   <div class='ocr_carea' id='block_1_32' title="bbox 562 2991 2147 3079">
    <p class='ocr_par' dir='ltr' id='par_1_32' title="bbox 562 2991 2147 3079">
     <span class='ocr_line' id='line_1_32' title="bbox 562 2991 2147 3079; baseline 0.016 -39"><span class='ocrx_word' id='word_1_196' title='bbox 562 2997 624 3041; x_wconf 90' lang='lat' dir='ltr'><strong>ut</strong></span> <span class='ocrx_word' id='word_1_197' title='bbox 655 2991 870 3058; x_wconf 85' lang='lat' dir='ltr'><strong>publice</strong></span> <span class='ocrx_word' id='word_1_198' title='bbox 918 3009 1017 3063; x_wconf 88' lang='lat' dir='ltr'><strong>per</strong></span> <span class='ocrx_word' id='word_1_199' title='bbox 1051 2993 1322 3051; x_wconf 80' lang='lat' dir='ltr'><strong>Ecclesias</strong></span> <span class='ocrx_word' id='word_1_200' title='bbox 1357 3041 1372 3065; x_wconf 92' lang='lat'><strong>,</strong></span> <span class='ocrx_word' id='word_1_201' title='bbox 1407 3001 1551 3055; x_wconf 89' lang='lat' dir='ltr'><strong>sicut</strong></span> <span class='ocrx_word' id='word_1_202' title='bbox 1600 3004 1828 3072; x_wconf 91' lang='lat' dir='ltr'><strong>priores,</strong></span> <span class='ocrx_word' id='word_1_203' title='bbox 1878 3006 2147 3079; x_wconf 65' lang='lat' dir='ltr'><strong>depraadi-</strong></span> 
     </span>
    </p>
   </div>
   <div class='ocr_carea' id='block_1_33' title="bbox 561 3085 2145 3171">
    <p class='ocr_par' dir='ltr' id='par_1_33' title="bbox 561 3085 2145 3171">
     <span class='ocr_line' id='line_1_33' title="bbox 561 3085 2145 3171; baseline 0.015 -37"><span class='ocrx_word' id='word_1_204' title='bbox 561 3085 778 3138; x_wconf 79' lang='lat' dir='ltr'><strong>catione</strong></span> <span class='ocrx_word' id='word_1_205' title='bbox 807 3086 1160 3155; x_wconf 84' lang='lat' dir='ltr'><strong>suscipiatur,</strong></span> <span class='ocrx_word' id='word_1_206' title='bbox 1184 3091 1344 3144; x_wconf 89' lang='lat' dir='ltr'><strong>etiam</strong></span> <span class='ocrx_word' id='word_1_207' title='bbox 1370 3101 1483 3147; x_wconf 93' lang='lat' dir='ltr'><strong>tum</strong></span> <span class='ocrx_word' id='word_1_208' title='bbox 1507 3110 1632 3150; x_wconf 90' lang='lat' dir='ltr'><strong>cum</strong></span> <span class='ocrx_word' id='word_1_209' title='bbox 1657 3098 1858 3169; x_wconf 88' lang='lat' dir='ltr'><strong>ubique</strong></span> <span class='ocrx_word' id='word_1_210' title='bbox 1882 3103 1996 3171; x_wconf 90' lang='lat' dir='ltr'><strong>pari</strong></span> <span class='ocrx_word' id='word_1_211' title='bbox 2020 3116 2145 3158; x_wconf 92' lang='lat' dir='ltr'><strong>cum</strong></span> 
     </span>
    </p>
   </div>
   <div class='ocr_carea' id='block_1_34' title="bbox 563 3176 1449 3253">
    <p class='ocr_par' dir='ltr' id='par_1_34' title="bbox 563 3176 1449 3253">
     <span class='ocr_line' id='line_1_34' title="bbox 563 3176 1449 3253; baseline 0.014 -25"><span class='ocrx_word' id='word_1_212' title='bbox 563 3176 776 3229; x_wconf 66' lang='lat' dir='ltr'><strong>cmteris</strong></span> <span class='ocrx_word' id='word_1_213' title='bbox 806 3177 1071 3248; x_wconf 79' lang='lat' dir='ltr'><strong>dignitate</strong></span> <span class='ocrx_word' id='word_1_214' title='bbox 1097 3182 1449 3253; x_wconf 82' lang='lat' dir='ltr'><strong>suscipiatur.</strong></span> 
     </span>
    </p>
   </div>
   <div class='ocr_carea' id='block_1_35' title="bbox 633 3267 2215 3359">
    <p class='ocr_par' dir='ltr' id='par_1_35' title="bbox 633 3267 2215 3359">
     <span class='ocr_line' id='line_1_35' title="bbox 633 3267 2215 3359; baseline 0.016 -41"><span class='ocrx_word' id='word_1_215' title='bbox 633 3267 725 3322; x_wconf 76' lang='grc'><strong>41.</strong></span> <span class='ocrx_word' id='word_1_216' title='bbox 767 3267 928 3325; x_wconf 88' lang='lat' dir='ltr'><strong>Certe</strong></span> <span class='ocrx_word' id='word_1_217' title='bbox 956 3273 1171 3341; x_wconf 87' lang='lat' dir='ltr'><strong>quidem</strong></span> <span class='ocrx_word' id='word_1_218' title='bbox 1207 3275 1298 3330; x_wconf 89' lang='lat' dir='ltr'><strong>illa</strong></span> <span class='ocrx_word' id='word_1_219' title='bbox 1321 3279 1560 3348; x_wconf 87' lang='lat' dir='ltr'><strong>synodus</strong></span> <span class='ocrx_word' id='word_1_220' title='bbox 1591 3297 1860 3338; x_wconf 84' lang='lat' dir='ltr'><strong>summam</strong></span> <span class='ocrx_word' id='word_1_221' title='bbox 1889 3286 2137 3359; x_wconf 88' lang='lat' dir='ltr'><strong>profliga-</strong></span> <span class='ocrx_word' id='word_1_222' title='bbox 2172 3267 2215 3291; x_wconf 67' lang='grc'><em>’⁸</em></span> 
     </span>
    </p>
   </div>
   <div class='ocr_carea' id='block_1_36' title="bbox 563 3356 2148 3448">
    <p class='ocr_par' dir='ltr' id='par_1_36' title="bbox 563 3356 2148 3448">
     <span class='ocr_line' id='line_1_36' title="bbox 563 3356 2148 3448; baseline 0.015 -39"><span class='ocrx_word' id='word_1_223' title='bbox 563 3356 643 3410; x_wconf 90' lang='lat' dir='ltr'><strong>vit</strong></span> <span class='ocrx_word' id='word_1_224' title='bbox 669 3357 1002 3428; x_wconf 86' lang='lat' dir='ltr'><strong>impietatem</strong></span> <span class='ocrx_word' id='word_1_225' title='bbox 1030 3379 1046 3429; x_wconf 89' lang='lat'><strong>;</strong></span> <span class='ocrx_word' id='word_1_226' title='bbox 1083 3363 1276 3420; x_wconf 83' lang='lat' dir='ltr'><strong>habuit</strong></span> <span class='ocrx_word' id='word_1_227' title='bbox 1305 3383 1652 3427; x_wconf 88' lang='lat' dir='ltr'><strong>consessores</strong></span> <span class='ocrx_word' id='word_1_228' title='bbox 1682 3383 1738 3427; x_wconf 90' lang='lat' dir='ltr'><strong>et</strong></span> <span class='ocrx_word' id='word_1_229' title='bbox 1764 3356 2148 3448; x_wconf 66' lang='lat' dir='ltr'><strong>suffragatores</strong></span> 
     </span>
    </p>
   </div>
   <div class='ocr_carea' id='block_1_37' title="bbox 562 3451 2146 3531">
    <p class='ocr_par' dir='ltr' id='par_1_37' title="bbox 562 3451 2146 3531">
     <span class='ocr_line' id='line_1_37' title="bbox 562 3451 2146 3531; baseline 0.014 -29"><span class='ocrx_word' id='word_1_230' title='bbox 562 3451 652 3520; x_wconf 82' lang='lat' dir='ltr'><strong>qui</strong></span> <span class='ocrx_word' id='word_1_231' title='bbox 685 3452 751 3506; x_wconf 88' lang='lat' dir='ltr'><strong>de</strong></span> <span class='ocrx_word' id='word_1_232' title='bbox 781 3463 1016 3522; x_wconf 84' lang='lat' dir='ltr'><strong>quatuor</strong></span> <span class='ocrx_word' id='word_1_233' title='bbox 1063 3457 1616 3531; x_wconf 83' lang='lat' dir='ltr'><strong>archiepiscopalibus</strong></span> <span class='ocrx_word' id='word_1_234' title='bbox 1659 3466 1875 3522; x_wconf 92' lang='lat' dir='ltr'><strong>thronis</strong></span> <span class='ocrx_word' id='word_1_235' title='bbox 1899 3469 2146 3524; x_wconf 89' lang='lat' dir='ltr'><strong>aderant.</strong></span> 
     </span>
    </p>
   </div>
   <div class='ocr_carea' id='block_1_38' title="bbox 562 3541 2148 3620">
    <p class='ocr_par' dir='ltr' id='par_1_38' title="bbox 562 3541 2148 3620">
     <span class='ocr_line' id='line_1_38' title="bbox 562 3541 2148 3620; baseline 0.014 -25"><span class='ocrx_word' id='word_1_236' title='bbox 562 3541 719 3598; x_wconf 81' lang='lat' dir='ltr'><strong>Patet</strong></span> <span class='ocrx_word' id='word_1_237' title='bbox 732 3545 880 3600; x_wconf 91' lang='lat' dir='ltr'><strong>enim</strong></span> <span class='ocrx_word' id='word_1_238' title='bbox 901 3559 932 3600; x_wconf 88' lang='lat' dir='ltr'><strong>a</strong></span> <span class='ocrx_word' id='word_1_239' title='bbox 951 3559 1130 3602; x_wconf 88' lang='lat' dir='ltr'><strong>vestra</strong></span> <span class='ocrx_word' id='word_1_240' title='bbox 1149 3553 1445 3620; x_wconf 88' lang='lat' dir='ltr'><strong>apostolica</strong></span> <span class='ocrx_word' id='word_1_241' title='bbox 1463 3555 1590 3610; x_wconf 86' lang='lat' dir='ltr'><strong>sede</strong></span> <span class='ocrx_word' id='word_1_242' title='bbox 1608 3557 1898 3614; x_wconf 87' lang='lat' dir='ltr'><strong>advenisse</strong></span> <span class='ocrx_word' id='word_1_243' title='bbox 1913 3561 2148 3616; x_wconf 78' lang='lat' dir='ltr'><strong>Alexan-</strong></span> 
     </span>
    </p>
   </div>
   <div class='ocr_carea' id='block_1_39' title="bbox 562 3633 2146 3724">
    <p class='ocr_par' dir='ltr' id='par_1_39' title="bbox 562 3633 2146 3724">
     <span class='ocr_line' id='line_1_39' title="bbox 562 3633 2146 3724; baseline 0.016 -39"><span class='ocrx_word' id='word_1_244' title='bbox 562 3633 781 3689; x_wconf 88' lang='lat' dir='ltr'><strong>drinum</strong></span> <span class='ocrx_word' id='word_1_245' title='bbox 800 3635 1064 3693; x_wconf 86' lang='lat' dir='ltr'><strong>Thomam</strong></span> <span class='ocrx_word' id='word_1_246' title='bbox 1090 3641 1440 3710; x_wconf 89' lang='lat' dir='ltr'><strong>monachum,</strong></span> <span class='ocrx_word' id='word_1_247' title='bbox 1465 3655 1660 3704; x_wconf 88' lang='lat' dir='ltr'><strong>etcum</strong></span> <span class='ocrx_word' id='word_1_248' title='bbox 1677 3665 1744 3704; x_wconf 90' lang='lat' dir='ltr'><strong>eo</strong></span> <span class='ocrx_word' id='word_1_249' title='bbox 1764 3653 2108 3724; x_wconf 84' lang='lat' dir='ltr'><strong>presbyteros</strong></span> <span class='ocrx_word' id='word_1_250' title='bbox 2129 3673 2146 3722; x_wconf 93' lang='lat'><strong>;</strong></span> 
     </span>
    </p>
   </div>
   <div class='ocr_carea' id='block_1_40' title="bbox 562 3724 2146 3815">
    <p class='ocr_par' dir='ltr' id='par_1_40' title="bbox 562 3724 2146 3815">
     <span class='ocr_line' id='line_1_40' title="bbox 562 3724 2146 3815; baseline 0.016 -38"><span class='ocrx_word' id='word_1_251' title='bbox 562 3727 630 3778; x_wconf 85' lang='lat' dir='ltr'><strong>ab</strong></span> <span class='ocrx_word' id='word_1_252' title='bbox 661 3724 1049 3800; x_wconf 84' lang='lat' dir='ltr'><strong>Hierosolymis</strong></span> <span class='ocrx_word' id='word_1_253' title='bbox 1079 3742 1134 3788; x_wconf 90' lang='lat' dir='ltr'><strong>et</strong></span> <span class='ocrx_word' id='word_1_254' title='bbox 1169 3735 1482 3804; x_wconf 88' lang='lat' dir='ltr'><strong>Antiochia,</strong></span> <span class='ocrx_word' id='word_1_255' title='bbox 1517 3739 1775 3810; x_wconf 84' lang='lat' dir='ltr'><strong>Joannes,</strong></span> <span class='ocrx_word' id='word_1_256' title='bbox 1817 3753 1873 3798; x_wconf 90' lang='lat' dir='ltr'><strong>et</strong></span> <span class='ocrx_word' id='word_1_257' title='bbox 1897 3748 1989 3815; x_wconf 91' lang='lat' dir='ltr'><strong>qui</strong></span> <span class='ocrx_word' id='word_1_258' title='bbox 2022 3763 2146 3803; x_wconf 88' lang='lat' dir='ltr'><strong>cum</strong></span> 
     </span>
    </p>
   </div>
   <div class='ocr_carea' id='block_1_41' title="bbox 563 3816 2148 3898">
    <p class='ocr_par' dir='ltr' id='par_1_41' title="bbox 563 3816 2148 3898">
     <span class='ocr_line' id='line_1_41' title="bbox 563 3816 2148 3898; baseline 0.018 -30"><span class='ocrx_word' id='word_1_259' title='bbox 563 3816 658 3870; x_wconf 89' lang='lat' dir='ltr'><strong>illo</strong></span> <span class='ocrx_word' id='word_1_260' title='bbox 696 3833 999 3885; x_wconf 88' lang='lat' dir='ltr'><strong>venerunt;</strong></span> <span class='ocrx_word' id='word_1_261' title='bbox 1039 3825 1108 3878; x_wconf 90' lang='lat' dir='ltr'><strong>ab</strong></span> <span class='ocrx_word' id='word_1_262' title='bbox 1146 3827 1369 3898; x_wconf 88' lang='lat' dir='ltr'><strong>antiqua</strong></span> <span class='ocrx_word' id='word_1_263' title='bbox 1403 3829 1595 3898; x_wconf 75' lang='lat' dir='ltr'><strong>Roma,</strong></span> <span class='ocrx_word' id='word_1_264' title='bbox 1617 3835 1806 3891; x_wconf 88' lang='lat' dir='ltr'><strong>aderat</strong></span> <span class='ocrx_word' id='word_1_265' title='bbox 1843 3837 2040 3894; x_wconf 90' lang='lat' dir='ltr'><strong>Petrus</strong></span> <span class='ocrx_word' id='word_1_266' title='bbox 2059 3857 2148 3896; x_wconf 90' lang='lat' dir='ltr'><strong>ar-</strong></span> 
     </span>
    </p>
   </div>
   <div class='ocr_carea' id='block_1_42' title="bbox 562 3911 2146 3992">
    <p class='ocr_par' dir='ltr' id='par_1_42' title="bbox 562 3911 2146 3992">
     <span class='ocr_line' id='line_1_42' title="bbox 562 3911 2146 3992; baseline 0.018 -31"><span class='ocrx_word' id='word_1_267' title='bbox 562 3911 936 3982; x_wconf 82' lang='lat' dir='ltr'><strong>chipresbyter</strong></span> <span class='ocrx_word' id='word_1_268' title='bbox 989 3918 1453 3989; x_wconf 86' lang='lat' dir='ltr'><strong>religiosissimus,</strong></span> <span class='ocrx_word' id='word_1_269' title='bbox 1505 3936 1560 3979; x_wconf 92' lang='lat' dir='ltr'><strong>et</strong></span> <span class='ocrx_word' id='word_1_270' title='bbox 1604 3928 1744 3983; x_wconf 89' lang='lat' dir='ltr'><strong>alius</strong></span> <span class='ocrx_word' id='word_1_271' title='bbox 1777 3931 1907 3985; x_wconf 91' lang='lat' dir='ltr'><strong>item</strong></span> <span class='ocrx_word' id='word_1_272' title='bbox 1953 3932 2146 3992; x_wconf 87' lang='lat' dir='ltr'><strong>Petrus</strong></span> 
     </span>
    </p>
   </div>
   <div class='ocr_carea' id='block_1_43' title="bbox 564 4000 2146 4091">
    <p class='ocr_par' dir='ltr' id='par_1_43' title="bbox 564 4000 2146 4091">
     <span class='ocr_line' id='line_1_43' title="bbox 564 4000 2146 4091; baseline 0.019 -39"><span class='ocrx_word' id='word_1_273' title='bbox 564 4000 868 4070; x_wconf 86' lang='lat' dir='ltr'><strong>presbyter,</strong></span> <span class='ocrx_word' id='word_1_274' title='bbox 903 4008 1207 4062; x_wconf 86' lang='lat' dir='ltr'><strong>monachus</strong></span> <span class='ocrx_word' id='word_1_275' title='bbox 1233 4018 1288 4064; x_wconf 88' lang='lat' dir='ltr'><strong>et</strong></span> <span class='ocrx_word' id='word_1_276' title='bbox 1319 4015 1646 4082; x_wconf 56' lang='lat' dir='ltr'><strong>praepositus</strong></span> <span class='ocrx_word' id='word_1_277' title='bbox 1669 4019 1931 4091; x_wconf 71' lang='lat' dir='ltr'><strong>religiosa:</strong></span> <span class='ocrx_word' id='word_1_278' title='bbox 1951 4024 2146 4083; x_wconf 88' lang='lat' dir='ltr'><strong>domus</strong></span> 
     </span>
    </p>
   </div>
   <div class='ocr_carea' id='block_1_44' title="bbox 562 4093 1523 4167">
    <p class='ocr_par' dir='ltr' id='par_1_44' title="bbox 562 4093 1523 4167">
     <span class='ocr_line' id='line_1_44' title="bbox 562 4093 1523 4167; baseline 0.019 -22"><span class='ocrx_word' id='word_1_279' title='bbox 562 4094 738 4147; x_wconf 87' lang='lat' dir='ltr'><strong>sancti</strong></span> <span class='ocrx_word' id='word_1_280' title='bbox 773 4093 986 4162; x_wconf 65' lang='lat' dir='ltr'><strong>Sabbaa,</strong></span> <span class='ocrx_word' id='word_1_281' title='bbox 1019 4114 1142 4167; x_wconf 75' lang='lat' dir='ltr'><strong>qua:</strong></span> <span class='ocrx_word' id='word_1_282' title='bbox 1170 4101 1357 4158; x_wconf 69' lang='lat' dir='ltr'><strong>Romae</strong></span> <span class='ocrx_word' id='word_1_283' title='bbox 1389 4115 1523 4162; x_wconf 89' lang='lat' dir='ltr'><strong>erat.</strong></span> 
     </span>
    </p>
   </div>
   <div class='ocr_carea' id='block_1_45' title="bbox 634 4272 2146 4352">
    <p class='ocr_par' dir='ltr' id='par_1_45' title="bbox 634 4272 2146 4352">
     <span class='ocr_line' id='line_1_45' title="bbox 634 4272 2146 4352; baseline 0.018 -27"><span class='ocrx_word' id='word_1_284' title='bbox 634 4272 724 4327; x_wconf 71' lang='grc'><strong>42.</strong></span> <span class='ocrx_word' id='word_1_285' title='bbox 767 4272 857 4329; x_wconf 82' lang='grc' dir='ltr'><strong>Ιειί</strong></span> <span class='ocrx_word' id='word_1_286' title='bbox 891 4290 1082 4333; x_wconf 89' lang='lat' dir='ltr'><strong>omnes</strong></span> <span class='ocrx_word' id='word_1_287' title='bbox 1114 4295 1424 4339; x_wconf 90' lang='lat' dir='ltr'><strong>convenere</strong></span> <span class='ocrx_word' id='word_1_288' title='bbox 1450 4301 1557 4341; x_wconf 89' lang='lat' dir='ltr'><strong>una</strong></span> <span class='ocrx_word' id='word_1_289' title='bbox 1582 4305 1706 4344; x_wconf 91' lang='lat' dir='ltr'><strong>cum</strong></span> <span class='ocrx_word' id='word_1_290' title='bbox 1739 4291 1926 4348; x_wconf 91' lang='lat' dir='ltr'><strong>divino</strong></span> <span class='ocrx_word' id='word_1_291' title='bbox 1957 4309 2146 4352; x_wconf 75' lang='lat' dir='ltr'><strong>nosuro</strong></span> 
     </span>
    </p>
   </div>
   <div class='ocr_carea' id='block_1_46' title="bbox 564 4361 2144 4454">
    <p class='ocr_par' dir='ltr' id='par_1_46' title="bbox 564 4361 2144 4454">
     <span class='ocr_line' id='line_1_46' title="bbox 564 4361 2144 4454; baseline 0.02 -40"><span class='ocrx_word' id='word_1_292' title='bbox 564 4361 744 4428; x_wconf 86' lang='lat' dir='ltr'><strong>Patre,</strong></span> <span class='ocrx_word' id='word_1_293' title='bbox 770 4368 1138 4425; x_wconf 86' lang='lat' dir='ltr'><strong>sacratissimo</strong></span> <span class='ocrx_word' id='word_1_294' title='bbox 1169 4380 1226 4426; x_wconf 91' lang='lat' dir='ltr'><strong>et</strong></span> <span class='ocrx_word' id='word_1_295' title='bbox 1253 4374 1570 4433; x_wconf 82' lang='lat' dir='ltr'><strong>beatissimo</strong></span> <span class='ocrx_word' id='word_1_296' title='bbox 1591 4382 1723 4448; x_wconf 92' lang='lat' dir='ltr'><strong>viro,</strong></span> <span class='ocrx_word' id='word_1_297' title='bbox 1753 4384 1998 4454; x_wconf 87' lang='lat' dir='ltr'><strong>Tarasio,</strong></span> <span class='ocrx_word' id='word_1_298' title='bbox 2044 4390 2144 4444; x_wconf 90' lang='lat' dir='ltr'><strong>ad-</strong></span> 
     </span>
    </p>
   </div>
   <div class='ocr_carea' id='block_1_47' title="bbox 562 4456 2144 4550">
    <p class='ocr_par' dir='ltr' id='par_1_47' title="bbox 562 4456 2144 4550">
     <span class='ocr_line' id='line_1_47' title="bbox 562 4456 2144 4550; baseline 0.02 -43"><span class='ocrx_word' id='word_1_299' title='bbox 562 4464 740 4522; x_wconf 89' lang='lat' dir='ltr'><strong>erant,</strong></span> <span class='ocrx_word' id='word_1_300' title='bbox 764 4456 1262 4533; x_wconf 86' lang='lat' dir='ltr'><strong>Constantinopolis</strong></span> <span class='ocrx_word' id='word_1_301' title='bbox 1285 4469 1697 4545; x_wconf 85' lang='lat' dir='ltr'><strong>archiepiscopo</strong></span> <span class='ocrx_word' id='word_1_302' title='bbox 1723 4493 2010 4550; x_wconf 88' lang='lat' dir='ltr'><strong>:magnum</strong></span> <span class='ocrx_word' id='word_1_303' title='bbox 2041 4481 2144 4538; x_wconf 90' lang='lat' dir='ltr'><strong>hoc</strong></span> 
     </span>
    </p>
   </div>
   <div class='ocr_carea' id='block_1_48' title="bbox 560 4546 2219 4642">
    <p class='ocr_par' dir='ltr' id='par_1_48' title="bbox 560 4546 2219 4642">
     <span class='ocr_line' id='line_1_48' title="bbox 560 4546 2219 4642; baseline 0.021 -46"><span class='ocrx_word' id='word_1_304' title='bbox 560 4551 617 4597; x_wconf 90' lang='lat' dir='ltr'><strong>et</strong></span> <span class='ocrx_word' id='word_1_305' title='bbox 651 4546 962 4604; x_wconf 84' lang='lat' dir='ltr'><strong>universale</strong></span> <span class='ocrx_word' id='word_1_306' title='bbox 1019 4554 1310 4623; x_wconf 90' lang='lat' dir='ltr'><strong>septimum</strong></span> <span class='ocrx_word' id='word_1_307' title='bbox 1343 4563 1636 4620; x_wconf 86' lang='lat' dir='ltr'><strong>concilium</strong></span> <span class='ocrx_word' id='word_1_308' title='bbox 1685 4546 2140 4642; x_wconf 66' lang='lat' dir='ltr'><strong>congregabatur,</strong></span> <span class='ocrx_word' id='word_1_309' title='bbox 2173 4583 2219 4638; x_wconf 87' lang='lat' dir='ltr'><strong>D</strong></span> 
     </span>
    </p>
   </div>
   <div class='ocr_carea' id='block_1_49' title="bbox 562 4638 2148 4732">
    <p class='ocr_par' dir='ltr' id='par_1_49' title="bbox 562 4638 2148 4732">
     <span class='ocr_line' id='line_1_49' title="bbox 562 4638 2148 4732; baseline 0.021 -41"><span class='ocrx_word' id='word_1_310' title='bbox 562 4647 622 4692; x_wconf 91' lang='lat' dir='ltr'><strong>ut</strong></span> <span class='ocrx_word' id='word_1_311' title='bbox 668 4638 1180 4713; x_wconf 88' lang='lat' dir='ltr'><strong>Iconomachorum,</strong></span> <span class='ocrx_word' id='word_1_312' title='bbox 1226 4652 1308 4705; x_wconf 90' lang='lat' dir='ltr'><strong>vel</strong></span> <span class='ocrx_word' id='word_1_313' title='bbox 1349 4656 1531 4723; x_wconf 88' lang='lat' dir='ltr'><strong>potius</strong></span> <span class='ocrx_word' id='word_1_314' title='bbox 1580 4659 2148 4732; x_wconf 84' lang='lat' dir='ltr'><strong>Christomacborum,</strong></span> 
     </span>
    </p>
   </div>
   <div class='ocr_carea' id='block_1_50' title="bbox 561 4731 2149 4828">
    <p class='ocr_par' dir='ltr' id='par_1_50' title="bbox 561 4731 2149 4828">
     <span class='ocr_line' id='line_1_50' title="bbox 561 4731 2149 4828; baseline 0.022 -46"><span class='ocrx_word' id='word_1_315' title='bbox 561 4731 899 4800; x_wconf 81' lang='lat' dir='ltr'><strong>irnpietatem</strong></span> <span class='ocrx_word' id='word_1_316' title='bbox 934 4741 1290 4807; x_wconf 88' lang='lat' dir='ltr'><strong>convelleret,</strong></span> <span class='ocrx_word' id='word_1_317' title='bbox 1336 4756 1390 4801; x_wconf 91' lang='lat' dir='ltr'><strong>et</strong></span> <span class='ocrx_word' id='word_1_318' title='bbox 1418 4751 1486 4804; x_wconf 87' lang='lat' dir='ltr'><strong>de</strong></span> <span class='ocrx_word' id='word_1_319' title='bbox 1525 4751 1612 4806; x_wconf 92' lang='lat' dir='ltr'><strong>illa</strong></span> <span class='ocrx_word' id='word_1_320' title='bbox 1663 4756 2044 4828; x_wconf 85' lang='lat' dir='ltr'><strong>triumpharet.</strong></span> 
     </span>
    </p>
   </div>
   <div class='ocr_carea' id='block_1_51' title="bbox 565 4823 2145 4914">
    <p class='ocr_par' dir='ltr' id='par_1_51' title="bbox 565 4823 2145 4914">
     <span class='ocr_line' id='line_1_51' title="bbox 565 4823 2145 4914; baseline 0.022 -38"><span class='ocrx_word' id='word_1_321' title='bbox 565 4823 730 4894; x_wconf 88' lang='lat' dir='ltr'><strong>hujus</strong></span> <span class='ocrx_word' id='word_1_322' title='bbox 761 4827 900 4883; x_wconf 86' lang='lat' dir='ltr'><strong>forte</strong></span> <span class='ocrx_word' id='word_1_323' title='bbox 929 4833 1116 4900; x_wconf 88' lang='lat' dir='ltr'><strong>synodi</strong></span> <span class='ocrx_word' id='word_1_324' title='bbox 1144 4838 1401 4904; x_wconf 90' lang='lat' dir='ltr'><strong>practica,</strong></span> <span class='ocrx_word' id='word_1_325' title='bbox 1438 4853 1662 4914; x_wconf 86' lang='lat' dir='ltr'><strong>propter</strong></span> <span class='ocrx_word' id='word_1_326' title='bbox 1683 4823 1968 4906; x_wconf 76' lang='lat' dir='ltr'><strong>barbaram</strong></span> <span class='ocrx_word' id='word_1_327' title='bbox 1997 4853 2145 4910; x_wconf 89' lang='lat' dir='ltr'><strong>illam</strong></span> 
     </span>
    </p>
   </div>
   <div class='ocr_carea' id='block_1_52' title="bbox 564 4923 2146 5013">
    <p class='ocr_par' dir='ltr' id='par_1_52' title="bbox 564 4923 2146 5013">
     <span class='ocr_line' id='line_1_52' title="bbox 564 4923 2146 5013; baseline 0.021 -43"><span class='ocrx_word' id='word_1_328' title='bbox 564 4928 621 4971; x_wconf 90' lang='lat' dir='ltr'><strong>et</strong></span> <span class='ocrx_word' id='word_1_329' title='bbox 650 4923 994 4992; x_wconf 86' lang='lat' dir='ltr'><strong>peregrinam</strong></span> <span class='ocrx_word' id='word_1_330' title='bbox 1021 4938 1235 4997; x_wconf 87' lang='lat' dir='ltr'><strong>gentem</strong></span> <span class='ocrx_word' id='word_1_331' title='bbox 1283 4934 1556 5001; x_wconf 81' lang='lat' dir='ltr'><strong>Arabum,</strong></span> <span class='ocrx_word' id='word_1_332' title='bbox 1607 4957 1727 5010; x_wconf 55' lang='lat' dir='ltr'><strong>qua!</strong></span> <span class='ocrx_word' id='word_1_333' title='bbox 1775 4945 1975 5013; x_wconf 90' lang='lat' dir='ltr'><strong>passim</strong></span> <span class='ocrx_word' id='word_1_334' title='bbox 2029 4949 2146 5004; x_wconf 89' lang='lat' dir='ltr'><strong>loca</strong></span> 
     </span>
    </p>
   </div>
   <div class='ocr_carea' id='block_1_53' title="bbox 560 5010 2144 5111">
    <p class='ocr_par' dir='ltr' id='par_1_53' title="bbox 560 5010 2144 5111">
     <span class='ocr_line' id='line_1_53' title="bbox 560 5010 2144 5111; baseline 0.024 -52"><span class='ocrx_word' id='word_1_335' title='bbox 560 5010 744 5064; x_wconf 90' lang='lat' dir='ltr'><strong>omnia</strong></span> <span class='ocrx_word' id='word_1_336' title='bbox 772 5011 1085 5081; x_wconf 85' lang='lat' dir='ltr'><strong>infestabat,</strong></span> <span class='ocrx_word' id='word_1_337' title='bbox 1119 5021 1184 5075; x_wconf 92' lang='lat' dir='ltr'><strong>ad</strong></span> <span class='ocrx_word' id='word_1_338' title='bbox 1207 5039 1304 5078; x_wconf 93' lang='lat' dir='ltr'><strong>vos</strong></span> <span class='ocrx_word' id='word_1_339' title='bbox 1328 5025 1527 5081; x_wconf 90' lang='lat' dir='ltr'><strong>deferri</strong></span> <span class='ocrx_word' id='word_1_340' title='bbox 1549 5046 1658 5085; x_wconf 89' lang='lat' dir='ltr'><strong>non</strong></span> <span class='ocrx_word' id='word_1_341' title='bbox 1695 5010 1942 5102; x_wconf 78' lang='lat' dir='ltr'><strong>potuere.</strong></span> <span class='ocrx_word' id='word_1_342' title='bbox 1965 5041 2144 5111; x_wconf 87' lang='lat' dir='ltr'><strong>Atque</strong></span> 
     </span>
    </p>
   </div>
   <div class='ocr_carea' id='block_1_54' title="bbox 561 5097 2142 5197">
    <p class='ocr_par' dir='ltr' id='par_1_54' title="bbox 561 5097 2142 5197">
     <span class='ocr_line' id='line_1_54' title="bbox 561 5097 2142 5197; baseline 0.025 -48"><span class='ocrx_word' id='word_1_343' title='bbox 561 5097 667 5152; x_wconf 91' lang='lat' dir='ltr'><strong>hoc</strong></span> <span class='ocrx_word' id='word_1_344' title='bbox 695 5100 745 5152; x_wconf 90' lang='lat' dir='ltr'><strong>in</strong></span> <span class='ocrx_word' id='word_1_345' title='bbox 768 5117 930 5158; x_wconf 87' lang='lat' dir='ltr'><strong>causa</strong></span> <span class='ocrx_word' id='word_1_346' title='bbox 971 5108 1139 5164; x_wconf 80' lang='lat' dir='ltr'><strong>fuisse</strong></span> <span class='ocrx_word' id='word_1_347' title='bbox 1169 5113 1406 5180; x_wconf 88' lang='lat' dir='ltr'><strong>videtur,</strong></span> <span class='ocrx_word' id='word_1_348' title='bbox 1443 5134 1542 5172; x_wconf 81' lang='lat' dir='ltr'><strong>cur</strong></span> <span class='ocrx_word' id='word_1_349' title='bbox 1585 5136 1614 5175; x_wconf 92' lang='lat' dir='ltr'><strong>a</strong></span> <span class='ocrx_word' id='word_1_350' title='bbox 1646 5125 1832 5180; x_wconf 89' lang='lat' dir='ltr'><strong>multis</strong></span> <span class='ocrx_word' id='word_1_351' title='bbox 1862 5130 2006 5197; x_wconf 90' lang='lat' dir='ltr'><strong>apud</strong></span> <span class='ocrx_word' id='word_1_352' title='bbox 2045 5097 2142 5188; x_wconf 71' lang='lat' dir='ltr'><strong>vos</strong></span> 
     </span>
    </p>
   </div>
   <div class='ocr_carea' id='block_1_55' title="bbox 563 5191 2141 5278">
    <p class='ocr_par' dir='ltr' id='par_1_55' title="bbox 563 5191 2141 5278">
     <span class='ocr_line' id='line_1_55' title="bbox 563 5191 2141 5278; baseline 0.022 -35"><span class='ocrx_word' id='word_1_353' title='bbox 563 5191 724 5262; x_wconf 85' lang='lat' dir='ltr'><strong>hujus</strong></span> <span class='ocrx_word' id='word_1_354' title='bbox 755 5198 944 5264; x_wconf 87' lang='lat' dir='ltr'><strong>synodi</strong></span> <span class='ocrx_word' id='word_1_355' title='bbox 977 5204 1421 5272; x_wconf 87' lang='lat' dir='ltr'><strong>constitutiones,</strong></span> <span class='ocrx_word' id='word_1_356' title='bbox 1460 5210 1589 5266; x_wconf 89' lang='lat' dir='ltr'><strong>licet</strong></span> <span class='ocrx_word' id='word_1_357' title='bbox 1616 5229 1741 5269; x_wconf 91' lang='lat' dir='ltr'><strong>cum</strong></span> <span class='ocrx_word' id='word_1_358' title='bbox 1783 5215 1991 5275; x_wconf 89' lang='lat' dir='ltr'><strong>honore</strong></span> <span class='ocrx_word' id='word_1_359' title='bbox 2017 5239 2141 5278; x_wconf 88' lang='lat' dir='ltr'><strong>sus-</strong></span> 
     </span>
    </p>
   </div>
   <div class='ocr_carea' id='block_1_56' title="bbox 559 5284 2141 5386">
    <p class='ocr_par' dir='ltr' id='par_1_56' title="bbox 559 5284 2141 5386">
     <span class='ocr_line' id='line_1_56' title="bbox 559 5284 2141 5386; baseline 0.02 -48"><span class='ocrx_word' id='word_1_360' title='bbox 559 5284 836 5353; x_wconf 87' lang='lat' dir='ltr'><strong>cipiantur</strong></span> <span class='ocrx_word' id='word_1_361' title='bbox 864 5298 920 5344; x_wconf 90' lang='lat' dir='ltr'><strong>et</strong></span> <span class='ocrx_word' id='word_1_362' title='bbox 950 5293 1334 5366; x_wconf 87' lang='lat' dir='ltr'><strong>admittantur,</strong></span> <span class='ocrx_word' id='word_1_363' title='bbox 1359 5309 1540 5358; x_wconf 87' lang='lat' dir='ltr'><strong>tamen</strong></span> <span class='ocrx_word' id='word_1_364' title='bbox 1570 5305 1626 5360; x_wconf 89' lang='lat' dir='ltr'><strong>in</strong></span> <span class='ocrx_word' id='word_1_365' title='bbox 1657 5309 1929 5378; x_wconf 89' lang='lat' dir='ltr'><strong>publicam</strong></span> <span class='ocrx_word' id='word_1_366' title='bbox 1951 5316 2141 5386; x_wconf 83' lang='lat' dir='ltr'><strong>cogni-</strong></span> 
     </span>
    </p>
   </div>
   <div class='ocr_carea' id='block_1_57' title="bbox 560 5375 1219 5442">
    <p class='ocr_par' dir='ltr' id='par_1_57' title="bbox 560 5375 1219 5442">
     <span class='ocr_line' id='line_1_57' title="bbox 560 5375 1219 5442; baseline 0.018 -12"><span class='ocrx_word' id='word_1_367' title='bbox 560 5375 763 5431; x_wconf 88' lang='lat' dir='ltr'><strong>tionem</strong></span> <span class='ocrx_word' id='word_1_368' title='bbox 793 5393 903 5433; x_wconf 92' lang='lat' dir='ltr'><strong>non</strong></span> <span class='ocrx_word' id='word_1_369' title='bbox 932 5397 1219 5442; x_wconf 87' lang='lat' dir='ltr'><strong>venerunt.</strong></span> 
     </span>
    </p>
   </div>
   <div class='ocr_carea' id='block_1_58' title="bbox 625 5469 2138 5569">
    <p class='ocr_par' dir='ltr' id='par_1_58' title="bbox 625 5469 2138 5569">
     <span class='ocr_line' id='line_1_58' title="bbox 625 5469 2138 5569; baseline 0.021 -49"><span class='ocrx_word' id='word_1_370' title='bbox 625 5469 715 5522; x_wconf 75' lang='grc'><strong>45.</strong></span> <span class='ocrx_word' id='word_1_371' title='bbox 757 5469 864 5524; x_wconf 87' lang='lat' dir='ltr'><strong>Par</strong></span> <span class='ocrx_word' id='word_1_372' title='bbox 896 5483 982 5527; x_wconf 91' lang='lat' dir='ltr'><strong>est</strong></span> <span class='ocrx_word' id='word_1_373' title='bbox 1019 5476 1204 5547; x_wconf 78' lang='lat' dir='ltr'><strong>igitur,</strong></span> <span class='ocrx_word' id='word_1_374' title='bbox 1252 5483 1394 5551; x_wconf 91' lang='lat' dir='ltr'><strong>quod</strong></span> <span class='ocrx_word' id='word_1_375' title='bbox 1445 5486 1784 5557; x_wconf 85' lang='lat' dir='ltr'><strong>dicebamus,</strong></span> <span class='ocrx_word' id='word_1_376' title='bbox 1838 5505 1897 5549; x_wconf 89' lang='lat' dir='ltr'><strong>ut</strong></span> <span class='ocrx_word' id='word_1_377' title='bbox 1943 5511 2138 5569; x_wconf 84' lang='lat' dir='ltr'><strong>magna</strong></span> 
     </span>
    </p>
   </div>
   <div class='ocr_carea' id='block_1_59' title="bbox 554 5568 2139 5661">
    <p class='ocr_par' dir='ltr' id='par_1_59' title="bbox 554 5568 2139 5661">
     <span class='ocr_line' id='line_1_59' title="bbox 554 5568 2139 5661; baseline 0.022 -48"><span class='ocrx_word' id='word_1_378' title='bbox 554 5570 746 5616; x_wconf 82' lang='lat' dir='ltr'><strong>sancta</strong></span> <span class='ocrx_word' id='word_1_379' title='bbox 768 5568 1106 5625; x_wconf 77' lang='lat' dir='ltr'><strong>tecumenica</strong></span> <span class='ocrx_word' id='word_1_380' title='bbox 1155 5573 1270 5629; x_wconf 66' lang='lat' dir='ltr'><strong>haec</strong></span> <span class='ocrx_word' id='word_1_381' title='bbox 1293 5582 1533 5648; x_wconf 90' lang='lat' dir='ltr'><strong>synodus</strong></span> <span class='ocrx_word' id='word_1_382' title='bbox 1555 5599 1662 5638; x_wconf 88' lang='lat' dir='ltr'><strong>una</strong></span> <span class='ocrx_word' id='word_1_383' title='bbox 1705 5601 1829 5642; x_wconf 89' lang='lat' dir='ltr'><strong>cum</strong></span> <span class='ocrx_word' id='word_1_384' title='bbox 1861 5605 1953 5644; x_wconf 77' lang='lat' dir='ltr'><strong>sex</strong></span> <span class='ocrx_word' id='word_1_385' title='bbox 1989 5568 2139 5661; x_wconf 78' lang='lat' dir='ltr'><strong>prio-</strong></span> 
     </span>
    </p>
   </div>
   <div class='ocr_carea' id='block_1_60' title="bbox 2239 601 3817 678">
    <p class='ocr_par' dir='ltr' id='par_1_60' title="bbox 2239 601 3817 678">
     <span class='ocr_line' id='line_1_60' title="bbox 2239 601 3817 678; baseline 0.004 -24"><span class='ocrx_word' id='word_1_386' title='bbox 2239 601 2335 654; x_wconf 75' lang='grc' dir='ltr'><strong>καὶ</strong></span> <span class='ocrx_word' id='word_1_387' title='bbox 2361 603 2477 665; x_wconf 84' lang='grc' dir='ltr'><strong>τοῖς</strong></span> <span class='ocrx_word' id='word_1_388' title='bbox 2512 601 2812 666; x_wconf 84' lang='grc' dir='ltr'><strong>συνοδικοῖς</strong></span> <span class='ocrx_word' id='word_1_389' title='bbox 2843 603 3034 656; x_wconf 81' lang='grc' dir='ltr'><strong>κανόσι</strong></span> <span class='ocrx_word' id='word_1_390' title='bbox 3061 603 3353 658; x_wconf 90' lang='grc' dir='ltr'><strong>δοκοῦντα.</strong></span> <span class='ocrx_word' id='word_1_391' title='bbox 3383 604 3552 678; x_wconf 75' lang='grc' dir='ltr'>ψήφῳ</span> <span class='ocrx_word' id='word_1_392' title='bbox 3593 606 3817 676; x_wconf 77' lang='grc' dir='ltr'><strong>βεϐαιω-</strong></span> 
     </span>
    </p>
   </div>
   <div class='ocr_carea' id='block_1_61' title="bbox 2241 690 3817 771">
    <p class='ocr_par' dir='ltr' id='par_1_61' title="bbox 2241 690 3817 771">
     <span class='ocr_line' id='line_1_61' title="bbox 2241 690 3817 771; baseline 0.008 -28"><span class='ocrx_word' id='word_1_393' title='bbox 2241 690 2358 762; x_wconf 87' lang='grc' dir='ltr'><strong>θείη</strong></span> <span class='ocrx_word' id='word_1_394' title='bbox 2409 694 2567 761; x_wconf 72' lang='grc' dir='ltr'><strong>οκοινῇ</strong></span> <span class='ocrx_word' id='word_1_395' title='bbox 2615 734 2629 758; x_wconf 94' lang='grc'><strong>,</strong></span> <span class='ocrx_word' id='word_1_396' title='bbox 2661 694 2755 746; x_wconf 78' lang='grc' dir='ltr'><strong>καὶ</strong></span> <span class='ocrx_word' id='word_1_397' title='bbox 2803 695 2998 765; x_wconf 73' lang='grc' dir='ltr'><strong>εἰρήνη</strong></span> <span class='ocrx_word' id='word_1_398' title='bbox 3051 695 3244 764; x_wconf 82' lang='grc' dir='ltr'><strong>βαθεῖα</strong></span> <span class='ocrx_word' id='word_1_399' title='bbox 3287 696 3387 760; x_wconf 60' lang='lat' dir='ltr'><strong>ca;</strong></span> <span class='ocrx_word' id='word_1_400' title='bbox 3429 697 3524 752; x_wconf 85' lang='grc' dir='ltr'><strong>τοῦ</strong></span> <span class='ocrx_word' id='word_1_401' title='bbox 3578 699 3817 771; x_wconf 78' lang='grc' dir='ltr'><strong>Χριστοῦ</strong></span> 
     </span>
    </p>
   </div>
   <div class='ocr_carea' id='block_1_62' title="bbox 2254 781 3005 856">
    <p class='ocr_par' dir='ltr' id='par_1_62' title="bbox 2254 781 3005 856">
     <span class='ocr_line' id='line_1_62' title="bbox 2254 781 3005 856; baseline 0.009 -20"><span class='ocrx_word' id='word_1_402' title='bbox 2254 781 2583 856; x_wconf 85' lang='grc' dir='ltr'><strong>Ἐκκλησίας</strong></span> <span class='ocrx_word' id='word_1_403' title='bbox 2613 786 3005 856; x_wconf 76' lang='grc' dir='ltr'><strong>καταλήψοιτο.</strong></span> 
     </span>
    </p>
   </div>
   <div class='ocr_carea' id='block_1_63' title="bbox 2311 897 3817 978">
    <p class='ocr_par' dir='ltr' id='par_1_63' title="bbox 2311 897 3817 978">
     <span class='ocr_line' id='line_1_63' title="bbox 2311 897 3817 978; baseline 0.007 -27"><span class='ocrx_word' id='word_1_404' title='bbox 2311 897 2414 968; x_wconf 82' lang='grc' dir='ltr'><strong>λη’.</strong></span> <span class='ocrx_word' id='word_1_405' title='bbox 2450 900 2558 953; x_wconf 67' lang='grc' dir='ltr'><strong>Καὶ</strong></span> <span class='ocrx_word' id='word_1_406' title='bbox 2586 901 2695 969; x_wconf 82' lang='grc' dir='ltr'><strong>γάρ</strong></span> <span class='ocrx_word' id='word_1_407' title='bbox 2721 901 2816 954; x_wconf 73' lang='grc' dir='ltr'><strong>καὶ</strong></span> <span class='ocrx_word' id='word_1_408' title='bbox 2841 902 2903 954; x_wconf 85' lang='grc' dir='ltr'><strong>οὑ</strong></span> <span class='ocrx_word' id='word_1_409' title='bbox 2937 901 3096 972; x_wconf 90' lang='grc' dir='ltr'><strong>μόνον</strong></span> <span class='ocrx_word' id='word_1_410' title='bbox 3123 903 3222 974; x_wconf 82' lang='grc' dir='ltr'><strong>τὴν</strong></span> <span class='ocrx_word' id='word_1_411' title='bbox 3249 905 3526 976; x_wconf 81' lang='grc' dir='ltr'><strong>ὑμετέραν</strong></span> <span class='ocrx_word' id='word_1_412' title='bbox 3555 907 3817 978; x_wconf 81' lang='grc' dir='ltr'><strong>μακαριό-</strong></span> 
     </span>
    </p>
   </div>
   <div class='ocr_carea' id='block_1_64' title="bbox 2239 993 3814 1070">
    <p class='ocr_par' dir='ltr' id='par_1_64' title="bbox 2239 993 3814 1070">
     <span class='ocr_line' id='line_1_64' title="bbox 2239 993 3814 1070; baseline 0.006 -27"><span class='ocrx_word' id='word_1_413' title='bbox 2239 1009 2377 1060; x_wconf 85' lang='grc' dir='ltr'><strong>τητα</strong></span> <span class='ocrx_word' id='word_1_414' title='bbox 2405 993 2497 1045; x_wconf 74' lang='grc' dir='ltr'><strong>ἐπὶ</strong></span> <span class='ocrx_word' id='word_1_415' title='bbox 2521 993 2679 1047; x_wconf 88' lang='grc' dir='ltr'><strong>τοῦτο</strong></span> <span class='ocrx_word' id='word_1_416' title='bbox 2713 994 3156 1066; x_wconf 72' lang='grc' dir='ltr'><strong>προκαλούμεθα*</strong></span> <span class='ocrx_word' id='word_1_417' title='bbox 3199 997 3338 1052; x_wconf 83' lang='grc' dir='ltr'><strong>ἀλλὰ</strong></span> <span class='ocrx_word' id='word_1_418' title='bbox 3367 1016 3430 1066; x_wconf 89' lang='grc' dir='ltr'><strong>γε</strong></span> <span class='ocrx_word' id='word_1_419' title='bbox 3458 999 3557 1070; x_wconf 82' lang='grc' dir='ltr'><strong>δὴ,</strong></span> <span class='ocrx_word' id='word_1_420' title='bbox 3590 1002 3686 1052; x_wconf 74' lang='grc' dir='ltr'><strong>καὶ</strong></span> <span class='ocrx_word' id='word_1_421' title='bbox 3714 1000 3814 1053; x_wconf 84' lang='grc' dir='ltr'><strong>τῶν</strong></span> 
     </span>
    </p>
   </div>
   <div class='ocr_carea' id='block_1_65' title="bbox 2241 1083 3812 1162">
    <p class='ocr_par' dir='ltr' id='par_1_65' title="bbox 2241 1083 3812 1162">
     <span class='ocr_line' id='line_1_65' title="bbox 2241 1083 3812 1162; baseline 0.005 -23"><span class='ocrx_word' id='word_1_422' title='bbox 2241 1083 2414 1139; x_wconf 79' lang='grc' dir='ltr'><strong>ἄλλων</strong></span> <span class='ocrx_word' id='word_1_423' title='bbox 2463 1086 2868 1156; x_wconf 75' lang='grc' dir='ltr'><strong>ἀρχιερατικῶν</strong></span> <span class='ocrx_word' id='word_1_424' title='bbox 2920 1089 3016 1141; x_wconf 79' lang='grc' dir='ltr'><strong>καὶ</strong></span> <span class='ocrx_word' id='word_1_425' title='bbox 3067 1091 3444 1145; x_wconf 62' lang='grc' dir='ltr'><strong>ἀΜστολικῶν</strong></span> <span class='ocrx_word' id='word_1_426' title='bbox 3496 1091 3726 1162; x_wconf 87' lang='grc' dir='ltr'><strong>θρόνων,</strong></span> <span class='ocrx_word' id='word_1_427' title='bbox 3770 1095 3812 1146; x_wconf 84' lang='grc' dir='ltr'><strong>οῖ</strong></span> 
     </span>
    </p>
   </div>
   <div class='ocr_carea' id='block_1_66' title="bbox 2245 1178 3814 1256">
    <p class='ocr_par' dir='ltr' id='par_1_66' title="bbox 2245 1178 3814 1256">
     <span class='ocr_line' id='line_1_66' title="bbox 2245 1178 3814 1256; baseline 0.005 -26"><span class='ocrx_word' id='word_1_428' title='bbox 2245 1179 2342 1247; x_wconf 80' lang='grc' dir='ltr'><strong>μὲν</strong></span> <span class='ocrx_word' id='word_1_429' title='bbox 2373 1178 2471 1249; x_wconf 74' lang='grc' dir='ltr'><strong>ἢδη</strong></span> <span class='ocrx_word' id='word_1_430' title='bbox 2507 1180 2602 1232; x_wconf 58' lang='grc' dir='ltr'><strong>καὶ⁷</strong></span> <span class='ocrx_word' id='word_1_431' title='bbox 2649 1181 2924 1250; x_wconf 82' lang='grc' dir='ltr'><strong>πάρεισιν,</strong></span> <span class='ocrx_word' id='word_1_432' title='bbox 2967 1182 3016 1234; x_wconf 87' lang='grc' dir='ltr'><strong>οί</strong></span> <span class='ocrx_word' id='word_1_433' title='bbox 3062 1182 3120 1235; x_wconf 85' lang='grc' dir='ltr'><strong>δὲ</strong></span> <span class='ocrx_word' id='word_1_434' title='bbox 3153 1183 3213 1236; x_wconf 84' lang='grc' dir='ltr'><strong>ού</strong></span> <span class='ocrx_word' id='word_1_435' title='bbox 3248 1184 3384 1254; x_wconf 80' lang='grc' dir='ltr'><strong>μετά</strong></span> <span class='ocrx_word' id='word_1_436' title='bbox 3429 1186 3600 1238; x_wconf 75' lang='grc' dir='ltr'><strong>πολὺν</strong></span> <span class='ocrx_word' id='word_1_437' title='bbox 3635 1185 3814 1256; x_wconf 64' lang='lat' dir='ltr'><strong>xpdvov</strong></span> 
     </span>
    </p>
   </div>
   <div class='ocr_carea' id='block_1_67' title="bbox 2243 1272 3041 1346">
    <p class='ocr_par' dir='ltr' id='par_1_67' title="bbox 2243 1272 3041 1346">
     <span class='ocr_line' id='line_1_67' title="bbox 2243 1272 3041 1346; baseline 0.006 -22"><span class='ocrx_word' id='word_1_438' title='bbox 2243 1272 2498 1342; x_wconf 78' lang='grc' dir='ltr'><strong>παρεῖναί</strong></span> <span class='ocrx_word' id='word_1_439' title='bbox 2525 1274 2629 1326; x_wconf 86' lang='grc' dir='ltr'><strong>είσι</strong></span> <span class='ocrx_word' id='word_1_440' title='bbox 2663 1275 3041 1346; x_wconf 70' lang='grc' dir='ltr'><strong>προσδόκιμοι.</strong></span> 
     </span>
    </p>
   </div>
   <div class='ocr_carea' id='block_1_68' title="bbox 2313 1362 3818 1443">
    <p class='ocr_par' dir='ltr' id='par_1_68' title="bbox 2313 1362 3818 1443">
     <span class='ocr_line' id='line_1_68' title="bbox 2313 1362 3818 1443; baseline 0.007 -27"><span class='ocrx_word' id='word_1_441' title='bbox 2313 1364 2412 1418; x_wconf 85' lang='grc' dir='ltr'><strong>λθ’.</strong></span> <span class='ocrx_word' id='word_1_442' title='bbox 2456 1367 2546 1438; x_wconf 79' lang='grc' dir='ltr'><strong>Μὴ</strong></span> <span class='ocrx_word' id='word_1_443' title='bbox 2577 1362 2668 1419; x_wconf 73' lang='grc' dir='ltr'><strong>οὖν</strong></span> <span class='ocrx_word' id='word_1_444' title='bbox 2701 1370 2732 1439; x_wconf 75' lang='grc' dir='ltr'><strong>ἡ</strong></span> <span class='ocrx_word' id='word_1_445' title='bbox 2771 1369 3013 1439; x_wconf 84' lang='grc' dir='ltr'><strong>ὑμετέρα</strong></span> <span class='ocrx_word' id='word_1_446' title='bbox 3047 1371 3106 1423; x_wconf 77' lang='grc' dir='ltr'><strong>ἐν</strong></span> <span class='ocrx_word' id='word_1_447' title='bbox 3131 1371 3322 1442; x_wconf 80' lang='grc' dir='ltr'><strong>Κυρίῳ</strong></span> <span class='ocrx_word' id='word_1_448' title='bbox 3342 1371 3665 1443; x_wconf 75' lang='grc' dir='ltr'><strong>ἀδελφότης,</strong></span> <span class='ocrx_word' id='word_1_449' title='bbox 3698 1375 3818 1427; x_wconf 83' lang='grc' dir='ltr'><strong>ἀνα-</strong></span> 
     </span>
    </p>
   </div>
   <div class='ocr_carea' id='block_1_69' title="bbox 2242 1457 3815 1534">
    <p class='ocr_par' dir='ltr' id='par_1_69' title="bbox 2242 1457 3815 1534">
     <span class='ocr_line' id='line_1_69' title="bbox 2242 1457 3815 1534; baseline 0.007 -25"><span class='ocrx_word' id='word_1_450' title='bbox 2242 1457 2372 1528; x_wconf 81' lang='grc' dir='ltr'><strong>ϐολῇ</strong></span> <span class='ocrx_word' id='word_1_451' title='bbox 2406 1477 2511 1511; x_wconf 86' lang='grc' dir='ltr'><strong>τινι</strong></span> <span class='ocrx_word' id='word_1_452' title='bbox 2542 1461 2638 1512; x_wconf 77' lang='grc' dir='ltr'><strong>καὶ</strong></span> <span class='ocrx_word' id='word_1_453' title='bbox 2678 1464 2986 1531; x_wconf 86' lang='grc' dir='ltr'><strong>παρατὰοει</strong></span> <span class='ocrx_word' id='word_1_454' title='bbox 3015 1463 3209 1533; x_wconf 84' lang='grc' dir='ltr'><strong>χρόνου</strong></span> <span class='ocrx_word' id='word_1_455' title='bbox 3231 1505 3246 1528; x_wconf 92' lang='grc'><strong>,</strong></span> <span class='ocrx_word' id='word_1_456' title='bbox 3279 1467 3406 1528; x_wconf 75' lang='grc' dir='ltr'><strong>τοὺς</strong></span> <span class='ocrx_word' id='word_1_457' title='bbox 3435 1466 3700 1534; x_wconf 72' lang='grc' dir='ltr'><strong>ἀδελφοὺς</strong></span> <span class='ocrx_word' id='word_1_458' title='bbox 3728 1468 3815 1520; x_wconf 69' lang='lat' dir='ltr'><strong>aii-</strong></span> 
     </span>
    </p>
   </div>
   <div class='ocr_carea' id='block_1_70' title="bbox 2240 1553 3815 1628">
    <p class='ocr_par' dir='ltr' id='par_1_70' title="bbox 2240 1553 3815 1628">
     <span class='ocr_line' id='line_1_70' title="bbox 2240 1553 3815 1628; baseline 0.006 -24"><span class='ocrx_word' id='word_1_459' title='bbox 2240 1553 2341 1622; x_wconf 80' lang='grc' dir='ltr'><strong>τῆς</strong></span> <span class='ocrx_word' id='word_1_460' title='bbox 2363 1553 2659 1624; x_wconf 88' lang='grc' dir='ltr'><strong>διατρίϐειν</strong></span> <span class='ocrx_word' id='word_1_461' title='bbox 2679 1556 2834 1627; x_wconf 80' lang='grc' dir='ltr'><strong>ὑπὲρ</strong></span> <span class='ocrx_word' id='word_1_462' title='bbox 2857 1555 2918 1608; x_wconf 71' lang='grc' dir='ltr'><strong>τὸ</strong></span> <span class='ocrx_word' id='word_1_463' title='bbox 2944 1557 3083 1619; x_wconf 84' lang='grc' dir='ltr'><strong>δέον,</strong></span> <span class='ocrx_word' id='word_1_464' title='bbox 3111 1558 3347 1628; x_wconf 78' lang='grc' dir='ltr'><strong>ποιήσει’</strong></span> <span class='ocrx_word' id='word_1_465' title='bbox 3381 1559 3728 1627; x_wconf 82' lang='grc' dir='ltr'><strong>γινώσκουσα</strong></span> <span class='ocrx_word' id='word_1_466' title='bbox 3748 1561 3815 1624; x_wconf 81' lang='grc' dir='ltr'><strong>ὡς</strong></span> 
     </span>
    </p>
   </div>
   <div class='ocr_carea' id='block_1_71' title="bbox 2243 1646 3814 1721">
    <p class='ocr_par' dir='ltr' id='par_1_71' title="bbox 2243 1646 3814 1721">
     <span class='ocr_line' id='line_1_71' title="bbox 2243 1646 3814 1721; baseline 0.004 -25"><span class='ocrx_word' id='word_1_467' title='bbox 2243 1646 2292 1697; x_wconf 83' lang='grc' dir='ltr'><strong>εἰ</strong></span> <span class='ocrx_word' id='word_1_468' title='bbox 2323 1648 2376 1698; x_wconf 77' lang='grc' dir='ltr'><strong>τι</strong></span> <span class='ocrx_word' id='word_1_469' title='bbox 2424 1648 2574 1718; x_wconf 81' lang='grc' dir='ltr'><strong>παρά</strong></span> <span class='ocrx_word' id='word_1_470' title='bbox 2603 1649 2701 1718; x_wconf 79' lang='grc' dir='ltr'><strong>τὴν</strong></span> <span class='ocrx_word' id='word_1_471' title='bbox 2732 1648 2904 1718; x_wconf 77' lang='grc' dir='ltr'><strong>αὐτῆς</strong></span> <span class='ocrx_word' id='word_1_472' title='bbox 2947 1648 3265 1721; x_wconf 79' lang='grc' dir='ltr'><strong>ὑστέρησιν,</strong></span> <span class='ocrx_word' id='word_1_473' title='bbox 3297 1650 3357 1703; x_wconf 90' lang='grc' dir='ltr'><strong>οὑ</strong></span> <span class='ocrx_word' id='word_1_474' title='bbox 3408 1651 3552 1704; x_wconf 84' lang='grc' dir='ltr'><strong>κατά</strong></span> <span class='ocrx_word' id='word_1_475' title='bbox 3595 1653 3657 1704; x_wconf 81' lang='grc' dir='ltr'><strong>τὸ</strong></span> <span class='ocrx_word' id='word_1_476' title='bbox 3684 1651 3814 1716; x_wconf 82' lang='grc' dir='ltr'><strong>δέον,</strong></span> 
     </span>
    </p>
   </div>
   <div class='ocr_carea' id='block_1_72' title="bbox 2243 1737 3814 1814">
    <p class='ocr_par' dir='ltr' id='par_1_72' title="bbox 2243 1737 3814 1814">
     <span class='ocr_line' id='line_1_72' title="bbox 2243 1737 3814 1814; baseline 0.006 -24"><span class='ocrx_word' id='word_1_477' title='bbox 2243 1737 2460 1802; x_wconf 71' lang='grc' dir='ltr'><strong>ἐλλιπές</strong></span> <span class='ocrx_word' id='word_1_478' title='bbox 2495 1757 2547 1792; x_wconf 89' lang='grc' dir='ltr'><strong>τι</strong></span> <span class='ocrx_word' id='word_1_479' title='bbox 2587 1740 2988 1812; x_wconf 79' lang='grc' dir='ltr'><strong>διαπραχθείη,</strong></span> <span class='ocrx_word' id='word_1_480' title='bbox 3044 1744 3143 1813; x_wconf 90' lang='grc' dir='ltr'><strong>οὑχ</strong></span> <span class='ocrx_word' id='word_1_481' title='bbox 3185 1743 3374 1814; x_wconf 78' lang='grc' dir='ltr'><strong>ἕτερός</strong></span> <span class='ocrx_word' id='word_1_482' title='bbox 3423 1762 3534 1811; x_wconf 88' lang='grc' dir='ltr'><strong>τις,</strong></span> <span class='ocrx_word' id='word_1_483' title='bbox 3581 1745 3698 1799; x_wconf 84' lang='grc' dir='ltr'><strong>ἀλλ’</strong></span> <span class='ocrx_word' id='word_1_484' title='bbox 3746 1747 3814 1811; x_wconf 76' lang='grc' dir='ltr'><strong>εἰς</strong></span> 
     </span>
    </p>
   </div>
   <div class='ocr_carea' id='block_1_73' title="bbox 2170 1831 3472 1932">
    <p class='ocr_par' dir='ltr' id='par_1_73' title="bbox 2170 1831 3472 1932">
     <span class='ocr_line' id='line_1_73' title="bbox 2170 1831 3472 1932; baseline 0.005 -49"><span class='ocrx_word' id='word_1_485' title='bbox 2170 1873 2217 1932; x_wconf 82' lang='grc' dir='ltr'><strong>Β</strong></span> <span class='ocrx_word' id='word_1_486' title='bbox 2246 1831 2445 1903; x_wconf 74' lang='grc' dir='ltr'><strong>ἑαυτὴν</strong></span> <span class='ocrx_word' id='word_1_487' title='bbox 2473 1833 2611 1904; x_wconf 78' lang='grc' dir='ltr'><strong>αὑτὴ</strong></span> <span class='ocrx_word' id='word_1_488' title='bbox 2641 1833 2702 1886; x_wconf 79' lang='grc' dir='ltr'><strong>τὸ</strong></span> <span class='ocrx_word' id='word_1_489' title='bbox 2731 1836 3055 1906; x_wconf 80' lang='grc' dir='ltr'><strong>κατάκριμα</strong></span> <span class='ocrx_word' id='word_1_490' title='bbox 3083 1838 3472 1891; x_wconf 81' lang='grc' dir='ltr'><strong>ἐπισπάσαιτο.</strong></span> 
     </span>
    </p>
   </div>
   <div class='ocr_carea' id='block_1_74' title="bbox 2319 2012 3816 2089">
    <p class='ocr_par' dir='ltr' id='par_1_74' title="bbox 2319 2012 3816 2089">
     <span class='ocr_line' id='line_1_74' title="bbox 2319 2012 3816 2089; baseline 0.002 -23"><span class='ocrx_word' id='word_1_491' title='bbox 2319 2017 2391 2081; x_wconf 85' lang='grc' dir='ltr'><strong>μ’.</strong></span> <span class='ocrx_word' id='word_1_492' title='bbox 2436 2012 2544 2066; x_wconf 74' lang='grc' dir='ltr'><strong>Καὶ</strong></span> <span class='ocrx_word' id='word_1_493' title='bbox 2581 2012 2738 2066; x_wconf 89' lang='grc' dir='ltr'><strong>τοῦτο</strong></span> <span class='ocrx_word' id='word_1_494' title='bbox 2768 2013 2824 2066; x_wconf 86' lang='grc' dir='ltr'><strong>δὲ</strong></span> <span class='ocrx_word' id='word_1_495' title='bbox 2869 2015 3239 2085; x_wconf 80' lang='grc' dir='ltr'><strong>προστεθῆναι</strong></span> <span class='ocrx_word' id='word_1_496' title='bbox 3273 2015 3451 2087; x_wconf 83' lang='grc' dir='ltr'><strong>χρεὼν</strong></span> <span class='ocrx_word' id='word_1_497' title='bbox 3497 2019 3616 2081; x_wconf 84' lang='grc' dir='ltr'><strong>τοῖς</strong></span> <span class='ocrx_word' id='word_1_498' title='bbox 3651 2017 3816 2089; x_wconf 63' lang='grc' dir='ltr'><strong>γράμ-</strong></span> 
     </span>
    </p>
   </div>
   <div class='ocr_carea' id='block_1_75' title="bbox 2247 2105 3816 2182">
    <p class='ocr_par' dir='ltr' id='par_1_75' title="bbox 2247 2105 3816 2182">
     <span class='ocr_line' id='line_1_75' title="bbox 2247 2105 3816 2182; baseline 0.005 -28"><span class='ocrx_word' id='word_1_499' title='bbox 2247 2120 2416 2173; x_wconf 83' lang='grc' dir='ltr'><strong>μασιν</strong></span> <span class='ocrx_word' id='word_1_500' title='bbox 2462 2105 2786 2175; x_wconf 76' lang='grc' dir='ltr'><strong>ἡγησάμεθα</strong></span> <span class='ocrx_word' id='word_1_501' title='bbox 2809 2147 2825 2174; x_wconf 93' lang='grc'><strong>,</strong></span> <span class='ocrx_word' id='word_1_502' title='bbox 2863 2107 2948 2160; x_wconf 83' lang='grc' dir='ltr'><strong>ἴνα</strong></span> <span class='ocrx_word' id='word_1_503' title='bbox 2980 2107 3080 2178; x_wconf 80' lang='grc' dir='ltr'><strong>τὴν</strong></span> <span class='ocrx_word' id='word_1_504' title='bbox 3115 2109 3278 2177; x_wconf 83' lang='grc' dir='ltr'><strong>ἁγίαν</strong></span> <span class='ocrx_word' id='word_1_505' title='bbox 3311 2111 3406 2163; x_wconf 75' lang='grc' dir='ltr'><strong>καὶ</strong></span> <span class='ocrx_word' id='word_1_506' title='bbox 3444 2111 3816 2182; x_wconf 76' lang='grc' dir='ltr'><strong>οίκουμενικὴν</strong></span> 
     </span>
    </p>
   </div>
   <div class='ocr_carea' id='block_1_76' title="bbox 2245 2195 3817 2274">
    <p class='ocr_par' dir='ltr' id='par_1_76' title="bbox 2245 2195 3817 2274">
     <span class='ocr_line' id='line_1_76' title="bbox 2245 2195 3817 2274; baseline 0.015 -27"><span class='ocrx_word' id='word_1_507' title='bbox 2245 2195 2482 2266; x_wconf 81' lang='grc' dir='ltr'><strong>ἑϐδόμην</strong></span> <span class='ocrx_word' id='word_1_508' title='bbox 2528 2198 2760 2264; x_wconf 78' lang='grc' dir='ltr'><strong>σύνοδον,</strong></span> <span class='ocrx_word' id='word_1_509' title='bbox 2808 2203 2927 2264; x_wconf 83' lang='grc' dir='ltr'><strong>ταῖς</strong></span> <span class='ocrx_word' id='word_1_510' title='bbox 2975 2201 3160 2270; x_wconf 81' lang='grc' dir='ltr'><strong>ἁγίαις</strong></span> <span class='ocrx_word' id='word_1_511' title='bbox 3208 2205 3304 2257; x_wconf 79' lang='grc' dir='ltr'><strong>καὶ</strong></span> <span class='ocrx_word' id='word_1_512' title='bbox 3331 2204 3739 2274; x_wconf 74' lang='grc' dir='ltr'><strong>οἰκούμενικαῖς</strong></span> <span class='ocrx_word' id='word_1_513' title='bbox 3766 2205 3817 2270; x_wconf 69' lang='grc' dir='ltr'><strong>ἐξ</strong></span> 
     </span>
    </p>
   </div>
   <div class='ocr_carea' id='block_1_77' title="bbox 2247 2289 3815 2369">
    <p class='ocr_par' dir='ltr' id='par_1_77' title="bbox 2247 2289 3815 2369">
     <span class='ocr_line' id='line_1_77' title="bbox 2247 2289 3815 2369; baseline 0.006 -28"><span class='ocrx_word' id='word_1_514' title='bbox 2247 2289 2485 2353; x_wconf 85' lang='grc' dir='ltr'><strong>συνόδοις</strong></span> <span class='ocrx_word' id='word_1_515' title='bbox 2517 2292 2834 2345; x_wconf 82' lang='grc' dir='ltr'><strong>συντάττειν</strong></span> <span class='ocrx_word' id='word_1_516' title='bbox 2879 2294 2975 2347; x_wconf 71' lang='grc' dir='ltr'><strong>καὶ</strong></span> <span class='ocrx_word' id='word_1_517' title='bbox 3018 2296 3390 2366; x_wconf 79' lang='grc' dir='ltr'><strong>συναριθμεῖν,</strong></span> <span class='ocrx_word' id='word_1_518' title='bbox 3425 2297 3593 2350; x_wconf 79' lang='grc' dir='ltr'><strong>παντὶ</strong></span> <span class='ocrx_word' id='word_1_519' title='bbox 3628 2297 3704 2369; x_wconf 77' lang='grc' dir='ltr'><strong>τῷ</strong></span> <span class='ocrx_word' id='word_1_520' title='bbox 3738 2298 3815 2368; x_wconf 74' lang='grc' dir='ltr'><strong>ὑφ’</strong></span> 
     </span>
    </p>
   </div>
   <div class='ocr_carea' id='block_1_78' title="bbox 2246 2381 3815 2461">
    <p class='ocr_par' dir='ltr' id='par_1_78' title="bbox 2246 2381 3815 2461">
     <span class='ocr_line' id='line_1_78' title="bbox 2246 2381 3815 2461; baseline 0.004 -27"><span class='ocrx_word' id='word_1_521' title='bbox 2246 2381 2400 2450; x_wconf 83' lang='grc' dir='ltr'><strong>ὑμῶν</strong></span> <span class='ocrx_word' id='word_1_522' title='bbox 2421 2383 2522 2452; x_wconf 81' lang='grc' dir='ltr'><strong>τῆς</strong></span> <span class='ocrx_word' id='word_1_523' title='bbox 2555 2384 2882 2456; x_wconf 82' lang='grc' dir='ltr'><strong>Ἐκκλησίας</strong></span> <span class='ocrx_word' id='word_1_524' title='bbox 2917 2386 3251 2458; x_wconf 86' lang='grc' dir='ltr'><strong>παραδοθείη</strong></span> <span class='ocrx_word' id='word_1_525' title='bbox 3284 2389 3641 2458; x_wconf 75' lang='grc' dir='ltr'><strong>πληρώματι·</strong></span> <span class='ocrx_word' id='word_1_526' title='bbox 3674 2391 3815 2461; x_wconf 77' lang='grc' dir='ltr'><strong>φήμη</strong></span> 
     </span>
    </p>
   </div>
   <div class='ocr_carea' id='block_1_79' title="bbox 2245 2469 3818 2546">
    <p class='ocr_par' dir='ltr' id='par_1_79' title="bbox 2245 2469 3818 2546">
     <span class='ocr_line' id='line_1_79' title="bbox 2245 2469 3818 2546; baseline 0.004 -21"><span class='ocrx_word' id='word_1_527' title='bbox 2245 2474 2355 2544; x_wconf 82' lang='grc' dir='ltr'><strong>γὰρ</strong></span> <span class='ocrx_word' id='word_1_528' title='bbox 2389 2469 2521 2546; x_wconf 81' lang='grc' dir='ltr'><strong>ἧκεν</strong></span> <span class='ocrx_word' id='word_1_529' title='bbox 2552 2477 2629 2537; x_wconf 79' lang='grc' dir='ltr'><strong>είς</strong></span> <span class='ocrx_word' id='word_1_530' title='bbox 2661 2477 2838 2546; x_wconf 77' lang='grc' dir='ltr'><strong>ἡμᾶς,</strong></span> <span class='ocrx_word' id='word_1_531' title='bbox 2891 2475 2966 2540; x_wconf 84' lang='grc' dir='ltr'><strong>ὥς</strong></span> <span class='ocrx_word' id='word_1_532' title='bbox 3006 2494 3149 2541; x_wconf 85' lang='grc' dir='ltr'><strong>τινες</strong></span> <span class='ocrx_word' id='word_1_533' title='bbox 3191 2478 3300 2531; x_wconf 82' lang='grc' dir='ltr'><strong>τῶν</strong></span> <span class='ocrx_word' id='word_1_534' title='bbox 3336 2478 3441 2532; x_wconf 82' lang='grc' dir='ltr'><strong>ὑπὸ</strong></span> <span class='ocrx_word' id='word_1_535' title='bbox 3481 2479 3572 2532; x_wconf 79' lang='grc' dir='ltr'><strong>τὸν</strong></span> <span class='ocrx_word' id='word_1_536' title='bbox 3608 2481 3818 2532; x_wconf 67' lang='lat' dir='ltr'><strong>amoto:</strong></span> 
     </span>
    </p>
   </div>
   <div class='ocr_carea' id='block_1_80' title="bbox 2245 2565 3814 2645">
    <p class='ocr_par' dir='ltr' id='par_1_80' title="bbox 2245 2565 3814 2645">
     <span class='ocr_line' id='line_1_80' title="bbox 2245 2565 3814 2645; baseline 0.013 -28"><span class='ocrx_word' id='word_1_537' title='bbox 2245 2565 2396 2619; x_wconf 81' lang='grc' dir='ltr'><strong>λικδν</strong></span> <span class='ocrx_word' id='word_1_538' title='bbox 2442 2567 2596 2637; x_wconf 77' lang='grc' dir='ltr'><strong>ὑμῶν</strong></span> <span class='ocrx_word' id='word_1_539' title='bbox 2642 2566 2831 2639; x_wconf 81' lang='grc' dir='ltr'><strong>θρόνον</strong></span> <span class='ocrx_word' id='word_1_540' title='bbox 2893 2569 3246 2640; x_wconf 83' lang='grc' dir='ltr'><strong>Ἐκκλησίαι,</strong></span> <span class='ocrx_word' id='word_1_541' title='bbox 3283 2573 3444 2645; x_wconf 84' lang='grc' dir='ltr'><strong>μέχρι</strong></span> <span class='ocrx_word' id='word_1_542' title='bbox 3489 2573 3594 2644; x_wconf 80' lang='grc' dir='ltr'><strong>τῆς</strong></span> <span class='ocrx_word' id='word_1_543' title='bbox 3630 2575 3784 2645; x_wconf 75' lang='grc' dir='ltr'><strong>ἕκτης</strong></span> <span class='ocrx_word' id='word_1_544' title='bbox 3798 2616 3814 2639; x_wconf 74' lang='grc' dir='ltr'><strong>ι</strong></span> 
     </span>
    </p>
   </div>
   <div class='ocr_carea' id='block_1_81' title="bbox 2247 2658 3810 2739">
    <p class='ocr_par' dir='ltr' id='par_1_81' title="bbox 2247 2658 3810 2739">
     <span class='ocr_line' id='line_1_81' title="bbox 2247 2658 3810 2739; baseline 0.005 -28"><span class='ocrx_word' id='word_1_545' title='bbox 2247 2658 2344 2720; x_wconf 71' lang='grc' dir='ltr'><strong>τὰς</strong></span> <span class='ocrx_word' id='word_1_546' title='bbox 2371 2659 2759 2730; x_wconf 82' lang='grc' dir='ltr'><strong>οίκουμενικάς</strong></span> <span class='ocrx_word' id='word_1_547' title='bbox 2795 2661 3103 2732; x_wconf 82' lang='grc' dir='ltr'><strong>ἀριθμῆσαι</strong></span> <span class='ocrx_word' id='word_1_548' title='bbox 3145 2664 3418 2728; x_wconf 87' lang='grc' dir='ltr'><strong>συνόδους,</strong></span> <span class='ocrx_word' id='word_1_549' title='bbox 3453 2664 3554 2736; x_wconf 77' lang='grc' dir='ltr'><strong>τὴν</strong></span> <span class='ocrx_word' id='word_1_550' title='bbox 3591 2665 3810 2739; x_wconf 77' lang='grc' dir='ltr'><strong>ἑϐδόμην</strong></span> 
     </span>
    </p>
   </div>
   <div class='ocr_carea' id='block_1_82' title="bbox 2246 2750 3814 2826">
    <p class='ocr_par' dir='ltr' id='par_1_82' title="bbox 2246 2750 3814 2826">
     <span class='ocr_line' id='line_1_82' title="bbox 2246 2750 3814 2826; baseline 0.004 -23"><span class='ocrx_word' id='word_1_551' title='bbox 2246 2752 2348 2804; x_wconf 83' lang='grc' dir='ltr'><strong>οὐκ</strong></span> <span class='ocrx_word' id='word_1_552' title='bbox 2389 2750 2590 2804; x_wconf 74' lang='grc' dir='ltr'><strong>ῐσασινο</strong></span> <span class='ocrx_word' id='word_1_553' title='bbox 2621 2751 2758 2805; x_wconf 81' lang='grc' dir='ltr'><strong>ἀλλὰ</strong></span> <span class='ocrx_word' id='word_1_554' title='bbox 2789 2753 2858 2807; x_wconf 82' lang='grc' dir='ltr'><strong>τὰ</strong></span> <span class='ocrx_word' id='word_1_555' title='bbox 2892 2754 2992 2824; x_wconf 79' lang='grc' dir='ltr'><strong>μὲν</strong></span> <span class='ocrx_word' id='word_1_556' title='bbox 3027 2757 3083 2808; x_wconf 77' lang='grc' dir='ltr'><strong>ὲν</strong></span> <span class='ocrx_word' id='word_1_557' title='bbox 3111 2756 3248 2826; x_wconf 81' lang='grc' dir='ltr'><strong>αὐτῇ</strong></span> <span class='ocrx_word' id='word_1_558' title='bbox 3291 2756 3640 2826; x_wconf 81' lang='grc' dir='ltr'><strong>κυριωθέντα</strong></span> <span class='ocrx_word' id='word_1_559' title='bbox 3672 2767 3716 2822; x_wconf 76' lang='grc' dir='ltr'><strong>ι,</strong></span> <span class='ocrx_word' id='word_1_560' title='bbox 3745 2759 3814 2810; x_wconf 84' lang='grc' dir='ltr'><strong>εῖ-</strong></span> 
     </span>
    </p>
   </div>
   <div class='ocr_carea' id='block_1_83' title="bbox 2247 2844 3805 2920">
    <p class='ocr_par' dir='ltr' id='par_1_83' title="bbox 2247 2844 3805 2920">
     <span class='ocr_line' id='line_1_83' title="bbox 2247 2844 3805 2920; baseline 0.006 -25"><span class='ocrx_word' id='word_1_561' title='bbox 2247 2860 2354 2914; x_wconf 89' lang='grc' dir='ltr'><strong>περ</strong></span> <span class='ocrx_word' id='word_1_562' title='bbox 2387 2861 2440 2897; x_wconf 85' lang='grc' dir='ltr'><strong>τι</strong></span> <span class='ocrx_word' id='word_1_563' title='bbox 2471 2844 2620 2908; x_wconf 76' lang='grc' dir='ltr'><strong>ἄλλο,</strong></span> <span class='ocrx_word' id='word_1_564' title='bbox 2665 2845 2756 2900; x_wconf 82' lang='grc' dir='ltr'><strong>διὰ</strong></span> <span class='ocrx_word' id='word_1_565' title='bbox 2792 2847 3029 2918; x_wconf 82' lang='grc' dir='ltr'><strong>σπουδῆς</strong></span> <span class='ocrx_word' id='word_1_566' title='bbox 3069 2848 3164 2902; x_wconf 74' lang='grc' dir='ltr'><strong>καὶ</strong></span> <span class='ocrx_word' id='word_1_567' title='bbox 3195 2849 3631 2920; x_wconf 84' lang='grc' dir='ltr'><strong>σεϐασμιότητος</strong></span> <span class='ocrx_word' id='word_1_568' title='bbox 3657 2850 3805 2919; x_wconf 81' lang='grc' dir='ltr'><strong>ἆγον-</strong></span> 
     </span>
    </p>
   </div>
   <div class='ocr_carea' id='block_1_84' title="bbox 2249 2941 3811 3018">
    <p class='ocr_par' dir='ltr' id='par_1_84' title="bbox 2249 2941 3811 3018">
     <span class='ocr_line' id='line_1_84' title="bbox 2249 2941 3811 3018; baseline 0.006 -26"><span class='ocrx_word' id='word_1_569' title='bbox 2249 2941 2573 3012; x_wconf 36' lang='grc' dir='ltr'><strong>σιν,,αύτὴν</strong></span> <span class='ocrx_word' id='word_1_570' title='bbox 2623 2941 2668 2996; x_wconf 82' lang='grc' dir='ltr'><strong>δ’</strong></span> <span class='ocrx_word' id='word_1_571' title='bbox 2710 2943 3111 3015; x_wconf 82' lang='grc' dir='ltr'><strong>ἀνακηρύττειν</strong></span> <span class='ocrx_word' id='word_1_572' title='bbox 3158 2947 3254 2998; x_wconf 77' lang='grc' dir='ltr'><strong>ἐπὶ</strong></span> <span class='ocrx_word' id='word_1_573' title='bbox 3299 2947 3398 3018; x_wconf 85' lang='grc' dir='ltr'><strong>τῆς</strong></span> <span class='ocrx_word' id='word_1_574' title='bbox 3459 2947 3811 3018; x_wconf 82' lang='grc' dir='ltr'><strong>Ἐκκλησὶας,</strong></span> 
     </span>
    </p>
   </div>
   <div class='ocr_carea' id='block_1_85' title="bbox 2248 3030 3814 3109">
    <p class='ocr_par' dir='ltr' id='par_1_85' title="bbox 2248 3030 3814 3109">
     <span class='ocr_line' id='line_1_85' title="bbox 2248 3030 3814 3109; baseline 0.007 -25"><span class='ocrx_word' id='word_1_575' title='bbox 2248 3030 2436 3103; x_wconf 80' lang='grc' dir='ltr'><strong>ὥσπερ</strong></span> <span class='ocrx_word' id='word_1_576' title='bbox 2461 3033 2556 3086; x_wconf 80' lang='grc' dir='ltr'><strong>καὶ</strong></span> <span class='ocrx_word' id='word_1_577' title='bbox 2585 3035 2685 3097; x_wconf 77' lang='grc' dir='ltr'><strong>τὰς</strong></span> <span class='ocrx_word' id='word_1_578' title='bbox 2719 3035 2907 3100; x_wconf 79' lang='grc' dir='ltr'><strong>ἄλλος,</strong></span> <span class='ocrx_word' id='word_1_579' title='bbox 2938 3036 3089 3090; x_wconf 76' lang='grc' dir='ltr'><strong>οὔπω</strong></span> <span class='ocrx_word' id='word_1_580' title='bbox 3119 3041 3300 3109; x_wconf 77' lang='grc' dir='ltr'><strong>τυχεῖν</strong></span> <span class='ocrx_word' id='word_1_581' title='bbox 3330 3040 3703 3108; x_wconf 83' lang='grc' dir='ltr'><strong>ἐπιγνώσεως,</strong></span> <span class='ocrx_word' id='word_1_582' title='bbox 3732 3041 3814 3095; x_wconf 84' lang='grc' dir='ltr'><strong>καί</strong></span> 
     </span>
    </p>
   </div>
   <div class='ocr_carea' id='block_1_86' title="bbox 2249 3121 3809 3204">
    <p class='ocr_par' dir='ltr' id='par_1_86' title="bbox 2249 3121 3809 3204">
     <span class='ocr_line' id='line_1_86' title="bbox 2249 3121 3809 3204; baseline 0.006 -29"><span class='ocrx_word' id='word_1_583' title='bbox 2249 3139 2333 3176; x_wconf 91' lang='grc' dir='ltr'><strong>τοι</strong></span> <span class='ocrx_word' id='word_1_584' title='bbox 2359 3124 2420 3178; x_wconf 81' lang='grc' dir='ltr'><strong>τὸ</strong></span> <span class='ocrx_word' id='word_1_585' title='bbox 2444 3121 2563 3179; x_wconf 80' lang='grc' dir='ltr'><strong>ἴσον</strong></span> <span class='ocrx_word' id='word_1_586' title='bbox 2585 3125 2823 3192; x_wconf 76' lang='grc' dir='ltr'><strong>ἐκείναις</strong></span> <span class='ocrx_word' id='word_1_587' title='bbox 2853 3129 3163 3199; x_wconf 79' lang='grc' dir='ltr'><strong>ἁπανταχοῦ</strong></span> <span class='ocrx_word' id='word_1_588' title='bbox 3194 3129 3570 3204; x_wconf 75' lang='grc' dir='ltr'><strong>διασωξούσης</strong></span> <span class='ocrx_word' id='word_1_589' title='bbox 3593 3133 3809 3204; x_wconf 77' lang='grc' dir='ltr'><strong>ἀξίωμα.</strong></span> 
     </span>
    </p>
   </div>
   <div class='ocr_carea' id='block_1_87' title="bbox 2325 3295 3814 3379">
    <p class='ocr_par' dir='ltr' id='par_1_87' title="bbox 2325 3295 3814 3379">
     <span class='ocr_line' id='line_1_87' title="bbox 2325 3295 3814 3379; baseline 0.001 -28"><span class='ocrx_word' id='word_1_590' title='bbox 2325 3295 2436 3364; x_wconf 88' lang='grc' dir='ltr'><strong>μα’.</strong></span> <span class='ocrx_word' id='word_1_591' title='bbox 2480 3299 2591 3352; x_wconf 72' lang='grc' dir='ltr'><strong>Καὶ</strong></span> <span class='ocrx_word' id='word_1_592' title='bbox 2632 3299 2742 3371; x_wconf 80' lang='grc' dir='ltr'><strong>γὰρ</strong></span> <span class='ocrx_word' id='word_1_593' title='bbox 2783 3303 2876 3356; x_wconf 75' lang='grc' dir='ltr'><strong>καὶ</strong></span> <span class='ocrx_word' id='word_1_594' title='bbox 2913 3302 3050 3375; x_wconf 77' lang='grc' dir='ltr'><strong>αὔτη</strong></span> <span class='ocrx_word' id='word_1_595' title='bbox 3092 3307 3355 3379; x_wconf 85' lang='grc' dir='ltr'><strong>μεγίστην</strong></span> <span class='ocrx_word' id='word_1_596' title='bbox 3386 3309 3603 3365; x_wconf 81' lang='grc' dir='ltr'><strong>καθεῖλε</strong></span> <span class='ocrx_word' id='word_1_597' title='bbox 3637 3313 3814 3366; x_wconf 84' lang='grc' dir='ltr'><strong>δυσσέ-</strong></span> 
     </span>
    </p>
   </div>
   <div class='ocr_carea' id='block_1_88' title="bbox 2249 3387 3814 3472">
    <p class='ocr_par' dir='ltr' id='par_1_88' title="bbox 2249 3387 3814 3472">
     <span class='ocr_line' id='line_1_88' title="bbox 2249 3387 3814 3472; baseline 0.012 -32"><span class='ocrx_word' id='word_1_598' title='bbox 2249 3387 2422 3454; x_wconf 86' lang='grc' dir='ltr'><strong>ϐειαν,</strong></span> <span class='ocrx_word' id='word_1_599' title='bbox 2463 3393 2881 3462; x_wconf 85' lang='grc' dir='ltr'><strong>συμπαρὲδρους</strong></span> <span class='ocrx_word' id='word_1_600' title='bbox 2916 3397 3053 3467; x_wconf 77' lang='grc' dir='ltr'><strong>αὐτῇ</strong></span> <span class='ocrx_word' id='word_1_601' title='bbox 3105 3401 3200 3452; x_wconf 75' lang='grc' dir='ltr'><strong>καὶ</strong></span> <span class='ocrx_word' id='word_1_602' title='bbox 3232 3403 3566 3472; x_wconf 69' lang='grc' dir='ltr'><strong>συμψήφους</strong></span> <span class='ocrx_word' id='word_1_603' title='bbox 3607 3408 3728 3470; x_wconf 71' lang='grc' dir='ltr'><strong>τοὺς</strong></span> <span class='ocrx_word' id='word_1_604' title='bbox 3759 3408 3814 3459; x_wconf 79' lang='grc' dir='ltr'><strong>ἐκ</strong></span> 
     </span>
    </p>
   </div>
   <div class='ocr_carea' id='block_1_89' title="bbox 2245 3481 3812 3569">
    <p class='ocr_par' dir='ltr' id='par_1_89' title="bbox 2245 3481 3812 3569">
     <span class='ocr_line' id='line_1_89' title="bbox 2245 3481 3812 3569; baseline 0.014 -37"><span class='ocrx_word' id='word_1_605' title='bbox 2245 3481 2356 3534; x_wconf 84' lang='grc' dir='ltr'><strong>τῶν</strong></span> <span class='ocrx_word' id='word_1_606' title='bbox 2383 3484 2665 3554; x_wconf 78' lang='grc' dir='ltr'><strong>τεσσάρων</strong></span> <span class='ocrx_word' id='word_1_607' title='bbox 2687 3487 2924 3558; x_wconf 78' lang='grc' dir='ltr'><strong>ἥκοντας</strong></span> <span class='ocrx_word' id='word_1_608' title='bbox 2946 3491 3348 3562; x_wconf 83' lang='grc' dir='ltr'><strong>ἀρχιερατικῶν</strong></span> <span class='ocrx_word' id='word_1_609' title='bbox 3371 3496 3577 3567; x_wconf 85' lang='grc' dir='ltr'><strong>θρόνων</strong></span> <span class='ocrx_word' id='word_1_610' title='bbox 3605 3498 3812 3569; x_wconf 73' lang='grc' dir='ltr'><strong>ἔχουσα·</strong></span> 
     </span>
    </p>
   </div>
   <div class='ocr_carea' id='block_1_90' title="bbox 2250 3574 3814 3664">
    <p class='ocr_par' dir='ltr' id='par_1_90' title="bbox 2250 3574 3814 3664">
     <span class='ocr_line' id='line_1_90' title="bbox 2250 3574 3814 3664; baseline 0.015 -40"><span class='ocrx_word' id='word_1_611' title='bbox 2250 3574 2432 3644; x_wconf 83' lang='grc' dir='ltr'><strong>παρῆν</strong></span> <span class='ocrx_word' id='word_1_612' title='bbox 2462 3576 2600 3646; x_wconf 86' lang='grc' dir='ltr'><strong>γάρ,</strong></span> <span class='ocrx_word' id='word_1_613' title='bbox 2636 3577 2712 3641; x_wconf 81' lang='grc' dir='ltr'><strong>ὡς</strong></span> <span class='ocrx_word' id='word_1_614' title='bbox 2761 3580 2919 3650; x_wconf 80' lang='grc' dir='ltr'><strong>δῆλον</strong></span> <span class='ocrx_word' id='word_1_615' title='bbox 2940 3624 2954 3648; x_wconf 89' lang='grc'><strong>,</strong></span> <span class='ocrx_word' id='word_1_616' title='bbox 2989 3583 3097 3636; x_wconf 80' lang='grc' dir='ltr'><strong>ἀπὸ</strong></span> <span class='ocrx_word' id='word_1_617' title='bbox 3131 3587 3230 3654; x_wconf 88' lang='grc' dir='ltr'><strong>μὲν</strong></span> <span class='ocrx_word' id='word_1_618' title='bbox 3260 3588 3355 3640; x_wconf 88' lang='grc' dir='ltr'><strong>τοῦ</strong></span> <span class='ocrx_word' id='word_1_619' title='bbox 3397 3590 3665 3664; x_wconf 77' lang='grc' dir='ltr'><strong>ὑμετέρου</strong></span> <span class='ocrx_word' id='word_1_620' title='bbox 3696 3595 3814 3648; x_wconf 78' lang='grc' dir='ltr'><strong>ἀπο-</strong></span> 
     </span>
    </p>
   </div>
   <div class='ocr_carea' id='block_1_91' title="bbox 2252 3665 3813 3756">
    <p class='ocr_par' dir='ltr' id='par_1_91' title="bbox 2252 3665 3813 3756">
     <span class='ocr_line' id='line_1_91' title="bbox 2252 3665 3813 3756; baseline 0.017 -41"><span class='ocrx_word' id='word_1_621' title='bbox 2252 3665 2724 3737; x_wconf 79' lang='grc' dir='ltr'><strong>στολικοῦ,θρόνου</strong></span> <span class='ocrx_word' id='word_1_622' title='bbox 2756 3672 2854 3742; x_wconf 80' lang='grc' dir='ltr'><strong>τῆς</strong></span> <span class='ocrx_word' id='word_1_623' title='bbox 2903 3674 3328 3748; x_wconf 79' lang='grc' dir='ltr'><strong>Ἀλεξανδρείας,</strong></span> <span class='ocrx_word' id='word_1_624' title='bbox 3359 3681 3564 3752; x_wconf 79' lang='grc' dir='ltr'><strong>Θωμᾶς</strong></span> <span class='ocrx_word' id='word_1_625' title='bbox 3598 3687 3813 3756; x_wconf 43' lang='grc' dir='ltr'><strong>μοναχὴ</strong></span> 
     </span>
    </p>
   </div>
   <div class='ocr_carea' id='block_1_92' title="bbox 2249 3759 3812 3851">
    <p class='ocr_par' dir='ltr' id='par_1_92' title="bbox 2249 3759 3812 3851">
     <span class='ocr_line' id='line_1_92' title="bbox 2249 3759 3812 3851; baseline 0.018 -44"><span class='ocrx_word' id='word_1_626' title='bbox 2249 3759 2654 3832; x_wconf 85' lang='grc' dir='ltr'><strong>πρεσϐύτερος,</strong></span> <span class='ocrx_word' id='word_1_627' title='bbox 2692 3766 2786 3817; x_wconf 76' lang='grc' dir='ltr'><strong>καὶ</strong></span> <span class='ocrx_word' id='word_1_628' title='bbox 2837 3767 2886 3819; x_wconf 78' lang='lat' dir='ltr'><strong>oi</strong></span> <span class='ocrx_word' id='word_1_629' title='bbox 2924 3769 3020 3822; x_wconf 82' lang='grc' dir='ltr'><strong>σὺν</strong></span> <span class='ocrx_word' id='word_1_630' title='bbox 3067 3771 3235 3843; x_wconf 83' lang='grc' dir='ltr'><strong>αὐτῷ,</strong></span> <span class='ocrx_word' id='word_1_631' title='bbox 3274 3775 3382 3828; x_wconf 73' lang='grc' dir='ltr'><strong>ἀπὸ</strong></span> <span class='ocrx_word' id='word_1_632' title='bbox 3427 3775 3484 3829; x_wconf 81' lang='grc' dir='ltr'><strong>δὲ</strong></span> <span class='ocrx_word' id='word_1_633' title='bbox 3529 3776 3812 3851; x_wconf 78' lang='grc' dir='ltr'><strong>Ἰεροσολύ-</strong></span> 
     </span>
    </p>
   </div>
   <div class='ocr_carea' id='block_1_93' title="bbox 2252 3853 3813 3944">
    <p class='ocr_par' dir='ltr' id='par_1_93' title="bbox 2252 3853 3813 3944">
     <span class='ocr_line' id='line_1_93' title="bbox 2252 3853 3813 3944; baseline 0.017 -42"><span class='ocrx_word' id='word_1_634' title='bbox 2252 3867 2367 3920; x_wconf 88' lang='grc' dir='ltr'><strong>μων</strong></span> <span class='ocrx_word' id='word_1_635' title='bbox 2401 3853 2495 3906; x_wconf 78' lang='grc' dir='ltr'><strong>καὶ</strong></span> <span class='ocrx_word' id='word_1_636' title='bbox 2536 3855 2867 3929; x_wconf 83' lang='grc' dir='ltr'><strong>Ἀντιοχείας</strong></span> <span class='ocrx_word' id='word_1_637' title='bbox 2908 3861 3180 3937; x_wconf 79' lang='grc' dir='ltr'><strong>Ἰωάννης,</strong></span> <span class='ocrx_word' id='word_1_638' title='bbox 3209 3868 3302 3921; x_wconf 72' lang='grc' dir='ltr'><strong>καὶ</strong></span> <span class='ocrx_word' id='word_1_639' title='bbox 3326 3870 3378 3922; x_wconf 83' lang='grc' dir='ltr'><strong>οἱ</strong></span> <span class='ocrx_word' id='word_1_640' title='bbox 3413 3872 3509 3924; x_wconf 83' lang='grc' dir='ltr'><strong>σὺν</strong></span> <span class='ocrx_word' id='word_1_641' title='bbox 3535 3874 3707 3944; x_wconf 80' lang='grc' dir='ltr'><strong>αύτῷ,</strong></span> <span class='ocrx_word' id='word_1_642' title='bbox 3731 3875 3813 3928; x_wconf 74' lang='grc' dir='ltr'><strong>καὶ</strong></span> 
     </span>
    </p>
   </div>
   <div class='ocr_carea' id='block_1_94' title="bbox 2249 3941 3810 4033">
    <p class='ocr_par' dir='ltr' id='par_1_94' title="bbox 2249 3941 3810 4033">
     <span class='ocr_line' id='line_1_94' title="bbox 2249 3941 3810 4033; baseline 0.017 -40"><span class='ocrx_word' id='word_1_643' title='bbox 2249 3941 2358 3994; x_wconf 85' lang='grc' dir='ltr'><strong>ἀπό</strong></span> <span class='ocrx_word' id='word_1_644' title='bbox 2390 3959 2454 4011; x_wconf 88' lang='grc' dir='ltr'><strong>γε</strong></span> <span class='ocrx_word' id='word_1_645' title='bbox 2502 3945 2600 4016; x_wconf 83' lang='grc' dir='ltr'><strong>τῆς</strong></span> <span class='ocrx_word' id='word_1_646' title='bbox 2633 3949 3014 4024; x_wconf 81' lang='grc' dir='ltr'><strong>πρεσϐυτέρας</strong></span> <span class='ocrx_word' id='word_1_647' title='bbox 3052 3955 3274 4027; x_wconf 84' lang='grc' dir='ltr'><strong>Ῥώμης</strong></span> <span class='ocrx_word' id='word_1_648' title='bbox 3299 4000 3314 4025; x_wconf 91' lang='grc'><strong>,</strong></span> <span class='ocrx_word' id='word_1_649' title='bbox 3349 3961 3560 4033; x_wconf 82' lang='grc' dir='ltr'><strong>Πέτρος</strong></span> <span class='ocrx_word' id='word_1_650' title='bbox 3608 3967 3637 4018; x_wconf 89' lang='grc' dir='ltr'><strong>ὀ</strong></span> <span class='ocrx_word' id='word_1_651' title='bbox 3659 3941 3810 4018; x_wconf 74' lang='grc' dir='ltr'><strong>εὐλα-</strong></span> 
     </span>
    </p>
   </div>
   <div class='ocr_carea' id='block_1_95' title="bbox 2251 4033 3812 4128">
    <p class='ocr_par' dir='ltr' id='par_1_95' title="bbox 2251 4033 3812 4128">
     <span class='ocr_line' id='line_1_95' title="bbox 2251 4033 3812 4128; baseline 0.017 -42"><span class='ocrx_word' id='word_1_652' title='bbox 2251 4033 2508 4101; x_wconf 81' lang='grc' dir='ltr'><strong>ϐέστατος</strong></span> <span class='ocrx_word' id='word_1_653' title='bbox 2560 4046 3152 4119; x_wconf 86' lang='grc' dir='ltr'><strong>πρωτοπρεσϐύτερος,</strong></span> <span class='ocrx_word' id='word_1_654' title='bbox 3215 4053 3310 4104; x_wconf 76' lang='grc' dir='ltr'><strong>καὶ</strong></span> <span class='ocrx_word' id='word_1_655' title='bbox 3372 4053 3561 4127; x_wconf 76' lang='grc' dir='ltr'><strong>ἕτερος</strong></span> <span class='ocrx_word' id='word_1_656' title='bbox 3625 4059 3812 4128; x_wconf 82' lang='grc' dir='ltr'><strong>Πέτρος</strong></span> 
     </span>
    </p>
   </div>
   <div class='ocr_carea' id='block_1_96' title="bbox 2247 4128 3812 4218">
    <p class='ocr_par' dir='ltr' id='par_1_96' title="bbox 2247 4128 3812 4218">
     <span class='ocr_line' id='line_1_96' title="bbox 2247 4128 3812 4218; baseline 0.02 -41"><span class='ocrx_word' id='word_1_657' title='bbox 2247 4128 2644 4202; x_wconf 84' lang='grc' dir='ltr'><strong>πρεσϐύτερος,</strong></span> <span class='ocrx_word' id='word_1_658' title='bbox 2675 4135 2910 4205; x_wconf 63' lang='grc' dir='ltr'><strong>μοναχδς</strong></span> <span class='ocrx_word' id='word_1_659' title='bbox 2942 4139 3038 4191; x_wconf 78' lang='grc' dir='ltr'><strong>καὶ</strong></span> <span class='ocrx_word' id='word_1_660' title='bbox 3064 4140 3368 4212; x_wconf 78' lang='grc' dir='ltr'><strong>ἡγούμενος</strong></span> <span class='ocrx_word' id='word_1_661' title='bbox 3396 4149 3495 4218; x_wconf 84' lang='grc' dir='ltr'><strong>τῆς</strong></span> <span class='ocrx_word' id='word_1_662' title='bbox 3526 4151 3670 4204; x_wconf 78' lang='grc' dir='ltr'><strong>κατὰ</strong></span> <span class='ocrx_word' id='word_1_663' title='bbox 3705 4150 3812 4207; x_wconf 80' lang='grc' dir='ltr'><strong>Ῥώ-</strong></span> 
     </span>
    </p>
   </div>
   <div class='ocr_carea' id='block_1_97' title="bbox 2251 4221 3360 4299">
    <p class='ocr_par' dir='ltr' id='par_1_97' title="bbox 2251 4221 3360 4299">
     <span class='ocr_line' id='line_1_97' title="bbox 2251 4221 3360 4299; baseline 0.021 -31"><span class='ocrx_word' id='word_1_664' title='bbox 2251 4235 2358 4290; x_wconf 87' lang='grc' dir='ltr'><strong>μην</strong></span> <span class='ocrx_word' id='word_1_665' title='bbox 2391 4221 2624 4290; x_wconf 84' lang='grc' dir='ltr'><strong>εύαγοῦς</strong></span> <span class='ocrx_word' id='word_1_666' title='bbox 2659 4225 2828 4296; x_wconf 85' lang='grc' dir='ltr'><strong>μονῆς</strong></span> <span class='ocrx_word' id='word_1_667' title='bbox 2853 4229 2944 4282; x_wconf 88' lang='grc' dir='ltr'><strong>τοῦ</strong></span> <span class='ocrx_word' id='word_1_668' title='bbox 2971 4232 3129 4299; x_wconf 84' lang='grc' dir='ltr'><strong>ἁγίου</strong></span> <span class='ocrx_word' id='word_1_669' title='bbox 3157 4234 3360 4292; x_wconf 82' lang='grc' dir='ltr'><strong>Σάϐϐα.</strong></span> 
     </span>
    </p>
   </div>
   <div class='ocr_carea' id='block_1_98' title="bbox 2321 4311 3808 4408">
    <p class='ocr_par' dir='ltr' id='par_1_98' title="bbox 2321 4311 3808 4408">
     <span class='ocr_line' id='line_1_98' title="bbox 2321 4311 3808 4408; baseline 0.02 -45"><span class='ocrx_word' id='word_1_670' title='bbox 2321 4311 2432 4382; x_wconf 72' lang='grc' dir='ltr'><strong>μβν.</strong></span> <span class='ocrx_word' id='word_1_671' title='bbox 2476 4315 2584 4368; x_wconf 73' lang='grc' dir='ltr'><strong>Καὶ</strong></span> <span class='ocrx_word' id='word_1_672' title='bbox 2607 4318 2811 4374; x_wconf 87' lang='grc' dir='ltr'><strong>τούτων</strong></span> <span class='ocrx_word' id='word_1_673' title='bbox 2841 4323 3094 4378; x_wconf 86' lang='grc' dir='ltr'><strong>ἁπάντων</strong></span> <span class='ocrx_word' id='word_1_674' title='bbox 3124 4328 3586 4400; x_wconf 87' lang='grc' dir='ltr'><strong>συνεληλυθότων,</strong></span> <span class='ocrx_word' id='word_1_675' title='bbox 3618 4335 3730 4406; x_wconf 77' lang='grc' dir='ltr'><strong>ἁμα</strong></span> <span class='ocrx_word' id='word_1_676' title='bbox 3743 4335 3808 4408; x_wconf 81' lang='grc' dir='ltr'><strong>τῷ</strong></span> 
     </span>
    </p>
   </div>
   <div class='ocr_carea' id='block_1_99' title="bbox 2248 4405 3811 4500">
    <p class='ocr_par' dir='ltr' id='par_1_99' title="bbox 2248 4405 3811 4500">
     <span class='ocr_line' id='line_1_99' title="bbox 2248 4405 3811 4500; baseline 0.015 -44"><span class='ocrx_word' id='word_1_677' title='bbox 2248 4405 2500 4477; x_wconf 78' lang='grc' dir='ltr'><strong>ἡμετέρῳ</strong></span> <span class='ocrx_word' id='word_1_678' title='bbox 2535 4411 2866 4484; x_wconf 83' lang='grc' dir='ltr'><strong>πατροθείῳ,</strong></span> <span class='ocrx_word' id='word_1_679' title='bbox 2895 4417 2990 4469; x_wconf 76' lang='grc' dir='ltr'><strong>καὶ</strong></span> <span class='ocrx_word' id='word_1_680' title='bbox 3019 4419 3308 4492; x_wconf 82' lang='grc' dir='ltr'><strong>ἁγιωτάτῳ</strong></span> <span class='ocrx_word' id='word_1_681' title='bbox 3335 4425 3431 4477; x_wconf 78' lang='grc' dir='ltr'><strong>καὶ</strong></span> <span class='ocrx_word' id='word_1_682' title='bbox 3461 4405 3811 4500; x_wconf 49' lang='grc' dir='ltr'><strong>τρισμακαρίλ</strong></span> 
     </span>
    </p>
   </div>
   <div class='ocr_carea' id='block_1_100' title="bbox 2250 4497 3807 4584">
    <p class='ocr_par' dir='ltr' id='par_1_100' title="bbox 2250 4497 3807 4584">
     <span class='ocr_line' id='line_1_100' title="bbox 2250 4497 3807 4584; baseline 0.019 -39"><span class='ocrx_word' id='word_1_683' title='bbox 2250 4511 2360 4565; x_wconf 87' lang='grc' dir='ltr'><strong>στῳ</strong></span> <span class='ocrx_word' id='word_1_684' title='bbox 2391 4497 2546 4568; x_wconf 79' lang='grc' dir='ltr'><strong>ἀνδρὶ</strong></span> <span class='ocrx_word' id='word_1_685' title='bbox 2576 4501 2830 4574; x_wconf 83' lang='grc' dir='ltr'><strong>Ταρασίῳ</strong></span> <span class='ocrx_word' id='word_1_686' title='bbox 2851 4544 2866 4568; x_wconf 95' lang='grc'><strong>,</strong></span> <span class='ocrx_word' id='word_1_687' title='bbox 2931 4506 3351 4584; x_wconf 85' lang='grc' dir='ltr'><strong>ἀρχιεπισκόπῳ</strong></span> <span class='ocrx_word' id='word_1_688' title='bbox 3383 4497 3807 4575; x_wconf 80' lang='grc' dir='ltr'><strong>Κωνσταντινου-</strong></span> 
     </span>
    </p>
   </div>
   <div class='ocr_carea' id='block_1_101' title="bbox 2249 4588 3810 4681">
    <p class='ocr_par' dir='ltr' id='par_1_101' title="bbox 2249 4588 3810 4681">
     <span class='ocr_line' id='line_1_101' title="bbox 2249 4588 3810 4681; baseline 0.019 -42"><span class='ocrx_word' id='word_1_689' title='bbox 2249 4588 2457 4653; x_wconf 89' lang='grc' dir='ltr'><strong>πόλεως</strong></span> <span class='ocrx_word' id='word_1_690' title='bbox 2479 4631 2492 4654; x_wconf 91' lang='grc'><strong>,</strong></span> <span class='ocrx_word' id='word_1_691' title='bbox 2525 4592 2558 4662; x_wconf 86' lang='grc' dir='ltr'>ὴ</span> <span class='ocrx_word' id='word_1_692' title='bbox 2601 4596 2810 4668; x_wconf 79' lang='grc' dir='ltr'><strong>μεγάλη</strong></span> <span class='ocrx_word' id='word_1_693' title='bbox 2845 4600 2934 4651; x_wconf 59' lang='grc' dir='ltr'><strong>καὶ</strong></span> <span class='ocrx_word' id='word_1_694' title='bbox 2970 4603 3323 4675; x_wconf 80' lang='grc' dir='ltr'><strong>οῖκουμενικὴ</strong></span> <span class='ocrx_word' id='word_1_695' title='bbox 3367 4609 3574 4681; x_wconf 80' lang='grc' dir='ltr'><strong>ἑϐδόμη</strong></span> <span class='ocrx_word' id='word_1_696' title='bbox 3613 4612 3810 4678; x_wconf 78' lang='grc' dir='ltr'><strong>σύνοδος</strong></span> 
     </span>
    </p>
   </div>
   <div class='ocr_carea' id='block_1_102' title="bbox 2249 4683 3804 4775">
    <p class='ocr_par' dir='ltr' id='par_1_102' title="bbox 2249 4683 3804 4775">
     <span class='ocr_line' id='line_1_102' title="bbox 2249 4683 3804 4775; baseline 0.019 -44"><span class='ocrx_word' id='word_1_697' title='bbox 2249 4683 2641 4755; x_wconf 80' lang='grc' dir='ltr'><strong>συνεκροτηθη,</strong></span> <span class='ocrx_word' id='word_1_698' title='bbox 2670 4687 2767 4758; x_wconf 84' lang='grc' dir='ltr'><strong>τὴν</strong></span> <span class='ocrx_word' id='word_1_699' title='bbox 2789 4690 2898 4742; x_wconf 82' lang='grc' dir='ltr'><strong>τῶν</strong></span> <span class='ocrx_word' id='word_1_700' title='bbox 2928 4692 3322 4766; x_wconf 80' lang='grc' dir='ltr'><strong>είκονομάχων,</strong></span> <span class='ocrx_word' id='word_1_701' title='bbox 3351 4699 3383 4769; x_wconf 76' lang='grc' dir='ltr'>ἢ</span> <span class='ocrx_word' id='word_1_702' title='bbox 3413 4707 3804 4775; x_wconf 83' lang='grc' dir='ltr'><strong>χριστομάχων.</strong></span> 
     </span>
    </p>
   </div>
   <div class='ocr_carea' id='block_1_103' title="bbox 2243 4771 3804 4870">
    <p class='ocr_par' dir='ltr' id='par_1_103' title="bbox 2243 4771 3804 4870">
     <span class='ocr_line' id='line_1_103' title="bbox 2243 4771 3804 4870; baseline 0.02 -47"><span class='ocrx_word' id='word_1_703' title='bbox 2243 4771 2659 4843; x_wconf 87' lang='grc' dir='ltr'><strong>θριαμϐεύσασα</strong></span> <span class='ocrx_word' id='word_1_704' title='bbox 2705 4781 2799 4834; x_wconf 73' lang='grc' dir='ltr'><strong>καὶ</strong></span> <span class='ocrx_word' id='word_1_705' title='bbox 2829 4782 3134 4840; x_wconf 81' lang='grc' dir='ltr'><strong>καθελοῦσα</strong></span> <span class='ocrx_word' id='word_1_706' title='bbox 3171 4771 3516 4847; x_wconf 76' lang='grc' dir='ltr'><strong>δυσσέϐειαν·</strong></span> <span class='ocrx_word' id='word_1_707' title='bbox 3660 4771 3804 4863; x_wconf 76' lang='grc' dir='ltr'><strong>ἴσως,</strong></span> 
     </span>
    </p>
   </div>
   <div class='ocr_carea' id='block_1_104' title="bbox 2239 4864 3803 4958">
    <p class='ocr_par' dir='ltr' id='par_1_104' title="bbox 2239 4864 3803 4958">
     <span class='ocr_line' id='line_1_104' title="bbox 2239 4864 3803 4958; baseline 0.019 -43"><span class='ocrx_word' id='word_1_708' title='bbox 2239 4864 2335 4917; x_wconf 86' lang='grc' dir='ltr'><strong>τοῦ</strong></span> <span class='ocrx_word' id='word_1_709' title='bbox 2366 4866 2703 4940; x_wconf 79' lang='grc' dir='ltr'><strong>βαρϐαρικοῦ</strong></span> <span class='ocrx_word' id='word_1_710' title='bbox 2729 4876 2824 4926; x_wconf 81' lang='grc' dir='ltr'><strong>καὶ</strong></span> <span class='ocrx_word' id='word_1_711' title='bbox 2849 4876 3150 4947; x_wconf 79' lang='grc' dir='ltr'><strong>ἀλλοφύλου</strong></span> <span class='ocrx_word' id='word_1_712' title='bbox 3180 4882 3289 4935; x_wconf 86' lang='grc' dir='ltr'><strong>τῶν</strong></span> <span class='ocrx_word' id='word_1_713' title='bbox 3334 4864 3620 4958; x_wconf 75' lang='grc' dir='ltr'><strong>Ἀρράϐων</strong></span> <span class='ocrx_word' id='word_1_714' title='bbox 3652 4907 3803 4943; x_wconf 81' lang='grc' dir='ltr'><strong>κατα-</strong></span> 
     </span>
    </p>
   </div>
   <div class='ocr_carea' id='block_1_105' title="bbox 2242 4955 3805 5053">
    <p class='ocr_par' dir='ltr' id='par_1_105' title="bbox 2242 4955 3805 5053">
     <span class='ocr_line' id='line_1_105' title="bbox 2242 4955 3805 5053; baseline 0.02 -47"><span class='ocrx_word' id='word_1_715' title='bbox 2242 4955 2463 5025; x_wconf 81' lang='grc' dir='ltr'><strong>σχόντος</strong></span> <span class='ocrx_word' id='word_1_716' title='bbox 2503 4962 2602 5025; x_wconf 80' lang='grc' dir='ltr'><strong>τάς</strong></span> <span class='ocrx_word' id='word_1_717' title='bbox 2652 4964 2835 5036; x_wconf 84' lang='grc' dir='ltr'><strong>χώρας</strong></span> <span class='ocrx_word' id='word_1_718' title='bbox 2878 4967 3088 5038; x_wconf 81' lang='grc' dir='ltr'><strong>ἔθνους,</strong></span> <span class='ocrx_word' id='word_1_719' title='bbox 3119 4976 3220 5028; x_wconf 81' lang='grc' dir='ltr'><strong>οὑκ</strong></span> <span class='ocrx_word' id='word_1_720' title='bbox 3246 4955 3466 5045; x_wconf 76' lang='grc' dir='ltr'><strong>ἐγένετο</strong></span> <span class='ocrx_word' id='word_1_721' title='bbox 3510 4984 3704 5053; x_wconf 77' lang='grc' dir='ltr'><strong>ῥᾷστον</strong></span> <span class='ocrx_word' id='word_1_722' title='bbox 3748 4983 3805 5037; x_wconf 78' lang='grc' dir='ltr'><strong>τὰ</strong></span> 
     </span>
    </p>
   </div>
   <div class='ocr_carea' id='block_1_106' title="bbox 2240 5054 3804 5146">
    <p class='ocr_par' dir='ltr' id='par_1_106' title="bbox 2240 5054 3804 5146">
     <span class='ocr_line' id='line_1_106' title="bbox 2240 5054 3804 5146; baseline 0.018 -46"><span class='ocrx_word' id='word_1_723' title='bbox 2240 5054 2520 5120; x_wconf 81' lang='grc' dir='ltr'><strong>πρακτικά</strong></span> <span class='ocrx_word' id='word_1_724' title='bbox 2552 5055 2688 5126; x_wconf 84' lang='grc' dir='ltr'><strong>πρὸς</strong></span> <span class='ocrx_word' id='word_1_725' title='bbox 2727 5059 2870 5130; x_wconf 83' lang='grc' dir='ltr'><strong>ὑμᾶς</strong></span> <span class='ocrx_word' id='word_1_726' title='bbox 2911 5062 3357 5137; x_wconf 80' lang='grc' dir='ltr'><strong>διακομισθῆναι.</strong></span> <span class='ocrx_word' id='word_1_727' title='bbox 3396 5074 3476 5125; x_wconf 89' lang='grc' dir='ltr'><strong>Δι’</strong></span> <span class='ocrx_word' id='word_1_728' title='bbox 3513 5075 3582 5146; x_wconf 75' lang='grc' dir='ltr'><strong>ἢν</strong></span> <span class='ocrx_word' id='word_1_729' title='bbox 3623 5077 3804 5140; x_wconf 82' lang='grc' dir='ltr'><strong>αἰτίαν,</strong></span> 
     </span>
    </p>
   </div>
   <div class='ocr_carea' id='block_1_107' title="bbox 2239 5143 3807 5229">
    <p class='ocr_par' dir='ltr' id='par_1_107' title="bbox 2239 5143 3807 5229">
     <span class='ocr_line' id='line_1_107' title="bbox 2239 5143 3807 5229; baseline 0.02 -37"><span class='ocrx_word' id='word_1_730' title='bbox 2239 5143 2391 5212; x_wconf 85' lang='grc' dir='ltr'><strong>παρά</strong></span> <span class='ocrx_word' id='word_1_731' title='bbox 2422 5144 2633 5210; x_wconf 83' lang='grc' dir='ltr'><strong>πολλοῖς</strong></span> <span class='ocrx_word' id='word_1_732' title='bbox 2655 5149 2762 5202; x_wconf 83' lang='grc' dir='ltr'><strong>τῶν</strong></span> <span class='ocrx_word' id='word_1_733' title='bbox 2789 5153 2979 5208; x_wconf 79' lang='grc' dir='ltr'><strong>αὐτόθι</strong></span> <span class='ocrx_word' id='word_1_734' title='bbox 3001 5199 3016 5220; x_wconf 88' lang='grc'><strong>,</strong></span> <span class='ocrx_word' id='word_1_735' title='bbox 3049 5157 3255 5229; x_wconf 84' lang='grc' dir='ltr'><strong>ταύτης</strong></span> <span class='ocrx_word' id='word_1_736' title='bbox 3279 5163 3335 5215; x_wconf 83' lang='grc' dir='ltr'><strong>αἱ</strong></span> <span class='ocrx_word' id='word_1_737' title='bbox 3359 5163 3544 5229; x_wconf 81' lang='grc' dir='ltr'><strong>τάξεις</strong></span> <span class='ocrx_word' id='word_1_738' title='bbox 3569 5180 3619 5228; x_wconf 79' lang='grc' dir='ltr'><strong>ι,</strong></span> <span class='ocrx_word' id='word_1_739' title='bbox 3649 5170 3695 5222; x_wconf 85' lang='grc' dir='ltr'><strong>εἰ</strong></span> <span class='ocrx_word' id='word_1_740' title='bbox 3724 5169 3807 5222; x_wconf 77' lang='grc' dir='ltr'><strong>καὶ</strong></span> 
     </span>
    </p>
   </div>
   <div class='ocr_carea' id='block_1_108' title="bbox 2237 5235 3806 5331">
    <p class='ocr_par' dir='ltr' id='par_1_108' title="bbox 2237 5235 3806 5331">
     <span class='ocr_line' id='line_1_108' title="bbox 2237 5235 3806 5331; baseline 0.021 -47"><span class='ocrx_word' id='word_1_741' title='bbox 2237 5235 2506 5304; x_wconf 87' lang='grc' dir='ltr'><strong>τιμῶνται</strong></span> <span class='ocrx_word' id='word_1_742' title='bbox 2558 5243 2652 5293; x_wconf 79' lang='grc' dir='ltr'><strong>καὶ</strong></span> <span class='ocrx_word' id='word_1_743' title='bbox 2701 5245 3078 5315; x_wconf 83' lang='grc' dir='ltr'><strong>περιέπονται·</strong></span> <span class='ocrx_word' id='word_1_744' title='bbox 3136 5251 3251 5306; x_wconf 89' lang='grc' dir='ltr'><strong>ἀλλ’</strong></span> <span class='ocrx_word' id='word_1_745' title='bbox 3307 5250 3425 5322; x_wconf 85' lang='grc' dir='ltr'><strong>οὑν,</strong></span> <span class='ocrx_word' id='word_1_746' title='bbox 3483 5259 3566 5313; x_wconf 85' lang='grc' dir='ltr'><strong>ὃτι</strong></span> <span class='ocrx_word' id='word_1_747' title='bbox 3620 5261 3806 5331; x_wconf 80' lang='grc' dir='ltr'><strong>ταύτης</strong></span> 
     </span>
    </p>
   </div>
   <div class='ocr_carea' id='block_1_109' title="bbox 2237 5328 3350 5415">
    <p class='ocr_par' dir='ltr' id='par_1_109' title="bbox 2237 5328 3350 5415">
     <span class='ocr_line' id='line_1_109' title="bbox 2237 5328 3350 5415; baseline 0.023 -38"><span class='ocrx_word' id='word_1_748' title='bbox 2237 5328 2397 5394; x_wconf 77' lang='grc' dir='ltr'><strong>εἰσὶν,</strong></span> <span class='ocrx_word' id='word_1_749' title='bbox 2431 5329 2506 5395; x_wconf 83' lang='grc' dir='ltr'><strong>ὣς</strong></span> <span class='ocrx_word' id='word_1_750' title='bbox 2537 5351 2722 5403; x_wconf 81' lang='grc' dir='ltr'><strong>φασιν,</strong></span> <span class='ocrx_word' id='word_1_751' title='bbox 2746 5339 2845 5393; x_wconf 78' lang='grc' dir='ltr'><strong>οὐκ</strong></span> <span class='ocrx_word' id='word_1_752' title='bbox 2875 5341 3013 5397; x_wconf 76' lang='grc' dir='ltr'><strong>είσὶν</strong></span> <span class='ocrx_word' id='word_1_753' title='bbox 3042 5346 3103 5397; x_wconf 79' lang='grc' dir='ltr'><strong>ὲν</strong></span> <span class='ocrx_word' id='word_1_754' title='bbox 3129 5345 3350 5415; x_wconf 85' lang='grc' dir='ltr'><strong>γνώσει.</strong></span> 
     </span>
    </p>
   </div>
   <div class='ocr_carea' id='block_1_110' title="bbox 2314 5505 3803 5601">
    <p class='ocr_par' dir='ltr' id='par_1_110' title="bbox 2314 5505 3803 5601">
     <span class='ocr_line' id='line_1_110' title="bbox 2314 5505 3803 5601; baseline 0.019 -42"><span class='ocrx_word' id='word_1_755' title='bbox 2314 5505 2423 5574; x_wconf 80' lang='grc' dir='ltr'><strong>μγ’.</strong></span> <span class='ocrx_word' id='word_1_756' title='bbox 2453 5509 2574 5582; x_wconf 77' lang='grc' dir='ltr'><strong>Χρὴ</strong></span> <span class='ocrx_word' id='word_1_757' title='bbox 2597 5511 2642 5565; x_wconf 81' lang='grc' dir='ltr'><strong>δ’</strong></span> <span class='ocrx_word' id='word_1_758' title='bbox 2665 5509 2760 5568; x_wconf 81' lang='grc' dir='ltr'><strong>οῦν</strong></span> <span class='ocrx_word' id='word_1_759' title='bbox 2784 5518 2877 5570; x_wconf 69' lang='grc' dir='ltr'><strong>καὶ</strong></span> <span class='ocrx_word' id='word_1_760' title='bbox 2897 5517 3102 5589; x_wconf 87' lang='grc' dir='ltr'><strong>ταύτην</strong></span> <span class='ocrx_word' id='word_1_761' title='bbox 3131 5521 3406 5598; x_wconf 87' lang='grc' dir='ltr'><strong>(καθάπερ</strong></span> <span class='ocrx_word' id='word_1_762' title='bbox 3435 5527 3697 5601; x_wconf 77' lang='grc' dir='ltr'><strong>ἔφθημεν)</strong></span> <span class='ocrx_word' id='word_1_763' title='bbox 3720 5544 3803 5600; x_wconf 80' lang='grc' dir='ltr'><strong>με·</strong></span> 
     </span>
    </p>
   </div>
   <div class='ocr_carea' id='block_1_111' title="bbox 2237 5599 3800 5694">
    <p class='ocr_par' dir='ltr' id='par_1_111' title="bbox 2237 5599 3800 5694">
     <span class='ocr_line' id='line_1_111' title="bbox 2237 5599 3800 5694; baseline 0.018 -45"><span class='ocrx_word' id='word_1_764' title='bbox 2237 5599 2412 5669; x_wconf 80' lang='grc' dir='ltr'><strong>γὰλην</strong></span> <span class='ocrx_word' id='word_1_765' title='bbox 2441 5617 2498 5655; x_wconf 85' lang='grc' dir='ltr'><strong>τε</strong></span> <span class='ocrx_word' id='word_1_766' title='bbox 2528 5609 2625 5658; x_wconf 75' lang='grc' dir='ltr'><strong>καὶ</strong></span> <span class='ocrx_word' id='word_1_767' title='bbox 2658 5607 2818 5677; x_wconf 86' lang='grc' dir='ltr'><strong>ἁγίαν</strong></span> <span class='ocrx_word' id='word_1_768' title='bbox 2845 5612 2939 5666; x_wconf 77' lang='grc' dir='ltr'><strong>καὶ</strong></span> <span class='ocrx_word' id='word_1_769' title='bbox 2971 5613 3381 5691; x_wconf 78' lang='grc' dir='ltr'><strong>οίκουμενικὴν,</strong></span> <span class='ocrx_word' id='word_1_770' title='bbox 3431 5623 3527 5676; x_wconf 77' lang='grc' dir='ltr'><strong>καὶ</strong></span> <span class='ocrx_word' id='word_1_771' title='bbox 3554 5625 3671 5688; x_wconf 86' lang='grc' dir='ltr'><strong>ταῖς</strong></span> <span class='ocrx_word' id='word_1_772' title='bbox 3708 5621 3800 5694; x_wconf 69' lang='grc' dir='ltr'><strong>πρὸ</strong></span> 
     </span>
    </p>
   </div>
   <div class='ocr_carea' id='block_1_112' title="bbox 1835 5747 2518 5822">
    <p class='ocr_par' dir='ltr' id='par_1_112' title="bbox 1835 5747 2518 5822">
     <span class='ocr_line' id='line_1_112' title="bbox 1835 5747 2518 5822; baseline 0.026 -19"><span class='ocrx_word' id='word_1_773' title='bbox 1835 5747 2071 5807; x_wconf 67' lang='lat' dir='ltr'><strong>VARUS</strong></span> <span class='ocrx_word' id='word_1_774' title='bbox 2112 5751 2518 5822; x_wconf 74' lang='lat' dir='ltr'><strong>LECTIONES.</strong></span> 
     </span>
    </p>
   </div>
   <div class='ocr_carea' id='block_1_113' title="bbox 637 5857 1732 5945">
    <p class='ocr_par' dir='ltr' id='par_1_113' title="bbox 637 5857 1732 5945">
     <span class='ocr_line' id='line_1_113' title="bbox 637 5857 1732 5945; baseline 0.023 -36"><span class='ocrx_word' id='word_1_775' title='bbox 637 5861 663 5892; x_wconf 85' lang='grc'><em>³</em></span> <span class='ocrx_word' id='word_1_776' title='bbox 694 5857 798 5930; x_wconf 76' lang='lat' dir='ltr'><strong>leg.</strong></span> <span class='ocrx_word' id='word_1_777' title='bbox 829 5865 1165 5934; x_wconf 82' lang='grc' dir='ltr'><strong>κυρωθέντα.</strong></span> <span class='ocrx_word' id='word_1_778' title='bbox 1246 5883 1272 5914; x_wconf 79' lang='grc' dir='ltr'>ι</span> <span class='ocrx_word' id='word_1_779' title='bbox 1305 5873 1391 5928; x_wconf 70' lang='lat' dir='ltr'><strong>id.</strong></span> <span class='ocrx_word' id='word_1_780' title='bbox 1442 5875 1732 5945; x_wconf 76' lang='grc' dir='ltr'><strong>διατάξεις.</strong></span> 
     </span>
    </p>
   </div>
  </div>
