4044 6466
266 427 369 491 741
1426 436 1829 497 EPISTOLAF

1931 437 1963 495 ii
2006 436 2235 497 LIBER
2276 438 2327 499 Ι.
3426 437 3535 501 742

268 540 445 613 αὐτῆς
477 538 537 607 ἒξ
568 541 807 607 συνόδοις
825 547 1339 620 συνανακηρύττειν.
1368 549 1443 603 Τὸ
1463 551 1572 620 γὰρ
1606 550 1682 621 μὴ
1709 549 1829 604 οὔτι

1959 550 2109 605 ribus
2154 549 2481 621 publicetur.
2515 548 2650 605 Nam
2682 551 2726 605 si
2768 548 2869 603 hoc
2905 549 3375 627 ﬁerinegligatur,
3424 553 3532 608 im-

258 631 697 701 διαπράττεσθαι
743 637 837 687 καὶ
874 640 1070 704 ποιεῖν,
1121 640 1338 710 πρῶτον
1367 642 1465 711 μὲν
1498 643 1701 696 ἀδικεῖν
1732 645 1826 695 ὲστ

1951 641 2144 711 primis
2172 642 2376 698 Christi
2411 641 2652 698 Ecclesia
2695 644 2895 713 injuria
2925 643 3175 707 alIicitur,
3219 644 3307 698 ubi
3332 643 3454 697 talis
3475 655 3532 699 et

256 725 363 794 τὴν
410 723 507 777 τοῦ
558 725 799 795 Χριστοῦ
870 730 1218 801 Ἐκκλησίαν,
1294 733 1632 806 τηλικαύτην
1679 736 1847 805 ὑπερ-

269 817 518 885 ορῶντας
549 819 790 886 σύνοδον,
824 822 916 875 καὶ
950 823 1188 895 τοσούτῳ
1226 825 1382 896 μέρει
1411 827 1505 879 τὸν
1552 827 1845 895 σύνδεσμον

255 908 433 979 αὐτῆς
480 912 576 964 καὶ
619 913 720 984 τὴν
765 914 1065 983 συνάφειαν
1102 916 1446 982 διασπῶντας
1477 920 1574 974 καὶ
1598 919 1842 973 διαλύον-

251 1017 380 1064 τας.
422 1002 685 1075 Δεύτερον
706 1005 762 1057 δὲ
787 1045 802 1069 ,
834 1008 925 1059 καὶ
952 1008 1062 1061 τῶν
1099 1010 1623 1081 είκονομαχούντων,
1655 1004 1731 1065 ὧν
1755 1011 1845 1064 ού-

253 1091 349 1145 δὲν
394 1094 615 1149 ἔλαττον
658 1095 765 1149 τῶν
806 1098 981 1153 ἄλλων
1022 1102 1337 1171 αἱρετικῶν,
1375 1099 1434 1156 εὖ
1479 1101 1576 1156 οἷδ’
1630 1103 1711 1157 ἵκει
1742 1120 1843 1175 μυ-

256 1187 554 1240 σάττεσθαι
584 1189 612 1228 b
643 1190 705 1243 τὸ
748 1190 1090 1264 δυσσέϐημα,
1142 1195 1431 1250 πλατύνειν
1459 1197 1577 1250 ἐστὶ
1609 1196 1678 1250 τὰ
1722 1198 1843 1251 στό-

256 1294 431 1348 ματα’
470 1281 592 1350 οὐχὶ
622 1282 976 1356 οίκουμενικῇ
1012 1287 1213 1359 συνόδῳ
1239 1287 1337 1360 τὴν
1363 1288 1541 1343 αὐτῶν
1576 1289 1835 1361 καθαιρε-

252 1369 418 1439 θῆναι
440 1371 781 1439 δυσσέϐειαν,
816 1375 931 1429 ἀλλ’
964 1378 1079 1442 ἐνὸς
1114 1378 1304 1451 θρόνου
1333 1381 1532 1453 κρίσει,
1556 1381 1656 1451 τὴν
1678 1381 1836 1453 δίκην

253 1464 504 1534 ὑπέχειν,
538 1469 814 1539 πρόφασιν
842 1472 1075 1540 ἐχόντων
1115 1475 1194 1535 είς
1222 1474 1282 1525 τὸ
1309 1474 1719 1545 τερατεύεσθαι.

329 1555 439 1623 μδ’.
479 1558 557 1609 Δι’
585 1558 732 1630 ἅπερ
757 1560 995 1625 ἅπαντα,
1022 1562 1078 1616 ἓν
1103 1580 1162 1615 τε
1186 1567 1298 1628 τοῖς
1326 1566 1624 1629 συνοδικοῖς
1647 1565 1832 1637 γράμ-

255 1664 427 1715 μασι,
484 1651 578 1703 καὶ
659 1653 720 1706 ὲν
799 1653 989 1717 ἄλλαις
1054 1656 1295 1717 ἁπάσαις
1350 1657 1835 1729 ἐκκλησιαστικαῖς

252 1740 523 1809 ἱστορίαις
577 1744 673 1798 καὶ
739 1746 1125 1818 συζητήσεσιν,
1182 1748 1436 1819 ἀριθμεῖν
1493 1750 1699 1822 ταύτην
1738 1752 1833 1804 καὶ

251 1835 685 1903 συγκαταλέγειν
748 1840 867 1902 ταῖς
938 1840 1127 1908 ἁγίαις
1170 1842 1268 1895 καὶ
1326 1844 1731 1913 οἱκουμενικαῖς
1770 1845 1829 1912 ἓξ

250 1924 494 1988 συνόδοις
515 1966 530 1990 ,
556 1926 793 1999 ἑϐδόμην
823 1930 1150 1998 μετακείνας
1187 1942 1210 1970 ο
1238 1931 1549 1998 τάττοντας,
1574 1931 1835 2005 ἀξιοῦμέν

247 2032 332 2079 τε,
368 2017 463 2069 καὶ
512 2017 589 2082 ὡς
625 2020 873 2088 ἀδελφοῖς
916 2022 1156 2091 ἀδελφοὶ,
1190 2024 1565 2096 παραινοῦμεν
1600 2026 1670 2079 τὰ
1700 2027 1834 2099 πρέ-

248 2125 426 2163 ποντα
454 2112 676 2181 είσηγού
685 2130 858 2183 μενοι.

327 2208 431 2271 με’.
472 2204 707 2274 Χριστὸς
736 2206 814 2271 δὲ,
846 2208 875 2260 ὀ
910 2206 1162 2279 ἀληθινὸς
1194 2208 1327 2273 Θεὸς
1353 2210 1533 2282 ἡμῶν,
1560 2214 1589 2266 ὀ
1618 2212 1836 2286 πρῶτος

215 2294 348 2346 καὶ
383 2295 557 2364 μέγας
601 2297 913 2368 ἀρχιερεὺς,
955 2302 982 2352 ὁ
1013 2299 1261 2355 ἑκούσιον
1292 2303 1431 2374 ὑπὲρ
1456 2305 1611 2375 ἡμῶν
1640 2307 1834 2361 ἑαυτὸν

248 2384 759 2459 καλλιερησάμενος
805 2390 1055 2459 σφάγιον,
1088 2393 1188 2446 καὶ
1232 2395 1289 2447 τὸ
1332 2396 1533 2448 οἰκεῖον
1566 2391 1706 2468 αἷμα
1735 2397 1833 2450 λύ-

240 2496 380 2561 τρον
403 2481 544 2551 ὑπὲρ
571 2481 728 2552 ἡμῶν
752 2483 1139 2554 καταθέμενος,
1161 2486 1278 2557 δοίη
1305 2487 1406 2558 μὲν
1432 2489 1531 2559 τὴν
1561 2490 1833 2563 ὑμετέραν

246 2573 641 2644 ἀρχιερατικὴν
668 2574 762 2629 καὶ
780 2577 968 2646 τιμίαν
992 2580 1235 2651 κεφαλὴν
1262 2581 1496 2652 κρείττω
1515 2583 1624 2636 τῶν
1648 2583 1833 2657 κύκλῳ

248 2665 664 2737 καθισταμένων
705 2667 1060 2742 βαρϐαρικῶν
1110 2673 1281 2731 ἐθνῶν
1310 2672 1566 2743 ὀφθῆναι*
1611 2676 1728 2748 δοίη
1774 2676 1832 2729 δὲ

245 2757 485 2828 γαληνὸν
526 2759 620 2813 καὶ
669 2761 876 2832 ἤρεμον
910 2763 1156 2829 ἐξανύειν
1199 2766 1289 2819 τὸν
1316 2763 1409 2818 τοῦ
1446 2766 1563 2837 βίου
1607 2768 1828 2841 δρόμον·

245 2848 368 2919 δοίη
397 2850 454 2902 δὲ
484 2855 668 2922 τυχεῖν
703 2855 796 2907 καὶ
826 2856 925 2925 τῆς
956 2855 1067 2909 ἄνω
1097 2856 1452 2927 κληρουχίας,
1480 2860 1832 2932 ἀνεκλαλήτῳ

246 2944 399 3013 χαρᾷ
435 2946 529 2996 καὶ
563 2946 894 3018 εὐφροσύνῃ,
927 2947 1056 3001 ἔνθα
1089 2950 1310 3003 πάντων
1347 2953 1495 3005 ἐστὶν
1538 2953 1831 3025 εὐφραινο-

248 3035 431 3103 μένων
460 3037 493 3106 ή
525 3038 776 3092 κατοικία
800 3080 815 3104 ,
851 3041 945 3094 καὶ
989 3037 1056 3113 ἦς
1088 3043 1301 3114 ἀπέδρα
1346 3045 1508 3116 ὀδύνη
1551 3047 1702 3100 πᾶσα
1735 3049 1831 3101 καὶ

249 3129 560 3200 στεναγμὸς
589 3133 684 3185 καὶ
732 3134 1024 3203 κατήφεια⁸
1055 3138 1112 3190 ἐν
1152 3137 1302 3207 αὐτῷ
1334 3139 1555 3212 Χριστῷ
1585 3141 1663 3213 τῷ
1691 3140 1827 3211 ἀλη-

1949 744 2098 789 tanta
2128 736 2366 807 synodus
2392 737 2672 806 despectui
2704 737 2955 804 habetur,
2986 746 3042 791 et
3063 737 3235 806 ipsius
3258 737 3448 803 copula
3476 746 3533 791 et

1949 829 2263 894 conjunctio
2284 844 2380 898 per
2408 829 2532 883 talis
2558 830 2703 884 modi
2727 832 2895 900 partis
2919 829 3330 884 temerationem
3352 829 3531 884 disso-

1946 919 2059 973 luta
2110 920 2461 990 discerpitur.
2511 921 2783 988 Secundo,
2818 922 3028 977 accedit
3053 922 3199 992 quod
3246 922 3530 976 iconoma-

1946 1012 2174 1065 chorum
2210 1012 2479 1083 impietas,
2510 1016 2812 1084 quam'scio
2844 1030 2943 1069 vos
2973 1030 3085 1069 non
3126 1016 3309 1069 minus
3370 1015 3527 1069 dete-

1944 1103 2075 1158 stari
2107 1119 2267 1172 quam
2286 1106 2514 1159 aliorum
2538 1106 2942 1173 haereticorum,
2974 1123 3067 1162 ora
3096 1107 3480 1162 distendentur
3507 1123 3523 1172 ;

1944 1209 2072 1249 cum
2107 1212 2217 1249 non
2253 1213 2351 1266 per
2374 1198 2639 1269 synodum
2673 1200 3056 1260 universalem,
3080 1198 3177 1253 sed
3206 1197 3370 1251 unius
3404 1208 3527 1251 tan-

1945 1296 2059 1341 tum
2113 1289 2257 1343 sedis
2284 1291 2614 1345 sententiam
2661 1292 2905 1362 ipsorum
2938 1292 3157 1361 impiam
3208 1290 3522 1360 opinionem

1940 1380 2200 1435 diﬁlatam
2231 1389 2285 1435 et
2307 1382 2514 1451 judicio
2547 1383 2879 1447 damnatam,
2909 1399 3032 1438 cum
3060 1384 3291 1453 quadam
3323 1383 3522 1451 proba-

1939 1473 2152 1528 bilitate
2177 1476 2643 1543 ampullabuutur.

2012 1565 2100 1618 44.
2142 1564 2223 1619 Ob
2250 1565 2352 1619 ista
2392 1568 2575 1621 omnia
2608 1583 2881 1639 rogamus,
2909 1577 2965 1622 et
2997 1575 3058 1621 ut
3086 1569 3283 1622 fratres
3313 1580 3524 1638 germa-

1936 1671 2037 1710 nos
2052 1664 2267 1712 nostros
2284 1656 2653 1724 exhortamur,
2685 1670 2741 1713 ut
2757 1660 2898 1729 quod
2918 1677 3013 1730 par
3032 1668 3087 1714 et
3107 1676 3321 1729 aequum
3354 1668 3436 1714 est
3463 1658 3522 1715 in

1936 1763 2095 1801 usum
2136 1748 2446 1813 inducatur,
2496 1751 2755 1805 nimirum
2803 1753 2941 1805 utin
2988 1752 3261 1823 synodicis
3300 1751 3516 1814 litteris,

1936 1847 1993 1893 et
2013 1838 2431 1909 quibuscunque
2462 1840 2585 1895 aliis
2634 1842 3023 1896 ecclesiasticis
3055 1841 3219 1894 rebus
3259 1840 3443 1909 gestis,
3465 1847 3521 1891 et

1936 1934 2303 2001 quaestionum
2350 1932 2742 2003 agitationibus
2778 1974 2793 1999 ,
2844 1934 2963 1988 haec
3009 1934 3240 2003 septima
3281 1931 3520 2003 synodus

1935 2025 2127 2079 eodem
2154 2034 2348 2079 tenore
2376 2024 2660 2092 collocata,
2705 2042 2830 2081 cum
2864 2026 3077 2081 caeteris
3104 2040 3201 2080 sex
3229 2025 3434 2080 sanctis
3464 2031 3520 2077 et

1935 2118 2291 2173 mcumenicis
2317 2118 2596 2173 recitetur.

2004 2210 2095 2265 45.
2137 2209 2388 2265 Christus
2436 2219 2618 2266 autem
2647 2225 2809 2266 verus
2850 2210 2941 2266 ille
2972 2211 3117 2267 Deus
3158 2221 3370 2273 noster,
3428 2209 3519 2264 ille

1934 2302 2191 2372 princeps
2219 2311 2273 2357 et
2313 2304 2583 2359 maximus
2618 2304 2981 2372 sacerdotum,
3015 2305 3107 2375 qui
3157 2313 3516 2375 spontaneam

1933 2408 1993 2448 se
2018 2409 2116 2463 pro
2144 2395 2302 2449 nobis
2323 2395 2593 2449 otl‘erebat
2617 2395 2875 2461 hostiam,
2907 2408 2959 2450 et
2989 2396 3270 2465 proprium
3300 2396 3517 2466 sangui-

1932 2501 2061 2539 nem
2110 2495 2312 2540 nostra?
2345 2487 2736 2556 redemptionis
2767 2490 3008 2556 pretium
3044 2504 3144 2557 pro
3174 2487 3334 2541 nobis
3381 2502 3515 2541 con-

1934 2577 2078 2641 tulit,
2104 2579 2369 2632 concedat
2400 2589 2460 2633 ut
2505 2579 3003 2634 archisacerdotale
3049 2589 3295 2634 vestrum
3320 2587 3377 2633 et
3415 2594 3515 2633 ve-

1931 2670 2233 2723 nerandum
2264 2681 2449 2740 caput,
2480 2685 2644 2740 supra
2683 2671 2963 2730 barbaras.
2989 2687 3109 2740 quae
3137 2672 3191 2724 in
3226 2671 3513 2741 procinctu

1933 2763 2363 2829 circumsistuut,
2423 2763 2673 2818 nationes
2700 2764 2975 2818 attollatur
3004 2781 3018 2830 ;
3052 2764 3318 2818 concedat
3359 2772 3513 2816 tran-

1932 2856 2159 2924 quillum
2195 2858 2351 2911 vobis
2396 2866 2454 2912 et
2477 2858 2723 2928 quietum
2772 2857 2895 2911 vita:
2933 2872 3155 2911 cursum
3199 2855 3509 2919 conficere;

1933 2949 2023 3004 det
2046 2958 2106 3003 ut
2125 2950 2477 3019 consequaris
2506 2960 2707 3004 sortem
2742 2950 2885 3004 illam
2911 2965 3200 3019 supernam
3228 2964 3351 3003 cum
3384 2964 3516 3017 gau-

1931 3039 2023 3094 dio
2074 3040 2445 3109 inexplicabili
2479 3050 2536 3096 et
2576 3041 2995 3103 delectamento,
3022 3041 3113 3094 tibi
3148 3040 3250 3094 sita
3299 3039 3510 3093 exhila-

1930 3141 2171 3185 ratorum
2206 3131 2487 3196 habitatio,
2518 3148 2549 3186 a
2574 3148 2679 3202 qua
2705 3134 2913 3186 exsulat
2935 3132 3111 3185 omnis
3143 3131 3316 3196 dolor,
3344 3118 3537 3200 gemi-b

247 3219 381 3290 θινῴ
422 3220 540 3291 Θεῷ
583 3222 761 3294 ⁴ἡμῶν,
790 3218 835 3292 ᾧ
864 3226 898 3295 ἡ
926 3225 1053 3289 δόξα
1098 3227 1193 3280 κα)⁸
1237 3227 1298 3281 τὸ
1345 3229 1545 3299 κράτος
1574 3230 1655 3293 είς
1703 3230 1828 3293 τοὺς

1934 3232 2021 3278 tus
2053 3232 2107 3277 et
2148 3224 2381 3293 dejectio
2412 3225 2613 3290 vultus,
2643 3241 2740 3294 per
2774 3225 2948 3294 ipsum
2989 3223 3288 3286 Christum,
3338 3224 3509 3277 Deum

245 3314 455 3377 αἰῶνας
501 3314 610 3369 τῶν
646 3314 879 3370 αἰώνων.
923 3318 1120 3390 ’Δμήν.

327 3495 779 3567 ’Υπερευχόμεθα
812 3496 967 3568 ὑμῶν
1018 3499 1163 3552 κατὰ
1203 3497 1361 3571 χρέος
1404 3501 1505 3571 τῆς
1553 3501 1828 3572 πατρικῆς

242 3595 547 3661 ὁσιότητος,
579 3590 891 3661 μέμνησθαι
916 3590 1012 3644 καὶ
1033 3591 1183 3644 αὐτοὶ
1211 3592 1308 3662 τῆς
1331 3593 1363 3661 ἡ
1373 3592 1489 3662 μῶν
1517 3593 1596 3662 μὴ
1624 3592 1828 3646 διαλεί-

246 3701 404 3737 ποιτε
434 3682 808 3754 μετριότητος.

854 3772 1080 3826 ΕΠΙΣΤ.
1123 3772 1222 3827 ΙΔ’.

326 3867 462 3922 Ἀπὸ
496 3864 607 3935 τῆς
635 3866 976 3935 ὑπερορίας,
1007 3866 1159 3935 πρὸς
1188 3864 1332 3932 τοὺς
1354 3865 1747 3932 ἐπισκόπους.

1931 3323 2181 3370 nostrum
2235 3333 2447 3383 verum,
2484 3317 2569 3372 cui
2609 3317 2779 3388 gloria
2826 3325 2880 3371 et
2930 3325 3169 3386 potestas
3199 3316 3256 3371 in
3312 3316 3509 3371 saecula

1926 3408 2273 3462 saeculorum.
2306 3408 2502 3463 Amen.

1994 3499 2362 3569 Maximopere
2390 3516 2487 3555 vos
2512 3517 2764 3572 rogamus
2787 3508 2847 3554 ut
2874 3501 3026 3570 juxta
3049 3499 3293 3554 debitum
3322 3507 3508 3569 pater-

1924 3605 2008 3644 na:
2038 3591 2363 3653 sanctitatis,
2392 3607 2461 3645 ne
2484 3592 3042 3648 velitisintermittere
3062 3603 3263 3646 nostra:
3298 3592 3509 3646 medio-

1923 3679 2129 3735 critatis
2152 3679 2489 3735 meminisse.

2526 3773 2747 3830 EPIST.
2776 3774 2913 3831 XIV.

2308 3872 2387 3924 Ad
2412 3872 2695 3941 episcopos,
2724 3872 2789 3925 ab
2805 3870 2988 3925 exsilio
3009 3888 3121 3925 suo.

1359 3987 1500 4039 Edita
1524 4002 1552 4037 a
1584 3987 1882 4038 Montacutio
1916 3990 2019 4052 (ep.
2046 3989 2152 4050 174,
2174 4004 2225 4053 p.
2248 3992 2383 4053 2t5).

328 4099 470 4166 Ἐγὼ
494 4096 761 4168 θαυμάζω
788 4093 904 4159 πῶς
923 4094 1068 4148 οὕτω
1100 4095 1329 4167 ταχέως,
1364 4096 1511 4159 ὅστις
1541 4095 1673 4148 ποτὲ
1700 4095 1819 4148 ἐστὶ

242 4192 476 4254 ἐκεῖνος,
506 4188 605 4258 τῆς
628 4186 785 4258 ἡμῶν
816 4186 1111 4239 ἐπελάθετο
1140 4186 1390 4253 φύσεως*
1425 4186 1547 4239 οὐδὲ
1567 4186 1675 4257 γὰρ
1709 4186 1817 4239 οὐδ’

1999 4094 2192 4149 Mirum
2227 4098 2373 4152 unde
2407 4096 2520 4161 ﬁat,
2542 4104 2603 4150 ut
2633 4097 2678 4151 is
2699 4098 3014 4166 quicunque
3040 4094 3258 4148 tandem
3287 4093 3375 4148 ille
3411 4092 3502 4159 sit,

1925 4204 2088 4259 quem
2113 4189 2375 4261 intelligo,
2399 4199 2509 4243 tam
2533 4190 2640 4244 cito
2666 4200 2876 4243 naturae
2904 4204 3037 4242 mea:
3059 4187 3506 4258 etdispositionis

240 4283 469 4352 ὀνόματι
523 4280 615 4333 τὸν
668 4278 892 4347 ἔλεγχον
947 4277 1239 4349 βουλοίμην
1287 4279 1353 4332 ἂν
1409 4279 1817 4350 προσενεγκεῖν,

1931 4282 1999 4335 sit
2044 4282 2284 4336 oblitus:
2337 4296 2516 4351 neque
2582 4284 2726 4336 enim
2773 4282 2907 4335 libet
2962 4281 3111 4334 illum
3166 4280 3234 4335 de
3282 4282 3505 4336 nomine

238 4374 351 4429 οὐδ’
392 4374 459 4427 ἂν
496 4369 618 4426 ἔτι(ι
654 4372 997 4443 προσραγείη
1051 4370 1463 4442 αὐθαδέστερον.
1525 4372 1678 4424 Ἐπεὶ
1725 4372 1823 4424 καὶ

1931 4372 2284 4439 compellare,
2316 4386 2385 4425 ne
2420 4380 2534 4424 tum
2561 4371 2783 4440 quidem
2814 4373 2860 4425 si
2888 4372 3196 4441 protervius
3216 4371 3271 4425 in
3303 4388 3389 4426 me
3418 4372 3503 4426 fe-

242 4470 376 4539 ρᾷον
418 4466 529 4537 ὁρῶ
557 4468 685 4529 τοὺς
717 4463 945 4527 πολλοὺς
972 4462 1050 4534 τῷ
1086 4464 1196 4517 τῶν
1233 4465 1478 4535 ἐλέγχων
1506 4462 1824 4536 ἀπροσώπῳ

237 4560 730 4630 νουθετουμένους,
779 4561 813 4630 ἢ
861 4560 961 4631 τὴν
1014 4561 1071 4612 ἐν
1104 4558 1448 4629 προσηγορίᾳ
1501 4558 1823 4628 παραίνεσιν

237 4653 529 4723 φέροντας.
568 4650 729 4703 Ἀλλά
763 4650 880 4714 πῶς
910 4648 1056 4702 οὕτω
1086 4649 1279 4701 θᾶττον
1304 4650 1453 4718 ἡμᾶς
1477 4648 1655 4701 ὀπίσω
1686 4648 1823 4717 μνή-

240 4762 353 4815 μης
383 4743 618 4815 ἀφῆκεν,
659 4744 801 4797 ὥστε
842 4745 937 4796 καὶ
983 4742 1252 4811 τοσαύτην
1285 4740 1443 4810 ἡμῶν
1482 4739 1686 4804 ἄνοιαν,
1728 4740 1820 4793 καὶ

239 4835 404 4890 θείων
448 4837 629 4906 νόμων
677 4836 972 4908 ὀλιγωρίαν
1019 4833 1373 4899 ἔπιδαλεῖνο;
1418 4833 1580 4887 πόθεν
1619 4832 1675 4886 δὲ
1727 4834 1822 4886 ἐπὶ

237 4928 497 4982 τοσοῦτον
552 4930 649 4998 τῆς
705 4931 865 5000 ἡμῶν
920 4928 1380 4995 κατεξανίσταται
1440 4927 1819 4998 μετριότητος;

240 5021 449 5093 μᾶλλον
479 5021 537 5074 δὲ
557 5021 642 5084 τίς
665 5022 829 5074 αὑτὸν
857 5024 937 5086 εἰς
968 5020 1306 5093 τηλικαύτην
1332 5020 1527 5092 ἀθρόον
1555 5020 1821 5075 ἀνάϐασιν

239 5112 479 5184 ὕψωσεν,
520 5111 659 5166 ὥστε
692 5115 785 5166 καὶ
822 5113 988 5184 μηδὲν
1016 5113 1175 5184 ἡμῶν
1204 5111 1614 5183 φθεγγομένων,
1655 5112 1820 5165 αὑτὸν

237 5207 393 5276 ὅμως
451 5203 694 5267 ἀκούειν,
742 5205 834 5257 καὶ
886 5204 1008 5275 μηδ’
1058 5206 1152 5258 ἐπὶ
1213 5204 1473 5275 λογισμὸν
1532 5202 1815 5256 τοιοῦτον(

238 5299 508 5369 ἡκόντων,
560 5298 790 5364 ἐκεῖνον,
836 5296 1027 5368 ὥσπερ
1076 5297 1183 5351 ἀπό
1213 5314 1360 5360 τινος
1410 5299 1670 5363 σκοπιᾶς,
1718 5296 1819 5366 τῆς

238 5389 453 5443 οἴκοθεν
485 5387 789 5457 φαντασίας
829 5387 1112 5458 ἐφορῶντα
1157 5387 1257 5451 τὰς
1292 5386 1553 5458 καρδίας,
1595 5386 1689 5440 καὶ
1719 5389 1819 5457 ὲμ-

240 5480 543 5534 ϐατεύοντα
577 5480 775 5543 αὐτοὺς
804 5480 990 5532 ἐκεῖνα
1029 5478 1268 5533 συνιέναι
1298 5480 1393 5532 καὶ
1424 5480 1730 5543 κατανοεῖν,
1781 5476 1818 5531 ἃ

243 5573 368 5645 μηδ’
398 5574 612 5639 ἑαυτοῖς
658 5591 803 5639 τινες
833 5571 1290 5643 συνεγνώκεισαν.
1333 5571 1443 5624 Καὶ
1471 5572 1632 5624 πλέον
1671 5569 1815 5635 ἔδοξε

1924 4472 2098 4518 ratur.
2141 4463 2382 4533 Intelligo
2421 4464 2571 4518 enim
2599 4464 2885 4533 plurimos,
2928 4480 3051 4519 cum
3098 4464 3200 4518 sub
3252 4464 3399 4518 larva
3449 4474 3506 4519 et

1924 4555 1980 4609 in
2015 4564 2333 4626 tegumeuto
2396 4564 2671 4621 taxentur,
2721 4555 2937 4611 facilius
2982 4556 3158 4611 redire
3197 4557 3262 4611 ad
3291 4573 3385 4611 cor
3416 4557 3503 4609 in-

1923 4658 2162 4703 structos
2184 4663 2346 4717 quam
2375 4648 2468 4718 qui
2492 4649 2559 4703 de
2584 4648 2806 4703 nomine
2836 4650 2982 4704 citati
3001 4664 3342 4719 nequaquam
3356 4647 3501 4702 ferre

1923 4740 2092 4794 velint
2151 4740 2600 4809 increpatiouem.
2634 4741 2739 4796 Sed
2785 4741 2875 4796 ille
2909 4751 3086 4795 tamen
3120 4740 3363 4810 quisquis
3394 4749 3498 4804 est,

1922 4833 2051 4888 inde
2079 4832 2303 4897 factum,
2340 4843 2398 4887 ut
2430 4840 2538 4888 tam
2558 4833 2666 4888 cito
2696 4843 2897 4888 nostrae
2930 4843 3140 4888 natura:
3172 4832 3337 4886 fuerit
3358 4832 3500 4886 obli-

1922 4936 2033 4991 tus,
2075 4936 2131 4982 ut
2175 4927 2429 4982 amentia:
2457 4941 2546 4981 me
2584 4927 2819 4991 iucuset,
2863 4935 2919 4980 et
2974 4926 3276 4980 divinarum
3319 4925 3500 4997 legum

1921 5029 2309 5090 contemptus:
2356 5020 2503 5074 unde
2540 5029 2722 5074 motus
2764 5027 2859 5073 aut
2908 5017 3163 5071 incitatus
3213 5026 3500 5089 tantopere

1920 5112 2170 5167 invectus
2188 5120 2273 5167 est
2294 5112 2349 5165 in
2372 5127 2548 5166 meam
2572 5110 3007 5165 mediocritatem
3036 5109 3197 5172 :imo,
3219 5111 3342 5179 quis
3371 5127 3497 5166 eum

1922 5204 2129 5271 potius,
2157 5205 2295 5258 adeo
2321 5203 2608 5258 sublimem
2627 5201 2846 5268 extulit,
2875 5211 3072 5256 utcqu
3101 5203 3328 5258 omnino
3352 5214 3500 5259 tace-

1920 5312 2104 5351 remus
2124 5339 2140 5364 ,
2170 5297 2260 5352 ille
2286 5306 2469 5351 tamen
2496 5310 2595 5349 nos
2621 5294 2925 5349 exaudiret.
2959 5294 3073 5350 Imo
3106 5312 3228 5351 cum
3257 5312 3327 5351 ne
3348 5297 3499 5368 cogi-

1920 5390 2125 5443 tatione
2170 5388 2389 5459 quidem
2447 5387 2650 5457 aliquid
2703 5387 2972 5457 ejusmodi
3007 5391 3500 5461 comprehendere—
3559 5412 3577 5423 -

1919 5497 2060 5544 mus,
2094 5480 2184 5535 ille
2224 5490 2405 5535 tamen
2439 5496 2470 5536 e
2509 5480 2726 5551 propria
2775 5496 2872 5536 sua
2920 5481 3330 5553 imaginatione,
3377 5492 3497 5535 tan-

1918 5587 2080 5642 quam
2113 5573 2181 5627 ab
2211 5572 2317 5626 alta
2347 5572 2578 5642 quadam
2613 5572 2833 5643 specula
2868 5588 2963 5629 cor
3007 5573 3247 5629 hominis
3294 5572 3495 5627 intuitu

1530 5748 1759 5806 VARIAE
1789 5746 2198 5804 LECTIONES.

311 5895 343 5937 δ
374 5895 461 5949 ῖσ.
489 5893 844 5966 μυσάττεσθε.
924 5903 946 5933 ε
979 5893 1063 5947 ῖσ.
1100 5890 1219 5963 μετ’
1246 5890 1484 5955 ὲκείνας.
1558 5887 1586 5928 ά
1617 5888 1773 5955 εἴτις.

1853 5900 1876 5929 ο
1908 5888 2208 5943 ἐπικαλεῖν.
2291 5886 2311 5927 ί
2335 5884 2599 5942 τοιοῦτον.
