4004 6470
539 417 644 480 ’743

1700 410 1962 470 ΡΠΟΤΙΙ
1997 410 2129 470 ΡΛἸ

2231 409 2506 469 ARCII
2541 411 2651 470 (ΣΡ.
3701 412 3789 481 744

539 548 641 587 suo
675 543 984 600 permeans,
1018 543 1080 582 ea
1106 523 1470 596 deprehendit
1494 530 1550 577 et
1575 523 1866 587 intellexit,
1894 538 2124 592 quorum

2231 522 2298 576 τά
2326 522 2436 576 τῶν
2466 521 2774 593 ἀνθρώπων
2806 521 3032 588 εἰδέναι,
3069 522 3101 592 ἢ
3133 522 3194 576 τὸ
3218 522 3437 594 πνεῦμα
3466 523 3530 577 τὸ
3569 525 3793 580 ἐνοικοῦν

543 639 706 678 uenio
739 623 844 676 sibi
882 622 984 692 ipsi
1021 620 1274 676 conscius
1307 617 1430 672 fuit.
1471 616 1538 672 Et
1570 617 1637 672 de
1675 617 1841 671 rebus
1893 617 2125 671 aliorum

544 715 808 782 majorem
878 714 1077 768 habere
1131 711 1306 765 voluit
1356 709 1726 779 cognitionem
1795 720 2124 780 arrogatam,

541 823 704 875 quam
733 807 959 875 spiritus
986 805 1235 859 homines
1261 802 1571 856 inhabitans
1603 804 1766 856 habet
1804 819 1818 856 :
1868 811 1921 855 et
1943 811 2126 855 tamen

542 901 762 963 Paulus,
807 900 899 969 qui
939 908 1263 968 proventum
1300 899 1530 952 istorqu
1574 898 1857 950 hominum
1886 912 1995 949 non
2029 911 2126 949 ex-

545 995 845 1063 spectabat,
880 1008 1065 1062 parem
1097 1007 1222 1044 cum
1255 990 1449 1059 spiritu
1489 989 1726 1043 hominis
1761 989 2127 1060 cognitionem

542 1089 766 1142 omnino
799 1087 1085 1156 abnegavit
1120 1087 1276 1139 alicui
1313 1085 1548 1139 futuram
1575 1085 1889 1153 aliquando.
1929 1083 2127 1137 Verum

543 1181 832 1234 enimvero
889 1179 1016 1248 quid
1076 1180 1293 1234 tandem
1345 1179 1399 1232 in
1444 1194 1607 1233 causa
1658 1178 1960 1247 reperietur
2008 1193 2128 1232 esse

541 1273 697 1336 tanti,
727 1282 786 1326 ut
813 1273 879 1325 de
900 1271 1185 1340 multiplici
1211 1271 1451 1325 amentia
1479 1271 1821 1332 incusemur,
1855 1271 1921 1324 de
1952 1270 2129 1323 Eccle-

541 1367 620 1419 sia
653 1365 918 1418 catholica
943 1364 1176 1433 prodita,
1207 1363 1274 1417 de
1300 1364 1478 1433 legum
1517 1371 1834 1432 contemptu
1862 1363 2130 1416 latarum?

541 1461 670 1529 quid
703 1459 927 1512 omnino
965 1458 1270 1529 gessimus?
1299 1459 1426 1527 quid
1469 1457 1835 1527 agitavimus?
1886 1458 1971 1511 cui
2006 1465 2128 1510 tan-

535 1552 665 1604 dem
721 1550 926 1619 aliquid
986 1549 1428 1603 enuntiavimus?
1491 1547 1626 1602 Nam
1679 1559 1959 1618 utcunque
2017 1565 2128 1602 non

542 1643 738 1695 iisdem
770 1657 867 1710 per
906 1642 1088 1694 omnia
1121 1641 1303 1695 verbis
1340 1640 1654 1694 convicium
1687 1641 1845 1694 nobis
1875 1639 2022 1704 fecit,
2060 1656 2129 1694 ne

543 1743 724 1786 tamen
749 1734 888 1802 apud
913 1733 1156 1786 animum
1181 1748 1340 1786 suum
1369 1732 1572 1786 recolat
1601 1740 1656 1785 et
1683 1732 1980 1793 ominetur,
2011 1747 2129 1785 me-

543 1826 666 1878 liori
720 1841 778 1878 se
823 1839 944 1878 esse
991 1825 1306 1878 conditione
1340 1840 1501 1893 quam
1548 1825 1653 1878 erit
1684 1824 1774 1879 ille
1813 1824 1905 1893 qui
1949 1825 2128 1878 taliter

543 1918 708 1970 fuerit
759 1916 1120 1970 conviciatus.
1189 1916 1322 1969 Nam
1375 1932 1482 1969 non
1536 1926 1760 1986 gravant
1800 1931 2021 1969 sensum
2071 1926 2124 1970 et

544 2009 876 2063 sententiam
926 2023 1108 2070 voces,
1153 2009 1247 2063 sed
1291 2009 1456 2062 animi
1505 2025 1626 2078 quae
1675 2018 1760 2062 est
1819 2010 2126 2062 amaritudo

546 2101 814 2154 dictiones
861 2101 1086 2154 acerbas
1129 2101 1298 2171 magis
1343 2112 1398 2155 et
1450 2101 1823 2154 intolerabiles
1871 2103 2122 2155 reddunt.

543 2194 681 2248 Cum
723 2208 851 2246 vero
893 2193 1060 2247 verba
1103 2193 1452 2247 consentiant
1498 2194 1716 2257 animis,
1756 2203 1811 2247 et
1842 2196 2126 2248 sententia:

545 2283 815 2337 acerbitas
861 2298 985 2336 cum
1031 2285 1302 2336 sermonis
1349 2282 1638 2336 virulentia
1677 2284 2124 2352 correspoudeat,

543 2375 685 2428 nihil
719 2376 947 2429 interest
987 2390 1057 2428 an
1087 2376 1278 2428 eadem
1315 2375 1504 2428 iisdem
1541 2376 1724 2429 verbis
1755 2377 2124 2445 proferantur,

545 2481 615 2519 an
646 2465 789 2520 idem
816 2481 1009 2521 sensus
1041 2479 1139 2534 per
1157 2466 1566 2535 azquipollentia
1596 2469 1763 2521 verba
1793 2467 2124 2537 proferatur.

547 2552 702 2618 Quod
746 2553 790 2607 si
835 2562 1018 2607 autem
1053 2562 1432 2623 tempestatem
1461 2564 1516 2608 et
1547 2556 1814 2610 malorum
1857 2558 2030 2611 salum
2068 2559 2126 2612 in

546 2660 656 2713 quo
708 2645 945 2700 demersi
983 2647 1295 2701 eollidimur
1345 2649 1709 2717 reSpiciebat;
1763 2651 1806 2704 si
1863 2651 2126 2706 insultum

548 2737 762 2791 illarum
801 2738 1173 2792 calamitatum
1196 2740 1395 2808 quibus
1428 2741 1774 2811 circumsepti
1801 2743 2128 2813 cOustringi-

550 2846 693 2894 mur,
725 2830 792 2884 ad
817 2832 1112 2886 amentiam
1143 2833 1572 2903 refcrrejustum
1603 2835 1988 2899 arbitrabatur,
2022 2835 2128 2888 hu-

549 2939 740 2977 manas
763 2925 850 2978 ille
873 2925 1092 2980 fovebat
1116 2927 1497 2996 cogitationes,
1532 2935 1588 2982 et
1614 2928 1701 2997 pie
1721 2929 2084 2982 meditabatur
2107 2945 2123 2982 :

550 3018 692 3084 quod
737 3019 913 3070 solum
954 3018 1009 3071 in
1055 3021 1174 3086 eius
1208 3021 1437 3090 gratiam
1479 3021 1585 3075 dici
1629 3030 1822 3090 potest.
1863 3020 2126 3075 Malorum

548 3107 698 3161 enim
726 3109 894 3162 moles
923 3119 978 3164 et
1013 3124 1270 3165 excessus
1312 3112 1512 3165 mentis
1533 3112 1864 3166 emotionem
1907 3121 1963 3167 et
1991 3113 2126 3166 alie-

555 3202 831 3255 nationem
868 3202 920 3256 in
964 3203 1200 3272 graviter
1230 3204 1510 3274 oppressis
1546 3215 1864 3274 operantur.
1892 3206 2047 3272 Quod
2079 3207 2124 3260 si

551 3293 621 3346 de
653 3295 923 3348 sententia
957 3310 1053 3348 sua
1086 3295 1291 3364 aliquid
1322 3296 1371 3348 ei
1409 3296 1661 3361 decessit,
1714 3297 1833 3366 plus
1866 3298 1922 3351 in
1972 3298 2131 3352 nobis

553 3385 770 3439 diabolo
802 3387 1085 3454 potestatis
1111 3388 1377 3441 tributum
1405 3387 1585 3452 dabit,
1619 3405 1780 3457 quam
1812 3389 1942 3443 olim
1967 3391 2016 3443 ei
2045 3389 2134 3443 tri-

553 3477 825 3531 buebatur
858 3477 912 3530 in
947 3478 1191 3532 divinum
1227 3479 1404 3532 virum
1443 3479 1566 3534 Job.
1605 3479 1737 3533 Nam
1767 3481 1820 3534 iu
1849 3481 1992 3534 illius
2019 3482 2134 3535 ani-

554 3585 698 3623 mam
731 3578 825 3624 aut
864 3571 1028 3624 vitam
1070 3585 1181 3622 non
1221 3572 1435 3640 accepit
1473 3581 1823 3641 potestatem:
1861 3581 1916 3627 at
1943 3583 2132 3628 contra

554 3677 656 3716 nos
709 3663 878 3716 etiam
937 3665 992 3716 in
1046 3664 1284 3717 animam
1334 3665 1506 3734 ipsam
1563 3667 1883 3735 permissam
1937 3667 2134 3722 habeat

555 3753 888 3808 facultatem.
914 3755 970 3809 ln
999 3771 1067 3809 eo
1093 3755 1237 3810 enim
1257 3757 1402 3825 quod
1433 3767 1716 3828 postquam
1744 3760 1875 3814 alias
1901 3760 1954 3814 in
1985 3761 2132 3832 leges

553 3863 585 3900 a
630 3847 789 3900 nobis
833 3848 1188 3902 commissum
1243 3849 1408 3903 etiam
1451 3864 1657 3904 meram
1689 3865 1792 3905 nec
1842 3851 2130 3907 admistam

554 3939 686 3992 mihi
729 3940 996 3993 insaniam
1032 3940 1265 4008 alfricat,
1298 3942 1585 3997 manifeste
1617 3959 1677 3997 se
1722 3943 1979 4014 patefacit
2029 3945 2132 4000 hoc

553 4029 698 4097 apud
732 4028 974 4083 animum
1007 4031 1238 4100 agitasse
1267 4041 1323 4086 et
1348 4032 1655 4087 certissimo
1674 4032 1727 4087 id
1757 4033 2129 4090 constituisse.

543 4121 710 4186 Quod
750 4121 796 4175 si
837 4121 1015 4176 subito
1063 4123 1322 4192 abreptus
1359 4125 1426 4179 ad
1459 4126 1602 4179 hanc
1636 4124 1704 4180 de
1733 4127 1892 4181 nobis
1925 4128 2131 4200 cogita-

556 4216 762 4269 tionem
807 4214 929 4282 fuit,
977 4220 1117 4271 hanc
1156 4217 1246 4272 ille
1295 4216 1438 4272 viam
1475 4217 1690 4272 facilem
1743 4218 2021 4274 adinvenit
2064 4222 2130 4275 ad

553 4308 659 4362 alia
697 4309 944 4364 convicia
985 4310 1341 4379 pertexenda.
1376 4309 1447 4366 Ut
1492 4311 1741 4364 omittam
1782 4311 1836 4364 in
1877 4313 2132 4380 praesenti

553 4402 817 4472 apologiae
857 4402 1144 4456 artificium
1193 4411 1248 4456 et
1296 4404 1534 4456 fucatam
1578 4404 1840 4472 speciem,
1873 4420 1984 4458 non
2035 4405 2133 4460 de-

555 4496 675 4550 buit
723 4503 870 4548 certe
924 4505 1182 4564 tauquam
1227 4493 1295 4548 de
1339 4496 1457 4548 loco
1497 4496 1765 4564 superiori
1812 4511 1880 4550 ex
1921 4497 2132 4551 insidiis

2231 614 2289 666 ἐν
2333 615 2536 676 αὑτοῖς.
2568 615 2690 668 Κᾶν
2734 613 2982 679 Παῦλος,
3012 615 3123 667 οὐδ’
3153 615 3381 679 ἐλπίσας
3416 615 3634 687 ἀνδρῶν
3661 619 3792 688 τηλι-

2231 704 2439 758 κούτων
2471 705 2690 758 ἔσεσθαι
2723 704 2918 775 φορὰν,
2951 705 3070 758 οὑδὲ
3097 705 3196 774 τὴν
3226 706 3350 774 ἴσην
3377 705 3585 775 γνῶσιν
3607 707 3793 778 ἑτέροις

2231 798 2546 851 κατέλιπεν.
2614 797 2775 852 Ἀλλὰ
2818 797 2929 869 γὰρ
2963 798 3125 851 πόθεν
3167 797 3324 868 ἡμῶν
3356 800 3390 870 ή
3440 797 3616 868 πολλὴ
3641 816 3791 854 κατα-

2232 891 2553 951 σκεδάζεται
2585 891 2770 952 ἄνοια,
2808 891 2904 944 καὶ
2935 892 3033 960 τῆς
3075 891 3407 961 Ἑκκλησίας
3437 891 3569 962 ὅλης
3611 893 3644 959 ἡ
3675 910 3791 963 προ-

2227 983 2410 1048 δοσία;
2449 985 2541 1036 καὶ
2583 984 2693 1036 τῶν
2755 983 3026 1052 κειμένων
3081 983 3264 1052 νόμων
3317 984 3350 1052 ή
3407 982 3708 1054 ὑπεροψία;
3747 986 3790 1037 τί

2231 1076 2588 1146 πραξάντων;
2646 1075 2698 1129 τί
2751 1076 2808 1129 δὲ
2860 1076 3287 1145 διανοηθέντων;
3337 1080 3475 1146 πρὸς
3503 1076 3629 1128 τίνα,
3663 1077 3714 1129 δέ
3747 1097 3789 1131 τι

2229 1170 2718 1236 ἁπαγγειλάντωνς
2755 1170 2890 1240 μηδὲ
2922 1171 3052 1241 γὰρ,
3083 1172 3165 1222 ὅτι
3194 1172 3306 1233 τοῖς
3337 1171 3522 1233 αὑτοῖς
3549 1172 3576 1209 ε
3608 1171 3788 1239 ῥήμασι

2229 1262 2329 1328 τὴν
2359 1260 2516 1330 ὓϐριν
2560 1261 2658 1313 οὐκ
2692 1260 2880 1326 ἔθετο,
2924 1260 3148 1330 ἄμεινόν
3177 1278 3229 1313 τι
3269 1261 3392 1315 καθ’
3425 1261 3589 1331 ἡμῶν
3619 1265 3784 1324 εἰπεῖν,

2230 1351 2361 1415 τῶν,
2413 1352 2464 1403 εἴ
2497 1368 2580 1413 τις
2609 1354 2741 1420 ἡμῖν
2773 1353 2842 1404 τὰ
2887 1351 3114 1404 τοιαῦτα
3166 1352 3512 1423 λοιδορεῖται,
3547 1356 3788 1424 νομιζέτω

2232 1445 2326 1495 καὶ
2358 1442 2660 1511 λογίζοιτο,
2707 1444 2766 1496 ού
2813 1445 2922 1513 γὰρ
2949 1445 3007 1496 αἱ
3039 1443 3212 1508 λέξεις
3267 1444 3567 1517 βαρύνουσι
3591 1448 3686 1509 τὰς
3721 1449 3788 1499 ἐν·

2231 1535 2411 1598 νοίαςο
2457 1535 2554 1597 τὰς
2587 1535 2644 1587 δέ
2691 1535 2866 1600 λέξεις
2911 1539 3134 1607 τραχεῖς
3167 1539 3260 1590 καὶ
3291 1537 3605 1608 δυσφόρους
3629 1539 3686 1590 τὸ
3713 1557 3786 1591 πι-

2229 1625 2362 1696 κρὸν
2401 1626 2502 1696 τῆς
2543 1625 2780 1688 διανοίας
2827 1627 3030 1694 μᾶλλον
3086 1626 3402 1697 ἐργάζεται.
3456 1628 3590 1682 Ὅτε
3629 1628 3788 1682 δὲκαὶ

2229 1717 2403 1782 λέξεις
2436 1720 2554 1780 ταῖς
2586 1717 2850 1781 διανοίαις
2882 1719 3155 1788 ὁμολογεῖ,
3194 1722 3287 1772 καὶ
3325 1720 3386 1771 τὸ
3416 1720 3561 1791 βαρὺ
3597 1723 3692 1790 τῆς
3722 1725 3787 1774 ὲν-

2229 1810 2400 1873 νοίας,
2431 1809 2509 1879 τῷ
2547 1813 2741 1880 τραχεῖ
2774 1812 3059 1882 συντρέχει
3089 1813 3187 1881 τῆς
3221 1813 3449 1877 λέξεως,
3482 1815 3536 1865 τί
3570 1815 3786 1885 διαφέρει

2158 1883 2204 1941 Β
2232 1902 2301 1954 τὰ
2347 1903 2487 1955 αὑτά
2525 1903 2634 1955 τῶν
2662 1906 2926 1972 ῥημάτων
2975 1907 3172 1970 εἰπεῖν,
3204 1906 3236 1975 ἦ
3283 1907 3373 1959 διὰ
3407 1907 3519 1959 τῶν
3561 1908 3787 1973 ίσωντὴν

2233 1997 2402 2067 αὑτὴν
2443 1998 2796 2068 παραστῆσαι
2839 1997 3115 2062 διάνοιανς
3173 1998 3314 2050 Ἀλλ’
3348 2001 3396 2051 εί
3431 1999 3532 2068 μὲν
3567 1998 3698 2068 πρὸς
3718 1999 3790 2051 τιν

2233 2093 2560 2163 ἐπιχυθέντα
2603 2095 2734 2163 ἡμῖν
2779 2093 2886 2145 τῶν
2920 2093 3110 2146 κακῶν
3161 2092 3383 2163 ἀφορῶν
3418 2092 3686 2162 χειμῶνα,
3715 2097 3790 2145 καὶ

2232 2187 2330 2255 τὴν
2361 2187 2699 2257 πανταχόθεν
2727 2189 2873 2257 ἡμᾶς
2906 2188 3318 2258 περίσχουσανδ
3349 2188 3446 2241 καὶ
3485 2186 3790 2257 συμπιέζουη

2236 2297 2334 2330 σαν
2360 2279 2468 2331 τῶν
2487 2279 2764 2350 δυσχερῶν
2789 2281 2984 2349 φορὰν,
3027 2283 3107 2343 είς
3136 2280 3466 2350 παραφορὰν
3494 2281 3679 2330 πεσεῖν
3705 2279 3790 2331 ἐδι-

2235 2373 2491 2435 καίωσεν,
2519 2372 2861 2443 ἀνθρώπινον
2895 2373 2993 2442 μέν
3013 2387 3068 2424 τι
3097 2371 3344 2442 διενοήθη
3375 2373 3471 2424 καὶ
3497 2372 3788 2440 ἐμελέτησε.

2237 2464 2300 2516 Τί
2338 2464 2444 2534 γὰρ
2479 2463 2543 2516 ἄν
2592 2481 2674 2527 τις
2709 2464 2856 2526 ἄλλο,
2888 2464 3028 2534 ὑπὲρ
3059 2463 3249 2529 αὑτοῦ,
3299 2465 3393 2517 καὶ
3433 2465 3613 2517 εἰπεῖν
3654 2464 3791 2533 δυνη-

2235 2555 2355 2626 θείη
2380 2573 2395 2622 ;
2424 2557 2487 2608 Αί
2519 2555 2628 2626 γὰρ
2652 2557 2954 2627 ὑπερϐολαὶ
2982 2557 3090 2609 τῶν
3122 2558 3423 2611 κακώσεων
3456 2559 3791 2627 παρατροπὴν

2232 2647 2331 2700 καὶ
2362 2647 2648 2700 ἀλλοίωσιν
2701 2647 2777 2711 ὡς
2809 2649 2877 2701 τὰ
2908 2647 3076 2701 πολλὰ
3106 2652 3216 2710 τοῖς
3253 2648 3620 2719 κακουμένοις
3661 2650 3792 2718 ἐνερ-

2233 2739 2514 2808 γάζονται.
2554 2739 2615 2792 Ei
2660 2741 2753 2792 ml.
2791 2740 3015 2809 μείζονα
3041 2741 3133 2793 τὸν
3168 2743 3404 2811 πονηρὸν
3437 2741 3538 2810 τὴν
3570 2743 3792 2806 ἐξουσίαν

2235 2829 2418 2886 λαϐεῖν
2451 2830 2574 2885 καθ’
2601 2832 2780 2902 ἡμῶν,
2816 2833 2850 2904 ἢ
2883 2832 3061 2885 κατὰί
3100 2833 3194 2886 τοῦ
3227 2834 3522 2888 θεσπεσίου
3572 2835 3708 2900 Ἰὼϐ,
3727 2830 3792 2898 οἷς

2235 2922 2447 2992 νομίζει
2496 2922 2836 2992 ἐψηφίσατοο
2897 2923 3015 2993 εἴγε
3072 2925 3166 2978 τοῦ
3231 2925 3330 2995 μὲν
3363 2926 3466 2996 τῆς
3500 2926 3679 2997 ψυχῆς
3712 2928 3792 2997 τὴν

2235 3016 2484 3080 ἐξουσίαν
2532 3017 2632 3070 οὐκ
2676 3017 2921 3088 είληφεν,
2960 3019 2989 3070 ὁ
3033 3018 3090 3070 δὲ
3121 3018 3242 3072 καθ’
3278 3020 3461 3088 ἡμῶν,
3496 3023 3588 3075 καὶ
3609 3024 3792 3090 ταύτης

2234 3108 2383 3179 αύτῷ
2420 3109 2519 3179 τὴν
2562 3111 2859 3181 κυριότητα
2896 3111 3275 3182 ἐνεχείρησεν·
3317 3111 3379 3176 ἐξ
3411 3106 3490 3166 ῶν
3519 3114 3625 3182 γὰρ
3658 3114 3792 3184 ἡμῶν

2234 3201 2475 3270 ἄκρατον
2507 3203 2647 3271 μετὰ
2675 3201 2770 3254 τοῦ
2803 3205 3144 3272 παρανομεῖν
3176 3205 3438 3272 καταχέει
3480 3204 3576 3274 τὴν
3607 3207 3792 3270 ἄνοιαν,

2237 3291 2422 3361 σαφῶς
2469 3293 2662 3345 ἐαυτὸν
2710 3291 2952 3345 δεικνύει
2995 3293 3154 3347 τοῦτο
3185 3295 3280 3348 καὶ
3327 3294 3684 3366 λογισάμενον
3712 3296 3793 3349 καὶ

2233 3381 2602 3450 κυριώσαντα.
2655 3383 2801 3453 Πλὴν
2850 3385 2898 3436 εί
2952 3385 3212 3455 καὶπρὸς
3254 3386 3462 3458 ταύτην
3498 3389 3624 3458 περὶ
3655 3388 3793 3458 ἡμῶν

2235 3475 2486 3548 ὑπεσύρῃ
2517 3477 2616 3548 τὴν
2650 3476 2933 3544 ὑπόνοιαν,
2961 3479 3057 3532 καὶ
3087 3479 3245 3532 τοῦτο
3276 3481 3416 3550 πρὸς
3443 3481 3687 3547 εὑλογιαν
3708 3483 3794 3550 τῆς

2233 3568 2398 3638 ἄλλης
2428 3570 2674 3638 εὑρίσκει
2699 3568 2988 3639 λοιδορίας.
3015 3570 3132 3623 ’Ὶνα
3154 3571 3250 3623 νῦν
3273 3573 3421 3625 ἐάσω
3445 3573 3505 3624 τὸ
3529 3576 3684 3642 σοφὸν
3705 3573 3794 3642 τῆς

2233 3662 2532 3728 ἀπολογίας
2582 3661 2677 3715 καὶ
2730 3661 3042 3734 εὔσχημον,
3078 3665 3245 3734 ἐχρῆν
3292 3666 3392 3718 οὑκ
3442 3666 3791 3732 ἐπιτίθεσθαι,

2232 3754 2351 3807 οὐδὲ
2409 3754 2708 3824 βαρύτερον
2763 3757 2938 3808 ποιεῖν
2991 3756 3054 3809 τὸ
3105 3757 3278 3821 πάθος
3328 3759 3546 3810 οἰκείων
3597 3760 3791 3829 ὕϐρεων

2233 3844 2523 3916 προσθήκῃ
2545 3861 2560 3877 ·
2589 3845 2726 3899 ἀλλὰ
2758 3845 3107 3917 παρακλήσει
3135 3853 3243 3901 τινὶ
3281 3850 3485 3918 μᾶλλον
3509 3851 3592 3903 καὶ
3617 3849 3784 3917 λόγοις

2231 3936 2620 4008 ψυχαγωγίαςὶ
2675 3938 3034 4008 διαπραΰνειν
3065 3943 3126 3994 τὸ
3171 3941 3357 4009 ἄλγος,
3389 3943 3487 3996 καὶ
3514 3944 3791 4013 πειρᾶσθαι

2232 4030 2323 4083 τὸν
2351 4030 2576 4083 δυνατὸν
2607 4031 2810 4100 τρόπον
2850 4033 3086 4085 ἐπινοεῖν
3131 4034 3506 4105 παραμύθιον.
3534 4035 3603 4088 Τὸ
3627 4035 3682 4088 δέ
3709 4037 3797 4087 ἐκ·

2232 4123 2522 4194 τραχύνειν
2571 4125 2666 4178 κα)⁵
2713 4123 3088 4193 ἐπεμϐαίνειν,
3138 4129 3232 4180 καὶ
3275 4129 3659 4193 κατονειδίζειν
3704 4129 3798 4192 τὰς

2237 4214 2557 4284 συμφορὰς,
2587 4215 2962 4283 ἐντρυφῶντός
2996 4217 3113 4268 ἐστι
3155 4218 3271 4278 τοῖς
3311 4215 3409 4270 τοῦ
3441 4218 3663 4284 πλησίου
3702 4234 3798 4270 κα-

2235 4309 2380 4371 κοῖς,
2416 4305 2530 4358 amr
2561 4306 2620 4358 ού
2650 4306 3062 4374 συναλγοῦντος,
3095 4307 3217 4360 οὑδέ
3245 4310 3686 4379 συμπάσχοντος,
3711 4309 3800 4362 καὶ

2235 4399 2294 4450 οὑ
2325 4400 2392 4451 τά
2421 4398 2528 4450 τῶν
2575 4399 2744 4467 φίλων
2790 4399 3290 4470 διαπραττομένου,
3334 4402 3450 4454 ἀλλ’
3486 4402 3628 4472 ἆπερ
3666 4403 3728 4456 ἂν
3756 4403 3800 4454 οἰ

2235 4489 2419 4559 ἐχθροὶ
2444 4490 2895 4558 κακουργέσειαν.
2943 4489 3083 4559 Ἐγὼ
3111 4491 3188 4556 δὲ,
3223 4493 3305 4544 ὅτι
3339 4493 3440 4562 μὲν
3466 4494 3557 4544 τὸν
3586 4493 3802 4562 τρυγίαν

555 4602 644 4641 me
683 4585 926 4656 aggredi,
973 4601 1077 4640 nec
1114 4601 1212 4655 per
1244 4596 1489 4656 aggestas
1521 4602 1552 4640 e
1597 4601 1697 4640 suo
1745 4602 1887 4656 penu
1939 4598 2129 4642 contu-

2239 4582 2418 4654 πάσης
2440 4580 2618 4634 αὑτῶν
2644 4583 2742 4653 τῆς
2767 4582 2964 4646 κακίας
2987 4583 3108 4636 καθ’
3132 4585 3291 4654 ἡμῶν
3314 4585 3612 4649 ἐκένωσαν,
3646 4584 3804 4653 φίλων

556 4681 745 4735 melias
779 4679 1098 4734 ﬂebiliorem
1132 4679 1268 4733 mihi
1301 4688 1502 4733 statum
1528 4695 1849 4748 procurare:
1884 4681 1978 4735 sed
2007 4695 2138 4735 con-

554 4774 825 4826 solatione
857 4771 1038 4842 potius
1067 4770 1347 4835 imnnulla,
1377 4779 1431 4823 et
1453 4770 1742 4824 verborum
1769 4769 2138 4826 delinimentis

555 4866 800 4918 dolorem
839 4864 1248 4918 incumbentem
1288 4861 1567 4923 alleviare,
1608 4871 1664 4916 et
1687 4863 1908 4916 modum
1939 4862 1984 4916 si
2014 4877 2135 4931 qua:

557 4955 785 5009 facultas
830 4955 994 5008 fuerit
1036 4953 1211 5008 solatii
1253 4953 1600 5023 excogitare:
1642 4952 1739 5007 sed
1787 4967 2132 5021 exasperare,

558 5048 842 5112 insultare,
874 5047 1204 5116 exprobrare
1226 5045 1583 5108 calamitates,
1609 5043 1947 5097 lascivientis
1964 5053 2048 5097 est
2080 5043 2134 5097 in

561 5140 723 5192 rebus
747 5137 977 5206 proximi
1009 5137 1089 5190 sui
1123 5137 1354 5202 alllictis,
1391 5151 1501 5189 non
1535 5134 1679 5204 quod
1709 5134 1971 5203 oportuit,
2003 5149 2135 5187 con-

555 5230 817 5296 dolentis,
887 5231 969 5285 vel
1027 5230 1435 5300 compatientis,
1491 5245 1604 5283 non
1661 5229 1781 5298 ejus
1830 5228 1920 5298 qui
1976 5228 2135 5282 amici

559 5331 743 5392 partes
767 5332 908 5393 agat,
940 5325 1033 5378 sed
1058 5325 1148 5392 qui
1175 5324 1428 5377 hostilem
1453 5322 1507 5375 in
1530 5321 1748 5375 modum
1775 5321 1930 5375 malis
1948 5321 2131 5376 allicit.

561 5416 671 5489 Ego
702 5427 850 5471 certe
899 5419 1154 5487 profiteor
1184 5432 1297 5480 eos,
1329 5415 1588 5486 quidquid
1620 5424 1738 5468 erat
1776 5413 2138 5484 improbitatis

560 5511 615 5560 in
651 5509 928 5572 torculari,
961 5508 1013 5562 id
1049 5507 1102 5561 in
1140 5523 1225 5561 me
1257 5517 1428 5560 totum
1460 5505 1740 5570 elIudisse,
1771 5506 1901 5560 dum
1932 5506 2137 5560 amicos

559 5597 853 5654 alieniores
872 5599 1126 5662 reddunt,
1163 5597 1351 5651 affines
1399 5598 1716 5668 seiungunt,
1770 5613 1802 5650 a
1850 5597 2005 5653 vobis
2053 5614 2139 5653 me

2240 4674 2600 4741 ξενώσαντες,
2658 4674 2936 4743 συγγενῶν
2964 4675 3375 4745 -διακόψαντες,
3427 4677 3582 4745 ὑμῶν
3638 4679 3805 4731 αὐτῶν

2235 4771 2377 4840 (τῶν
2412 4770 2562 4840 ἐμῶν
2592 4771 2779 4824 παθῶν
2822 4771 2882 4823 τὸ
2929 4773 3290 4843 πικρότατον)
3327 4774 3807 4845 προδιατέμνοντες

2235 4862 2328 4914 καὶ⁵
2391 4863 2907 4933 ἁπομερίσαντεςιες
2965 4864 3310 4935 θεραπόντων
3367 4867 3464 4918 καὶ
3528 4868 3806 4938 ὑπηρετῶν

2232 4955 2717 5024 ἐξερημώσαντες,
2789 4957 3330 5027 αἰχμαλωτίσαντες,
3389 4962 3665 5030 φρουροὺς
3719 4962 3810 5013 καὶ

2231 5047 2616 5117 φρουράρχους
2669 5051 3132 5118 περιστήσαντεςσ
3195 5050 3282 5104 ἵνα
3337 5052 3476 5121 μηδὲ
3523 5054 3594 5106 τά
3641 5055 3810 5107 οἰκεῖα

2234 5137 2579 5207 βουλομένοις
2601 5139 2746 5192 κακὰ
2776 5141 2984 5192 κλαίειν
3011 5140 3106 5213 ἐξῇ
3132 5143 3224 5194 καὶ
3255 5142 3653 5214 ἀποδύρεσθαι·
3678 5143 3811 5214 μηδὲ

2230 5247 2315 5293 τις
2345 5231 2492 5292 ἕλεος
2533 5231 2697 5284 πόθεν
2746 5235 2878 5303 ἡμῖν
2928 5235 3236 5307 παρεισδύῃ
3269 5236 3344 5306 μὴ
3377 5235 3520 5308 λόγῳ
3568 5238 3644 5307 μὴ
3675 5238 3814 5307 πρά-

2233 5340 2436 5392 γματι·
2481 5325 2708 5396 μυρίους
2759 5325 3022 5390 θανάτους
3073 5328 3570 5398 ἐπικρεμάσαντες,
3617 5329 3808 5396 λογίων

2235 5414 2371 5466 Θεοῦ
2402 5416 2494 5467 καὶ
2529 5417 2730 5480 παντὸς
2757 5417 2938 5482 ἄλλου,
2967 5417 3135 5485 οἴμοι,
3164 5418 3284 5472 καθ’
3314 5419 3474 5490 ἡμῶν
3504 5421 3662 5491 λιμὸν
3690 5423 3813 5474 ἐπι-

2238 5507 2559 5577 στήσαντες.
2606 5509 2716 5561 Καὶ
2743 5510 2826 5562 ὅτι
2862 5510 2984 5562 ὅλον
3016 5511 3114 5582 μὲν
3138 5510 3254 5580 ἅμα
3281 5511 3498 5576 πολλοῖς
3526 5515 3718 5575 κακοῖς
3752 5513 3812 5564 οὑ

2236 5599 2654 5670 διαλιμπάνουσι
2669 5603 3110 5673 περιϐάλλοντες,
3134 5605 3227 5658 καὶ
3239 5604 3418 5668 πάσας
3436 5606 3491 5658 δὲ
3504 5609 3535 5673 ὴ
3545 5607 3660 5676 μῶν
3679 5607 3821 5660 ἀπο-

1841 5755 2075 5810 VARIAS
2113 5711 2519 5816 LECTlONiES.

632 5873 660 5912 ⁸
687 5871 878 5926 αὐτοῦ.
992 5870 1016 5908 δ
1050 5871 1550 5944 σύμ-περιέχουσαν.
1633 5882 1648 5910 ι
1688 5869 1799 5924 καί.

1879 5881 1894 5919 ι
1943 5871 2312 5941 ψυχαγωγοῖς.

2391 5876 2416 5914 κ
2444 5877 2961 5949 άτοιμετρήσαντες.
