4004 6438
192 368 296 434 745

1350 365 1887 428 EPISTOLARUM
1920 364 2151 426 LIBER
2188 364 2240 425 I.

3329 362 3434 429 746

190 482 537 553 μερισάμενοι
562 480 662 545 τὰς
688 480 993 553 αίσθήσεις,
1022 480 1118 534 καὶ
1140 478 1275 550 πρὸς
1300 479 1480 543 πάσας
1506 497 1754 551 παρατα-

1871 480 2097 535 divisum
2161 477 2513 542 abscindunt,
2542 477 2696 549 'quod
2741 477 2806 533 ad
2856 478 3135 536 cumulum
3165 481 3431 538 malorum

186 572 396 642 ξάμενοι
416 573 612 636 καινὰς
634 571 881 643 μηχανάς
903 571 1039 641 πρὸς
1062 571 1298 639 ἑκάστην
1315 570 1615 640 ἐπενόησαν
1640 570 1754 637 (ὀξὺ

183 664 288 735 γάρ
311 667 388 728 είς
402 663 621 727 κακίαν,
635 662 770 715 Θεοῦ
792 663 887 715 καὶ
901 659 1313 731 φιλανθρωπίας
1332 659 1688 730 ἀλλοτρίωσις
1712 661 1751 728 )·

181 755 274 807 καὶ
311 753 625 823 ὀφθαλμοὺς
666 752 766 819 μὲν
805 752 1140 824 ἐνέφραξαν·
1190 753 1243 804 τί
1270 751 1379 821 γάρ
1429 750 1496 805 ἂν
1522 768 1606 815 τις
1661 751 1758 806 καὶ

182 846 349 912 εἴποις
378 844 547 899 ἐπειδ’
568 844 634 899 ἂν
648 844 783 908 ὅλως
799 845 938 915 μήτε
953 845 1106 908 τινάς
1126 843 1429 911 ἀνθρώπων
1444 844 1598 915 όρᾷν,
1622 843 1756 914 μηδέ

186 937 401 1007 βιϐλίοις
422 937 693 1009 ἐνομιλεῖν
732 938 883 1007 ἔχοι·
932 938 1031 991 καὶ
1082 937 1319 1008 μάλιστα
1362 932 1445 1001 οἷς
1477 937 1618 1007 μέγα
1660 937 1757 990 καὶ

185 1027 390 1099 πρῶτον
408 1027 756 1100 παραμύθιον
774 1030 806 1098 ἠ
829 1027 1156 1095 ἀνάγνωσις.
1182 1028 1293 1081 Kal.
1312 1027 1420 1097 γὰρ
1441 1027 1537 1081 καὶ
1552 1026 1756 1097 ταύτην

184 1120 302 1174 καθ’
320 1120 476 1190 ἡμῶν
499 1119 741 1183 άπάσαις
767 1119 972 1189 ψήφοις
992 1118 1293 1188 ἐξήνεγκαν
1321 1118 1419 1189 τὴν
1440 1118 1716 1186 ἀπόφασιν
1736 1132 1751 1146 ·

183 1210 346 1280 ἀκοὴν
365 1210 421 1263 δὲ
452 1210 904 1265 συναπέκλεισαν·
930 1208 1056 1263 οὔτε
1083 1210 1194 1280 γὰρ
1220 1211 1405 1281 φωνῆς
1436 1210 1751 1280 φιλούντων,

184 1301 297 1356 ἀλλ’
340 1302 461 1355 οὐδὲ
506 1302 718 1373 ἐχθρῶν
751 1304 853 1374 (Τί
901 1303 1010 1374 γὰρ
1054 1303 1136 1357 δεῖ
1194 1302 1458 1374 λέγειν;)
1487 1304 1756 1371 ἀναγινω-

187 1394 415 1448 σκόντων
462 1394 837 1465 συγχωροῦσιν
893 1394 1269 1459 ἐνωτίζεσθαι.
1336 1394 1475 1448 Ἀλλ’
1520 1395 1644 1447 ὅσον
1692 1395 1756 1463 γέ

188 1490 267 1550 είς
311 1488 489 1542 αὐτῶν
535 1484 637 1560 ἧκε
685 1488 921 1559 σπουδὴν
973 1488 1097 1541 ούδέ
1155 1488 1391 1559 ᾀδόντων
1442 1488 1585 1560 Θεῷ,
1645 1487 1754 1541 οὐδ’

187 1582 369 1652 ὕμνοις
416 1580 883 1652 εὐχαριστούντων
935 1580 1227 1652 ἀκούομεν.
1278 1580 1415 1634 Οὑδέ
1469 1582 1581 1649 γὰρ
1631 1580 1756 1633 οὐδέ

186 1691 301 1727 τινα
345 1672 454 1725 οὐδ’
489 1673 582 1727 ἐπὶ
615 1672 811 1744 βραχὺ,
864 1671 987 1726 οὐδὲ
1020 1673 1128 1726 τῶν
1162 1673 1401 1745 μετρίως
1430 1672 1567 1743 πρὸς
1613 1672 1757 1744 osa;

187 1768 434 1838 ἐχόντων.
476 1766 495 1836 (
513 1766 577 1819 Ὢ
625 1766 721 1820 καὶ
754 1765 1047 1836 βαρϐάρων
1081 1766 1309 1836 γνώμας
1343 1766 1581 1837 νικώσης
1606 1766 1755 1837 ώμόο

1859 572 2230 628 tristissimum
2270 570 2498 637 accedit,
2531 571 2662 626 dum
2700 570 2918 625 famulis
2957 580 3014 626 et
3050 570 3317 629 ministris
3345 590 3435 631 me

1858 665 2095 735 privant,
2156 673 2444 735 postquam
2510 663 2567 718 in
2620 664 2955 736 ergastulum
3020 665 3432 731 concluscrunt,

1856 758 2120 827 appositis
2139 757 2475 822 custodibus,
2501 756 2592 827 qui
2622 757 2975 812 circumstent
3001 756 3277 827 undique:
3311 758 3435 813 idco

1857 850 2064 906 scilicet
2092 865 2163 905 ne
2191 849 2325 904 mihi
2352 849 2530 915 liceat,
2559 849 2606 904 si
2635 848 2872 903 maxime
2899 847 3138 919 cupiam,
3177 848 3433 904 miseram

1856 957 2032 997 meam
2081 952 2281 997 sortem
2327 942 2643 1013 deplorare:
2684 957 2755 998 ne
2782 957 2880 1008 per
2909 942 3161 998 rimulam
3196 942 3433 1013 aliquam

1856 1035 1940 1089 vel
1968 1034 2240 1089 tantillum
2272 1050 2361 1090 me
2382 1034 2674 1106 adreperet
2700 1035 3088 1091 misericordiae
3114 1036 3181 1091 ab
3201 1035 3434 1105 alicujus

1857 1142 2110 1181 sermone
2144 1128 2230 1182 vel
2256 1126 2496 1185 actione.
2531 1125 2674 1194 Quin
2712 1127 2840 1183 dum
2871 1128 3203 1199 multiplices
3241 1128 3434 1185 mortis

1858 1219 2066 1288 species
2100 1220 2431 1292 excogitant,
2468 1218 2610 1275 fame
2644 1235 2732 1275 me
2755 1222 2865 1291 (me
2898 1222 3197 1292 miserum)
3229 1221 3437 1277 divino-

1855 1327 1980 1367 rum
2029 1312 2399 1377 oraculorum,
2438 1322 2495 1368 et
2539 1314 2912 1383 cujuscunque
2957 1314 3181 1368 alterius
3233 1312 3435 1367 allatus

1855 1413 2231 1477 peremerunt.
2266 1405 2379 1460 Nec
2418 1414 2636 1460 cessant
2672 1406 2852 1460 adhuc
2892 1406 3266 1476 multiplicatis
3296 1405 3435 1460 mala

1856 1495 2271 1565 circumsepirc:
2295 1511 2517 1550 sensum
2546 1497 2680 1551 mihi
2701 1512 2923 1551 omnem
2972 1496 3244 1552 divulsum
3269 1512 3436 1568 cxpe-

1856 1596 2168 1652 ctorarunt,
2200 1596 2257 1642 et
2288 1588 2549 1643 adversus
2563 1604 2754 1643 eorum
2785 1588 3028 1659 singulos
3057 1604 3196 1643 nova
3226 1589 3434 1643 machi-

1856 1688 2242 1734 namentorum
2279 1694 2502 1751 genera,
2527 1695 2593 1734 ex
2624 1680 2853 1735 adverso
2880 1680 3185 1743 constituti,
3212 1681 3435 1736 adiuve-

1859 1778 2061 1824 nerunt
2106 1771 2256 1840 (nam
2292 1770 2362 1825 ad
2392 1769 2847 1825 malefaciendum
2877 1770 3088 1825 celeres
3141 1780 3293 1832 sunt,
3341 1771 3435 1840 qui

185 1876 339 1928 τητος
367 1858 419 1929 ί)
471 1860 708 1911 συνεῖναι
744 1859 1032 1913 κατέλιπον
1058 1874 1073 1889 ·
1125 1858 1242 1913 ἀλλ’
1288 1859 1414 1915 ἀντὶ
1456 1858 1758 1930 κληρικῶν,

1871 1865 1995 1913 sunt
2030 1874 2061 1912 a
2088 1859 2200 1914 Deo
2222 1868 2279 1914 et
2314 1860 2656 1915 humanitate
2688 1860 2902 1929 alieni),
2959 1866 3017 1915 et
3044 1860 3109 1915 ad
3144 1872 3437 1931 utrumque

187 1952 308 2005 ἀντὶ
351 1952 709 2022 μοναζόντων,
761 1952 889 2006 ἀντὶ
936 1952 1270 2022 ψαλλόντων,
1306 1953 1430 2007 ἀντὶ
1478 1952 1753 2022 ἀναγινω-

188 2042 421 2095 σκόντων
461 2042 557 2095 κα)⁵
606 2042 1059 2113 ὑπογραφόντων,
1093 2042 1217 2096 ἀντὶ⁵
1249 2041 1422 2111 φίλων
1465 2041 1561 2097 καὶ
1594 2042 1761 2113 συνή-

188 2133 297 2185 θων
338 2126 451 2203 (οἷς
498 2131 575 2192 ὡς
620 2132 690 2185 τὰ
742 2130 915 2185 πολλά
961 2131 1109 2202 φιλεί
1150 2132 1185 2203 ὴ
1220 2132 1329 2185 τῶν
1363 2130 1627 2204 θλισερῶν
1660 2131 1762 2203 βα-

190 2226 354 2296 ρύτης
383 2224 903 2297 ἐπικουφίζεσθαι),
933 2225 1057 2280 ἀντὶ
1096 2225 1316 2280 πάντων
1346 2224 1531 2287 ἁπλῶς
1551 2264 1566 2291 ,
1598 2242 1763 2295 στρα-

186 2317 395 2370 τιωτῶν
473 2315 827 2381 κουστωδίαις
846 2357 866 2384 ,
947 2316 1043 2372 καὶ
1110 2318 1524 2387 στρατιωτικοῖς
1586 2316 1762 2386 λόχοις

188 2408 532 2478 ἐκδεδόμεθα.
583 2408 700 2463 Καὶ
742 2407 797 2461 τί
853 2409 935 2463 δεῖ
987 2409 1111 2463 καθ’
1147 2409 1379 2463 ἕκαστον
1427 2410 1629 2478 λέγειν,
1666 2411 1764 2465 καὶ

190 2498 483 2561 ἐπιξαίνειν
515 2500 581 2569 τῇ
622 2498 811 2569 μνήμῃ
843 2499 970 2561 τοὺς
1016 2496 1322 2569 μώλωπας;
1368 2498 1483 2552 ἀλλ’
1528 2499 1611 2553 ὃτι
1664 2499 1764 2569 μὲν

189 2588 367 2649 πάσας
411 2587 567 2656 ἡμῶν
596 2586 697 2649 τὰς
727 2585 1011 2657 αἰσθήσεις
1048 2587 1259 2657 μυρίων
1289 2588 1474 2644 κακῶν
1494 2588 1765 2651 ἐπινοίαις

190 2678 560 2748 ἐπετείχισαν·
611 2676 735 2748 μηδ’
800 2676 969 2747 αὐτὴν
1005 2678 1161 2748 ήμῶν
1190 2678 1289 2750 τὴν
1324 2678 1503 2751 ψυχὴν
1530 2681 1663 2751 (ὅσα
1700 2680 1766 2749 γὲ

192 2776 272 2839 εἰς
312 2773 491 2829 αὐτῶν
543 2773 680 2844 ἔργα
730 2772 1079 2845 κεχώρηκεν)
1131 2775 1419 2829 ἀκάκωτον
1480 2776 1769 2847 συγχωρῄ-

193 2885 405 2931 σαντες.
466 2868 708 2939 (Ἔργον
771 2866 1028 2921 ἁπάντων
1081 2867 1183 2921 ὅσα
1244 2867 1376 2931 Θεὸς
1446 2868 1768 2933 ἐϐδελύξατο

194 2961 535 3034 μιαρώτερόν
579 2977 637 3014 τε
685 2960 781 3015 καὶ
830 2960 1147 3031 ὠμότερον)
1201 2961 1383 3024 οῐκους
1422 2959 1561 3015 Θεοῦ
1598 2977 1769 3015 κατα-

191 3051 441 3117 λύοντες,
498 3050 751 3119 πτωχοὺς
797 3048 1116 3121 ἀναπήρους
1171 3050 1267 3104 καὶ
1323 3048 1766 3120 λελωϐημένους,

190 3142 284 3208 οὓς
324 3145 486 3215 ἡμεῖς
535 3143 848 3213 ἱλαστήριον
878 3142 987 3195 τῶν
1016 3143 1304 3214 ἡμετέρων
1348 3143 1766 3215 ἁμαρτημάτων
1792 3185 1835 3245 C

190 3233 649 3307 προστησάμεθα,
683 3236 782 3304 τῆς
816 3233 1022 3296 οἰκείας
1053 3234 1242 3298 ἑστίας
1280 3234 1377 3288 καὶ
1398 3234 1760 3299 ἀναπαύσεως

186 3326 559 3397 ηέξορίζοντες,
588 3326 683 3381 καὶ
710 3325 811 3390 τὰς
845 3326 1027 3379 αὐτῶν
1054 3325 1341 3398 ὑπάρξεις,
1360 3325 1435 3391 ὡς
1466 3326 1762 3398 πολεμίων,

190 3418 634 3491 διαμεριζόμενοι
689 3418 938 3490 λάφυρα·
993 3418 1088 3473 καὶ
1145 3420 1494 3489 θεραπόντων
1556 3419 1766 3491 σάρκας

192 3512 404 3581 νεύροις
445 3511 785 3582 κατέκοψαν·
833 3513 910 3576 ώς
946 3512 1015 3566 δι’
1065 3513 1188 3566 ὅλου
1243 3510 1339 3566 τοῦ
1391 3512 1664 3583 σώματος,
1697 3514 1765 3585 τῇ

194 3606 363 3677 πολλῇ
402 3604 513 3661 τῶν
561 3606 843 3677 μαστίγων
874 3605 1025 3677 ῥύμῃ
1070 3604 1351 3677 χαράδρας
1392 3607 1770 3678 ἐναπεργάσα-

196 3699 350 3751 σθαι·
404 3697 494 3750 ἵνα
534 3697 735 3767 χρυσὸν
781 3697 876 3750 καὶ
931 3696 1170 3767 ἄργυρον
1212 3696 1273 3750 ὃν
1302 3696 1767 3768 ἐθησαυρίσαμεν,

194 3792 251 3843 ὃν
287 3789 395 3843 οὐδ’
443 3789 578 3861 ὄναρ
632 3788 741 3842 ίδον
794 3789 844 3840 οἱ
893 3788 1089 3853 ἄθλιοι,
1129 3780 1519 3859 ἐκμηνύσωσις
1550 3786 1771 3842 Καίτοι

195 3883 533 3952 σαφέστερον
556 3881 712 3935 αὐτοὶ
743 3881 851 3935 τῶν
895 3880 1073 3934 ἄλλων
1103 3881 1152 3934 οἱ
1182 3879 1501 3945 κολάζοντες
1537 3880 1770 3946 εἰδότες,

192 3974 269 4039 ὡς
298 3974 467 4045 ἡμεῖς
498 3972 588 4026 ἀεὶ
620 3971 757 4044 πρὸς
785 3971 1047 4043 χρήματα
1077 3969 1498 4042 διεόεόλήμεθα.
1540 3972 1651 4024 Καὶ
1675 3974 1773 4041 οὐχ

190 4065 370 4129 οὕτως
390 4064 590 4120 ἐκεῖνοι
620 4065 968 4137 φιλάργυροι,
1010 4063 1087 4128 ὡς
1112 4064 1284 4135 ἡμᾶς,
1309 4064 1343 4134 ἡ
1377 4064 1581 4117 τούτων
1606 4063 1775 4136 ὑπερ-

189 4162 351 4229 οψία,
381 4159 535 4213 οὐδὲν
557 4158 752 4225 ἄλογον
776 4157 955 4211 αὐτῶν
989 4157 1153 4212 ἓνεκα
1204 4158 1459 4212 οὐδέποτε
1505 4157 1775 4210 ποιεῖσθαι

188 4254 311 4323 (μή
365 4251 416 4304 τί
456 4268 519 4320 γε
546 4250 933 4320 θησαυρίζειν)
988 4250 1437 4321 παρεσκεύαζεν·
1481 4249 1598 4303 ἀλλ’
1637 4250 1774 4319 ὅπερ

186 4348 348 4418 ἥλιος
392 4345 632 4416 ἀνίσχων
677 4342 825 4415 ἐώρα
853 4346 925 4413 (ή
952 4344 1060 4397 τῶν
1106 4343 1525 4416 ἐπηρεαζόντων
1555 4343 1613 4397 δὲ
1642 4342 1773 4397 πολ·-

184 4439 356 4500 λάκις
386 4437 600 4508 ἀνάγκη
626 4437 724 4491 καὶ
752 4437 844 4489 τὸν
870 4436 971 4505 τῆς
993 4436 1197 4506 ἀρετῆς
1223 4435 1542 4489 διδάσκαλον
1563 4434 1777 4489 Παῦλον

1862 1947 1966 2001 sibi
1996 1947 2187 2002 oculos
2228 1947 2596 2005 occluserunt.
2632 1947 2774 2016 Quid
2802 1949 2947 2004 enim
2975 1949 3120 2005 aliud
3146 1950 3437 2005 dicendum

1862 2040 2066 2095 restat?
2093 2055 2218 2096 cum
2248 2055 2353 2096 nec
2378 2042 2662 2097 hominum
2692 2043 2926 2113 aliquem
2966 2042 3139 2098 libere
3166 2042 3326 2098 liceat
3355 2044 3439 2098 in-

1862 2135 2025 2200 tueri,
2057 2150 2161 2190 nec
2191 2150 2317 2190 cum
2344 2134 2498 2190 libris
2528 2136 2917 2192 commercium
2950 2136 3172 2202 habere,
3205 2153 3437 2208 praeser-

1866 2229 1961 2283 tim
1992 2228 2058 2283 iis
2095 2228 2190 2298 qui
2222 2227 2518 2284 maximum
2554 2228 2793 2283 solamen
2821 2237 2876 2283 et
2910 2228 3211 2299 principale
3253 2229 3438 2301 legen-

1865 2322 2009 2377 tibus
2054 2330 2281 2391 possunt
2318 2321 2683 2391 suppeditare.
2714 2320 2865 2376 Hanc
2895 2321 2971 2375 illi
3010 2322 3066 2376 in
3092 2337 3178 2377 me
3217 2330 3441 2377 senten-

1867 2415 2000 2469 tiam
2061 2413 2132 2468 de
2185 2412 2424 2484 generali
2485 2412 2731 2482 ipsorum
2787 2426 3014 2467 assensu
3070 2420 3126 2466 et
3164 2426 3438 2467 consensu

1867 2506 2133 2561 tulerunt.
2165 2504 2343 2559 Aures
2374 2512 2554 2559 autem
2582 2502 2912 2559 obturarunt
2931 2517 3109 2558 meas:
3140 2516 3250 2556 non
3288 2503 3436 2558 enim

1868 2598 2168 2652 admittunt
2205 2604 2265 2652 ut
2299 2610 2582 2651 sermones
2615 2595 2937 2661 amicorum,
2989 2609 3060 2649 ne
3093 2594 3441 2650 inimicorum

1869 2689 2091 2760 quidem
2143 2703 2305 2744 voces
2361 2686 2585 2742 auribus
2648 2686 2850 2741 nostris
2896 2686 3150 2740 insonare
3207 2683 3440 2754 possint.

1868 2781 2010 2848 Quid
2046 2778 2191 2834 aliud
2231 2777 2499 2833 aﬂ'eram?
2530 2791 2693 2847 quam
2722 2776 2889 2846 quod,
2920 2784 3181 2845 quantum
3222 2775 3277 2829 in
3310 2775 3443 2844 ipsis

1868 2882 1971 2940 est,
2021 2888 2125 2928 nec
2182 2872 2293 2928 Deo
2338 2871 2569 2943 hymnos
2610 2869 2964 2925 concinentes
3002 2882 3108 2923 nec
3158 2867 3443 2923 laudantes

1871 2975 1969 3021 aut
1992 2965 2192 3038 gratias
2212 2972 2437 3036 agentes
2461 2961 2729 3017 audimus.
2757 2959 2876 3016 Non
2898 2960 3045 3014 enim
3065 2959 3197 3014 mihi
3226 2960 3453 3030 ρει-πῆμ’

1869 3067 1994 3114 tunt
2036 3072 2165 3114 cum
2198 3056 2382 3127 aliquo
2410 3053 2744 3121 conversari,
2778 3067 2849 3107 ne
2881 3052 3099 3123 quidem
3134 3052 3205 3108 ad
3231 3052 3448 3108 brevis.

1871 3152 2071 3207 simum
2106 3159 2323 3221 tempus
2360 3148 2456 3220 qui
2502 3147 2589 3205 vel
2620 3146 2891 3202 modicam
2924 3146 3156 3201 canendi
3197 3146 3444 3216 peritiam

1871 3244 2094 3307 habent,
2136 3242 2273 3298 adeo
2304 3242 2362 3296 in
2396 3256 2494 3296 sua
2524 3239 2845 3296 crudelitate
2875 3253 3094 3293 omnem
3140 3238 3446 3293 barbariem

1870 3334 2229 3404 exsuperant!
2296 3332 2392 3387 sed
2442 3330 2766 3385 clericorum
2838 3326 2980 3395 loco,
3029 3327 3447 3391 monachorum,

1871 3426 2217 3501 psallentium
2257 3432 2313 3480 et
2349 3422 2665 3496 legentium,
2706 3420 3175 3477 subscribentium
3212 3419 3448 3480 dictata;

1872 3534 1971 3591 pro
1992 3517 2182 3573 amicis
2203 3525 2259 3571 et
2281 3515 2585 3581 consuetis,
2614 3528 2713 3585 per
2729 3526 2868 3583 quos
2886 3510 3208 3583 plerumque
3233 3511 3452 3565 calami-

1876 3622 2119 3667 tosorum
2153 3607 2435 3665 tribulatio
2470 3608 2608 3663 solet
2648 3604 2912 3669 alleviari,
2948 3618 3048 3675 pro
3079 3604 3353 3670 omnibus,
3392 3613 3453 3659 ut

1873 3718 1984 3759 uno
2009 3702 2179 3758 verbo
2208 3702 2404 3767 dicam,
2430 3699 2662 3755 militum
2685 3697 2950 3753 custodiis
2980 3704 3035 3752 et
3059 3694 3255 3751 turmis
3282 3694 3450 3750 vincti

1874 3797 2161 3852 tradimur.
2201 3793 2345 3860 Quid
2375 3809 2514 3864 opus
2545 3790 2820 3865 sigillatim
2860 3802 3206 3861 percensere,
3237 3796 3333 3843 aut
3366 3787 3450 3841 vi-

1874 3891 2024 3945 bices
2056 3887 2413 3944 memorando
2474 3884 2769 3942 refricare?
2807 3882 3077 3950 Profecto,
3118 3896 3311 3937 omnes
3348 3896 3452 3935 no-

1876 3992 2019 4038 stros
2060 3995 2258 4036 sensus
2288 3980 2701 4034 innumerorum
2744 3976 3013 4032 malorum
3062 3972 3301 4028 inventis
3345 3972 3454 4025 cir-

1876 4071 2277 4127 cumvallarunt
2296 4087 2309 4124 :
2330 4084 2435 4124 nec
2456 4069 2693 4123 animam
2716 4066 2937 4137 quidem
2965 4065 3161 4135 ipsam,
3190 4069 3455 4132 quantum

1878 4182 1977 4237 per
2020 4166 2266 4236 ipsorum
2305 4178 2473 4233 opera
2511 4160 2683 4229 stetit,
2712 4160 3011 4214 immunem
3046 4156 3116 4211 ab
3148 4155 3266 4209 istis
3298 4152 3457 4208 malis

1879 4272 2002 4314 esse
2033 4258 2337 4329 patiuntur.
2370 4254 2575 4324 Ecquid
2606 4261 2692 4308 est
2723 4252 2866 4305 inter
2892 4248 3074 4304 omnia
3100 4263 3222 4318 quae
3248 4244 3458 4301 abomi-

1878 4362 2041 4407 natur
2094 4351 2260 4417 Deus,
2310 4347 2693 4405 detestandum
2741 4344 2933 4413 magis,
2972 4350 3027 4396 ct
3056 4339 3451 4397 truculentius:

1882 4441 2097 4496 divinas
2160 4440 2306 4495 aedes
2370 4437 2774 4492 demolinntur:
2842 4432 3146 4496 mendicos,
3212 4429 3455 4491 mutilos,

182 4532 271 4594 είς
295 4530 527 4583 τοιαῦτα
547 4528 894 4595 ἐξεόιὸάζετο
920 4527 1200 4600 ῥήματα).
1220 4527 1392 4581 Τοῦτο
1416 4528 1514 4598 τῆς
1540 4526 1769 4599 ἡμέρας,

1882 4532 2142 4587 membris
2187 4532 2520 4594 decurtatos,
2577 4541 2715 4597 quos
2763 4525 2831 4580 ad
2883 4522 3227 4595 propitianda
3271 4529 3459 4576 nostra

181 4625 291 4677 καὶ
322 4624 563 4694 μάλιστα
610 4623 708 4693 τῆς
739 4622 934 4685 νυκτὸς
974 4624 1004 4675 ό
1049 4622 1241 4693 καιρὸς
1285 4621 1536 4691 ἐξεφόρει
1562 4638 1656 4684 τε,
1686 4622 1783 4675 καὶ

181 4714 621 4787 ἁπεφορτίζετο.
660 4716 802 4769 Ἀλλ’
824 4716 973 4786 ὅμως
994 4714 1168 4768 ταῦτα
1195 4714 1305 4767 τῶν
1327 4717 1545 4767 πάντων
1570 4712 1783 4776 οὐδενὸς

180 4811 425 4863 ἔλαττον
469 4807 693 4872 εἰδότες,
732 4809 1120 4879 ἐκρεούργουν,
1172 4804 1497 4877 ἐμάστιζον·
1547 4806 1646 4876 οὐχ
1695 4806 1784 4860 ἶνα

178 4921 242 4957 τι
294 4896 377 4955 ὧν
414 4902 745 4955 ἐπλάττοντο
794 4901 981 4970 ζητεῖν
1027 4900 1286 4971 εὑρῶσιν,
1318 4902 1368 4954 εί
1401 4900 1477 4969 μὴ
1504 4897 1784 4952 καὶτοῦτο

179 4996 731 5068 προσεκμεμήνασι,
793 4995 979 5061 ζητεῖν
1031 4992 1212 5062 εὑρεῖν
1264 4990 1407 5061 ἅπερ
1460 4989 1639 5045 ἴσασιν
1684 4990 1783 5057 οὑχ

182 5090 525 5157 ὑπάρχοντα
546 5126 562 5152 ,
612 5087 728 5139 ἀλλ’
760 5087 848 5139 ἴνα
888 5086 1144 5140 κάκεῖθεν
1187 5086 1334 5155 ἡμᾶς
1366 5084 1652 5147 ἅνιάσωσι,
1686 5081 1784 5135 καὶ

184 5181 414 5251 μηδένα
452 5180 651 5251 τρόπον
690 5179 1047 5249 κακουργίας,
1092 5178 1154 5231 ὃν
1191 5179 1326 5248 ἡμῖν
1352 5178 1412 5230 ού
1444 5174 1782 5247 προσάξωσι,

181 5273 637 5343 παραλείῲωσιν.
686 5271 826 5324 Ἀλλ’
857 5272 940 5323 ὅτι
973 5270 1072 5340 μὲν
1098 5268 1270 5322 ταῦτα
1297 5267 1526 5321 καὶτῶν
1555 5264 1784 5337 εἰρημέ-

181 5384 306 5420 νων
337 5366 474 5418 πολὺ
504 5364 747 5428 πλείονα,
786 5363 907 5415 καθ’
932 5362 1091 5431 ἡμῶν
1117 5361 1146 5413 ό
1172 5361 1420 5422 Σατανᾶς
1441 5399 1456 5425 ,
1481 5358 1515 5427 ἢ
1538 5358 1638 5410 οὐκ
1669 5351 1787 5408 οῖδα

178 5462 212 5514 ὃ
238 5478 301 5512 τι
337 5461 435 5511 καὶ
480 5459 639 5522 εῐπω,
669 5457 991 5527 ἐξῃτήσατο,
1014 5454 1112 5509 καὶ
1132 5454 1346 5515 τούτοις
1368 5454 1532 5523 ἡμεῖς
1562 5467 1788 5521 περιαν-

175 5549 481 5620 τλούμεθα
535 5550 634 5602 οὐκ
690 5548 756 5601 ἂν
809 5547 1137 5617 ἀρνηθείην·
1216 5546 1298 5597 ὅτι
1331 5543 1389 5596 δέ
1436 5542 1544 5595 τῶν
1576 5540 1787 5611 φρενῶν

177 5645 358 5715 ἡμᾶς
381 5645 415 5712 ἡ
445 5641 679 5711 τοσαύτη
713 5640 881 5693 κακία
916 5638 1173 5709 ἐξέστησε
1194 5677 1209 5702 ,
1244 5637 1338 5690 καὶ
1366 5634 1528 5687 θείων
1558 5632 1788 5685 ἐντολῶν

179 5738 525 5806 ὑπερόπτας
565 5734 884 5797 ἀπετέλεσε,
917 5732 1010 5785 καὶ
1041 5732 1255 5794 κοινοὺς
1286 5728 1549 5799 προδότας
1600 5726 1788 5797 είργά-

180 5848 363 5896 σατο,
399 5829 499 5884 ούκ
523 5824 640 5881 οἶδα
662 5829 778 5881 ἀνθ“
800 5828 921 5880 ὅτου
954 5824 1035 5887 τίς
1067 5826 1214 5895 ἡμᾶς
1244 5821 1567 5893 αἰτιώμενος
1595 5818 1788 5885 ταῦτα,

532 5922 801 5981 ΡΑΤιιοι.
834 5922 948 5982 Gn.
992 5922 1118 5982 Cll.

1886 4636 2106 4696 peccata
2134 4624 2596 4679 constitueramus
2616 4661 2630 4685 ,
2673 4620 2742 4674 de
2773 4616 3006 4690 propriis
3037 4615 3279 4686 ipsorum
3317 4613 3460 4669 sedi-

1884 4720 1986 4774 bus
2012 4725 2066 4771 et
2084 4717 2268 4785 quiete
2296 4714 2678 4773 exturbarunt,
2708 4720 2764 4765 et
2798 4724 2989 4765 eorum
3021 4706 3274 4761 utensilia
3296 4714 3463 4774 atque

1885 4808 2275 4878 supellectilem
2332 4814 2591 4874 tanquam
2648 4802 2819 4872 spolia
2868 4800 2940 4855 de
2997 4798 3249 4853 hostibus
3303 4806 3460 4866 capta

1885 4900 2286 4955 distribuerunt
2308 4915 2321 4951 :
2346 4896 2531 4951 nervis
2548 4908 2831 4950 servorum
2852 4905 3047 4947 carnes
3063 4888 3423 4944 conciderunt
3446 4904 3460 4952 ;

1885 4993 1959 5048 ita
2005 5001 2065 5046 ut
2114 5006 2211 5061 per
2254 5000 2427 5045 totum
2468 5004 2667 5060 corpus
2694 4993 2918 5057 propter
2952 4982 3242 5053 ﬂagrorum
3272 4980 3463 5036 incus-

1886 5084 2092 5148 siones,
2120 5082 2400 5138 charadraa
2425 5080 2576 5137 velut
2597 5078 2842 5148 quaedam
2867 5075 3232 5129 ducerentur:
3257 5070 3313 5125 in
3338 5086 3467 5126 eum

1887 5176 2051 5231 ﬁnem
2096 5184 2158 5230 ut
2208 5173 2473 5229 indicium
2524 5172 2805 5234 facerent,
2838 5165 2956 5220 auri
3004 5163 3213 5219 scilicet
3263 5171 3320 5218 et
3373 5177 3465 5215 ar-

1889 5269 2061 5341 genti,
2089 5283 2210 5338 qua:
2234 5282 2322 5321 me
2349 5264 2662 5334 reposuisse
2684 5259 3021 5316 afﬁrmabant
3048 5276 3062 5313 :
3085 5257 3231 5328 quod
3261 5255 3470 5311 factum

1890 5379 2169 5435 nunquam
2220 5362 2457 5432 probare
2498 5366 2750 5430 possunt,
2794 5364 2851 5410 et
2886 5364 3069 5409 tamen
3109 5364 3284 5407 caesos
3317 5356 3471 5402 certo

1888 5458 2096 5512 certius
2144 5454 2197 5509 id
2252 5455 2551 5508 resciscere
2604 5448 3089 5519 pronuntiabant:
3130 5444 3205 5497 ita
3255 5452 3472 5508 semper

1890 5549 1957 5602 de
2004 5545 2236 5616 pecunia
2285 5542 2525 5611 reposita
2563 5555 2652 5595 me
2691 5548 2971 5594 accusant.
3022 5535 3134 5590 Nec
3186 5536 3316 5586 sunt
3370 5526 3475 5596 ipsi

1891 5638 2246 5707 pecuniarum
2291 5636 2363 5689 ita
2387 5634 2528 5688 avidi
2559 5647 2721 5702 quam
2756 5647 2859 5686 nos
2898 5636 3325 5695 contemptores,
3379 5617 3475 5687 qui

1894 5746 2172 5800 nunquam
2232 5728 2502 5782 hactenus
2562 5724 2743 5779 induci
2805 5722 3101 5793 potuimus,
3160 5725 3222 5769 ut
3270 5710 3473 5781 aliquid

1896 5830 2084 5876 contra
2137 5829 2344 5877 rectam
2375 5818 2645 5875 rationem
2679 5814 3033 5887 pecuniarum
3070 5822 3235 5866 causa
3268 5805 3474 5861 facere-

3157 5899 3235 5961 24·
