4044 6432
267 365 379 431 ’149
804 414 823 425 .
1423 362 1959 427 EPISTOLARUM
1996 363 2227 425 LIBER
2270 364 2319 423 I:
3404 362 3512 427 750

266 476 760 550 ἐμπεριείληπται·
806 477 1148 550 ψευδολογία,
1194 477 1402 548 ἀπάτη,
1433 478 1711 540 δυσσεϐεῖς
1744 477 1840 530 καὶ

1951 485 2127 546 perate
2169 492 2183 529 :
2222 474 2478 529 miseram
2518 472 2734 529 interim
2762 488 2937 530 meam
2974 483 3179 533 sortem
3210 474 3509 550 deplorare,

265 572 492 627 ἄπιστοι
543 570 825 641 λογισμοὶ,
868 572 1041 644 μάχαι
1092 570 1229 643 πρὸς
1276 572 1534 637 ἑαυτοὺς,
1567 570 1663 624 καὶ
1709 569 1839 624 ἀλλο

1951 578 1999 624 et
2033 568 2161 623 hinc
2194 567 2439 630 recolite,
2493 566 2636 635 quod
2691 567 2919 623 sull‘erre
2949 583 3110 640 cogar
3169 570 3514 625 inimicorum

266 663 475 733 πλῆθος
510 662 707 727 κακίας
735 663 983 735 ἄπειρον.

1951 660 2192 727 insidias,
2217 659 2516 715 amicorum
2547 660 2956 731 coniurationes
2994 670 3049 717 et
3076 663 3344 718 convicia.
3372 664 3517 718 Fieri

264 756 414 813 enim
472 757 563 826 qui
603 757 823 827 poterit,
870 765 930 811 ut
972 757 1021 813 is
1072 757 1164 828 qui
1212 755 1517 812 taliusmodi
1569 763 1771 812 statuat
1792 764 1889 808 aut
1915 755 2079 820 dicat,
2139 770 2259 826 quae
2292 753 2473 809 dicere
2514 770 2614 810 nos
2643 764 2699 810 et
2729 756 2933 811 sentire
2974 755 3153 811 bonus
3182 756 3271 811 ille
3310 756 3518 811 amicus

265 849 549 915 conﬁnxit,
572 864 681 904 non
711 858 951 904 extrema
972 850 1181 906 laboret
1206 850 1435 919 insania,
1465 860 1522 905 et
1544 851 1849 906 communis
1889 849 2109 921 quidem
2166 848 2421 906 Ecclesia:
2438 850 2702 920 proditor,
2741 860 3100 906 contemnens
3119 858 3174 905 et
3193 850 3518 906 conculcans

268 945 595 1002 traditiones
656 947 828 1001 avitas
884 946 1171 1011 habeatur,
1213 961 1429 1003 necnon
1486 947 1757 1003 sexcentis
1790 946 2061 1002 similibus
2112 946 2234 1003 aliis
2268 946 2587 1002 criminibus
2617 947 2940 1015 involvatur,
2970 948 3269 1004 mendaciis
3298 963 3516 1019 nempe,

266 1038 516 1102 fallaciis,
546 1038 845 1109 impietate,
879 1038 1183 1097 rationibus
1198 1056 1391 1111 parum
1416 1040 1556 1106 ﬁdis,
1586 1041 2084 1098 concertationibus
2106 1040 2330 1107 mutuis,
2348 1056 2412 1097 ac
2438 1041 2725 1096 innumero
2743 1040 2968 1096 aliarum
2994 1041 3329 1111 impietatum
3350 1053 3515 1100 cmtu.

354 1128 482 1201 Ἆρ’
540 1131 641 1186 οὐκ
700 1133 766 1187 ἐκ
817 1133 998 1187 καλῶν
1070 1136 1375 1205 χρωμάτων
1438 1137 1467 1189 ὀ
1521 1134 1686 1200 καλός
1736 1135 1840 1201 ζως

2020 1136 2218 1191 Verum
2257 1135 2301 1190 si
2343 1150 2455 1190 non
2508 1136 2727 1205 optimis
2789 1136 3063 1192 coloribus
3133 1138 3312 1208 pictor
3360 1154 3519 1211 egre-

266 1226 481 1296 γράφος
549 1224 648 1297 τὴν
703 1224 860 1296 ἡμῶν
912 1226 1283 1297 διεμόρφωσεν
1334 1229 1537 1293 είκόνα,
1598 1228 1628 1280 ὁ
1676 1228 1845 1299 μηδὲν

1951 1228 2067 1298 gius
2114 1238 2355 1283 nostram
2384 1228 2543 1285 nobis
2593 1228 2883 1301 imaginem
2908 1229 3223 1299 delineavit,
3248 1233 3340 1303 qui
3369 1243 3519 1289 tanta

265 1316 381 1369 τῶν
426 1316 646 1385 φαύλων
692 1317 824 1389 περὶ
880 1317 1039 1388 ἡμῶν
1097 1320 1272 1373 εἰπεῖν
1316 1320 1841 1392 ἀπισχυριζόμενος;

267 1408 385 1463 ἀλλ’
420 1409 470 1462 εί
524 1410 623 1479 μὲν
661 1409 962 1479 ἁπλότητος
997 1410 1170 1464 ταῦτα
1197 1451 1212 1475 ,
1258 1412 1364 1482 τῷ,
1397 1414 1651 1468 Γίνεσθε
1702 1414 1847 1482 φρό-

268 1518 434 1572 νιμοι
482 1503 564 1570 ὠς
618 1506 673 1557 οἱ
740 1503 941 1572 ὄφεις,
998 1505 1097 1561 καί
1137 1505 1400 1573 ἀκέραιοι
1450 1506 1531 1573 ὡς
1576 1510 1637 1561 αὶ
1690 1524 1851 1575 περι-

268 1593 480 1663 στεραί
504 1636 519 1660 ,
576 1593 671 1648 τοῦ
718 1596 924 1667 Κυρίου
989 1596 1221 1667 βοῶντος
1278 1597 1632 1668 πειθώμεθα·
1685 1601 1734 1653 εί
1790 1599 1850 1654 δέ

267 1686 647 1759 κακουργίας,
696 1688 862 1742 αὐτοῦ
898 1689 1061 1743 πάλιν
1106 1690 1528 1761 διακεκραγότος
1580 1690 1848 1760 μεταϐαλ-

1948 1319 2289 1381 vehementia
2312 1330 2605 1388 asseverat,
2642 1321 2779 1376 nihil
2804 1336 2863 1377 se
2882 1322 3007 1377 mali
3028 1323 3083 1376 in
3109 1338 3211 1378 nos
3232 1323 3522 1394 aliquando

1943 1410 2265 1480 protulisse;
2288 1411 2383 1466 sed
2405 1413 2649 1479 omnino,
2673 1412 2719 1467 si
2742 1429 2772 1467 a
2793 1429 3005 1469 morum
3030 1415 3374 1485 simplicitate
3396 1432 3520 1487 pro‘

1944 1501 2262 1557 ﬁciscuntur
2292 1503 2416 1566 ista.
2446 1504 2591 1559 dicto
2618 1504 2695 1559 illi
2729 1504 3034 1562 Servatoris
3058 1507 3518 1578 obtemperemus,

1947 1594 2239 1649 Prudentes
2273 1604 2433 1650 estote
2453 1597 2587 1650 sicut
2614 1607 2896 1668 serpentes,
2933 1600 3229 1654 innocentes
3259 1610 3437 1655 autem
3462 1610 3521 1655 ut

1947 1689 2283 1755 columbis“,
2326 1689 2613 1745 credamus
2658 1690 2730 1745 ita
2771 1705 2897 1747 esse
2928 1710 2943 1748 :
2974 1692 3120 1761 quod
3166 1692 3210 1746 si
3255 1693 3521 1748 malitiam

266 1780 513 1852 λὼμεθα·
578 1780 720 1835 Ἐὰν
780 1781 867 1852 μὴ
920 1783 1226 1852 στραφῆτε
1288 1781 1385 1837 καί
1438 1783 1696 1853 γένησθε
1764 1786 1848 1853 ὡς

1951 1780 2190 1835 indicare
2235 1780 2543 1848 videantur,
2579 1792 2853 1837 mutemus
2899 1783 3248 1850 sententiam,
3292 1794 3347 1840 et
3396 1801 3523 1841 cum

268 1875 347 1929 τὰ
394 1874 636 1939 παιδία,
675 1875 749 1928 οὐ
785 1873 866 1943 μὴ
894 1874 1205 1942 εἰσέλθητε
1239 1877 1327 1941 εἰς
1369 1874 1484 1945 τὴν
1514 1876 1845 1941 βασιλείαν

266 1964 390 2020 τῶν
440 1964 735 2033 οὐρανῶν.
788 1965 1039 2020 Μάλιστα
1095 1967 1556 2036 συνεπιστάμενοι
1624 1962 1710 2022 οἷα
1765 1968 1845 2039 τῷ

269 2057 680 2122 σκανδαλίζοντι
705 2057 800 2111 ἕνα
823 2058 933 2110 τῶν
954 2057 1250 2129 ἐλαχίστων
1273 2058 1517 2126 ἀδελφῶν
1540 2061 1574 2131 ὴ
1601 2059 1847 2131 τιμωρία

269 2150 583 2204 ἀπόκειται.
617 2150 680 2202 El
708 2149 763 2202 δὲ
790 2152 819 2202 ὁ
853 2148 1218 2214 σκανδαλίζων
1250 2150 1365 2218 ἕνα,
1392 2150 1490 2223 τὴν
1519 2151 1671 2222 δίκην
1702 2152 1846 2207 ἀπα-

272 2242 546 2313 ραιτήτως
576 2241 961 2313 εἰσπράττεται
999 2245 1028 2296 ὁ
1062 2243 1222 2298 σείων
1248 2243 1377 2315 ὅλην
1411 2245 1505 2298 καλ⁵
1536 2246 1846 2301 ἀνασκευά-

270 2334 386 2399 ζων
444 2332 805 2401 Ἐκκλησίαν,
860 2334 1023 2389 αὑτὸν
1073 2335 1279 2389 ἐκεῖνον
1326 2339 1527 2390 ἐννοεῖν
1574 2337 1847 2408 καταλιμ-

274 2425 452 2491 πάνω,
498 2425 703 2496 ἡλίκων
739 2425 933 2479 ἑαυτὸν
967 2427 1268 2480 ὑπεύθυνον
1302 2428 1595 2497 ἀποφαίνει
1624 2430 1810 2485 κακῶν
1830 2446 1845 2462 ·

270 2510 350 2570 ὧν
399 2516 485 2587 είη
523 2516 761 2585 Χριστοῦ
791 2517 1011 2570 πάντων
1057 2519 1215 2589 ἡμῶν
1263 2522 1422 2591 χεῖρα
1452 2521 1845 2592 ὑπερέχοντος,

276 2608 469 2678 μηδεὶς
490 2606 692 2678 ἔνοχος.
724 2607 865 2662 Ἀλλ’
888 2610 1065 2663 ἐκεῖνο
1084 2610 1200 2674 πῶς
1218 2613 1538 2682 ἀναλγήτως
1561 2616 1657 2668 καὶ
1681 2616 1850 2687 χωρὶς

272 2698 526 2769 δακρύων
574 2699 727 2761 οῐσω,
771 2701 820 2752 εἰ
854 2701 973 2770 μὲν,
1009 2701 1105 2766 οὓς
1148 2721 1334 2775 φησιν,
1368 2705 1427 2757 οὐ
1458 2705 1537 2758 δεῖ
1577 2706 1846 2776 δέχεσθαι,

272 2789 513 2857 δέχοιτο,
542 2788 595 2842 τί
627 2788 703 2860 μὴ
732 2793 849 2860 μετ’
871 2792 1092 2846 ἐκείνων
1128 2793 1441 2865 γινώμεθα;
1472 2796 1534 2848 El
1564 2796 1620 2850 δὲ
1654 2800 1728 2868 μὴ
1760 2798 1849 2852 δέ·-

275 2896 427 2951 χοιτο
477 2881 630 2949 φόϐῳ
672 2883 771 2950 τῆς
812 2883 1115 2953 μελλούσης
1156 2888 1460 2958 τιμωρίας,
1500 2890 1595 2943 καὶ
1624 2889 1852 2954 ἄκοντες

273 2974 377 3043 τὴν
411 2973 689 3045 παροῦσαν
714 2974 1000 3030 εὐσέϐειαν
1028 2977 1378 3050 φυλαξόμεθα
1399 2995 1411 3010 ⁸
1443 2982 1570 3051 περὶ
1600 2981 1658 3035 δὲ
1690 2980 1848 3047 Θεοῦ,

274 3058 323 3118 ὦ
373 3064 647 3135 βέλτιστε,
703 3067 833 3139 περὶ
869 3068 927 3122 δὲ
985 3070 1259 3138 πίστεως,
1297 3072 1427 3141 περὶ
1471 3072 1531 3126 δὲ
1580 3072 1689 3127 τῶν
1734 3074 1923 3167 ἐκεῖς’

274 3158 714 3229 δικαιωτηρίων,
766 3160 898 3231 περὶ¹
944 3163 1306 3234 συνειδήσεως
1342 3164 1432 3231 δὲ,
1467 3165 1604 3219 ἀλλὰ
1655 3167 1784 3236 περὶ
1812 3178 1854 3205 ιιι

276 3248 561 3319 ἀληθείας,
614 3250 745 3320 περὶ
774 3252 830 3305 δὲ
865 3252 1089 3324 γνώμης
1122 3255 1441 3319 εὐσταθοῦς,
1482 3257 1611 3328 περὶ
1635 3257 1691 3310 δὲ
1728 3258 1855 3311 τού-

277 3360 391 3397 των
437 3343 613 3409 ούδὲν,
658 3342 800 3416 λήθῃ
838 3345 1075 3415 πάνταή
1111 3344 1386 3414 Χάρυϐδις
1417 3346 1658 3400 λαϐοῦσα
1689 3347 1853 3400 κατέ-

279 3452 428 3489 πιεν.
468 3436 609 3504 Ἐγὼ
651 3436 706 3489 δέ
741 3435 1049 3489 τούναντίον
1081 3435 1147 3490 ἀν
1176 3436 1338 3490 αὐτὸν
1377 3436 1471 3489 καὶ
1510 3441 1725 3506 φρονεῖν
1762 3439 1854 3491 καὶ⁹

278 3527 460 3595 λέγειν
487 3529 677 3597 ἠξίουν
701 3544 714 3559 ο
747 3528 824 3592 ὡς
847 3528 1008 3599 εἴπερ
1026 3527 1121 3592 οὒς
1146 3529 1205 3581 ού
1241 3529 1321 3582 δεῖ
1346 3529 1600 3600 δέχεσθαι
1628 3530 1852 3600 δέχοιτο,

280 3620 485 3684 πάντες
514 3621 631 3690 ἅμα
660 3620 817 3691 τορόν
857 3636 911 3673 τι
956 3621 1051 3674 καὶ
1095 3618 1416 3690 διαπρύσιον
1456 3622 1851 3692 ἐμϐοήσωμεν,

282 3711 420 3781 μηδέ
444 3729 527 3775 τις
556 3712 642 3779 εἴη
675 3712 902 3782 μηδενὸς
937 3710 1140 3780 φειδὼ,
1180 3711 1256 3784 μὴ
1281 3713 1549 3784 πατρικοῦ
1589 3714 1753 3768 πόθου
1797 3716 1856 3768 ἐν

278 3796 324 3870 ᾦ
364 3804 744 3874 σεμνυνόμεθα
763 3845 779 3872 ,
827 3804 904 3876 μὴ
933 3805 1030 3873 τῆς
1062 3805 1446 3877 προσηκούσης
1475 3807 1759 3872 εὐλαϐείας
1787 3808 1856 3879 ἦν

278 3897 555 3967 πατράσιν
596 3898 783 3968 νέμειν
812 3898 900 3952 ἀεὶ
928 3897 1305 3967 δεδιδάγμεθα,
1352 3899 1487 3969 μηδέ
1516 3916 1661 3963 τινος
1688 3900 1856 3969 ἄλλης

280 3984 466 4048 αἰδοῦς
514 3985 583 4056 ἢν
613 3987 742 4055 περί
785 3986 949 4040 αὑτὸν
1003 3988 1475 4060 συνετηρήσαμεν,
1512 3990 1647 4044 ἀλλά
1684 3991 1856 4045 ταῦτα

277 4078 462 4131 πάντα
518 4079 801 4149 πόρρωθεν
849 4081 1009 4150 ἡμῶν
1052 4081 1460 4148 ἀπελάσαντες,
1501 4083 1639 4155 ὅπερ
1686 4084 1853 4155 ἔφην,

276 4169 564 4239 διωλύγιον
604 4172 1009 4243 ὲμϐοησόμεθα.
1040 4173 1105 4225 Τί
1134 4173 1309 4227 ταῦτα
1333 4175 1527 4238 ποιεῖς,
1562 4174 1813 4246 ἄνθρωπε
1838 4192 1853 4240 ;

278 4262 375 4314 ποῖ
400 4260 545 4333 φέρῃ
566 4279 580 4325 ;
608 4262 659 4313 τί
687 4261 743 4314 δὲ
767 4262 989 4315 σεαυτὸν
1023 4262 1238 4333 ἐχθροῖς
1263 4264 1477 4332 ἀγνοεῖς
1499 4264 1851 4335 ἐγχειρίζωνς

272 4352 327 4404 τί
366 4354 495 4416 τοὺς
536 4353 694 4423 ἡμῶν
745 4352 940 4417 ἄθλους
973 4355 1054 4419 είς
1085 4354 1277 4418 ὕθλους
1304 4355 1632 4427 ἐξήνεγκας;
1666 4357 1718 4409 τί
1748 4357 1854 4410 τῶν

1946 1873 2138 1928 eodem
2182 1872 2402 1927 Christo
2446 1874 2728 1939 dicamus,
2772 1875 2891 1929 Nisi
2933 1877 3166 1929 conversi
3205 1877 3429 1947 fueritis,
3475 1886 3524 1930 et

1945 1965 2088 2033 ﬁalis
2119 1965 2251 2019 sicut
2280 1966 2488 2035 parvuli
2512 2005 2527 2030 ,
2559 1982 2663 2020 non
2708 1967 2975 2021 intrabitis
3014 1969 3070 2021 in
3111 1984 3328 2039 regnum
3374 1968 3526 2023 cazlo-

1948 2071 2065 2107 rum
2086 2054 2150 2108 “.
2192 2054 2465 2124 Imprimis
2502 2054 2549 2109 si
2590 2054 2988 2110 recoluerimus
3031 2054 3356 2125 supplicium
3392 2054 3525 2109 illud

1948 2146 2246 2216 repositum
2269 2156 2459 2202 contra
2488 2162 2612 2202 eum
2636 2146 2729 2216 qui
2752 2145 3198 2202 scandalizaverit
3230 2146 3317 2201 vel
3354 2162 3526 2201 unum

1947 2253 1978 2293 e
2005 2238 2213 2307 pusillis
2237 2237 2520 2295 fratribus.
2547 2236 2603 2292 Si
2633 2247 2818 2293 autem
2862 2238 2918 2292 in
2946 2254 3095 2301 eum,
3126 2239 3217 2307 qui
3244 2238 3327 2292 vel
3354 2254 3528 2293 unum

1947 2343 2015 2384 ex
2059 2329 2165 2383 illis
2196 2329 2548 2395 scandalizet,
2583 2344 2745 2399 poena
2782 2330 3134 2385 inexorabilis
3166 2329 3453 2401 irrogetur,
3480 2330 3528 2387 is

1947 2420 2041 2490 qui
2094 2435 2416 2476 concussam
2467 2421 2664 2478 evertit
2712 2421 3022 2476 universam
3070 2419 3386 2486 Ecclesiam,
3435 2437 3526 2477 re-

1948 2517 2103 2578 putet
2144 2510 2288 2580 apud
2320 2525 2378 2566 se
2413 2519 2546 2580 quot
2577 2526 2636 2566 se
2665 2510 2821 2565 malis
2858 2526 3009 2566 reum
3036 2510 3299 2567 involvit:
3327 2510 3527 2581 quibus

1949 2600 2084 2655 faxit
2114 2599 2276 2666 Deus,
2308 2610 2371 2655 ut
2397 2616 2561 2656 nemo
2598 2610 2845 2656 nostrum
2877 2598 2949 2656 sit
2977 2601 3272 2666 obnoxius,
3305 2601 3527 2656 Christo

1949 2708 2172 2747 manum
2234 2693 2555 2763 adjutricem
2624 2703 2679 2749 et
2752 2695 3137 2764 protec'tr'icem
3192 2695 3522 2765 porrigente.

1950 2785 2089 2841 Illud
2115 2793 2298 2841 autem
2334 2802 2674 2857 nequaquam
2714 2788 2832 2843 sine
2863 2788 3116 2859 lacrymis
3156 2788 3243 2843 vel
3280 2789 3399 2843 sine
3428 2787 3528 2843 do-

1950 2876 2064 2933 lore
2092 2877 2373 2941 suﬂ'eram,
2408 2878 2453 2931 si
2488 2878 2609 2933 illos
2651 2879 2901 2933 admittat
2949 2888 3006 2934 et
3047 2878 3116 2933 ad
3169 2892 3229 2933 se
3277 2878 3528 2948 recipiat,

1950 2984 2089 3039 quos
2115 2968 2367 3025 Christus
2409 2970 2578 3025 edicit
2630 2986 2741 3025 non
2775 2970 3155 3040 recipiendos,
3190 2968 3248 3023 iu
3296 2983 3531 3038 quorum

1952 3076 2181 3116 numero
2212 3061 2402 3131 quidni
2429 3072 2486 3117 et
2513 3078 2614 3117 nos
2656 3063 2803 3132 ipsos
2850 3061 3052 3116 habet?
3084 3059 3243 3127 Quod
3295 3061 3342 3115 si
3397 3060 3533 3116 tales

1956 3151 2046 3206 ille
2081 3161 2303 3223 pr0pter
2345 3162 2548 3208 metum
2590 3153 2758 3207 futuri
2788 3153 2979 3223 judicii
3010 3168 3122 3208 non
3150 3152 3397 3223 recipiat,
3430 3137 3534 3207 nos

1956 3246 2041 3300 vel
2073 3246 2409 3301 reluctantes
2443 3256 2501 3301 et
2540 3246 2695 3301 inviti
2738 3247 2999 3317 pietatem
3044 3245 3101 3300 in
3128 3247 3320 3313 Deum,
3368 3262 3534 3317 quam

1956 3348 2280 3409 pmsentem
2306 3339 2572 3406 fovemus,
2599 3340 2867 3396 exculturi
2916 3355 3106 3395 sumus
3130 3357 3145 3395 :
3165 3342 3533 3395 verumenim-

1954 3447 2106 3498 vero,
2133 3433 2200 3487 de
2238 3434 2367 3497 Deo,
2415 3433 2498 3487 vir
2530 3432 2755 3503 optime,
2803 3432 2871 3487 de
2917 3432 3043 3498 ﬁde,
3078 3431 3263 3487 futuro
3303 3432 3531 3502 judicio,

1954 3522 2023 3576 de
2052 3523 2407 3589 conscientia,
2434 3524 2683 3589 veritate,
2725 3524 2993 3578 sententia
3040 3525 3314 3578 constanti
3354 3540 3534 3594 neque

1956 3614 2121 3679 ﬂuxa,
2148 3630 2203 3669 et
2246 3615 2518 3670 similibus
2563 3615 2699 3670 nihil
2730 3615 2967 3669 habeat:
3002 3614 3292 3669 dicendum
3333 3625 3417 3671 est
3450 3616 3529 3670 le-

1959 3707 2086 3763 theo
2122 3708 2732 3792 voragineﬁharybden
2781 3707 2964 3763 omnia
3013 3707 3379 3763 absorbuisse.
3418 3708 3533 3778 Ego

1956 3809 2136 3856 autem
2191 3803 2444 3873 optarim,
2494 3810 2552 3857 ut
2598 3804 2932 3858 contrarium
2984 3819 3109 3858 cum
3160 3801 3379 3867 sentiat,
3415 3810 3533 3855 tum

1957 3897 2120 3949 etiam
2143 3895 2391 3965 loquatur
2423 3913 2435 3951 :
2473 3897 2548 3951 ita
2594 3905 2676 3961 ut,
2718 3896 2761 3952 si
2807 3912 2946 3966 quos
2976 3895 3092 3950 'non
3127 3895 3338 3961 debuit,
3378 3893 3446 3948 ad
3475 3909 3536 3948 se

1958 3986 2205 4055 recipiat,
2266 3986 2405 4041 elata
2451 4002 2585 4041 voce
2624 3996 2680 4041 et
2731 3985 2874 4041 clara
2930 3994 3061 4040 tunc
3116 3998 3309 4039 omnes
3357 3984 3535 4038 accla~

1957 4093 2191 4143 memus,
2223 4094 2324 4133 nec
2346 4080 2633 4148 quisquam
2676 4078 2804 4133 inde
2836 4077 3159 4148 excipiatur,
3212 4092 3283 4132 ne
3312 4077 3535 4147 quidem

1957 4174 2138 4228 obstet
2168 4182 2453 4242 paternum
2501 4172 2834 4227 desiderium
2878 4170 3024 4241 quod
3072 4171 3255 4242 magni
3294 4170 3536 4225 solemus

1956 4264 2228 4319 aestimare
2261 4283 2274 4319 :
2310 4280 2418 4318 non
2475 4264 2563 4318 illa
2612 4263 2920 4319 reverentia
2964 4279 3126 4333 quam
3165 4264 3431 4318 docemur
3476 4263 3535 4318 in

1957 4365 2212 4424 parentes
2269 4370 2486 4426 semper
2542 4356 2806 4411 adhibere
2859 4375 2872 4411 :
2930 4372 3039 4411 non
3095 4356 3235 4411 alius
3303 4355 3537 4423 quilibet

274 4443 648 4499 εὐσεϐούντων
705 4446 983 4516 αίσχύνεις
1038 4446 1100 4500 τὸ
1149 4448 1469 4517 σύνταγμα;
1526 4449 1578 4503 τί
1635 4451 1692 4503 δὲ
1743 4450 1850 4504 τῶν

1957 4449 2154 4518 pudor,
2184 4464 2345 4518 quem
2380 4464 2571 4503 versus
2632 4450 2782 4503 illum
2835 4450 3218 4515 observamus;
3272 4449 3368 4504 sed
3418 4448 3535 4503 haec

274 4536 489 4607 ἐχθρῶν
511 4537 761 4609 ἐπαίρεις
788 4536 851 4591 τὸ
890 4539 1176 4609 φρόνημα;
1211 4540 1447 4594 Τοιαῦτα
1479 4540 1640 4594 αὑτὸν
1673 4542 1847 4611 ἔγωγε

274 4624 604 4691 σπουδάζειν
657 4628 857 4698 μᾶλλον
909 4630 977 4683 ἂν
1013 4628 1274 4701 ἤλπιζον,
1321 4632 1377 4685 εί
1406 4634 1459 4685 τί
1511 4651 1580 4704 με
1626 4637 1853 4707 παρολι-

274 4716 518 4773 σθαίνειν
567 4720 883 4791 ᾐσθάετοη,
942 4723 1056 4777 ἀλλ’
1102 4725 1216 4795 οὐχ’
1257 4719 1344 4778 οἷα
1380 4725 1511 4790 νῦν,
1552 4727 1853 4793 παιζόντων

272 4809 503 4878 γνώμας
564 4811 941 4882 μιμούμενος,
998 4813 1411 4887 διαπράττεται.
1477 4818 1744 4877 Ἦλπιζον
1797 4821 1854 4873 δὲ

276 4901 520 4967 κάκεῖνο,
564 4902 641 4965 ὡς
684 4902 738 4955 εί
774 4904 859 4967 τίς
889 4923 1021 4959 ποτε
1057 4906 1166 4960 τῶν
1206 4907 1416 4978 ἐχθρῶν
1446 4909 1649 4975 ταύτας
1684 4911 1853 4965 αὑτοῦ

269 4993 372 5055 τὰς
404 4992 588 5059 φωνάς
628 4994 764 5064 πρὸς
803 4995 966 5049 αὐτὸν
996 4997 1298 5069 ἐτόλμησεν
1334 5000 1590 5068 ἀφεῖναι,
1639 5002 1853 5072 μυρίοις

270 5082 339 5137 ἂν
368 5086 536 5138 αὐτὸν
567 5085 777 5156 βάλλων
809 5087 1056 5154 ἐξεδίωξε
1080 5093 1196 5154 τοῖς
1223 5091 1417 5157 λίθοις,
1443 5093 1737 5149 ἀπατεῶνα
1759 5096 1854 5148 καὶ

270 5175 517 5247 ψεύστην
552 5175 695 5250 [καὶ]
745 5178 1009 5244 τοιούτοις
1052 5180 1234 5251 λόγοις
1286 5184 1629 5240 διαπλύνων⁶
1672 5187 1855 5258 ἀνέχε-

274 5268 401 5319 σθαι
448 5268 557 5338 γάρ
615 5269 724 5322 τῶν
758 5269 933 5335 ἄλλως
966 5272 1115 5342 ἡμᾶς
1150 5276 1577 5341 ἐξουθενούντων
1624 5296 1856 5351 προστε-

270 5357 567 5427 ταγμένον,
612 5360 693 5414 ὃτι
723 5368 748 5396 °
784 5362 879 5415 τοῦ
920 5364 1099 5434 πράου
1133 5368 1231 5420 καὶ
1271 5369 1552 5441 εἰρηνικοῦ
1589 5372 1850 5444 μαθηταὶ,

271 5448 354 5511 είς
381 5456 411 5496 P
461 5448 646 5504 πίστιν
678 5450 735 5503 δὲ
784 5451 1180 5525 ἐξυϐριζόντων
1221 5458 1399 5523 οὐδεὶς
1446 5459 1513 5522 ἂν
1561 5462 1853 5533 ἀνάσχοιτο

380 5580 424 5613 ¹¹
450 5581 635 5639 Matth.
658 5603 713 5654 ι,
736 5588 826 5644 16.
901 5590 944 5622 "
972 5589 1163 5647 Matth.
1196 5609 1350 5661 xvut,
1380 5595 1433 5651 5.

1956 4541 2141 4598 omnia
2194 4541 2506 4613 longissime
2557 4556 2589 4596 a
2644 4542 2804 4597 nobis
2837 4542 3199 4607 revolventes,
3253 4541 3399 4611 quod
3445 4540 3532 4595 di-

1951 4635 2163 4700 cebam,
2196 4644 2415 4691 extenta
2448 4650 2583 4691 voce
2618 4638 3012 4692 inclamemus:
3044 4635 3113 4689 Mi
3146 4636 3329 4697 homo,
3360 4648 3528 4704 quor-

1949 4743 2072 4783 sum
2122 4728 2225 4782 ista
2276 4728 2352 4783 ita
2401 4730 2625 4799 patras?
2674 4744 2784 4800 quo
2830 4730 3041 4785 delatus
3091 4729 3243 4783 abis?
3296 4742 3395 4781 cur
3431 4741 3531 4796 per

1950 4817 2315 4888 ignorantiam
2348 4826 2401 4873 te
2444 4818 2501 4872 in
2547 4819 2787 4877 hostium
2840 4833 3037 4873 manus
3078 4816 3347 4887 conjicis?
3396 4815 3530 4886 quid

1949 4918 2139 4965 nostra
2169 4915 2469 4967 certamina
2516 4912 2660 4968 inter
2684 4920 3011 4983 nugamenta
3038 4911 3335 4966 numeras?
3359 4926 3532 4982 quor-

1950 5018 2070 5057 sum
2094 5003 2311 5073 piorum
2340 5019 2667 5061 consensum
2702 5004 2906 5060 foedas?
2934 5018 3196 5074 quorsum
3222 5003 3421 5059 attollis
3450 5005 3533 5063 sic

1953 5095 2180 5151 hostiles
2238 5096 2503 5167 spiritus?
2551 5095 2704 5151 Talia
2751 5111 2851 5167 ego
2898 5096 2971 5150 illi
3018 5096 3136 5151 fore
3185 5096 3329 5151 inter
3366 5113 3531 5155 curas

1950 5187 2155 5257 primas
2184 5188 2581 5254 existimabam,
2608 5188 2653 5243 si
2686 5187 2739 5241 in
2773 5188 2956 5258 aliquo
2996 5203 3085 5242 me
3125 5189 3528 5245 exorbitantem

1950 5278 2423 5349 deprehendisset,
2462 5280 2646 5351 potius
2672 5296 2833 5349 quam
2863 5288 2921 5335 ut
2962 5280 3307 5336 illudentium
3349 5290 3532 5353 gestus

1950 5372 2277 5429 imitaretur.
2332 5373 2649 5443 Sperassem
2701 5372 2949 5438 ulterius,
3002 5373 3147 5444 quod
3199 5374 3244 5428 si
3275 5373 3344 5428 de
3392 5374 3529 5427 meis

1952 5464 2193 5521 inimicis
2217 5465 2415 5537 aliquis
2444 5466 2561 5521 illas
2604 5466 2749 5538 ipsas
2777 5482 2942 5524 voces
2980 5467 3299 5538 protulisset
3342 5478 3527 5522 coram

1553 5711 1784 5766 VARIAS
1824 5711 2229 5770 LECTIONES.

346 5822 388 5852 ³³
416 5813 509 5870 καὶ
539 5813 595 5866 δὲ
626 5817 717 5870 καὶ
749 5816 901 5888 περί.
1004 5830 1029 5857 ιι
1060 5820 1145 5873 ῑσ.
1179 5821 1467 5889 ὴσθάνετο.

1550 5835 1573 5861 ο
1609 5828 1691 5880 ἴσ.
1738 5827 1872 5883 ἔστι.

1954 5840 1979 5878 ιι
2008 5828 2095 5883 lo.
2129 5828 2314 5900 ἔσμεν.
