4044 6396
1686 363 1951 426 ΡΗΟΤῙΙ
1988 366 2107 425 ΡΝ]

2209 364 2496 426 [ARCIL’E
2534 366 2645 426 CP.
3702 366 3806 429 752

557 364 654 430 751

556 478 696 549 ipso,
730 492 850 547 quae
879 485 1093 534 suntao
1125 477 1216 532 illo
1255 484 1548 549 usurpatae,
1582 476 1820 546 lapidum
1869 476 1989 531 illos
2024 477 2107 530 im

2230 478 2352 529 ἐπεὶ
2376 478 2487 531 «καὶ
2518 477 2679 540 αὐτὸς
2708 475 2873 531 τάλλα
2903 476 3096 547 πράως
3138 475 3321 546 φέρων
3348 478 3442 531 καὶ
3477 476 3555 551 μὴ
3599 477 3801 549 ἀμυνό-

555 570 652 624 bre
679 570 951 625 obruisset
979 580 1230 640 tauquam
1280 569 1649 639 deceptorem,
1683 568 2022 633 mendacem,
2072 584 2107 621 e

2229 585 2421 639 μενος,
2457 567 2585 633 τούς
2615 584 2677 622 τε
2714 569 2821 623 τὸν
2849 567 3140 636 πατρικὸν
3182 564 3384 636 οἷκον,
3423 562 3594 631 οἶκον
3628 570 3799 641 ἐμπο-

555 658 789 713 similem
819 659 1080 715 conviciis
1100 659 1396 730 prolutum.
1428 657 1562 713 Nam
1594 673 1717 713 cum
1748 656 2045 712 habeamus
2069 656 2107 709 ir

2218 660 2357 729 ρίας
2386 659 2581 715 ποιεῖν
2606 657 3083 727 ἀπονοηθέντας,
3115 660 3256 731 μετὰ
3283 660 3522 732 σφοδρᾶς
3544 665 3649 733 τῆς
3686 666 3801 717 ἐπιο

554 751 825 806 mandatis
875 752 995 806 illos
1032 752 1261 807 tolerare
1302 752 1395 822 qui
1441 765 1542 806 nos
1591 751 1725 805 alias
1754 749 1850 805 vili
1896 747 2121 809 faciunt.

554 852 840 911 prapterea
867 843 1010 913 quod
1040 843 1187 898 illius
1218 842 1470 914 discipuli
1516 843 1709 908 simus,
1753 841 1847 911 qui
1889 840 2037 895 mitis
2071 849 2126 895 et

552 934 813 1004 pacificus
859 945 1350 1000 commemoratur,
1383 944 1621 991 attamen
1672 935 1762 990 ille
1812 931 2125 989 tolerandas

551 1042 663 1082 non
710 1038 826 1092 est,
877 1027 969 1097 qui
1033 1027 1193 1083 ﬁdem
1250 1029 1643 1100 transgreditur
1696 1026 2062 1082 Christianam
2107 1042 2121 1078 :

550 1119 800 1174 Christus
847 1128 994 1174 certe
1045 1119 1295 1190 ipsemet,
1331 1122 1423 1191 qui
1471 1120 1655 1174 omnia
1702 1120 1758 1174 in
1807 1133 1866 1173 se
1925 1117 2123 1173 delicta

548 1212 903 1282 aequaiiimice
931 1211 1145 1267 ferebat
1183 1228 1285 1268 nec
1318 1212 1717 1276 ulciscebatur,
1760 1210 1882 1265 illos
1918 1218 2120 1273 tamen,

558 1304 648 1373 qui
695 1304 909 1357 domum
958 1304 1043 1358 sui
1094 1302 1293 1368 Patris,
1336 1305 1548 1359 domum
1600 1305 1941 1358 reddiderant
1994 1321 2123 1359 cau—

547 1396 879 1465 ponamium,
902 1411 1010 1451 non
1032 1396 1151 1451 sine
1182 1396 1316 1451 dura
1336 1404 1391 1451 et
1408 1396 1717 1451 vehementi
1747 1395 2123 1467 objurgatione

546 1490 750 1559 eiectos
782 1490 908 1545 inde
940 1491 1220 1558 deturbat;
1250 1500 1306 1547 et
1326 1506 1422 1547 eos
1454 1492 1546 1562 qui
1579 1492 1634 1546 in
1682 1490 1947 1563 Spiritum
1998 1507 2123 1547 san-

546 1594 697 1637 ctum
729 1600 857 1639 suas
886 1585 1099 1654 linguas
1123 1585 1481 1651 exacuebant,
1501 1585 1703 1655 duplici
1725 1584 1958 1640 condicit
1985 1600 2119 1638 con-

544 1676 899 1738 demnationi,
928 1676 1065 1746 ignis
1090 1678 1348 1730 nimirum
1391 1676 1446 1730 in
1496 1675 1701 1739 futuro,
1745 1686 1803 1730 et
1826 1677 2017 1730 esuriei
2066 1679 2120 1731 in

543 1768 801 1837 praesenti
854 1768 1083 1831 sreculo,
1118 1784 1242 1823 cum
1282 1766 1598 1824 Iudaeorum
1638 1769 1833 1825 civitas
1874 1769 2120 1826 funditus

544 1860 993 1916 exscinderetur:
1021 1869 1078 1915 et
1126 1860 1257 1915 alibi
1292 1860 1673 1917 vehementius
1710 1862 2118 1918 excandescens

545 1951 864 2019 pronuntiat
906 1949 1144 2005 futuram
1178 1964 1272 2005 eos
1294 1965 1510 2021 poenam
1543 1966 1652 2005 non
1680 1964 1962 2019 evasuros,
1988 1952 2118 2008 licet

543 2040 708 2095 etiam
733 2038 961 2094 ulterius
989 2048 1313 2109 praesentem
1355 2039 1609 2094 tulerant.
1653 2039 1759 2095 Sed
1805 2055 1927 2111 ego,
1972 2043 2115 2112 quoﬂ

541 2138 788 2199 apparet,
836 2129 928 2200 qui
974 2128 1260 2199 sperabam
1309 2128 1485 2195 aliter,
1535 2144 1622 2184 me
1658 2129 1725 2184 ad
1765 2132 2113 2185 enectionem

542 2237 639 2291 per
667 2223 865 2276 famem
896 2220 1225 2277 refovebam.
1262 2220 1398 2287 Quis
1424 2236 1552 2294 ergo
1570 2238 1657 2279 me
1690 2223 1948 2279 thronum
1979 2240 2115 2279 con-

539 2312 891 2368 seendentem
924 2311 1443 2382 archiepiscopalem
1466 2351 1483 2375 ,
1515 2319 1570 2366 et
1603 2312 1991 2383 principatum,
2057 2314 2113 2367 in

537 2419 732 2459 manus
766 2403 1021 2459 traditum
1050 2402 1219 2459 totius
1267 2409 1324 2458 et
1355 2402 1569 2457 consilii
1614 2413 1671 2459 et
1705 2404 1939 2460 actionis
1969 2407 2113 2460 reci-

538 2501 778 2569 pientem
804 2497 1058 2562 intuitus,
1083 2495 1165 2551 illi
1211 2495 1614 2552 insusurravit?
1659 2496 1930 2569 ejusmodi
1963 2500 2111 2554 enim

534 2604 659 2644 cum
682 2603 842 2644 voces
888 2597 1004 2645 tum
1046 2587 1457 2660 disquisitiones
1499 2590 1680 2660 impiae
1728 2601 1876 2659 sunt,
1905 2600 1962 2646 et
1984 2605 2111 2664 erga

534 2681 654 2737 illos
688 2680 1009 2737 adhibendae
1038 2688 1189 2745 sunt,
1235 2679 1329 2751 qui
1369 2681 1724 2737 moderamen
1764 2689 1822 2737 et
1869 2682 2112 2739 habenas

531 2773 913 2843 gubernandas
937 2771 1220 2843 splendide
1243 2781 1298 2827 et
1331 2772 1529 2828 illustri
1552 2774 1716 2829 modo
1740 2784 2105 2846 acceperunt:

531 2875 587 2921 et
620 2865 713 2936 qui
761 2866 818 2920 in
855 2865 1060 2922 bonum
1100 2867 1380 2937 publicum
1432 2867 1634 2921 throno
1675 2866 1975 2937 praesident
2006 2884 2020 2921 :
2054 2875 2111 2923 et

530 2956 626 3011 ubi
658 2956 726 3012 ad
776 2971 949 3029 genua
986 2958 1262 3030 provoluti
1307 2958 1709 3029 abjiciebantur
1754 2960 2106 3031 puenitentes,

529 3049 622 3119 qui
669 3049 917 3104 tellurem
962 3049 1329 3117 lacrymarum
1385 3050 1518 3105 rivis
1571 3050 1891 3122 irrigabant,
1930 3067 1993 3108 ac
2036 3052 2107 3108 ad

528 3142 853 3197 movendam
903 3141 1335 3198 misericordiam
1383 3143 1553 3198 multa
1602 3141 2006 3214 loquebantur:
2043 3160 2107 3201 ac
2133 3181 2176 3239 ο

526 3239 618 3310 qui
649 3239 716 3294 ad
737 3239 900 3294 ﬁnem
927 3255 1099 3311 usque
1119 3254 1219 3310 pro
1244 3239 1475 3294 veritate
1498 3247 1554 3294 et
1592 3238 1795 3294 virtute
1824 3247 2102 3296 certamen

527 3332 725 3388 initum
774 3332 1118 3387 sustinebant
1164 3331 1581 3402 splendentibus
1618 3331 1837 3387 coronis
1879 3330 2106 3389 lemnis-

524 3424 847 3485 eaWsedent
880 3438 1004 3478 cum
1035 3423 1253 3479 Christo
1281 3424 1642 3494 iudicantium
1673 3423 1853 3479 sortiti
1901 3423 2102 3489 locum,

522 3532 756 3589 quorum
781 3532 1058 3574 nonnemo
1097 3516 1165 3573 ad
1224 3515 1721 3573 commiserandum
1766 3532 2104 3590 congeneres

520 3610 623 3667 sibi
674 3610 927 3666 feruntur
959 3628 973 3664 :
1004 3610 1225 3681 quidam
1297 3609 1388 3665 alii
1442 3608 1714 3679 aequitatis
1770 3610 1975 3666 nullam
2015 3612 2103 3668 vel

518 3703 797 3760 canonica:
839 3705 1124 3775 potestatis
1171 3704 1441 3759 rationem
1498 3704 1788 3769 habentes,
1840 3706 1939 3760 sed
1983 3716 2104 3761 tan-

518 3812 681 3866 quam
720 3797 812 3866 qui
854 3796 1084 3867 justitiae
1128 3796 1320 3850 oculos
1372 3797 1439 3851 ad
1476 3796 1781 3854 faciendam
1829 3797 2098 3868 justitiam

517 3903 820 3960 provocare
854 3888 1056 3943 vellent
1090 3906 1103 3942 :
1134 3898 1285 3944 certe
1320 3903 1459 3959 Opus
1481 3897 1563 3945 est
1610 3899 1670 3946 ut
1722 3891 1829 3957 hic,
1865 3891 1957 3949 hic
2010 3890 2099 3945 in-

517 3993 703 4048 quam,
745 3980 790 4033 si
822 3977 1044 4040 alicubi,
1082 3978 1209 4033 talia
1235 3979 1455 4035 obtendi
1487 3980 1742 4045 debeant,
1783 3983 1929 4053 apud
1974 3981 2099 4039 illos

517 4071 843 4141 praesa-tim,
871 4071 964 4139 qui
1003 4070 1059 4124 in
1111 4070 1205 4125 illo
1251 4071 1444 4127 ordine
1492 4073 1952 4130 constituuntur:
1983 4090 2095 4129 non

518 4160 571 4211 iu
605 4159 710 4212 vita
740 4158 1017 4228 praesenti,
1048 4173 1156 4212 non
1187 4159 1329 4230 apud
1360 4176 1457 4216 eos
1484 4163 1576 4232 qui
1609 4162 1774 4226 fame,
1804 4179 1953 4219 nunc
1982 4164 2093 4229 siti,

516 4249 781 4305 custodiis
828 4258 884 4304 et
938 4249 1199 4304 miserum
1222 4251 1442 4321 quidem
1490 4253 1548 4306 in
1603 4253 1826 4308 modum
1868 4253 2097 4309 interci-

516 4341 762 4408 piuntur,
794 4340 861 4394 de
886 4340 996 4394 vita
1052 4356 1150 4396 sua
1208 4343 1600 4411 periclitantes.
1659 4343 1741 4398 Ad
1779 4343 1900 4398 illos
1947 4344 2094 4398 enim

513 4438 725 4501 spectat
757 4431 1052 4501 deputatus
1095 4432 1323 4502 justitim
1378 4431 1550 4497 locus,
1588 4432 1805 4503 iudicii,
1833 4435 2094 4489 condem-

2224 751 2503 821 τιμήσεως
2540 749 2751 804 ἐκεῖθεν
2791 750 3073 820 ἀπήλασε’
3108 750 3205 803 καὶ
3249 749 3377 813 τοὺς
3421 750 3503 814 είς
3534 751 3599 804 τὸ
3650 751 3798 821 άγιον

2226 838 2452 912 Πνεῦμα
2470 840 2566 913 τὴν
2586 838 2838 909 γλῶσσαν
2856 839 3163 905 όξύνοντας,
3190 839 3384 912 διπλὴν
3404 840 3506 910 τὴν
3530 843 3797 913 τιμωρίαν

2224 930 2697 1003 ἀπειλησάμενος,
2745 930 2918 1003 πυρὸς
2969 930 3067 1003 μὲν
3109 930 3344 985 ἐνταῦθα
3396 933 3490 986 καὶ
3530 932 3798 1004 μαχαίρας

2224 1025 2384 1095 ἔργον
2412 1025 2507 1079 καὶ
2529 1023 2688 1094 λιμοῦ
2717 1023 2818 1095 τὴν
2844 1023 3001 1077 πόλιν
3026 1022 3326 1096 αὔτανδρον
3355 1025 3674 1096 ἐποιήσατο,
3708 1027 3798 1081 καὶ

2222 1116 2321 1189 τὴν
2357 1116 2656 1188 μέλλουσαν
2687 1116 2744 1170 δέ
2775 1117 2836 1171 ού
2865 1116 3206 1187 διεκφυγεῖν,
3241 1116 3310 1171 δι’
3349 1104 3427 1172 ὧν
3461 1116 3563 1188 τὴν
3594 1117 3799 1189 παροῦ-

2226 1226 2326 1265 σαν
2358 1213 2498 1281 μετὰ
2526 1210 2729 1282 πολλῆς
2764 1211 2864 1279 τῆς
2890 1211 3063 1284 ὀργῆς
3092 1210 3407 1282 ἐξήνεγκεν,
3434 1209 3797 1267 ἐπιστώσατο.

2236 1304 2375 1358 Ἀλλ’
2398 1302 2512 1374 ἐγὼ
2540 1303 2641 1376 μὲν
2661 1304 2940 1369 τοιαύταις
2968 1304 3182 1358 ἐλπίσιν
3206 1302 3464 1374 ἐμαυτὸν,
3492 1303 3571 1368 ὡς
3601 1302 3796 1369 ἔοικεν,

2223 1398 2303 1460 είς
2352 1396 2511 1467 λιμὸν
2562 1395 2827 1468 ἔτρεφον*
2877 1396 2963 1460 τίς
3000 1412 3130 1450 ποτε
3170 1394 3230 1449 δέ
3281 1395 3390 1466 ἄρα
3431 1393 3543 1447 τῶν
3594 1393 3797 1464 θρόνων

2223 1487 2520 1552 ἐπιϐάντας
2561 1488 2711 1559 ἡμᾶς
2759 1487 2869 1542 τῶν
2905 1486 3341 1559 ἀρχιερατικῶν,
3374 1487 3470 1541 καὶ
3520 1485 3584 1539 τὸ
3636 1486 3798 1557 κύρος

2222 1579 2439 1650 ἁπάσης
2487 1580 2743 1651 πράξεως
2792 1580 2888 1634 καὶ
2942 1579 3252 1651 βουλήσεως
3307 1577 3792 1649 ἐηειρισθὲντας,

2221 1671 2370 1745 αὐτῷ
2429 1673 2840 1745 κατεμήνυσενς
2903 1673 2959 1725 αῖ
3018 1672 3128 1743 γὰρ
3181 1670 3651 1742 τοιαῦται-φωναὶ
3704 1671 3796 1725 καὶ

2222 1763 2479 1837 ζητήσεις
2505 1766 2760 1836 άνίαραι,
2802 1764 2898 1819 καὶ
2924 1764 3009 1817 δεῖ
3042 1775 3071 1815 ιι
3100 1780 3243 1820 τισιν
3288 1764 3458 1828 αὑτάς
3490 1764 3635 1827 ὅλως
3664 1781 3796 1835 προσ

2218 1859 2510 1927 τείνεσθαι,
2543 1859 2657 1923 τοῖς
2685 1857 2786 1923 τάς
2809 1858 2971 1929 ἡνίας
3004 1856 3275 1931 λαμπρῶς
3302 1856 3405 1929 ήδη
3439 1859 3535 1911 καὶ
3559 1874 3796 1929 περιφα-

2218 1952 2325 2016 νῶς
2377 1950 2477 2022 τῆς
2519 1950 2696 2023 ἀρχῆς
2728 1949 3116 2022 ἐπανειληφόσι
3139 1992 3154 2017 ,
3182 1948 3279 2004 καὶ
3322 1950 3417 2003 ἐπὶ
3444 1948 3633 2005 κοινοῦ
3664 1966 3793 2021 προσ

2216 2043 2605 2117 καθεζομένοις
2630 2042 2724 2099 τοῦ
2762 2044 3003 2116 βήματος
3023 2060 3038 2075 ’
3082 2042 3310 2098 καὶτῶν
3341 2044 3442 2115 μὲν
3467 2042 3788 2116 ἡμαρτηκό-

2214 2154 2324 2193 των
2366 2138 2461 2192 ἐπὶ
2492 2138 2623 2207 γόνυ
2670 2140 2945 2209 κειμένων
2964 2179 2982 2205 ,
3014 2138 3109 2192 καὶ
3138 2136 3361 2204 πολλοῖς
3401 2137 3503 2209 μὲν
3548 2138 3655 2209 τὴν
3696 2136 3793 2208 γῆν

2213 2229 2447 2302 δάκρυσι
2498 2229 2839 2302 βρεχόντων,
2875 2229 3050 2285 πολλὰ
3090 2229 3148 2284 δέ
3191 2228 3286 2285 ἐπὶ
3317 2228 3452 2302 ἐλέῳ
3482 2229 3788 2299 λεγόντων·

2212 2320 2326 2375 τῶν
2372 2320 2432 2374 δέ
2465 2321 2631 2393 μέχρι
2660 2320 2851 2385 τέλους
2891 2320 2994 2391 τῆς
3030 2321 3231 2393 ἀρετῆς
3274 2322 3367 2376 καὶ
3394 2320 3499 2391 τῆς
3535 2318 3791 2391 ἀληθείας

2212 2410 2674 2483 ὕπερηθληκότων
2704 2410 2843 2481 μετὰ
2878 2410 3151 2483 λαμπρῶν
3184 2410 3296 2465 τῶν
3338 2410 3626 2480 στεφάνων
3671 2425 3793 2478 συγ-

2213 2503 2599 2573 καθεζομένων
2619 2543 2637 2569 ,
2678 2503 2777 2559 καὶ
2812 2501 2924 2557 τῶν
2951 2501 3224 2558 δικαστῶν
3266 2502 3368 2575 τὴν
3393 2502 3551 2569 τάξιν
3576 2501 3790 2567 διακλη·

2212 2596 2515 2668 ρουμένων,
2543 2595 2641 2650 καὶ
2664 2595 2775 2650 τῶν
2800 2596 2900 2667 μὲν
2922 2596 3015 2650 ἐπὶ
3041 2593 3375 2667 συγγνώμην
3394 2594 3492 2650 τοῦ
3517 2595 3789 2667 όμοφυοῦς

2212 2687 2661 2759 ὑποφερομένων,
2706 2685 2817 2739 τῶν
2854 2685 2911 2739 δὲ
2949 2684 3044 2740 τοῦ
3075 2687 3193 2740 ῖσου
3236 2686 3331 2739 καὶ
3368 2685 3468 2756 τῆς
3498 2687 3787 2755 κανονικῆς

2211 2779 2533 2844 αὐθεντείας
2566 2778 2735 2851 μηδὲν
2765 2780 3098 2851 ἐπιπροοθέν
3131 2777 3474 2849 ποιουμένων
3497 2818 3516 2844 ,
3558 2776 3680 2831 ἀλλ’
3705 2771 3789 2832 οἷα

2209 2872 2367 2944 δίκης
2414 2872 2733 2945 ὀφθαλμοὺς
2786 2874 2867 2938 είς
2894 2873 2996 2945 τὴν
3032 2873 3127 2926 τοῦ
3170 2872 3382 2927 δικαίου
3419 2870 3588 2939 φύσιν
3618 2870 3788 2925 πάντα

2211 2965 2804 3038 καταρῤυθμιζόντωνο
2830 2966 2953 3020 τότε
2988 2966 3067 3031 δέ,
3124 2964 3283 3030 τότε,
3324 2962 3375 3018 εί
3424 2962 3586 3035 θέμις
3626 2962 3785 3027 ποτὲ,

2208 3056 2396 3129 χώραν
2441 3056 2558 3129 ἔχει
2582 3058 2652 3112 τὰ
2678 3057 2909 3112 τοιαῦτα
2937 3056 3350 3128 προτείνεσθαι,
3383 3055 3482 3109 καὶ
3508 3057 3625 3116 τοῖς
3649 3055 3787 3109 ἐκεί-

2208 3167 2309 3221 νην
2338 3150 2440 3222 τὴν
2466 3149 2620 3221 λῆξιν
2646 3149 3048 3205 καταλασοῦσιν
3067 3166 3082 3179 ’
3110 3148 3227 3206 ἀλλ’
3258 3148 3381 3220 οὐχὶ
3402 3147 3501 3203 νῦν
3528 3146 3652 3201 οὐδὲ
3680 3148 3787 3209 τοῖς

2207 3240 2354 3313 λιμῷ
2380 3242 2477 3296 καὶ
2502 3241 2667 3313 δίψει,
2692 3242 2790 3297 καὶ
2815 3242 3108 3312 φυλακαῖς,
3134 3241 3231 3297 καὶ
3256 3242 3481 3314 μυρίαις
3503 3240 3785 3296 ἐναθλοῦσι

2207 3334 2631 3406 ταλαιπωρίαις,
2680 3335 2777 3389 καὶ
2805 3334 2897 3388 τὸν
2931 3334 3063 3405 περὶ
3091 3334 3270 3405 ψυχῆς
3300 3334 3491 3404 ἀγῶνα
3530 3335 3745 3406 ἔχουσιν
3766 3351 3781 3366 ·

2207 3425 2439 3492 ἐκείνοις
2480 3428 2589 3499 γὰρ
2617 3429 2647 3481 ό
2688 3427 2820 3499 περὶ
2853 3427 3089 3499 κρίσεως
3126 3427 3223 3483 καὶ
3260 3428 3651 3500 κατακρίσεως
3693 3427 3784 3481 καὶ

2205 3518 2456 3589 ἀφέσεως
2511 3516 2691 3587 λόγος,
2743 3521 2838 3572 καὶ
2884 3519 2913 3572 ό
2957 3516 3151 3589 καιρὸς
3193 3518 3434 3585 ἐκεῖνος,
3470 3517 3593 3572 ἀλλ’
3628 3517 3727 3588 οὐχ
3757 3518 3785 3569 ό

2205 3609 2419 3683 παρὼν,
2457 3609 2803 3682 ἀφορίζεται.
2845 3609 3011 3675 Ἀλλ’,
3038 3604 3083 3665 ὧ
3111 3608 3245 3665 καλέ
3273 3611 3369 3666 καὶ
3405 3611 3604 3681 άγαθέ,
3629 3612 3678 3664 εί
3713 3609 3784 3682 μὴ

2203 3704 2285 3757 δεῖ
2311 3703 2588 3775 δέχεσθαι,
2615 3701 2735 3767 πῶς
2757 3703 2860 3757 οὐκ
2882 3702 3119 3779 αἰσχύνῃ
3151 3704 3268 3773 μετ’
3298 3704 3529 3759 ἐκείνων
3559 3706 3783 3758 συντάτ-

2202 3795 2430 3863 τεσθαι;
2460 3795 2558 3850 καὶ⁵
2578 3795 2699 3851 ἐνὸν
2731 3797 3139 3869 στεφανηφόρον
3158 3794 3416 3866 ὀφθῆναι,
3442 3799 3559 3860 τοῖς
3584 3799 3782 3868 αἰχμα-

2201 3887 2393 3953 λώτοις
2417 3887 2922 3960 ἐγκαταλέγεσθαις
2951 3890 3044 3942 καὶ
3068 3888 3166 3959 τὴν
3191 3888 3397 3959 ἐτέρων
3421 3889 3781 3960 ὀνειροπολεῖν

2202 3979 2641 4053 φιλανθρωπίαν,
2675 3980 2779 4052 τῆς
2798 3981 3004 4036 ἄνωθεν
3035 3980 3314 4051 εὐγενείας
3341 3982 3437 4035 καὶ
3471 3980 3784 4053 ἐλευθερίας

2199 4070 2408 4143 γυμνὸν
2454 4073 2549 4126 καὶ
2588 4070 2858 4143 προδότην
2903 4070 3096 4124 ἐαυτὸν
3140 4071 3571 4142 καταστήσαντα
3593 4088 3609 4102 ·
3655 4073 3703 4124 εί
3738 4071 3781 4124 δ’

2198 4164 2300 4216 οὐκ
2324 4160 2552 4234 αἰσχρὸν
2580 4162 2767 4233 ἡγεῖτο
2806 4161 3221 4228 συντάττεσθαι,
3251 4161 3382 4225 ῐσθι,
3421 4162 3522 4215 σὺν
3553 4164 3783 4225 ἐκείνοις

2197 4253 2276 4308 ὢν
2321 4258 2388 4326 τῇ
2421 4254 2617 4325 γνώμῃ
2637 4293 2652 4317 .
2686 4245 2762 4308 ὧν
2794 4252 3021 4326 ἔξαρνος
3053 4254 3321 4326 ὑπάρχεις
3360 4253 3462 4324 τῆς
3492 4255 3777 4326 πράξεως·

2198 4347 2291 4399 καὶ
2330 4348 2548 4419 ἐκείνην
2591 4346 2771 4419 τιμῶν
2798 4347 2898 4417 τὴν
2926 4346 3162 4417 ἀγέλην,
3205 4341 3276 4417 ἧς
3307 4346 3428 4399 ἀντὶ
3462 4348 3778 4417 ποιμένωντ

2197 4440 2396 4504 λύκους
2429 4440 2611 4509 λέγεις
2644 4437 3009 4511 προΐστασθαι
3034 4456 3049 4470 ο
3079 4440 3127 4491 εί
3160 4438 3344 4509 βούλει
3368 4438 3428 4491 δὲ
3455 4438 3688 4492 καὶτῶν
3721 4441 3775 4491 ἐν

514 4524 776 4590 nationis,
809 4525 1150 4580 remissionis
1181 4534 1396 4595 tempus
1427 4541 1629 4592 nempe
1659 4526 1903 4581 futurum
1933 4527 2090 4593 illud,

2209 4534 2335 4601 αὐτῇ
2360 4534 2516 4587 ἐνίων
2546 4532 2710 4586 πλέον
2735 4530 2944 4600 ταύτην
2973 4531 3277 4599 περιέπεις.
3310 4528 3379 4582 Εἴ
3410 4531 3474 4599 γέ
3502 4547 3652 4595 τινες
3685 4533 3777 4600 μὲν

510 4626 566 4671 et
590 4631 701 4672 non
733 4617 835 4673 hoc
861 4632 1125 4688 praesens.
1161 4619 1278 4683 Ast,
1309 4634 1341 4672 o
1383 4628 1438 4673 tu
1485 4619 1627 4674 bone
1662 4620 1744 4674 vir
1787 4631 1842 4675 et
1903 4621 2091 4674 bellis-

509 4706 671 4776 sime,
709 4710 753 4766 si
817 4710 1117 4782 recipiendi
1171 4726 1278 4765 non
1329 4722 1479 4777 sunt,
1532 4713 1722 4783 quidni
1792 4722 1847 4768 te
1893 4714 2094 4784 pudeat

509 4817 633 4855 cum
682 4801 787 4857 illis
824 4804 1255 4858 connumerari?
1304 4812 1359 4857 et
1399 4819 1525 4859 cum
1567 4805 1745 4874 possis
1797 4814 2093 4860 coronatus

507 4905 848 4963 comparere,
866 4910 994 4950 cum
1012 4896 1243 4966 captivis
1265 4896 1423 4951 malis
1453 4898 1733 4969 aggregari
1772 4915 1784 4952 :
1813 4913 1912 4969 per
1941 4913 2091 4953 som-

509 4984 664 5038 nium
693 4985 923 5041 aliorum
963 4988 1363 5044 humanitatem
1399 4991 1623 5046 laudare
1645 5032 1660 5053 ,
1683 5005 1808 5045 cum
1832 4992 1908 5046 sis
1930 4992 2090 5061 longe

504 5078 575 5131 ab
608 5075 699 5131 illa
740 5078 949 5134 caelesti
995 5081 1302 5149 nobilitate,
1337 5094 1392 5138 et
1435 5084 1605 5139 libera
1644 5084 1959 5140 conditione
2001 5100 2090 5137 se-

503 5176 709 5233 motus,
752 5172 918 5225 etiam
976 5183 1032 5228 et
1070 5176 1392 5244 proditionis
1451 5177 1598 5231 illius
1666 5191 1814 5231 reus.
1850 5176 2087 5231 Verum-

506 5270 691 5315 tamen
727 5261 771 5315 si
808 5276 932 5314 cum
985 5262 1092 5318 illis
1136 5268 1351 5321 censeri
1418 5281 1526 5322 non
1588 5268 1873 5324 ferebatur
1905 5277 2087 5338 turpe,

504 5354 967 5423 cognosmtquod
999 5367 1250 5412 versatur
1299 5362 1444 5431 apud
1489 5361 1610 5419 illos
1652 5362 1856 5423 animo,
1889 5377 1919 5415 a
1953 5377 2091 5431 quo-

500 5460 623 5500 rum
655 5445 767 5501 vita
799 5447 1064 5503 abhorret
1107 5460 1161 5506 et
1207 5454 1517 5510 actionibus
1544 5497 1558 5519 ,
1612 5464 1668 5509 et
1719 5455 1871 5509 illum
1911 5454 2091 5508 bono-

2200 4626 2411 4690 αὐτῶν,
2464 4624 2643 4677 καίτοι
2703 4623 2918 4694 σώματι
2976 4623 3260 4687 συνόντες,
3321 4622 3417 4676 τοῦ
3480 4623 3775 4685 συνειδότος

2199 4718 2399 4780 αὐτοὺς
2442 4716 2828 4780 στασιάζοντος
2866 4716 2988 4779 ταῖς
3017 4713 3285 4784 γνώμαις,
3330 4716 3479 4785 ὅμως
3526 4712 3774 4777 ὀκλάζου-

2202 4828 2324 4864 σιν⁹
2375 4810 2440 4864 σὺ
2472 4808 2528 4863 δὲ
2568 4808 2666 4863 καὶ
2708 4810 2817 4881 πρὸ
2856 4808 2950 4863 τοῦ
3009 4808 3349 4879 ωναφθῆναι
3400 4808 3479 4880 τῷ
3532 4810 3771 4879 σώματι,

2199 4904 2479 4973 λογισμοῖς
2513 4901 2608 4955 καὶ
2646 4901 2845 4975 γνώμῃ
2894 4900 3214 4965 σπουδάζεις
3268 4902 3676 4955 συνάπτεσθαιο
3716 4902 3774 4953 τὸ

2198 4993 2330 5061 γοῦν
2380 4993 2482 5063 τῆς
2515 4993 2764 5063 συναφῆς
2808 4992 3091 5059 ἐλλεῖπον,
3132 4993 3307 5047 δειλία
3351 4997 3452 5048 οὐκ
3493 4995 3770 5055 εὐσέϐεια.

2194 5084 2428 5154 αἰσχύνη
2465 5084 2527 5137 οὐ
2562 5086 2905 5156 προαίρεσις.
2936 5086 3031 5151 Τίς
3058 5085 3150 5140 οὖν
3177 5088 3206 5140 ό
3234 5087 3557 5158 δεχόμενος,
3593 5091 3621 5141 ὁ
3653 5087 3770 5158 μηδ’

2195 5178 2327 5249 δναρ
2361 5177 2522 5231 τοῦτο
2555 5178 3034 5251 παραδεξάμενοςο
3076 5180 3109 5252 ἢ
3146 5180 3227 5244 ὃς,
3259 5181 3343 5234 ὃτι
3377 5181 3452 5252 μὴ
3486 5183 3649 5252 μέχρι
3681 5179 3769 5233 νῦν

2192 5272 2330 5341 πρὸς
2374 5271 2621 5335 ἐκείνους
2651 5272 2912 5325 ἀπέκλινε
2936 5313 2951 5337 ,
3000 5273 3079 5343 τῷ
3120 5273 3271 5344 φόϐῳ
3300 5274 3402 5343 τὴν
3435 5274 3616 5326 αἰτίαν
3652 5272 3767 5325 ἀνέ-

2192 5362 2327 5430 θηκε
2349 5400 2364 5421 ,
2404 5363 2499 5416 καὶ
2538 5366 2599 5416 τὸ
2634 5363 2732 5417 σὺν
2773 5366 2887 5426 τοῖς
2931 5364 3147 5436 ἐχθροῖς
3179 5364 3640 5434 καταισχύνεσθαι
3662 5405 3676 5427 ,
3704 5362 3767 5415 ἂν

2196 5456 2273 5523 μὴ
2301 5454 2376 5524 δῷ
2403 5454 2503 5524 τὴν
2528 5454 2686 5526 δίκην
2713 5455 2962 5526 ὕστερον,
2995 5459 3251 5529 κρεῖσσον
3274 5458 3490 5527 ἡγεῖται
3515 5454 3608 5508 τοῦ
3636 5454 3764 5524 μετὰ

500 5547 587 5593 rat
605 5554 845 5610 gregem,
872 5540 959 5594 cui
988 5556 1090 5612 pro
1146 5546 1459 5615 pastoribus
1516 5548 1675 5616 lupos
1707 5560 1947 5616 przeesse
1976 5560 2091 5615 prae

2209 5547 2297 5600 τῶν
2329 5548 2548 5600 οἰκείων
2599 5549 2779 5603 διόλου
2826 5550 3245 5621 θαυμάζεσθαι·
3284 5552 3333 5602 εἰ
3381 5551 3457 5620 μὴ
3504 5550 3585 5602 δεῖ
3617 5549 3762 5617 δέχεο

1799 5705 2032 5761 ιτΑΒιιιΕ
2074 5704 2482 5763 LECTIONES.

567 5820 597 5859 ει
636 5810 725 5865 Ia.
761 5814 811 5866 εἰ
843 5813 957 5866 καί.
1043 5824 1063 5851 τ
1094 5818 1241 5878 τούς.
