4004 6440
244 376 349 441 753

1395 386 1933 449 EPISTOLARUM
1971 386 2203 451 LIBER
2240 389 2292 451 Ι.

3314 387 3491 454 ,⁸154

245 490 392 555 σθαι,
424 490 510 557 τίς
533 490 600 546 ἀν
626 491 940 565 δεξάμενος,
972 493 1094 549 ἀντὶ
1125 493 1220 548 τοῦ
1250 494 1430 548 δοκεῖν
1452 498 1697 568 ἐτέρους,
1724 496 1819 562 οὓς

1923 513 1978 555 se
2003 499 2180 568 palam
2203 499 2326 554 fert.
2357 496 2505 564 Quos
2528 496 2702 553 multo
2733 495 2907 569 magis
2923 494 3112 553 fovere
3132 498 3488 569 comperitur,

240 580 344 635 οὐκ
372 579 551 649 ἔξεστι
579 581 859 655 δέχεσθαι,
895 583 1099 656 μᾶλλον
1126 585 1317 640 ἐαυτὸν
1339 586 1566 652 ἐκείνοις
1596 590 1657 643 ού
1691 606 1819 642 συν-

240 672 592 742 απολέσειεν;
622 675 683 729 ού
711 676 823 748 γάρ
853 674 922 730 τά
948 677 1171 749 ῥήματα
1191 677 1392 749 βελτιοῖ
1432 679 1534 745 τάς
1565 680 1815 754 πράξεις,

239 764 335 818 διὰ
366 764 423 818 δὲ
473 766 583 821 τῶν
615 766 793 839 ἔργων
836 770 1151 826 συνίσταται
1181 772 1277 827 καὶ
1312 773 1382 828 τὰ
1411 775 1653 846 ῥήματα.
1683 768 1819 831 Εἶτα

241 852 311 907 ἄν
336 873 423 921 τις
452 856 577 911 ἰδὼν
598 858 822 931 λῃστὰς,
848 860 884 933 ἦ
907 862 1115 917 πόλεων
1144 864 1433 935 προδότας,
1467 865 1570 923 ὑπὸ
1594 865 1815 923 πάντων

244 943 350 1015 μὲν
372 945 851 1021 βδελυσσομένους,
882 954 1015 1008 πᾶσι
1036 954 1093 1008 δὲ
1116 955 1559 1027 μυσαττομένους
1579 972 1596 989 ·
1626 956 1817 1013 ἔπειτα

241 1036 413 1101 αὐτὸς
438 1038 646 1095 τούτων
669 1041 805 1106 τέως
825 1044 1066 1116 καθαρὸς
1092 1046 1377 1119 ὑπάρχων,
1398 1051 1813 1123 φαντασιοκοπῇ

239 1130 347 1183 καὶ
378 1130 526 1201 λέγοι
577 1135 714 1206 πρὸς
761 1136 856 1191 τὸν
883 1139 1193 1210 κρατοῦντα
1219 1141 1348 1206 τοὺς
1375 1141 1594 1215 νόμους,
1636 1143 1686 1198 εί
1720 1143 1820 1212 μὲν

241 1221 343 1286 οὓς
387 1223 743 1300 ἀναιρεθῆναι
774 1230 931 1295 δέον,
976 1230 1201 1298 τούτους
1247 1233 1634 1304 ἀτιμωρήτους
1684 1234 1817 1306 ὲᾷςο

237 1314 296 1367 τί
340 1317 417 1387 μὴ
449 1316 644 1375 θᾶττον
681 1320 927 1396 λῃστεύω
968 1325 1065 1379 καὶ
1112 1324 1381 1398 προδότης
1426 1326 1680 1398 γίνομαι,
1731 1328 1819 1387 ἵνα

242 1409 583 1482 συγγνώμης
613 1415 763 1485 τύχω
786 1431 801 1447 ’
833 1416 901 1469 ἂν
930 1416 986 1470 δὲ
1017 1416 1174 1487 δίκην
1203 1417 1440 1491 ἀπαιτῇς
1460 1459 1475 1487 ,
1511 1419 1660 1491 φόϐῳ
1687 1420 1819 1475 ταύ-

238 1517 368 1571 της,
406 1502 649 1571 ἐκείνους
679 1506 741 1560 ού
783 1508 1134 1579 μιμήσομαι·
1175 1508 1241 1564 ἂν
1280 1510 1374 1564 οὖν
1414 1527 1499 1575 τις
1531 1511 1818 1582 παρελθὼν

238 1589 475 1646 τοιαῦτα
506 1592 677 1664 λέγοι,
710 1593 799 1668 ἀρ’
829 1597 979 1651 ἐστιν
1015 1599 1166 1664 ὅστις
1193 1601 1295 1654 ούκ
1324 1602 1390 1657 ἂν
1421 1601 1590 1657 αὐτοῦ
1637 1621 1820 1675 παρα-

240 1684 422 1756 φορὰν
441 1685 537 1740 κα)⁵
560 1686 874 1759 ἀρρωστίαν
899 1690 1147 1763 γνώμης,
1179 1692 1274 1746 καὶ
1292 1691 1464 1763 μυρία
1492 1692 1630 1748 ἄλλα
1649 1711 1820 1750 κατα-

238 1775 403 1846 γνοίη
425 1792 440 1843 ;
464 1777 519 1830 τί
559 1776 619 1830 δὲ
651 1777 865 1832 ἐκείνου
901 1780 1000 1851 μὲν
1032 1779 1265 1845 ἕκαστος
1290 1783 1401 1836 τῶν
1431 1783 1557 1843 νοῦν
1588 1784 1819 1855 ἐχόντων

1918 606 2079 663 quam
2104 605 2295 645 eorum
2326 590 2617 661 quispiam,
2645 588 2739 661 qui
2766 588 2825 643 in
2864 588 2957 643 illo
2976 596 3122 644 cmtu
3160 604 3490 645 annumera-

1921 692 2030 738 tur.
2059 680 2198 738 Sunt
2217 683 2364 739 enim
2390 684 2533 738 inter
2556 696 2682 750 eos,
2710 682 2806 751 qui
2850 689 3128 752 utcunque
3171 683 3492 753 corporibus

1918 774 2033 830 suis
2060 776 2337 841 assistant,
2372 783 2552 830 tamen
2582 773 2651 829 ab
2681 773 2901 829 illorum
2941 774 3203 829 societate
3226 774 3490 843 practica,

1917 865 1987 919 ab
2038 864 2186 921 intus
2217 865 2521 921 dissidente
2574 863 2930 932 conscientia,
2961 865 3285 920 vacillantes
3335 880 3492 921 rece-

1917 955 2075 1011 dunt.
2096 957 2180 1013 Tu
2208 966 2412 1023 autem,
2437 956 2683 1011 nondum
2712 955 3045 1028 coniunctus
3091 971 3344 1027 corpore,
3401 957 3494 1028 ju-

1918 1049 2062 1106 dicio
2116 1057 2174 1109 et
2218 1048 2415 1107 affectu
2471 1048 2717 1121 copulari
2788 1049 3070 1107 desideras
3121 1049 3325 1121 :quod
3381 1066 3496 1107 non

1917 1141 2100 1201 adhuc
2126 1142 2287 1213 plene
2324 1140 2494 1199 fueris
2518 1141 2800 1207 adunitus,
2850 1140 2907 1203 id
2951 1157 2984 1200 a
3035 1140 3347 1205 timiditate,
3383 1158 3497 1197 non

1919 1234 2157 1305 pietate;
2199 1248 2231 1288 a
2256 1232 2469 1305 pudore
2518 1232 2887 1305 proficiscitur
2933 1240 2989 1291 et
3044 1248 3154 1288 non
3189 1233 3493 1288 voluntate.

1918 1326 2052 1398 Quis
2078 1336 2259 1383 autem
2281 1341 2346 1382 ea
2376 1326 2712 1392 admitteret,
2734 1340 2855 1397 qua:
2884 1340 2955 1387 ne
2983 1327 3266 1383 somnians
3294 1340 3497 1396 appro-

1918 1420 2066 1476 bavit
2089 1420 2418 1490 aliquando?
2443 1419 2489 1474 is
2510 1419 2739 1484 scilicet,
2762 1417 2856 1489 qui
2880 1432 3101 1475 causam
3149 1418 3202 1472 in
3236 1417 3495 1472 timorem

1922 1511 2095 1581 rejicit
2144 1526 2242 1566 cur
2267 1511 2510 1567 nondum
2570 1510 2790 1566 illorum
2840 1510 3119 1564 consortio
3151 1516 3494 1579 aggregetur,

1918 1616 2043 1655 eum
2067 1600 2301 1656 inimicis
2326 1598 2592 1672 pudeﬁeri
2622 1597 2905 1669 antiquius
2934 1597 3150 1663 habuit,
3175 1612 3339 1666 quam
3365 1611 3494 1649 cum

1918 1691 2279 1748 familiaribus
2347 1692 2462 1748 suis
2502 1699 2558 1748 et
2619 1690 2868 1762 cognatis
2920 1687 3269 1744 admirationi
3330 1701 3494 1752 esse;

1921 1783 2083 1841 modo
2106 1783 2178 1841 sit
2213 1784 2264 1841 ei
2294 1784 2351 1839 in
2397 1791 2677 1855 posterum
2715 1782 2961 1852 impune.
3012 1779 3071 1835 Si
3129 1779 3377 1849 recipere
3408 1777 3498 1833 vel

237 1868 695 1938 καταγνώσεταις
730 1868 797 1924 ἀν
852 1849 913 1925 δέ
945 1888 1051 1937 τις,
1094 1872 1217 1926 ἀντὶ
1251 1873 1351 1944 μὲν
1392 1849 1670 1945 προδοτῶν
1719 1874 1820 1928 πό-

1923 1877 2211 1934 admittere
2259 1891 2372 1933 non
2398 1849 2620 1931 dicebat
2644 1914 2659 1941 ,
2719 1849 2909 1945 ecquis
2950 1878 3075 1946 post
3124 1872 3497 1943 receptionem

234 1958 404 2025 λεως,
432 1958 701 2032 προδότας
740 1961 1001 2030 πίστεως,
1035 1964 1158 2018 ἀντὶ
1197 1962 1256 2018 δὲ
1295 1964 1509 2037 λῃστῶν
1554 1966 1820 2037 σωμάτων

236 2046 447 2118 λῃστάς
478 2047 638 2102 θείων
669 2048 852 2121 νόμων
884 2053 965 2117 εἰς
988 2052 1153 2123 μέσον
1187 2054 1426 2127 παράγοι
1455 2072 1469 2087 ⁸
1502 2056 1696 2112 ἔπειτα
1721 2057 1823 2121 τὰς

234 2137 417 2202 αὐτὰς
448 2138 635 2209 φωνάς
663 2140 948 2215 ἀνακράζῃ
966 2183 982 2211 ,
1021 2144 1144 2215 οὐχὶ
1170 2144 1273 2217 τὴν
1302 2145 1426 2217 ίσην
1466 2147 1631 2203 αὐτὸν
1658 2149 1692 2221 ἦ
1728 2149 1823 2203 καὶ

239 2228 474 2301 μείζονα
504 2229 686 2303 ψῆφον
710 2233 864 2306 παρά
891 2251 956 2305 γε
979 2235 1088 2290 τῶν
1117 2239 1563 2309 σωφρονούντων,
1588 2241 1823 2312 ἀπενεγ-

235 2325 361 2376 κεῖν
391 2323 730 2396 οίησόμεθα;
775 2325 950 2398 χωρὶς
998 2326 1058 2381 δέ
1103 2327 1212 2381 τῶν
1245 2328 1590 2402 εἰρημένων,
1636 2333 1686 2385 εί
1721 2332 1822 2402 μὲν

235 2416 355 2479 τοῖς
385 2415 860 2487 ἐκκλησιαστικαῖς
899 2416 1120 2489 θεσμοῖς
1150 2418 1249 2486 τὰς
1276 2420 1506 2493 πράξεις
1540 2420 1783 2477 ίθύνουσι
1803 2462 1821 2490 ,

234 2505 326 2571 τίς
393 2506 475 2561 δεῖ
522 2507 635 2561 τῶν
690 2506 939 2578 ἀκαίρων
998 2507 1318 2581 ζητήσεων,
1378 2511 1475 2565 καὶ
1539 2509 1823 2584 λογισμοῖς

234 2598 501 2656 παλαίειν
540 2601 635 2655 καὶ
665 2600 1102 2673 ἀποπνίγεσθαις
1136 2604 1274 2660 ἀλλὰ
1300 2606 1377 2680 μὴ
1408 2607 1603 2663 θᾶττον
1642 2609 1823 2664 αὐτῶν

235 2693 341 2763 τῆς
364 2692 561 2765 μοίρας
580 2693 869 2766 γινόμενος
890 2695 1091 2767 πολλὴν
1110 2696 1212 2770 τὴν
1232 2698 1566 2773 συγγνώμην
1588 2702 1823 2768 ἑξαετεῖς

239 2785 342 2855 τῆς
396 2783 762 2858 βραδύτητος;
795 2787 845 2840 εί
888 2787 934 2842 δ’
968 2789 1033 2842 ἐκ
1067 2788 1287 2860 θεσμῶν
1325 2789 1506 2863 ἔργων
1542 2792 1825 2863 ὑπηρέτας

238 2874 540 2931 ἐπίστασαι
556 2917 573 2943 ,
602 2876 657 2930 τί
691 2876 1203 2951 πολυπραγμονεῖςς
1231 2880 1297 2934 ἀν
1319 2899 1379 2935 τε
1404 2881 1567 2937 δῶσιν
1591 2882 1825 2940 ἐνταῦθα

237 2966 423 3039 δίκην,
460 2966 528 3023 ἀν
552 2985 613 3022 τε
646 2970 755 3041 μή;
780 2970 849 3026 ἂν
883 2971 984 3043 μὲν
1012 2971 1124 3043 γάρ
1151 2971 1338 3039 δῶσιν,
1366 2973 1594 3045 ἄμεινον
1614 2975 1822 3042 ἕξουσι,

237 3062 310 3133 τῇ
343 3061 587 3135 τιμωρίᾳ
610 3064 711 3134 τὴν
732 3064 1012 3135 ἁμαρτίαν
1040 3064 1534 3138 ἐκκαθαιρόμενον
1562 3067 1629 3122 ἀν
1657 3069 1713 3122 δὲ
1746 3069 1823 3143 μὴ

1922 1968 2091 2034 illam,
2116 1976 2177 2025 ut
2196 1967 2365 2039 possit
2391 1982 2529 2039 quos
2547 1982 2659 2022 non
2680 1965 2854 2033 licuit,
2876 1971 3163 2036 susceptos
3184 1963 3495 2027 admittere.

1920 2061 2054 2120 velit
2104 2074 2167 2120 se
2221 2057 2279 2115 in
2338 2059 2688 2117 manifestum
2748 2055 3044 2115 discrimen
3117 2053 3498 2125 praecipitare!

1920 2150 2099 2209 Verba
2133 2166 2268 2208 sane
2302 2167 2413 2207 non
2454 2150 2745 2206 meliorant
2767 2148 3043 2215 actiones,
3071 2147 3168 2203 sed
3198 2160 3298 2216 per
3320 2145 3497 2200 actio-

1921 2255 2021 2296 nes
2050 2240 2217 2297 verba
2238 2239 2365 2295 licet
2393 2238 2764 2309 interpretari.
2814 2236 2949 2293 Nam
2980 2237 3026 2291 si
3063 2235 3187 2307 quis
3215 2234 3499 2291 contuitus

1920 2329 2180 2397 latrones,
2244 2339 2339 2385 aut
2384 2329 2670 2385 civitatum
2732 2328 3090 2398 expilatores,
3130 2324 3498 2383 detestatione

1922 2423 2126 2492 ubique
2158 2420 2396 2484 habitos,
2451 2418 2918 2475 exsecrationibus
2971 2418 3321 2488 undiquaque
3366 2429 3499 2486 pro-

1922 2512 2121 2570 scissos
2153 2530 2169 2568 :
2203 2510 2464 2567 immunis
2493 2509 2671 2566 adhuc
2712 2510 2828 2579 ipse
2860 2518 2917 2564 et
2966 2524 3137 2578 purus
3183 2508 3252 2563 ab
3280 2508 3501 2562 illorum

1922 2605 2198 2663 consortio
2220 2604 2440 2660 tandem
2470 2603 2853 2673 phantasmate
2899 2602 3179 2673 abreptus,
3229 2600 3374 2655 dicat
3420 2598 3502 2653 le-

1924 2711 2052 2766 gum
2079 2695 2299 2753 arbitris
2327 2704 2383 2750 et
2410 2694 2880 2766 dispensatoribus
2904 2733 2920 2760 ,
2951 2694 2997 2748 si
3030 2694 3196 2748 hosce
3224 2691 3499 2756 homines,

1923 2802 2074 2859 rogo,
2129 2788 2252 2843 sine
2305 2801 2468 2857 poena
2517 2786 2780 2854 dimittas,
2840 2801 2980 2857 quos
3025 2800 3124 2857 par
3169 2793 3225 2841 et
3279 2799 3498 2854 aequum

1924 2879 2102 2935 fuerat
2129 2878 2197 2933 de
2228 2878 2339 2933 vita
2366 2878 2504 2945 tolli,
2534 2892 2633 2933 cur
2660 2892 2773 2932 non
2818 2892 2919 2949 ego
2968 2877 3151 2933 statim
3200 2877 3342 2932 latro
3373 2874 3499 2932 tiam

1924 2986 1990 3026 ac
2015 2970 2280 3042 proditor,
2310 2976 2372 3025 ut
2402 2970 2483 3025 sic
2511 2971 2724 3025 veniam
2772 2971 2978 3041 possim
3031 2969 3332 3024 sceleribus
3373 2982 3504 3038 pro-

1926 3077 2150 3118 movere
2194 3078 2209 3117 :
2253 3062 2400 3132 quod
2456 3060 2505 3117 si
2561 3076 2779 3132 poenam
2837 3060 3066 3131 irroges,
3122 3069 3274 3115 metu
3326 3074 3504 3131 poena;

237 3154 413 3222 δῶσι,
476 3154 639 3210 τοῦτο
684 3154 881 3222 αὐτοὺς
932 3156 1304 3230 ἀθλιωτέρους
1360 3159 1686 3233 ἐργάζεται,
1739 3162 1821 3217 ὅτι

1928 3155 2096 3210 nolim
2121 3170 2222 3227 ego
2258 3155 2379 3210 illos
2403 3155 2624 3210 imitari.
2668 3153 2725 3209 Si
2748 3154 2889 3225 quis,
2924 3153 3170 3223 inquam,
3200 3152 3377 3208 obiter
3399 3153 3504 3207 ista

240 3245 573 3319 πικρότερον
614 3247 800 3313 αὐτοῖς
830 3248 893 3302 τὸ
923 3248 1137 3305 ἐκεῖθεν
1176 3249 1482 3322 ἀπαντήσει
1526 3249 1822 3324 δικαιωτή-

241 3354 365 3413 ριον
387 3354 402 3369 ·
427 3340 570 3397 ὥστε
593 3340 646 3397 εί
663 3357 772 3395 τινι
789 3339 899 3396 τῶν
921 3339 1016 3396 δύο
1033 3340 1239 3397 τούτων
1263 3342 1478 3414 αἵρεσις
1508 3342 1823 3414 προύκειτο,

240 3433 453 3498 ἐκεῖνος
485 3431 554 3489 ἂν
581 3432 643 3486 τὸ
673 3432 895 3490 ἐλαττον
927 3434 1099 3491 κακὸν
1140 3433 1317 3506 ἐφάνη
1346 3434 1695 3508 αἱρούμενος,
1728 3436 1825 3491 καὶ

240 3522 304 3577 τὸ
354 3522 523 3578 αὑτοῦ
578 3523 861 3596 συμφέρον
907 3525 1416 3598 ἐπισκοπούμενος,
1468 3527 1568 3600 οὐχ
1611 3527 1671 3596 ἧς
1726 3527 1825 3601 τὴν

242 3613 484 3669 ἐνταῦθα
521 3615 715 3685 φεύγει
744 3615 927 3672 δοῦναι
962 3617 1152 3687 δίκην·
1179 3617 1293 3673 ἀλλ’
1322 3618 1381 3683 ὃς
1414 3620 1474 3673 ἐν
1497 3619 1577 3691 τῷ
1604 3619 1698 3675 νῦν
1731 3620 1827 3674 καὶ

242 3706 501 3762 ἐντεῦθεν
523 3706 721 3764 διδόναι
745 3709 845 3780 τὴν
876 3710 1089 3764 ἐκεῖθεν
1119 3712 1393 3783 ἐπράϋνεν
1410 3727 1427 3744 ο
1459 3712 1586 3768 ἐπεὶ
1614 3713 1709 3767 καὶ
1737 3712 1828 3767 τὸν

242 3799 533 3867 νοσοῦντα,
590 3800 690 3872 οὐχ
740 3799 800 3855 δν
849 3800 1052 3874 ἰατρῶν
1099 3805 1313 3873 χεῖρες,
1354 3804 1449 3863 καὶ
1502 3805 1689 3876 τομαὶ,
1737 3804 1834 3859 καὶ

243 3890 513 3957 καύσεις,
563 3892 693 3958 τοὺς
737 3891 947 3958 πάθους
989 3882 1320 3963 ἀπάγουσιν,
1355 3895 1472 3950 ἀλλ’
1505 3896 1566 3949 ὃν
1611 3896 1680 3950 τά
1734 3897 1835 3968 τῆς

242 3982 448 4053 τέχνης
472 3982 690 4055 ὁρῶμεν
722 3984 798 4056 μὴ
831 3984 1218 4057 προσιέμενον,
1248 3986 1459 4041 ἐκεῖνον
1486 3987 1589 4059 ἤδη
1617 3986 1838 4053 τελείως

243 4072 707 4143 ἀναγινώσκομεν
732 4083 781 4143 ⁸,
812 4076 910 4131 καὶ
960 4079 1019 4131 ἐν
1041 4076 1299 4150 ἐσχάτοις
1337 4081 1535 4144 κακοῖς
1564 4079 1720 4151 ίσμὲν
1748 4080 1836 4148 ἐξ.

246 4162 597 4236 εταζόμενον.

1927 3247 2092 3312 dicat,
2128 3247 2251 3318 quis
2281 3262 2390 3302 non
2422 3246 2575 3301 illum
2607 3245 2791 3302 furere
2840 3253 2899 3300 et
2922 3245 3197 3300 insanire?
3229 3245 3354 3314 quis
3393 3259 3505 3299 non

1930 3348 2114 3394 mente
2153 3339 2207 3392 in
2242 3339 2409 3395 rebus
2436 3339 2556 3394 aliis
2581 3339 2828 3399 laborare
2874 3338 3125 3394 similiter
3171 3338 3318 3393 haud
3374 3352 3507 3406 pro-

1929 3432 2236 3488 nuntiabit‘l
2285 3431 2443 3498 Quod
2484 3430 2528 3489 si
2555 3432 2677 3502 quis
2709 3448 2817 3486 non
2849 3431 3069 3486 urbium
3095 3430 3190 3485 sed
3226 3430 3349 3485 fidei
3378 3444 3507 3499 pro-

1931 3526 2156 3588 ditores,
2187 3524 2472 3596 praedones
2501 3539 2612 3579 non
2635 3522 2997 3594 corporalium
3020 3521 3115 3576 scd
3145 3520 3344 3576 divinae
3374 3517 3511 3588 legis

1932 3617 1991 3672 in
2019 3617 2259 3673 medium
2285 3615 2581 3687 productos
2612 3615 2788 3681 sistat,
2817 3623 2872 3669 et
2897 3612 3045 3683 apud
3073 3612 3193 3668 illos
3223 3624 3388 3666 voces
3416 3624 3512 3664 eas

1935 3710 2081 3781 ipsas
2138 3709 2284 3776 edat,
2319 3723 2504 3763 annon
2550 3706 2798 3764 eamdem
2853 3706 2909 3759 in
2944 3706 3123 3775 ipsum
3177 3702 3509 3758 sententiam

1933 3802 2023 3858 vel
2049 3802 2215 3857 etiam
2243 3800 2521 3857 duriorem
2561 3814 2657 3870 per
2704 3798 3001 3870 prudentes
3041 3795 3226 3851 rerum
3270 3794 3510 3850 aestima-

1936 3903 2083 3950 tores
2132 3893 2413 3949 ferendam
2466 3892 2760 3964 putamus?
2801 3889 3008 3946 Verum
3055 3888 3312 3959 sepositis
3387 3900 3513 3956 qua)

1931 3989 2044 4060 jam
2093 3987 2241 4043 dicta
2296 3995 2446 4052 sunt,
2504 3985 2549 4041 si
2598 3984 2902 4041 secundum
2947 3997 3207 4047 canones,
3253 3980 3361 4035 hoc
3404 3988 3514 4040 est.

1936 4080 2085 4151 leges
2115 4077 2514 4135 ecclesiasticas
2535 4075 2780 4131 actiones
2804 4074 3072 4147 regulent,
3106 4071 3235 4144 quid
3264 4084 3402 4141 opus
3429 4075 3515 4124 est

1939 4170 2093 4226 hisce
2125 4169 2507 4240 intempestive
2539 4166 2705 4222 motis
2729 4165 3162 4236 quaestionibus?
3188 4165 3318 4234 quid
3344 4160 3515 4216 ratio-

245 4256 490 4312 cinando
519 4257 599 4313 vel
631 4258 987 4326 contendere,
1016 4259 1102 4315 vel
1140 4260 1276 4315 alios
1308 4258 1611 4316 sutl‘ocare?
1632 4259 1821 4331 quidni
1876 4263 2060 4331 potius
2114 4268 2360 4315 actutum
2400 4258 2468 4313 ad
2500 4266 2680 4328 partes
2711 4256 2940 4321 accedit,
2984 4267 3039 4312 et
3066 4257 3281 4311 veniam
3314 4254 3516 4325 depre-

245 4358 409 4405 cetur
434 4365 545 4405 sua:
592 4350 892 4406 tarditatis?
922 4349 1018 4405 Sin
1064 4366 1197 4407 vero
1245 4352 1521 4407 actionum
1580 4353 1697 4424 lege
1729 4352 2127 4423 prohibitarum
2187 4360 2397 4405 actores
2442 4363 2744 4420 agnoscas,
2776 4347 2904 4418 quid
2938 4349 3011 4402 ita
3038 4347 3255 4402 tandem
3297 4346 3513 4403 curiose

248 4439 476 4511 satagis,
512 4449 695 4495 utrum
747 4439 835 4495 hic
889 4440 1216 4511 supplicium
1249 4442 1401 4497 luant
1452 4452 1548 4498 aut
1577 4458 1690 4497 non
1713 4441 1903 4497 luant?
1931 4441 1988 4497 Si
2021 4441 2275 4497 dederint
2311 4440 2470 4495 isthic
2513 4455 2725 4510 pinnas,
2775 4441 2987 4495 meliori
3026 4450 3139 4494 tum
3168 4448 3332 4495 erunt
3378 4455 3514 4495 con-

248 4532 481 4598 ditione,
514 4533 774 4589 nimirum
805 4548 901 4604 per
926 4549 1118 4604 pinnas
1152 4537 1416 4605 irrogatas
1449 4536 1664 4606 expiato
1704 4536 1913 4607 peccati
1963 4544 2117 4590 reatu
2149 4534 2332 4606 :quod
2379 4534 2423 4588 si
2456 4550 2569 4589 non
2596 4534 2752 4601 dent,
2788 4535 2891 4591 hoc
2914 4550 2980 4589 eo
3026 4534 3515 4603 suntmiseriores,

250 4640 321 4679 eo
359 4625 505 4694 quod
533 4625 799 4695 judicium
851 4626 1147 4696 aliquando
1197 4628 1419 4683 caeleste
1459 4644 1585 4683 eum
1630 4629 1822 4700 majori
1875 4628 2138 4684 subibunt
2174 4627 2490 4685 acerbitate.
2524 4628 2734 4697 Ilaque,
2781 4628 2826 4682 si
2857 4627 3020 4682 modo
3077 4627 3219 4680 inter
3250 4627 3366 4680 haec
3407 4628 3517 4681 duo

249 4715 452 4770 electio
489 4716 775 4776 consistat.
812 4717 859 4771 is
884 4715 1066 4771 minus
1099 4716 1303 4771 malum
1352 4718 1571 4773 videtur
1604 4719 1854 4790 elegisse,
1896 4727 1953 4773 et
2004 4733 2106 4774 suo
2149 4720 2435 4774 commodo
2492 4720 2688 4775 melius
2745 4718 3116 4790 prospexisse,
3160 4731 3269 4770 non
3318 4716 3411 4786 qui
3462 4717 3517 4771 id

192 4791 207 4801 ’
251 4811 366 4881 agit
390 4824 460 4864 ne
491 4808 581 4863 hic
631 4809 912 4881 puniatur,
960 4808 1060 4864 sed
1108 4809 1203 4880 qui
1235 4824 1334 4883 per
1367 4810 1694 4882 supplicium
1724 4809 2101 4867 isthieobitum
2144 4810 2483 4867 tolerabilius
2534 4811 2727 4866 reddet
2774 4810 3039 4880 judicium
3082 4807 3234 4861 illud.
3282 4806 3414 4861 Nam
3464 4818 3522 4864 et

252 4912 636 4977 a‘grotantem,
686 4918 1029 4974 nequaquam
1080 4902 1233 4958 illum
1276 4919 1439 4973 quem
1497 4904 1837 4960 medicorum
1889 4919 2106 4971 manus,
2158 4906 2453 4971 sectiones,
2485 4903 2846 4963 ustulationes
2890 4901 3084 4956 morbo
3113 4899 3382 4965 liberant;
3422 4901 3520 4955 sed

269 5016 438 5070 quem
460 5000 709 5055 videmus
736 4999 869 5054 artis
922 4999 1150 5055 medicae
1174 5000 1363 5070 praxin
1401 5015 1512 5055 non
1555 5000 1844 5065 ferentem,
1887 5001 2060 5069 illum,
2093 5002 2341 5075 inquam,
2397 5010 2545 5058 statu
2593 5000 2835 5073 positum
2862 4998 3172 5067 desperato.
3205 5004 3262 5049 et
3298 4994 3521 5050 concla—

251 5107 491 5159 matum,
554 5096 763 5152 morbis
790 5095 1053 5150 extremis
1098 5095 1425 5165 cruciatum,
1466 5104 1524 5153 et
1569 5097 1852 5154 doloribus
1875 5098 2187 5156 confectum
2230 5107 2572 5173 reputamus.

335 5194 444 5247 Καὶ
488 5191 542 5245 τί
584 5192 650 5249 ἀν
707 5208 792 5256 τις
846 5193 916 5245 τὰ
969 5193 1219 5263 ἑπόμενα
1288 5196 1404 5258 τοῖς
1465 5194 1631 5248 αὐτοῦ
1685 5195 1822 5263 λογι⁴

2018 5196 2293 5263 Quorsum
2326 5210 2461 5252 vero
2509 5191 2782 5264 quispiam
2811 5204 2875 5245 ea
2904 5201 3027 5259 quae
3073 5190 3382 5255 sequuntur
3429 5198 3522 5238 ra-

254 5287 418 5356 σμοῖς
451 5282 824 5355 ἀπαριθμοίης
848 5283 1017 5341 ταῦτα
1070 5285 1217 5354 ἡμᾶς
1237 5285 1590 5357 ἀκοπώτερον
1616 5288 1634 5324 ί
1655 5304 1822 5357 παρα·

1951 5289 2192 5344 tionibus
2262 5296 2418 5360 putet
2489 5280 2985 5357 apprehendenda?
3050 5292 3183 5333 sane
3237 5277 3386 5331 enim
3435 5274 3525 5327 illa

254 5376 516 5431 σκευάσει
592 5375 662 5435 τὰ
740 5375 1147 5446 συμϐαίνοντα·
1192 5375 1370 5430 ταῦτα
1438 5379 1521 5443 είς
1585 5379 1822 5448 παραψυ-

1947 5388 2008 5433 ut
2040 5378 2213 5432 levius
2260 5377 2502 5432 feramus
2545 5388 2669 5444 quae
2709 5370 3037 5442 contingunt
3089 5366 3328 5432 facient;
3358 5373 3524 5434 atque

255 5473 361 5542 χὴν
391 5469 621 5541 ἕξομεν·
654 5466 869 5533 τούτοις
901 5470 1046 5541 ἡμᾶς
1086 5470 1459 5535 ἀνακτᾶσθαι,
1499 5464 1544 5524 ὦ
1582 5470 1703 5538 φίλε
1744 5472 1822 5524 κα¹

1949 5470 2023 5525 ita
2067 5468 2224 5524 nobis
2282 5466 2496 5539 parient
2539 5463 2990 5521 consolationem.
3061 5458 3163 5513 Per
3227 5457 3329 5511 ista
3396 5469 3525 5509 nos-

256 5558 487 5631 ἁδελφέ,
540 5560 967 5627 διεσπούδασας,
1037 5562 1098 5615 ού
1160 5564 1269 5633 γὰρ
1326 5563 1434 5618 τῶν
1493 5563 1822 5634 σεμνοτέρωη

1948 5572 2061 5619 met
2103 5562 2297 5617 iterum
2369 5558 2649 5632 possidere
2689 5556 2929 5629 sategisti
2956 5596 2970 5621 ,
3024 5551 3203 5613 amice,
3235 5557 3291 5605 et
3320 5548 3520 5615 frater;

1554 5716 1788 5773 VARIA'J
1829 5714 2231 5773 LECTIONES.

344 5835 365 5861 ⁸
398 5833 484 5887 Ion
513 5830 989 5901 ἀπογινώσκομεν.
1074 5834 1091 5868 ι
1130 5833 1337 5903 φέρειν.
