4044 6454
500 412 606 477 ’755
1649 412 1910 475 ΡΗΟΤΙΙ
1941 411 2092 472 ΡΑΤᾸ

2193 411 2445 473 \RCH/E
2483 414 2591 474 CP.
3641 404 3750 473 756

502 541 630 583 nam
681 524 905 581 vocibus
944 532 998 580 te
1044 522 1199 579 atl‘ari
1260 523 1699 581 honoratioribus
1769 540 1877 579 non
1934 523 2080 579 desi-

2193 523 2446 594 ῥημάτων
2499 524 2825 593 ἐξίσταμαι,
2876 521 2998 575 οὑδὲ
3036 521 3117 592 τῷ
3172 520 3525 593 μελετηθέντι
3572 521 3749 577 πάντα

504 630 799 682 stam,non
832 618 1016 674 omnia
1057 625 1112 673 et
1149 618 1360 689 singula
1401 617 1644 672 consiliis
1677 626 1733 672 et
1781 615 2073 687 propositis

2193 613 2390 685 Βίδωμι,
2424 614 2539 668 ἀλλ’
2580 614 2660 669 ὅτι
2691 613 2826 676 τέως
2874 613 2949 685 μὴ
2989 612 3421 683 διαπέπρακται,
3476 612 3574 665 καὶ
3614 613 3751 681 πρὸς

506 709 806 776 ascribam;
866 709 961 765 sed
1012 710 1156 781 quod
1208 710 1266 764 in
1302 717 1482 765 actum
1514 711 1778 764 hactenus
1810 708 2079 780 producta.

2193 704 2277 772 τὴν
2318 702 2508 756 ἐλπίδα
2533 705 2630 774 τῆς
2668 701 3006 773 διορθώσεως
3040 702 3140 765 τὰς
3181 702 3402 771 κλήσεις
3431 702 3750 772 μερίζομαι.

508 818 620 855 non
671 801 892 869 fuerint,
924 800 1011 855 illa
1063 801 1183 857 ideo
1214 817 1336 857 cum
1386 816 1482 873 spe
1527 800 1923 857 emendationis
1970 809 2075 856 tua:

508 893 951 963 compellationes
1010 908 1160 949 meas
1234 893 1460 949 instituo
1511 893 1623 949 :Si
1688 893 1771 947 sat
1835 894 2075 964 infatua-

511 994 595 1037 ειη
664 985 858 1054 fuerit,
902 985 1077 1055 inquit
1114 985 1399 1052 Dominus,
1432 986 1487 1039 in
1529 1002 1629 1056 quo
1666 986 1874 1039 demum
1912 984 2077 1039 satie-

512 1086 601 1129 tur
641 1076 718 1129 "‘i
755 1074 934 1131 Siares
968 1092 1217 1132 meorum
1241 1077 1566 1142 amicorum,
1593 1076 1844 1144 fratrum,
1875 1077 2078 1132 libero-

512 1178 661 1229 rum,
685 1166 1075 1233 membrorum,
1106 1166 1381 1222 viscerum
1409 1186 1422 1221 :
1445 1168 1491 1222 si
1514 1183 1602 1223 res
1621 1183 1812 1223 eorum
1842 1167 2080 1238 singulo-

513 1268 640 1307 rum
673 1255 786 1324 (qui
825 1256 962 1311 mihi
994 1266 1123 1312 ante
1160 1273 1354 1314 omnes
1390 1269 1519 1313 sunt
1556 1258 1922 1331 honorandi);
1952 1275 2084 1331 pros

513 1354 635 1415 pter
663 1361 802 1415 quos
830 1346 887 1401 in
918 1362 1082 1403 carne
1135 1350 1313 1406 adhuc
1346 1352 1528 1421 potius
1569 1352 1887 1418 subsistere,
1917 1368 2079 1422 quam

514 1437 735 1493 dissolvi
768 1447 823 1492 et
849 1453 973 1492 cum
994 1438 1217 1495 Christo
1237 1456 1357 1496 esse
1386 1443 1601 1496 mallem
1628 1458 1891 1512 :quorum
1918 1458 2081 1499 causa

515 1529 796 1593 concidor,
845 1529 1138 1597 distrahor,
1168 1539 1224 1587 et
1275 1534 1524 1604 lacrymae
1572 1549 1707 1590 mem
1736 1535 1867 1589 mihi
1916 1550 2085 1605 panes

516 1620 653 1675 fiunt
692 1639 706 1677 :
761 1620 805 1676 si
836 1636 1026 1676 eorum
1059 1623 1301 1677 omnium
1347 1624 1437 1679 hic
1483 1626 1555 1681 sit
1584 1634 1777 1691 status,
1817 1627 1944 1697 quid
1987 1628 2085 1683 de-

516 1710 671 1765 beam
712 1712 779 1767 ab
811 1712 933 1767 aliis
953 1714 1311 1784 exspectare?
1333 1714 1444 1769 Nec
1473 1715 1690 1787 injuria.
1715 1716 1840 1771 Scio
1860 1718 2084 1785 etenim,

516 1800 736 1855 beatum
765 1802 1012 1867 Paulum,
1047 1802 1195 1856 solus
1222 1816 1347 1856 cum
1380 1811 1525 1857 esset
1556 1803 1610 1857 in
1642 1803 1873 1859 vinculis
1915 1804 2086 1859 desti-

517 1901 691 1957 tutus,
718 1894 918 1949 dixisse
954 1913 968 1949 :
1005 1893 1069 1946 In
1098 1896 1271 1963 prima
1306 1910 1421 1947 mea
1453 1895 1744 1965 defensione
1773 1913 1922 1951 nemo
1960 1898 2090 1952 mihi
2117 1882 2165 1942 B

516 1984 694 2053 adfuit
719 1983 763 2015 "
798 2003 811 2038 :
842 1991 896 2038 et
921 1984 1137 2051 iterum,
1172 1986 1317 2040 solus
1344 1986 1516 2041 Lucas
1545 2004 1745 2041 mecum
1766 1998 1841 2042 est
1863 1989 1928 2043 ³⁸.
1954 1988 2088 2043 Nam

516 2092 623 2131 non
650 2089 875 2147 possunt
903 2093 1091 2133 omnes
1120 2094 1179 2133 se
1220 2080 1507 2146 obdurare,
1555 2090 1610 2135 et
1647 2081 1904 2150 patientia
1945 2082 2086 2138 niti:

514 2179 846 2239 quapropter
901 2185 1025 2223 cum
1093 2170 1352 2228 Dominus
1402 2173 1719 2243 prtediceret
1770 2174 2091 2231 afllictiones

515 2270 795 2325 venturas,
830 2270 886 2316 et
926 2262 1272 2327 tentationes,
1299 2278 1424 2317 cum
1456 2263 1653 2333 quibus
1690 2264 1763 2318 illi
1788 2266 1878 2334 qui
1920 2266 1973 2319 in
2005 2267 2089 2336 ip-

514 2367 636 2406 sum
670 2351 927 2406 credituri
953 2362 1129 2419 erant,
1149 2353 1441 2426 confligere
1464 2356 1754 2419 debebant,
1783 2358 2086 2414 subnectit:

514 2443 607 2497 Ast
644 2444 735 2512 qui
758 2444 813 2497 in
836 2443 993 2513 ﬁnem
1018 2449 1443 2514 perseveraverit,
1460 2449 1505 2502 is
1520 2450 1696 2504 salvus
1719 2451 1818 2503 erit
1845 2452 1907 2503 “.
1941 2452 2087 2519 Scio,

512 2542 568 2588 et
600 2533 930 2589 anteriorem
956 2535 1136 2590 adhuc
1165 2535 1426 2593 Davidem
1450 2539 1771 2609 prophetam
1795 2540 2088 2596 multorum

511 2623 858 2681 solitudinem
893 2626 1116 2691 luxisse,
1151 2637 1207 2682 et
1237 2628 1381 2683 illam
1410 2631 1479 2684 ab
1508 2631 1698 2686 amicis
1726 2632 2089 2688 descrtionem

516 2716 743 2771 Domino
766 2717 1166 2789 deprecationis
1206 2719 1325 2775 loco
1368 2734 1830 2792 repraesentasse:
1870 2723 2091 2781 Salvum

512 2824 593 2860 me
620 2808 726 2878 fac,
762 2808 921 2876 Deus,
954 2812 1206 2881 quoniam
1238 2814 1421 2884 defecit
1437 2816 1635 2882 justus,
1664 2826 1712 2869 et
1745 2821 1935 2871 veritas
1958 2836 2093 2888 pau-

512 2899 671 2951 citate
700 2899 907 2955 laborat
940 2903 1077 2956 inter
1102 2903 1238 2970 filios
1266 2905 1533 2959 hominum
1564 2908 1628 2961 ι’.
1662 2908 1931 2974 Quorsum
1963 2927 2092 2966 vero

514 2988 662 3043 hunc
708 2990 791 3045 vel
837 2992 989 3047 illum
1028 2995 1252 3060 Icitem?
1290 2994 1413 3051 Scio
1466 2998 1756 3053 Dominum
1800 3010 1855 3056 et
1920 3002 2090 3057 Deum

513 3097 699 3136 meum
744 3092 858 3138 tum
894 3100 1017 3140 cum
1059 3087 1455 3157 apprehensus,
1481 3090 1714 3145 vinculis
1760 3094 2091 3150 constrictus

515 3174 902 3241 abduceretur,
955 3178 1259 3233 solitarium
1292 3181 1458 3236 fuisse
1497 3183 1820 3238 derelictum
1874 3203 1887 3239 :
1951 3188 2088 3242 scri-

516 3275 674 3337 ptum
705 3277 789 3322 est
815 3269 995 3323 enim:
1030 3271 1150 3340 Ipso
1176 3273 1379 3326 deserto
1404 3275 1651 3347 fugerant
1688 3275 1751 3331 ¹⁸.
1788 3276 1932 3344 Quid
1963 3296 2092 3350 ergo
2122 3258 2166 3319 (ἶ

514 3357 716 3412 mirum
746 3358 769 3412 ’ἶ
801 3375 899 3415 uos
935 3362 1331 3420 homunciones
1372 3366 1602 3423 miseros
1635 3378 1689 3423 et
1728 3369 2090 3435 miserandos,

512 3449 712 3518 quibus
742 3467 844 3507 nec
868 3468 1049 3508 aerem
1094 3456 1305 3526 spirare
1343 3457 1576 3513 liberum
1605 3460 1753 3525 licet,
1781 3463 2092 3518 carceribus

512 3550 570 3597 et
589 3542 817 3600 vinculis
866 3547 1222 3617 mancipatos,
1255 3550 1402 3607 mille
1425 3553 1690 3608 moriendi
1714 3556 1906 3610 modos
1958 3573 2093 3626 quo-

513 3634 647 3691 tidie
679 3649 1078 3709 exspectantes,
1119 3644 1270 3697 omni
1315 3645 1605 3702 destitutos
1634 3648 1847 3702 meliori
1878 3664 1995 3719 spe,
2023 3651 2092 3707 ab

512 3727 767 3782 omnibus
792 3729 867 3783 ita
899 3730 1145 3788 desertos
1184 3744 1238 3789 et
1264 3734 1591 3791 derelictos:
1623 3746 1807 3807 atque,
1838 3754 1871 3794 ο
1902 3741 1945 3795 si
1976 3750 2095 3795 tan-

512 3824 630 3873 tum
660 3820 948 3876 derelictos
976 3826 989 3878 l
1019 3823 1163 3878 ferre
1191 3825 1295 3881 hoc
1322 3843 1625 3898 possemus,
1659 3831 1755 3885 sed
1775 3834 2093 3902 neutiquam

511 3926 613 3965 nos
666 3913 793 3967 nudi
825 3914 1149 3982 deserimur,
1176 3918 1278 3972 sub
1309 3921 1547 3978 nominis
1577 3924 1749 3978 nostri
1804 3932 2092 3993 praetextu,

510 4003 797 4059 veritatem
829 4006 1096 4073 abnuunt,
1126 4010 1544 4068 ecclesiasticam
1563 4030 1781 4069 onmem
1807 4024 1863 4069 et
1891 4023 2093 4068 rectam

513 4096 847 4151 sententiam
891 4099 1153 4155 deserunt
1182 4121 1195 4155 :
1231 4104 1389 4174 cujus
1420 4107 1751 4162 observandi
1787 4110 1981 4179 gratia,
2035 4110 2093 4165 ni

511 4202 624 4240 non
657 4187 922 4246 hactenus
954 4193 1232 4265 elegerunt
1256 4198 1388 4267 pati,
1411 4199 1478 4253 ab
1500 4200 1589 4255 illa
1617 4215 1677 4255 se
1701 4216 1847 4254 nunc
1878 4202 2095 4257 abscin-

510 4277 669 4342 dunt,
722 4289 776 4333 et
808 4280 951 4336 illam
982 4283 1145 4356 longe
1172 4298 1465 4357 seponunt.
1499 4287 1613 4344 Hoc
1643 4297 1728 4343 est
1762 4290 1893 4344 illud
1947 4292 2093 4361 quod

511 4368 783 4439 imprimis
806 4376 1052 4443 percellit
1086 4386 1326 4431 mentem
1357 4378 1517 4443 mihi,
1556 4382 1698 4450 quod
1724 4398 1813 4436 me
1834 4382 2090 4452 absumit,

511 4478 636 4517 cum
662 4464 876 4520 videam
894 4469 1159 4533 membra,
1186 4471 1509 4539 quibuscum
1534 4489 1635 4528 nos
1654 4475 2086 4545 incorporamur,

512 4564 569 4610 et
600 4558 892 4627 participes
926 4571 1226 4627 exstamus,
1255 4578 1493 4632 exaequo
1518 4564 1717 4621 Christi
1741 4584 1770 4621 a
1799 4569 1973 4639 capite
2001 4570 2091 4624 illo
2124 4604 2167 4659 ο

510 4648 687 4703 divelli
713 4660 770 4704 et
800 4650 854 4703 in
883 4651 1181 4720 perniciem
1201 4652 1390 4724 redigi.
1422 4652 1488 4708 Et
1505 4662 1684 4709 tamen
1710 4656 1852 4710 istud
1884 4659 2082 4713 malum

508 4738 565 4796 in
596 4754 656 4794 se
675 4755 787 4794 non
819 4740 1211 4809 sutl‘erendum,
1240 4742 1312 4796 sit
1338 4751 1487 4797 certe
1506 4744 1785 4799 tolerabile
1810 4762 1907 4816 per
1936 4748 2086 4817 prius

507 4832 757 4901 exempla
806 4833 1050 4888 recitata.
1091 4834 1345 4889 Attamen
1397 4836 1643 4892 derelicti
1679 4839 1823 4894 illius
1863 4855 2086 4894 causam

508 4922 568 4978 in
600 4939 700 4979 nos
727 4925 1016 4981 artificiose
1042 4928 1335 4983 transferre
1360 4929 1516 4992 velle.
1549 4930 1704 4999 cujus
1723 4933 1962 4986 nondum
1990 4948 2089 5002 po-

507 5016 613 5070 tuit
635 5020 944 5087 exemplum
969 5021 1189 5089 aliquod
1241 5023 1488 5092 reperiri,
1518 5026 1792 5093 quomodo
1825 5027 1969 5096 quis,
2003 5035 2090 5079 ut-

507 5123 726 5178 cunque
747 5110 931 5165 omnia
950 5111 1176 5167 ferendo
1203 5114 1694 5170 suﬂicicntissimus
1715 5117 2092 5186 aequanimiter

508 5200 714 5270 poterit
759 5201 1013 5260 tolerare.
1070 5202 1306 5260 Omnino
1352 5208 1595 5277 percipio
1624 5209 1937 5276 praeclaram
1992 5226 2094 5282 ego

507 5296 1011 5350 remunerationem
1041 5298 1242 5354 amoris
1271 5300 1326 5354 in
1354 5308 1407 5354 te
1431 5301 1538 5356 mei
1567 5302 1806 5371 paterni,
1836 5318 1959 5357 cum
1979 5304 2091 5359 Deo

507 5386 812 5456 conjuncti,
859 5396 915 5442 et
957 5388 1254 5457 spiritualis
1288 5392 1430 5448 illius
1460 5395 1673 5451 mirifici
1723 5406 1779 5450 et
1822 5399 2091 5453 tremendi

507 5477 655 5532 illius
687 5487 894 5548 partus,
941 5495 1049 5549 quo
1078 5490 1133 5534 tu
1166 5484 1323 5539 nobis
1356 5488 1568 5553 enixus,
1599 5488 1779 5541 lumen
1818 5498 2087 5543 terrarum

506 5568 657 5624 orbis
689 5570 743 5625 in
773 5570 1003 5642 mystico
1031 5571 1285 5631 Ecclesiae
1337 5577 1578 5632 thalamo
1603 5594 1702 5648 per
1731 5580 1855 5636 vitae
1881 5597 2089 5636 sermo-

507 5674 636 5720 nem
672 5663 941 5732 prodiisti.
984 5664 1049 5720 Et
1078 5666 1182 5722 ista
1209 5685 1309 5739 ego
1348 5670 1520 5726 tolero
1539 5686 1639 5740 per
1664 5681 1719 5727 et
1740 5682 1961 5743 propter
1991 5675 2087 5727 ad-

579 5843 625 5880 ³³
657 5844 845 5902 Matth.
888 5866 937 5913 ιν,
970 5848 1052 5901 13.
1135 5852 1176 5885 ⁵³
1202 5851 1403 5907 llTim.
1440 5870 1513 5920 tv,
1553 5856 1633 5910 10.
1716 5858 1757 5889 ¹⁸
1784 5856 1913 5912 ibid.
1952 5855 2030 5910 ll.

2114 5856 2153 5887 ¹⁸
2185 5855 2375 5911 Matth.
2410 5870 2558 5921 xxxv,
2591 5853 2673 5907 1'5.

2140 854 2153 877 ς
2193 793 2334 848 Ἐάν
2354 795 2423 848 τὸ
2446 794 2600 861 ἅλας
2631 792 2917 865 μωρανθῇ
2934 834 2948 858 ,
2992 795 3022 847 ὁ
3052 793 3259 878 Κύριος
3304 810 3501 863 φησιν,
3529 792 3601 845 ἐν
3640 794 3753 846 τινι

2181 885 2610 954 ἀλισθήσεταιξ
2649 888 2743 941 ἐὰν
2771 886 2839 940 τὰ
2871 886 2980 939 τῶν
3005 886 3197 954 φίλων,
3233 885 3302 939 τὰ
3342 885 3454 939 τῶν
3484 884 3753 953 ἀδελφῶν,

2181 978 2251 1031 τὰ
2291 978 2400 1032 τῶν
2427 977 2657 1042 τέκνων,
2687 976 2757 1030 τὰ
2794 976 2903 1029 τῶν
2938 977 3087 1048 ἐμῶν
3136 975 3336 1047 μελῶν,
3369 974 3441 1027 τά
3463 974 3578 1027 τῶν
3607 973 3759 1045 ἐμῶν

2186 1068 2509 1140 σπλάγχνων
2552 1068 2643 1141 (τὰ
2670 1068 2780 1122 τῶν
2818 1068 3037 1122 πάντων
3084 1067 3207 1137 ἐμοὶ
3251 1064 3602 1135 τιμιωτάτων
3622 1066 3665 1133 ),
3691 1064 3760 1117 δι’

2184 1162 2279 1227 οὓς
2326 1162 2406 1216 ἐτι
2434 1162 2496 1216 τὸ
2547 1162 2711 1235 σαρκὶ
2757 1165 3033 1232 παρεῖναι,
3082 1159 3180 1213 τοῦ
3213 1158 3479 1212 ἀναλῦσαι
3520 1158 3619 1211 καὶ
3662 1157 3762 1209 σὺν

2187 1254 2407 1326 Χριστῷ
2458 1251 2596 1309 εἶναι
2653 1255 3041 1326 προκρίνεται’
3099 1252 3168 1306 δι’
3206 1251 3297 1316 οὒς
3322 1252 3603 1321 κόπτομαι
3665 1252 3763 1305 καὶ

2190 1348 2599 1416 σπαράσσομαι,
2641 1350 2736 1402 καὶ
2785 1347 2855 1399 τὰ
2886 1345 3100 1416 δάκρυά
3133 1361 3234 1416 μου
3267 1342 3430 1414 ἄρτος
3457 1343 3583 1413 ἐμοὶ
3615 1343 3764 1410 γίνε-

2190 1458 2281 1493 ται
2312 1456 2327 1470 ·
2360 1440 2456 1494 ἐὰν
2488 1440 2583 1493 οῦν
2613 1441 2683 1494 τὰ
2726 1440 2909 1493 αὐτῶν
2935 1439 3181 1503 τοιαῦτα,
3208 1438 3429 1494 ποταπά
3450 1438 3561 1509 χρὴ
3591 1453 3761 1502 προσ-

2189 1533 2351 1604 δοκᾷν
2395 1536 2466 1587 τὰ
2507 1532 2616 1586 τῶν
2649 1533 2860 1599 ἀλλων;
2909 1532 3025 1586 ἀλλ’
3059 1531 3211 1586 οὐδὲν
3243 1531 3556 1600 θαυμαστόν
3582 1546 3597 1559 ⁸
3649 1525 3765 1585 οἶδα

2192 1626 2300 1697 γὰρ
2329 1625 2536 1679 καὶτὸν
2569 1624 2857 1679 θεσπέσιον
2890 1624 3104 1677 Παῦλον
3130 1623 3289 1694 μόνον
3323 1624 3384 1676 ἐν
3411 1623 3636 1692 δεσμοῖς
3668 1640 3767 1674 κα·

2192 1715 2548 1784 ταλειφθέντα
2567 1730 2580 1743 ·
2602 1716 2728 1783 ,Ἕν
2749 1713 2824 1784 τῇ
2858 1715 3056 1783 πρώτῃ
3076 1730 3217 1783 μου,
3246 1713 3431 1783 φησὶν,
3469 1713 3768 1781 ἀπολογίᾳ

2192 1806 2392 1874 οὐδείς
2414 1824 2515 1875 μοι
2537 1808 3047 1877 συμπαρεγένετο,
3074 1804 3193 1869 καὶ,
3224 1803 3462 1868 Λουκᾶς
3495 1803 3628 1855 ἐστι
3657 1803 3766 1870 μό-

2191 1914 2299 1964 νος
2353 1899 2479 1967 μετ’
2519 1898 2695 1967 ἐμοῦ·
2736 1899 2796 1951 οὑ
2849 1898 2959 1970 γὰρ
3008 1899 3225 1952 πάντων
3272 1897 3305 1967 ἠ
3356 1895 3625 1965 καρτερία
3674 1893 3766 1945 καὶ

2192 1992 2438 2062 ὑπομονὴ
2461 2006 2474 2020 ·
2509 1990 2598 2044 διὰ
2620 1989 2779 2043 τοῦτο
2806 1990 2902 2043 καὶ
2930 1992 2958 2043 ὁ
2996 1990 3202 2061 Κύριος
3226 1985 3397 2040 εἰπὼν
3438 1987 3539 2048 τὰς
3564 1985 3765 2054 θλίψεις

2192 2084 2286 2137 καὶ
2316 2083 2443 2146 τοῦς
2471 2081 2812 2153 πειρασμοὺς
2838 2076 2920 2144 οἷς
2942 2080 3166 2152 ἔμελλον
3203 2080 3252 2132 οἱ
3287 2080 3368 2141 είς
3407 2077 3570 2131 αὑτὸν
3608 2094 3762 2130 πεπι-

2194 2177 2481 2239 στευκότες
2508 2175 2770 2239 ἐναθλεῖν,
2805 2175 3111 2247 ἐπήγαγενο
3156 2172 3219 2226 '0
3242 2172 3295 2225 δ’
3326 2172 3663 2241 ὑπομείνας
3681 2173 3761 2236 εἰς

2191 2267 2389 2335 τέλος,
2424 2263 2603 2335 οὗτος
2632 2268 2971 2335 σωθήσεται
2993 2282 3007 2297 ο
3043 2263 3161 2320 οἶδα
3193 2265 3286 2319 καὶ
3315 2263 3422 2334 πρὸ
3446 2264 3645 2317 τούτου
3677 2264 3761 2315 τὶν

2194 2359 2483 2429 προφήτην
2511 2356 2675 2410 Δαδὶδ
2696 2355 2804 2409 τῶν
2830 2353 3041 2409 πολλῶν
3083 2353 3182 2424 τὴν
3225 2350 3464 2422 ἐρημίαν
3502 2349 3761 2419 ἁποδυρὸ⁴

2197 2466 2378 2520 μενον,
2397 2450 2491 2502 καὶ
2507 2449 2713 2519 ταύτην
2737 2447 2813 2511 ὡς
2843 2445 3125 2515 ἱκετηρίαν
3155 2444 3233 2514 τῷ
3251 2443 3368 2513 Θεῷ
3392 2444 3757 2513 προτείνοντα·

2194 2540 2403 2595 Σῶσόν
2422 2555 2518 2608 με,
2546 2539 2745 2606 Κύριε,
2774 2537 2863 2590 ὅτι
2893 2537 3253 2591 ἐκλέλοιπεν
3281 2534 3479 2598 ὅσιος·
3526 2532 3617 2585 ὅτι
3638 2532 3762 2584 ὠλι-

2193 2630 2475 2701 νώθησαν
2500 2631 2559 2683 at
2594 2628 2865 2698 ἀλήθειαι
2896 2627 3015 2682 ἀπὸ
3047 2626 3169 2681 τῶν
3216 2624 3364 2680 υἱῶν
3399 2621 3520 2676 τῶν
3549 2621 3763 2689 ἀνθρώ-

2194 2737 2356 2775 πων*
2383 2722 2478 2774 καὶ
2508 2720 2559 2773 τί
2592 2720 2737 2789 λέγω
2762 2717 2954 2772 τοῦτον
2983 2719 3016 2789 ἢ
3051 2720 3297 2784 ἐκεῖνον;
3348 2712 3465 2770 οἴδα
3502 2716 3595 2767 τὸν
3638 2715 3762 2782 ἐμὸν

2194 2814 2470 2881 Δεσπότην
2501 2813 2595 2866 καί⁵
2620 2810 2773 2877 Θεὸν,
2831 2810 2955 2864 ἐπεὶ⁸
3003 2807 3312 2879 συνελήφθη
3362 2807 3456 2859 καὶ
3512 2806 3647 2876 πρὸς
3686 2805 3761 2857 δε-

2200 2908 2513 2978 σμωτήριον
2538 2906 2724 2976 ῆγετο,
2752 2890 2913 2974 μόνον
2942 2901 3369 2970 καταλειφθέντα
3388 2914 3400 2929 ⁶
3435 2900 3544 2954 Kal
3591 2898 3762 2967 ἀφέν-

2194 3016 2293 3065 τες
2331 2998 2441 3068 γὰρ
2492 2999 2700 3061 αὑτὸν,
2758 2996 2935 3068 φησὶ,
2981 2994 3203 3058 πάντες
3259 2992 3513 3061 ἔφυγον.
3567 2992 3634 3043 Τί
3679 2986 3763 3043 οὖν

2197 3090 2540 3161 θαυμαστόν;
2590 3091 2637 3142 εί
2674 3092 2770 3144 καὶ
2794 3090 2891 3143 νῦν
2918 3091 3088 3159 ἡμᾶς,
3134 3089 3453 3160 ἀνθρώπους
3497 3084 3761 3156 οἰκτροὺς,

2197 3184 2291 3238 καὶ
2332 3183 2636 3249 ἐλεεινοὺς,
2698 3180 3021 3252 ἀνθρώπους
3104 3180 3236 3251 μηδὲ
3303 3178 3393 3232 τὸν
3440 3177 3586 3247 ἀέρα
3634 3177 3764 3243 σπᾷν

2200 3275 2484 3347 ἐλεύθερον
2526 3274 3090 3345 παραχωρουμὲνους,
3129 3271 3451 3343 ἀνθρώπους
3492 3269 3767 3339 δεσμωτὴ-

2199 3383 2313 3437 ριον
2370 3364 2694 3430 οἰκοῦντας,
2746 3363 2975 3436 μυρίους
3036 3363 3301 3425 θανάτους
3353 3359 3477 3413 καθ’
3535 3358 3767 3427 ἑκάστην

2198 3455 2633 3527 προσδοκῶντας,
2669 3457 2765 3509 καὶ
2794 3455 2978 3526 πάσης
3006 3455 3220 3517 ἐλπίδος
3240 3453 3482 3525 χρηστῆς
3505 3468 3571 3503 πε
3583 3467 3767 3523 ριῃρηο

2200 3550 2390 3620 μένης,
2421 3549 2468 3601 εί
2504 3549 2601 3603 καὶ¹
2638 3548 2959 3603 καταλιπεῖν
2996 3566 3080 3612 τις
3110 3547 3461 3617 ἐμελέτησεν,
3500 3543 3618 3598 ἀλλ’
3664 3539 3767 3595 εἴθε

2199 3642 2362 3712 μόνον
2393 3642 2718 3697 καταλιπεῖν
2752 3641 3098 3713 (ἀνύποιστον
3119 3643 3232 3711 γὰρ
3269 3640 3350 3707 ὃν)
3380 3640 3442 3690 οὑ
3477 3638 3591 3709 γάρ
3628 3638 3766 3708 ἡμᾶς

2198 3738 2249 3789 oi
2275 3735 2505 3790 τοιοῦτοι
2526 3737 3051 3807 καταλιμπάνουσιν,
3082 3736 3198 3789 ἀλλ’
3228 3737 3285 3789 ἐν
3320 3734 3569 3806 ἡμετέρᾳ
3600 3750 3765 3804 προσ-

2201 3827 2423 3898 ηγορίᾳ,
2485 3828 2585 3897 τῆς
2640 3827 2901 3899 ἀληθείας
2932 3827 3025 3881 καὶ
3071 3826 3165 3880 τοῦ
3188 3825 3645 3895 ἐκκλησιαστικοῦ
3682 3825 3769 3876 καὶ

2196 3920 2361 3992 ὀρθοῦ
2395 3923 2771 3993 φρονήματος,
2806 3921 2948 3991 ὑπὲρ
2984 3915 3065 3985 οὗ,
3127 3920 3290 3992 μέχρι
3324 3918 3442 3984 νῦν,
3475 3918 3648 3988 μυρία
3674 3934 3769 3969 πα-

2199 4015 2311 4068 θεῖν
2339 4015 2562 4080 εἴλοντο,
2596 4016 2824 4078 ἑαυτοὺς
2852 4014 3208 4084 ἐκτέμνουσίν
3236 4031 3295 4066 τε
3331 4014 3424 4066 καὶ
3456 4009 3769 4081 ἀποκηρύτ-

2196 4123 2414 4161 τουσιν·
2468 4109 2606 4178 ὅπερ
2652 4105 2856 4170 παντὸς
2898 4105 3133 4176 μάλιστα
3184 4104 3364 4174 ψυχὴν
3410 4102 3638 4173 πλήττει
3682 4100 3769 4153 καὶ

2197 4200 2498 4271 ἐκδαπανᾷ,
2534 4200 2669 4271 μέλη
2703 4199 2858 4270 ὁρᾷν,
2879 4190 2954 4253 ὧν
2985 4198 3154 4268 ἐσμὲν
3185 4196 3475 4266 σύσσωμοι
3510 4196 3603 4249 καὶ
3637 4212 3767 4263 συμ-

2200 4292 2439 4363 μέτοχοι,
2503 4290 2742 4363 Χριστοῦ
2775 4292 2877 4361 τῆς
2929 4288 3171 4361 κεφαλῆς
3197 4286 3554 4358 διασπώμενά
3583 4304 3642 4338 τε
3684 4286 3768 4338 καὶ

2196 4382 2663 4454 ἀποφθειρὸμενα,
2689 4382 2805 4435 ἀλλ’
2847 4383 2999 4452 ὅμως
3047 4383 3322 4452 ἀφόρητον
3358 4379 3417 4432 ὃν
3466 4378 3527 4429 τὸ
3581 4378 3767 4438 κακὸν,

2198 4473 2434 4543 φορητὸν
2460 4473 2526 4526 ἂν
2546 4473 2790 4542 ἐγεγόνει
2813 4474 2927 4535 τοῖς
2954 4471 3165 4542 ῥηθεῖσι
3206 4469 3650 4540 παραδείγμασιν
3670 4485 3683 4498 ·
3714 4466 3768 4519 τὺ

2196 4568 2254 4622 δὲ
2289 4567 2385 4621 καὶ
2414 4568 2513 4639 τὴν
2538 4568 2715 4621 αἰτίαν
2754 4565 2848 4620 τοῦ
2878 4566 3221 4628 καταλιπεῖν,
3260 4567 3392 4636 ἡμῖν
3415 4563 3768 4635 τεχνάζεσθαι

2195 4660 2548 4731 ἐπιγράφειν,
2580 4653 2643 4715 οὗ
2676 4660 2751 4731 μὴ
2781 4662 2941 4730 μέχρι
2969 4658 3065 4713 νῦν
3088 4658 3197 4711 οὐδ’
3224 4658 3371 4710 ἐστιν
3393 4658 3580 4729 εὑρεῖν
3606 4656 3768 4725 ὑπάρ-

2195 4757 2293 4825 ξαν
2322 4757 2697 4827 παράδειγμα,
2722 4756 2839 4819 πῶς
2879 4756 2943 4810 ἄν
2989 4773 3095 4817 τις,
3130 4757 3177 4807 εἱ
3218 4754 3314 4808 καὶ
3350 4755 3531 4807 πάντα
3586 4754 3769 4823 φέρειν

2194 4849 2320 4919 ἔσχε
2351 4850 2680 4918 γυμνασίαν,
2717 4848 3036 4915 ὑπενεγκεῖν
3078 4845 3332 4915 δυνηθείη
3362 4863 3376 4909 ;
3415 4843 3560 4897 καλά
3590 4860 3653 4911 γε
3690 4842 3764 4908 (οὐ

2196 4942 2304 5009 γὰρ
2332 4941 2544 5010 ἀπέχω)
2588 4939 2687 5002 τὰς
2720 4938 2953 5009 ἀμοιϐὰς
2993 4937 3086 4989 τοῦ
3112 4935 3239 5006 περί
3264 4953 3323 4987 τε
3355 4934 3501 4987 θείου
3538 4936 3633 4986 καὶ
3664 4949 3767 4983 πα·-

2196 5032 2388 5101 τρικοῦ
2418 5031 2666 5100 φίλτρου,
2698 5030 2793 5083 καὶ
2819 5029 2926 5081 τῶν
2975 5026 3365 5096 πνευματικῶν
3411 5024 3642 5077 ἐκείνων
3677 5023 3765 5075 καὶ

2194 5124 2494 5195 ὑπερφυῶν
2525 5125 2618 5177 καὶ
2660 5123 2904 5194 φρικτῶν
2937 5121 3184 5186 ἐκείνων,
3220 5123 3279 5173 ὲν
3316 5113 3402 5182 αἷς
3437 5119 3502 5170 σὺ
3545 5118 3763 5185 φωστὴρ

2190 5218 2249 5270 ὲν
2284 5218 2475 5287 κόσμῳ
2497 5216 2655 5284 λόγον
2685 5216 2832 5284 ζωῆς
2872 5215 3114 5283 ἐπέχειν,
3164 5215 3231 5283 τῇ
3269 5212 3503 5281 μυστικῇ
3536 5210 3763 5262 παστάδι

2191 5309 2293 5375 τῆς
2331 5307 2660 5377 Ἐκκλησίας
2689 5305 3057 5375 ἐναπετέχθης
3084 5322 3099 5337 ο
3130 5302 3302 5356 ταῦτα
3336 5301 3423 5353 διά
3469 5300 3574 5366 τῆς
3619 5301 3763 5369 ὑμῶν

2191 5400 2522 5468 ἀξιαγάστου
2554 5402 2649 5454 καὶ
2673 5399 2822 5462 θείας
2866 5398 3155 5461 συνέσεως,
3193 5396 3327 5465 πρὸς
3376 5394 3465 5448 τὸν
3504 5391 3635 5464 χθὲς
3678 5390 3763 5444 καὶ

2198 5493 2391 5561 πρώην
2450 5492 2610 5562 δοχᾶς
2680 5492 2968 5569 ἡμῖνκαὶ
3024 5488 3330 5562 ὑπερδοχάς
3387 5485 3761 5555 περιθέμενον,

2196 5584 2566 5654 ὑποφέρομαι,
2600 5585 2694 5638 καὶ
2730 5583 2829 5653 τῆς
2863 5581 3002 5645 ἰδίας
3030 5580 3207 5651 ὁρμῆς
3234 5578 3334 5648 τὴν
3369 5576 3528 5647 ἡμῶν
3552 5577 3761 5642 ἐπιτρο-

2196 5676 2303 5746 πὴν
2334 5675 2662 5745 πειραθέντα
2685 5674 2891 5741 λαϐεῖν,
2915 5672 3181 5744 αἰσχύνης
3212 5670 3308 5723 καὶ
3334 5668 3756 5739 ἁμαρτημάτων,

2756 5852 2799 5885 ’⁷
2829 5851 2971 5908 Psal.
3008 5868 3081 5922 ιι,
3110 5851 3163 5907 2.
3229 5851 3271 5883 ’⁸
3301 5852 3649 5914 Matllt.xxn,
3674 5847 3749 5902 56.
