4044 6426
255 406 369 468 ⁵157
1419 409 1868 476 EPISTOLARI

1993 413 2223 474 LIBER
2261 414 2312 474 Ι.
3402 412 3509 480 758

250 524 333 589 ώς
358 522 540 594 δῆθεν,
568 522 921 595 ἀποστροφὴν
953 523 1048 577 καὶ
1097 523 1471 596 ἀναχώρησιν,
1502 527 1552 579 εί
1587 525 1684 580 καὶ
1712 526 1840 580 τού·
1866 582 1868 587 ,

1971 525 2241 581 mirabilem
2284 532 2339 580 et
2365 524 2601 580 divinam
2626 523 2788 596 plane
2818 524 2960 581 illius
2990 522 3229 581 hominis
3272 524 3511 596 pruden-

251 618 472 672 ναντίον
518 616 832 688 ἐμπραττεν
886 616 1034 688 αύτῷ
1087 618 1469 691 περιγέγονεν·
1508 623 1543 691 ἡ
1597 619 1708 693 7&9
1753 622 1835 684 είς

1971 618 2091 681 iam,
2137 617 2232 689 qui
2262 632 2363 673 nos
2396 616 2513 672 lteri
2557 631 2621 673 ac
2638 616 3035 672 nudiustertius
3071 616 3233 688 epulo
3265 618 3512 687 apposito

252 710 446 781 ἕτερον
506 709 757 780 ἀναφορὰ
802 708 899 762 τοῦ
951 709 1319 780 ἐγκλήματος,
1363 708 1431 764 ἀν
1482 710 1619 781 μηδέ
1648 710 1834 781 χώραν

255 800 423 875 εὕρῃ,
456 799 692 870 μάλιστα
725 800 787 854 τὸ
824 799 1106 871 τέχνασμα
1146 799 1578 869 παρεισδύσεως,
1606 802 1686 864 είς
1710 818 1837 870 σφο-

258 892 524 964 δροτέραν
585 891 911 963 περιτρέπει
953 892 1050 945 τοῦ
1104 892 1409 957 συνειδότος
1469 892 1839 961 κατάγνωσιν,

258 984 478 1038 οἴκοθεν
506 983 603 1037 καὶ
636 983 786 1053 σαφῆ
811 982 908 1038 καὶ
934 982 1177 1051 ἄφυκτον
1196 983 1290 1037 τὸν
1324 982 1547 1054 ἔλεγχον
1575 981 1839 1053 φέρουσα·

259 1075 316 1128 τί
378 1075 490 1147 7&9
546 1073 819 1147 ἑτέρωθεν
874 1075 1090 1144 ἐζήτεις
1136 1074 1472 1146 συμμαχίαν,
1502 1075 1599 1129 καὶ
1656 1075 1843 1146 σχῆμα

264 1164 480 1237 σεαυτῷ
524 1164 818 1236 ἐτεχνάζου
864 1164 1252 1234 δικαιολογίας,
1294 1166 1343 1219 εί
1385 1165 1463 1237 μὴ
1488 1165 1551 1219 τὸ
1599 1165 1842 1229 συνειδὸς

262 1258 418 1312 ἔνδον
457 1252 605 1329 εἶχες
652 1256 851 1329 πικρὸν
881 1258 1188 1329 κατήγορον
1242 1257 1341 1328 τῆς
1397 1256 1743 1328 βουλήσεωςς
1786 1257 1841 1312 τί

262 1348 325 1402 δὲ
354 1349 476 1403 καθ’
510 1349 674 1403 αὑτὸν
700 1347 760 1402 ού
785 1348 1068 1420 πράττεις,
1093 1347 1131 1403 ἄ
1162 1348 1483 1416 σπουδάζεις
1532 1349 1755 1405 ἄλλοθεν
1780 1362 1835 1404 ιι.

1944 708 2242 779 recipiebat
2275 727 2289 764 :
2324 710 2526 781 quique
2553 725 2619 765 ex
2653 709 2820 765 animi
2862 709 2947 764 sui
2989 709 3195 780 impetu
3226 708 3401 764 nostri
3455 710 3512 763 in

1944 815 2004 857 se
2035 802 2398 871 patrocinium
2434 801 2710 872 suscipere
2733 810 2789 857 et
2818 801 3103 857 tuitionem
3138 800 3393 858 volebat:
3421 801 3517 856 de-

1945 891 2178 959 decoris,
2218 900 2274 948 et
2317 892 2677 948 admissurum
2707 891 2998 948 criminum
3034 891 3397 954 aversionem,
3421 889 3517 944 de-

1947 985 2364 1056 pulsionemque
2393 985 2619 1051 scilicet,
2650 984 2776 1041 licet
2801 998 2960 1039 secus
2984 998 3145 1053 quam
3180 989 3516 1052 speraverat,

1948 1076 1999 1130 id
2048 1074 2417 1148 contingebat.
2456 1072 2823 1132 Transmissio
2866 1070 3132 1143 siquidem
3171 1068 3420 1125 criminis
3461 1068 3519 1121 in

1943 1167 2115 1222 alium
2137 1167 2469 1238 quempiam,
2498 1166 2545 1223 si
2572 1182 2683 1223 non
2701 1166 3016 1222 admittatur
3046 1162 3335 1219 artiﬁciose
3356 1174 3521 1216 exco-

1944 1261 2112 1332 gitata
2163 1258 2517 1325 machinatio,
2562 1257 2619 1312 in
2664 1257 2965 1330 graviorem
3022 1254 3325 1311 concedere
3377 1252 3522 1307 solet

1945 1349 2297 1405 conscientia
2324 1347 2856 1413 condemnationem,
2897 1346 3027 1402 dum
3065 1345 3133 1400 ab
3167 1344 3315 1399 intus
3343 1340 3520 1396 inevi-

266 1443 489 1499 tabilem
543 1442 982 1515 redargutionem
1038 1442 1383 1499 manifestam
1446 1443 1672 1514 patitur.
1733 1441 1845 1498 Cur
1891 1458 2024 1500 vero
2081 1443 2302 1499 aliunde
2386 1441 2672 1515 satagebas
2740 1437 3041 1495 auxilium?
3086 1452 3184 1493 cur
3232 1435 3521 1490 formulam

268 1542 370 1597 tibi
400 1540 846 1603 defensionis.et
892 1549 1215 1611 praetextum
1266 1539 1618 1596 artificiosum
1669 1540 2021 1612 procurabas,
2083 1540 2129 1595 si
2182 1538 2515 1597 conscientia
2557 1537 2767 1592 interna
2823 1533 3114 1591 destitutus
3142 1548 3265 1588 eras
3304 1542 3409 1589 tuae
3432 1546 3524 1589 vo-

267 1633 498 1694 luntatis
534 1631 906 1689 accusatrice?
943 1630 1100 1698 Quod
1142 1645 1240 1702 per
1270 1640 1325 1687 te
1366 1646 1479 1687 non
1529 1631 1645 1703 agis
1702 1632 1836 1703 ipse,
1878 1632 1985 1689 hoc
2035 1647 2136 1703 per
2160 1631 2296 1688 alios
2339 1629 2599 1701 consequi
2629 1627 2860 1684 moliris.

356 1726 468 1782 Καὶ
498 1727 548 1780 εί
571 1724 649 1797 μὴ
678 1724 787 1779 τῶν
809 1725 1108 1780 ἐπιστολῶν
1130 1728 1159 1780 ό
1189 1725 1352 1797 νόμος
1384 1727 1606 1799 ἐπέσχε,
1631 1728 1723 1780 κού⁵
1751 1725 1846 1780 τοῦ

270 1819 684 1891 ὑπογράφοντος
712 1821 746 1889 ἡ
783 1820 906 1891 χεὶρ
942 1820 1039 1873 καὶ
1088 1818 1210 1873 τότε
1265 1819 1538 1876 κλαπεῐσα
1589 1818 1843 1891 ἐμποδὼν

269 1912 481 1977 ἵστατο,
506 1910 683 1977 ἔδειξα
708 1911 774 1966 ἂν
794 1911 1184 1983 ἀκριϐέστερον
1208 1912 1301 1965 καὶ
1327 1910 1415 1967 διὰ
1444 1910 1706 1965 πλειόνων
1725 1910 1847 1964 τότε

271 2004 546 2077 ἡμέτερον
574 2002 759 2073 ἄλγος,
790 2005 885 2057 καὶ
930 1997 1017 2068 οἷς
1069 2004 1275 2067 ἐκεῖνος
1303 2003 1452 2073 ἡμᾶς
1497 2002 1805 2073 ἐλυμήνατο
1829 2017 1845 2035 ο

276 2093 420 2147 ἀλλά
449 2093 568 2156 πῶς
596 2095 697 2159 τάς
733 2094 930 2149 ἐαυτοῦ
958 2093 1220 2165 λαμπρὰς
1269 2093 1583 2163 ὁμολογίας,
1614 2094 1680 2159 ἃς
1719 2094 1852 2149 ἐνώ-

274 2202 403 2240 πιον
427 2184 567 2265 Θεοῦ
603 2186 698 2239 καὶ
722 2186 992 2256 ἀγγέλων,
1017 2186 1250 2241 ἐνώπιον
1276 2186 1493 2241 πάντων
1521 2186 1849 2258 ἀνθρώπων,

280 2278 566 2345 βασιλέων,
588 2279 888 2349 ἀρχόντων,
913 2279 1230 2351 ἀρχομένων
1251 2281 1723 2352 ἐπαρρησιάσατο,
1753 2281 1855 2335 οὐκ

277 2372 364 2433 εἰς
404 2370 649 2442 μεγάλην
679 2372 803 2439 ἄγει
839 2370 1007 2438 αίδῶ;
1040 2370 1156 2434 πῶς
1176 2369 1238 2423 τὺ
1267 2372 1368 2441 τῆς
1402 2372 1729 2442 Ἐκκλησίας
1756 2373 1856 2426 οὐκ

280 2458 609 2530 ἐδυσωπήθη
643 2459 927 2530 καύχημα,
993 2460 1023 2512 ὃ
1071 2459 1215 2513 κατά
1258 2462 1461 2525 παντὸς
1493 2461 1680 2531 φέρειν
1731 2461 1858 2533 ἔσχε

283 2551 379 2603 καὶ⁸
400 2550 594 2621 χρόνου
625 2550 722 2605 καὶ
748 2550 1122 2621 διηγήματος;
1154 2552 1251 2605 καὶ
1296 2551 1385 2623 είη
1434 2568 1488 2621 (ε
1515 2552 1617 2623 τῆς
1649 2552 1861 2609 ἄνωθεν

283 2645 682 2717 ἐνισχυρούσης
712 2645 971 2717 παλάμης
1003 2646 1267 2717 διηνεκῶς
1302 2647 1723 2719 μεγαλαυχοῶα
1768 2651 1863 2704 καὶ

286 2736 533 2805 φέρουσα
555 2751 570 2767 ο
615 2734 735 2799 πῶς
768 2735 826 2789 δὲ
856 2735 925 2789 δι’
978 2735 1146 2789 αὐτοῦ
1183 2738 1279 2789 καὶ
1306 2735 1470 2808 μόνου
1513 2736 1864 2808 ψυχαγωγεῖν

286 2827 433 2895 ἔγνω
460 2826 523 2880 τὸ
550 2826 868 2889 ἀντίπαλον,
893 2825 987 2880 καὶ
1041 2826 1150 2898 ἰδίᾳ
1185 2826 1398 2881 πτώσει
1424 2827 1527 2898 τὴν
1556 2829 1743 2899 κοινὴν
1771 2830 1865 2883 καὶ

287 2916 596 2989 παράδοξον
608 2921 709 2989 τῆς
741 2918 939 2989 Ἑκκλη
947 2918 1067 2982 σίας
1084 2919 1275 2974 στάσιν
1288 2918 1547 2990 χωλεύειν
1562 2921 1863 2993 προείλετο;

288 3011 480 3065 καινὸν
508 3010 609 3081 μὲν
634 3011 742 3081 γὰρ
775 3012 867 3065 καὶ
897 3010 1211 3084 παράλογον
1239 3015 1267 3067 ό
1316 3012 1705 3086 πολυμήχανος
1744 3014 1870 3083 ὄφις

290 3103 485 3173 κόσμῳ
534 3101 856 3172 παραδεῖξαι
896 3104 1309 3158 ἐνεανιεύσατο·
1361 3104 1501 3161 ἀλλά
1556 3105 1870 3178 καινότερον

2017 1726 2178 1782 Certe
2209 1726 2255 1782 si
2284 1734 2561 1798 pateretur
2586 1724 2672 1780 lex
2696 1721 3021 1794 epistolaris,
3038 1720 3083 1776 si
3114 1720 3219 1776 mei
3238 1734 3529 1775 amanuen-

1950 1818 2027 1874 sis
2042 1833 2240 1874 manus
2253 1818 2452 1874 lassata
2477 1831 2536 1872 se
2557 1830 2669 1871 non
2695 1814 3061 1879 subduxisset,
3080 1813 3327 1884 pluribus
3349 1812 3529 1867 adhuc

1950 1926 2311 1983 persequerer
2336 1910 2546 1982 justum
2567 1924 2747 1964 meum
2775 1907 3042 1973 dolorem,
3068 1914 3124 1962 et
3146 1906 3202 1961 in
3231 1905 3430 1975 quibus
3462 1905 3531 1958 ab

1950 2005 2044 2059 illo
2066 2003 2225 2059 la’sus
2242 2017 2385 2059 sum.
2402 2002 2475 2057 At
2496 2001 2776 2057 enimvero
2798 1998 3054 2071 praaclara
3081 1998 3227 2054 illius
3241 1996 3531 2068 professio,

1951 2111 2136 2155 coram
2156 2097 2267 2152 Deo
2291 2104 2347 2151 et
2362 2094 2589 2167 angelis,
2605 2108 2785 2149 coram
2812 2092 3067 2148 omnibus
3087 2090 3420 2151 hominibus,
3443 2102 3534 2143 re-

1954 2188 2131 2261 gibus,
2157 2185 2517 2258 principibus,
2557 2184 2791 2241 subditis
2840 2183 3141 2249 enuntiata,
3172 2197 3283 2237 non
3326 2179 3537 2251 pudore

1955 2280 2221 2337 suffundit
2256 2280 2685 2338 vehementius?
2714 2278 2868 2335 Unde
2908 2277 3110 2333 factum
3166 2286 3229 2331 ut
3279 2273 3538 2329 Ecclesia

1957 2374 2205 2447 gloriatio
2221 2390 2333 2430 non
2362 2380 2637 2439 vereatur,
2665 2388 2825 2444 quam
2858 2386 3075 2441 semper
3105 2378 3160 2424 et
3188 2367 3388 2438 ubique
3408 2382 3538 2437 pro-

1958 2467 2145 2538 palare
2173 2473 2386 2537 poterat
2422 2474 2479 2520 et
2506 2481 2617 2535 pra:
2647 2480 2705 2519 se
2735 2463 2900 2530 ferre,
2939 2474 3177 2531 superna
3230 2458 3537 2530 przesertim

1961 2575 2130 2615 manu
2160 2558 2566 2622 corroborante,
2598 2557 2656 2611 in
2689 2571 2793 2624 qua
2830 2561 3096 2625 perpetuo
3128 2549 3490 2620 triumpharet
3520 2567 3535 2604 :

1963 2652 2078 2708 suis
2105 2664 2287 2707 autem
2306 2650 2517 2706 viribus
2537 2657 2593 2703 et
2621 2647 2841 2718 quidem
2872 2644 3126 2700 solitariis
3158 2657 3322 2714 posse
3352 2658 3411 2696 se
3436 2657 3538 2711 pu-

1966 2752 2048 2801 tat
2103 2742 2478 2798 adversarium
2505 2739 2775 2796 delinire:
2813 2751 3055 2807 casuque
3101 2750 3201 2796 suo
3232 2733 3424 2795 voluit,
3478 2741 3540 2788 ut

1966 2833 2224 2892 Ecclesia:
2264 2833 2354 2890 ille
2385 2841 2558 2888 status
2589 2829 2896 2887 communis
2946 2837 3146 2899 praeter
3177 2842 3397 2881 omnem
3440 2840 3542 2880 ex-

1967 2925 2362 2998 spectationem
2388 2923 2715 2980 claudicaret
2738 2939 2753 2977 :
2776 2920 2990 2976 volebat
3008 2918 3264 2975 nimirum
3283 2916 3542 2973 versutis-

1969 3020 2141 3076 simus
2183 3018 2272 3073 ille
2305 3032 2552 3087 serpens,
2577 3014 2817 3071 audaciae
2848 3029 2960 3069 sua:
2983 3027 3185 3067 novum
3217 3020 3272 3066 et
3314 3009 3543 3064 inusita-

1971 3110 2257 3183 tumquid,
2282 3108 2486 3165 mundo
2540 3107 2716 3177 palam
2755 3105 2980 3161 facere:
3038 3104 3134 3160 sed
3184 3118 3322 3173 Opus
3375 3101 3545 3172 magis

291 3195 390 3247 xci.
442 3191 874 3266 παραδοξότερον
910 3195 1006 3249 καὶ
1061 3194 1205 3249 θεῖον
1232 3194 1414 3267 ἔργον,
1452 3194 1529 3260 ώς
1574 3195 1812 3267 ἀληθῶς,
1842 3197 1868 3251 ό

1974 3221 2204 3272 novum,
2258 3203 2568 3260 inauditum
2608 3209 2666 3258 et
2687 3201 3038 3273 ‘paradoxum
3082 3198 3274 3269 magis,
3329 3196 3546 3252 divinus

290 3288 396 3357 τῆς
423 3286 637 3356 φύσεως
665 3287 824 3360 ἡμῶν
844 3287 1096 3359 Πλάστης
1115 3289 1211 3343 καὶ
1237 3287 1576 3359 Δημιουργὸς
1602 3286 1870 3358 κατέστη-

297 3394 414 3431 σεν.
472 3376 536 3432 '0
588 3377 689 3448 μὲν
730 3378 840 3448 γὰρ
902 3379 1223 3449 ἀνθρώπους
1271 3379 1742 3450 τρισαλιτηρίους,
1774 3379 1871 3433 ἀν-

295 3470 551 3541 θρώπους
570 3470 681 3525 οὐδ’
718 3472 801 3535 είς
825 3470 1059 3543 ἀριθμόν
1092 3488 1215 3525 τινα
1257 3470 1669 3536 συντελοῦντας,
1701 3472 1873 3526 πάλαι

292 3564 398 3634 τῆς
430 3564 714 3635 ἱερατικῆς
744 3563 903 3630 ἀξίας
941 3563 1461 3634 ἀπογυμνωθέντας,
1514 3564 1611 3619 καὶ
1639 3564 1749 3619 τῶν
1779 3566 1875 3620 ἐκ·

298 3653 706 3722 κλησιαστικῶν
759 3654 1057 3722 συλλόγων,
1114 3653 1182 3707 δι’
1244 3652 1312 3716 ἃς
1354 3653 1535 3717 αίτίας
1560 3653 1681 3707 ούδέ
1717 3652 1877 3725 θέμις

297 3746 481 3815 λέγειν
522 3745 697 3817 ἡμῖν,
741 3744 1299 3817 ἐξοστρακισθέντας,
1341 3744 1424 3808 δὶς
1482 3744 1873 3809 ἀποθανόντας,

297 3834 725 3908 ἐκριζωθέντας,
779 3836 925 3892 κατά
990 3837 1090 3909 τὴν
1126 3836 1492 3908 ἀποστολικὴν
1524 3836 1655 3908 περὶ
1691 3836 1877 3890 αὐτῶν

298 3931 757 4002 προαναφώνησιν
781 3968 799 3996 ,
818 3930 1083 3997 σπίλους
1126 3930 1227 3985 καί
1259 3929 1524 4000 μώμους,
1550 3930 1877 4000 τολμητὰς,

299 4020 614 4088 αὐθάδεις·
645 4020 875 4086 τούτους
924 4021 1185 4085 ύπεισδὺς
1215 4021 1311 4076 καὶ
1339 4021 1441 4091 τῆς
1465 4020 1676 4084 οἰκείας
1705 4038 1877 4091 πονη-

304 4115 427 4185 ρίας
449 4114 812 4186 ἐργαστήριον
864 4114 1333 4186 προστησάμενος,
1370 4114 1441 4167 δι’
1486 4113 1667 4167 αὐτῶν
1696 4114 1881 4167 πᾶσαν

302 4206 791 4279 καταστρέψαικαὶ
820 4205 1150 4261 καταλαϐεῖν
1170 4206 1268 4278 τὴν
1308 4204 1642 4275 Ἐκκλησίαν
1666 4205 1877 4277 ἐφρυά-

303 4304 472 4369 ξατο’
507 4303 536 4354 ὁ
568 4300 650 4368 δὲ,
678 4295 768 4355 οἷα
802 4298 868 4371 δὴ
902 4299 1184 4369 θαυμάσια
1251 4298 1413 4369 μόνος
1464 4298 1655 4365 ποιῶν,
1684 4298 1779 4351 καὶ
1824 4297 1882 4350 ἐν

301 4394 429 4455 ταῖς
458 4391 671 4461 θλίψεσι
711 4389 995 4445 πλατύνων
1020 4388 1148 4452 τοὺς
1193 4389 1662 4460 ἐπικαλουμένους
1691 4388 1878 4453 αὐτὸν,

1975 3306 2188 3352 natura:
2217 3306 2417 3351 nostrae
2445 3293 2637 3365 Opifex
2655 3302 2711 3348 et
2734 3291 2998 3349 Conditor
3019 3307 3085 3347 ex
3108 3290 3336 3346 adverso
3358 3288 3545 3343 edidit.

1977 3389 2075 3445 Ille
2109 3387 2362 3443 homines
2388 3384 2630 3440 nefarios
2655 3392 2710 3439 et
2743 3383 3023 3453 improbos
3057 3381 3113 3435 in
3148 3381 3295 3436 nullo
3318 3392 3551 3434 numero

1974 3480 2281 3543 habendos,
2335 3474 2657 3535 sacerdotali
2698 3474 2910 3545 pridem
2956 3472 3216 3545 dignitate
3267 3471 3548 3541 spoliatos,

1975 3572 2209 3631 coetibus
2248 3568 2629 3629 ecclesiasticis
2683 3567 2800 3641 (sed
2840 3580 2977 3637 quas
3024 3565 3094 3621 ob
3140 3578 3349 3627 causas,
3406 3560 3552 3615 haud

1978 3662 2115 3720 libet
2140 3663 2345 3734 dicere)
2381 3670 2614 3727 amotos,
2633 3660 2876 3726 abactos,
2904 3658 2991 3713 bis
3022 3665 3284 3721 mortuos,
3313 3652 3553 3709 eradica-

1975 3765 2084 3819 tos,
2135 3755 2289 3826 juxta
2344 3752 2702 3824 apostolicum
2754 3752 2823 3808 de
2870 3750 3069 3805 talibus
3120 3746 3555 3819 pronuntiatum,

1978 3845 2240 3909 maculas,
2279 3859 2497 3906 momos,
2532 3842 2783 3908 audaces,
2819 3849 3135 3911 arrogantes
3157 3855 3175 3892 :
3207 3837 3262 3892 in
3291 3837 3424 3892 istos
3466 3836 3546 3891 ub

1978 3952 2038 3993 se
2096 3936 2467 3991 insinuaverat
2504 3932 2775 3996 diabolus,
2813 3941 2870 3987 et
2913 3931 2981 3986 ad
3012 3928 3246 4001 propriae
3299 3927 3559 3998 nequitia:

1980 4028 2251 4084 officinam
2281 4026 2641 4098 applicuerat,
2669 4041 2767 4096 per
2796 4024 2920 4079 illos
2946 4022 3258 4078 universam
3289 4035 3559 4089 occupare

1980 4118 2302 4184 Ecclesiam,
2360 4132 2461 4188 per
2496 4131 2765 4172 summam
2822 4111 3213 4185 impudentiam
3259 4110 3557 4166 nitebatur.

1982 4210 2092 4267 Sed
2132 4210 2297 4274 Deus,
2330 4208 2424 4278 qui
2473 4207 2736 4262 miracula
2775 4214 3033 4276 operatur
3075 4204 3221 4258 solus
3247 4242 3265 4265 ,
3296 4201 3563 4257 etdilatat

1983 4304 2303 4359 invocantes
2332 4317 2393 4356 se
2434 4301 2491 4356 in
2524 4299 2928 4365 alllictionihus,
2963 4298 3055 4368 qui
3085 4312 3198 4351 suae
3264 4294 3560 4365 providen-

1983 4396 2073 4451 tia:
2090 4394 2408 4462 sapientiam
2433 4391 2868 4462 inexplicabilem
2890 4388 3149 4451 ostendit,
3169 4402 3291 4442 cum
3323 4386 3563 4455 undique

308 4482 405 4537 καὶ
417 4482 542 4536 τότε
568 4482 804 4553 μάλιστα
816 4480 1078 4536 δεικνύων
1092 4482 1153 4534 τὸ
1167 4482 1266 4552 τῆς
1286 4481 1546 4553 προνοίας
1563 4481 1770 4551 ἄφατον
1788 4480 1868 4533 καί

1989 4484 2458 4542 inextricabilibus
2501 4482 2908 4540 circumdamur
2961 4480 3215 4535 ﬂuctibus
3266 4476 3560 4550 oppressi,

308 4572 495 4642 σοφὸν,
509 4572 598 4625 ὅτε
612 4571 948 4644 πανταχόθεν
959 4572 1018 4626 τὺ
1028 4572 1233 4644 ἄπορον
1247 4572 1575 4644 περιέστηκε
1589 4572 1681 4625 καὶ
1692 4571 1863 4625 δεινὸν

1990 4577 2128 4632 adeo
2170 4583 2539 4646 comparatam
2569 4581 2627 4629 et
2683 4579 3138 4634 consummatam,
3182 4582 3309 4623 vere
3348 4566 3405 4620 in
3446 4566 3567 4635 ipso

306 4662 405 4715 ἐπὶ
419 4661 673 4716 τοσοῦτον
690 4663 861 4733 αὐτὴν
879 4662 1396 4734 συγκεκροτημένην
1414 4664 1509 4715 καὶ
1522 4660 1890 4733 κατηρτισμέ-

309 4770 429 4823 νην,
459 4756 556 4807 καὶ
596 4754 672 4818 ώς
698 4753 915 4824 ἀληθῶς
942 4756 1002 4808 ἐν
1020 4755 1197 4825 ἐαυτῷ
1220 4754 1692 4825 τεθεμελιωμένην
1711 4796 1726 4821 ,
1757 4755 1890 4817 ἀνέ-

306 4844 505 4910 δειξεν,
521 4845 597 4908 ὡς
613 4846 675 4899 οὐ
696 4847 855 4915 μόνον
873 4846 1200 4918 ἀντίρροπον
1214 4848 1314 4916 τῆς
1331 4845 1667 4916 κακουργίας
1687 4845 1778 4899 τὸν
1798 4862 1893 4899 πο-

309 4958 377 5010 νη
388 4941 481 5011 ρδν
505 4940 602 5013 τὴν
633 4941 850 5015 πληγὴν
876 4942 1150 5008 δέξασθαι,
1182 4942 1318 4997 ἀλλά
1339 4942 1474 4996 πολὺ
1504 4942 1894 5014 χαλεπωτέραν

312 5038 410 5090 καὶ
420 5036 801 5108 ἀλγεινοτέραν
814 5039 1255 5109 εἰσπράττεσθαι·
1271 5041 1388 5103 πῶς
1401 5040 1509 5111 γὰρ
1525 5039 1643 5109 ούχὶ
1658 5038 1889 5111 μεγίστη

313 5130 411 5181 καὶ
437 5130 656 5194 ἀνίατος
678 5131 757 5201 τῷ
777 5132 1006 5203 διαϐόλῳ
1030 5137 1061 5204 ή
1082 5132 1287 5203 πληγὴ,
1321 5134 1403 5187 ὃτι
1432 5149 1537 5203 περ
1562 5134 1620 5184 ἐν
1652 5132 1893 5204 τοσαύτῃ

314 5221 455 5293 ζάλῃ
484 5222 579 5275 καὶ
600 5222 903 5296 τηλικαύτῃ
932 5224 1190 5296 συγχύσει
1230 5224 1326 5278 καὶ
1375 5224 1668 5295 μεταϐολῇ,
1700 5223 1762 5277 οὐ
1801 5240 1892 5292 μι-

316 5315 453 5385 κρὸς
477 5316 538 5367 ού
571 5315 764 5384 μέγας,
795 5316 897 5369 οὐκ
926 5317 1146 5389 ἀσήμου
1169 5317 1382 5382 πόλεως
1398 5318 1712 5390 ἀρχιερεὺς,
1737 5318 1799 5370 οὐ
1828 5319 1891 5371 τὸ

316 5407 592 5478 ἐπίσημον
619 5408 870 5480 ἐχούσης,
906 5410 1005 5464 οὐκ
1040 5412 1099 5463 ἐν
1129 5410 1275 5483 λόγῳ
1317 5410 1554 5483 ίδιώτης,
1593 5411 1694 5465 οὐκ
1715 5412 1895 5482 ἀμφο-

314 5501 558 5571 τέρωθεν
594 5502 960 5573 ὡπλισμένος,
1008 5505 1103 5559 καὶ
1154 5505 1461 5579 σύνδραμον
1512 5505 1653 5578 ἔχων
1688 5506 1756 5578 τῇ
1795 5521 1899 5557 πυ-

320 5596 545 5669 κνότητι
578 5600 679 5669 τῆς
705 5599 943 5665 διανοίας
979 5601 1040 5656 τὸ
1071 5600 1252 5673 ῥεῦμα
1279 5603 1383 5674 τῆς
1412 5602 1681 5675 γλώττης,
1708 5600 1809 5654 ούκ
1837 5602 1895 5653 ἐν

323 5686 424 5758 βίῳ
453 5688 728 5762 λαμπρὸς,
763 5693 862 5748 οὐκ
913 5694 970 5749 ἐν
1011 5695 1268 5769 ἀκριϐείᾳ
1296 5697 1582 5769 δογμάτων
1634 5693 1891 5762 περίϐλε-

1987 4668 2291 4733 fundatam,
2322 4678 2381 4722 ut
2410 4682 2521 4721 non
2545 4666 2720 4721 solum
2752 4679 2938 4735 parem
2982 4672 3039 4717 et
3080 4660 3415 4729 adaequatam
3448 4672 3565 4711 ma-

1986 4762 2118 4818 litiae
2169 4775 2281 4815 suae
2308 4760 2518 4831 plagam
2564 4758 2741 4813 malus
2775 4755 3027 4826 accipiat,
3060 4752 3153 4808 sed
3181 4751 3353 4806 multo
3390 4748 3561 4804 vehe-

1990 4852 2315 4909 mentiorem
2366 4860 2422 4906 et
2477 4866 2603 4905 cum
2651 4848 2845 4919 majori
2894 4848 3241 4916 conjunctam
3294 4851 3581 4897 tormento

1992 4953 2271 5018 procuret.
2329 4942 2616 5010 Quomodo
2671 4941 2819 4997 enim
2877 4954 2986 4995 non
3040 4934 3303 5006 infligitur
3354 4934 3572 4991 diabolo

2000 5037 2237 5094 maxima
2271 5046 2328 5093 et
2352 5034 2670 5091 insanabilis
2692 5033 2867 5109 plaga,
2897 5046 3021 5085 cum
3044 5028 3101 5087 in
3132 5037 3281 5083 tanta
3310 5026 3571 5097 procella,

2000 5126 2094 5183 tali
2128 5141 2311 5180 rerum
2343 5122 2686 5183 confusione,
2726 5129 2875 5175 tanta
2922 5133 3104 5174 rerum
3130 5117 3451 5179 mutatione.
3480 5132 3577 5171 ne-

1998 5236 2088 5279 mo
2115 5234 2335 5294 parvus,
2385 5230 2632 5288 magnus,
2661 5214 2909 5270 obscurae
2936 5211 3210 5267 nubeculae
3264 5211 3575 5281 episcopus,

1999 5321 2201 5377 nedum
2232 5312 2318 5369 cui
2343 5319 2540 5383 praeest
2567 5307 2763 5377 aliquis
2795 5305 3030 5361 eximius
3058 5323 3072 5359 :
3101 5319 3267 5359 nemo
3320 5302 3469 5356 rudis
3520 5299 3577 5353 in

2000 5424 2276 5473 sermone,
2321 5421 2485 5462 nemo
2516 5402 2774 5469 utrinque
2813 5406 3181 5468 comparatus,
3235 5394 3327 5464 qui
3381 5393 3580 5461 lingunt:

2003 5504 2397 5561 volubilitatem
2428 5511 2553 5552 eum
2582 5493 2833 5549 acumine
2867 5489 3065 5545 mentis
3108 5485 3453 5555 conjunctam
3481 5480 3579 5533 lia-

2003 5596 2134 5652 bct;
2161 5604 2323 5646 nemo
2352 5593 2574 5659 propter
2602 5584 2765 5638 vitam
2822 5580 3078 5640 illustris,
3108 5585 3325 5647 propter
3353 5571 3577 5639 dogma-

2006 5700 2118 5745 tum
2166 5682 2554 5741 sublimitatem
2596 5676 2945 5747 conspicuus,
2988 5670 3168 5726 nullus
3200 5667 3357 5738 plane
3410 5663 3577 5715 homo

1609 5828 1840 5887 VARIIE
1880 5824 2289 5886 LECTIONES.

396 5903 425 5933 ιι
460 5895 525 5948 lo'
580 5896 812 5966 φαίνειν.
