4044 6468
468 400 581 469 ’159

1624 397 1891 463 PHOTII
1918 391 2426 457 PATRIARCH/E
2464 394 2574 454 CP.

3625 384 3737 448 760

467 498 601 570 cum,
629 522 874 587 tempore
904 516 1224 573 immutatus
1250 512 1733 587 comprehenditur
1762 531 1775 566 :
1805 524 1908 565 nec
1932 521 2044 565 ces-

2156 522 2305 572 πτος,
2352 506 2470 560 ἀλλ’
2502 504 2638 566 ὅλως
2688 501 2865 565 οὐδεὶς
2914 494 3159 570 οὐδαμοῦ
3204 495 3287 587 τῷ
3322 494 3505 587 καιρῷ
3536 495 3741 587 συναλ-

468 608 541 662 sit
578 607 697 662 loco
723 608 953 665 torrenti
982 608 1165 664 omnia
1189 607 1482 677 abripienti
1513 604 1692 661 :inter
1714 619 1906 660 omnes
1928 620 2045 658 om-

467 699 598 753 nino
620 700 713 770 qui
732 699 801 755 de
827 700 995 757 choro
1018 700 1232 755 fuerant
1254 698 1634 770 religiosorum
1663 696 1809 771 (quis
1852 712 2044 753 eorum

465 805 568 860 per
624 792 959 847 auditionem
993 792 1295 862 antiquam,
1334 790 1537 846 nedum
1575 805 1674 861 per
1719 797 2045 859 praesentem

468 899 640 953 spem,
660 885 973 957 priusquam
996 901 1083 941 res
1099 893 1394 951 constaret,
1419 885 1521 939 hoc
1552 883 1775 939 credet?
1796 883 1836 949 ),
1857 897 2050 939 omnes

468 974 669 1029 diaboli
728 975 968 1045 laqueos,
1027 974 1253 1031 insidias
1284 990 1496 1040 omnes,
1555 977 1736 1031 omnia
1796 976 2044 1041 artificia,

468 1065 579 1121 vim
603 1083 818 1123 omnem
844 1068 1165 1123 intentatam
1192 1067 1331 1123 infra
1360 1084 1421 1123 se
1441 1069 1673 1140 positam
1706 1069 2048 1124 demonstra-

470 1166 619 1212 runt.
659 1156 966 1214 Iucundum
1010 1158 1146 1214 mihi
1172 1169 1277 1222 est,
1307 1158 1409 1215 ista
1452 1160 1597 1232 apud
1631 1174 1726 1216 vos
1780 1160 2051 1230 imprimis

470 1250 750 1320 prosequi,
806 1251 898 1322 qui
923 1268 1116 1323 magna
1152 1268 1278 1323 pars
1323 1268 1513 1308 eorum
1549 1253 1701 1319 estis,
1730 1253 1797 1307 de
1853 1252 2051 1322 quibus

471 1341 589 1396 haec
627 1343 855 1399 mirifica
890 1352 1297 1401 recensentur:
1344 1343 1531 1415 Neque
1560 1346 1705 1400 enim
1755 1344 2050 1414 quidquam

470 1436 936 1493 commilitonibus
973 1437 1218 1494 accidere
1248 1446 1425 1508 Potest
1446 1438 1672 1509 gratius,
1708 1438 1895 1492 dolore
1918 1437 2053 1491 alio-

471 1526 563 1595 qui
604 1527 890 1593 confectis,
948 1544 1110 1598 quam
1171 1537 1229 1584 ut
1279 1544 1395 1585 rem
1432 1530 1722 1602 pugnando
1775 1528 1914 1583 bene
1957 1544 2052 1600 ge-

472 1626 638 1672 rant:
679 1618 772 1672 sed
820 1619 1147 1684 malitiosus,
1187 1625 1367 1690 {quem
1415 1621 1548 1687 dixi,
1598 1621 1812 1676 daemon
1861 1636 2054 1675 omnes

473 1708 763 1762 confertim
796 1708 1084 1779 deglutire,
1126 1721 1182 1768 et
1210 1728 1307 1782 per
1334 1728 1463 1767 snas
1502 1712 1774 1783 nequitias
1827 1712 2051 1769 fraudu-

472 1792 648 1850 lentas
705 1796 969 1867 impedire
1027 1800 1310 1857 fremendo
1362 1802 1625 1874 gloriatur
1669 1822 1683 1858 :
1734 1814 1933 1859 sancta:
1972 1815 2052 1861 ta-

2150 596 2395 660 λοιωθεὶς
2423 593 2686 667 ἠλέγχθη,
2722 590 2873 646 οὐδὲν
2899 590 3098 643 ἔδωκεν
3123 589 3191 659 τῇ
3229 586 3382 661 ῥύμῃ
3408 586 3505 639 τοῦ
3540 585 3738 654 φέρον-

2150 708 2240 755 τος
2260 706 2272 722 ο
2302 688 2541 751 ἅπαντες
2562 686 2608 740 δ’
2651 685 2838 748 ἁπλῶς
2862 684 2979 737 ὅσοι
3005 681 3101 735 τοῦ
3129 678 3296 753 χοροῦ
3316 680 3417 750 τῆς
3441 679 3733 741 εὐσεϐείας

2152 780 2411 851 γεγόνασι
2475 779 2580 851 (τίς
2643 778 2783 849 ἀκοῇ
2840 774 3052 845 παλαιᾷ
3110 774 3310 844 μήτιγε
3365 771 3549 825 ἑλπίδι
3612 770 3733 841 νέᾳ,

2154 876 2285 947 πρὶν
2316 872 2630 944 πραχθῆναι
2662 869 2819 924 τοῦτο
2860 864 3246 940 παρεδέξατο),
3274 867 3457 936 πάσης
3496 864 3684 934 πάγης
3712 871 3739 898 '

2155 970 2251 1025 τοῦ
2275 966 2538 1041 πονηροῦ,
2570 966 2665 1021 καὶ
2694 964 2878 1035 πάσης
2918 962 3239 1032 ἐπιϐουλῆς,
3288 962 3387 1015 καὶ
3416 960 3623 1022 παντὸς
3650 975 3743 1012 τε-

2156 1063 2467 1134 χνάσματος
2490 1059 2585 1115 καὶ
2610 1058 2731 1131 βίας
2759 1055 3068 1129 κρείττονες
3086 1054 3371 1124 ὤφθησαν.
3400 1051 3533 1106 Ἡδὺ
3557 1051 3616 1105 δέ
3647 1067 3741 1121 μοι

2155 1156 2355 1222 ταῦτα,
2383 1155 2478 1209 καὶ⁸
2506 1152 2744 1224 μάλιστα
2771 1151 2911 1219 πρὸς
2943 1150 3089 1220 ὑμᾶς
3111 1145 3390 1211 διεξιέναι,
3427 1144 3557 1206 τοὺς
3594 1144 3744 1213 μέγα

2160 1250 2327 1323 μέρος
2379 1247 2474 1303 τοῦ
2531 1246 2854 1318 τηλικούτου
2902 1241 3355 1316 χρηματίσαντας
3415 1239 3739 1309 θαύματος·

2157 1341 2282 1394 ἐπεὶ
2305 1340 2401 1394 καὶ
2433 1338 2866 1409 συστρατιώταις
2907 1334 3062 1393 οὐδὲν
3108 1332 3386 1403 ἡδύτερον,
3418 1331 3527 1387 κᾶν
3559 1329 3741 1392 ἄλλως

2157 1436 2215 1487 ὲν
2234 1432 2432 1497 λύπαις
2467 1423 2622 1493 ὦσιν,
2670 1428 2703 1499 ἢ
2746 1428 2815 1481 τὰ
2848 1430 2907 1480 ὲν
2959 1425 3216 1495 πολέμοις
3255 1425 3440 1487 αὐτοῖς
3471 1440 3743 1493 προσομιο

2157 1529 2270 1580 λεῖν
2300 1521 2703 1593 κατορθώματα
2721 1538 2733 1551 ·
2763 1520 2878 1573 ἀλλ’
2903 1520 3044 1589 ὅπερ
3070 1517 3277 1585 ελεγον,
3302 1516 3332 1570 ὁ
3376 1516 3478 1586 μὲν
3500 1515 3744 1585 πονηρὸς

2159 1617 2371 1690 ἁθρόως
2405 1616 2658 1679 ἅπαντας
2687 1614 3001 1676 καταπιεῖν,
3028 1611 3126 1667 καὶ
3154 1609 3255 1680 τῆς
3296 1609 3465 1664 αὑτοῦ
3499 1626 3747 1679 πανουρ-

2159 1711 2285 1780 γίας
2318 1708 2480 1779 ἔργον
2504 1706 2725 1773 δείξειν,
2749 1705 2989 1775 ὲφυσᾶτο
3036 1702 3133 1759 καὶ
3174 1702 3514 1773 ἐφρυάττετο
3534 1718 3550 1732 ο
3593 1700 3659 1754 τὸ
3687 1701 3743 1754 δὲ

2159 1802 2259 1872 τῆς
2299 1799 2626 1871 Ἑκκλησίας
2651 1799 2807 1868 ἅγιον
2844 1796 3142 1867 πλήρωμα,
3165 1794 3421 1848 τοσοῦτον
3448 1793 3618 1849 αὐτοῦ
3644 1794 3747 1858 τὰς

475 1899 599 1939 men
636 1885 893 1943 Ecclesia:
940 1890 1231 1947 multitudo
1294 1873 1465 1964 ipsius
1516 1895 1945 1953 machinationes
2003 1906 2054 1953 et

2163 1893 2412 1967 μηχανὰς
2453 1892 2548 1947 καὶ
2589 1892 2689 1957 τὰς
2734 1889 2974 1953 ἐπινοίας
3034 1887 3474 1959 ἐξεμυκτήρισάν
3536 1903 3597 1940 τε
3650 1888 3743 1940 καὶ

477 1972 705 2032 consilia
739 1979 971 2048 deridet,
997 1992 1053 2039 et
1083 1984 1318 2040 ludibrio
1347 1987 1531 2053 habet,
1549 1989 1677 2044 dum
1709 1990 1811 2044 sub
1839 1989 2060 2046 Christo

474 2069 654 2139 capite
689 2070 945 2134 militant,
972 2082 1029 2129 et
1054 2076 1175 2146 ejus
1213 2076 1436 2133 ductum
1467 2080 1758 2137 observant
1789 2098 1804 2137 :
1844 2092 1903 2137 ut
1928 2098 2057 2152 cap-

474 2157 614 2216 tivos
640 2161 820 2231 potius
848 2164 1109 2233 quosdam
1142 2168 1417 2224 abducunt
1444 2172 1679 2237 veritati,
1707 2188 1868 2242 quam
1888 2176 2059 2229 utali-

476 2252 599 2320 quis
622 2266 685 2306 ex
712 2253 844 2325 ipsis
868 2255 1131 2329 fugitivus
1158 2262 1385 2318 exsistat
1409 2271 1465 2321 et
1514 2264 1759 2320 desertor
1778 2266 2053 2321 ordinum.

475 2342 814 2416 Quapropter
872 2349 916 2403 si
950 2349 1167 2408 diabolo
1223 2356 1444 2410 daretur
1478 2357 1645 2427 optio,
1687 2369 1871 2415 utrum
1929 2361 2056 2416 talia

476 2437 738 2494 adhibere
786 2458 915 2498 vasa
939 2445 1194 2514 voluerit,
1245 2449 1423 2518 qualia
1472 2461 1619 2516 sunt,
1658 2453 1713 2507 in
1739 2471 1862 2525 qua:
1912 2472 2059 2512 nunc

473 2529 685 2599 incidit,
718 2534 937 2604 capacia
978 2538 1148 2594 totius
1180 2543 1517 2610 operationis
1570 2545 1776 2615 ipsius:
1816 2558 1929 2602 tum
1958 2547 2058 2603 Ec-

472 2623 693 2679 clesiam
751 2627 826 2680 ita
857 2630 1085 2686 viriliter
1134 2642 1190 2687 et
1217 2635 1463 2691 animose
1509 2649 1923 2697 concertantem
1982 2659 2053 2697 ex

469 2710 698 2768 adverso
728 2715 1031 2773 consistere
1064 2736 1079 2786 ;
1114 2736 1241 2775 vasa
1277 2722 1364 2777 illa
1396 2734 1455 2778 ut
1492 2723 1711 2796 figulina
1747 2743 1871 2782 cum
1905 2728 2057 2799 ipso-

468 2811 581 2858 met
602 2804 813 2862 artifice
862 2810 1317 2883 confringentem,
1344 2830 1527 2869 annon
1560 2817 1791 2873 istorum
1841 2820 2057 2889 experi-

473 2899 723 2948 mentum
776 2895 960 2953 facere
1014 2901 1199 2969 potius
1254 2906 1583 2961 recusaret?
1612 2921 1715 2963 nec
1766 2907 1890 2963 talia
1931 2923 2060 2964 vasa

473 2986 737 3054 reperire,
770 2991 855 3045 vel
878 2992 947 3047 ab
966 2992 1031 3047 iis
1058 2995 1316 3064 gaudium
1349 3008 1741 3067 proventurum
1762 3001 2055 3068 somniare,

475 3092 641 3145 quam
676 3078 973 3137 Ecelesiam
998 3084 1198 3139 intueri
1221 3086 1293 3141 ita
1315 3088 1625 3143 roboratam
1656 3105 1719 3145 ac
1748 3092 2019 3161 vigentem
2038 3130 2055 3157 ,

473 3177 529 3222 ct
558 3168 612 3223 in
667 3172 848 3228 media
877 3174 1052 3244 ipsius
1083 3176 1290 3232 viscera
1321 3179 1520 3234 vulnus
1554 3189 1662 3236 tam
1709 3185 2049 3239 mortiferum
2078 3213 2126 3277 ο

472 3259 821 3329 inferentem,
877 3274 933 3320 et
980 3266 1277 3337 gloriosum
1319 3269 1387 3325 de
1434 3280 1546 3326 tota
1590 3272 1760 3342 ipsius
1810 3278 2051 3346 potentia

472 3360 737 3423 tropzeum
791 3366 1140 3415 statuentem.
1178 3359 1333 3427 Quod
1373 3362 1639 3432 profecto,
1669 3366 1713 3419 si
1756 3382 1863 3421 non
1885 3368 2053 3436 aliud,

472 3445 759 3512 oportebat
803 3461 949 3511 eum,
981 3448 1073 3520 qui
1132 3466 1281 3506 nunc
1330 3452 1561 3507 nimium
1622 3468 1925 3511 commotus
1972 3468 2057 3514 est

474 3546 675 3608 (neque
698 3538 841 3593 enim
864 3540 1128 3613 intelligo,
1153 3543 1305 3612 quid,
1333 3554 1427 3601 aut
1464 3548 1761 3616 quomodo,
1790 3564 1912 3603 cum
1944 3567 2056 3605 ma-

470 3632 574 3699 jori
612 3632 872 3687 modestia
896 3634 1097 3705 dicam)
1123 3637 1387 3700 revereri,
1419 3653 1523 3692 nec
1546 3639 1895 3695 victoriarum
1923 3643 2057 3697 ado-

472 3738 593 3777 reas
640 3739 747 3778 non
785 3725 969 3779 conari
1039 3741 1071 3780 a
1126 3742 1221 3781 sua
1307 3728 1526 3798 propria
1578 3730 1707 3784 sede
1756 3731 2054 3789 dimovere.

473 3814 671 3879 Quidni
723 3816 918 3871 enim?
950 3817 1078 3872 licet
1111 3833 1222 3873 non
1254 3818 1508 3875 effectum
1542 3822 1710 3887 dedit,
1737 3824 1883 3893 quod
1922 3841 2056 3881 con-

472 3916 693 3976 ceperat
741 3911 945 3975 animo,
980 3911 1208 3981 gratiam
1226 3921 1409 3967 tamen
1434 3914 1863 3972 efllorescentem
1914 3934 2058 3972 mar-

472 4013 690 4054 cescere
752 4000 899 4066 fecit,
957 4018 1024 4057 eo
1074 4004 1219 4075 quod
1270 4005 1563 4076 cogitavit,
1624 4024 1745 4078 qua:
1802 4012 2059 4082 cogitatio

472 4091 753 4163 redarguit
777 4094 1112 4163 opinionem.
1144 4096 1336 4153 Divina
1365 4108 1545 4153 autem
1580 4100 1749 4171 gratia
1769 4102 2059 4171 providen-

474 4182 629 4246 tiam,
682 4200 787 4254 qua
816 4201 917 4241 nos
953 4203 1177 4256 semper
1208 4197 1414 4245 tutatus
1456 4199 1561 4255 est,
1603 4207 1749 4248 nunc
1792 4195 2056 4259 ostendit,

473 4290 597 4328 cum
636 4275 692 4330 in
746 4275 999 4333 effectum
1033 4280 1254 4349 prodire
1276 4298 1389 4336 non
1428 4283 1501 4337 sit
1522 4298 1703 4353 passa,
1737 4286 1883 4355 quod
1913 4287 2057 4357 apud

472 4368 715 4423 animum
761 4370 850 4427 ille
877 4372 1251 4429 constituerat.

534 4459 827 4526 Cancrum,
872 4464 947 4517 mi
983 4463 1080 4529 ﬁli,
1136 4466 1285 4521 nulla
1332 4467 1455 4522 talis
1507 4469 1766 4541 deinceps
1814 4482 2054 4528 mentem

2160 1985 2553 2055 κατεγέλασαν,
2582 1980 2804 2055 Χριστῷ
2832 1983 2901 2051 τῇ
2934 1979 3146 2049 κεφαλῇ
3179 1976 3652 2048 στρατηγούμενοι
3682 1994 3740 2029 τε

2158 2079 2254 2134 καὶ
2283 2074 2766 2147 καθοδηγούμενοι,
2796 2073 2873 2136 ὼς
2895 2071 3107 2126 ἐκεῖθεν
3145 2070 3346 2140 μᾶλλον
3395 2069 3737 2139 αἰχμαλωτέ-

2160 2190 2251 2226 σαι
2268 2170 2441 2237 τινὰς,
2462 2170 2555 2224 καὶ
2569 2171 2637 2241 τῇ
2653 2167 2882 2238 ἀληθείᾳ
2900 2163 3343 2236 προσαγαγεῖν,ἢ
3371 2163 3737 2231 λειποτακτην

2161 2265 2259 2320 ἕνα
2279 2264 2403 2317 τινα
2443 2262 2543 2333 τῆς
2603 2260 2776 2330 καλῆς
2803 2258 2982 2313 αὐτῶν
3032 2254 3435 2327 παραχωρῆσαι
3483 2255 3735 2322 γενέσθαι

2159 2356 2385 2422 τάξεως.
2414 2356 2579 2410 Ὥστε
2608 2352 2663 2407 εί
2686 2369 2769 2417 τις
2798 2351 3007 2419 αἵρεσιν
3032 2349 3202 2402 ἐδίδου
3237 2346 3315 2418 τῷ
3348 2346 3609 2415 διαΰόλῳ,
3643 2345 3735 2397 πό-

2159 2468 2317 2522 τερον
2348 2448 2603 2502 ἐδούλετο
2646 2445 2872 2500 τοιαῦτα
2901 2442 3073 2513 σκεύη
3096 2443 3300 2513 εὑρεῖν,
3328 2441 3464 2503 οἵοις
3510 2439 3609 2493 νῦν
3644 2456 3735 2491 πε-

2161 2542 2429 2614 ριέτυχεν,
2460 2540 2590 2610 ὃλην
2619 2535 2784 2592 αὑτοῦ
2823 2537 2923 2606 τὴν
2960 2535 3241 2604 ἐνέργειαν
3277 2546 3306 2575 ι
3343 2532 3599 2602 χωρῆσαι
3646 2530 3733 2584 δυ-

2159 2634 2387 2705 νάμενα’
2419 2631 2612 2686 ἔπειτα
2631 2630 2729 2702 τὴν
2743 2628 3074 2696 Ἐκκλησίαν
3096 2624 3270 2688 οὕτως
3290 2623 3441 2693 αὑτῷ
3471 2623 3733 2693 ἀνδρείως

2158 2726 2255 2778 καὶ
2329 2722 2575 2793 στερρῶς
2628 2718 3038 2790 ἀγωνιζομένην
3108 2715 3617 2784 ἀντικαταστῆναι,
3664 2712 3735 2777 ὡς

2160 2815 2333 2886 σκεύη
2363 2813 2653 2885 κεραμέως
2701 2812 2801 2867 σὺν
2846 2810 2997 2881 αὐτῷ
3030 2809 3252 2881 τεχνίτῃ
3302 2807 3477 2863 ταῦτα
3524 2806 3735 2876 συντρί-

2159 2908 2382 2970 ϐουσαν,
2425 2906 2461 2977 ἥ
2517 2904 2638 2976 μήδ’
2673 2904 2862 2974 ἑτέρου
2909 2902 3116 2955 τούτων
3164 2902 3247 2963 εἰς
3308 2901 3506 2968 πεῖραν
3562 2897 3733 2952 ἐλθεῖν

2161 3001 2358 3058 πολλοῦ
2382 3001 2448 3056 ἂν
2478 2998 2817 3070 ὲτιμήσατος
2848 2994 2985 3066 μήτε
3028 2992 3288 3048 τοιούτων
3328 2991 3545 3044 σκευῶν
3579 2990 3732 3043 εὐτυ-

2159 3098 2350 3168 κῆσαιν
2378 3097 2475 3150 καὶ
2504 3093 2603 3165 τὴν
2632 3102 2661 3143 Υ
2705 3090 2792 3146 ἐπ’
2837 3091 3022 3152 αὐτοῖς
3077 3085 3346 3157 εὐθυμίαν
3382 3081 3733 3156 ὀνειροπολῆ-

2162 3209 2275 3257 σαι,
2309 3190 2449 3261 μήτε
2494 3186 2596 3258 τὴν
2640 3183 2969 3254 Ἐκκλησίαν
3005 3180 3178 3243 οὕτως
3212 3178 3342 3233 ἰδεῖν
3371 3175 3735 3248 κραταιωμέ-

2158 3302 2256 3356 νην
2280 3282 2372 3336 καὶ
2389 3280 2776 3343 ἀκμάζουσαν,
2795 3274 2890 3329 καὶ
2908 3272 2997 3328 διὰ
3016 3272 3196 3343 μέσων
3213 3271 3381 3324 αὑτοῦ
3411 3268 3733 3339 σπλάγχνων

2157 3378 2384 3448 καιρίαν
2419 3373 2573 3427 οὔπω
2598 3370 2694 3426 καὶ
2721 3367 2931 3440 πικρὰν
2947 3367 3045 3438 τὴν
3073 3362 3290 3435 πληγὴν
3314 3362 3613 3433 φέρουσαν,
3644 3359 3733 3412 καὶ

2155 3467 2407 3540 λαμπρὸν
2434 3465 2669 3521 ίστῶσαν
2700 3462 2845 3518 κατὰ
2877 3460 3058 3529 πάσης
3093 3456 3259 3551 αὐτοῦ
3280 3455 3389 3551 τῆς
3416 3450 3732 3551 δυναστείας

2156 3561 2217 3615 τὸ
2236 3561 2497 3633 τρόπαιον
2525 3557 2663 3627 ὅπερ
2695 3555 2744 3608 εί
2793 3553 2869 3623 μή
2900 3569 2953 3604 τι
3000 3549 3145 3620 ἄλλῳ
3177 3546 3369 3617 ἐχρῆν,
3404 3542 3619 3598 καὶτὸν
3646 3542 3732 3594 νῦν

2158 3655 2241 3726 (οὐ
2268 3654 2378 3724 γὰρ
2404 3644 2523 3705 οἴδα
2554 3649 2668 3709 πῶς
2715 3643 3068 3714 ἀλυπώτερον
3094 3638 3257 3709 εἴπω)
3297 3634 3730 3693 ὐποσαλευοέντα

2158 3742 2637 3813 ὲκδυσωπηθῆναι,
2670 3740 2763 3794 καὶ
2801 3737 2878 3808 μὴ
2914 3736 3042 3797 τοὺς
3085 3734 3185 3803 τῆς
3217 3729 3375 3799 νίκης
3434 3726 3729 3796 στεφάνους

2162 3834 2448 3908 μονονουχὶ
2471 3832 2565 3885 τοῦ
2601 3831 2732 3884 ίδίου
2755 3827 3055 3897 ἐπιχειρεῖν
3081 3822 3333 3922 ἀνασπᾷν
3352 3817 3613 3922 probitati
3638 3835 3650 3847 ·
3675 3815 3728 3922 τί

2158 3929 2268 3998 γὰρ
2306 3928 2355 3980 εί
2391 3926 2487 3979 καὶ
2546 3924 2622 3994 μὴ
2681 3920 2918 3990 ἔπραξεν
2969 3916 3007 3971 ὃ.
3041 3914 3391 3985 ὲμελέτησεν,
3455 3911 3597 3965 ἀλλὰ
3639 3911 3729 3978 τὴν

2158 4018 2430 4073 ἀνθοῦσαν
2449 4016 2608 4087 χάριν
2653 4014 2929 4083 ὲμάρανεν
2970 4003 3051 4072 οἷς
3102 4007 3355 4063 ὲδίστασε
3384 4021 3399 4036 ·
3437 4006 3536 4058 καὶ
3576 4005 3610 4073 ἠ
3637 4005 3728 4070 μὲν

2162 4110 2362 4182 μελέτη
2399 4108 2499 4179 τὴν
2552 4104 2780 4175 γνώμην
2813 4101 3067 4175 ήλεγξεν·
3101 4102 3134 4169 ἡ
3180 4099 3238 4154 δὲ
3281 4097 3405 4151 θεία
3449 4096 3635 4166 χάρις.
3667 4097 3727 4163 ἣν

2159 4204 2275 4274 ἔχει
2304 4200 2600 4271 περὶημᾶς
2632 4198 2913 4267 πρόνοιαν,
2948 4194 3044 4247 καὶ
3084 4190 3180 4245 νῦν
3226 4189 3430 4256 ἔδοξεν,
3466 4187 3548 4251 εἰς
3575 4186 3726 4257 ἔργον

2156 4294 2256 4366 τὴν
2287 4292 2483 4365 βουλὴν
2510 4289 2686 4347 ἐλθεῖν
2715 4288 2817 4342 οὐκ
2869 4286 3100 4341 ἐάσασα.

2253 4470 2416 4526 Ἀλλὰ
2485 4468 2651 4539 μηδέν
2704 4484 2790 4520 σοι
2836 4464 2901 4520 τὸ
2957 4463 3145 4518 λοιπὸν
3199 4460 3335 4532 μηδὲ
3396 4458 3656 4520 τοιοῦτον,
3686 4446 3726 4507 ὧ

471 4550 675 4622 irrepat
716 4554 1000 4624 cogitatio.
1041 4554 1095 4610 In
1151 4560 1406 4628 praesenti
1443 4560 1590 4615 enim
1632 4564 1833 4618 omissa
1876 4564 2051 4620 incre-

2156 4565 2366 4626 τέκνον,
2417 4558 2860 4631 διαμελετάσθω’
2905 4555 3007 4627 ἥδη
3062 4554 3194 4625 γὰρ,
3257 4552 3359 4623 ἤδη
3400 4552 3531 4613 τοὺς
3583 4548 3724 4615 ἐλέγ-

469 4643 688 4712 patione
753 4646 903 4701 omni
960 4663 1067 4718 qua
1112 4649 1378 4705 hactenus
1434 4667 1553 4707 mea
1618 4653 1791 4723 ipsius
1844 4655 2050 4711 viscera

470 4733 716 4790 feriendo
764 4737 1070 4802 vulneravi,
1118 4741 1280 4811 quod‘
1318 4742 1494 4812 ipsum
1535 4743 1783 4800 dolenter
1854 4746 2049 4805 fecisse

470 4843 557 4882 me
602 4829 880 4898 profiteor.
943 4831 1097 4890 Licet
1147 4835 1293 4889 enim
1364 4835 1653 4901 medicina,
1705 4840 2049 4898 concisiones

468 4922 668 4987 etiam,
727 4926 1036 4979 necessaria
1105 4926 1249 4991 sint,
1298 4935 1478 4981 tamen
1549 4944 1677 5000 erga
1736 4930 2046 4990 laborantes

466 5020 523 5065 et
576 5013 847 5069 cruciatos
918 5020 1227 5086 compassio
1293 5026 1518 5088 superat
1578 5020 1726 5090 leges
1782 5022 2045 5080 doctrina:

467 5104 732 5175 cujusque
780 5114 835 5161 et
880 5107 1162 5163 medicina:
1194 5130 1207 5166 :
1240 5120 1299 5165 et
1340 5126 1442 5180 ego
1499 5110 1622 5165 ideo
1650 5116 2047 5185 compassionis

468 5198 813 5269 tyrannidem
866 5200 1009 5255 baud
1064 5203 1383 5258 sustinendo
1464 5218 1586 5259 cum
1626 5207 1763 5270 sim,
1823 5219 2047 5278 przeter-

466 5292 654 5346 missis
678 5291 954 5358 omnibus,
998 5303 1253 5364 tanquam
1286 5302 1572 5367 praesentis
1595 5297 1651 5352 in
1706 5302 2048 5370 complexum

465 5398 620 5437 l'llOl'.
658 5369 859 5436 Filium
913 5398 1096 5439 meum
1134 5388 1424 5459 compello,
1471 5398 1686 5459 partum
1726 5406 1910 5447 meum
1946 5396 2051 5450 im-

466 5475 843 5547 maculatum,
903 5477 1210 5532 membrum
1286 5480 1394 5534 mei
1469 5484 1734 5552 corporis.
1803 5486 2049 5549 Quonam

466 5582 567 5640 ego
583 5567 864 5638 abripior?
891 5566 1115 5623 ubinam
1141 5569 1211 5625 de
1233 5579 1287 5624 te
1313 5573 1745 5644 mea'gloriatio?
1769 5577 1857 5632 ubi
1892 5582 2050 5648 spes?

466 5656 671 5726 potius,
724 5664 849 5727 post
877 5673 1030 5727 spem
1076 5657 1171 5713 ubi
1210 5671 1529 5730 comparent
1557 5665 1775 5732 opera?
1838 5665 2049 5725 Vidcsis

2149 4674 2276 4727 χους
2323 4653 2505 4722 ἀφεὶς,
2542 4650 2628 4721 ἐφ’
2663 4644 2745 4713 οἷς
2783 4647 2948 4718 μέχρι
2976 4645 3217 4743 νῦν,.ὅ.δη
3247 4653 3270 4680 ι
3304 4642 3415 4743 ῑδῖα
3446 4640 3723 4743 σπλάγχνα

2149 4749 2401 4820 πλήττων
2461 4744 2557 4798 καὶ
2617 4740 2937 4810 τιτρώσκων
2997 4735 3296 4807 ἀνιώμενος
3363 4734 3560 4803 ἔφερον
3629 4734 3722 4784 κᾶν

2153 4839 2264 4909 γὰρ
2305 4837 2584 4904 ἀναγκαῖα
2638 4833 2708 4886 τὰ
2756 4832 3027 4901 φάρμακα
3083 4827 3180 4882 καὶ
3221 4827 3278 4880 αί
3315 4826 3503 4896 τομαὶ,
3537 4823 3651 4877 ἀλλ’
3692 4823 3720 4887 ἡ

2154 4933 2263 4985 τῶν
2328 4930 2507 4983 πόνων
2565 4926 2660 4980 καὶ
2700 4924 3012 4995 ἀλγηδόνων
3074 4920 3407 4991 συμπάθεια,
3445 4919 3573 4987 νικᾷ
3609 4916 3722 4977 τοὺς

2154 5026 2355 5094 νόμους
2400 5023 2499 5093 τῆς
2545 5018 2789 5089 ἰατρείας
2844 5019 2940 5070 καὶ
2986 5013 3324 5073 παιδεύσεως
3363 5011 3432 5064 δι’
3478 5010 3509 5063 ὃ
3536 5010 3720 5080 μηκέτι

2153 5119 2249 5171 τοῦ
2293 5114 2605 5187 συμπαθεῖν
2634 5112 2734 5182 τὴν
2766 5107 3058 5178 τυραννίδα
3094 5107 3296 5177 φέρων,
3328 5106 3514 5158 ἐκεῖνα
3554 5103 3720 5156 πάντα

2151 5207 2344 5271 λιπὼν,
2392 5207 2487 5259 καὶ
2538 5204 2614 5266 ὡς
2656 5200 2886 5270 παρόντι
2943 5196 3282 5269 περιχυθεὶς,
3331 5195 3524 5248 τέκνον
3574 5192 3716 5261 ἐμὸν,

2153 5299 2357 5352 ὠδίνων
2406 5297 2587 5364 ἁγνῶν
2632 5295 2795 5365 μέλος
2843 5292 2999 5363 ἐμὸν,
3045 5289 3095 5342 τί
3144 5288 3323 5353 τοῦτο,
3350 5284 3718 5352 ἁνακαλοῦμαι

2156 5392 2258 5445 ποῦ
2284 5409 2372 5461 μοι
2391 5391 2453 5442 τὸ
2470 5388 2601 5458 περὶ
2626 5387 2686 5442 σὲ
2704 5386 2985 5456 natumu-
3009 5382 3113 5436 ποῦ
3136 5381 3194 5435 δὲ
3216 5382 3271 5434 at!
3292 5378 3504 5440 ἐλπίδες
3529 5376 3718 5447 μᾶλλον

2152 5483 2207 5536 δὲ
2242 5483 2377 5550 μετὰ
2398 5482 2506 5533 τῶν
2535 5479 2766 5533 ἐλπίδων
2781 5478 2851 5531 τὰ
2876 5477 3051 5549 ἔργα;
3090 5475 3255 5545 Ὁρᾷς
3282 5474 3346 5526 τὸ
3382 5468 3715 5568 σκυθρωπὸν,

2149 5575 2248 5645 τὴν
2274 5574 2595 5642 κατήφειαν,
2620 5573 2666 5624 εἰ
2691 5570 2889 5640 βούλει,
2920 5571 3016 5624 καί¹
3040 5569 3105 5623 τὰ
3123 5568 3352 5635 δάκρυα.
3388 5565 3453 5618 Ἡ
3480 5564 3607 5633 περὶ
3628 5564 3711 5613 σοῦ

2152 5669 2367 5738 φροντὶς
2394 5664 2599 5721 τούτων
2633 5663 2782 5719 αἰτία
2802 5679 2813 5693 ’
2846 5666 2873 5717 ὁ
2906 5663 2999 5716 ἐπὶ
3035 5661 3118 5716 σοὶ
3149 5658 3307 5723 πόνος
3335 5657 3515 5713 αὐτῶν
3547 5654 3704 5710 ἅπτε·

1752 5802 1983 5859 νΑΙῖΙιιΕ
2047 5801 2447 5861 LECTIONES.

537 5884 676 5939 νισ.
702 5886 937 5959 πληγῆς.
1015 5901 1042 5930 ι
1073 5889 1159 5944 ῖσ.
1194 5891 1551 5961 πανουργίαν.
1631 5900 1656 5938 γ
1702 5892 1835 5961 μήτε
1871 5897 1985 5961 τήν.

2067 5907 2087 5934 ι
2127 5897 2211 5952 ia.
2248 5894 2363 5951 ἅτε.
