4044 6402
235 408 342 476 761

1388 418 1925 483 EPISTOLARUM
1967 423 2198 483 LIBER
2237 424 2288 486 Ῐ.

3374 426 3484 492 762

233 544 329 581 ται
356 525 705 598 σπλάγχνων,
737 526 799 581 τδ
843 526 1006 597 ἄλγος
1048 527 1221 601 αὐτῆς
1252 527 1351 601 τῆς
1384 531 1559 603 ζωῆς·
1609 533 1729 587 ἀλλ’
1759 535 1803 588 εί

1912 536 2143 602 tristem,
2172 537 2325 592 vultu
2358 535 2652 606 deiectum,
2695 536 3079 609 lacrymantem
3102 555 3115 591 :
3141 537 3208 593 de
3242 546 3294 593 te
3329 541 3481 594 solli-

232 620 289 673 τί
322 636 404 672 σοι
430 618 529 688 τῆς
555 618 695 688 ἐμῆς
730 617 882 689 μέλει
902 617 1047 689 ζωῆς
1067 616 1239 690 (ούπω
1265 619 1325 674 δέ
1361 621 1432 691 μέ
1470 639 1556 688 τις
1575 624 1810 678 ἀναπεί-

235 710 321 763 θει
355 709 512 779 λόγος
538 709 615 773 ὡς
649 710 711 764 οὒ
744 709 917 780 μέλει)
955 710 1155 782 μηκέτι
1192 710 1361 783 μηδὲν
1394 715 1640 768 τοιούτον
1675 716 1811 789 μηδέ

232 800 643 874 παραπλήσιον,
676 803 813 874 μήτε
831 805 911 868 εἰς
943 803 1138 876 βουλὴν
1166 806 1305 878 μήτε
1326 806 1407 875 είς
1443 807 1675 881 μελέτην
1696 809 1813 863 δια-

229 896 471 951 ϐαινέτω
492 911 508 927 ·
546 896 816 970 μακάριος
847 895 956 967 γὰρ
985 898 1123 969 ἀνὴρ
1147 898 1245 971 οὐχ
1269 898 1324 965 ὃς
1350 900 1444 954 ἐπὶ
1476 902 1810 974 παρανόμων

226 991 332 1044 οὐκ
356 992 590 1062 ἔδραμεν
619 990 778 1063 ἔργα,
795 992 908 1045 ἀλλ’
923 992 981 1057 ὃς
1003 993 1123 1046 οὐδὲ
1140 995 1199 1049 ἐν
1218 997 1284 1066 τῇ
1298 995 1472 1073 ,βουλῇ
1490 997 1669 1057 αὐτῶν
1682 1000 1811 1053 ἐπο-

231 1079 432 1151 ρεύθη·
472 1080 595 1152 μηδ’
624 1081 709 1135 ὅτι
742 1081 959 1153 χείρους
1005 1083 1204 1159 ἔχομεν
1235 1086 1657 1159 σεμνυνώμεθα,
1692 1088 1812 1143 ἀλλ’

228 1166 286 1220 εί
312 1186 475 1223 τινων
520 1170 783 1236 ἐλάττους
823 1172 1194 1246 ἐλεγχθῶμεν.
1230 1177 1654 1251 αἰσχυνώμεθα*
1684 1182 1810 1239 ἐπεὶ

228 1263 327 1314 καὶ
352 1264 609 1334 ἀριστεὺς
628 1265 727 1336 οὐχ
752 1265 881 1320 ὅταν
898 1265 1247 1334 λειποταξίας
1266 1270 1365 1341 οὐχ
1394 1270 1530 1343 ἅλῳ,
1550 1272 1661 1329 οὐδ’
1680 1274 1809 1329 ὃταν

226 1352 341 1405 τῶν
372 1355 624 1423 φυγάδων
652 1358 751 1427 οὐχ
774 1358 955 1430 ἧττων
980 1359 1143 1432 ὀφθῇ,
1170 1363 1366 1432 σεμνὸς
1386 1365 1481 1418 καὶ
1505 1365 1802 1439 περίϐλεπ-

228 1462 355 1509 τος·
382 1447 499 1501 ἀλλ’
530 1449 698 1503 ἐπειδ²
729 1449 797 1506 ἂν
842 1450 952 1505 τῶν
985 1454 1410 1525 συστρατιωτῶν
1464 1459 1730 1527 κρείττων
1749 1460 1809 1513 ἐν

228 1536 494 1607 πολέμοις
539 1538 789 1612 ἀναφανῇ
848 1541 941 1594 καὶ
977 1540 1086 1596 τῶν
1129 1544 1341 1616 ἐχθρῶν
1375 1547 1650 1621 κρατήσῃ,
1684 1548 1807 1605 τότε

228 1629 475 1693 καὶτοὺς
508 1630 811 1699 στεφάνους
858 1633 1007 1687 ἐστὶν
1039 1634 1394 1706 ἀναδέχεσθαι
1419 1638 1660 1701 δίκαιος·
1694 1640 1807 1709 ναὶ,

226 1719 423 1787 δέομαι
468 1722 561 1774 καὶ
613 1722 920 1793 παρακαλῶ
965 1724 1158 1790 δεῖξον,
1212 1727 1275 1781 τὸ
1313 1726 1467 1792 τέλος
1518 1727 1670 1794 ἀξιον
1707 1729 1807 1800 τῆς

225 1812 427 1881 ἀρχῆς,
481 1811 631 1879 ἄξιον
675 1815 785 1866 τῶν
838 1814 1096 1884 ἀγώνων·
1128 1815 1175 1870 ὣ
1225 1818 1409 1872 πόσων
1461 1819 1804 1889 στεναγμῶν,

224 1905 413 1955 πόσων
437 1903 691 1975 δακρύων
721 1906 777 1958 ἐν
814 1905 1043 1976 πελάγει
1078 1908 1178 1979 μὲν
1210 1908 1421 1981 μέσονει
1474 1911 1804 1983 πνευμάτων

225 1994 325 2047 καὶ
370 1993 538 2064 ζάλης
593 1997 987 2068 ούριοδρομείν,
1021 2000 1159 2070 πρὸς
1200 1999 1347 2071 αὐτῷ
1380 2001 1439 2057 δὲ
1466 2001 1547 2074 τῷ
1603 2000 1807 2072 λιμένι,

226 2088 760 2152 καταποντίζεσθαι·
837 2092 933 2145 καὶ
988 2092 1228 2164 πόλεμον
1277 2094 1375 2165 μὲν
1422 2097 1647 2167 κρατεῖν
1700 2094 1808 2148 τῶν

225 2178 461 2251 ἐχθρῶν,
488 2179 598 2234 τῶν
624 2182 681 2235 δέ
717 2183 995 2253 τροπαίων
1042 2185 1226 2250 αὐτοῖς
1258 2186 1681 2254 ὑπεξίστασθαι·
1712 2188 1808 2242 καὶ

225 2271 323 2322 τὸν
370 2272 561 2337 ἀγῶνα
613 2271 714 2343 μὲν
739 2275 799 2327 ἐν
847 2275 926 2347 τῷ
980 2276 1181 2348 σταδίῳ
1230 2276 1500 2350 λαμπρῶς
1531 2280 1805 2347 ἐνεγκεῖν,

227 2360 369 2442 πρὸς
389 2361 447 2414 δὲ
472 2362 599 2425 τοὺς
632 2364 931 2434 στεφάνους
954 2367 1388 2436 μαλακίζεσθαι·
1415 2369 1561 2439 ὑμᾶς
1584 2370 1641 2424 δὲ
1668 2370 1803 2442 ἄρα,

227 2440 274 2500 ὦ
304 2448 401 2518 τῆς
423 2448 623 2520 ἀρετῆς
644 2452 896 2522 ἐρασταὶ,
942 2455 1039 2508 καὶ
1069 2459 1173 2529 τῆς
1218 2458 1502 2523 εὐσεϐείας
1535 2440 1801 2531 κήρυκες,

228 2540 323 2590 καὶ
350 2539 449 2609 τῆς
480 2541 738 2612 ἀληθείας
761 2548 1158 2616 προασπιοταὶ,
1192 2547 1380 2620 ὥσπερ
1404 2550 1462 2602 ἐν
1486 2552 1598 2615 τοῖς
1619 2551 1805 2616 ἄλλοις

226 2630 457 2695 ἅπασιν,
503 2633 647 2688 οὕτω
688 2637 783 2689 καὶ
835 2637 935 2691 τοῦ
995 2640 1266 2710 παρόντος
1304 2642 1504 2711 ἄλγους
1544 2644 1804 2716 εὑρήσειν

227 2719 456 2790 ἔμελλον
485 2723 853 2796 παραψυχήν·
878 2727 938 2780 οὐ
997 2729 1159 2799 μόνον
1194 2731 1275 2784 ὅτι
1330 2732 1543 2801 πέφυκε
1596 2733 1658 2787 τδ
1706 2734 1800 2787 λυ-

227 2807 367 2860 ποῦν
388 2811 501 2873 τοῖς
545 2811 722 2879 φίλοις
782 2814 1259 2889 ἐκκαλυπτόμενον
1292 2819 1596 2891 διαχεῖσθαι
1624 2824 1652 2864 ι)
1684 2842 1803 2890 πως

225 2901 339 2961 τοῖς
373 2898 586 2969 λόγοις,
635 2903 732 2959 καὶ
772 2898 886 2958 οἷον
932 2908 1414 2980 συνεξατμίζεσθαι
1455 2928 1470 2943 ·
1503 2913 1639 2968 ἀλλά
1708 2917 1803 2971 καὶ

228 2989 452 3058 μᾶλλον,
491 2992 626 3047 διότι
668 2996 912 3064 μεγάλας
945 2998 1170 3069 ἐλπίδας
1197 3000 1305 3072 ἔχω
1328 3002 1416 3056 διά
1463 3004 1572 3058 τῶν
1601 3006 1801 3077 ὑμετέ-

228 3100 340 3152 ρων
377 3084 559 3153 σοφῶν
588 3088 683 3143 καὶ
714 3087 894 3142 καλῶν
915 3091 1141 3161 ἐπῳδῶν
1177 3110 1237 3147 τε
1273 3095 1367 3150 καὶ
1391 3098 1793 3168 παραινέσεων,

225 3173 424 3229 θᾶττον
446 3176 865 3251 ἀναῤῥωσθῆναι
890 3182 979 3234 τὸν
1006 3182 1199 3254 ἄνδρα,
1235 3186 1332 3240 καὶ
1369 3187 1462 3241 τὸν
1492 3188 1589 3243 τοῦ
1622 3190 1799 3258 ὄφεως

1909 627 2091 682 citudo
2145 627 2272 682 talia
2326 634 2534 682 causat.
2568 625 2745 681 Labor
2796 643 2949 683 meus
2976 628 3118 682 circa
3178 636 3251 690 te.
3278 628 3346 683 de
3368 629 3477 685 vita

1909 719 2065 777 dolor
2121 719 2329 773 viscera
2377 734 2498 774 mea
2543 727 2797 789 penetrat
2850 717 3136 774 interiora.
3165 718 3366 784 Quare,
3432 721 3480 775 si

1909 826 2047 872 mea;
2079 810 2206 866 vita:
2239 810 2335 865 tibi
2368 825 2501 866 cura
2539 818 2624 863 est
2654 809 2759 864 ulla
2787 810 2886 879 (et
2924 820 3072 866 certe
3112 826 3223 863 non
3278 812 3480 880 proba-

1908 914 1999 960 tur
2038 906 2158 959 Tnon
2201 919 2322 959 esse
2372 902 2468 959 tibi
2507 902 2712 971 curae),
2744 902 2856 956 noli
2909 902 3169 972 deinceps
3212 902 3481 971 ejusmodi

1907 996 2112 1066 aliquid
2152 995 2209 1051 in
2267 994 2717 1051 deliberationem
2767 994 3078 1050 admittere.
3152 994 3349 1049 Beatus
3393 995 3482 1048 ille

1905 1090 2013 1155 vir,
2040 1104 2151 1144 non
2180 1088 2273 1158 qui
2310 1103 2651 1157 nequaquam
2696 1087 2933 1145 cucurrit
2977 1088 3043 1142 ad
3078 1088 3263 1141 illicita
3310 1089 3480 1141 malo-

1907 1198 2030 1241 rum
2067 1197 2253 1253 opera,
2286 1181 2381 1239 sed
2409 1180 2501 1251 qui
2532 1195 2602 1235 ne
2644 1181 2863 1251 quidem
2898 1180 3123 1235 incessit
3160 1181 3216 1235 in
3248 1181 3481 1237 concilio

1907 1274 2340 1345 malignantium.
2360 1272 2472 1330 Nec
2498 1275 2643 1342 quod
2669 1275 2801 1334 sint,
2828 1289 2990 1343 quam
3016 1289 3113 1328 nos
3140 1290 3350 1337 sumus,
3380 1275 3483 1328 de-

1908 1365 2139 1424 teriores
2178 1364 2288 1433 alii,
2334 1364 2647 1434 gloriemur,
2698 1365 2796 1419 sed
2839 1365 2886 1419 si
2921 1364 3196 1433 aliquibus
3241 1365 3479 1435 impares

1905 1457 2269 1520 inveniamur,
2294 1457 2498 1527 pudore
2543 1455 2926 1512 sull‘undimur.
2955 1455 3088 1511 Nam
3146 1467 3203 1511 et
3240 1458 3477 1527 optimus

1905 1548 2064 1603 miles
2090 1547 2235 1603 baud
2259 1547 2504 1601 desertor
2528 1547 2831 1610 convictus,
2863 1560 2966 1601 nec
2994 1546 3137 1617 quod
3168 1562 3291 1599 cum
3338 1546 3480 1616 fugi-

1905 1641 2032 1697 tivis
2060 1649 2371 1701 censeatur.
2401 1640 2580 1695 clarus
2608 1639 2807 1695 obinde
2849 1648 2905 1693 et
2935 1638 3161 1693 illustris
3194 1640 3272 1705 ﬁt,
3304 1641 3399 1695 sed
3431 1639 3477 1694 si

1903 1731 2048 1792 bello
2075 1730 2422 1799 praestantior
2453 1745 2617 1799 quam
2646 1730 3079 1785 commilitones:
3108 1731 3153 1785 si
3193 1730 3478 1785 victoriam

1907 1822 1975 1879 de
2010 1821 2263 1877 hostibus
2302 1820 2621 1891 reportavit,
2667 1828 2782 1875 tum
2842 1820 3041 1892 dignus
3079 1821 3357 1890 iudicatur
3384 1822 3480 1891 qui

1909 1920 2217 1967 coronetur.
2264 1911 2465 1965 Hortor
2520 1920 2702 1967 autem
2743 1919 2905 1980 atque
2951 1911 3205 1974 obsecro,
3251 1912 3482 1967 ostende

1909 2005 2071 2061 ﬁnem
2114 2002 2382 2074 principio
2416 2002 2664 2073 dignum,
2704 2002 2929 2072 dignum
2981 2003 3391 2057 certaminibus.
3435 2002 3482 2058 0

1907 2104 2172 2169 quantum
2212 2096 2364 2155 adest
2387 2094 2619 2167 gemitus
2653 2103 2708 2151 et
2740 2095 3120 2165 lacrymarum,
3150 2094 3197 2147 si
3227 2094 3281 2147 in
3313 2095 3479 2148 mari—

1906 2190 1994 2249 nis
2021 2188 2295 2253 ﬂuctibus,
2324 2188 2469 2243 inter
2500 2196 2713 2252 ventos,
2747 2186 2803 2240 in
2830 2187 3150 2257 procellosis
3179 2196 3478 2256 tempesta-

1908 2282 2056 2337 tibus
2089 2289 2298 2335 rectum
2324 2288 2512 2335 tenere
2539 2293 2763 2332 cursum
2796 2277 3091 2347 possimus,
3129 2286 3185 2332 et
3227 2277 3280 2331 in
3319 2288 3480 2347 portu

1907 2372 2178 2443 patiamur
2201 2368 2545 2439 naufragium
2570 2369 2583 2422 ι
2613 2367 2799 2438 praelia
2824 2368 2870 2422 si
2897 2367 3179 2422 vincamus
3218 2367 3402 2421 hostes
3425 2376 3482 2422 et

1906 2460 2245 2533 depellamur
2268 2474 2300 2513 a
2351 2459 2596 2528 tropaeo!
2656 2457 2711 2513 in
2758 2457 2932 2514 stadio
2960 2473 3083 2511 eum
3118 2457 3275 2512 laude
3300 2466 3479 2512 certa-

1906 2569 2032 2610 men
2065 2551 2271 2618 subire,
2299 2559 2355 2606 et
2374 2550 2727 2607 emollescere
2763 2549 2833 2604 ad
2862 2548 3146 2604 bravium!
3192 2547 3301 2603 Vos
3326 2564 3477 2621 ergo,

1903 2658 1938 2705 ο
1962 2644 2186 2699 virtutis
2222 2652 2517 2706 amatores,
2542 2639 2791 2696 veritatis
2812 2638 2903 2710 qui
2930 2654 3208 2710 praet-ones
3236 2640 3388 2706 estis,
3425 2648 3481 2695 et

1904 2732 1962 2788 in
2012 2732 2184 2788 Deum
2231 2730 2450 2803 pietatis
2520 2729 2876 2795 defensores;
2926 2737 2989 2783 ut
3037 2738 3227 2783 contra
3279 2738 3478 2784 caetera

1901 2824 2286 2898 prtevaluistis,
2332 2824 2407 2880 ita
2471 2822 2595 2878 date
2639 2835 2882 2891 operam,
2933 2829 2989 2875 et
3026 2821 3217 2875 sedulo
3267 2820 3482 2875 incum-

1902 2918 2032 2979 bite.
2100 2926 2161 2971 ut
2215 2914 2360 2987 quod
2424 2922 2619 2984 exopto
2671 2912 2873 2968 doloris
2930 2910 3175 2966 habeatis
3204 2912 3482 2967 levamen-

1903 3018 2043 3065 tum.
2072 3008 2193 3064 Non
2220 3008 2289 3063 ob
2320 3022 2442 3062 eam
2472 3015 2684 3061 tantum
2707 3020 2952 3070 causam,
2978 3005 3106 3074 quia
3134 3004 3280 3074 quod
3310 3004 3484 3069 dolet,

1903 3101 2097 3156 amicis
2117 3099 2163 3155 si
2187 3108 2512 3169 exponatur,
2542 3095 2746 3153 dilIindi
2773 3096 3007 3167 quodam
3043 3095 3208 3150 modo
3231 3111 3329 3164 per
3362 3112 3485 3150 ser-

1901 3206 2091 3247 mones
2102 3190 2321 3262 poterit,
2341 3196 2453 3255 aut,
2472 3187 2623 3243 utsic
2638 3187 2838 3253 dicam,
2859 3185 3139 3256 evaporari
3165 3202 3179 3251 ;
3199 3184 3295 3240 sed
3314 3185 3483 3238 multo

222 3240 772 3338 ψιθυρισμὸν-τέλεον
808 3240 1258 3345 ἀποστραφέντα,
1305 3282 1502 3349 μηκέτι
1536 3240 1796 3352 chi—.130:
1824 3240 1867 3302 C

223 3358 321 3426 λῆς
344 3359 675 3431 ἀνασχέσθαι
704 3364 1120 3435 στασιαζούσης,
1143 3368 1269 3432 τοὺς
1290 3368 1483 3439 ὀρθοὺς
1504 3369 1798 3442 λογισμοὺς

1900 3278 2073 3349 magis
2100 3277 2245 3347 quod
2283 3292 2436 3346 spem
2480 3275 2749 3349 egregiam
2805 3275 3076 3344 concipio,
3123 3273 3365 3328 futurum
3426 3283 3484 3328 ut

1899 3370 2097 3425 vestris
2118 3367 2478 3439 prudentibus
2504 3367 2611 3422 illis
2630 3375 2684 3421 et
2712 3365 2989 3434 praeclaris
3014 3363 3483 3419 admonitionibus

223 3454 319 3508 καὶ
352 3457 434 3519 είς
458 3456 755 3529 δισταγμὸν
789 3461 1244 3533 μετακλινούσης,
1275 3463 1569 3534 πτώματος
1596 3467 1793 3535 αἴτιον,

1903 3472 1954 3517 et
1975 3458 2503 3516 insusurrationibus
2523 3456 2986 3513 corroborandum
3019 3455 3319 3518 hominem,
3361 3470 3482 3508 ser-

224 3547 341 3600 ἁλλ’
372 3551 452 3612 είς
483 3549 582 3620 τὴν
631 3553 906 3624 προτέραν
948 3554 1405 3626 ἐπαναδραμόντα
1455 3555 1793 3627 τελειότητα,

1903 3553 2078 3623 pentis
2097 3552 2242 3606 illius
2263 3551 2465 3605 dilIlato
2489 3549 2649 3605 sibilo
2670 3548 2827 3618 quasi
2852 3547 3096 3602 consiliis
3118 3546 3346 3600 ulterius
3368 3561 3477 3598 non

223 3642 473 3694 ἄσειστον
494 3642 587 3695 καὶ
616 3643 909 3715 ἀκλόνητον
958 3647 1017 3698 ἐν
1055 3648 1122 3717 τῇ
1173 3647 1378 3718 στερρᾆ
1412 3648 1506 3700 καὶ
1556 3648 1799 3719 ἀρραγεί

1903 3643 2205 3721 pariturum
2227 3656 2416 3696 eorum
2440 3639 2534 3710 qui
2556 3639 2804 3695 fecerunt
2821 3638 3217 3703 secessionem;
3238 3636 3329 3706 qui
3348 3651 3481 3690 con-

222 3731 323 3798 τῆς
379 3732 669 3802 ὁμολογίας
718 3737 957 3806 Χριστοῦ
996 3738 1395 3810 διαῃρηθῆναι
1448 3740 1647 3812 πέτρᾳ,
1705 3740 1797 3796 διὰ

1905 3734 2025 3803 silia
2043 3744 2191 3790 recta
2211 3743 2265 3788 et
2280 3733 2483 3803 optima
2500 3732 2568 3788 ab
2592 3731 2989 3786 dubitationem
3007 3729 3289 3784 inﬂectunt
3308 3728 3479 3783 ruinae

224 3820 340 3889 βίου
384 3822 583 3886 παντὸς
610 3825 707 3878 καὶ
734 3825 929 3894 λόγων.

1905 3829 2153 3883 daturam
2171 3825 2534 3887 occasionem,
2552 3824 2647 3879 sed
2664 3823 2730 3879 ad
2751 3824 2989 3894 priorem
3012 3823 3376 3893 integritatem
3403 3837 3483 3875 re-

222 3917 551 3983 versum,ita
573 3918 1245 3988 utimmotusetinllexns,
1264 3922 1320 3977 in
1336 3922 1660 3979 Christianae
1698 3923 2062 3983 confessionis
2097 3931 2248 3994 Petra
2275 3921 2445 3976 solida
2485 3930 2542 3976 et
2562 3918 2796 3975 infracta
2832 3928 3207 3985 conservetur,
3235 3919 3291 3972 in
3329 3918 3481 3973 omni

222 4010 348 4063 vitae
371 4024 559 4075 cursu,
589 4016 645 4063 et
674 4025 987 4067 sermonum
1012 4014 1276 4070 varietate
1307 4025 1688 4071 conservatus.

315 4099 389 4154 Et
441 4117 534 4166 τις
575 4099 644 4154 δὲ
678 4102 1064 4173 παράκλησις
1106 4106 1179 4160 ἐν
1214 4106 1447 4175 Χριστῷ
1494 4107 1662 4177 (μετά
1704 4103 1798 4159 τοῦ

220 4192 513 4245 θεσπεσίου
547 4194 763 4248 Παύλου
796 4195 959 4264 ὑμῖν,
1006 4198 1103 4251 καὶ
1148 4198 1217 4254 δι’
1256 4199 1413 4269 ὑμῶν
1462 4202 1632 4255 πᾶσιν
1672 4200 1796 4252 ὑπι-

220 4284 519 4355 ῦοώμεθα),
550 4286 607 4337 εί
629 4303 684 4339 τι
715 4287 1090 4356 παραμύθιον
1125 4289 1388 4359 ἀγάπης,
1423 4291 1480 4344 ει
1506 4308 1598 4356 τις
1632 4307 1793 4343 κοιν-

218 4378 370 4430 ωνία
400 4378 766 4444 Πνεύματος,
816 4377 873 4431 sl
912 4395 1050 4431 τινα
1096 4380 1427 4449 σπλάγχνα
1475 4381 1575 4435 καὶ
1613 4383 1793 4435 οἰκτι-

1983 4102 2157 4169 Atque
2172 4099 2289 4154 hrec
2308 4098 2527 4168 quidem
2561 4097 2843 4155 hactenus.
2872 4094 3022 4162 Quod
3040 4096 3087 4151 si
3104 4106 3281 4152 autem
3299 4098 3481 4169 aliqua

1903 4195 1970 4248 sit
2003 4191 2290 4247 consolatio
2315 4192 2371 4244 iu
2406 4190 2614 4245 Christo
2646 4190 2708 4255 η,
2735 4191 2810 4245 ita
2826 4190 2975 4247 enim
3012 4191 3242 4246 vocibus
3311 4192 3482 4248 divini

1902 4286 2055 4341 Pauli
2080 4285 2238 4343 vobis
2272 4282 2548 4355 sigillatim
2584 4282 2931 4349 inclamabo;
2974 4283 3020 4337 si
3054 4285 3192 4353 quod
3230 4284 3483 4359 solatium

1901 4378 2194 4441 charitatis,
2225 4376 2270 4430 si
2304 4390 2421 4446 qua:
2441 4374 2658 4444 spiritus
2689 4377 2933 4439 societas,
2964 4376 3008 4429 si
3037 4391 3154 4446 qua:
3190 4377 3483 4431 miseratio-

211 4469 377 4537 ρμοὶ,
413 4469 771 4538 πληρώσατέ
824 4487 945 4539 μου
1001 4469 1119 4539 τὴν
1167 4471 1396 4540 χαράν·
1450 4472 1560 4537 ἴνα,
1607 4470 1797 4541 ὥσπερ

1903 4470 1983 4523 nis
2026 4469 2245 4534 viscera,
2307 4483 2394 4521 vos
2440 4464 2725 4534 adimplete
2770 4467 3026 4535 gaudium
3079 4483 3252 4521 meum
3282 4468 3365 4533 ¹⁹;
3420 4476 3482 4525 ιιι

223 4562 388 4631 μέχρι
438 4560 532 4614 νῦν
553 4602 570 4625 ,
606 4561 758 4615 οὕτω
811 4562 911 4615 καί
965 4560 1312 4629 διαπαντὸς.
1340 4563 1408 4617 τὸ
1441 4564 1589 4619 αὐτὸ
1619 4580 1792 4633 φρον-

220 4653 350 4719 ῆτε,
400 4653 472 4707 ἐν
514 4652 608 4706 ἐνὶ
652 4655 947 4724 πνεύματι
1014 4655 1116 4709 καὶ
1172 4653 1282 4726 μιᾷ
1347 4654 1522 4725 ψυχῇ
1571 4660 1798 4711 συναθ-

219 4745 477 4811 λοῦντες
532 4744 643 4814 τῆς
694 4746 985 4813 ἀληθείας
1034 4745 1117 4813 τῷ
1149 4748 1501 4817 κηρύγματι,
1555 4748 1655 4802 καί
1702 4747 1791 4817 μὴ

219 4838 627 4906 πτυρόμενοιε
677 4837 747 4890 ἐν
797 4838 1015 4906 μηδενί
1084 4839 1206 4894 ὑπὸ
1270 4838 1393 4893 τῶν
1459 4838 1796 4909 ἀντικειμέ-

218 4945 345 4980 νων
364 4943 379 4957 ·
414 4927 549 4996 ἣτις
586 4928 793 4994 αὐτοῖς
817 4928 932 4997 μέν
960 4930 1134 4983 ἐστιν
1158 4929 1416 4997 ἔνδειξις
1469 4931 1793 4997 ἀπωλείας,

218 5018 365 5086 ὑμῖν
422 5017 491 5071 δὲ
546 5020 871 5088 σωτηρίας,
943 5021 1257 5076 καὶτοῦτο
1315 5021 1437 5077 ἀπὸ
1482 5023 1671 5076 Θεοῦ·
1706 5023 1797 5076 ὅτι

221 5110 369 5179 ὑμῖν
390 5110 687 5178 ἐχαρίσθη
740 5108 852 5181 [τὸ]
890 5112 1013 5165 ὑπὸ
1062 5112 1345 5180 Χριστοῦ,
1381 5115 1455 5167 οὐ
1504 5114 1702 5183 μόνον
1728 5114 1794 5168 τὸ

220 5202 309 5267 είς
345 5201 537 5254 αὑτὸν
584 5202 914 5264 πιστεύειν,
947 5202 1109 5256 ἀλλὰ
1161 5203 1262 5257 καί
1314 5204 1383 5257 τὸ
1417 5204 1571 5273 ὑπὲρ
1606 5206 1795 5259 αὐτοῦ

220 5291 509 5373 πάσχειν.
528 5292 639 5348 Καὶ
672 5293 861 5346 ταῦτα
882 5295 996 5362 οὐχ
1020 5294 1102 5360 ὡς
1125 5295 1247 5348 τῶν
1293 5294 1455 5363 ἐμῶν
1482 5296 1794 5366 δεομένοις

220 5387 422 5453 λόγων
450 5384 837 5455 τράφω,ἁλλ’
886 5387 965 5453 ὡς
1019 5387 1356 5455 χρεωστῶν,
1418 5388 1649 5458 ἀλλάγε
1698 5389 1797 5443 καὶ

225 5476 541 5545 ἐφιέμενος
574 5477 719 5547 ὑμῖν
750 5479 1081 5545 κοινωνεῖν,
1120 5482 1267 5535 ἔνθα
1304 5482 1421 5550 μὲν
1467 5482 1640 5535 καλεῖ
1676 5500 1797 5535 και-

214 5567 353 5636 ρὸς,
382 5569 592 5637 αὐτοῖς
617 5572 811 5641 ἔργοις
849 5572 947 5625 καί
987 5571 1214 5639 ἄθλοις,
1246 5574 1385 5629 ἀλλ’
1408 5574 1547 5627 ὅτεά
1573 5575 1641 5629 δὲ
1696 5574 1795 5628 καί

297 5684 341 5716 η
380 5684 579 5754 Philip.
607 5699 668 5754 ιι,
701 5686 753 5740 ι.

1901 4557 2359 4630 quemadmodum
2393 4558 2499 4612 huc
2520 4572 2715 4626 usque,
2738 4558 2814 4611 sic
2836 4574 3041 4626 semper
3068 4558 3207 4612 idem
3234 4560 3478 4628 sapiatis,

1899 4650 1957 4703 in
1983 4663 2085 4701 uno
2113 4647 2302 4715 spiritu
2328 4646 2651 4700 unanimiter
2688 4646 3067 4701 collaborantes
3099 4650 3357 4716 prccconio
3396 4660 3481 4703 ve-

1900 4740 2100 4804 ritatis,
2132 4748 2189 4792 ut
2212 4754 2482 4808 nunquam
2502 4739 2567 4792 ab
2596 4740 2914 4793 adversariis
2945 4740 3253 4794 terreamini
3272 4757 3291 4794 :
3328 4740 3478 4805 Quod

1900 4831 2010 4886 iilis
2043 4831 2285 4885 concedet
2318 4831 2375 4884 in
2416 4831 2826 4897 damnationem,
2864 4833 3001 4888 vobis
3040 4834 3095 4885 in
3118 4832 3340 4885 salutent
3374 4832 3478 4885 im-

1896 4925 2189 4995 putabitur,
2238 4925 2391 4994 idque
2430 4924 2537 4978 Deo
2575 4935 2856 4993 operante;
2883 4927 3006 4995 quia
3044 4926 3184 4979 vobis
3222 4926 3477 4982 donatum

1898 5026 1973 5072 est
2000 5036 2034 5072 a
2063 5016 2288 5083 Christo,
2317 5033 2421 5070 non
2457 5017 2625 5069 solum
2672 5018 2805 5069 utin
2832 5018 2983 5069 illum
3021 5019 3269 5079 credatis,
3300 5020 3390 5072 sed
3422 5028 3479 5072 ut

1898 5128 1993 5182 pro
2017 5110 2109 5163 illo
2144 5110 2445 5179 patiamini.
2480 5108 2590 5162 Ista
2621 5119 2798 5163 autem
2834 5111 3038 5179 scripsi,
3063 5127 3165 5163 non
3192 5113 3330 5182 quod
3368 5130 3481 5167 sero

1898 5204 2135 5259 monibus
2160 5204 2291 5257 meis
2329 5202 2631 5272 indigeatis,
2670 5203 2760 5256 sed
2810 5213 3083 5272 propterea
3109 5207 3247 5267 quod
3272 5208 3476 5260 deside-

1902 5312 2033 5358 rem,
2063 5294 2250 5365 quippe
2269 5294 2471 5347 debitor
2491 5293 2732 5363 quwdam
2770 5294 3028 5348 vobiscum
3068 5300 3477 5362 communicare,

1902 5387 1992 5440 ubi
2036 5386 2192 5456 fuerit
2243 5384 2466 5447 occasio,
2502 5399 2657 5453 opere
2690 5384 2801 5452 ipso
2842 5391 2897 5437 et
2936 5386 3349 5445 concertatione;
3383 5401 3479 5439 nec

1904 5479 2060 5549 factis
2092 5486 2298 5531 tantum
2322 5476 2410 5529 sed
2432 5475 2694 5528 interdum
2714 5484 2764 5528 et
2794 5474 2959 5530 verbis
2986 5476 3052 5529 ¹¹.
3105 5474 3203 5529 Vos
3232 5477 3393 5539 enim,
3420 5484 3481 5529 ut.

1904 5588 2027 5629 cum
2058 5571 2269 5625 Joanne
2298 5567 2575 5639 Theologo
2598 5567 2796 5635 dicam,
2829 5568 3027 5623 habetis
3055 5585 3089 5622 α
3132 5576 3315 5622 sancto
3353 5564 3478 5637 Spi-

850 5686 895 5718 ‘°
923 5687 1053 5743 ibid.
1072 5687 1128 5740 2.
1204 5689 1245 5720 ³⁸
1268 5688 1467 5759 Philip.
1497 5690 1638 5755 ",2;
1679 5705 1715 5753 ι,
1742 5688 1812 5743 29
1848 5698 1901 5743 et
1933 5687 2157 5759 passim.

1520 5806 1751 5859 VARI/IS
1785 5804 2189 5860 LECTIUNES.

302 5907 329 5936 α
361 5897 447 5952 ισ.
482 5896 775 5967 ἀνάμεσον.
847 5897 873 5939 b
910 5896 1322 5967 συνδιαχεῖςθαι.

1405 5912 1424 5939 ε
1460 5902 1766 5971 συρόμενος,
1800 5902 1881 5957 vel
1904 5900 2280 5969 πυρούμενοι.
2355 5899 2378 5939 ά
2416 5901 2621 5953 ἄλλοτε.
