4004 6424
574 417 682 481 763

1728 432 1993 495 PHOTII
2034 434 2536 504 PATRIARCH/E
2572 445 2680 508 CP.

3724 450 3819 515 764

572 532 681 584 ritu
722 529 1017 585 unctionem
1058 551 1071 588 :
1106 550 1289 605 porro,
1354 554 1515 608 quam
1561 542 1855 611 accepistis,
1892 545 2067 598 unctio
2096 547 2151 600 in

2264 552 2383 621 τοῖς
2396 553 2652 625 ῥήμασιέ
2697 559 2809 613 Kal.
2870 560 2981 629 γὰρ
3019 560 3189 631 ὑμεῖς
3227 562 3393 633 (μετά
3433 562 3531 618 τοῦ
3578 564 3819 634 θεολόγου

573 625 716 677 vobis
747 635 943 691 manet,
972 644 1065 680 nec
1097 645 1226 697 opus
1257 640 1334 704 est
1373 642 1429 684 ut
1462 636 1741 703 quisquam
1787 652 1876 691 vos
1922 639 2157 704 erudiat,

570 718 665 769 sed
696 718 831 772 sicut
868 721 1051 774 eadem
1082 725 1257 776 unctio
1294 702 1440 778 docet
1474 702 1662 792 vos,iet
1684 729 1819 782 sicut
1860 747 1950 785 vos
1980 734 2159 787 docuit

574 820 785 863 manete
821 813 875 866 in
907 829 985 878 eo,
1004 822 1060 866 ut
1104 830 1221 868 cum
1246 818 1560 885 apparuerit
1610 817 1779 875 Filius
1805 820 1923 886 Dei,
1958 824 2156 878 habea-

573 913 693 949 mus
731 898 997 966 ﬁduciam,
1034 917 1125 955 nec
1168 906 1556 974 confundamur
1592 908 1648 960 in
1691 909 1917 965 adventu
1967 912 2081 981 ejus
2111 915 2172 972 ⁸¹.

576 986 732 1044 Pacis
755 1002 936 1046 autem
968 1004 1153 1049 custos
1182 1004 1343 1065 atque
1372 1013 1490 1063 rex,
1510 1001 1601 1071 qui
1622 1004 1786 1058 vitam
1809 1004 1968 1059 nobis
1988 1006 2158 1074 dedit,

578 1090 636 1137 et
671 1083 918 1137 eamdem
959 1097 1247 1142 conservat
1278 1104 1292 1141 :
1333 1089 1397 1143 In
1432 1107 1534 1161 quo
1588 1094 1838 1160 vivimus,
1872 1112 2161 1165 movemur,

574 1188 759 1226 sumus
793 1173 862 1238 ”,
886 1175 1046 1245 cuius
1078 1179 1283 1234 amoris
1317 1182 1574 1247 vinculis,
1616 1200 1721 1240 nec
1750 1184 2163 1246 dissolubilibus

581 1267 864 1322 constricti
888 1278 1137 1325 tenemur
1164 1271 1292 1329 :ille
1322 1275 1578 1347 princeps
1606 1279 1882 1346 sacerdos,
1908 1280 2163 1350 idemque

579 1374 831 1427 magnus,
863 1359 1112 1417 Christus
1136 1380 1334 1436 nempe
1354 1383 1517 1421 verus
1542 1379 1724 1423 noster
1750 1370 1919 1425 Dens:
1941 1370 2043 1437 Qui
2068 1388 2162 1428 nos

576 1445 644 1497 de
677 1462 780 1498 non
814 1448 1026 1517 populo,
1053 1453 1301 1520 populum
1345 1458 1609 1511 constituit
1657 1461 2035 1530 acquisitionis,
2070 1479 2163 1532 per

579 1540 889 1607 sanguinem
939 1546 1211 1611 proprium
1236 1546 1320 1601 ἰς
1353 1562 1457 1602 nec
1504 1550 1762 1618 populum
1819 1553 2156 1623 simpliciter,

581 1629 682 1681 sed
706 1630 975 1696 dilectam,
1004 1635 1097 1689 sed
1134 1646 1336 1705 gentem
1361 1641 1732 1703 sanctam,sed
1767 1643 1941 1714 regale
1981 1659 2159 1698 sacer-

583 1720 805 1785 dotium,
846 1738 965 1790 quae
998 1725 1285 1783 incﬂ‘abilis
1313 1730 1456 1785 illius
1489 1732 1703 1787 bonitas
1745 1745 1851 1801 est,
1898 1736 2036 1804 ﬁlios
2067 1754 2159 1792 nos

2259 645 2427 714 φάναι
2503 649 2773 725 Ἰωάννου)
2821 653 3052 723 χρίσμα
3096 655 3263 725 ἔχετε
3302 656 3424 710 ἀπὸ
3492 656 3601 712 τοῦ
3656 657 3819 728 ἁγίου

2260 739 2628 811 Πνεύματος,
2653 744 2769 811 καὶ,
2799 745 2872 799 Τὸ
2896 746 3127 817 χρίσμα
3163 747 3196 800 ὃ
3223 747 3471 805 ἐλάϐετε
3494 748 3600 804 ἀπ’
3623 752 3820 818 αὐτοῦ,

2258 832 2329 886 ἐν
2349 834 2495 905 ὑμῖν
2523 834 2713 905 μένει,
2742 836 2846 890 καὶ
2871 837 3076 893 οῖδατε
3098 838 3318 906 πάντα,
3362 842 3461 896 καὶ
3493 843 3567 896 οὐ
3626 843 3822 911 χρείαν

2259 924 2451 996 ἔχετε,
2476 928 2579 984 ἵνα
2609 947 2700 996 τις
2743 929 3005 1001 διδάσκῃ
3037 930 3215 1003 ὑμᾶς,
3267 933 3410 988 ἀλλ’
3458 934 3541 1001 ὡς
3589 939 3657 989 τὸ
3688 937 3821 991 αὐτὸ

2259 1018 2486 1090 χρίσμα
2510 1019 2785 1075 διδάσκει
2811 1019 2970 1092 ὑμᾶς
2997 1023 3131 1091 περὶ
3155 1023 3402 1079 πάντων
3425 1041 3440 1056 ·
3494 1026 3599 1079 καὶ
3640 1027 3820 1092 καθὼς

2259 1108 2539 1175 ἐδίδαξεν
2564 1109 2745 1180 ὑμᾶς,
2781 1110 2994 1181 μένετε
3021 1111 3093 1167 ἐν
3117 1112 3279 1179 αὐτῷ
3297 1130 3313 1145 ·
3347 1114 3448 1169 ἵνα
3472 1114 3627 1170 ὅταν
3646 1134 3821 1186 φανε-

2253 1198 2422 1270 ρωθῇ
2445 1202 2479 1254 δ
2505 1200 2638 1267 Υἱὸς
2657 1200 2766 1255 τοῦ
2791 1200 2963 1267 Θεοῦ,
2994 1201 3226 1271 ἔχωμεν
3246 1205 3614 1273 παρρησίαν,
3637 1208 3820 1277 καὶμὴ

2261 1289 2688 1362 αἰσχυνθῶμεν
2714 1291 2817 1347 ἀπ’
2855 1293 3043 1349 αὐτοῦ
3078 1295 3149 1348 ἐν
3175 1293 3255 1363 τῇ
3273 1296 3583 1364 παρουσίᾳ
3612 1297 3819 1352 αὑτοῦ·

2260 1384 2289 1437 6
2318 1382 2375 1436 δὲ
2394 1383 2494 1454 τῆς
2524 1385 2748 1457 εἰρήνης
2772 1385 2976 1457 ταμίας
3006 1385 3101 1441 καὶ
3125 1386 3379 1457 βασιλεὺς
3400 1429 3417 1452 ,
3471 1389 3501 1441 6
3531 1388 3637 1458 τῆς
3688 1388 3820 1460 ζωῆς

2259 1472 2418 1545 ήμῶν
2442 1474 2614 1538 αίτιος
2649 1475 2744 1528 καὶ
2777 1477 3056 1546 συνοχεὺς,
3107 1477 3179 1530 ἐν
3204 1470 3252 1544 ᾧ
3281 1476 3468 1547 ζῶμεν
3496 1479 3599 1532 καὶ
3639 1480 3819 1533 κινού-

2254 1568 2410 1633 μεθα
2434 1565 2533 1619 καὶ
2565 1564 2784 1634 ἐσμέν·
2818 1560 2878 1620 οὗ
2910 1568 3024 1631 τοῖς
3060 1566 3279 1632 ἀλύτοις
3302 1569 3523 1640 δεσμοῖς
3546 1572 3651 1641 τῆς
3699 1571 3819 1638 ἀγα-

2260 1658 2481 1727 πήσεως
2514 1657 2880 1729 συνδεδέμεθα
2903 1673 2918 1688 ⁸
2947 1661 2976 1713 6
3032 1660 3252 1727 πρῶτος
3299 1662 3397 1714 καὶ⁵
3432 1662 3613 1731 μέγας
3643 1664 3817 1732 ἀρχιε-

2263 1747 2411 1818 ρεὺς,
2434 1748 2670 1821 Χριστὸς
2694 1750 2722 1803 6
2753 1747 3004 1819 ἀληθινὸς
3029 1749 3162 1813 Θεὸς
3179 1750 3336 1822 ἡμῶν
3374 1767 3389 1782 ·
3421 1754 3456 1806 ὀ
3493 1752 3567 1817 ἐξ
3584 1753 3658 1807 οὐ
3678 1754 3815 1808 λαοῦ

577 1813 921 1879 constituens,
945 1816 1192 1883 hcercdes,
1220 1829 1267 1873 et
1290 1838 1466 1875 secum
1496 1825 1783 1880 cohwredes
1799 1844 1818 1880 :
1834 1828 1974 1896 apud
2006 1846 2157 1898 quem

2264 1813 2414 1895 llaér
2438 1813 2661 1895 οίκεῖον
2680 1813 2992 1910 ἡμᾶς-ἰδίῳ
3019 1813 3233 1912 αἵματι.
3259 1813 3677 1913 ποιησάμενος
3699 1861 3712 1874 ·
3737 1849 3819 1899 καὶ

583 1918 687 1954 non
712 1913 786 1956 est
814 1908 1073 1961 conversio
1092 1909 1171 1962 vel
1195 1911 1501 1968 inversionis
1533 1917 1717 1969 umbra
1738 1919 1955 1989 ":quos
1985 1919 2159 1974 incul-

2379 1891 2389 1895 ⁷
2949 1891 3053 1985 ’ἕαῖ
3071 1891 3530 2000 ἦγπαπημένουςῗ
3544 1891 3820 1999 καὶὶὲθνος

587 2002 744 2061 patos
766 1996 835 2049 ad
854 1996 1013 2051 linem
1046 2016 1217 2071 usque
1248 2012 1331 2058 est
1362 2008 1750 2077 custoditurus,
1781 2014 2158 2083 constringens

458 2157 473 2173 .
587 2098 689 2137 nos
717 2084 932 2140 vinculo
960 2088 1108 2157 pacis
1134 2100 1189 2145 et
1208 2095 1432 2159 amoris,
1466 2095 1708 2154 formans
1739 2116 1840 2157 nos
1861 2102 1914 2156 in
1947 2105 2084 2174 ipso,
2103 2115 2160 2162 et

589 2172 733 2227 inter
754 2189 967 2232 nosmet
992 2190 1181 2236 mutuo
1208 2183 1430 2241 immota
1478 2198 1534 2243 et
1579 2190 1902 2248 inconcussa
1940 2197 2159 2265 pietatis

587 2268 856 2322 sententia
892 2273 1240 2335 constitutus,
1273 2293 1431 2332 unam
1456 2288 1511 2334 et
1538 2283 1781 2338 eamdem
1798 2300 1990 2342 omnes
2011 2291 2161 2361 cogi-

590 2357 852 2414 tationem
899 2364 1182 2433 habentes,
1234 2383 1400 2422 unum
1435 2370 1701 2438 dicentes,
1740 2376 1809 2430 ad
1850 2393 2016 2433 unum
2043 2357 2164 2451 pro.

588 2460 918 2520 spectantes,
959 2456 1028 2511 ad
1071 2458 1316 2514 hravium
1342 2477 1589 2532 supernae
1632 2468 1929 2525 vocationis
1971 2489 2161 2544 prope-

588 2548 801 2595 rantes:
831 2543 902 2598 ub
920 2547 1381 2618 primogenitorum
1412 2550 1649 2608 Ecclesia
1672 2559 1846 2613 est":
1884 2562 1971 2617 ubi
2011 2543 2160 2619 mar-

589 2638 765 2699 tyrum
784 2634 1003 2703 chorus,
1021 2641 1451 2708 patriarcharum
1485 2648 1868 2719 tabernacula;
1893 2656 1984 2709 ubi
2009 2673 2161 2713 men-

591 2726 803 2781 dacium
827 2742 934 2784 non
964 2734 1266 2789 antefertur
1295 2739 1531 2803 veritati,
1561 2757 1673 2797 non
1732 2754 1815 2799 est
1861 2751 2159 2818 contentio,

588 2821 850 2889 tyrannis,
887 2824 1110 2882 insanus
1148 2829 1328 2883 furor:
1361 2832 1456 2887 sed
1482 2833 1588 2888 alta
1621 2836 2056 2905 quies,veritatis
2083 2841 2161 2894 ir-

589 2912 899 2970 resistibilis
928 2918 1273 2986 pulchritudo
1301 2924 1449 2978 nullo
1469 2926 1697 2982 artiﬁcio
1722 2928 2119 2988 inobscuranda
2142 2950 2157 2987 :

590 3004 681 3057 ubi
733 3005 910 3074 quies,
944 3025 1069 3078 pax,
1126 3015 1438 3081 concordia,
1478 3018 1759 3076 beatarum
1797 3024 2065 3079 visionum
2107 3035 2163 3081 et

589 3095 1035 3155 inenarrabilium
1069 3108 1501 3174 spectaculorum
1526 3111 2157 3187 intuitus,participatio,

2264 2020 2457 2091 ἅγιον,
2499 2020 2942 2086 καίβασίλειον
2987 2020 3302 2091 ἱεράτευμα
3357 2022 3440 2091 (ὣ
3478 2023 3583 2093 τῆς
3630 2025 3817 2093 ἀφάτου

2264 2112 2674 2184 φιλανθρωπίας
2703 2113 2741 2183 !)
2772 2112 2873 2167 καὶ
2909 2113 3100 2178 υἱοὺς,
3142 2113 3241 2166 καί
3266 2114 3705 2182 κληρονόμους,
3738 2116 3819 2167 καὶ

2262 2207 2803 2276 συγκληρονόμους
2828 2205 3094 2276 θέμενος·
3126 2206 3262 2274 παρ’
3298 2225 3346 2274 ῳ
3378 2208 3493 2260 οὐκ
3514 2206 3649 2260 ἐστι
3687 2223 3816 2276 πσρ-

2262 2298 2503 2370 αλλαγὴ
2578 2298 2618 2369 ἣ
2686 2297 2916 2367 τροπῆς
2986 2299 3384 2369 ἀποσκίασμα
3429 2314 3446 2327 ⁸
3516 2300 3680 2362 αὐτὸς
3733 2299 3819 2362 ἓως

2262 2391 2452 2455 τέλους
2505 2392 2873 2462 ἀνεγκλήτους
2924 2393 3274 2462 συντηρήσει,
3329 2392 3655 2461 συσφίγγων
3691 2394 3819 2461 ἡμᾶς

2263 2488 2322 2539 ὲν
2352 2485 2432 2555 τῷ
2457 2486 2740 2556 συνδέσμῳ
2771 2484 2871 2554 τῆς
2896 2484 3121 2555 εἰρήνης
3155 2486 3251 2537 καὶ
3272 2484 3521 2555 ἀγάπης,
3562 2484 3817 2554 στηρίζων

2263 2581 2322 2633 ὲν
2351 2577 2499 2648 αὑτῷ
2528 2578 2622 2631 καὶ
2658 2579 2717 2631 ὲν
2752 2576 3000 2646 ἀλλήλοις
3026 2576 3083 2630 ὲν
3107 2576 3391 2647 ἁκλονήτῳ
3426 2578 3525 2629 καὶ
3554 2576 3820 2646 ἀσαλεὺτῳ

2263 2671 2362 2741 τῆς
2422 2669 2709 2733 εὐσεϐείας
2756 2668 3106 2739 φρονήματι,
3159 2670 3290 2739 μίαν
3351 2669 3448 2722 καὶ
3498 2668 3602 2739 τὴν
3660 2668 3813 2735 αὐτὴν

2267 2763 2501 2834 μελέτην
2534 2762 2781 2832 ἔχοντας,
2813 2760 2872 2813 ἓν
2925 2760 3206 2829 λέγοντας,
3241 2760 3379 2831 πρὸς
3416 2760 3477 2813 ἒν
3513 2759 3818 2831 ἀφορῶντας

2264 2856 2534 2921 ἅπαντας,
2566 2854 2704 2924 πρὸς
2754 2854 2817 2907 τὸ
2848 2853 3102 2925 βραϐεῖον
3136 2854 3533 2925 ἐπειγομένους
3584 2855 3681 2921 τῆς
3721 2852 3819 2905 ἀνω

2264 2947 2543 3017 κλήσεως·
2590 2946 2719 3000 ἔνθα
2758 2945 2868 2999 τῶν
2914 2947 3307 3015 πρωτοτόκων
3359 2946 3399 3014 ἠ
3462 2943 3815 3011 Ἐκκλησία·

2264 3038 2392 3093 ἔνθα
2411 3038 2561 3110 χοροὶ
2589 3036 2883 3109 μαρτύρων
2902 3054 2915 3068 ·
2950 3035 3080 3090 ἔνθα
3112 3036 3470 3107 πατριαρχῶν
3500 3035 3561 3089 αί
3598 3033 3815 3103 σκηναί·

2264 3131 2324 3185 ἐν
2351 3125 2433 3194 οἷς
2464 3131 2563 3184 οὐκ
2587 3130 2702 3184 ἔστι
2731 3129 2927 3200 ψεῦδος
2956 3128 3062 3200 πρὸ
3089 3128 3188 3199 τῆς
3210 3129 3471 3198 ἀληθείας
3493 3126 3813 3197 τιμώμενον,

588 3196 644 3243 et
682 3188 887 3257 fruitio,
920 3194 1227 3265 adoptionis
1264 3199 1385 3255 ﬁnis
1413 3217 1523 3257 non
1548 3204 1777 3260 ulterius
1804 3218 2037 3277 sperata:
2065 3208 2161 3264 sed

2264 3224 2363 3279 οὐκ
2391 3188 2528 3294 ἔρις,
2554 3223 2616 3277 οὐ
2642 3188 2923 3295 τυραννὶςξ
2961 3188 3063 3276 οόκ
3101 3188 3330 3275 ἀπόνοια
3351 3236 3366 3251 ·
3414 3220 3475 3274 ὲν
3528 3217 3611 3286 οἷς
3644 3219 3816 3290 βαθεῖα

590 3280 865 3350 βοήθειαι,
917 3286 1074 3357 cujus
1130 3297 1308 3345 tamen
1350 3293 1648 3350 etiamnum
1690 3296 1885 3354 illustri
1925 3302 2160 3372 quodam

2267 3280 2635 3385 γαλήνηῖκαὶ
2675 3280 3164 3380 καλλος-ἀληθείας
3196 3312 3485 3382 ἀμήχανον
3519 3280 3817 3382 {inopi-‘65.-

589 3373 756 3429 modo
791 3376 1082 3449 participes
1134 3382 1324 3449 simus,
1358 3394 1583 3455 propter
1616 3404 1779 3458 quam
1812 3391 1866 3445 in
1906 3395 2164 3463 prazsenti

588 3469 996 3536 persecutiones
1032 3473 1288 3541 patimur,
1314 3486 1369 3531 et
1400 3478 1599 3547 captivi
1639 3483 1993 3551 abducimur;
2038 3504 2165 3557 pro-

588 3566 709 3630 pter
735 3578 895 3631 quam
914 3575 1198 3623 sexcentas
1223 3569 1579 3639 calamitates,
1606 3586 1808 3631 mortes
1828 3581 2166 3649 perpetimur

587 3654 953 3724 quotidianas,
972 3675 1107 3728 quas
1131 3660 1240 3715 laeti
1267 3662 1491 3720 ierimus
1518 3678 1740 3736 agentes
1761 3681 2023 3740 prxterea
2041 3693 2166 3746 gra-

590 3746 712 3800 tias.
748 3746 854 3801 Pro
891 3750 1098 3819 regibus
1127 3754 1387 3808 orandum
1421 3773 1550 3823 esse,
1570 3758 1789 3815 divinus
1819 3760 2018 3823 Paulus
2038 3776 2167 3824 ante

587 3852 689 3893 nos
712 3838 822 3908 jam
858 3840 985 3894 olim
1043 3842 1229 3898 docuit
1265 3844 1310 3876 ³⁷
1344 3864 1359 3901 :
1392 3856 1446 3901 ct
1482 3849 1872 3921 discipulorum
1920 3872 2167 3921 summus

586 3927 782 3985 Petrus
813 3932 901 3983 ἐτ
941 3931 1174 4003 Subjecti
1236 3947 1419 4004 estote,
1483 3940 1679 4012 inquit,
1730 3946 1873 3999 omni
1920 3948 2167 4003 humana:

587 4033 852 4079 creatura:
867 4036 1080 4095 propter
1104 4028 1386 4086 Dominum
1413 4048 1432 4086 :
1468 4035 1576 4089 sive
1606 4052 1699 4089 rea:
1725 4038 1791 4091 sit
1810 4039 1892 4092 vel
1902 4043 2164 4109 superior.

590 4115 945 4188 lterumque:
980 4119 1169 4191 Regem
1208 4125 1461 4178 honorate
1486 4141 1505 4180 :
1544 4135 1773 4197 utroque
1821 4130 1991 4200 prior,
2018 4148 2168 4187 com-

488 4230 493 4247 ί
589 4211 774 4266 munis
810 4213 899 4266 ille
920 4224 1109 4269 noster
1132 4226 1186 4271 et
1211 4216 1425 4272 illorum
1459 4218 1977 4289 Dominus,Doctor,
2009 4224 2169 4281 Crea-

486 4332 493 4339 -
591 4310 695 4369 tor,
723 4318 752 4357 a
784 4307 1043 4362 thesauro
1074 4308 1440 4365 inmstimabili
1463 4327 1562 4366 suo
1593 4328 1814 4369 censum
1837 4316 2036 4371 (Σειδοιί
2059 4319 2166 4372 sol-

589 4412 745 4465 vens,
784 4414 949 4469 Opere
988 4412 1046 4454 ct
1076 4402 1244 4456 verbo
1278 4403 1486 4468 docuit,
1523 4406 1909 4477 pnerogativas
1946 4411 2164 4480 regibus

588 4490 746 4546 datas
773 4491 923 4546 dare.
959 4492 1226 4559 Quocirca
1265 4493 1409 4548 inter
1454 4498 1708 4566 mysticas
1733 4508 1788 4553 et
1825 4504 2165 4559 venerandas

590 4595 805 4639 nostras
846 4584 1148 4655 hicrurgias
1173 4586 1449 4641 orationes
1476 4603 1574 4656 pro
1608 4589 1822 4660 regibus
1856 4592 2158 4650 olferimus.

591 4676 722 4742 Quae
736 4692 834 4745 per
852 4676 997 4744 leges
1022 4675 1227 4738 debita,
1246 4692 1571 4733 conservare
1602 4679 1765 4734 illaesa
1782 4692 1835 4736 et
1853 4687 2163 4741 communi-

594 4778 673 4823 ter
694 4769 990 4830 custodire,
1004 4784 1127 4839 erga
1145 4778 1362 4823 nostros
1378 4785 1407 4823 a
1422 4769 1640 4825 Christo
1660 4772 1886 4829 dilectos
1908 4792 2060 4847 rcges
2077 4778 2163 4832 in-

2268 3405 2395 3475 μίας
2421 3405 2617 3476 τέχνης
2651 3405 3060 3475 καλυπτόμενον
3080 3420 3095 3435 ⁸
3123 3405 3181 3457 ὲν
3205 3398 3286 3468 οἷς
3309 3404 3501 3475 εἰρήνη
3552 3406 3697 3458 πᾶσα
3739 3406 3822 3458 καὶ

2265 3499 2506 3569 ὁμόνοια,
2538 3499 2689 3570 καὶὴ
2717 3499 2827 3552 τῶν
2864 3496 3153 3568 μακαρίων
3185 3498 3411 3550 ἐκείνων
3466 3500 3564 3551 καὶ
3610 3498 3819 3566 ἀδιηγή-

2264 3606 2374 3641 των
2403 3588 2688 3659 θεαμάτων
2724 3588 2821 3643 θέα
2848 3590 2942 3643 καὶ
2984 3588 3184 3658 μετοχὴ
3235 3588 3332 3641 καὶ
3378 3588 3697 3652 ἀπόλαυσις,
3735 3588 3820 3639 καὶ

2266 3680 2418 3743 τέλος
2464 3680 2565 3751 τῆς
2616 3679 2894 3743 υἱοθεσίας
2920 3679 3104 3733 οὐκέτι
3152 3679 3506 3750 ὲλπιζομένη,
3560 3678 3673 3731 ἀλλ’
3729 3678 3818 3748 ἤδη

2266 3770 2535 3842 λαμπρῶς
2589 3770 2965 3842 μετεχομένη·
3019 3770 3055 3842 ἡ
3111 3768 3424 3836 τελείωσις,
3473 3770 3605 3840 ὑπὲρ
3660 3764 3727 3840 ἧς
3771 3768 3818 3819 οξ

2267 3860 2537 3931 παρόντες
2564 3858 2793 3929 διωγμοὶ
2823 3860 2915 3913 καλ⁵
2948 3857 3321 3930 αίχμαλωσίαι
3346 3876 3361 3890 ·
3404 3858 3499 3912 καὶ
3545 3858 3607 3911 δι’
3636 3858 3701 3927 ἣν
3750 3857 3814 3911 τά

2269 3951 2441 4022 μυρία
2466 3952 2637 4016 δεινὰ,
2664 3953 2757 4006 καὶ
2782 3952 2910 4016 τοὺς
2932 3951 3335 4023 καθημερινοὺς
3359 3952 3619 4013 θανάτους
3649 3949 3807 4018 εὐχα-

2269 4045 2471 4116 ρίστως
2500 4044 2592 4097 καὶ
2623 4044 2907 4116 χαίροντες
2940 4042 3204 4115 φέρομεν.
3240 4043 3414 4115 Ὑπὲρ
3458 4042 3517 4096 δὲ
3573 4041 3822 4111 βασιλέων

2267 4133 2526 4206 εὔχεσθαι
2557 4135 2766 4199 Παῦλος
2794 4135 2891 4205 μὲν
2921 4136 2949 4187 ὁ
2974 4134 3275 4204 ,θεσπέσιος
3313 4135 3420 4207 πρὸ
3450 4133 3607 4205 ήμῶν
3640 4149 3825 4201 παραιι-

2267 4230 2381 4283 νεῖ·
2417 4228 2512 4281 καὶ
2545 4226 2754 4298 Πέτρος
2781 4227 2837 4280 δὲ
2856 4227 2964 4279 τῶν
2995 4226 3255 4298 μαθητῶν
3280 4227 3314 4295 ἡ
3342 4226 3609 4297 ἀκρότης·
3674 4224 3823 4276 Ὑπο-

2266 4318 2485 4388 τάγητε
2511 4319 2679 4388 πάσῃ
2712 4319 3055 4388 ἀνθρωπίνῃ
3084 4321 3279 4373 κτίσει
3316 4317 3416 4371 διὰ
3437 4318 3548 4372 τὰν
3596 4317 3822 4385 Κύριον,

2267 4412 2443 4481 λέγων
2466 4452 2483 4478 ,
2510 4412 2632 4465 εἴτε
2654 4409 2910 4475 ,βασιλεῖ
2931 4410 3011 4477 ὡς
3053 4409 3431 4479 ὑπερέχοντι.
3485 4408 3599 4464 Καὶ
3650 4409 3819 4461 πάλιν·

2274 4504 2386 4558 Τὸν
2400 4504 2668 4568 βασιλέα
2714 4500 2946 4573 τιμᾶτε·
2996 4502 3197 4571 ἀλλάγε
3225 4502 3332 4573 πρὸ
3381 4501 3591 4555 τούτων
3623 4500 3778 4562 αὐτὸς
3801 4500 3829 4552 6

2266 4596 2445 4659 κοινὸς
2480 4596 2755 4665 Δεσπότης
2789 4596 2884 4649 καὶ
2904 4595 3230 4659 Διδάσκαλος
3262 4596 3357 4648 καὶ
3384 4596 3747 4666 Δημιουργὸς,
3772 4596 3828 4645 ἐκ

2270 4685 2576 4758 παραδόξου
2632 4685 2908 4756 θησαυροῦ
2952 4686 3153 4757 κήνσον
3198 4686 3427 4749 τελέσας
3492 4686 3573 4756 τῷ
3602 4687 3827 4754 Καίσαρι

2270 4778 2416 4850 ἔργῳ
2448 4780 2541 4832 καὶ
2562 4778 2712 4849 νόμῳ
2741 4779 2811 4831 τὰ
2846 4778 3120 4849 προνόμια
3146 4779 3327 4845 νέμειν
3357 4778 3502 4849 ἆπερ
3532 4778 3829 4849 ἀφώρισται

591 4862 840 4915 stitutum
859 4868 943 4915 est
961 4859 1072 4913 Deo
1092 4870 1394 4932 gratum,et
1412 4862 1567 4917 nobis
1584 4868 2159 4935 congruentissinmm.

2268 4874 2381 4934 τοῖς
2425 4870 2736 4942 βασιλεῦσιν
2775 4869 3164 4936 ὲξεπαίδευσε·
3198 4870 3279 4923 διὸ
3338 4868 3435 4922 καὶ
3485 4871 3607 4932 ταῖς
3653 4888 3831 4937 μυστι-

592 4961 713 5018 καῖς
745 4957 903 5027 ήμῶν
944 4957 1040 5009 καὶ
1083 4960 1339 5028 φρικταῖς
1390 4958 1746 5029 ἱερουργίαις,
1792 4961 1955 5031 εὐχὰς
2002 4965 2141 5037 ὑπὲρ
2209 4967 2471 5039 βασιλέων
2523 4967 2893 5038 ἀναφέρομεν·
2926 4967 2963 5021 ἃ
3013 4967 3079 5037 δή
3122 4968 3393 5038 προνόμια
3434 4970 3721 5039 συντηρεῖν
3748 4969 3833 5019 καὶ

591 5049 979 5115 συνδιασώζειν
1008 5055 1100 5105 καὶ
1138 5054 1249 5116 τοῖς
1270 5051 1637 5122 φιλοχρίστοις
1659 5054 1815 5126 ήμῶν
1859 5057 2139 5128 βασιλεῦσι
2164 5063 2368 5119 δίκαιόν
2388 5082 2449 5118 τε
2477 5064 2573 5118 καὶ
2606 5063 2758 5134 φίλον
2780 5062 2923 5135 Θεῷ,
2953 5065 3050 5117 καὶ
3092 5065 3225 5136 ήμῖν
3268 5062 3695 5136 ἁρμοδιώτατον.

1192 5170 1413 5227 EPIST.
1447 5172 1562 5229 XV.

592 5264 668 5317 Ab
724 5265 940 5332 exsilio,
974 5265 1046 5319 ad
1096 5266 1362 5347 episcopos
1411 5264 1638 5319 similem
1682 5282 1865 5335 passos
1919 5285 2165 5337 persecu-

1281 5346 1494 5389 tionem.

668 5428 981 5485 Persecutio
1005 5430 1202 5501 gravis,
1233 5431 1330 5485 sed
1353 5430 1568 5485 Domini
1606 5430 1916 5489 benedictio
1935 5434 2120 5489 suavis
2145 5450 2159 5487 :

592 5522 843 5577 exsilium
875 5521 1113 5587 difﬁcile,
1149 5523 1245 5578 sed
1272 5522 1571 5592 jucundum
1616 5537 1841 5593 regnum
1868 5525 2161 5581 cwlorum;

592 5614 747 5671 Beati
766 5619 1170 5685 persecutionem
1190 5620 1331 5687 passi
1352 5628 1563 5687 propter
1588 5618 1876 5687 justitiam,
1906 5620 2028 5689 quia
2048 5618 2168 5672 illo-

2863 5182 3093 5238 ΕΠΙΣΤ.
3130 5182 3237 5239 ΙΕ¹.

2278 5275 2413 5331 Ἀπὸ
2449 5273 2561 5345 τῆς
2581 5274 3672 5412 ὺπερορίαςσξῧὲοὲυνδεδιωγμένοις
3709 5274 3834 5329 ἐπι-

2352 5437 2411 5492 ’0
2444 5438 2699 5509 διωγμὸς,
2717 5438 2920 5511 βαρὺς,
2951 5438 3068 5492 ἀλλ’
3114 5440 3143 5491 6
3189 5436 3286 5492 τοῦ
3332 5438 3607 5492 Δεσπότου
3657 5454 3835 5509 μακα-

2270 5530 2462 5601 ρισμὸς
2493 5530 2621 5601 ἡδύς
2641 5547 2655 5560 ·
2687 5531 2720 5601 ή
2751 5530 3017 5602 ὑπερορία
3037 5530 3268 5600 χαλεπὴ.
3296 5529 3417 5583 ἀλλ’
3454 5531 3487 5601 ή
3519 5530 3631 5583 τῶν
3671 5530 3835 5587 οὐρα-

2268 5621 2373 5675 νῶν
2430 5621 2676 5691 βασιλεία
2726 5621 2954 5691 τερπνή.
3013 5620 3304 5688 Μακάριοι
3356 5622 3412 5672 oi
3460 5618 3835 5689 δεδιωγμένοι

674 5781 718 5812 ι’
749 5772 767 5826 1
796 5772 955 5830 Joan.
987 5792 1048 5839 ιι,
1079 5775 1169 5839 27,
1209 5775 1300 5831 28.
1376 5777 1422 5810 "
1459 5775 1579 5831 Act.
1606 5792 1737 5842 xvn,
1770 5774 1862 5833 28.
1944 5776 1988 5808 ³⁸⁵
2024 5778 2045 5832 l
2077 5777 2162 5832 l’cl

2264 5794 2321 5844 ιι,
2350 5779 2402 5835 9.
2479 5780 2521 5812 ³⁸
2551 5776 2690 5835 Osce
2718 5794 2817 5837 xiv.
2854 5779 2908 5836 8.
2987 5781 3031 5813 "
3063 5778 3229 5835 Hebr.
3262 5794 3357 5845 ιιι,
3396 5776 3489 5834 23.
3565 5774 3614 5808 "
3644 5774 3665 5833 l
3696 5774 3835 5829 Tim.

601 5860 663 5908 ιι,
687 5851 743 5905 2.
818 5848 864 5879 ³⁸
896 5847 914 5901 l
946 5848 1091 5903 l’etr.
1122 5861 1183 5917 ιι,
1216 5847 1303 5901 13.
