4004 6428
173 394 283 497 765

1321 437 1440 498 ΕΡ]
1451 437 1859 501 STOLARUM
1897 439 2129 502 LIBER
2170 438 2223 503 Ι.

3323 436 3430 501 766

170 545 385 600 ἕνεκεν
410 544 821 616 δικαιοσύνης,
860 548 949 603 ὅτι
978 547 1178 603 αὐτῶν
1202 549 1373 605 ἐστιν
1392 552 1431 621 ἡ
1450 552 1740 616 ,ϐασιλεία

1848 571 1959 607 rum
2025 563 2098 607 est
2164 568 2379 623 regnum
2429 550 2788 605 cartorum”:
2855 545 3177 602 aﬂlictiones
3225 546 3429 606 multm,

169 635 290 690 τῶν
317 636 619 707 οὐρανῶν·
653 639 847 692 πολλαὶ
874 641 931 692 αἱ
970 640 1203 712 θλίψεις,
1241 646 1332 694 καὶ
1372 645 1552 696 πᾶσαν
1578 645 1743 715 ὑπερ-

170 729 498 799 ϐαλλόμεναι
529 730 910 802 χαλεπότητα·
953 733 1070 786 ἀλλ’
1128 735 1161 805 ἡ
1199 735 1409 787 ἐκεῖθεν
1455 734 1600 805 χαρά
1649 737 1745 789 καὶ

170 820 510 888 ἀγαλλίασις,
572 822 635 876 οὐ
708 824 870 893 μόνον
925 822 1207 893 κουφίζειν
1247 820 1389 879 οἶδεν
1436 825 1614 879 αὐτῶν
1644 827 1744 897 τὴν

170 910 513 981 δριμύτητα,
546 911 682 966 ἀλλά
713 914 824 976 τοῖς
856 916 994 983 πρὸς
1024 914 1241 978 ἐλπίδας
1264 914 1364 979 τὰς
1392 915 1505 969 ἀνω
1545 915 1744 986 βιοῦσι,

170 1003 267 1054 καὶ
292 1003 373 1066 εἰς
395 1004 663 1072 εὐθυμίας
704 1004 960 1058 ὑπόθεσιν
989 1006 1129 1059 αύτά
1171 1006 1522 1076 μετατίθησιν
1547 1022 1560 1036 °
1609 1006 1747 1078 ἐχώ-

174 1089 314 1159 μεθα
392 1093 687 1165 τοιγαροῦν
760 1093 870 1147 τῶν
925 1094 1127 1162 ἄθλων,
1179 1097 1266 1151 ἴνα
1320 1097 1573 1170 τύχωμεν
1634 1100 1745 1153 τῶν

170 1181 456 1237 ἐπάθλωνο
491 1184 576 1240 ἵνα
601 1185 830 1256 γένηται
864 1189 959 1243 καὶ
988 1189 1122 1259 ἡμῖν
1158 1188 1299 1259 μετά
1329 1190 1544 1246 Παύλου
1573 1191 1701 1262 βοᾷν
1728 1208 1742 1223 ⁸

175 1274 290 1329 Τὸν
306 1276 505 1345 ἀγῶνα
560 1278 669 1332 τόν
720 1282 914 1335 καλὸν
953 1282 1311 1353 ἠγώνισμαι,
1372 1286 1482 1339 τὸν
1523 1285 1747 1356 δρόμον

169 1367 471 1436 τετέλεκα,
485 1371 603 1440 τὴν
618 1374 823 1427 πίστιν
843 1374 1139 1445 τετήρηκα
1156 1393 1169 1406 ·
1202 1378 1421 1432 λοιπὸν
1437 1378 1747 1434 ἀπόκειταί

166 1476 269 1529 μοι
296 1465 329 1517 ὀ
352 1461 461 1531 τῆς
492 1464 887 1534 δικαιοσύνης
913 1467 1237 1537 στέφανος.
1292 1468 1358 1521 Τί
1409 1469 1615 1541 ταύτης
1646 1470 1745 1540 τῆς

172 1553 440 1606 ὲπινικίου
490 1556 677 1627 φωνῆς
726 1558 988 1631 ήδύτερον
1041 1561 1074 1634 ἢ
1126 1563 1517 1634 χαριέστερον;
1583 1564 1636 1615 τί
1688 1563 1747 1616 δὲ

171 1646 557 1716 καταισχύνειν
584 1649 675 1703 τὸν
700 1652 881 1705 κοινὸν
904 1651 999 1705 τοῦ
1043 1654 1236 1723 γένους
1276 1655 1471 1725 ἐχθρὸν
1503 1654 1744 1709 δυνατὼ-

167 1750 367 1806 τερον;
402 1737 519 1793 Τὸν
550 1739 775 1811 δρόμον
809 1744 1127 1801 τετέλεκα·
1158 1747 1273 1816 τὴν
1324 1747 1537 1802 πίστιν
1574 1749 1744 1816 tetri-

158 1844 321 1894 pnxa
352 1843 367 1858 ο
397 1832 618 1886 λοιπὸν
647 1835 962 1890 ἀπόκειταί
982 1855 1085 1907 μοι
1128 1841 1161 1893 ό
1190 1838 1301 1908 τῆς
1344 1839 1742 1910 δικαιοσύνης

1852 660 2068 700 onmem
2091 644 2415 698 excedentes
2431 640 2767 711 gravitatem.
2787 638 2878 692 sed
2903 654 2931 690 a
2948 636 3085 692 cmlo
3102 635 3353 706 gaudium
3376 646 3432 689 et

1852 734 2144 789 exsultatio
2168 749 2279 787 non
2305 732 2470 787 modo
2495 730 2851 786 acerbitatem
2893 728 3113 782 illarum
3136 727 3426 782 alleviant:

1852 827 1945 884 sed
1979 828 2052 882 ita
2075 827 2385 888 immntant,
2408 824 2593 879 utsint
2617 822 2796 878 solatii
2821 830 3207 893 argumentum
3233 818 3432 887 iis,qui

1854 919 2040 974 vivunt
2078 917 2379 972 secundum
2420 930 2545 986 spes
2582 928 2850 984 supernas
2892 931 2905 965 :
2947 912 3203 982 quocirca
3239 920 3422 965 certa-

1852 1010 1998 1065 mina
2023 1010 2337 1073 subeamus,
2376 1016 2436 1061 nt
2476 1022 2881 1078 consequamur
2906 1005 3155 1076 praemia,
3198 1012 3259 1058 ut
3302 1017 3429 1057 cum

1852 1102 2022 1158 Paulo
2047 1102 2284 1157 clamare
2308 1099 2582 1171 possimus
2614 1115 2630 1154 :
2675 1097 2881 1151 Bonum
2912 1110 3177 1151 certamen
3206 1095 3428 1156 certari.

1853 1212 2065 1250 cursum
2105 1193 2335 1265 confeci,
2387 1192 2545 1261 fidem
2600 1191 2835 1254 servavi;
2868 1191 2930 1243 de
2974 1200 3160 1243 caztero
3204 1188 3431 1257 reposita

1853 1288 1981 1341 mihi
2000 1296 2074 1340 est
2096 1286 2324 1355 justitia:
2352 1301 2546 1338 corona
2579 1282 2777 1339 "suae
2812 1296 2946 1336 voce
2978 1280 3313 1350 triumphali,
3343 1294 3432 1333 ec-

1852 1379 1980 1449 quid
2024 1378 2267 1441 suavius,
2311 1385 2407 1431 aut
2446 1375 2682 1446 amplius
2722 1374 2828 1429 erit
2866 1392 2880 1428 :
2912 1372 3109 1442 ecquid
3152 1371 3322 1443 magis
3372 1371 3431 1424 in

1853 1472 2096 1529 dedecus
2140 1472 2449 1527 communis
2492 1470 2710 1543 generis
2740 1468 2966 1522 humani
3010 1466 3186 1521 hostis
3225 1465 3428 1521 cedat:

1853 1565 2080 1621 Cursum
2134 1567 2362 1637 perfeci,
2408 1565 2565 1634 [idem
2618 1562 2855 1627 servavi,
2916 1561 3155 1628 deinceps
3200 1558 3429 1626 reposita

1851 1661 1980 1715 mihi
1996 1659 2225 1729 justitia:
2252 1672 2478 1711 corona:
2508 1671 2608 1710 vox
2631 1663 2735 1715 est,
2755 1668 2877 1722 qua:
2900 1651 3240 1705 turbulentas
3265 1664 3429 1718 quas-

1852 1754 1936 1809 vis
1962 1753 2117 1807 sedet
2149 1758 2520 1819 tempestates,
2553 1764 2673 1817 qum
2709 1748 2935 1817 gratiam
2964 1743 3261 1813 spiritualis
3292 1757 3428 1811 gau-

1853 1848 1928 1903 dii
1951 1854 2223 1917 suggerat,
2253 1850 2632 1914 persecutores
2654 1838 2915 1893 attonitos
2936 1836 3147 1900 reddat,
3171 1849 3431 1904 persecu-

163 1924 487 1991 στέερανυς.
518 1926 582 1979 Ὢ
615 1930 798 1999 φωνῆς
822 1930 1039 2002 ἀπάσης
1062 1931 1241 2003 λύπης
1275 1934 1445 2004 ζάλην
1484 1953 1741 1990 κατακοι-

1850 1940 2053 1995 tionem
2081 1952 2273 2008 passos
2304 1941 2531 1990 coronet
2555 1971 2570 1994 ,
2599 1931 2845 2005 inﬁrmos
2872 1928 3213 1991 corroboret,
3280 1926 3433 1993 deje-

167 2014 431 2087 μιζούσης
467 2020 667 2088 μᾶλλον
691 2020 748 2074 δὲ
772 2023 955 2090 πάσης
986 2028 1368 2098 πνευματικῆς
1393 2028 1739 2099 εὐφροσύνης

1849 2044 1970 2089 ctos
2048 2030 2359 2085 resuscilet.
2422 2025 2574 2079 Hanc
2621 2038 2743 2094 ego,
2777 2022 2821 2077 si
2878 2020 3063 2076 verbis
3106 2019 3243 2073 meis
3286 2018 3430 2073 facta

163 2108 324 2178 χάριν
340 2109 799 2185 ἐπιχορηγούσης,
817 2118 945 2181 τοὺς
963 2116 1195 2183 διώκτας
1214 2120 1292 2183 είς
1310 2120 1571 2192 ἔκπληξιν
1588 2122 1739 2175 ἀντι-

1848 2123 2232 2194 respondeanl,
2279 2120 2594 2175 felicitatem
2646 2134 2973 2189 consequar,
2998 2130 3104 2169 una
3141 2113 3427 2167 vobiscum

163 2199 533 2274 μεθιστώσης,
554 2206 681 2270 τοὺς
696 2206 1060 2281 διωκομένους
1085 2212 1475 2283 στεφανούσης,
1494 2212 1741 2277 ἀσθενεῖς

1848 2215 2098 2286 praeclare
2116 2228 2329 2268 mecum
2368 2211 2838 2273 concertantibus,
2859 2226 2956 2281 per
2978 2204 3429 2261 intercessionem

160 2291 675 2369 ἀναῤῥωννυούσης,
714 2301 839 2364 τοὺς
866 2304 1348 2376 κατερραγμένους
1368 2303 1737 2376 ἀνορθούσηςί

1848 2307 2180 2364 sanctissime
2211 2306 2455 2361 Dominae
2480 2313 2683 2360 nostra:
2713 2305 2981 2375 Deiparaa,
3010 2309 3066 2357 et
3109 2306 3428 2354 sanctorum

156 2383 366 2455 ταύτην
396 2388 490 2442 καὶ
518 2389 631 2457 ἐγὼ
660 2390 771 2445 τῶν
803 2392 981 2465 ἔργων
1023 2415 1113 2467 μοι
1145 2400 1256 2460 τοῖς
1294 2398 1472 2467 λόγοις
1500 2415 1743 2470 συνυπη-

1841 2399 2108 2456 omnium.
2144 2400 2340 2453 Amen.

160 2476 401 2546 χούντων
433 2482 723 2557 ἀξιωθείην
754 2487 871 2557 ἅμα
906 2490 1036 2561 ὑμῖν
1084 2493 1197 2555 τοῖς
1227 2492 1415 2557 καλοῖς
1450 2492 1731 2556 συνάθλοις
1770 2494 1829 2546 ὲν
1893 2491 2087 2565 Κυρίῳ
2123 2491 2573 2563 ἀναφθέγξασθαι
2597 2487 2918 2562 πρεσϐείαις
2987 2487 3086 2557 τῆς
3118 2478 3426 2551 ὑπεραγίας

157 2574 456 2647 Δεσποίνης
477 2574 640 2647 ἡμῶν
672 2576 957 2647 Θεοτόκου,
987 2584 1084 2635 καὶ
1133 2584 1350 2637 πάντων
1388 2583 1497 2637 τῶν
1534 2584 1730 2653 ἁγίων.
1782 2584 1980 2657 Ἀμήν.

756 2740 982 2798 sum.
1014 2742 1130 2811 ur.

164 2847 249 2916 Τῷ
276 2851 691 2919 εὐσεϐεστάτῳ
715 2853 816 2908 καί
850 2854 1095 2925 μεγάλῳ
1126 2855 1384 2922 ,ϐασιλεῖ
1410 2855 1734 2921 Βασιλείῳ.

231 2966 522 3033 ¹Ἄκουσον,
554 2962 601 3023 ὧ
633 2968 1121 3042 φιλανθρωπότατε
1171 2970 1394 3041 βασιλεῦ
1418 2982 1465 3038 ο,
1500 2971 1564 3025 οὐ
1599 2987 1737 3039 προ-

2433 2736 2652 2793 EPIST.
2681 2736 2823 2792 XVI.

2149 2855 2373 2910 Piisimo
2389 2864 2437 2909 et
2452 2855 2685 2909 maximo
2726 2854 2830 2925 regi
2853 2852 3073 2907 Basilio.

1903 2969 2046 3027 Audi
2066 2979 2269 3035 autem,
2284 2969 2677 3025 humanissime
2702 2968 3017 3038 imperator,
3033 2980 3143 3019 non
3161 2978 3260 3035 ego
3280 2976 3429 3017 nunc

160 3058 426 3130 ϐἀλλομαι
450 3061 546 3115 νῦν
579 3061 816 3116 παλαιὰν
841 3062 1024 3132 φιλίαν
1044 3080 1058 3095 ο
1106 3063 1171 3116 οὐ
1202 3061 1498 3134 φρικώδεις
1532 3062 1733 3132 ὅρκους

1848 3061 2008 3133 illego
2028 3070 2267 3117 veterem
2285 3072 2531 3117 nostram
2554 3060 2875 3125 amicitiam;
2898 3074 3010 3112 non
3043 3057 3320 3111 tremenda
3336 3054 3430 3125 iu-

159 3154 258 3206 καὶ
289 3153 564 3225 συνθήκας
592 3170 606 3184 °
626 3155 687 3208 οὺ
708 3156 917 3226 χρίσμα
935 3160 1029 3211 καὶ
1053 3155 1395 3227 χειροθεσίαν
1419 3153 1727 3225 βασιλείας·

160 3244 259 3314 οὐχ
290 3245 375 3298 ὅτι
398 3248 520 3310 ταῖς
548 3247 847 3318 ἡμετέραις
879 3249 1039 3320 χερσὶ
1065 3247 1330 3319 προσιὼν,
1361 3249 1471 3301 τῶν
1493 3247 1743 3319 φρικτῶν

158 3339 255 3390 καὶ
276 3338 565 3409 ἀχράντων
598 3343 846 3412 μετεῖχες
869 3342 1187 3413 μυστηρίων
1210 3357 1225 3373 ο
1255 3340 1378 3395 οὐδὲ
1396 3342 1491 3395 τὸν
1516 3340 1739 3411 δεσμὸν,

158 3426 220 3486 ὃν
246 3427 267 3473 ί
302 3430 453 3503 ἡμᾶς
478 3431 514 3501 ἡ
542 3429 641 3485 τοῦ
672 3429 839 3485 καλοῦ
888 3431 1082 3496 παιδὸς
1131 3431 1374 3486 υἱοθεσία
1412 3431 1702 3502 συνέδησεν
1723 3447 1740 3463 ο

160 3522 313 3578 οὐδὲν
339 3524 548 3577 τούτων
577 3523 721 3593 λέγω
741 3539 755 3554 ’
791 3523 929 3577 ἀλλά
953 3523 1025 3577 τὰ
1069 3522 1226 3577 κοινά
1274 3520 1387 3575 τῶν
1438 3520 1743 3593 ἀνθρώπων

163 3621 434 3690 προτείνω
454 3637 538 3673 σοι
562 3620 770 3675 δίκαια.
803 3619 1014 3685 Πάντες
1029 3619 1162 3691 γὰρ,
1203 3618 1298 3674 καὶ
1324 3617 1621 3690 βαρϐάρων
1649 3618 1745 3672 καὶ¹

172 3711 467 3782 Ἑλλήνων,
498 3710 591 3775 οὒς
628 3710 985 3782 μὲνθανάτου
1016 3710 1287 3784 κρίνουσι,
1336 3708 1433 3764 τοῦ
1489 3709 1605 3781 βίου
1655 3709 1745 3775 ἐξ·

162 3805 429 3875 ἀγουσινο
460 3804 555 3870 οὒς
588 3806 646 3860 δὲ
684 3807 785 3876 ζῇν
832 3806 984 3871 ὲῶσι,
1016 3805 1346 3878 λιμαγχονίᾳ
1375 3805 1471 3858 καὶ
1526 3804 1745 3876 μυρίοις

159 3899 344 3962 ἀλλοις
372 3901 564 3962 κακοῖς
598 3898 781 3952 θανεῖν
811 3898 874 3952 ού
926 3898 1239 3969 βιάζονται’
1283 3899 1483 3969 Ἡμεῖς
1521 3897 1587 3968 δὴ
1624 3896 1740 3967 βίον

159 3990 391 4061 βιοῦμεν
420 3992 655 4044 θανάτου
685 3990 1012 4063 πικρότερον
1037 4007 1052 4023 ο
1085 3990 1576 4062 ήχμαλωτίσμεθα,
1607 3991 1743 4045 πάν-

153 4082 267 4135 τῶν
290 4081 672 4155 ἐστερήμεθα,
728 4082 1031 4150 συγγενῶν,
1100 4083 1411 4153 ὑπηρετῶν,
1469 4082 1741 4154 συνήθων,

154 4174 350 4243 πάσης
408 4174 597 4239 ἅπλῶς
661 4175 1012 4245 ἀνθρωπίνης
1052 4174 1375 4245 θεραπείας.
1431 4174 1543 4227 Καί
1591 4191 1743 4242 τοιγε

151 4264 376 4327 Παῦλος
404 4267 434 4319 ὁ
456 4266 621 4331 θεῖος,
652 4266 1054 4337 περιαγόμενος
1075 4266 1316 4337 δέσμιος,
1343 4267 1445 4337 τῆς
1480 4266 1593 4322 ἀπὸ
1630 4268 1740 4320 τῶν

148 4359 457 4430 γνωρίμων
512 4360 607 4412 καὶ
670 4359 917 4430 συνήθων
950 4358 1250 4429 θεραπείας
1304 4358 1606 4413 ἀπολαύειν
1641 4359 1743 4412 οὑκ

1842 3164 2108 3223 ramenta,
2129 3165 2186 3211 et
2225 3154 2603 3225 stipulationes
2648 3151 3175 3218 initas;unctionem
3232 3158 3290 3203 et
3309 3163 3426 3202 ma-

1843 3264 2013 3303 nuum
2033 3247 2432 3319 impositionem
2447 3247 2671 3318 regiam;
2690 3262 2797 3300 non
2808 3244 2951 3315 quod
2964 3242 3215 3298 manibus
3226 3242 3429 3296 nostris

1852 3338 2125 3406 subditas,
2172 3349 2643 3395 sacramentorum
2684 3338 2900 3393 illorum
2931 3334 3357 3389 reverendorum
3374 3340 3433 3387 et

1844 3430 2322 3485 immaculatorum
2342 3429 2492 3484 fuisti
2514 3428 2788 3499 particeps
2809 3425 3008 3489 factus,
3024 3439 3135 3478 non
3158 3422 3290 3476 illud
3307 3421 3429 3474 vin-

1844 3525 2030 3580 culum
2072 3538 2181 3593 quo
2213 3537 2317 3577 nos
2352 3522 2449 3577 ﬁlii
2487 3520 2707 3591 optimae
2740 3517 2855 3588 spei
2885 3516 3104 3586 adoptio
3131 3513 3424 3584 copulavit.
3532 3528 3538 3537 ·

1844 3616 2051 3672 Horum
2085 3616 2222 3671 nihil
2252 3628 2659 3679 commemoro;
2682 3612 2778 3667 sed
2802 3610 3059 3666 omnibus
3079 3621 3428 3661 communem

1843 3710 2155 3781 aequitatem
2174 3708 2271 3764 tibi
2289 3706 2543 3779 praefero.
2565 3703 2769 3761 Omnes
2796 3711 2946 3759 certe
2959 3715 3083 3755 cum
3110 3698 3284 3753 Graeci
3312 3706 3427 3750 lum

1844 3802 2008 3857 etiam
2043 3800 2289 3862 Barbari,
2332 3799 2377 3853 si
2410 3796 2699 3868 capitalem
2734 3796 2790 3849 in
2827 3792 3061 3861 aliquem
3097 3787 3426 3844 sententiam

1843 3902 2106 3959 statuant,
2129 3893 2240 3948 vita
2264 3891 2515 3962 privant;
2551 3889 2751 3959 quibus
2771 3895 2952 3941 autem
2986 3883 3170 3937 vivere
3197 3877 3426 3950 permit-

1844 3996 1985 4052 tant,
2027 3987 2359 4057 compellant
2400 3984 2544 4039 fame
2581 3991 2829 4044 enectos,
2876 3989 2934 4034 et
2970 3978 3118 4033 mille
3150 3974 3272 4029 aliis
3305 3987 3426 4026 ma-

1843 4079 1912 4136 lis
1931 4081 2122 4135 emori.
2154 4079 2255 4133 Ast
2280 4094 2380 4150 ego
2418 4077 2544 4131 vivo
2571 4075 2737 4130 vitam
2758 4073 2948 4143 quavis
2969 4077 3144 4125 morte
3178 4065 3427 4121 acerbio-

1846 4187 1989 4226 rem:
2005 4172 2058 4226 in
2080 4171 2447 4241 captivitatem
2459 4167 2748 4231 abductus,
2762 4165 2925 4220 rebus
2948 4160 3204 4217 omnibus
3214 4174 3384 4214 exuor
3408 4172 3423 4209 :

1844 4264 2111 4333 cognatis,
2159 4262 2387 4326 familia,
2436 4261 2648 4326 amicis,
2669 4258 2819 4315 omni
2848 4255 3161 4314 omnimodo
3184 4254 3426 4307 humano

1848 4357 2175 4414 ministerio.
2208 4357 2280 4411 At
2323 4365 2473 4410 certe
2518 4355 2740 4409 divinus
2778 4351 2978 4406 Paulus
3007 4366 3131 4405 cum
3176 4347 3427 4417 captivus

147 4452 435 4505 ἐκωλύετο
454 4467 469 4481 ο
498 4452 637 4506 ἀλλά
674 4451 769 4505 καί
798 4468 880 4504 τοι
908 4450 1009 4521 τὴν
1048 4452 1141 4504 ἐπὶ
1193 4450 1409 4520 θανάτῳ
1444 4451 1731 4521 ἀγόμενος,

1848 4451 2362 4515 circumduceretur,
2408 4465 2519 4503 non
2585 4456 2772 4502 tamen
2810 4444 3208 4516 prohibebatur
3260 4440 3424 4494 fami-

146 4544 511 4615 ἀνθρωπίνης
536 4545 631 4598 καὶ
652 4544 804 4615 παρά
822 4544 932 4596 τῶν
951 4543 1320 4613 μισοχρίστων
1351 4542 1737 4614 Ἑλληνιστῶν,

146 4636 461 4705 ἐτύγχανεν
481 4636 845 4707 ἡμερότητος.
890 4635 1033 4689 Ἀλλ’
1062 4635 1194 4698 ἴσως
1221 4637 1250 4689 ὁ
1284 4634 1495 4705 μακρὸς
1522 4635 1735 4705 χρόνος,

146 4729 202 4782 εἰ
233 4729 334 4781 καὶ
365 4728 441 4798 μὴ
468 4729 750 4800 ἀρχιερεῖς
775 4728 936 4792 Θεοῦ,
966 4728 1081 4782 ἀλλ’
1104 4724 1198 4782 οὖν
1228 4727 1295 4796 γέ
1317 4744 1470 4785 τινας
1496 4744 1739 4797 κακουρ-

145 4808 571 4888 γοὺςίτοιαῦτα
605 4821 850 4874 δείκνυσι
878 4820 1221 4884 πεπονθότας
1242 4836 1257 4851 ’
1293 4819 1410 4874 ἀλλ’
1455 4822 1539 4875 ὅτι
1583 4822 1741 4872 ἐστε-

148 4913 413 4984 ρήθημεν
439 4914 533 4966 καὶ
570 4912 812 4983 βιϐλίων,
844 4914 1032 4968 καινὸν
1057 4912 1217 4967 τοῦτο
1261 4914 1357 4967 καὶ
1410 4913 1737 4984 παράδοξον,

144 5005 253 5059 καὶ
308 5005 405 5058 νέα
459 5005 583 5059 καθ’
640 5006 799 5077 ἡμῶν
856 5006 1255 5076 ὲπινενοημένη
1321 5007 1598 5077 τιμωρία·
1651 5006 1740 5059 ῖνα

142 5098 204 5150 τί
247 5098 496 5166 γίνεται;
556 5099 645 5153 ἵνα
696 5099 772 5171 μὴ
803 5100 1094 5169 ἀκούωμεν
1136 5099 1274 5169 μηδὲ
1319 5098 1477 5167 λόγον
1508 5100 1737 5170 Κυρίου.

146 5190 247 5260 Μὴ
279 5191 494 5258 γένοιτο
522 5192 615 5244 ἐπὶ
642 5191 744 5261 τῆς
776 5192 874 5261 σῆς
902 5192 1185 5261 βασιλείας
1234 5192 1441 5263 ταύτην
1470 5192 1570 5263 τὴν
1601 5192 1742 5265 ἀράν

140 5282 535 5353 πληρωθῆναι,
567 5283 650 5335 ὅτι
695 5284 908 5337 Ἔσται
932 5283 1001 5337 ἐν
1038 5284 1167 5350 ταῖς
1194 5284 1444 5354 ἡμέραις
1480 5285 1741 5350 ἐκείναις

136 5370 335 5440 λιμὸς
364 5368 570 5438 ἄρτου,
608 5372 708 5425 καὶ
737 5374 912 5441 λιμὸς
945 5374 1054 5428 τοῦ
1088 5374 1350 5429 ἀκοῦσαι
1389 5378 1577 5445 λόγον
1625 5381 1739 5430 Κυ-

129 5462 312 5530 ρίου.
349 5462 449 5513 Διά
478 5462 533 5515 τί
564 5462 674 5533 γὰρ
702 5463 861 5533 ἡμῶν
888 5465 1141 5536 ἀφῃρέθη
1166 5468 1240 5520 τά
1272 5466 1491 5536 βιϐλία;
1542 5469 1602 5520 Εἰ
1635 5467 1736 5537 μὲν

222 5624 273 5655 ²⁹
314 5622 506 5679 Matth.
534 5644 586 5693 ν,
622 5626 705 5682 10.
786 5627 830 5659 ³⁰
860 5628 905 5683 Il
954 5627 1097 5685 Tim.
1135 5650 1212 5697 ιν,
1253 5631 1308 5700 7,

1847 4544 2072 4599 liarium
2105 4541 2347 4597 oiliciosa
2370 4556 2523 4603 cura,
2546 4550 2603 4595 et
2636 4540 2980 4610 cognitorum
3014 4555 3027 4589 :
3064 4535 3174 4589 imo
3204 4548 3329 4587 cum
3354 4530 3424 4585 ad

1845 4636 2077 4707 capitale
2103 4634 2431 4706 supplicium
2470 4633 2785 4696 duceretur,
2823 4629 3218 4686 humanitatem
3258 4638 3424 4691 expe-

1846 4730 2091 4784 riebatur
2133 4744 2165 4782 a
2202 4726 2449 4799 paganis,
2479 4736 2536 4781 et
2562 4725 2764 4780 Christi
2802 4737 3005 4779 nomen
3046 4719 3284 4775 invisum
3322 4716 3423 4770 ha-

1844 4820 2126 4877 bentibus.
2189 4818 2385 4875 Verum
2437 4817 2684 4874 fortassis
2732 4814 2993 4886 temporis
3057 4808 3420 4872 diuturnitas,

1846 4913 1973 4968 licet
1997 4911 2415 4981 haudquaquam
2442 4908 2914 4965 arcbisacerdotes
2941 4903 3060 4968 Dei,
3095 4913 3280 4957 tamen
3312 4899 3418 4954 im-

1845 5006 2119 5077 probitate
2172 5013 2352 5069 notos,
2394 5000 2773 5073 hujuscemodi
2802 5000 2965 5054 docet
2995 4993 3307 5066 pertulisse.
3352 4993 3425 5046 At

1840 5114 1942 5153 nos
1968 5098 2134 5152 etiam
2165 5096 2319 5152 libris
2343 5096 2643 5166 privamur,
2674 5101 2729 5147 et
2774 5092 2879 5145 hoc
2912 5099 3061 5145 certe
3094 5101 3324 5152 novum,
3367 5094 3425 5140 et

1840 5190 2194 5259 paradoxum,
2226 5204 2419 5245 recens
2448 5187 2503 5241 in
2537 5202 2625 5241 me
2652 5185 3021 5254 excogitatum
3060 5181 3419 5252 supplicium.

1839 5283 1898 5337 ln
1943 5299 2107 5352 quem
2150 5298 2313 5352 porro
2367 5282 2575 5336 ﬁnem?
2620 5294 2769 5336 certe
2811 5293 2881 5333 ne
2926 5277 3156 5332 verbum
3202 5271 3419 5329 Domini

1837 5376 2174 5430 audiremus.
2201 5375 2359 5430 Absit
2392 5385 2598 5439 autem,
2627 5382 2690 5427 ut
2726 5372 2783 5427 in
2827 5370 3021 5427 diebus
3054 5366 3268 5437 imperii
3318 5364 3419 5428 tui,

1838 5469 1925 5524 illa
1951 5468 2256 5524 exsecratio
2306 5467 2469 5523 ﬁnem
2523 5466 2823 5524 sortiatur:
2866 5465 2985 5521 Erit
3017 5465 3073 5519 in
3102 5460 3284 5517 diebus
3314 5457 3424 5512 illis

1432 5788 1665 5845 VARI/1'1
1706 5790 2113 5850 LECTIONES.

234 5908 260 5937 ο
290 5897 561 5953 Βασίλειε.
648 5897 663 5937 ί
