4044 6398
585 373 691 438 767

1730 364 2003 429 ΡΙῙΟΤΙΙ
2041 368 2541 431 ΡΛΤῙὶΙΑΙὶΟΗᾹΞ
2580 369 2692 430 CP.

3724 375 3827 441 768

589 489 753 556 fames
780 484 957 554 panis,
988 492 1036 539 et
1072 484 1237 555 fames
1258 482 1507 537 audiendi
1542 482 1747 536 verbum
1781 482 1877 536 Dei
1926 482 1993 535 ³¹.
2028 481 2163 536 Nam

2271 483 2374 553 γάρ
2398 501 2450 536 τι
2489 483 2799 553 ἀδικοῦμεν,
2827 481 3047 536 πλείονα
3087 481 3195 540 ἔδει
3224 482 3459 553 δοθῆναι,
3510 484 3607 537 καὶ
3636 484 3703 557 δὴ
3736 490 3825 543 καὶ

587 592 734 629 cura
771 592 858 629 me
909 575 1029 630 libri
1078 575 1275 629 sublati
1311 574 1480 628 sunt?
1511 573 1566 626 Si
1597 574 1650 627 in
1692 573 1875 642 aliquo
1904 572 2015 627 lzes'i
2060 572 2164 627 ali-

588 681 776 736 quem,
806 666 985 721 adhuc
1016 667 1199 735 plures
1229 666 1342 719 dari
1385 664 1669 725 deberent,
1714 664 1880 718 etiam
1910 675 1965 719 et
1992 664 2166 719 infor-

587 769 828 813 matores
877 757 1147 822 adhiberi,
1180 766 1241 811 ut
1290 756 1520 827 legendo
1562 757 1822 826 majorem
1855 756 2163 823 utilitatem,

579 860 641 904 et
666 850 897 904 convicti
930 850 1096 903 citius
1153 849 1550 903 correctionem
1595 864 2036 919 consequamur:
2081 849 2166 903 sin

585 943 763 996 nullos
802 942 934 1006 laesi,
1002 958 1101 997 cur
1153 958 1256 1011 ego
1311 941 1517 996 lazdor?
1577 940 1770 996 Nullus
1833 943 2168 997 orthodoxus

585 1035 691 1087 tale
738 1034 867 1104 quid
922 1034 991 1089 ab
1056 1034 1404 1088 heterodoxis
1445 1050 1636 1104 passus
1694 1043 1797 1089 est.
1839 1034 2169 1090 Athanasius

581 1124 697 1184 ille.
747 1126 1037 1179 multarum
1090 1126 1395 1196 palmarum
1441 1133 1669 1192 auctor,
1745 1126 1873 1180 sede
1926 1140 2022 1180 sua
2061 1125 2169 1195 epi-

584 1216 785 1284 scopali
848 1216 1066 1285 smpius,
1121 1231 1245 1270 cum
1298 1216 1366 1269 ab
1425 1215 1732 1279 haereticis,
1797 1222 1913 1268 tum
1978 1229 2009 1268 a
2070 1230 2168 1285 pa-

582 1306 738 1376 ganis
796 1308 1134 1375 pellebatur;
1199 1318 1255 1362 at
1323 1322 1488 1361 nemo
1546 1307 1779 1361 sancivit
1839 1307 2167 1377 aliquando,

586 1405 646 1449 ut
687 1395 809 1449 libri
854 1398 923 1451 ab
962 1397 1052 1451 illo
1106 1397 1471 1453 auferrentur.
1512 1397 1605 1452 Vir
1646 1396 2000 1452 admirandus
2055 1396 2167 1449 Eu-

581 1488 816 1541 stathius
900 1489 1169 1544 similibus
1239 1488 1566 1543 Arianorum
1654 1489 1937 1544 fraudibus
1994 1488 2168 1557 impe-

588 1580 833 1646 tebatur;
882 1579 977 1634 sed
1023 1596 1126 1634 nec
1159 1580 1369 1647 ab,illo,
1406 1590 1467 1636 ut
1506 1596 1537 1635 a
1580 1580 1773 1644 nobis,
1818 1579 1979 1633 ablati
2024 1576 2167 1632 libri.

588 1669 791 1725 Paulus
825 1669 1133 1735 confessor,
1180 1670 1425 1726 Joannes
1471 1669 1915 1742 Chrysostomus,
1960 1667 2171 1723 Flavia-

2265 573 2394 637 τοὺς
2417 573 2790 635 διδάσκοντας,
2848 573 2935 626 ἵνα
2966 575 3061 627 καὶ
3113 576 3586 644 ἀναγινώσκοντες
3625 578 3823 647 μᾶλλον

2264 660 2623 732 ὡφελὼμεθα,
2690 664 2785 716 καὶ
2837 663 3183 734 ἐλεγχόμενοι
3226 665 3574 737 διορθώμεθα
3621 683 3635 697 ·
3672 670 3723 723 εί
3774 672 3828 724 δὲ

2269 758 2435 827 μηδὲν
2466 758 2786 827 ἀδικοῦμεν,
2820 758 2873 811 τί
2905 759 3272 831 ἀδικούμεθα;
3305 762 3496 827 Οὐδεὶς
3527 763 3692 819 τοῦτο
3727 767 3830 819 τῶν

2269 849 2572 921 ὀρθοδόξων
2604 851 2712 904 οὐδ’
2740 851 2846 904 ὑπὸ
2874 852 2982 904 τῶν
3040 852 3493 923 ἐτεροδοξούντων
3539 858 3829 913 πέπονθεν.

2280 941 2594 1004 Ἀθανάσιος
2620 945 2648 997 6
2689 942 3013 1009 πολύαθλος,
3043 944 3138 997 τοῦ
3189 945 3383 1016 θρόνου
3428 948 3714 1014 πολλάκις,
3744 948 3833 1003 καὶ

2267 1032 2371 1085 ὑπὸ
2396 1034 2710 1099 αἱρετικῶν,
2755 1034 2851 1090 καὶ
2900 1034 3005 1088 ὑπὸ
3046 1034 3407 1105 Ἑλληνιστῶν
3455 1038 3830 1108 ἀπελήλαται“

2266 1124 2382 1179 ἀλλ’
2410 1125 2583 1189 οὐδεὶς
2608 1125 2772 1183 αὑτοῦ
2800 1126 2908 1180 τῶν
2934 1126 3157 1199 βιϐλίων
3186 1129 3481 1201 ἀφαίρεσιν
3503 1129 3831 1200 ἐψηφίσατο.

2268 1216 2564 1279 Εύστάθιος
2607 1218 2635 1270 6
2682 1218 3007 1288 Θαυμάσιος,
3036 1219 3136 1292 τὴν
3188 1220 3312 1291 ίσην
3358 1219 3654 1291 ἐπιϐουλὴν
3691 1222 3836 1293 παρά

2267 1308 2376 1361 τῶν
2413 1309 2856 1381 Ἀρειανιζόντων
2876 1310 3187 1381 ὑπήνεγκεν
3212 1328 3228 1343 ·
3256 1312 3372 1365 ἀλλ’
3401 1313 3522 1383 οὑχ,
3555 1312 3633 1373 ὡς
3656 1314 3835 1382 ἡμεῖς,

2267 1399 2363 1453 καὶ
2411 1400 2479 1454 τά
2535 1400 2715 1471 βιϐλία
2775 1403 3075 1474 ἀφῄρηται.
3134 1402 3344 1467 Παῦλος
3398 1406 3425 1457 6
3476 1404 3835 1475 ὁμολογητὴς,

2280 1492 2535 1562 Ἰωάννης
2552 1495 2579 1547 6
2596 1495 2640 1546 Χ
2648 1494 3003 1565 ρυσόστομος,
3032 1494 3328 1558 Φλαϐιανὸς
3346 1497 3375 1549 6
3397 1494 3711 1559 θεσπέσιος,
3739 1513 3836 1566 μυ-

2272 1584 2375 1655 ρίοι
2403 1584 2552 1639 ἄλλοι
2572 1601 2585 1616 ·
2617 1586 2669 1637 τί
2695 1585 2805 1654 γάρ
2829 1584 2913 1639 δεῖ
2946 1585 3044 1643 νῦν
3071 1586 3295 1650 τούτους
3326 1585 3608 1658 ἀριθμεῖν,
3667 1586 3769 1653 οῦς
3802 1589 3835 1657 ἡ

2270 1677 2328 1729 ἐν
2368 1678 2619 1747 οὐρανοῖς
2651 1677 2845 1741 Βίϐλος
2878 1678 3283 1751 ἀπεγράψατος
3319 1679 3427 1733 Καὶ
3451 1677 3507 1732 τί
3538 1678 3691 1747 λέγω
3718 1680 3837 1741 τοὺς

587 1783 691 1820 nus
727 1767 979 1832 eximius,
1018 1767 1216 1823 inﬁniti
1248 1770 1362 1823 alii.
1390 1768 1531 1835 Quid
1570 1770 1715 1825 enim
1746 1785 1884 1839 opus
1913 1779 1998 1823 est
2049 1768 2171 1822 illos

2271 1770 2587 1841 όρθοδόξους
2650 1771 2745 1824 καὶ
2800 1769 2991 1839 ἁγίους
3043 1770 3356 1842 ἀρχιερεῖςς
3415 1770 3687 1825 Εὑσέϐιον
3746 1772 3833 1823 καὶ

585 1875 897 1924 recensere,
936 1861 1031 1931 qui
1077 1861 1130 1915 in
1161 1862 1300 1916 libro
1324 1863 1533 1918 caelesti
1578 1863 2002 1919 describuntur?
2027 1860 2165 1927 Quid

2271 1862 2570 1929 Θεογόνιον,
2612 1862 2709 1916 καὶ⁷
2750 1864 2847 1915 σὺν
2875 1862 3058 1925 αὐτοῖς
3102 1841 3293 1925 ἄλλους
3330 1859 3656 1933 ἀνθρώπους
3689 1862 3833 1932 αἰρε-

586 1967 689 2021 ego
720 1967 1093 2007 commemoro
1116 1963 1336 2009 sanctos
1361 1963 1416 2009 et
1466 1954 1798 2009 orthodoxos
1836 1951 2165 2024 episcopos?

590 2045 820 2113 Magnus
844 2044 1236 2101 Constantinus
1255 2046 1584 2111 Eusebium,
1612 2046 2010 2117 Theogonium,
2032 2045 2167 2101 alios

588 2151 715 2190 cum
754 2136 858 2191 illis
898 2137 1200 2199 haereticos.
1251 2146 1475 2209 propter
1523 2138 1856 2208 impietatem
1891 2145 1948 2192 et
1981 2152 2167 2191 versa-

592 2231 716 2284 tiles
755 2230 1053 2285 sententias
1090 2228 1280 2284 exsilio
1320 2229 1592 2295 multavit,
1635 2228 1731 2283 sed
1778 2242 1955 2296 neque
1998 2225 2170 2281 facul-

593 2323 800 2377 tatibus
847 2322 1128 2392 spoliatos,
1168 2338 1345 2391 neque
1378 2322 1530 2376 libris
1577 2320 1925 2376 denudatos:
1973 2319 2169 2389 puduit

588 2417 736 2471 enim
785 2433 911 2472 eum
937 2435 967 2471 a
1009 2415 1466 2471 sermocinatione
1509 2414 1800 2470 excludere
1842 2412 1981 2476 illos,
2029 2426 2167 2483 quos

590 2509 662 2563 ob
688 2525 806 2563 eam
835 2523 1055 2562 causam
1100 2506 1292 2562 exsilio
1348 2505 1634 2569 multabat,
1676 2502 1821 2573 quod
1862 2502 2072 2569 ἀλόγως
2108 2516 2167 2557 se

591 2608 875 2672 gesserant
907 2616 922 2664 ;
958 2599 1158 2669 impius
1199 2597 1483 2653 Nestorius
1506 2597 1798 2665 relegatur,
1829 2596 1901 2650 ita
1934 2606 1989 2651 et
2017 2596 2171 2650 Dios-

592 2708 804 2747 corus:
854 2689 1047 2745 Petrus
1101 2690 1191 2745 ille
1242 2689 1480 2755 infelix;
1543 2689 1802 2753 Severus,
1855 2688 1943 2742 alii
1985 2703 2173 2758 quam-

592 2784 812 2853 plures;
855 2781 949 2837 sed
998 2796 1159 2835 nemo
1196 2781 1463 2835 librorum
1519 2780 1886 2849 captivitatem
1924 2779 2168 2849 pertulit.

590 2876 732 2941 Quid
756 2884 969 2931 veteres
1019 2875 1315 2929 recenseo?
1348 2871 1499 2927 Multi
1523 2872 1820 2927 etiamnum
1846 2872 2171 2942 superstites

590 2975 799 3022 norunt
823 2964 1088 3019 Leontem
1130 2964 1281 3018 illum
1334 2962 1591 3033 impium,
1638 2961 1768 3016 ferre
1794 2961 1977 3032 potius
2008 2975 2171 3031 quam

595 3057 833 3113 hominis
862 3065 1113 3110 naturam
1147 3054 1490 3109 ostendisse:
1521 3052 1611 3107 ille
1654 3060 1837 3107 autem
1864 3068 1987 3109 cum
2016 3053 2047 3108 ὲ
2079 3069 2173 3108 so-

594 3150 670 3203 lio
726 3145 1026 3217 depelleret
1073 3143 1459 3214 Nicephorum,
1485 3159 1742 3217 magnum
1774 3153 1832 3199 et
1860 3160 1988 3201 vere
2011 3145 2170 3200 Nice-

594 3240 853 3311 phorum,
887 3250 1123 3305 eumque
1180 3235 1421 3293 mitteret
1474 3235 1530 3293 in
1574 3236 1848 3301 exsilium,
1891 3252 2000 3292 non
2056 3251 2167 3291 una

596 3330 858 3403 relegavit
883 3330 1129 3385 exsulem
1152 3344 1183 3383 a
1209 3328 1365 3385 libris
1392 3329 1542 3394 suis;
1574 3329 1668 3384 sed
1707 3343 1808 3383 nec
1826 3328 2003 3387 inedia
2032 3344 2169 3383 cono

596 3426 746 3490 fecit,
773 3424 1229 3496 quemadmodum
1255 3440 1354 3483 nos
1383 3424 1525 3479 fame
1562 3438 1887 3479 enecamur:
1912 3432 1969 3478 et
1988 3431 2170 3477 tamen

596 3533 809 3574 summe
855 3517 909 3571 in
956 3516 1096 3572 votis
1161 3515 1414 3583 habebat,
1456 3524 1517 3575 ut
1546 3515 1636 3570 ille
1680 3515 1881 3593 athleta
1945 3514 2172 3569 interitu

595 3612 970 3676 occumberet,
1026 3627 1135 3665 non
1189 3611 1374 3665 minus
1405 3625 1571 3679 quam
1618 3618 1682 3663 ut
1733 3624 1959 3680 regnum
2001 3607 2173 3678 ipsius

595 3705 823 3773 impium
855 3716 1021 3772 quam
1060 3701 1367 3757 diutissime
1396 3700 1721 3769 perduraret
1753 3716 1767 3753 :
1804 3699 1897 3753 sed
1925 3698 2014 3753 ille
2041 3697 2175 3752 titnn

596 3795 708 3849 lum
730 3792 1008 3849 homicidii
1051 3792 1236 3846 subire
1282 3790 1497 3856 noluit;
1526 3806 1629 3849 nec
1669 3804 1863 3844 carnes
1895 3789 2175 3844 ministro~

596 3900 717 3939 rum
754 3897 1002 3946 suorum,
1030 3897 1142 3935 non
1171 3895 1329 3936 secus
1358 3896 1519 3948 quam
1576 3880 1849 3934 latronum
1881 3887 1974 3932 aut
1992 3878 2177 3948 prodi-

597 3986 779 4031 torum
816 3973 1095 4029 frustatim
1125 3972 1450 4037 dissecabat,
1481 3980 1756 4041 utcunque
1803 3971 2039 4041 alioquin
2071 3971 2177 4026 im-

596 4068 744 4138 pius,
796 4073 853 4119 et
904 4064 1226 4135 sanguinem
1272 4063 1522 4133 spirans;
1572 4078 1683 4119 non
1732 4078 2059 4132 quemquam
2107 4064 2177 4119 ab

597 4160 899 4214 amicorum
977 4156 1292 4212 visitatione
1355 4156 1627 4223 exclusit;
1684 4171 1783 4211 nec
1855 4156 2175 4212 facultatum

598 4250 800 4306 damno
867 4264 1195 4321 quemquam
1279 4249 1516 4319 punivit.
1584 4247 1961 4305 Reverebatur
2027 4250 2174 4304 enim

596 4342 1093 4405 Christianismum,
1116 4358 1277 4412 quem
1315 4358 1427 4413 prae
1453 4358 1513 4397 se
1544 4342 1775 4407 ferebat,
1808 4343 1879 4398 ita
1906 4353 1966 4398 ut
2011 4344 2181 4399 nollet

2265 1954 2452 2018 τικοὺς
2475 1955 2504 2007 6
2564 1954 2737 2025 μέγας
2774 1954 3205 2019 Κωνσταντῖνος,
3252 1952 3340 2005 διά
3368 1951 3466 2023 τὴν
3496 1952 3681 2005 αὑτῶν
3717 1952 3835 2004 δυσ⁴

2268 2046 2486 2099 σέϐειαν
2516 2048 2609 2099 καὶ
2638 2046 2699 2098 τὸ
2726 2048 2825 2116 τῆς
2849 2045 3079 2117 γνώμης
3115 2044 3469 2114 παλίμϐολον,
3511 2043 3834 2117 ὑπερορίους

2265 2137 2565 2207 ἐποιήσατο
2586 2151 2602 2168 ο
2630 2136 2748 2191 ἀλλ’
2778 2135 2901 2190 οὔτε
2956 2136 3063 2190 τῶν
3092 2136 3445 2206 ὑπαρχόντων
3498 2134 3832 2207 ἐγύμνωσεν,

2266 2228 2390 2283 οὔτε
2425 2228 2650 2299 βιϐλίοις
2687 2227 3161 2300 προσεξημίωσεν.
3219 2227 3513 2300 ᾘσχύνετο
3543 2228 3661 2298 γὰρ
3685 2226 3833 2296 λόγου

2267 2322 2519 2388 κωλύειν,
2554 2320 2668 2385 οὓς,
2701 2321 2783 2375 ὅτι
2808 2320 3017 2390 ἀλόγως
3065 2320 3356 2392 ἔπραττον,
3386 2319 3577 2393 ἐξορία
3629 2319 3832 2374 κατεδί-

2267 2414 2437 2480 καζε·
2462 2414 2757 2485 Νεπόριος
2790 2415 2819 2467 6
2856 2412 3121 2483 δυσσεϐὴς
3165 2412 3501 2483 ἐξορίζεταν
3553 2414 3833 2483 Διόσκορος

2273 2508 2436 2563 πάλιν
2459 2526 2473 2539 ·
2498 2508 2706 2575 Πέτρος
2731 2508 2759 2559 6
2779 2505 3040 2568 δείλαιος’
3066 2504 3302 2574 Σευῆρος
3322 2506 3415 2557 καὶ
3444 2504 3636 2557 πολλοὶ
3662 2504 3828 2558 ἀλλοι-

2267 2600 2386 2655 ἀλλ’
2415 2599 2591 2663 οὐδεὶς
2625 2598 2805 2653 αὐτῶν
2856 2597 3077 2667 βιϐλίων
3129 2596 3512 2668 αίχμαλωσίαν
3558 2597 3830 2667 ὑπέμεινε.

2269 2691 2336 2746 Τί
2363 2691 2420 2745 δέ
2445 2692 2595 2759 λέγω
2621 2689 2689 2743 τά
2714 2690 2952 2754 παλαιά;
2992 2688 3198 2744 Λέοντα
3250 2688 3341 2741 τὸν
3370 2688 3611 2759 δυσσεϐῆ
3662 2687 3834 2741 πολλοὶ

2269 2785 2367 2839 καὶ
2397 2784 2507 2837 τῶν
2534 2783 2616 2837 ἐτι
2642 2782 2944 2853 περιόντων
2970 2782 3117 2835 ίσασι
3143 2780 3330 2852 θηρίον
3352 2789 3380 2818 '
3415 2780 3623 2851 μᾶλλον
3666 2780 3699 2850 ἦ
3744 2782 3831 2834 ἀν-

2270 2875 2489 2948 θρώπου
2520 2876 2682 2945 φύσιν
2704 2874 3113 2945 ἐπιδειξάμενον
3136 2886 3151 2903 ·
3184 2873 3301 2926 ἀλλ’
3338 2868 3495 2937 οὗτος
3522 2874 3618 2926 τὸν
3650 2874 3833 2941 μέγαν,

2270 2968 2369 3023 καὶ
2402 2969 2479 3033 ὡς
2530 2968 2750 3039 ἀληθῶς
2797 2968 3139 3040 Νικηφόρον,
3189 2966 3432 3022 ἐλαύνων
3467 2966 3568 3019 τοῦ
3631 2966 3833 3037 θρόνου,

2271 3060 2367 3114 καὶ
2396 3056 2582 3129 ἐξορία
2616 3057 2966 3129 παραδιδοὺς,
3010 3056 3108 3127 οὑχ
3158 3056 3241 3109 δτι
3295 3055 3527 3108 καὶτῶν
3556 3054 3725 3108 αὑτοῦ
3762 3054 3837 3125 βι-

2195 3178 2239 3240 c
2272 3149 2437 3205 ϐλίων
2462 3150 2719 3221 ἐποίησεν
2744 3149 3072 3221 ὑπερόριον⁹
3128 3148 3191 3201 οὑ
3222 3148 3322 3216 μὲν
3352 3143 3445 3202 οὖν
3497 3147 3627 3201 οὐδὲ
3664 3148 3836 3217 mpo-

2270 3242 2551 3313 κτόνησεν.
2587 3242 2660 3307 ὼς
2706 3242 2867 3311 ἡμεῖς
2896 3239 3394 3312 λιμαγχονούμεθα.
3424 3238 3534 3294 Καί
3561 3256 3649 3292 τοι
3696 3238 3839 3293 οὐδὲν

2267 3330 2431 3407 ἦττον
2489 3334 2581 3388 τὸν
2639 3332 2881 3404 ἀθλητὴν
2928 3330 3196 3401 ἐπεθύμει
3262 3329 3466 3393 θανεῖν,
3516 3330 3615 3381 καὶ
3662 3330 3698 3399 ἢ
3748 3329 3842 3399 τὴν

2272 3426 2436 3483 αὑτοῦ
2466 3425 2742 3497 βασιλείαν
2775 3426 2856 3488 είς
2905 3424 3080 3494 μῆκος
3138 3420 3371 3492 χρόνων,
3418 3419 3486 3473 δι’
3514 3413 3594 3474 ὧν
3646 3419 3838 3484 ἐσέϐει,

2270 3519 2453 3575 πάντα
2505 3514 2992 3592 παραταθήσεσθαι
3018 3531 3035 3547 ’
3086 3513 3203 3568 ἀλλ’
3266 3514 3414 3584 ὅμως
3456 3512 3635 3583 δνομα
3667 3511 3843 3565 λαϐεῖν

2271 3612 2623 3682 ἀνδροφονίας
2649 3610 3006 3679 ἐφυλάττετοο
3031 3607 3091 3662 οὑ
3141 3606 3242 3670 τὰς
3297 3607 3507 3677 σάρκας
3532 3604 3647 3659 τῶν
3707 3605 3843 3673 ὑπη-

2277 3702 2573 3776 ρετούντων
2602 3700 2772 3770 αὑτῷ,
2802 3698 3018 3772 λῃστῶν
3049 3698 3146 3753 καὶ
3179 3698 3455 3766 προδοτῶν
3500 3697 3684 3767 δίκην,
3723 3712 3845 3750 κατ-

2274 3796 2461 3865 έκοψε,
2483 3794 2687 3865 καίπερ
2704 3791 2981 3847 δυσσεϐῶν
2996 3791 3164 3845 τάλλα
3186 3800 3235 3856 ι,
3254 3793 3350 3846 καὶ
3370 3791 3552 3843 πνέων
3568 3789 3844 3860 ὡμότηταο

2274 3890 2337 3943 οὑ
2366 3888 2477 3943 τῶν
2508 3887 2791 3956 συγγενῶν
2818 3885 2919 3957 τὴν
2964 3884 3184 3955 ὁμιλίαν
3231 3884 3508 3938 ἐκώλυσεν
3528 3900 3544 3915 ο
3588 3883 3713 3953 οὐχὶ
3745 3881 3847 3934 τῶν

2276 3980 2633 4052 ὑπαρχόντων
2730 3978 2935 4051 ζημίαν
2990 3977 3336 4047 ὑπήνεγκεν.
3404 3974 3638 4049 ᾘδέσθη
3719 3974 3845 4045 γὰρ,

2277 4069 2712 4140 Χριστιανισμὸν
2759 4068 3209 4140 ὑποκρινόμενος,
3272 4067 3548 4136 Ἐλλήνων
3597 4066 3847 4137 ὠμότερα

2276 4164 2731 4237 διαπράττεσθαι.
2819 4165 3050 4218 Ἐκεῖνοι
3124 4163 3257 4233 γάρ,
3314 4161 3669 4230 ἀναιροῦντες
3728 4160 3847 4222 τοῦς

2283 4262 2590 4329 μάρτυρας,
2650 4258 2799 4327 ὅμως
2848 4254 2975 4309 οὔτε
3021 4254 3343 4327 θεραπείας,
3394 4256 3497 4324 τῆς
3543 4254 3699 4324 παρά
3746 4253 3847 4305 τῶν

2279 4350 2521 4415 οἰκείων,
2555 4349 2846 4419 τυγχάνειν
2884 4346 3159 4401 ἐκώλυον
3196 4346 3368 4400 οὐδὲῐ
3417 4346 3526 4399 τῶν
3581 4346 3847 4416 ὑπαρχόν-

597 4438 884 4492 crudelius
925 4453 1088 4508 quam
1140 4439 1334 4509 pagani
1386 4437 1670 4495 desmvire.
1714 4436 1795 4493 Illi
1844 4438 1990 4493 enim
2051 4454 2171 4493 cum

2280 4459 2389 4497 των
2417 4441 2726 4515 ἀφῃροῦντο
2749 4441 2850 4512 τὴν
2877 4440 3199 4512 κυριότητα.
3232 4438 3309 4493 Οὑ
3341 4439 3449 4508 μὴν
3480 4438 3605 4491 οὐδὲ
3626 4438 3850 4508 ψαλμῳ-

598 4540 862 4603 martyres
881 4540 1341 4595 consummarent,
1362 4546 1470 4587 non
1504 4531 1874 4602 impediebant
1890 4531 2180 4601 quominus

596 4624 900 4679 amicorum
955 4622 1220 4679 famulitio
1286 4632 1622 4685 uterentur;
1672 4639 1775 4680 nec
1844 4624 2179 4695 proprietate

598 4715 883 4787 privarunt
920 4712 1258 4770 facultatum.
1285 4714 1392 4771 Sed
1419 4730 1547 4771 meo
1594 4715 1685 4771 ille
1714 4714 1823 4771 Leo
1850 4716 2180 4787 psalmodias

597 4809 942 4879 prohibebat,
964 4824 1153 4863 verum
1180 4808 1473 4864 multorum
1496 4810 1891 4864 monachorum
1915 4809 1970 4863 in
1994 4824 2169 4863 unum

596 4917 914 4957 consessum
946 4901 1060 4956 ﬁeri
1094 4902 1275 4956 solatii
1300 4916 1467 4957 causa
1492 4899 1721 4956 ferebat.
1748 4901 1949 4957 Domos
1966 4902 2180 4958 divinas

596 5001 655 5045 et
682 4999 921 5047 sacratas
955 4992 1066 5047 Deo
1102 4992 1248 5048 aedes
1280 5006 1392 5046 non
1440 4991 1766 5054 subruebat;
1815 5000 2087 5056 metuens,
2119 4997 2181 5045 ut

599 5083 881 5153 probabile
920 5093 1026 5148 est,
1058 5093 1253 5138 contra
1314 5097 1469 5138 sacra
1509 5097 1675 5152 opera
1743 5083 2017 5147 insaavire,
2051 5098 2178 5137 cum

603 5175 852 5229 homines
876 5191 987 5229 non
1015 5184 1288 5230 metueret
1310 5173 1612 5229 oﬂ‘endere.
1636 5173 1707 5228 At
1729 5182 1923 5229 contra
1950 5189 2059 5238 me,
2090 5173 2179 5229 hei

601 5263 766 5319 mihi!
795 5265 979 5319 omnia
1008 5280 1170 5328 nova,
1199 5281 1420 5319 omnem
1446 5264 1761 5334 tragoediam
1797 5264 2182 5335 exsuperantia

601 5367 937 5426 usurpantnr
979 5376 992 5412 :
1034 5358 1301 5427 captivor,
1330 5357 1399 5412 ab
1432 5357 1690 5413 omnibus
1720 5356 1942 5413 deseror
1963 5356 2174 5421 amicis,

600 5450 671 5507 ab
697 5449 974 5518 amnibus,
996 5450 1216 5507 famulis
1250 5450 1453 5522 privor,
1476 5451 1855 5523 psallentibus,
1895 5452 2177 5509 monachi-

711 5612 753 5644 "
788 5616 959 5665 Amos
998 5626 1115 5675 vur,
1145 5608 1227 5663 ll.

2280 4536 2398 4598 δίας
2445 4536 2653 4597 ἐκεῖνος
2676 4532 2958 4604 ἐξέκοψεν,
2977 4532 3113 4586 ἀλλά
3150 4531 3247 4586 καὶ
3271 4530 3483 4583 πολλῶν
3514 4530 3847 4599 μοναζόντων

2282 4626 2575 4681 συναυλίαν
2600 4626 2842 4683 ἀνεδίδου
2871 4623 3241 4697 παραμύθιον.
3272 4624 3348 4678 Οὐ
3370 4623 3497 4685 τοὺς
3524 4620 3848 4691 ἀφιερωθέν-

2280 4736 2383 4783 τας
2411 4718 2559 4790 αὐτῷ
2610 4720 2797 4783 οίκους
2844 4717 2983 4771 Θεοῦ
3044 4718 3141 4771 καὶ
3180 4718 3345 4780 ναοὺς
3398 4714 3845 4785 κατεστρέψατο·

2279 4808 2609 4863 ἐδυσωπεῖτο
2628 4808 2755 4879 γὰρ,
2782 4806 2859 4871 ὡς
2876 4807 3149 4878 ἐνόμιζεν,
3174 4806 3448 4878 ἀνθρώπῳ
3470 4806 3846 4875 προσκρούων,

2280 4903 2395 4965 τοῖς
2420 4900 2587 4966 θείοις
2614 4901 2797 4971 ἔργοις
2842 4900 2960 4954 ἐπι)
2972 4899 3317 4969 υμαίνεσθαι.
3350 4897 3491 4952 Καθ’
3517 4896 3677 4968 ἡμῶν
3702 4895 3777 4956 δὲ,
3801 4892 3850 4945 οῖ

2282 5010 2395 5065 μοι,
2424 4992 2608 5047 πάντα
2639 4993 2821 5059 καινὰ,
2853 4992 2951 5047 καὶ
2970 4991 3281 5064 τραγῳδίας
3312 4991 3581 5044 ἐπέκεινα
3608 5003 3622 5016 ·
3646 4985 3845 5057 αίχμά-

2279 5084 2442 5138 λωτοι
2490 5084 2710 5139 πάντων
2726 5095 2773 5151 ι,
2826 5085 3023 5156 ἔρημοι
3066 5084 3258 5153 φίλων,
3315 5082 3517 5153 ἔρημοι
3553 5078 3843 5147 συγγενῶν.

2281 5180 2721 5249 ὑπηρετούντων,
2797 5181 3000 5252 ἔρημοι
3069 5181 3405 5251 ψαλλόντων,
3479 5178 3846 5249 μοωζὸντωνσ

2280 5272 2403 5327 ἀντὶ
2422 5272 2481 5325 δὲ
2516 5272 2710 5342 φίλων,
2762 5273 2884 5329 ἀντὶ
2921 5272 3288 5343 μοναζόντων,
3347 5272 3469 5326 ἀντὶ
3521 5267 3848 5339 ψαλλόντων.

2281 5361 2405 5415 ἀντὶ
2437 5362 2658 5416 πάντων
2719 5362 2934 5427 ἁπλῶς,
2976 5360 3329 5431 στρατιωτῶν
3362 5356 3715 5417 κουστωδίαις
3760 5350 3852 5403 καὶ

2285 5458 2696 5527 στρατιωτικοῖς
2762 5457 2941 5529 λόχοις
2986 5454 3315 5527 ἐκδεδόμεθα
3338 5471 3355 5487 ο
3403 5448 3852 5523 κατεστρὰφησαν

1878 5712 2113 5766 VARI/Ii
2154 5715 2553 5779 LECTIONES.

680 5825 701 5853 π
744 5816 830 5869 la.
855 5814 1067 5887 θηρίου.
1146 5825 1166 5852 ι
1202 5814 1270 5867 τὰ
1293 5811 1448 5867 ἄλλα.
1532 5805 1723 5859 ῐοὺτε.
1805 5815 1824 5841 ι
1870 5805 2099 5869 πάντως.
