4044 6398
166 364 279 428 769

1330 366 1868 432 EPISTOLARUM
1906 373 2139 436 LIBER
2178 377 2230 438 I.
2326 350 2329 355 ’

3332 379 3441 444 770

164 476 314 533 οἴκοι
341 475 500 541 Θεοῦ,
535 479 632 531 καὶ
660 476 1015 550 λελωϐημένα
1070 478 1298 551 σώματα
1347 482 1599 554 πενήτων
1630 501 1753 555 μετ-

1865 505 2034 547 smum
2066 494 2404 555 colentibus;
2435 507 2536 563 pro
2562 490 2775 554 amicis,
2820 487 3092 552 amnibus,
3125 490 3437 559 monachis,

166 571 479 640 ανὲστησαν
502 584 518 602 ⁸
546 570 731 626 καὶτὰ
766 571 1085 643 ὑπάρχοντα
1110 573 1316 639 αὐτοῖς,
1365 574 1443 640 ὡς
1478 576 1755 647 πολεμίων

169 663 626 734 ὲδημοσιώθησαν
655 663 899 733 λάφυρα’
936 664 1023 719 ἵνα
1063 665 1118 718 τί
1149 666 1418 738 γένηται;
1461 666 1549 722 ἵνα
1592 668 1756 740 ήμεῖς

167 754 495 825 ἀνιάσωμεν
513 770 527 785 ε
556 752 677 809 λίαν
699 754 917 826 πικρῶς
936 757 1239 827 ὴνιάσαμεν
1258 773 1273 789 ’
1301 756 1614 831 ἱλαστήριον
1638 760 1752 833 γὰρ

168 846 310 917 ἡμῖν
345 846 783 918 ἁμαρτημάτων,
822 848 1026 902 ἐκεῖνοί
1052 866 1112 902 τε
1153 850 1248 905 καὶ
1285 851 1335 905 οί
1372 853 1503 922 περὶ
1527 851 1750 919 αὐτοὺς,

170 943 447 1013 θεραπεία
484 936 602 1015 Θεῷ
621 952 648 985 α
678 943 974 1017 άιριέρωτο.
1014 944 1154 998 Ἀλλ’
1184 946 1289 999 ἔδει
1321 948 1588 1016 συννοεῖν,
1641 949 1751 1020 μή-

169 1051 311 1088 ποτε
358 1035 455 1088 καὶ
508 1034 642 1099 Θεὸς
671 1036 806 1107 ἡμῖν
849 1037 879 1090 ὁ
929 1036 1314 1108 ζημιούμενος,
1375 1039 1577 1111 μᾶλλον
1628 1057 1754 1095 συν-

168 1127 505 1200 αλγήσειεν’
556 1127 717 1200 εἰπερ
755 1129 920 1189 αὐτός
958 1131 1125 1197 ἐστιν,
1155 1132 1185 1184 ό
1233 1132 1304 1185 τά
1348 1132 1458 1185 τῶν
1501 1134 1753 1203 πενήτων

168 1220 572 1292 οἰκειούμενος.
606 1221 887 1293 Σωμάτων
915 1221 1017 1292 μὲν
1050 1220 1347 1290 κακώσεις,
1399 1224 1558 1296 νόμοι
1618 1226 1755 1278 Ῥω-

174 1310 381 1381 μαίων,
405 1314 518 1376 τοῖς
547 1311 640 1365 ἐπὶ
690 1312 997 1385 κακουργίᾳ
1054 1310 1298 1378 ἁλοῦσιν,
1346 1316 1427 1378 είς
1485 1314 1756 1387 κάθαρσιν

171 1402 359 1473 ψυχῆς
380 1402 684 1473 ἐπενόησαν
705 1419 721 1435 ο
738 1402 921 1475 ψυχῆς
945 1403 1004 1458 δὲ
1023 1402 1300 1469 κακώσεις
1322 1405 1418 1459 καὶ
1440 1405 1753 1473 ἐπιϐουλὰς,

174 1493 302 1546 οὐδὲ
322 1493 486 1565 ἀκοῇ,
520 1493 682 1565 μέχρι
707 1492 825 1561 νῦν,
870 1495 1025 1566 παρά
1051 1512 1195 1549 τισιν
1222 1495 1528 1567 ἀνθρώπων
1565 1499 1756 1567 ἐπιτη-

174 1587 474 1653 δευομένας
502 1588 925 1661 παρειλήφαμεν
946 1607 961 1622 ο
1004 1592 1055 1645 εί
1080 1592 1174 1645 καὶ
1205 1589 1303 1648 νῦν
1322 1595 1391 1665 τῇ
1420 1593 1589 1665 πείρᾳ⁸
1623 1609 1755 1663 μανι

177 1678 418 1750 θάνομεν
438 1697 453 1711 ·
479 1680 638 1735 τοῦτο
663 1682 774 1752 γὰρ
795 1681 954 1753 δῆλον
978 1683 1060 1736 ὅτι
1082 1685 1249 1749 ποιεῖ,
1276 1684 1384 1756 ἥτε
1402 1683 1512 1737 τῶν
1533 1683 1756 1754 βιϐλίων

174 1771 494 1841 ἀφαίρεσις,
524 1772 621 1826 καὶ
639 1772 735 1826 τοῦ
754 1770 954 1844 λύτρου
970 1772 1079 1826 τῶν
1100 1773 1517 1846 ἁμαρτημάτων
1535 1774 1569 1844 ή
1583 1791 1755 1827 κατα-

180 1862 392 1936 στροφὴ
440 1864 533 1917 καὶ
582 1840 895 1933 ἀναίρεσις*
939 1866 972 1938 ή
1016 1865 1117 1937 μὲν
1143 1840 1426 1936 αὑτῆς-τὺ
1472 1840 1631 1938 ὄμμα
1657 1866 1757 1938 τῆς
1786 1840 1831 1897 Β

180 1955 419 2028 θεωρίας
449 1956 886 2012 ὲναποσϐέννυσα
910 1956 1006 2012 καὶ
1056 1957 1445 2030 διαφθείρουσα
1465 1978 1482 1993 ο
1531 1960 1566 2031 ή
1599 1959 1658 2013 δὲ
1699 1959 1761 2013 τὸ

178 2048 468 2104 κάλλιπον
480 2049 590 2104 τῶν
601 2047 853 2121 πράξεων
868 2050 1242 2122 πρασσωμένη
1268 2052 1366 2105 καὶ
1386 2050 1757 2106 καταλύουσα⁸

178 2143 267 2206 τίς
330 2144 564 2214 ἧκουσεν
609 2142 670 2208 ἐξ
697 2143 913 2208 αἰῶνος,
978 2144 1123 2197 κατὰ
1146 2143 1337 2214 ψυχῶν
1368 2144 1755 2217 ἀνθρωπίνων,

179 2233 422 2305 πόλεμον
447 2235 551 2287 ὑπὸ
576 2233 673 2288 ἀνθ
684 2233 885 2306 ρώπων
911 2231 1329 2304 ὲπινοούμενον;
1362 2234 1423 2287 ού
1446 2236 1556 2308 γὰρ
1576 2235 1760 2290 ἱκαναὶ

180 2325 422 2380 κενῶσαι
442 2325 805 2396 πᾶσανόργὴν
821 2322 877 2378 αἱ
902 2324 1165 2397 τιμωρίαι
1185 2326 1281 2379 τοῦ
1303 2324 1762 2401 σώματος,μὺπερ-

184 2417 334 2488 ορία,
368 2417 465 2473 καὶ
516 2417 885 2489 αίχμαλωσία,
912 2418 1009 2471 καὶ
1039 2416 1217 2488 λιμὸς,
1249 2419 1345 2474 καὶ
1383 2420 1622 2491 φρουρὰ,
1668 2422 1763 2475 καὶ

179 2510 413 2572 θάνατος
429 2508 551 2564 καθ’
578 2509 816 2581 ἑκάστην
842 2510 1199 2579 ἑπαγόμενος,
1233 2512 1328 2565 καὶ
1344 2512 1585 2583 τοσούτῳ
1602 2512 1764 2583 μόνον

180 2592 278 2654 τοῦ
305 2600 445 2665 ζώου
474 2600 807 2672 φειδόμενος,
836 2601 949 2672 ὅσῳ
967 2603 1043 2675 μὴ
1076 2601 1387 2657 συνανελεῖν
1415 2602 1640 2659 καὶτῶν
1669 2607 1765 2660 ἁλ-

181 2691 386 2763 γεινῶν
411 2692 510 2765 τὴν
531 2692 907 2765 συναίσθησιν,
932 2694 1071 2766 ὅπερ
1102 2694 1219 2747 ἐστὶ
1232 2696 1295 2747 τδ
1317 2696 1642 2767 πικρότατον
1666 2693 1763 2747 τοῦ

183 2786 419 2841 θανάτου
458 2788 704 2858 κέντρον,
755 2788 849 2841 καὶ
889 2787 927 2858 ἡ
955 2786 1232 2859 ἀφόρητος
1267 2786 1523 2859 βάσανος,
1559 2788 1647 2841 ἶνα
1670 2789 1765 2842 καὶ

181 2879 256 2933 τὰ
284 2878 391 2933 τῶν
421 2878 763 2948 θνησκόντων
794 2878 1115 2951 πάσχωμεν,
1146 2879 1244 2934 καὶ
1273 2876 1352 2952 τῷ
1410 2880 1629 2953 θανάτῳ
1689 2881 1761 2936 τὰ

186 2970 339 3042 πάθη
377 2971 453 3044 μὴ
470 2972 840 3029 συνδιαλύοιτο
857 2990 873 3008 ’
899 2976 929 3030 ὃ
951 2978 1115 3049 μόνον
1132 2971 1224 3050 ἦν,
1257 2977 1333 3043 ὡς
1367 2979 1426 3033 ὲν
1448 2976 1761 3051 τηλικούτῳ

185 3066 367 3136 κακῷ,
420 3070 534 3130 τοῖς
580 3066 877 3139 θνήσκουσι
938 3068 1309 3142 παραμύθιον.
1361 3070 1667 3143 Σκόπησον,
1721 3064 1767 3125 ὦ

185 3154 438 3259 βασιλεῦ,
478 3157 653 3259 ταῦτα
678 3159 820 3213 κατὰ
841 3161 1071 3215 σεαυτόν
1097 3176 1111 3189 ·
1139 3161 1237 3215 καὶ
1263 3162 1312 3215 εί
1371 3161 1473 3232 μὲν
1504 3161 1674 3232 ἀθῳοῖ
1702 3178 1762 3214 σε
1793 3195 1839 3259 C

184 3250 248 3303 τὸ
280 3250 374 3304 σὺν
402 3251 662 3319 συνειδὸς,
704 3251 942 3325 πρόσθες
972 3255 1070 3309 καὶ
1106 3255 1272 3328 ἔτερα
1318 3255 1442 3311 καθ’
1479 3254 1663 3327 ήμῶν,
1698 3255 1764 3309 ἂν

184 3343 297 3414 ἄρα
340 3358 395 3395 τι
422 3343 518 3397 καὶ
566 3344 1021 3416 παραλέλειπται.
1062 3348 1126 3402 Ei
1170 3348 1229 3402 δὲ
1275 3349 1653 3415 καταδικάζει,
1687 3347 1765 3418 μὴ

185 3436 490 3509 ἁναμείνης
533 3436 633 3509 τὴν
665 3437 875 3492 ἐκεῖθεν
920 3439 1243 3513 καταδίκην,
1267 3443 1356 3495 ὅτε
1384 3443 1480 3496 καὶ
1520 3445 1555 3512 ἡ
1588 3459 1762 3512 μετα-

187 3529 383 3599 μέλεια
407 3529 701 3601 ἄχρηστος.
749 3531 893 3601 Ἐγὼ
919 3532 978 3585 δέ
1001 3550 1095 3587 σου
1143 3534 1357 3605 δέομαι,
1402 3534 1597 3606 καινὴν
1634 3535 1766 3600 ἴσως

185 3624 399 3695 δέησιν,
432 3623 550 3677 ἀλλ’
606 3625 702 3679 ἐπὶ
743 3626 1083 3691 καινοτάταις
1125 3627 1582 3700 προσαγομένην·
1630 3626 1764 3698 στῆ-

189 3732 304 3782 σον,
336 3713 381 3769 ὣ
410 3714 656 3786 βασιλεῦ,
707 3717 779 3773 τὰ
808 3718 979 3784 κακὰ,
1012 3711 1057 3787 ᾧ
1100 3717 1280 3789 βούλει
1332 3718 1554 3792 τρόπῳ·
1593 3720 1628 3792 ἢ
1670 3718 1765 3774 τοῦ

188 3806 308 3877 βίου
342 3810 529 3879 τάχιον
553 3810 702 3882 ήμᾶς
749 3812 844 3866 καὶ
869 3812 946 3883 μή
992 3814 1130 3883 μετὰ
1159 3813 1260 3884 τῆς
1296 3810 1505 3886 πολλῆς
1557 3814 1768 3885 ταύτης

188 3899 286 3952 καὶ
314 3899 529 3970 ἀφάτου
562 3903 868 3975 ταριχείας,
930 3904 1145 3974 ἐξάγων
1170 3921 1185 3936 ·
1233 3906 1267 3979 ἢ
1314 3905 1411 3979 τὴν
1458 3907 1767 3980 ὑπερϐολὴν

190 3991 520 4046 ἀνακόπτων
556 3993 667 4048 τῶν
694 3995 1004 4069 δυσχερῶνο
1041 3996 1315 4070 μνήσθητι
1344 3998 1426 4052 ὃτι
1475 3999 1767 4071 ἄνθρωπος

189 4076 263 4145 εἷ,
296 4081 403 4135 κᾶν
461 4083 788 4157 βασιλεύηςο
833 4087 1105 4159 μνήσθητι
1168 4090 1252 4144 ὅτι
1288 4091 1467 4162 σάρκα
1516 4092 1763 4162 περικεί-

190 4173 336 4243 μεθα
374 4174 472 4244 τὴν
501 4177 694 4249 αὐτὴν,
727 4179 823 4232 καὶ
846 4178 1083 4249 βασιλεῖς
1107 4180 1203 4234 καὶ
1248 4182 1480 4247 ἰδιῶται,
1515 4184 1611 4237 καὶ
1667 4173 1767 4255 τῆς

190 4266 366 4334 αὐτῆς
429 4268 796 4339 κοινωνοῦμεν
854 4270 1103 4339 φύσεωςο
1141 4273 1413 4344 μνήσθητι
1461 4276 1544 4328 ὅτι
1590 4277 1768 4330 κοινὸν

190 4358 472 4427 Δεσπότην
508 4361 706 4431 ἔχομεν
740 4362 834 4415 καὶ
857 4362 1130 4432 Πλάστην,
1161 4365 1257 4418 καὶ
1285 4366 1462 4420 κοινὸν
1488 4369 1698 4439 Κριτήν
1717 4368 1766 4423 ι).

1856 585 2237 657 psallentibus,
2275 601 2340 641 ac
2366 598 2467 656 pro
2497 583 2715 640 caeteris
2738 581 3018 647 omnibus,
3049 580 3284 634 militum
3314 597 3442 637 cus-

1827 678 2038 747 .todize,
2092 677 2421 732 militaribus
2468 676 2665 730 turmis
2705 673 2930 729 trador:
2987 671 3267 727 subversa
3308 679 3449 725 sunt,

1857 767 1951 824 Dei
1986 767 2154 832 aedes,
2202 767 2342 822 male
2378 767 2603 822 multata
2648 776 2951 836 pauperum
2987 778 3215 834 corpora
3264 770 3441 816 trans-

1859 861 1990 926 lata,
2022 860 2313 918 facultates
2333 875 2523 915 eorum
2555 873 2666 913 non
2711 857 2869 912 aliter
2891 872 3057 927 quam
3086 854 3214 911 belli
3267 854 3449 925 spolia-

1854 953 2177 1024 publicataz:
2220 952 2276 1007 in
2322 966 2481 1021 quem
2522 946 2726 1004 ﬁnem?
2765 962 2963 1018 nempe
2999 955 3060 1002 ut
3109 960 3209 1016 ego
3253 960 3447 999 excru-

1857 1044 2011 1100 cier:
2047 1055 2197 1100 certe
2227 1043 2501 1099 crudelem
2548 1042 2602 1094 in
2634 1040 2856 1095 modum
2896 1054 2998 1108 ego
3042 1037 3452 1103 excarniﬁcor;

1855 1136 1948 1206 qui
1982 1150 2080 1206 pro
2110 1133 2352 1206 peccatis
2382 1131 2520 1187 meis
2562 1145 2686 1185 cum
2719 1127 3186 1200 propitiatorium,
3235 1134 3291 1180 et
3325 1125 3452 1178 illas

1855 1229 2001 1284 aedes
2020 1236 2076 1281 et
2115 1226 2359 1297 ipsorum
2384 1222 2618 1279 famulos
2640 1221 3065 1283 destinaveram,
3092 1232 3121 1271 a
3155 1215 3455 1272 serviendo

1856 1317 1971 1373 Deo
2025 1316 2102 1372 illi
2161 1315 2591 1379 abstrahuntuer;
2652 1312 2751 1369 sed
2800 1309 3153 1383 cogitandum
3212 1308 3317 1363 fuit
3374 1322 3454 1361 an.

1861 1411 2009 1468 Deus
2067 1409 2269 1465 damno
2352 1422 2383 1463 a
2452 1407 2613 1462 nobis
2694 1402 2982 1471 abiciatur,
3031 1410 3088 1457 et
3145 1400 3446 1456 vehemen-

1854 1504 1967 1560 tius
2007 1502 2205 1558 doleat.
2233 1500 2393 1555 Certe
2422 1498 2644 1570 quidem
2681 1496 2830 1553 dolet
2880 1496 2927 1551 si
2990 1494 3157 1549 modo
3194 1492 3285 1547 ille
3328 1491 3457 1562 ipse

1856 1605 1962 1661 est,
1997 1595 2092 1666 qui
2143 1607 2446 1665 pauperum
2481 1599 2690 1647 statum
2725 1590 2782 1644 in
2817 1603 2879 1644 se
2919 1586 3116 1658 recipit
3140 1599 3446 1656 procuran-

1857 1688 2008 1744 dum.
2042 1687 2319 1757 Corporea
2355 1693 2629 1741 tormenta
2659 1681 2849 1738 civiles
2870 1679 3247 1735 Romanorum
3297 1677 3458 1747 leges

1858 1779 1912 1834 in
1948 1776 2245 1844 maleﬁcos,
2276 1777 2344 1832 ad
2382 1773 2726 1847 purgandum
2756 1772 3000 1826 animum
3035 1768 3442 1833 adhibuerunt;

1862 1873 2058 1928 animae
2097 1880 2280 1925 autem
2315 1867 2615 1931 cruciatus,
2644 1874 2701 1919 et
2736 1864 2793 1918 in
2819 1878 2943 1918 eam
2982 1861 3453 1931 conspirationes,

1861 1982 1933 2022 ne
1955 1965 2120 2021 fando
2152 1962 2393 2034 quidem,
2433 1959 2542 2016 nisi
2579 1972 2731 2014 nunc
2766 1956 3029 2028 primum,
3056 1953 3201 2024 apud
3230 1952 3458 2021 aliquos

1862 2054 2230 2111 intelleximus
2271 2058 2561 2121 usurpatas
2596 2066 2611 2104 :
2655 2046 2753 2103 sed
2794 2059 2899 2101 nos
2943 2044 3001 2099 in
3051 2042 3311 2114 praesenti
3352 2056 3448 2095 eas

1860 2148 2213 2219 experimur;
2260 2144 2391 2200 satis
2444 2143 2593 2199 enim
2647 2147 2796 2212 patet
2851 2138 2999 2210 quod
3048 2137 3155 2192 boc
3196 2134 3459 2190 intendat.

1861 2241 2130 2296 librorum
2178 2236 2382 2292 ablatio
2406 2276 2420 2301 ,
2461 2231 2858 2304 redemptionis
2899 2238 3249 2300 peccatorum
3298 2236 3448 2281 cata-

1862 2332 2114 2402 strophe,
2141 2338 2198 2385 et
2224 2328 2459 2385 sublatio
2492 2344 2507 2382 :
2554 2327 2750 2381 harum
2790 2324 3043 2387 duarum,
3074 2321 3241 2375 altera
3290 2319 3457 2374 theo-

1862 2422 1959 2478 ria:
1997 2420 2218 2476 oculum
2273 2416 2573 2489 exstinguit
2609 2425 2665 2471 et
2702 2415 3007 2486 depravat:
3046 2412 3217 2465 altera
3262 2418 3454 2462 autem.

1863 2513 2263 2588 pulcherrimas
2312 2510 2448 2566 alias
2494 2508 2737 2564 actiones
2782 2507 2838 2561 in
2893 2513 3080 2576 partes
3134 2500 3343 2557 divellit
3393 2507 3460 2552 eL

1864 2606 2132 2665 dissolvit.
2202 2605 2285 2661 Ab
2346 2602 2497 2659 omni
2524 2610 2672 2657 retro
2741 2596 3003 2654 memoria
3054 2593 3177 2664 quis
3241 2590 3451 2646 audivit

1864 2700 2068 2758 bellum
2128 2698 2199 2754 ab
2274 2695 2592 2752 hominibus
2650 2701 2842 2749 contra
2910 2688 3153 2743 animam
3209 2683 3459 2739 hominis

1864 2790 2176 2851 indictum?
2245 2787 2405 2860 quasi
2482 2802 2593 2843 non
2652 2784 2968 2841 subicerent
3032 2793 3253 2835 omnem
3314 2776 3457 2829 iram

1866 2888 2087 2960 penitus
2149 2896 2417 2941 evacuare
2470 2892 2737 2951 corporea
2800 2874 3066 2947 supplicia
3094 2913 3111 2940 ,
3197 2868 3451 2926 exsiliunt

1866 2997 2089 3053 nempe,
2128 2977 2436 3051 captivitas,
2483 2974 2677 3038 fames,
2709 2970 2990 3033 custodia,
3020 2981 3171 3023 mors
3204 2961 3452 3034 qualidie

1867 3071 2199 3136 inferenda;
2257 3068 2349 3125 ubi
2403 3068 2461 3123 in
2495 3081 2561 3123 eo
2606 3074 2819 3120 tantum
2868 3060 2996 3116 vita:
3052 3057 3315 3131 parcitur,
3379 3067 3453 3107 nc

1868 3181 1992 3222 cum
2044 3164 2158 3221 vita
2209 3161 2373 3219 simul
2419 3172 2617 3215 sensus
2684 3155 2955 3209 malorum
2995 3146 3315 3211 auferatur;
3359 3151 3449 3198 est

1871 3257 1965 3313 hic
1986 3254 2377 3310 acerbissimus
2412 3249 2607 3305 mortis
2637 3246 2914 3310 stimulus,
2954 3239 3272 3298 carniﬁcina
3299 3238 3452 3291 into-

1868 3346 2128 3411 lerabilis,
2159 3355 2219 3400 ut
2240 3343 2503 3398 nimirum
2528 3338 2881 3395 morientium
2904 3334 3181 3407 patiamur
3210 3330 3452 3394 dolores,

1869 3450 1925 3499 et
1946 3450 2129 3497 tamen
2152 3450 2374 3494 sensum
2404 3433 2652 3491 dolor—um
2676 3446 2789 3485 non
2825 3429 2882 3483 in
2910 3436 3087 3482 morte
3112 3424 3455 3486 amittamus,

1867 3539 2017 3612 quod
2050 3548 2229 3595 tamen
2258 3532 2622 3590 morientibus
2657 3528 2715 3582 in
2748 3522 2920 3580 tantis
2947 3518 3124 3580 malis,
3163 3516 3337 3571 solum
3369 3521 3456 3567 est

1870 3611 2147 3690 Solatium.
2180 3627 2481 3685 Considera
2514 3624 2570 3677 in
2598 3621 2773 3690 teipso
2805 3619 2941 3681 haec,
2974 3611 3197 3669 domine
3222 3621 3352 3674 rex;
3395 3612 3454 3660 et

1869 3726 1915 3783 si
1947 3734 2039 3780 tua
2064 3730 2118 3777 te
2160 3727 2384 3775 excuset
2414 3711 2780 3775 conscientia,
2822 3704 3001 3776 adjice
3031 3701 3213 3756 adhuc
3246 3694 3452 3765 aliquid

1869 3826 2061 3875 contra
2098 3830 2205 3882 me,
2249 3812 2296 3868 si
2321 3821 2501 3866 tamen
2525 3805 2823 3877 quidquam
2859 3807 2943 3855 est
2970 3812 3000 3852 a
3032 3803 3087 3851 te
3118 3790 3454 3865 praetermis-

1869 3926 2014 3969 sum.
2045 3907 2140 3965 Sin
2184 3916 2239 3962 te
2276 3906 2367 3960 illa
2410 3899 2764 3962 condemnat,
2798 3892 2909 3950 noli
2945 3889 3269 3960 exspectare
3314 3882 3457 3936 lutu-

1871 4019 1988 4060 ram
2086 3995 2625 4057 condemnationem,
2685 4000 2810 4045 cum
2870 3984 3074 4041 frustra
3132 3980 3317 4035 futura
3381 3974 3459 4028 sit

1869 4092 2217 4170 paenitentia.
2263 4084 2539 4159 Deprecor
2578 4090 2760 4137 autem
2805 4091 2907 4148 ego
2951 4084 3004 4130 te
3039 4087 3179 4128 nova
3210 4066 3456 4124 fortassis

1869 4162 2279 4262 deprecatione,
2302 4181 2397 4237 sed
2419 4180 2585 4235 rebus
2598 4172 2819 4230 novatis
2835 4165 3276 4228 accommodata;
3300 4162 3453 4219 siste,

1871 4250 2191 4352 imperator,
2254 4273 2526 4329 malorum
2585 4276 2808 4321 cursum
2895 4268 3224 4330 quocunque
3292 4250 3457 4305 modo

1870 4349 2096 4446 poteris,
2137 4379 2231 4425 aut
2277 4365 2549 4422 volueris:
2591 4360 2679 4413 vel
2731 4372 2819 4412 me
2857 4355 2927 4410 de
2976 4351 3084 4407 vita
3144 4349 3247 4403 hac
3324 4358 3452 4399 sus-

190 4447 259 4501 Τί
289 4448 388 4519 τὴν
425 4449 523 4521 σὴν
553 4451 883 4518 ἐπιείκειαν,
929 4455 1050 4515 ταῖς
1103 4453 1225 4507 καθ’
1271 4455 1428 4526 ήμῶν
1460 4456 1764 4511 κακώσεσιν

1872 4439 2134 4526 tollendo,
2204 4462 2365 4529 idque
2435 4454 2780 4528 quantocius,
2844 4458 2955 4503 non
3017 4450 3153 4499 cum
3185 4439 3352 4494 multa
3399 4442 3455 4489 ct

188 4544 600 4615 ὲξελέγχειςςτί
624 4547 724 4615 τὴν
755 4547 855 4616 σὴν
898 4545 1269 4616 χρηστότητα,
1317 4549 1438 4610 ταῖς
1487 4550 1567 4611 εἰς
1620 4550 1764 4619 ἡμᾶς

1874 4553 2254 4625 inexplicanda
2279 4564 2454 4613 mora,
2474 4547 2628 4617 quasi
2650 4542 2761 4598 sale
2781 4540 3062 4596 conditum
3084 4529 3451 4591 asservando;

189 4637 479 4706 ὲπηρείαις
503 4636 848 4705 διαϐάλλεις;
882 4638 934 4692 τί
982 4638 1040 4690 δε
1069 4638 1169 4708 τὴν
1208 4638 1646 4710 φιλανθρωπίαν,
1684 4644 1768 4705 είς

186 4727 508 4798 ὑπόκρισιν,
551 4727 650 4781 καὶ
699 4728 884 4800 σχῆμα
940 4729 1270 4801 πραότητος,
1320 4732 1387 4801 τῇ
1436 4729 1565 4785 καθ’
1609 4732 1768 4803 ἡμῶν

185 4818 329 4889 ὀργῇ
359 4820 455 4872 καὶ
480 4818 747 4890 βαρύτητι
768 4818 1078 4892 διασύρεις;
1102 4821 1201 4875 ούκ
1229 4821 1493 4892 αἰτοῦμεν
1520 4822 1764 4893 θρόνους,

187 4912 253 4963 ού
280 4910 462 4977 δόξαν,
490 4912 927 4985 ούκεύημερίαν,
960 4914 1061 4968 οὐκ
1089 4914 1415 4969 εὐπάθειαν
1435 4914 1551 4969 ἀλλ’
1579 4914 1765 4969 ἐκεῖνα

186 5003 474 5074 αἲτοῦμεν,
508 5004 544 5058 ἃ.
575 5006 809 5070 καὶτοῖς
857 5005 1165 5076 δεσμώταις
1200 5006 1526 5079 παρέχεται,
1554 5000 1628 5061 ὧν
1656 5008 1766 5061 οὐδ’

185 5098 239 5149 οἱ
263 5097 604 5167 αἰχμάλωτοι
635 5098 1135 5169 ἀποτυγχάνουσιν,
1173 5097 1210 5153 ἆ
1239 5100 1335 5152 καὶ
1366 5098 1633 5171 βάρϐαροι
1653 5104 1769 5166 τοῖς

185 5188 435 5259 δεσμίοις
464 5192 728 5262 παρέχειν
757 5191 1297 5263 φιλανθρωπεύονται
1316 5208 1331 5224 ’
1362 5194 1442 5258 είς
1473 5192 1631 5247 τοῦτο
1659 5194 1770 5266 γὰρ

182 5284 256 5335 τά
300 5282 413 5351 ἐμὰ
440 5283 771 5354 περίεστηκε
802 5284 1126 5355 πράγματα,
1170 5286 1257 5339 ἵνα
1298 5285 1450 5359 παρὰ
1479 5285 1766 5356 βασιλέως,

183 5378 284 5429 καὶ
309 5386 334 5415 ο
370 5375 493 5428 τότε
527 5375 1052 5447 φιλανθρωποτάτου
1090 5377 1286 5445 γένους
1308 5376 1418 5431 τῶν
1475 5378 1769 5446 Ῥωμαίων

184 5467 417 5521 τοιαῦτα
442 5468 600 5524 αἰτῶ.
633 5469 700 5523 Τί
729 5464 824 5523 οὖν
845 5469 1142 5539 αίτοῦμεν;
1177 5470 1211 5541 ἢ
1260 5470 1360 5541 ζῇν
1400 5471 1474 5541 μὴ
1521 5472 1769 5542 χαλεπω-

188 5558 356 5628 τὲραν
394 5560 628 5615 θανάτου
679 5559 846 5633 ζωὴν,
901 5562 935 5632 ἢ
987 5562 1182 5615 θᾶττον
1230 5563 1612 5634 ἀπαλλαγῆναι
1671 5566 1766 5618 τοῦ

1875 4657 1971 4705 aut
2000 4648 2196 4702 saltem
2239 4642 2581 4699 tristitiarum
2610 4647 2925 4692 mensuram
2960 4643 3065 4699 qua
3095 4638 3317 4697 premor
3348 4621 3454 4673 im-

1875 4743 2159 4797 minuens.
2205 4737 2419 4792 Memor
2468 4732 2545 4787 sis
2590 4727 2737 4799 quod
2773 4721 3019 4780 mortalis
3047 4715 3284 4778 exsistis,
3327 4712 3455 4766 licet

1874 4834 2205 4904 imperator;
2234 4828 2413 4899 cogita
2456 4827 2600 4897 quod
2624 4835 2857 4891 uterque
2890 4815 3082 4871 eadem
3110 4822 3276 4866 carne
3317 4804 3457 4859 ami-

1876 4929 2075 4993 cimur,
2103 4935 2160 4981 et
2221 4921 2468 4994 ejusdem
2519 4929 2731 4974 natura:
2780 4911 3072 4986 participes
3135 4917 3345 4965 sumus,
3398 4908 3455 4955 et

1875 5035 2032 5093 reges
2058 5028 2112 5075 et
2154 5017 2398 5089 privatus
2423 5012 2672 5083 quilibet.
2718 5008 2998 5062 Memento
3029 4996 3173 5069 quod
3205 5007 3455 5048 commu-

1874 5129 2004 5168 nem
2063 5088 2375 5167 Dominum,
2430 5105 2691 5159 faetorem
2743 5108 2797 5153 et
2837 5094 3081 5166 judicent
3139 5088 3451 5143 habemus:

1876 5214 2024 5260 tuam
2086 5200 2260 5269 ipsius
2304 5191 2808 5252 mansuetudinem,
2849 5184 2982 5255 quid
3026 5195 3114 5237 me
3166 5176 3457 5249 atlligendo

1876 5289 2196 5353 couvincis?
2231 5289 2361 5360 quid
2405 5297 2553 5341 tuam
2594 5280 2892 5336 bonitatem
2929 5274 3145 5345 injuriis
3189 5271 3328 5327 meis
3365 5282 3457 5322 ac-

1878 5386 2085 5443 cusas?
2136 5378 2567 5437 Misericorde
2626 5375 2683 5429 in
2740 5370 3077 5444 hypocrisin,
3127 5376 3182 5422 et
3234 5364 3456 5419 schema

1877 5473 2185 5533 clementiae
2232 5471 2360 5527 odio
2417 5469 2475 5523 in
2516 5483 2604 5522 me
2660 5475 2717 5520 et
2758 5463 2946 5519 furore
2998 5460 3243 5532 percitus
3282 5453 3454 5525 gravi,

1877 5565 2117 5622 ludibrio
2142 5560 2353 5617 habes?
2418 5554 2703 5613 Thronium
2750 5568 2859 5608 non
2892 5550 3169 5608 desidero,
3201 5558 3308 5597 non
3340 5536 3455 5609 glo-

1478 5718 1715 5779 νΑῐῖΙιΕ
1756 5720 2161 5782 LECTIONES.

269 5848 293 5878 ι
318 5838 402 5892 ῖσ.
433 5838 590 5892 Θεοῦ.
672 5840 697 5879 ιι
734 5839 819 5893 ἷσ.
850 5840 1067 5907 ἕξομεν.
1162 5852 1182 5880 ε
1226 5840 1311 5894 ἷσ.
1345 5838 1559 5893 τούτου.
