4044 6398
611 331 719 398 771
1725 331 1989 393 ΡΗΟΤῘῙ
2028 330 2208 392 ΡΑἸἜ

2267 330 2531 391 ΑΒΟΗᾸΞ
2569 330 2680 392 CP.
3768 330 3864 391 772

607 453 767 519 riam,
798 467 910 507 non
942 452 1060 507 dies
1111 452 1310 518 bonos,
1355 465 1471 507 non
1502 448 1699 507 felices
1742 466 2066 516 successus;
2108 450 2194 505 illa

2265 444 2546 515 sibilare;
2574 462 2588 475 ·
2633 442 2990 517 δυσωπήθητι
3030 443 3133 514 τὴν
3188 440 3382 513 φύσιν·
3422 439 3705 511 αίδέσθητι
3752 445 3862 506 τοὸς

608 554 823 598 tantum
889 559 1058 615 rogo,
1120 560 1244 615 qua;
1301 544 1358 599 in
1426 542 1641 597 vincula
1706 542 1974 612 conjectis
2038 542 2193 597 exhi-

2297 539 2510 603 κοινοὺς
2543 538 2653 592 τῶν
2676 536 2983 608 ἀνθρώπων
3008 536 3206 608 νόμους
3228 553 3243 567 ·
3278 534 3564 604 αἰδέσθητε.
3591 539 3693 605 τῆς
3738 534 3863 589 Ῥω-

605 636 831 700 bentur,
896 652 929 690 a
988 635 1188 705 quibus
1228 651 1333 691 nec
1379 634 1581 704 captivi
1627 633 2016 697 excluduntur,
2072 649 2197 704 qua:

2299 631 2508 703 μαῖκῆς
2535 632 2709 703 ἀρχῆς
2734 631 2804 685 τὰ
2826 631 2981 685 κοινὰ
3006 630 3191 684 δίκαια
3207 646 3221 661 ·
3247 630 3384 701 μηδὲ
3408 630 3597 683 καινόν
3619 646 3674 681 τι
3705 645 3864 698 παρα-

603 734 660 779 et
725 710 974 781 barbaris
1025 725 1292 781 catenatis
1349 724 1594 781 exhiberi
1668 726 1851 781 solent
1918 741 2043 781 cum
2092 727 2196 782 bu-

2297 724 2557 796 χωρήσῃς
2587 718 2976 794 ἐπεισαχθῆναι
3026 722 3104 793 τῷ
3159 721 3260 791 βίῳ
3291 721 3575 792 διήγημα⁶
3612 720 3699 773 ὅτι
3748 720 3865 772 ποτὲ

602 816 865 871 manitate
928 833 943 871 :
1007 830 1074 871 eo
1112 815 1261 871 enim
1311 826 1458 872 statu
1510 832 1599 872 res
1652 832 1789 873 meae
1847 819 2191 873 constituun-

2298 816 2574 888 βασιλεὺς,
2604 816 2880 869 ὲπιεικίαν
2936 815 3032 869 καὶ
3079 814 3494 883 φιλανθρωπίαν
3543 811 3867 879 ἐπαγγελλόο

604 915 711 972 tur,
772 918 830 961 ut
882 923 914 963 a
975 922 1103 980 rege
1164 916 1221 963 et
1278 906 1540 964 Romanis
1588 909 2021 965 clementissima
2091 926 2193 965 na-

2298 924 2481 979 μενος,
2509 906 2662 976 φίλον
2690 907 2979 979 ἀρχιερέα,
3015 907 3108 961 καὶ
3154 907 3444 959 σύντεκνον
3475 904 3863 973 ποιησάμενος,

600 1000 749 1054 tione
808 1000 1185 1070 hujuscemodi
1235 1001 1625 1071 deprecatione
1675 1003 1755 1057 uti
1802 1018 2029 1059 necesse
2058 1004 2194 1058 mihi

2293 999 2384 1070 ὑφ’
2405 992 2470 1054 οὗ
2499 1001 2709 1071 χερσὶν,
2760 999 2922 1063 αὑτός
2976 1016 3034 1052 τε
3086 999 3178 1051 καὶ
3232 999 3265 1068 ή
3298 995 3533 1067 βασιλὶς,
3568 994 3633 1047 τὸ
3667 994 3866 1065 χρίσμα

599 1093 691 1145 sit.
738 1092 869 1157 Quae
916 1100 1003 1147 est
1040 1102 1226 1147 autem
1274 1093 1406 1147 illa?
1446 1093 1663 1149 scilicet
1712 1102 1773 1148 ut
1814 1094 1900 1148 vel
1944 1111 2014 1148 ne
2058 1097 2191 1161 vita,

2288 1094 2388 1165 τῆς
2416 1092 2696 1165 βασιλείας
2726 1092 2974 1164 ὲχρίσθη,
3026 1092 3120 1146 καὶ
3155 1092 3217 1145 τὸ
3258 1090 3477 1160 ἀξίωμα
3525 1087 3863 1150 ὲνεδύσαντο,

597 1184 795 1253 quavis
823 1194 1001 1239 morte
1025 1185 1196 1257 magis
1227 1185 1426 1241 alllicta
1457 1186 1631 1251 fruar,
1660 1197 1755 1243 aut
1787 1197 1846 1242 ut
1880 1204 2041 1257 quam
2075 1190 2186 1243 cito

2297 1185 2386 1254 ὑφ’
2413 1181 2476 1240 οὗ
2500 1185 2620 1240 λίαν
2647 1183 2903 1255 έφιλήοη,
2944 1184 3038 1237 καὶ
3062 1182 3200 1254 πρὸς
3222 1181 3281 1235 ὃν
3310 1182 3475 1251 ὅρκια
3519 1180 3619 1233 καὶ
3663 1178 3865 1241 πίστεις

599 1274 668 1329 de
712 1289 941 1346 corpore
971 1278 1155 1348 egredi
1202 1278 1399 1333 liceat:
1438 1294 1692 1335 reverere
1725 1290 1974 1334 naturam
2002 1288 2061 1334 ut
2091 1295 2185 1334 ex-

2290 1278 2582 1347 φρικώδεις
2625 1276 2815 1343 ἔθετο,
2856 1276 2915 1329 ὃν
2948 1276 3313 1347 ὑπεραγαπᾷν
3347 1272 3444 1326 καὶ
3480 1273 3737 1344 στέργειν
3782 1271 3866 1323 ἔπ-

597 1366 812 1431 oreris;
865 1382 1188 1423 communes
1253 1368 1602 1424 mortalitatis
1660 1368 1809 1441 leges
1882 1385 2186 1436 venerare;

2282 1371 2571 1426 ιεδείκνυτο
2626 1370 2829 1425 ἂπασν
2880 1369 3069 1423 τοῦτον
3126 1368 3331 1439 ὲξορίᾳ,
3383 1367 3477 1420 καὶ
3515 1364 3665 1434 λιμῷ
3693 1361 3867 1433 πικρῷ

596 1461 915 1514 communia
966 1460 1199 1516 Romani
1244 1461 1465 1532 imperii
1504 1463 1622 1519 iura
1673 1462 1785 1517 noli
1825 1462 2188 1527 committere,

2295 1463 2589 1534 παραδοὺς,
2650 1464 2742 1517 καὶ
2796 1461 3013 1533 μυρίοις
3064 1460 3244 1522 ἄλλοις
3296 1457 3611 1526 κατατὴξας
3660 1455 3864 1517 κακοῖς,

598 1560 657 1603 ut
680 1553 748 1605 de
808 1561 860 1608 te
919 1565 1174 1610 narretur
1227 1572 1429 1610 novum
1479 1564 1531 1610 te
1594 1555 1648 1609 in
1709 1556 1819 1611 vita
1880 1556 2190 1626 exemplum

2172 1570 2190 1609 ι
2299 1558 2591 1627 εὐχόμενον
2627 1557 2767 1627 ὑπὲρ
2803 1554 2993 1619 αὑτοῦ,
3029 1553 3106 1624 τῷ
3135 1552 3349 1622 Θανάτῳ
3376 1547 3769 1623 παρέπεμψεν.

596 1642 895 1699 intulisse:
930 1659 1128 1715 nempe
1172 1646 1339 1710 istud,
1387 1645 1533 1714 quod
1580 1646 1879 1715 imperator
1928 1644 2020 1714 qui
2064 1644 2503 1700 misericordiam
2551 1655 2607 1699 et
2663 1644 3014 1698 clementiam
3072 1642 3453 1712 pollicebatur,
3499 1638 3868 1707 archiepisco-

596 1750 726 1805 pum
760 1751 921 1806 quem
964 1738 1199 1791 amicum
1229 1738 1460 1792 habebat
1503 1747 1558 1792 et
1607 1752 1955 1793 communem
2011 1735 2216 1790 ﬁlium:
2254 1752 2283 1790 a
2338 1739 2496 1808 cujus
2537 1738 2811 1801 manibus,
2862 1752 2987 1790 cum
3056 1734 3173 1805 ipse
3213 1744 3327 1788 tum
3373 1734 3697 1803 imperatrix
3727 1733 3865 1802 regni

598 1834 949 1893 susceperant
1017 1824 1359 1886 unctionem,
1406 1835 1461 1879 et
1522 1834 1851 1894 potestatem
1921 1826 2211 1880 induerant
2283 1826 2595 1898 dignitatis:
2640 1843 2671 1882 a
2734 1841 2846 1897 quo
2904 1826 3260 1881 vehementer
3308 1823 3659 1895 diligebatur,
3730 1826 3865 1893 apud

594 1933 757 1989 quem
813 1919 1026 1988 juratus
1112 1918 1273 1973 ﬁdem
1318 1919 1722 1989 interposuerat
1790 1919 2196 1975 reverendam:
2263 1936 2426 1989 quem
2470 1921 2628 1975 valde
2665 1920 2893 1992 diligere
2943 1926 2999 1973 et
3049 1932 3237 1972 amore
3322 1917 3613 1987 complecti
3668 1917 3865 1986 passim

595 2012 851 2066 omnibus
911 2011 1223 2066 ostenderat
1268 2029 1282 2065 :
1329 2012 1479 2066 illum
1540 2013 1740 2078 inedia,
1794 2014 1988 2068 exsilio
2045 2013 2317 2080 multavit,
2368 2024 2423 2070 et
2495 2014 2773 2071 sexcentis
2847 2012 2970 2068 aliis
3011 2010 3173 2066 malis
3224 2010 3580 2081 liquefactum
3644 2008 3863 2065 interim

598 2104 851 2171 precibus
874 2118 975 2174 pro
1013 2104 1131 2175 ipso
1159 2104 1589 2159 intercedentem
1615 2105 1777 2162 morti
1812 2105 1984 2162 dedit.

1172 2218 1393 2276 EPIST.
1444 2219 1610 2275 xvu.
2214 2204 2262 2263 Β
2766 2284 2771 2295 ,
2888 2217 3113 2275 suum.
3160 2218 3265 2275 lZ'.

1300 2312 1503 2367 Eidem.

2939 2310 3025 2377 Τῷ
3047 2311 3231 2378 αὐτῷ.

1728 2426 1874 2477 Edita
1906 2441 1931 2476 a
1961 2426 2261 2478 Montacutlo
2294 2427 2396 2491 (ep.
2429 2426 2511 2487 98,
2541 2438 2591 2489 p.
2625 2426 2760 2490 ul).

666 2557 779 2628 Ego
808 2556 1027 2626 quidem
1074 2555 1397 2612 arbitrabar
1442 2563 1497 2611 te
1528 2552 1595 2609 ad
1624 2554 1777 2626 regni
1816 2553 2031 2625 fastigia
2055 2568 2183 2624 pro-

2384 2550 2512 2621 Εγὼ
2537 2552 2633 2623 μὲν
2645 2550 2827 2622 ᾧμην,
2843 2550 2941 2619 τῆς
2955 2549 2985 2601 ὑ
2993 2549 3110 2620 μῶν
3131 2566 3393 2621 κραταιου
3402 2549 3572 2622 μένης
3589 2549 3856 2621 βασιλείας

595 2658 763 2713 ιηοιο,
808 2648 941 2702 mihi
982 2648 1183 2719 gratias
1248 2646 1446 2719 agendi
1524 2646 1853 2719 multiplices
1902 2646 2187 2702 adfuturas

2295 2645 2496 2709 πολλὰς
2543 2645 2682 2715 αὐτῇ
2743 2634 3044 2713 προσάγειν
3091 2642 3442 2714 εὐχαριστίας
3468 2644 3612 2715 ὑπὲρ
3640 2645 3739 2715 τῆς
3787 2648 3857 2710 είς

594 2739 931 2804 occasiones,
961 2756 1059 2810 pro
1090 2739 1305 2804 amicis,
1330 2739 1594 2810 cognatis,
1621 2738 2001 2806 familiaribus,
2025 2748 2190 2793 caete-

2295 2740 2443 2811 ήμᾶς
2470 2736 2814 2808 εὐεργεσίας,
2840 2735 2980 2805 ὑπὲρ
3012 2734 3206 2805 φίλων,
3243 2735 3384 2805 ὑπὲρ
3406 2737 3711 2805 συγγενῶν,
3733 2739 3858 2808 ὑπὲρ

596 2832 673 2885 ris
742 2832 1183 2901 quibuscunque,
1250 2833 1447 2902 quibus
1504 2843 1556 2888 te
1579 2834 1699 2889 sine
1764 2834 1985 2889 fastidio
2046 2834 2183 2891 mihi

2300 2830 2567 2900 συνήθων,
2599 2830 2738 2899 ὑπὲρ
2770 2829 2988 2883 πάντων
3017 2828 3223 2895 ἁπλῶς,
3246 2830 3348 2883 ὅσα
3397 2830 3653 2900 πράττων
3711 2831 3856 2893 αὐτὸς

596 2923 1025 2993 gratiﬁcaturum
1069 2925 1123 2979 in
1155 2936 1422 2994 quantum
1478 2940 1691 2996 posses,
1737 2927 1926 2996 putavi
1957 2944 1972 2987 ;
2004 2942 2069 2982 eo
2099 2940 2189 2981 me

2292 2924 2372 2985 είς
2397 2920 2497 2992 τὴν
2515 2922 2549 2992 ἡ
2560 2920 2676 2992 μῶν
2704 2919 3003 2990 Θεραπείαν
3043 2920 3203 2991 κόρον
3227 2922 3325 2974 οὐκ
3348 2916 3496 2991 εἶχες
3522 2922 3854 2992 χαρίζεσθαι.

597 3017 713 3085 spei
772 3015 1058 3071 induxerat
1109 3017 1358 3073 sincerus
1415 3028 1472 3073 et
1496 3019 1615 3074 sine
1667 3017 1795 3075 fuco
1832 3034 1989 3075 meus
2045 3019 2102 3073 in
2136 3029 2189 3075 te

2286 3012 2380 3076 Εἰς
2410 3011 2568 3065 τοῦτο
2594 3012 2704 3083 γὰρ
2728 3012 2873 3082 ἡμᾶς
2898 3005 3055 3081 ἦγεν,
3081 3011 3117 3081 ἢ
3148 3027 3207 3064 τε
3235 3009 3453 3082 καθαρὰ
3493 3013 3635 3083 πρός
3670 3030 3729 3065 σε
3774 3015 3857 3066 καὶ

597 3107 834 3171 animus,
878 3124 983 3163 nec
1029 3108 1286 3165 dubitare
1334 3110 1590 3167 sinebant
1633 3112 2029 3183 promissiones
2060 3129 2188 3168 sex-

2285 3100 2514 3173 ἀληθινὴ
2542 3100 2801 3166 διάθεσις,
2840 3098 3069 3153 καὶτῶν
3119 3098 3328 3170 μυρίων
3369 3098 3553 3170 ὅρκων
3602 3101 3697 3152 καὶ
3734 3100 3855 3151 ὑπο-

598 3210 783 3255 centae
815 3200 1146 3270 iuramentis
1178 3202 1545 3267 conﬁrmata;
1585 3220 1722 3275 quas
1748 3220 1836 3260 me
1879 3205 1965 3260 vel
1994 3205 2186 3273 invito,

2289 3195 2528 3265 σχέσεων
2549 3194 2610 3247 τὸ
2639 3192 2918 3247 ἀνένδοτον
2943 3208 2958 3223 ο
2988 3190 3083 3255 οὓς
3111 3190 3207 3245 καὶ
3226 3190 3471 3246 ἀκόντων
3499 3191 3680 3261 ἡμῶν,
3711 3190 3862 3253 αὑτὰς

598 3291 716 3363 ipse
744 3308 927 3353 coram
969 3294 1231 3351 omnibus
1273 3296 1518 3351 studiose
1556 3299 1915 3369 propagabas.
1946 3300 2016 3355 At
2058 3315 2187 3356 nos-

2293 3284 2465 3355 ὃμως,
2505 3285 2642 3356 πρὸς
2686 3283 2933 3347 ἅπαντας
2993 3282 3290 3337 ὑποτείνων
3333 3283 3396 3336 οὐ
3442 3283 3706 3347 διέλιπες.
3757 3282 3861 3337 Νῦν

600 3392 701 3439 traa
725 3384 835 3453 jam
872 3384 1087 3439 tandem
1122 3385 1229 3440 huc
1250 3401 1377 3455 spes
1408 3385 1775 3455 devenerunt,
1806 3397 1865 3443 ut
1886 3388 2007 3443 licet
2040 3404 2185 3454 sero,

2294 3378 2353 3431 δὲ
2388 3379 2467 3442 είς
2498 3376 2657 3430 τοῦτο
2676 3376 2744 3431 τὰ
2770 3375 2881 3429 τῶν
2903 3375 3187 3447 ἡμετέρων
3217 3374 3448 3428 ἐλπίδων
3481 3376 3860 3445 περιέστηκεν,

598 3477 860 3532 ιιθοοεδιίε
901 3487 1228 3548 opportune,
1274 3486 1369 3535 tuo
1431 3478 1662 3550 imperio
1728 3481 2015 3553 gratiﬁcari
2090 3482 2189 3540 ha-

2294 3471 2379 3524 ὄτι
2406 3470 2512 3523 κᾶν
2554 3468 2652 3539 ὀψὲ
2697 3466 2791 3523 τοῦ
2837 3469 3059 3541 καιροῦ;
3104 3469 3255 3539 ὅμως
3302 3467 3656 3538 εὐχαριστίαν
3688 3471 3753 3538 τῇ
3802 3468 3859 3538 σῇ

596 3569 776 3625 beam.
803 3568 1071 3635 Quorsum
1093 3580 1273 3625 autem
1298 3581 1354 3626 et
1378 3571 1434 3625 in
1459 3587 1568 3642 quo
1591 3572 1839 3645 inquies?
1857 3574 2001 3643 quod
2024 3573 2190 3628 latro-

2295 3559 2648 3631 προσάγομεν
2712 3557 2981 3631 βασιλείᾳ.
3026 3558 3149 3612 Ἐπὶ
3180 3558 3311 3625 τίνι,
3366 3559 3462 3611 καὶ
3506 3557 3599 3611 διὰ
3651 3558 3707 3611 τί
3724 3576 3741 3625 ;
3790 3561 3860 3612 ὅτι

596 3681 729 3720 num
776 3676 831 3720 et
854 3665 1336 3736 suspendiosorum
1384 3667 1671 3723 hominum
1732 3667 2021 3738 supplicia,
2060 3682 2183 3722 cum

2294 3648 2395 3711 τὰς
2431 3648 2542 3702 τῶν
2572 3647 2784 3721 λῃστῶν
2821 3648 2917 3703 καὶ
2945 3646 3275 3719 κακουργῶν
3304 3649 3602 3719 τιμωρίας,
3647 3643 3737 3712 αῖς
3782 3650 3859 3701 ὲν-

596 3758 799 3829 quibus
841 3773 1014 3828 usque
1059 3758 1130 3812 ad
1192 3758 1632 3828 absumptionem
1695 3759 2083 3825 conﬁictabar,
2126 3758 2183 3814 in

2289 3740 2580 3806 αθλοῦντες
2603 3742 2761 3812 ἡμεῖς
2790 3739 3323 3809 καταδαπανώμεθα,
3362 3741 3441 3803 είς
3466 3741 3530 3795 τὸ
3569 3741 3858 3813 μετριώτε-

597 3866 822 3905 cursum
892 3850 1379 3918 temperantiorem
1439 3858 1764 3905 convertere
1850 3850 2181 3921 pollicearis.

2289 3850 2383 3904 ρον
2416 3832 2773 3903 σχηματίζειν
2805 3833 3191 3902 ἐπεχείρησας.
3234 3832 3376 3884 Ἀλλ’
3416 3833 3540 3904 ὅρα,
3583 3833 3732 3901 φίλε,
3768 3835 3860 3886 κᾶν

597 3942 734 3997 Vide
762 3952 947 3997 autem
974 3942 1067 4007 sis,
1100 3942 1299 3996 dilecte
1322 3941 1479 4006 mihi,
1508 3942 1637 3997 licet
1671 3943 1836 4008 nolis,
1866 3944 2183 4015 imperator,

2290 3926 2366 3996 μὴ
2390 3924 2590 3995 βούλει,
2620 3923 2862 3995 βασιλεῦ,
2885 3924 2967 3977 ὅτι
2996 3925 3058 3977 τὸ
3086 3922 3383 3994 πειρᾶσθαι
3410 3924 3629 3978 πείθειν
3655 3924 3858 3994 ἀνθρώ-

595 4034 742 4105 quod
799 4043 1015 4089 tentare
1074 4043 1287 4087 tantum
1330 4040 1392 4087 ut
1448 4036 1786 4104 persuadeas
1845 4014 2180 4103 hominibus,

2288 4033 2449 4081 πους,
2478 4016 2541 4069 οὐ
2574 4015 2736 4087 μόνον
2758 4014 2911 4068 οὐδὲν
2939 4016 3184 4069 συντελεῖ
3217 4016 3354 4085 πρὸς
3382 4014 3444 4069 τὸ
3494 4020 3685 4070 πεῖσαι
3715 4017 3856 4079 Θεὸν,

598 4143 711 4181 non
753 4126 917 4181 modo
954 4127 1087 4181 nihil
1130 4125 1351 4182 confert
1387 4126 1460 4180 ad
1508 4128 1945 4199 persuadendum
1986 4129 2178 4195 Deum,

2287 4106 2425 4161 ἀλλὰ
2482 4106 2576 4161 καὶ
2628 4108 2709 4172 εις
2757 4106 3074 4161 τούναντίον
3132 4107 3566 4180 περιτρέπεταιο
3624 4108 3855 4163 καὶτῶν

595 4218 693 4273 sed
737 4220 795 4273 in
843 4219 1004 4288 plane
1044 4224 1379 4278 contrarium
1428 4198 1802 4289 immutatur;
1850 4229 2000 4277 certe
2061 4235 2183 4291 qua:

2288 4199 2460 4263 ἀδεῶς
2494 4198 2732 4253 ἐνταῦθα
2765 4199 3180 4270 πραττομένων,
3214 4198 3417 4273 μᾶλλόν
3448 4202 3603 4257 ἐστιν
3654 4199 3851 4255 ἐκεῖθεν

597 4311 719 4365 sine
770 4312 882 4367 ullo
932 4323 1078 4369 metu
1133 4314 1223 4369 hic
1291 4324 1558 4387 geruntur
1613 4315 1930 4372 acerbiores
1992 4328 2182 4386 paznas

1486 4332 1558 4370 ur
1613 4315 1930 4372 acerbiores
1992 4328 2182 4386 paznas
2287 4292 2323 4363 ἢ
2351 4291 2690 4363 παντέφορος
2721 4291 2843 4363 δίκη
2871 4293 3083 4363 κριτής·

596 4405 726 4461 olim
766 4406 995 4477 justitize
1030 4410 1218 4465 omnia
1277 4412 1532 4469 lustranti
1558 4410 1789 4468 dabunt.

1924 4705 2501 4800 MONITUM
2604 4754 2607 4755 ί

1733 4898 1799 4955 ΙΝ
1842 4896 2258 4965 SEQUENTE}!
2298 4897 2712 4957 EPISTOLAM.

1624 5044 1852 5116 (Angelo
1883 5044 1984 5099 ΜΑι
2016 5044 2213 5116 Script.
2243 5058 2347 5105 vet.
2383 5057 2426 5102 t.
2456 5047 2510 5112 l,
2540 5064 2677 5120 page
2700 5049 2839 5119 xxi.)

669 5178 965 5251 Vestiganti
1000 5180 1137 5236 mihi
1166 5182 1221 5237 in
1253 5181 1534 5239 Vaticanis
1571 5182 1773 5253 pluteis
1799 5182 1980 5238 Photii
2009 5184 2231 5256 scripta,
2261 5185 2507 5257 ignotum
2538 5186 2815 5256 quoddam
2856 5196 3057 5257 praeter
3084 5200 3238 5257 spem
3264 5201 3327 5243 se
3350 5185 3550 5242 obtulit
3587 5186 3645 5241 in
3684 5183 3857 5240 codice

597 5278 785 5324 vetere
812 5268 1181 5339 palimpsesto,
1210 5271 1380 5326 breve
1415 5270 1670 5341 equidem
1705 5270 1799 5325 sed
1828 5278 2009 5325 tamen
2046 5287 2156 5327 non
2185 5276 2669 5331 contemnendum.
2710 5274 2868 5331 Prior
2913 5275 3250 5347 palimpsesti
3293 5277 3568 5347 scriptura
3608 5274 3857 5345 quadrata

597 5368 703 5423 est,
736 5359 1085 5429 continetque
1114 5371 1298 5430 partes
1330 5376 1611 5417 sacrarum
1634 5376 1819 5416 rerum
1850 5360 2087 5425 Leontii,
2113 5362 2181 5417 de
2210 5378 2318 5432 quo
2345 5378 2512 5433 opere
2541 5364 2595 5418 in
2626 5364 2735 5418 alio
2759 5363 3041 5419 volumine
3072 5364 3359 5419 locuturus
3385 5379 3533 5418 sum.
3587 5362 3857 5432 Scriptura

591 5448 884 5521 posterior,
912 5448 1093 5503 saaculi
1122 5447 1293 5505 ferme
1319 5465 1440 5517 xm,
1473 5449 1640 5505 habet
1676 5464 1815 5519 opus
1847 5448 2067 5504 Eusebii
2098 5449 2175 5504 De
2222 5451 2329 5504 situ
2362 5460 2412 5504 et
2442 5452 2742 5506 nominibus
2790 5450 3177 5505 Hebraicorum
3218 5452 3454 5505 locorum
3489 5467 3509 5505 :
3556 5460 3613 5504 et
3649 5450 3853 5520 quidem

591 5538 663 5593 ad
688 5552 936 5592 normam
966 5537 1129 5607 hujus
1167 5538 1430 5593 rarissimi
1455 5538 1683 5602 codicis,
1712 5537 1805 5607 qui
1837 5536 1941 5591 fuit
1976 5538 2105 5591 olim
2138 5537 2429 5592 cardinalis
2459 5537 2666 5605 Sirleti,
2702 5548 2915 5594 textum
2959 5540 3142 5609 operis
3174 5538 3467 5595 Eusebiaui
3526 5538 3696 5594 fuisse
3740 5531 3853 5587 refi-

592 5636 741 5682 ctum
762 5626 922 5682 docet
941 5625 1239 5683 Vallarsius
1275 5628 1328 5682 in
1363 5626 1678 5700 Hieronymi
1705 5627 1967 5691 editione,
2000 5625 2065 5681 Τ.
2090 5625 2178 5680 Ill.
2218 5628 2535 5696 Sequuntur
2566 5626 2621 5679 in
2652 5626 2842 5682 codice
2877 5627 3138 5698 glossaria
3168 5628 3439 5697 quadam,
3475 5637 3591 5680 tum
3617 5623 3684 5677 de
3710 5636 3853 5675 men-

594 5715 738 5769 suris
779 5717 1221 5787 ponderibusque
1273 5716 1535 5788 0puscula
1560 5757 1576 5779 ,
1626 5730 1841 5770 necnon
1880 5716 2201 5787 theologicae
2229 5715 2435 5784 aliquot
2462 5713 2833 5769 deﬁnitiones.
2868 5716 3008 5771 Exin
3053 5715 3236 5770 Photii
3295 5716 3557 5771 canonica
3604 5723 3852 5781 responsa

596 5805 857 5874 quinque,
896 5820 1021 5862 cum
1051 5820 1118 5860 eo
1149 5805 1306 5862 titulo
1331 5820 1494 5878 quem
1520 5806 1594 5879 .in
1627 5811 1817 5862 nostra
1850 5804 2090 5862 editione
2124 5804 2309 5861 Graece
2338 5802 2680 5875 scripsimus.
2712 5802 2969 5862 Photium
2999 5804 3233 5875 denique
3271 5802 3683 5872 subsequuntur
3725 5797 3848 5852 Gre-
