4044 6412
172 328 285 393 773
1326 328 1825 393 EPISTOLARUI

1902 331 2134 393 LIBER
2175 331 2221 390 Ῑ.
3327 331 3435 397 774

173 444 314 516 gorii
338 440 595 512 Theologi
633 440 898 511 quadam,
939 450 996 497 et
1033 455 1205 511 pauca
1249 454 1538 511 anonyma.
1569 441 1822 498 Profecto
1872 451 1928 497 et
1980 443 2095 513 ipse
2134 441 2520 512 palimpsestns
2560 441 2615 496 in
2649 441 2912 497 extremis
2949 440 3154 498 codicis
3206 440 3353 499 foliis
3396 462 3429 498 a

169 531 363 601 priore
390 538 446 584 et
468 528 705 584 maxima
739 529 824 584 sui
870 538 1025 601 parte
1056 528 1270 585 differt:
1321 530 1486 585 habet
1513 532 1660 585 enim
1706 531 1940 586 Actuum
1966 532 2387 604 apostolicorum
2435 531 2759 603 fragmenta,
2789 531 3184 587 vetustioribus
3210 570 3225 594 ,
3263 548 3429 602 quam

169 614 390 671 Leontii
427 629 584 685 opus,
615 614 808 671 litteris
835 624 1074 671 exarata.
1109 614 1217 671 Sed
1242 617 1412 684 enim,
1444 617 1546 681 ,his
1591 617 1811 674 interim
1844 620 2080 684 omissis,
2109 620 2178 675 de
2215 618 2396 675 Photii
2426 620 2631 690 scripto
2667 619 2910 674 breviter
2951 619 3089 674 mibi
3133 619 3426 675 dicendum

170 712 281 769 est,
304 702 452 774 quod
478 702 547 757 ad
573 700 811 757 Leonem
841 701 1101 758 Calabria
1130 702 1604 775 archiepiscopum
1624 705 1878 764 mittitur.
1903 706 2168 764 Calabriae
2191 707 2373 764 sedem
2398 707 2762 778 episcopalem
2791 706 2936 761 inter
2961 722 3056 761 eas
3085 714 3431 761 numeratam

170 792 358 857 video,
390 805 512 860 qua
531 789 855 860 patriarcha
885 789 1183 861 Byzantina
1212 792 1495 861 parebant,
1516 792 1576 846 in
1591 792 1816 848 ‘novella
1844 793 2046 849 Leonis
2068 794 2346 865 Sapientis
2370 794 2469 864 (l).
2492 793 2584 863 qui
2614 792 2789 848 Photii
2818 794 3072 847 alumnus
3098 794 3202 847 fuit
3230 811 3243 846 :
3270 793 3435 863 eique

170 879 297 937 sedi
336 879 565 935 honoris
592 878 791 951 gradus
817 878 962 934 inter
989 878 1282 936 Mocissum
1306 880 1690 953 Larissamque
1719 882 1994 938 tribuitur.
2026 882 2198 938 Porro
2226 891 2410 937 utrum
2440 880 2691 937 Calabria
2723 880 3071 951 intelligenda
3099 880 3169 935 sit
3198 881 3430 953 Argivo-

172 984 302 1023 rum
339 967 539 1034 insula,
583 968 640 1022 in
682 983 787 1039 qua
832 968 961 1023 olim
992 967 1390 1026 Demosthenes
1420 986 1696 1026 venenum
1726 972 1929 1037 hausit,
1970 987 2040 1026 an
2073 971 2256 1043 potius
2280 970 2446 1026 Italia
2477 969 2775 1040 provincia,
2808 970 2952 1024 haud
2979 969 3092 1024 scio
3128 986 3196 1023 an
3240 970 3439 1024 merito

170 1056 431 1113 dubitare
450 1056 633 1112 liceat.
661 1054 797 1112 Nam
827 1064 883 1113 et
915 1057 1080 1112 Italia
1105 1056 1413 1115 Calabriam
1443 1059 1500 1115 in
1530 1076 1595 1117 ea
1624 1061 1838 1116 novella
1869 1075 1928 1131 p.
1956 1060 2062 1116 100
2097 1059 2357 1130 appellari
2386 1059 2571 1123 video,
2598 1074 2707 1129 quo
2733 1059 2852 1113 loco
2881 1056 3157 1112 Severina
3191 1057 3438 1112 Calabra

172 1144 297 1202 sedi
345 1144 715 1215 subjiciuntur
755 1144 995 1217 episcopi
1038 1144 1469 1217 Callipolitanus,
1502 1148 1889 1213 Acerantinus,
1933 1154 1989 1202 et
2032 1146 2210 1203 Castri
2254 1146 2474 1203 veteris.
2508 1146 2648 1201 Tum
2674 1146 2841 1226 .apud
2903 1146 3437 1216 Porphyrogenitum

171 1233 354 1288 them.
388 1232 484 1289 lib.
507 1231 579 1298 li,
603 1232 693 1299 IO,
720 1232 1041 1304 oppidulum
1070 1232 1283 1291 Sancta
1311 1234 1586 1291 Severina
1623 1250 1794 1306 prope
1821 1233 2116 1291 Crotonem
2146 1234 2389 1306 ponitur.
2419 1236 2596 1305 Atque
2625 1234 2710 1289 his
2746 1234 2801 1287 in
2841 1234 2977 1288 locis
3011 1233 3215 1288 Graca
3268 1232 3435 1286 ritum

172 1318 442 1375 Ecclesia
479 1319 676 1390 partim
724 1321 904 1377 adhuc
945 1322 1126 1393 vigere
1171 1321 1333 1377 docet
1366 1321 1646 1393 Ughellius
1693 1330 1826 1376 tom.
1902 1322 1999 1386 IX,
2053 1338 2111 1393 p.
2156 1322 2282 1377 475.
2328 1321 2579 1378 Profecto
2615 1330 2775 1377 atate
2830 1319 3093 1375 Photiana
3138 1328 3440 1373 extremam

176 1407 328 1461 illam
358 1407 529 1463 Italia
558 1417 767 1478 partem
797 1409 850 1463 in
885 1408 1162 1481 Byzantini
1198 1411 1594 1473 patriarchatus
1619 1408 1817 1464 ﬁnibus
1853 1408 2021 1465 fuisse
2048 1410 2500 1480 comprehensam
2522 1451 2537 1475 ,
2571 1409 2757 1463 multis
2796 1406 3141 1463 documentis
3182 1420 3439 1476 compro-

175 1494 366 1548 batum
406 1504 523 1560 est,
560 1504 615 1550 et
643 1506 793 1552 certe
815 1511 844 1550 a
872 1498 1016 1552 dicta
1048 1498 1161 1567 jam
1194 1497 1538 1568 imperatoris
1568 1496 1799 1552 novella.
1832 1496 1945 1553 lmo
1975 1513 2105 1553 vero
2137 1498 2377 1554 Leonem
2438 1497 2587 1552 hunc
2614 1495 2879 1552 Calabria
2917 1495 3117 1549 Italica
3166 1494 3439 1564 archiepi—

175 1595 405 1653 scOpnm
436 1582 604 1638 fuisse
633 1584 722 1639 vix
752 1584 963 1650 dubito,
1005 1584 1134 1640 dum
1158 1584 1448 1641 considero
1470 1584 1723 1639 Photiani
1753 1584 2038 1655 cujusdam
2071 1585 2269 1647 incditi
2288 1586 2471 1656 operis
2492 1585 2757 1640 adversus
2779 1582 3003 1639 Latinos
3027 1582 3117 1653 (de
3143 1598 3253 1653 quo
3273 1597 3442 1651 opere

176 1672 327 1740 mox)
362 1671 561 1738 locum,
604 1672 720 1738 ubi,
762 1672 1097 1728 enumeratis
1134 1671 1298 1728 Italia
1342 1681 1399 1728 et
1431 1672 1742 1729 Occidentis
1768 1675 1930 1729 variis
1978 1674 2195 1745 populis
2240 1676 2335 1745 qui
2367 1673 2614 1745 pontiﬁci
2659 1673 2906 1728 Romano
2942 1672 3243 1741 parebant,
3285 1670 3445 1725 abiis

176 1757 410 1814 Photius
452 1761 653 1829 excipit
685 1761 986 1824 Calabros,
1031 1776 1169 1830 quos
1207 1762 1285 1816 ait
1324 1777 1450 1817 cum
1514 1760 1718 1816 Gracis
1762 1763 2095 1817 consentire.
2143 1762 2252 1818 Sed
2298 1772 2481 1818 tamen
2522 1762 2633 1817 Leo
2690 1768 2838 1816 certe
2906 1756 3099 1830 Rhegii
3150 1761 3446 1829 episcopus

177 1856 389 1901 octava
429 1848 633 1918 synodo
672 1858 861 1904 contra
894 1848 1145 1904 Photium
1186 1849 1471 1904 celebrata
1522 1848 1850 1920 subscripsit
1890 1849 1968 1921 (2)
2004 1869 2017 1904 :
2048 1850 2302 1921 idemque
2362 1850 2419 1905 in
2468 1847 2910 1921 pseudo-synodo
2958 1846 3224 1902 Pbotiana
3274 1863 3443 1917 αρνιμ

177 1936 294 1989 ruit
324 1936 400 2006 (5)
435 1953 449 1989 :
489 1951 652 2007 quain
696 1954 809 1993 rem
846 1938 1069 1993 Coletus
1117 1937 1173 1991 in
1227 1936 1459 2009 Ughellii
1500 1937 1578 2008 (4)
1619 1938 2097 1995 emendationibus
2137 1939 2414 2009 sapienter
2460 1939 2693 2003 notavit,
2743 1944 2907 2006 atque
2939 1936 3015 1989 ita
3044 1935 3283 1989 Leonem
3330 1950 3443 1987 non

178 2023 350 2078 dubio
380 2024 569 2080 ordine
596 2026 649 2079 in
676 2024 1053 2098 Rheginorum
1082 2024 1460 2097 episcoporum
1487 2025 1628 2081 serie
1659 2027 1959 2083 constituit.
1983 2026 2089 2083 Sed
2124 2043 2251 2084 ecce
2291 2026 2347 2081 in
2380 2027 2635 2098 pradicta
2662 2025 2877 2081 novella
2908 2040 2965 2093 p.
3013 2023 3117 2078 100
3166 2021 3448 2093 Rheginus

180 2112 476 2184 episcopus
495 2129 525 2168 a
547 2113 779 2170 Calabro
822 2115 957 2171 satis
985 2114 1360 2186 distinguitur.
1389 2112 1562 2170 Porro
1592 2130 1692 2186 ego
1719 2123 1909 2169 auctor
1937 2129 2057 2169 sum
2088 2123 2149 2169 ut
2167 2114 2234 2169 de
2262 2114 2463 2169 ﬁnibus
2484 2112 2764 2185 Byzantini
2801 2110 3200 2182 patriarchatus
3238 2110 3446 2181 legatur

180 2200 346 2255 etiam
382 2202 671 2272 perdoctus
691 2203 942 2259 Bressius
974 2203 1031 2259 in
1064 2203 1260 2258 Melita:
1306 2203 1709 2274 antiquitatibus
1734 2202 1835 2274 (5),
1854 2203 1945 2273 qui
1972 2202 2229 2258 Leonina
2256 2203 2484 2259 novella
2512 2202 2887 2257 auctoritatem
2916 2208 3039 2270 post
3060 2198 3197 2252 alios
3225 2198 3447 2251 criticos

182 2289 431 2344 ventilat.
470 2289 551 2345 Ad
586 2304 701 2345 rem
734 2301 978 2347 nostram
1010 2291 1156 2362 quod
1199 2290 1415 2354 attinet,
1452 2300 1666 2346 constat
1697 2290 1935 2346 Leonem
1965 2290 2229 2347 Calabria
2264 2290 2738 2361 archiepiscopum
2778 2287 3137 2359 postulavisse
3176 2301 3206 2340 a
3248 2286 3447 2340 Photio

182 2377 495 2446 patriarcha
533 2393 657 2443 suo,
691 2389 854 2450 atque
882 2394 913 2434 a
945 2380 1182 2450 synodo,
1211 2393 1333 2450 qua
1362 2378 1503 2448 apud
1536 2379 1712 2450 ipsum
1743 2378 2141 2444 celebrabatur,
2170 2378 2566 2433 dubitationum
2595 2375 2952 2448 quarumdam
2986 2374 3286 2429 solutiones
3314 2391 3327 2426 :
3355 2376 3445 2427 cui

183 2465 430 2522 honesta
464 2468 713 2537 petitioni
739 2484 1034 2525 occurrens
1058 2468 1307 2535 Photius,
1332 2468 1511 2538 capita
1535 2469 1777 2539 quinque
1799 2468 2114 2538 rescripsit:
2142 2484 2262 2538 qua
2289 2482 2389 2539 ego
2412 2476 2471 2522 ut
2500 2467 2567 2522 de
2595 2482 2654 2521 re
2683 2466 2948 2521 canonica
2977 2464 3137 2530 bene,
3168 2472 3230 2517 ut
3262 2478 3449 2532 Spero,

184 2569 444 2623 mererer,
474 2555 665 2612 Latina
694 2556 820 2623 feci,
849 2557 1073 2614 scholiis
1100 2556 1307 2629 aliquot
1332 2555 1627 2626 declaravi,
1657 2564 1715 2613 et
1739 2555 1786 2612 si
1813 2571 1941 2613 cum
1970 2555 2370 2627 Amphilochiis
2400 2555 2456 2610 in
2493 2554 2598 2611 hoc
2623 2553 2901 2612 volumine
2928 2553 3172 2616 ederem,
3212 2551 3448 2611 pretium

182 2656 370 2711 Opera
406 2641 523 2699 fore
552 2644 811 2715 judicavi.

1037 3010 1403 3094 PHOTII
1471 3014 1993 3096 RESPONSA
2064 3013 2604 3099 CANONICA.

194 3344 290 3421 Tir
302 3347 742 3421 θεοφιλεστάτη)
763 3346 1065 3413 ὁσιωτάτῳ
1078 3348 1528 3421 συλλειτουρτῷ
1553 3350 1764 3405 Λέοντι
1791 3359 1825 3415 Α

1878 3350 2273 3420 Religiosissimo
2301 3359 2385 3421 get
2442 3349 2787 3421 sanctissimo,
2831 3348 2991 3402 Leoni
3027 3347 3303 3421 Calabria
3354 3362 3449 3398 ar-

256 3417 711 3486 ἁρχιεπισκόπῳ
746 3421 1084 3491 Καλαϐρίας
1120 3419 1338 3488 Φώτιος
1376 3417 1763 3491 delicatam-

256 3502 373 3553 πος
410 3491 1127 3557 Κωνσταντινουπόλεως.

260 3601 344 3655 Τὰ
381 3601 533 3674 παρὰ
558 3601 658 3674 τῆς
708 3602 864 3674 ὑμῶν
916 3604 1193 3675 θεοφιλίας
1241 3605 1379 3677 πρὸς
1432 3606 1583 3677 ἡμᾶς
1632 3606 1767 3662 ἀνα-

189 3696 513 3766 πεμφθέντα
544 3696 815 3766 κεφάλαια
834 3699 948 3761 τοῖς
978 3697 1416 3768 θεοφιλεστάτοις
1448 3699 1608 3769 ἡμῶν
1646 3700 1738 3753 ὲπι

189 3786 417 3840 δοθέντα
476 3784 904 3859 μητροπολίταις
934 3788 1010 3859 (6)
1046 3791 1141 3843 καὶ
1169 3789 1300 3861 παρ’
1328 3789 1509 3843 αὐτῶν
1538 3790 1769 3861 δοκιμα-

193 3878 393 3932 σθέντα
430 3896 492 3932 τε
533 3881 632 3933 καὶ
670 3878 1087 3949 βασανισθέντα,
1119 3880 1378 3952 τοιαύτης
1426 3879 1580 3951 ἔτυχε
1644 3880 1770 3954 κρί-

192 3968 332 4035 σεώς
367 3987 428 4024 τε
466 3974 561 4025 καὶ
596 3972 921 4035 ἐπιλύσεως.

261 4058 345 4115 A'.
401 4061 540 4133 Περὶ
596 4061 697 4134 μὲν
757 4060 867 4115 τῶν
913 4061 1250 4132 χειροτονίαν
1307 4062 1588 4134 ἱερατικὴν
1633 4062 1771 4133 μηδὲ

198 4153 331 4224 μίαν
360 4153 614 4222 ἑχόντων,
658 4151 1013 4223 βαπτίσματα
1056 4153 1116 4207 δὲ
1153 4153 1223 4208 δι’
1270 4153 1482 4207 ἑαυτῶν
1516 4154 1772 4208 τελεσάν-

194 4259 329 4305 των,
361 4240 603 4295 τοιοῦτόν
630 4260 685 4295 τι
719 4244 974 4313 ὥρισται.
1013 4242 1106 4306 Ὠς
1153 4244 1203 4297 εἰ
1250 4243 1351 4313 μὲν
1403 4243 1462 4295 ὲν
1509 4241 1772 4313 ἐλευθέρᾳ

194 4335 268 4402 γῇ
298 4332 395 4385 καὶ
422 4331 767 4404 Χριστιανῶν
795 4332 1081 4405 παρρησίᾳ
1103 4333 1296 4404 ἱερέων
1315 4351 1377 4387 τε
1396 4333 1650 4405 εὐπορίᾳ,
1672 4332 1771 4386 τοῦ

192 4424 442 4478 τοιούτου
483 4426 896 4497 κατετόλμησαν
955 4425 1383 4497 ἐγχειρήματος,
1447 4427 1555 4479 τῶν
1611 4426 1774 4498 ίερῶν

195 4516 613 4588 διακοσμήσεὼν
636 4534 695 4570 τε
724 4518 818 4571 καὶ
844 4519 1256 4590 προχειρήσεων
1287 4519 1379 4572 τὸν
1437 4518 1637 4589 θεσμὸν
1694 4519 1774 4580 είς

198 4608 408 4679 φαῦλον
434 4608 733 4681 τιθέμενοι,
772 4610 972 4682 μᾶλλον
991 4611 1047 4664 δὲ
1065 4610 1324 4683 ἀλαζονία
1350 4610 1773 4684 ἐμπορευσάμε-

1940 3418 2265 3491 cliiepiscapo
2290 3418 2511 3474 Photius
2559 3420 2977 3487 archiepiscopus
3014 3418 3454 3485 Constantinopo—

1941 3492 2154 3545 litanus.

1939 3603 2072 3671 Qua
2100 3613 2281 3659 vestra
2306 3604 2481 3675 pietas
2512 3603 2580 3657 ad
2614 3618 2714 3657 nos
2751 3602 2899 3657 misit
2922 3612 3179 3672 capitula,
3207 3616 3331 3656 cum
3363 3615 3454 3655 re-

1871 3696 2234 3768 ligiosissimis
2297 3695 2499 3751 nostris
2548 3696 2912 3765 metropolitis
2965 3695 3211 3750 exhibita
3246 3692 3457 3748 fuerint

1870 3798 2037 3859 atque
2059 3789 2128 3843 ab
2150 3788 2256 3843 illis
2278 3788 2333 3842 in
2352 3802 2579 3842 examen
2603 3796 2813 3855 vocata,
2844 3787 3121 3859 ejusmodi
3149 3786 3456 3841 retulerunt

1868 3881 2133 3953 judicium
2172 3896 2237 3936 ac
2264 3880 2617 3935 solutionem.

1944 4057 1986 4112 I.
2028 4056 2183 4123 Quod
2208 4056 2277 4113 ad
2299 4072 2393 4113 eos
2428 4057 2684 4113 homines
2730 4057 2928 4112 attinet
2956 4057 3074 4127 qui,
3113 4056 3265 4115 nullo
3304 4071 3457 4110 sacro

1873 4149 2063 4204 ordine
2094 4149 2327 4220 praditi,
2351 4150 2681 4219 baptismum
2706 4164 2870 4203 manu
2900 4164 2997 4204 sua
3027 4148 3455 4203 administrave-

1874 4249 2021 4306 runt,
2058 4241 2163 4295 hoc
2195 4241 2477 4295 deﬁnitum
2513 4241 2638 4296 fuit.
2674 4239 2956 4311 Siquidem
2990 4240 3046 4294 hi
3076 4240 3245 4294 libera
3277 4240 3333 4292 in
3368 4253 3457 4291 re-

1874 4332 2034 4402 gione
2061 4340 2115 4387 et
2138 4332 2448 4388 Christiana
2469 4348 2602 4403 pace
2629 4332 3084 4401 sacerdotumque
3111 4330 3289 4401 copia,
3312 4329 3457 4399 ejus—

1875 4425 2020 4479 modi
2053 4423 2196 4479 actui
2224 4439 2445 4478 manum
2468 4424 2760 4479 admovere
2782 4424 2899 4479 ausi
2924 4423 3153 4488 fuerint,
3175 4436 3453 4476 sacrarum

1876 4519 2322 4574 constitutionum
2350 4534 2414 4575 ac
2442 4518 2875 4573 ministeriorum
2935 4519 3109 4590 legem
3182 4513 3332 4570 ﬂocci
3375 4513 3457 4569 fa-

1878 4608 2107 4672 cientes,
2141 4607 2250 4663 imo
2280 4622 2410 4661 vero
2439 4608 2695 4677 superbia
2735 4624 2833 4663 sua
2870 4607 3031 4671 elati;
3070 4605 3160 4670 hi,
3193 4604 3413 4673 inquam
3440 4645 3454 4668 ,

197 4718 303 4765 νοι,
337 4701 583 4772 σφοδρῶς
633 4701 1054 4774 ὲπιτιμηθέντες
1106 4703 1247 4775 ὑπὲρ
1288 4702 1399 4757 τῶν
1438 4704 1540 4776 ἤδη
1583 4703 1772 4773 πλημ-
1805 4705 1825 4763 1

1878 4715 2064 4756 severe
2090 4699 2364 4769 increpiti,
2393 4699 2463 4755 ob
2495 4699 2549 4755 id
2579 4700 2725 4770 quod
2764 4702 3026 4754 hactenus
3052 4704 3457 4767 perpetrarunt,

199 4791 570 4866 μεληθέντων,
599 4795 695 4849 καὶ
744 4794 847 4865 τῆς
901 4796 1041 4865 μετὰ
1076 4794 1250 4849 ταῦτα
1306 4796 1587 4867 ἱερατικῆς
1638 4813 1772 4868 προ-

195 4885 505 4956 χειρήσεως
531 4883 598 4937 δι’
629 4884 763 4938 αὐτό
786 4901 851 4953 γε
876 4886 1036 4939 τοῦτο
1051 4885 1509 4957 ἀπειρχθὴσονται
1542 4903 1558 4919 ⁸
1590 4887 1639 4941 οί
1664 4888 1774 4961 γὰρ

195 4982 297 5047 τὴν
327 4976 425 5030 τοῦ
460 4975 608 5029 θείου
659 4975 978 5047 Πνεύματος
1028 4976 1186 5049 χάριν
1231 4975 1572 5047 ἁποσυλῆσαι
1614 4976 1775 5047 θελή-

200 5082 419 5131 σαντες,
448 5065 546 5119 καὶ
592 5066 806 5129 ἑαυτοῖς
849 5066 949 5135 τὴν
995 5063 1185 5136 τιμὴν,
1218 5065 1333 5118 ἀλλ’
1362 5065 1461 5135 οὐχ
1488 5066 1593 5119 ὑπὸ
1638 5065 1775 5119 Θεοῦ

197 5156 527 5229 καλούμενοι
552 5154 966 5226 ἐπιτρέψαντες,
984 5153 1058 5218 ὡς
1086 5156 1187 5225 τῆς
1204 5154 1354 5219 θείας
1370 5155 1590 5227 χάριτος
1602 5171 1776 5210 κατα-

1876 4806 1907 4847 a
1939 4806 2097 4847 sacro
2130 4791 2296 4845 etiam
2338 4790 2594 4862 posthinc
2631 4791 2934 4845 ministerio
2979 4789 3050 4844 ob
3086 4787 3227 4841 hanc
3262 4801 3457 4841 noxam

1879 4878 2259 4937 excludantur.
2285 4880 2420 4935 Nam
2446 4880 2539 4951 qui
2569 4880 2740 4935 divini
2775 4878 3009 4949 Spiritus
3041 4876 3268 4947 gratiam
3297 4890 3457 4929 usur-

1879 4990 2009 5044 pare
2042 4974 2350 5039 voluerunt,
2382 4973 2595 5043 sibique
2628 4972 2892 5027 honorem
2921 4969 3127 5037 absque
3164 4967 3261 5022 Dei
3298 4982 3459 5022 voca-

1882 5066 2031 5120 tione
2055 5065 2353 5131 vindicare,
2387 5064 2556 5119 veluti
2581 5063 2782 5118 divina
2817 5060 3003 5133 gratia:
3024 5068 3460 5129 contemptores,

1884 5156 1987 5211 hac
2021 5156 2137 5227 ipsa
2170 5166 2345 5212 semet
2372 5157 2725 5212 orhaverunt.
2766 5155 2940 5220 Quam
2976 5152 3123 5208 enim
3157 5160 3284 5207 ante
3324 5150 3465 5206 acci-

1704 5357 1939 5414 NOTAE.

270 5492 355 5564 (ί)
383 5491 549 5564 Apud
580 5490 970 5564 Leunclavium
1004 5490 1081 5547 De
1115 5493 1231 5563 jar.
1271 5494 1363 5551 Gr.
1389 5495 1543 5549 Rom.
1586 5509 1643 5564 p.
1685 5492 1775 5549 88.

273 5560 358 5630 (2)
382 5560 550 5630 nam.
577 5562 784 5617 Concii.
813 5573 852 5616 t.
882 5561 948 5618 Υ.
974 5577 1030 5630 p.
1065 5560 1190 5618 9‘29.

273 5628 357 5704 (ᾗ)
397 5628 832 5704 (έοιοιεϐοηοηῑ.
862 5628 1037 5704 XVII,
1068 5649 1121 5704 p.
1156 5635 1280 5690 574.

273 5700 357 5769 (4)
398 5698 531 5771 Ϊοηι
564 5702 657 5765 ιχ,
686 5720 743 5771 p.
775 5703 901 5759 524.

273 5772 358 5843 (5)
396 5768 519 5825 Lib.
556 5785 626 5824 νι.

1961 5497 2038 5567 (6)
2076 5495 2323 5570 Intellige
2359 5492 2776 5570 patriarchalem
2819 5491 3123 5570 synodum,
3158 5486 3463 5570 cujusmodi

1889 5563 2189 5637 permultas
2220 5563 2635 5637 le'gimusapud
2669 5563 3057 5637 Leunclavinm
3088 5563 3142 5615 in
3174 5563 3461 5637 canonico-

1886 5629 2013 5709 rum
2039 5629 2423 5709 responsorum
2451 5629 2635 5709 libris.
2667 5634 2741 5689 De
2774 5634 2957 5709 Leone
2985 5641 3168 5686 autem
3198 5629 3461 5709 Calabria

1891 5707 2089 5761 Italica
2124 5704 2543 5775 archiepiscopi,
2570 5705 2637 5759 ad
2666 5720 2847 5775 quem
2884 5704 3000 5758 hac
3038 5716 3296 5771 responsa
3326 5704 3457 5754 scri-

1892 5777 1969 5831 bit
2000 5777 2247 5843 Photius,
2290 5774 2400 5831 dixi
2432 5774 2597 5846 supra
2630 5776 2682 5829 in
2714 5774 2930 5829 Manilo.
