4004 6420
598 360 704 422 775

1716 358 1979 422 ΡΗΟΤΙΙ
2014 363 2178 425 PATI

2281 368 2517 432 iRCHi’E
2558 374 2665 435 CP.
3758 372 3849 433 776

595 472 858 544 piendum
886 478 1234 543 spreverunt,
1263 471 1512 526 eamdem
1540 470 1755 527 etiamsi
1790 482 1981 543 postea
2019 491 2178 532 acce-

2287 484 2832 555 φρονηταὶ,,ταύτης
2880 484 3103 547 ἑαυτοὺς
3152 482 3576 555 ἀπεστέρησαν·
3629 474 3705 536 ὧν
3752 486 3847 556 γὰρ

593 566 798 635 perint,
827 566 1109 636 aspernari
1142 582 1254 620 non
1293 566 1643 620 dubitabunt.
1674 564 1795 620 Jam
1837 583 1934 624 eos
1975 569 2070 637 qui
2111 571 2182 625 ab

594 659 727 729 ipsis
754 659 1013 729 baptizati
1037 656 1277 722 fuerunt,
1304 674 1646 728 nequaquam
1672 659 1915 729 Spiritus
1946 662 2178 732 gratiam

594 751 872 821 recepisse
904 766 1196 806 censemus
1222 771 1238 805 :
1263 765 1432 820 quare
1458 764 1553 806 eos
1576 760 1633 806 et
1663 766 1801 822 aqua
1835 754 2097 824 baptizari
2126 764 2183 809 et

595 854 788 899 sancto
814 843 1108 899 chrismate
1139 844 1264 915 ungi
1293 854 1459 914 atque
1487 844 1561 899 ita
1589 848 1899 901 consecrari
1922 848 2175 903 decerni-

595 952 739 989 mus.
756 935 961 1005 Nempe
972 950 1095 989 eum
1112 950 1199 989 res
1216 935 1483 1003 ejusmodi
1503 939 1861 1007 contemptim
1882 948 1937 995 et
1956 940 2180 1011 indigne

594 1035 753 1080 antea
786 1034 1003 1095 peracta
1032 1024 1215 1088 fuerit,
1241 1026 1523 1095 sequimur
1550 1028 1883 1097 apostolicos
1916 1045 2178 1097 canones,

592 1119 682 1188 qui
716 1132 1045 1189 magnopere
1074 1117 1393 1188 objurgant,
1427 1120 1473 1174 si
1513 1120 1635 1189 quis
1668 1121 1896 1177 minime
1936 1122 2181 1193 baptiza-

593 1210 731 1265 verit
761 1226 874 1275 eos,
911 1209 1003 1279 qui
1035 1210 1105 1264 ab
1134 1210 1317 1280 impiis
1339 1211 1669 1281 baptismum
1702 1215 2037 1284 receperint,
2076 1230 2181 1269 ceu

590 1301 682 1370 qui
704 1299 868 1355 falsos
895 1316 926 1355 a
962 1300 1104 1355 veris
1129 1302 1505 1357 sacerdotibus
1534 1318 1645 1359 non
1673 1304 2057 1361 discreverim.
2111 1306 2183 1361 At

590 1392 739 1447 enim
769 1394 815 1447 si
849 1392 939 1462 qui
970 1392 1026 1448 in
1056 1393 1338 1448 barbarica
1369 1393 1576 1449 ditione
1604 1395 1886 1467 degentes,
1918 1398 1971 1451 in
2000 1414 2183 1454 sacer-

590 1484 781 1539 dotum
802 1485 1018 1540 delectu
1045 1486 1374 1556 baptismum
1392 1487 1918 1556 administraverint,
1942 1501 2183 1546 meretur

591 1578 808 1633 veniam
841 1582 1179 1648 necessitas;
1221 1595 1292 1637 ne
1319 1581 1609 1649 videlicet,
1644 1584 1944 1656 tyrannidis
1975 1601 2142 1641 causa
2164 1627 2181 1653 ,

590 1672 749 1726 vacui
780 1675 951 1745 gratia
984 1675 1339 1730 dimittantur
1370 1676 1407 1731 ii
1438 1675 1530 1745 qui
1562 1676 1656 1731 illa
1688 1677 1849 1747 potiri
1878 1678 2178 1749 postulant.

593 1764 773 1829 Quare
839 1766 1091 1821 homines
1145 1766 1240 1837 qui
1289 1766 1707 1837 baptizaverunt
1762 1768 1977 1823 etiamsi
2027 1784 2181 1823 sacro

2287 577 2392 647 πρὸ
2420 576 2513 629 τοῦ
2546 576 2731 630 λαϐεῖν
2766 576 3200 649 κατεφρόνησαν,
3228 574 3438 629 τούτων
3478 575 3576 628 καὶ
3604 575 3747 645 μετά
3798 578 3851 629 τὸ

2282 668 2468 721 λαϐεῖν
2526 668 2747 729 εἰκότως
2796 665 3215 737 καταφρονῆσαι
3250 667 3312 719 ού
3370 667 3844 737 παραιτήσονται·

2280 758 2407 820 τοὺς
2437 756 2492 811 δέ
2522 773 2586 825 γε
2611 757 2742 829 παρ’
2770 756 2951 811 αὐτῶν
2977 756 3396 826 βαπτισθέντας,
3424 754 3681 825 οὐδαμῶς
3715 752 3844 822 δεξα-

2286 844 2482 913 μένους
2515 842 2828 915 Πνεύματος
2860 843 3018 913 χάριν
3043 842 3327 913 ἡγούμεθα
3346 859 3360 873 ·
3379 842 3445 896 δι’
3464 843 3492 895 ὃ
3519 844 3614 896 καὶ
3640 842 3699 895 ἐν
3714 842 3846 896 ὕδατι

2286 934 2676 1005 βαπτισθῆναι,
2712 934 2809 988 καὶ
2858 934 2936 1006 τῷ
2989 934 3131 1005 ἁγίῳ
3192 933 3351 1005 μύρῳ
3406 933 3721 1004 χρισθῆναι,
3770 935 3848 989 καὶ

2281 1028 2428 1083 οὕτω
2451 1028 2809 1099 τελειωθῆναι
2842 1026 3195 1097 διοριζόμεθα
3224 1042 3239 1058 ·
3274 1027 3379 1082 κάν
3403 1043 3456 1079 τι
3484 1025 3733 1080 τοιοῦτον
3760 1046 3846 1082 κα-

2282 1120 2698 1193 ταφρονητικῶς
2744 1138 2806 1175 τε
2853 1120 2949 1174 καὶ
2992 1118 3231 1184 ἀναξίως
3272 1118 3845 1189 προδιεπράχθη,ὲπό-

2286 1232 2438 1285 μενοι
2471 1217 2583 1277 τοῖς
2614 1213 3001 1277 ἀποστολικοϊς
3048 1211 3238 1267 κανόσι
3268 1211 3517 1283 σφοδρῶς
3560 1212 3841 1282 ἐπιτιμῶσι

2281 1305 2412 1368 τοὺς
2454 1305 2530 1375 μὴ
2561 1304 2924 1376 βαπτίζοντας
2970 1303 3099 1367 τοὺς
3139 1304 3255 1357 ὅσοι
3293 1301 3447 1373 παρὰ
3488 1301 3602 1355 τῶν
3654 1302 3845 1357 ἀσεϐῶν

2282 1396 2533 1462 ἐδέξαντο
2555 1397 2859 1468 βάπτισμα,
2880 1398 2957 1458 ὡς
2986 1396 3061 1467 μὴ
3082 1395 3465 1466 διακρίναντας
3493 1393 3685 1466 ἱερέας
3708 1394 3843 1463 ψευδο

2285 1492 2479 1560 ιερέων
2510 1491 2609 1562 (7).
2636 1492 2702 1546 Εί
2747 1490 2793 1543 δ’
2827 1493 2887 1544 ὲν
2927 1489 3241 1560 βαρϐαρικῇ
3292 1504 3436 1551 τινες
3466 1488 3838 1558 παροικοῦντες

2284 1583 2613 1654 ἐπικρατείᾳ
2648 1583 2743 1636 καὶ
2773 1581 2968 1653 ίερέων
2992 1580 3376 1645 δπιλιπόντων,
3405 1580 3698 1650 βάπτισμα
3719 1580 3837 1651 ἱερὸν

2284 1676 2630 1742 ἐπετέλεσαν,
2656 1674 2955 1745 συγγνώμη
2996 1677 3064 1746 τῇ
3103 1673 3339 1745 ἀνάγκῃ,
3376 1675 3473 1727 καὶ
3509 1673 3573 1726 τὸ
3603 1675 3680 1743 μὴ
3702 1674 3838 1741 ἀγεύ-

2286 1786 2445 1832 στους
2466 1769 2563 1839 τῆς
2612 1768 2832 1839 χάριτος
2869 1766 3085 1839 διάητὴν
3130 1765 3425 1837 τυραννίδα
3475 1765 3610 1828 τοὺς
3662 1767 3837 1833 ταύτην

592 1858 784 1913 ordine
815 1873 926 1912 non
960 1858 1203 1929 insigniti
1244 1858 1500 1923 fuissent,
1526 1860 1731 1930 judicio
1760 1860 1962 1917 vindici
2006 1861 2178 1931 subji-

2282 1862 2667 1932 ὲπιδεομένους
2701 1860 3122 1933 ἀποστραφῆναι
3152 1874 3167 1890 ο
3208 1858 3289 1913 διὸ
3315 1858 3442 1919 τοὺς
3468 1856 3835 1928 βαπτίσαντες,

590 1964 717 2005 cere
770 1951 946 2004 visum
1000 1966 1113 2004 non
1185 1959 1290 2007 est.
1361 1950 1673 2022 Baptizatos
1728 1962 1914 2007 autem
1981 1953 2180 2007 iterum

592 2042 887 2095 chrismate
923 2042 1047 2113 ungi
1090 2043 1316 2098 omnino
1343 2042 1637 2099 deﬁnimus
1660 2083 1675 2106 ,
1706 2042 1921 2098 etiamsi
1971 2058 2001 2097 a
2041 2059 2182 2113 pra:-

593 2134 753 2189 dictis
786 2134 929 2189 uncti
962 2134 1209 2189 fuerint:
1246 2144 1410 2205 atque
1455 2135 1527 2189 ita
1571 2148 1797 2206 prorsus
1847 2134 2033 2191 divino
2080 2152 2182 2189 un-

594 2232 795 2293 guento
838 2224 1149 2279 consecrari
1206 2224 1263 2279 in
1316 2227 1629 2296 septenario
1676 2227 1889 2282 dierum
1951 2229 2177 2298 spatio:

594 2316 885 2384 caeteroqui
918 2315 1069 2369 illum
1104 2316 1461 2387 baptismum,
1482 2319 1573 2389 qui
1603 2327 1829 2390 urgente
1855 2320 2184 2375 necessitate

592 2409 930 2462 ministratus
973 2409 1168 2473 fuerat,
1197 2426 1303 2463 non
1334 2411 1627 2481 antiquari.
1664 2410 1774 2468 Etsi
1802 2412 1948 2467 enim
1978 2413 2022 2468 is
2047 2413 2184 2470 ritus

593 2500 945 2570 imperfectus
984 2511 1139 2567 erat,
1173 2511 1354 2558 tamen
1384 2503 1668 2560 Trinitatis
1712 2504 2077 2570 invocatione,
2128 2515 2184 2561 et

593 2593 684 2663 pio
710 2593 1075 2647 invocantium
1103 2594 1232 2659 line,
1263 2606 1319 2650 et
1348 2596 1725 2665 recipientium
1762 2596 1885 2662 (ide,
1918 2597 2053 2652 satis
2076 2598 2179 2651 ho-

593 2694 817 2739 noratus
856 2685 976 2740 fuit.
1017 2686 1193 2752 Quare
1223 2704 1325 2743 nec
1365 2690 1563 2743 iterum
1604 2706 1743 2760 aqua
1781 2690 2044 2759 baptizari
2088 2704 2183 2745 eos

591 2775 684 2844 qui
714 2776 967 2845 baptizati
1005 2777 1268 2843 ,luerant,
1299 2777 1649 2832 decernimus
1674 2819 1690 2845 ,
1731 2791 1801 2833 ne
1840 2778 2050 2833 scilicet
2089 2792 2184 2833 re-

592 2866 867 2936 baptizare
908 2867 1213 2924 videamur.
1281 2868 1417 2923 Nam
1468 2879 1525 2924 et
1575 2870 1878 2939 petentium
1930 2868 2082 2934 ﬁdes,
2129 2878 2186 2924 et

590 2957 924 3012 initiantium
950 2958 1164 3028 pietatis
1180 2960 1443 3025 studium,
1458 2972 1514 3015 et
1536 2960 1828 3032 tyrannica:
1843 2960 2184 3015 auctoritatis

592 3058 957 3119 contemptus,
989 3061 1043 3105 et
1073 3052 1505 3122 impendentium
1546 3052 1922 3122 periculorum
1951 3059 2184 3122 propter

2283 1954 2390 2008 κᾶν
2442 1956 2572 2008 ἄνευ
2623 1951 2984 2024 χειροτονίας,
3024 1951 3263 2021 έπιτίμῳ
3303 1951 3488 2023 κρίσει
3536 1950 3641 2003 οὐκ
3688 1950 3836 2015 ἔδοξεν

2282 2050 2415 2119 ἡμῖν
2456 2046 2857 2101 καθυποϐαλεῖν
2890 2060 2907 2079 ’
2933 2046 3060 2109 τοὺς
3097 2044 3155 2097 δέ
3186 2059 3249 2113 γε
3278 2044 3699 2114 βαπτισθέντας,
3733 2046 3837 2096 ἀνα·

2286 2136 2617 2209 μυρισθῆναι
2669 2136 2768 2206 μὲν
2825 2134 3045 2198 πάντως
3089 2131 3472 2204 διοριζόμεθας
3530 2130 3639 2184 κᾶν
3665 2131 3836 2199 είπαρ’

2283 2231 2461 2284 αὐτῶν
2511 2228 2885 2301 ὲμυρίσθησαν
2914 2226 2991 2298 (8)
3025 2240 3041 2259 ⁶
3066 2225 3163 2279 καὶ
3182 2224 3326 2278 οὕτω
3350 2224 3437 2279 διὰ
3464 2223 3563 2295 τῆς
3597 2222 3691 2276 τοῦ
3718 2223 3835 2276 θείου

2287 2322 2459 2395 μύρου
2498 2321 2645 2388 ἅπαξ
2670 2320 2901 2393 χρίσεως
2930 2319 2989 2372 ὲν
3020 2318 3160 2373 ἑπτὰ
3192 2318 3429 2388 ἡμέραις
3456 2315 3533 2387 (9)
3573 2315 3836 2383 τελειωθῇ-

2284 2431 2396 2470 ναι’
2428 2415 2487 2468 οὐ
2520 2415 2626 2485 μὴν
2645 2412 2700 2465 δὲ
2728 2411 2787 2465 τὸ
2815 2412 2963 2476 ὅπως
2994 2404 3087 2465 οὖν
3122 2408 3348 2479 γεγονὸς
3378 2409 3464 2463 διὰ
3491 2410 3591 2479 τὴν
3617 2408 3834 2477 ἀνάγκην

2287 2509 2574 2581 βάπτισμα
2597 2504 2672 2577 μὴ
2703 2502 3126 2575 συγχωρηθῆναι
3151 2520 3165 2534 ⁶
3210 2502 3313 2556 κᾶν
3342 2501 3451 2571 γὰρ
3506 2500 3696 2564 ἀτελὲς
3724 2499 3832 2571 (101,

2283 2605 2432 2671 ὅμως
2476 2602 2542 2671 τῇ
2577 2598 2861 2667 ἐπικλήσει
2905 2594 3006 2667 τῆς
3052 2594 3328 2663 παναγίας
3390 2594 3624 2666 Τριάδος
3654 2595 3743 2645 καὶ
3774 2593 3835 2661 τῷ

2284 2693 2460 2762 πιστῷ
2489 2690 2677 2761 σκοπῷ
2703 2690 2813 2743 τῶν
2834 2687 3302 2757 ἐπικαλουμένων,
3329 2688 3397 2757 τῇ
3457 2703 3517 2739 τε
3549 2686 3725 2738 πίστει
3748 2686 3834 2737 τῶν

2284 2784 2694 2855 ὑποδεχομένων
2708 2783 3026 2854 τετίμηται·
3044 2780 3111 2833 δι’
3140 2779 3168 2832 δ
3187 2780 3307 2833 οὐδὲ
3333 2777 3574 2849 ἔμπαλιν
3601 2778 3833 2848 βαπτίσει

2282 2877 2359 2949 τῷ
2381 2877 2533 2931 ὕδατι
2559 2877 2684 2939 τοὺς
2708 2872 3107 2945 βαπτισθέντας
3132 2870 3321 2941 ὁρίζω.
3349 2871 3435 2924 ἵνα
3457 2872 3534 2941 μὴ
3562 2870 3833 2924 ἀναϐατιτὶ-

2285 2987 2377 3023 σαι
2408 2969 2650 3040 δόξωμεν
2670 2984 2682 2999 ·
2711 2967 2747 3038 ἥ
2778 2983 2839 3020 τε
2868 2965 2977 3037 γὰρ
2993 2964 3101 3019 τῶν
3124 2963 3463 3033 αἰτουμένων
3488 2963 3689 3027 πίστις,
3718 2964 3833 3015 καὶό

2282 3064 2393 3119 τῶν
2423 3063 2722 3121 τελούντων
2750 3060 2879 3135 περὶ
2895 3061 2994 3132 τὴν
3019 3058 3301 3113 εὐσέϐειαν
3319 3057 3611 3120 σπουδαῖος
3639 3059 3830 3119 σκοπός·

592 3141 873 3196 Christum
918 3143 1215 3214 neglectus,
1262 3160 1367 3199 nec
1414 3153 1607 3200 sancto
1660 3144 1870 3215 Spiritu
1900 3152 2178 3214 expertem

2286 3159 2321 3228 ἢ
2349 3174 2408 3211 τε
2436 3157 2536 3228 τῆς
2574 3156 2908 3227 τυραννικῆς
2934 3152 3295 3225 ἐπικρατείας
3334 3151 3664 3223 παρόρασις.
3701 3151 3834 3219 καὶὴ

594 3247 696 3287 nec
712 3233 993 3302 profanum
1020 3235 1269 3290 videntur
1295 3238 1476 3292 sinere
1507 3245 1786 3307 peractum
1818 3237 2171 3307 baptismum.

594 3322 790 3379 Multos
834 3326 979 3381 enim
1029 3327 1329 3398 antiquitus
1369 3328 1611 3383 Ecclesia
1672 3326 1766 3382 Dei
1801 3326 2180 3397 comprobavit

594 3414 913 3485 baptismos,
946 3429 1170 3489 pr0pter
1207 3428 1518 3491 temporum
1557 3430 1615 3475 et
1646 3420 1887 3474 locorum
1932 3418 2177 3474 necessi-

594 3515 762 3563 tatem
785 3526 884 3566 ceu
906 3514 1191 3568 commode
1213 3514 1639 3569 administratos.
1662 3512 1737 3569 De
1755 3513 1861 3569 hoc
1888 3512 2176 3568 hactenus.

2282 3248 2391 3302 τῶν
2420 3247 2818 3319 ἐπηρτημένων
2842 3244 3104 3299 κινδύνων
3124 3242 3213 3298 διὰ
3253 3242 3492 3313 Χριστὸν
3516 3241 3833 3312 καταφρόνη-

2286 3357 2391 3405 σις,
2417 3340 2517 3393 οὐκ
2539 3338 2770 3411 ἄμοιρον
2786 3337 2884 3391 τοῦ
2912 3336 3068 3406 ἁγίου
3090 3336 3409 3407 Πνεύματος
3429 3335 3543 3387 οὐδ’
3567 3336 3769 3404 ἀνίερον
3785 3335 3836 3386 τὸ

2283 3431 2535 3485 τελεσθὲν
2591 3431 2875 3502 βάπτισμα
2906 3429 3124 3483 δοκοῦσι
3156 3429 3506 3483 καταλιπεῖν·
3539 3427 3706 3481 πολλὰ
3743 3426 3835 3495 γὰρ

2283 3525 2548 3581 ἀνέκαθεν
2580 3524 2734 3595 παρὰ
2778 3527 2849 3597 τῇ
2874 3522 2970 3577 τοῦ
3015 3520 3151 3576 Θεοῦ
3194 3522 3494 3594 Ἐκκλησία
3511 3520 3837 3592 συνεχωρήθη

595 3622 967 3697 βαπτίσματα,
992 3624 1079 3680 διά
1100 3626 1308 3700 καιρῶν
1333 3628 1431 3682 καὶ
1442 3627 1625 3683 τόπων
1652 3629 1899 3700 ἀνάγκην
1925 3627 2212 3699 χρησίμως
2240 3622 2653 3697 ἀποδειχθέντα.
2690 3622 2803 3678 Καὶ
2835 3621 2966 3697 περὶ
2995 3620 3097 3693 μὲν
3120 3619 3310 3674 τούτου
3334 3618 3595 3674 τοσαῦτα.

2102 3808 2335 3869 NOTAE.

674 3992 748 4061 (7)
790 3990 971 4045 Canon
996 4002 1080 4046 cst
1111 3992 1252 4046 inter
1286 3990 1445 4061 vulgo
1471 3990 1796 4060 apostolicos
1821 3991 2173 4061 quadragesi-

601 4076 724 4116 mus
759 4063 1051 4132 septimus;
1090 4078 1226 4131 quos
1267 4062 1384 4116 sine
1415 4062 1581 4116 dubio
1626 4062 1879 4116 tribuisse
1919 4062 2177 4132 apostolis

602 4134 911 4187 auctoribus
962 4134 1212 4187 l’hotium
1260 4132 1369 4201 jam
1436 4132 1672 4186 vidimus
1730 4148 1785 4202 p.
1840 4133 1962 4187 115.
2013 4132 2177 4201 Atqui

601 4218 762 4256 nemo
779 4204 889 4271 jam
912 4204 1153 4273 ambigit,
1181 4202 1310 4272 quin
1336 4203 1390 4256 hi
1419 4217 1657 4256 canones
1674 4204 1996 4257 auctoritate
2017 4212 2179 4271 atque

600 4282 758 4326 astate
790 4275 1082 4343 apostolica
1118 4282 1370 4339 careant;
1411 4282 1465 4327 et
1501 4273 1718 4341 quidem
1748 4274 1911 4327 etiam
1960 4284 2179 4342 propter

600 4358 831 4405 errores,
867 4359 1004 4412 quos
1030 4342 1330 4403 continent.
1366 4346 1510 4397 circa
1543 4344 1891 4412 baptismum.
1921 4343 2180 4414 Chrysos—

601 4414 729 4465 tomi
752 4415 913 4466 etiam
933 4420 1016 4480 (ut
1043 4424 1099 4467 et
1124 4414 1226 4466 hoc
1247 4415 1423 4468 obiter
1444 4422 1650 4475 notem)
1672 4414 1872 4483 scripta
1897 4415 2175 4482 complura

2274 3991 2755 4064 quamobremuhic
2787 4006 3013 4064 parcere
3034 3988 3232 4064 verbis
3258 3987 3409 4041 licet.
3729 4052 3741 4064 ο

2349 4063 2425 4131 (8)
2464 4062 2737 4116 Arcudius
2775 4054 2894 4130 cap.
2942 4061 2976 4114 ι
3015 4060 3083 4113 de
3121 4071 3532 4131 neograecorum
3584 4054 3835 4131 erroribus

2276 4126 2443 4203 agens
2463 4134 2539 4187 ait
2566 4150 2580 4187 :
2604 4126 3005 4203 Sacramentum
3035 4129 3455 4203 conﬁrmationis
3478 4142 3708 4203 teque‘ac
3727 4126 3835 4192 bap-

2279 4197 2493 4257 tismum
2538 4202 2701 4256 semel
2744 4202 3028 4255 exhibitura
3072 4210 3268 4253 veteres
3313 4200 3511 4251 iterare
3558 4197 3700 4264 nefas
3745 4211 3834 4247 me

2275 4274 2831 4335 ducebant;recentes.
2857 4272 2902 4324 si
2932 4288 3035 4323 non
3060 4271 3329 4327 iterarint.
3360 4283 3591 4321 canones
3621 4266 3834 4318 concilio-

2279 4361 2396 4397 rum
2448 4344 2671 4397 violasse
2717 4343 3039 4414 existimant.
3110 4341 3384 4414 Blastares
3428 4338 3574 4407 apud
3607 4336 3832 4414 eunnletn

2280 4415 2484 4468 Arcud.
2518 4429 2638 4483 cap.
2676 4413 2741 4466 12
2785 4428 3008 4482 prorsus
3040 4427 3167 4483 cum
3228 4409 3426 4483 Photio
3466 4404 3835 4483 eOIISpiratdi-

599 4483 781 4555 spuria
812 4476 1087 4537 recensuit
1130 4484 1271 4555 inter
1312 4485 1547 4555 genuina
1592 4476 1821 4537 Photius
1844 4484 2006 4555 haud
2025 4476 2176 4555 'satis
2209 4476 2251 4530 Ι)
2280 4500 2411 4537 cens
2440 4499 2548 4537 non
2576 4476 2696 4538 esse
2723 4476 3191 4555 rebaptizandum,
3232 4481 3329 4535 sed
3358 4489 3538 4555 tamen
3573 4476 3834 4555 r:o_utirma-

599 4552 700 4607 bac
727 4552 781 4604 in
811 4568 866 4605 re
880 4564 1072 4624 acutus
1106 4552 1347 4616 criticus,
1376 4555 1565 4609 fraude
1599 4570 1706 4606 non
1731 4554 1936 4624 agnita,
1972 4554 2050 4607 uti
2076 4570 2177 4607 nos

597 4630 856 4696 admonet
878 4622 1306 4696 Montfauconius
1327 4625 1696 4696 Chrysostomi
1724 4622 1919 4686 editor,
1944 4629 1997 4677 in
2024 4624 2176 4692 pm-l'.

596 4692 716 4747 Jam
744 4706 816 4747 ne
870 4693 1131 4764 miremur
1160 4694 1408 4749 Photium
1442 4692 1751 4764 tantopere,
1783 4705 1837 4749 et
1866 4704 2062 4762 praeter
2089 4709 2179 4747 ve-

602 4780 713 4817 ram
746 4763 1094 4835 sententiam,
1120 4780 1324 4835 urgere
1360 4775 1418 4819 ut
1448 4763 1752 4833 baptiSmus
1782 4781 1810 4817 a
1844 4765 1984 4818 laico
2010 4764 2179 4817 colla-

602 4844 707 4897 tus,
738 4833 1027 4901 aliquando
1057 4833 1245 4888 saltem
1275 4837 1537 4890 habeatur
1562 4835 1851 4899 invalidus,
1877 4835 2179 4888 audiendus

600 4915 684 4977 est
711 4904 930 4977 Graecus
954 4902 1221 4977 _Arcud_ius
1244 4908 1308 4959 de
1340 4907 1485 4977 bapt.
1509 4906 1717 4977 cap.“
1750 4905 1971 4977 dicens;
1994 4906 2178 4958 Totam

602 4975 764 5042 ferme
795 4973 1075 5037 Grmciam,
1106 4974 1373 5037 Russiam,
1413 4973 1739 5028 illoscoviam
1760 5015 1774 5036 ,
1809 4983 1858 5025 et
1888 4974 2023 5027 alius
2053 4991 2179 5041 pro-

598 5046 822 5105 vincias,
848 5060 963 5113 qua:
988 5045 1041 5097 in
1061 5045 1165 5111 ﬁde
1191 5046 1384 5099 Christi
1410 5046 1515 5097 ritu
1538 5046 1719 5099 Graeco
1745 5055 2097 5113 perseverant,
2122 5046 2177 5098 in

600 5131 659 5167 eo
696 5115 893 5185 versari
921 5132 1096 5167 errore
1134 5132 1199 5167 ac
1220 5116 1484 5184 scrupulo,
1524 5124 1578 5166 ut
1629 5114 1838 5166 absente
1880 5116 2176 5185 presbytero

598 5184 786 5236 malint
808 5186 1106 5252 permittere
1127 5194 1183 5237 ut
1210 5186 1437 5255 infantes
1459 5185 1570 5235 sine
1610 5185 1871 5251 baptismo
1896 5202 1923 5237 e
1947 5184 2053 5238 vita
2087 5187 2175 5237 de-

598 5256 807 5317 cedunt,
837 5271 995 5325 quam
1020 5272 1104 5307 eos
1129 5254 1354 5307 salutari
1388 5254 1599 5306 lavacro
1621 5256 1853 5318 abluere,
1883 5256 2020 5323 quod
2046 5258 2175 5309 eatis-

600 5326 781 5377 timcnt
807 5324 905 5378 sibi
942 5326 1090 5377 laicis
1129 5340 1190 5376 ne
1237 5324 1291 5376 in
1327 5325 1629 5377 necessitate
1655 5325 1862 5393 quidem
1896 5325 2047 5378 licere
2082 5327 2176 5378 hoc

598 5412 811 5449 munere
852 5397 1017 5465 fungi.
1060 5393 1236 5448 Photii
1261 5395 1551 5465 sententia
1582 5394 1699 5447 sine
1734 5394 1900 5448 dubio
1939 5395 2175 5450 innotuit

595 5464 860 5530 Arcudio,’
888 5480 919 5517 a
946 5480 1055 5534 quo
1079 5479 1198 5533 cap.
1225 5464 1314 5534 cit.
1348 5466 1486 5518 inter
1526 5465 1927 5533 rebaptizantes
1952 5467 2175 5534 ponitur

596 5536 825 5590 Pltotius
847 5533 1167 5604 cory’phzeus
1190 5533 1520 5597 schismatis.
1561 5534 1741 5604 lingua
1776 5545 1830 5590 et
1852 5533 2078 5597 calamo,
2116 5547 2175 5591 ut

594 5607 692 5670 ait,
740 5607 805 5659 ad
845 5605 1219 5658 lacessendum
1254 5605 1417 5658 homo
1460 5606 1922 5673 promptissimus.
1972 5605 2176 5674 Hujus.

595 5676 740 5729 modi
782 5675 895 5728 fere
924 5690 1187 5735 errorem,
1222 5676 1331 5744 jam
1368 5674 1491 5728 inde
1526 5691 1555 5729 a
1592 5675 1928 5745 (Iyprianicis
1961 5685 2171 5743 tempo-

597 5745 745 5802 ribus
795 5746 1114 5815 repctitum,
1153 5745 1349 5815 passim
1404 5755 1637 5817 arguunt
1683 5746 1855 5801 Latini
1886 5747 2117 5817 theologi
2154 5766 2168 5801 :

2283 4554 2484 4608 tionem
2514 4549 2885 4622 repetendam.
2914 4551 2968 4605 In
2999 4552 3198 4622 eadem,
3214 4550 3483 4604 sententia
3510 4557 3595 4622 e‘st
3622 4549 3833 4622 Zonaras

2280 4641 2403 4678 cum
2438 4614 2688 4677 Aristeno
2717 4624 2783 4676 ad
2817 4639 2936 4676 can.
2971 4631 3145 4690 apost.
3183 4621 3504 4687 Rursusque
3530 4614 3835 4690 lortarasad

2280 4710 2401 4747 ean.
2431 4694 2619 4748 Carth.
2658 4693 2909 4764 Cypriani
2945 4686 3090 4765 apud
3124 4686 3471 4765 Beveregitun
3508 4698 3547 4741 t.
3585 4688 3708 4765 lnp.
3731 4686 3833 4765 .2367.

2281 4764 2460 4836 Sedet
2479 4758 2787 4836 chrismatis
2820 4758 3197 4836 repetitionem
3227 4758 3429 4836 refutat
3446 4758 3716 4836 Arcudius
3740 4758 3769 4809 Ι.
3792 4770 3834 4834 c.

2278 4834 2540 4910 Denique
2570 4832 2826 4910 Zonaras
2858 4830 2983 4910 cum
3039 4830 3733 4910 rebaptizatrtibus‘sfiitire
3770 4830 3835 4878 vi-

2278 4896 2453 4958 detur'
2475 4905 2543 4957 ad
2596 4920 2721 4959 can.
2787 4904 2977 4959 Carth.
3027 4896 3229 4955 Aurelii
3274 4912 3310 4955 t.
3352 4901 3389 4952 I.
3436 4915 3489 4967 p.
3518 4896 3643 4951 575.
3686 4898 3752 4950 De
3788 4911 3837 4947 re

2280 4976 2533 5029 universa
2586 4975 2850 5045 legendus
2884 4975 3121 5045 omnino
3169 4972 3440 5045 Blastares
3486 4970 3836 5045 in__syntagm.

2280 5046 2481 5119 ubiide
2506 5040 2678 5119 baptf,
2711 5046 2854 5115 apud
2882 5044 3137 5119 Bevereg.
3176 5052 3307 5096 tom.
3348 5041 3410 5094 ll.
3450 5055 3515 5119 ρ...
3540 5040 3630 5092 58.
3664 5054 3770 5105 sqq.

2350 5118 2424 5185 (9)
2469 5111 2707 5186 lntellige
2740 5111 3108 5184 septenariuni
3139 5125 3430 5186 numerum
3466 5111 3697 5186 dierum,
3732 5114 3839 5176 post

2277 5181 2414 5256 quos
2438 5186 2610 5242 (ἓτεεοὶ
2646 5181 2829 5241 solent
2895 5200 3110 5247 uerum,
3143 5184 3231 5252 qui
3267 5184 3321 5236 in
3354 5181 3629 5249 baptismo
3663 5187 3838 5231 unctus

2278 5258 2474 5309 fuerat.
2523 5258 2717 5309 iterum
2773 5201 2985 5309 delgrre
3035 5255 3102 5309 ad
3153 5253 3441 5308 ecclesiam
3492 5260 3551 5304 ut
3584 5250 3837 5303 abluatur.

2278 5250 2474 5320 fuerat,
2523 5258 2717 5311 iterum
2773 5250 2985 5310 deferre
3035 5255 3102 5309 ad
3153 5250 3441 5308 ecclesiam
3492 5260 3551 5304 ut
3584 5250 3837 5303 abluatur.

2277 5328 2483 5400 Arcu‘d.
2508 5344 2643 5400 cap.
2670 5329 2755 5387 l7.
2791 5343 2845 5396 p.
2873 5325 2963 5380 55.
3130 5395 3143 5400 _
3233 5392 3265 5400 Α
3661 5390 3673 5400 .

2352 5398 2463 5465 (10)
2506 5388 2773 5450 Nimirum
2791 5388 2871 5449 ἐχ
2908 5395 3179 5469 sententia
3226 5392 3541 5469 Graecorum
3585 5390 3674 5469 qui
3715 5388 3839 5455 bap-

2277 5463 2497 5522 tismum
2530 5483 2641 5521 non
2675 5469 2796 5521 sine
2818 5466 3234 5521 conﬁrmatione
3264 5463 3576 5517 conferunt.
3604 5463 3693 5513 Sic
3720 5469 3837 5522 ergo

2276 5538 2519 5608 loquitur
2562 5537 2938 5607 imprudenter
2966 5537 3130 5608 etiam
3163 5535 3380 5608 Simeon
3415 5531 3681 5608 Thessal;
3704 5522 3837 5593 apud

2275 5595 2581 5678 Ar'cudium
2632 5595 2858 5678 «3::sz
2889 5607 3056 5678 :Qiax
3093 5606 3248 5658 ἔσται
3288 5604 3509 5666 τελείως
3538 5620 3621 5661 τις
3653 5595 3835 5667 βαπτι-

2278 5679 2445 5743 σθεὶς,
2470 5681 2497 5733 ὁ
2526 5676 2601 5749 μὴ
2626 5678 2686 5731 τὸ
2701 5676 2885 5749 μύρον
2911 5676 3223 5748 δεξάμενος.
