4004 6428
153 401 258 465 777

1304 398 1842 462 EPISTOLARUM
1881 398 2111 461 LIBER
2151 400 2201 460 Ι.

3276 403 3383 465 778

152 511 406 583 KQ¢AA.
449 511 524 567 B'.
550 539 623 583 -έ-
649 511 787 581 Περὶ
816 510 1232 581 πρεσϐυτέρων
1261 514 1361 568 καὶ
1414 513 1709 567 διακόνων

1817 512 1959 570 CAP.
1988 513 2053 568 ll.
2080 544 2149 555 —
2168 514 2244 569 De
2262 513 2569 583 presbyteris
2596 520 2643 565 et
2685 514 2921 567 diaconis
2949 528 3169 583 quorum
3196 530 3384 571 uxores

217 579 305 639 ὧν
333 585 393 637 al
433 579 870 654 γυναῖκες-’ὺπὸ
898 584 1216 652 Βαρϐάρων
1254 583 1677 653 διεφθάρησαν.

224 676 361 746 Περὶ
384 675 440 728 δὲ
464 674 572 727 τῶν
592 674 860 747 πρεσὸυτέ
868 691 974 746 ρων
989 675 1082 729 καλ⁸
1094 676 1355 731 διακόνων
1375 678 1485 731 τῶν
1508 679 1571 731 ὲκ
1590 678 1654 747 βα
1663 696 1723 749 ρ-

152 767 387 837 ὕαρικῆς
399 765 649 829 ἁλώσεως
664 768 765 831 τάς
786 765 995 830 οἰκείας
1010 766 1422 837 ἀναδεξαμένων
1434 772 1718 837 γυναῖκας,

152 858 361 928 φθορὰν
418 858 476 910 ὲν
507 858 618 920 τοῖς
652 856 955 928 Βαρδάροις
995 858 1331 923 ὑποστάσας,
1359 860 1455 930 οὐχ
1515 860 1720 915 ἁπλοῦν

152 948 371 1020 ὁρῶμεν
403 947 494 1003 τὸν
530 946 712 1018 νόμον,
738 947 881 1001 οάλὶά
906 951 1043 1019 πρὸς
1073 948 1175 1013 τὰς
1197 949 1491 1020 διαφόρους
1512 951 1719 1004 ποικιλ-

152 1039 381 1109 λόμενον
395 1039 619 1110 πράξεις
645 1052 660 1068 ⁸
693 1041 741 1092 εί
774 1041 872 1111 μὲν
891 1042 999 1111 γὰρ
1022 1042 1362 1113 ἐκουσιότητι
1394 1042 1493 1114 τὴν
1514 1043 1719 1114 φθορὰν

152 1132 489 1203 ὑπέστησαν,
522 1132 688 1186 παντὶ
722 1133 909 1204 τρόπῳ
930 1135 1057 1197 τοὺς
1083 1133 1283 1204 ἄνδρας
1319 1135 1526 1189 τούτων
1556 1137 1716 1207 ἱερω-

153 1226 355 1295 μένους
382 1225 561 1290 δντας,
590 1224 624 1295 ἢ
653 1224 858 1279 τούτων
894 1226 1002 1279 τῶν
1039 1226 1316 1295 γυναικῶν
1355 1227 1637 1298 ἐκστῆναι,
1680 1228 1715 1300 ἢ

152 1315 509 1387 βουλομένους
529 1316 751 1381 ταύταις
782 1319 1043 1378 συνεῖναι,
1065 1317 1379 1372 πεπαῦσθαι
1426 1318 1527 1389 τῆς
1557 1319 1718 1390 ίερω-

153 1404 319 1475 σύνης
350 1405 497 1477 (11)·
528 1404 668 1459 οὕτω
704 1405 803 1475 μὲν
849 1408 896 1457 εί
926 1408 1265 1476 ἐκουσιότητι
1306 1408 1618 1481 ὑπέστησαν
1648 1413 1712 1480 τῇ

151 1495 328 1568 φθορᾷ
350 1514 364 1528 ο
394 1496 456 1550 τὸ
502 1497 602 1567 μὲν
630 1495 723 1550 οὖν
770 1497 941 1561 πάθος
974 1499 1134 1552 πάλιν
1167 1501 1426 1570 τέμνεται
1453 1504 1532 1565 είς
1578 1502 1672 1556 δύο
1694 1517 1710 1533 ⁶

148 1589 212 1641 τὸ
243 1588 342 1659 μὲν
373 1587 483 1659 γὰρ
512 1588 677 1642 αὑτοῦ
714 1590 1057 1660 μεμιγμένην
1097 1592 1210 1660 ἔχει
1230 1591 1329 1663 τὴν
1357 1591 1452 1645 τοῦ
1474 1594 1716 1663 ἠναγκα-

151 1679 350 1747 σμένου
373 1677 769 1746 συγκατάθεσιν
794 1696 808 1711 ·
837 1679 899 1731 τὸ
916 1680 973 1733 δὲ
994 1681 1270 1745 παντελῶς
1300 1681 1532 1752 ὑπάρχει
1577 1683 1715 1749 γνὼ-

150 1786 261 1840 μης
290 1770 383 1822 καὶ
414 1770 864 1836 συγκαταθέσεως
888 1770 1172 1842 ἐλεύθερον
1219 1770 1314 1826 τοῦ
1346 1773 1715 1842 ἐπηρεασθὼ-

2175 602 2209 639 a
2242 582 2496 639 Barba’ris
2524 582 2733 638 violata:
2766 585 2998 655 fuerunt.

1890 675 1967 731 De
1996 676 2322 746 presbyteris
2355 690 2419 730 ac
2441 675 2707 739 diaconis,
2756 675 2847 745 qui
2872 690 2939 731 ex
2972 675 3249 731 barbarica
3289 692 3384 731 ca-

1819 767 2065 837 ptivitate
2113 783 2308 822 uxores
2333 782 2458 822 suas
2506 775 2849 837 receperunt,
2910 769 3292 824 contumeliam
3348 786 3383 825 a

1819 858 2070 915 Barbaris
2112 873 2317 929 passas,
2370 858 2511 913 haud
2561 858 2787 928 simplex
2836 858 3117 915 decretum
3162 871 3383 917 exstare

1818 951 2082 1015 videmus.
2119 952 2213 1007 Sed
2250 967 2349 1021 pro
2392 966 2572 1005 rerum
2613 960 2884 1021 gestarum
2928 951 3243 1008 diversitate
3282 969 3381 1009 va-

1818 1042 1982 1097 rium.
2024 1042 2159 1096 Nam
2211 1042 2256 1096 si
2314 1042 2417 1096 illae
2480 1056 2593 1095 non
2636 1041 2822 1096 invita:
2876 1040 3075 1097 vitiatae
3137 1044 3380 1107 fuerunt,

1818 1133 2040 1189 omnino
2069 1141 2280 1203 oportet
2307 1132 2452 1189 viros
2478 1147 2663 1188 earum
2704 1133 2877 1188 sacris
2913 1134 3200 1189 ordinibus
3239 1149 3387 1204 prte-

1817 1225 1959 1280 ditos
1984 1232 2079 1278 aut
2104 1224 2412 1293 huiusmodi
2442 1224 2670 1280 feminas
2689 1224 2962 1290 deserere,
2984 1235 3079 1279 aut
3099 1226 3145 1280 si
3165 1226 3383 1280 illarum

1816 1317 2068 1372 convictu
2097 1316 2173 1371 uti
2198 1315 2386 1382 velint,
2418 1332 2449 1371 a
2477 1332 2635 1372 sacro
2667 1316 2970 1371 ministerio
3008 1332 3242 1373 cessare.
3277 1318 3379 1381 Ita,

1816 1410 2058 1479 inquam,
2097 1410 2142 1463 si
2196 1408 2451 1464 mulieres
2496 1424 2608 1464 non
2657 1409 2841 1465 invitae
2882 1408 3093 1464 violatae
3132 1409 3376 1464 fuerunt.

1815 1501 2026 1555 Rursus
2055 1500 2171 1569 ejus
2200 1499 2373 1569 stupri
2403 1501 2511 1556 duo
2542 1515 2740 1572 genera
2778 1515 2901 1556 esse
2941 1512 3202 1572 possunt;
3243 1517 3380 1571 quo-

1815 1607 1935 1647 rum
1976 1591 2203 1647 alterum
2250 1592 2471 1647 mistum
2513 1593 2834 1649 habetcum
2880 1594 3205 1649 necessitate
3245 1610 3381 1649 con-

1815 1698 2067 1749 sensum;
2112 1684 2343 1738 alterum
2376 1684 2741 1739 voluntarium
2772 1684 2998 1739 omnino
3025 1693 3110 1739 est
3151 1694 3208 1739 et
3241 1700 3380 1741 con-

1814 1773 2085 1829 sensionis
2151 1773 2370 1843 plenum
2411 1783 2467 1828 et
2510 1773 2710 1844 injuria
2760 1774 3013 1830 liberum.
3059 1777 3378 1847 Exemplum

144 1878 259 1924 τος*
277 1860 388 1915 οἷόν
407 1879 460 1915 τι
479 1862 650 1929 λέγω·
680 1860 882 1915 Ἐλπίδι
906 1862 1055 1934 φόδῳ
1082 1863 1115 1935 ἢ
1138 1864 1417 1934 μαστίγων
1443 1866 1588 1929 τινὲς
1608 1863 1716 1919 τῶν

1817 1876 1955 1921 esto.
1986 1865 2113 1937 Spe,
2140 1866 2335 1921 timore
2358 1866 2675 1929 verberum,
2716 1867 2992 1922 nonnulla:
3020 1866 3258 1931 feminae,
3292 1869 3378 1924 vel

147 1952 508 2023 γυναικῶν,ἢ
554 1952 647 2006 καὶ
699 1954 836 2023 πρὸς
876 1955 1077 2025 πεῖραν
1123 1955 1223 2023 τῆς
1278 1956 1548 2026 τιμωρίας
1610 1956 1717 2025 ἀφ-

152 2049 372 2118 ιγμέναι
410 2047 679 2112 ἐξέδωκαν
733 2049 933 2112 ἑαυτὰς
958 2051 1039 2113 είς
1098 2050 1305 2123 φθοράν
1329 2066 1346 2084 ο
1384 2052 1718 2122 συγγνώμης

150 2144 250 2212 μὲν
280 2138 375 2195 οὖν
402 2136 561 2195 αὗται
594 2138 758 2205 ἄξιαι,
790 2141 823 2211 ἢ
864 2143 921 2195 αἱ
976 2143 1261 2213 πρότερον,
1295 2144 1391 2197 ἆτε
1419 2143 1483 2214 δὴ
1522 2144 1714 2214 βουλη-

147 2232 325 2287 θεῖσαι
346 2232 731 2304 διαφθαρῆναι,
759 2232 983 2304 ὕστερον
998 2234 1054 2286 δὲ
1071 2234 1176 2288 ὑπὸ
1198 2235 1296 2302 τῆς
1320 2235 1562 2306 ἀνάγκης
1583 2236 1718 2307 πρὸς

147 2324 306 2378 τοῦτο
340 2328 807 2397 κατολισθήσασαι
832 2343 848 2359 ⁶
878 2330 940 2382 οὐ
978 2329 1084 2400 μὴν
1129 2330 1187 2383 δὲ
1215 2330 1335 2383 οὐδὲ
1362 2328 1525 2384 αὗται
1565 2332 1713 2397 ἄξιαι

147 2417 507 2487 τυγχάνουσιν
536 2420 853 2489 ίερωμένοις
886 2424 1125 2475 συνεῖναι
1155 2421 1411 2493 ἀνδράσιν
1436 2438 1450 2451 ⁸
1476 2421 1719 2490 συγγνώ-

154 2526 263 2579 μης
294 2509 406 2581 γὰρ
438 2510 532 2563 ἐπὶ
566 2512 890 2581 ρυπάσμασι
935 2513 1029 2566 καὶ
1083 2512 1455 2584 καθαρότητος
1490 2513 1623 2567 πολὺ
1656 2516 1719 2567 τὸ

150 2600 408 2671 διάφορον
443 2617 457 2631 ·
511 2601 579 2655 δι’
632 2602 661 2655 ὃ
708 2604 805 2657 καὶ
845 2605 893 2657 οί
937 2603 1254 2674 βουλόμενοι
1311 2606 1505 2668 αὐταῖς
1554 2606 1718 2675 ἱερεῖς

149 2691 539 2758 συνάπτεσθαι,
596 2696 690 2747 καὶ
740 2688 883 2749 οὗτοι
937 2693 1033 2748 τοῦ
1083 2696 1283 2748 οἰκείου
1336 2696 1717 2750 διαπεσοῦνται

150 2783 464 2854 ἀξιώματος
491 2802 505 2815 °
529 2785 591 2838 τὸ
619 2786 677 2838 δὲ
716 2786 904 2855 λοιπὸν
930 2786 1082 2855 παρὰ
1118 2785 1291 2839 ταῦτα
1318 2785 1395 2850 ὡς
1424 2786 1519 2840 τοῦ
1550 2787 1715 2839 ἀκου-

152 2880 269 2930 σίου
300 2875 477 2939 εῐδους
505 2876 765 2948 ἐξῄρηται
796 2877 895 2947 τῆς
934 2876 1219 2940 κοινωνίας
1260 2876 1451 2930 τούτου
1486 2891 1500 2906 ⁸
1531 2872 1641 2930 οἷόν
1664 2893 1717 2929 τι

148 2968 291 3035 λέγω
311 2984 327 2997 ·
365 2969 431 3021 Εἴ
450 2986 532 3031 τις
558 2969 805 3040 βασάνων
833 2969 1196 3040 ἐπαγομένων
1229 2969 1263 3038 ἢ
1292 2970 1385 3021 καὶ
1422 2969 1496 3040 μὴ
1521 2969 1720 3035 ἐπαγο-

153 3061 335 3130 μένων
379 3062 569 3131 χεῖρας
606 3062 701 3114 καὶ¹
746 3060 911 3123 πόδας
958 3060 1158 3130 δεθείη,
1185 3054 1303 3113 εἶτα
1354 3058 1716 3129 περιφυλάξαι

148 3151 355 3221 ἑαυτὴν
392 3151 463 3204 τὰ
494 3150 730 3220 μάλιστα
760 3148 1074 3214 σπουδάζει,
1099 3149 1266 3219 πόρον
1287 3149 1390 3203 οὐκ
1422 3148 1535 3220 ἔχει
1555 3148 1715 3219 αὑτὴ,

148 3243 259 3296 κᾶν
311 3243 462 3296 δοκεῖ
500 3242 842 3313 διεφθάρθαι,
891 3243 1097 3312 φθορᾶς
1149 3242 1248 3307 τὴν
1295 3242 1495 3312 ἑαυτῆς
1540 3228 1719 3313 ψυχὴν
1747 3223 1793 3284 (ἶ

146 3335 447 3406 ἐλευθέραν
504 3337 570 3406 τῇ
621 3352 685 3401 γε
733 3334 961 3405 ἀληθείᾳ
1003 3334 1383 3405 διατηρήσασα
1425 3334 1670 3405 κρίνεται
1700 3351 1717 3366 ·

146 3429 271 3492 ταῖς
298 3427 577 3491 τοιαύταις
606 3423 700 3482 οὖν
735 3427 981 3497 γυναιξὶν
1013 3426 1069 3479 εἴ
1099 3444 1241 3490 τινες
1269 3426 1376 3480 τῶν
1411 3426 1722 3497 ἱερωμένων

148 3521 421 3573 συνοικεῖν
471 3519 743 3589 βούλοιντο
767 3560 782 3585 ,
831 3517 1088 3588 οὐδεμίαν
1132 3519 1219 3570 ἐπ’
1269 3517 1450 3571 αὐτῶν
1505 3517 1723 3589 ὁρῶμεν

145 3612 458 3681 ἀποτομίαν
509 3611 946 3681 προϐαίνουσαν·
993 3609 1277 3679 ἀγαπητὸν
1336 3609 1433 3679 μὲν
1486 3609 1593 3679 γὰρ
1627 3608 1721 3662 καὶ

145 3704 454 3767 ἐπαινετὸν,
488 3706 537 3756 εἰ
561 3702 657 3758 καὶ
683 3705 833 3774 κοινῇ
850 3702 1043 3775 γνώμῃ
1068 3702 1161 3756 καὶ
1188 3700 1353 3773 βουλῇ
1387 3700 1449 3755 τὸ
1475 3702 1720 3755 συνοικέ-

148 3812 267 3848 σιον
298 3794 643 3849 διαλύσουσιο
682 3794 779 3865 οὐχ
797 3794 871 3857 ὡς
905 3794 1259 3865 ρυπάσματος
1296 3793 1329 3864 ἢ
1370 3791 1717 3862 κηλιδώσεως

142 3887 347 3949 αἴτιον,
370 3886 486 3939 ἀλλ’
529 3886 616 3940 ἵνα
652 3885 752 3948 τάς
781 3902 839 3937 τε
878 3884 987 3937 τῶν
1029 3883 1242 3937 πολλῶν
1274 3881 1573 3953 ὑπολήψεις
1628 3883 1720 3935 ἐπὶ

141 3977 207 4029 τὸ
256 3975 458 4046 μᾶλλον
504 3973 807 4045 θαυμάζειν
846 3974 945 4044 τὴν
974 3972 1176 4044 ἀρετὴν
1229 3973 1585 4044 διεγείρωσιν,
1622 3970 1717 4025 καὶ

137 4065 259 4118 τῶν
282 4064 632 4135 χαιρεκάκων
676 4063 955 4125 παντελῶς
1009 4061 1080 4115 τὰ
1114 4062 1354 4132 στόματα
1386 4060 1717 4131 ἀπορράψω-

140 4172 231 4207 σιν
286 4155 397 4224 (12)
428 4168 441 4183 ·
473 4154 567 4207 καὶ
620 4153 917 4224 μαρτύριον
970 4151 1199 4222 ἐναργὲς
1254 4151 1711 4221 παραστήσωσιν,

132 4248 224 4301 ὃτι
266 4246 386 4316 βίας
414 4247 582 4316 μόνης
614 4241 681 4317 ἦν
714 4247 849 4315 ὅπερ
884 4244 943 4309 ἐξ
982 4245 1246 4316 ἐπηρείας
1275 4244 1587 4313 ὑπέστησαν
1612 4259 1627 4277 ⁸
1660 4245 1712 4295 εί

132 4340 251 4410 γὰρ
283 4339 405 4403 ὲξέον
432 4340 568 4408 αὐτῇ
595 4337 749 4407 ἀνδρὶ
801 4337 877 4407 τῷ
911 4337 1126 4407 νομίμῳ
1168 4339 1464 4402 κοινωνεῖν,
1520 4338 1604 4407 ήι
1651 4335 1711 4389 δὲ

1815 1957 1979 2011 etiam
2009 1957 2344 2011 eruciatuum
2389 1955 2756 2025 experientia,
2790 1956 2967 2011 vitiari
3009 1971 3068 2013 se
3110 1958 3383 2027 permise-

1815 2058 1963 2103 runt.
2012 2047 2105 2103 Haz
2133 2048 2349 2118 quidem
2384 2049 2545 2104 venia
2584 2049 2757 2119 magis
2791 2048 2970 2119 dignae
3003 2058 3133 2104 sunt
3155 2088 3171 2113 ,
3212 2064 3380 2119 quam

1818 2140 1921 2195 illa:
1958 2156 2080 2210 quae,
2100 2149 2255 2194 antea
2279 2140 2495 2210 quidem
2523 2151 2721 2211 sponte
2749 2151 3001 2210 stuprum
3028 2156 3200 2210 passae
3226 2150 3380 2205 sunt,

1816 2240 2004 2303 postea
2038 2247 2167 2287 vero
2191 2233 2513 2287 necessitate
2540 2233 2589 2287 id
2613 2232 2974 2287 admiserunt.
3006 2232 3115 2287 Has
3138 2247 3380 2303 quoque.

1817 2326 2059 2395 inquam,
2109 2324 2337 2380 feminas
2386 2325 2667 2395 indignum
2722 2333 2778 2379 et
2821 2340 2948 2379 cum
3007 2307 3385 2380 sacerdotibus

1816 2418 1946 2472 viris
1976 2418 2141 2473 vitam
2176 2418 2400 2490 agitare.
2431 2415 2644 2488 Quippe
2691 2417 2885 2488 ingens
2936 2417 3080 2472 inter
3113 2417 3251 2471 labis
3294 2418 3385 2471 in-

1816 2511 2147 2581 dulgeutiam
2183 2520 2240 2564 et
2266 2511 2561 2581 puritatem
2592 2510 2937 2564 intervallum
2976 2521 3079 2565 est.
3119 2510 3297 2575 Quare
3335 2510 3383 2563 si

1816 2603 1905 2674 qui
1934 2603 2239 2658 sacerdotes
2266 2603 2352 2657 his
2380 2602 2621 2672 copulari
2649 2602 2854 2664 volent,
2884 2601 2990 2671 ipsi
3028 2616 3245 2672 quoque
3280 2616 3383 2655 sua

1817 2695 2076 2763 dignitate
2112 2694 2384 2749 excident.
2426 2694 2691 2763 Superest
2728 2693 3157 2748 involuutarium
3205 2693 3381 2763 stupri

1817 2798 2008 2851 genus,
2048 2782 2192 2852 quod
2224 2783 2279 2836 in
2304 2782 2690 2853 praedictorum
2727 2782 3041 2837 societatem
3075 2798 3187 2837 non
3206 2782 3382 2837 venit.

1817 2874 2132 2944 Exemplum
2154 2882 2292 2928 esto.
2311 2873 2364 2927 Si
2379 2888 2507 2943 qua,
2520 2872 2752 2927 admotis
2769 2872 3127 2937 'cruciatibus,
3153 2882 3247 2928 aut
3266 2871 3389 2927 sine

1818 2966 1924 3031 his,
1956 2980 2151 3019 manus
2182 2965 2457 3034 pedesque
2499 2963 2754 3019 devincta
2774 3004 2789 3030 ,
2820 2964 3179 3018 nihilominus
3204 2970 3380 3018 custo-

1817 3061 1933 3115 dire
1963 3076 2022 3114 se
2053 3075 2151 3130 pro
2176 3059 2381 3114 viribus
2424 3058 2542 3113 nisa
2581 3058 2772 3123 fuerit,
2818 3058 2957 3113 nihil
3010 3058 3127 3128 ipsa
3170 3058 3227 3111 in
3266 3072 3387 3113 rem

1819 3151 2065 3216 contulit,
2095 3150 2301 3205 etiamsi
2335 3150 2511 3205 vitiari
2543 3150 2656 3205 visa
2705 3159 2789 3205 est
2824 3166 2838 3203 :
2878 3165 3005 3204 nam
3032 3149 3165 3204 vitio
3194 3163 3387 3219 puram

1822 3245 2061 3298 animam
2130 3258 2318 3299 revera
2379 3244 2791 3299 conservavisse
2856 3243 3154 3312 iudicatur.
3226 3240 3391 3297 Hisce

1822 3336 2038 3392 feminis
2081 3336 2129 3393 si
2160 3337 2250 3407 qui
2280 3337 2448 3391 sacris
2497 3336 2708 3405 praediti
2750 3335 3036 3391 ordinibus
3076 3335 3391 3391 cohabitare

1822 3428 2011 3495 velint,
2057 3428 2261 3483 nullam
2297 3427 2530 3483 durioris
2559 3424 2839 3483 divisionis
2868 3425 3250 3481 necessitatem
3284 3426 3389 3485 im-

1821 3520 2129 3592 ponendam
2158 3519 2422 3574 videmus.
2452 3517 2701 3588 Optabile
2742 3526 2924 3577 tamen
2953 3526 3037 3573 est
3065 3525 3230 3587 atque
3266 3516 3385 3571 lau-

1821 3614 2003 3669 dabile
2048 3612 2093 3667 si
2145 3620 2333 3666 mutuo
2364 3626 2638 3666 consensu
2671 3625 2737 3665 ac
2762 3610 3041 3665 voluntate
3077 3608 3387 3665 convictum

1819 3703 2075 3757 dirimant
2096 3719 2109 3756 :
2132 3717 2240 3756 non
2265 3701 2409 3771 quod
2431 3701 2557 3755 inde
2574 3700 2784 3755 macula
2805 3709 2901 3755 aut
2927 3700 3079 3755 labes
3103 3708 3386 3769 sequatur,

1820 3795 1915 3850 sed
1944 3794 2024 3849 uti
2054 3794 2200 3865 vulgi
2231 3793 2417 3863 opinio
2444 3792 2514 3849 ad
2534 3792 2754 3849 virtutis
2778 3791 3195 3849 admirationem
3214 3792 3389 3863 magis

1818 3887 2104 3951 excitetur,
2133 3894 2295 3954 atque
2317 3892 2378 3939 ut
2405 3898 2617 3951 eorum,
2639 3886 2731 3955 qui
2762 3885 2943 3941 alieno
2959 3885 3103 3941 malo
3124 3885 3385 3956 gaudent,

1816 3994 1911 4034 ora
1942 3993 2163 4049 prorsus
2190 3978 2543 4032 obstruantur
2575 3993 2589 4031 :
2630 3991 2695 4032 ac
2723 3976 2959 4046 denique
3005 3976 3386 4033 testimonium

1817 4071 2039 4126 evidens
2064 4068 2177 4135 flat,
2216 4068 2268 4123 vi
2313 4070 2687 4125 tantummodo
2718 4070 2971 4141 iniuriam
3000 4068 3214 4125 mulieri
3247 4083 3385 4124 con-

1816 4160 2022 4229 tigisse.
2064 4158 2199 4213 Cum
2242 4158 2388 4212 enim
2436 4158 2565 4213 huic
2608 4159 2770 4215 liceat
2810 4160 3053 4231 legitimo
3097 4174 3221 4215 cum
3264 4157 3387 4212 viro

1816 4252 2018 4315 vivere,
2050 4264 2115 4303 ea
2141 4248 2205 4303 .si
2248 4248 2529 4303 adhrerere
2576 4250 2758 4320 potius
2806 4250 2917 4304 Deo
2954 4256 3141 4319 optet,
3198 4261 3385 4301 nonne

1811 4340 2099 4396 barbaram
2145 4340 2533 4397 contumeliam
2581 4341 2699 4397 sine
2745 4342 2913 4397 dubio
2961 4340 3384 4397 involuntariam

131 4430 262 4502 Θεῷ
291 4430 494 4503 μᾶλλον
528 4430 855 4501 κοηηθῆναι
902 4428 1213 4501 ᾑρετίσατο,
1246 4427 1363 4492 πῶς
1390 4428 1458 4481 ἂν
1494 4426 1593 4499 τὴν
1613 4443 1710 4497 γε-

1817 4432 1917 4488 sibi
1955 4441 2119 4503 atque
2166 4430 2502 4502 inculpatam
2554 4434 2818 4489 accidisse
2861 4433 3232 4490 demonstrat?
3268 4431 3383 4487 Hoc

1405 4604 1639 4663 VARUE
1668 4603 2072 4663 LECTlONES.

319 4769 348 4799 ι
378 4754 513 4812 Cod.
546 4754 618 4809 εί.

1635 4898 1871 4956 NOTAE.

214 5064 331 5136 (ll)
372 5062 519 5139 Idem
543 5062 794 5139 decernit
808 5063 969 5139 etiam
998 5059 1223 5117 Michael
1245 5057 1551 5139 patriarcha
1578 5070 1713 5139 con-
1744 5069 1790 5124 ι)
1816 5057 2214 5139 εεηάωρκοι-ἰε
2250 5058 2491 5139 negotio
2511 5057 2763 5139 curisque
2807 5056 3017 5111 caeteris
3055 5053 3375 5139 liberantur.

130 5126 233 5193 tra'
252 5126 590 5189 sacerdotem
611 5136 702 5205 qui
732 5133 1030 5187 adulteram
1053 5126 1276 5186 uxorem
1302 5130 1538 5185 retinere
1562 5126 1710 5181 velit.

132 5207 372 5261 Leuncl.
414 5213 547 5259 tom.
583 5204 711 5274 l,’p.
752 5204 879 5258 265.

206 5276 326 5341 (12)
366 5275 575 5345 Quippe
596 5268 740 5345 ap'ud
758 5274 974 5345 Grmcos
998 5270 1294 5326 sacerdotis
1315 5285 1451 5345 uxor
1475 5268 1717 5345 παπαδιὰ

128 5340 379 5417 peculari
407 5340 611 5417 honore
635 5340 853 5417 fruitur,
878 5344 1048 5417 ferme
1071 5350 1355 5417 ut_ve_teres
1378 5340 1716 5417 diaconissm;

130 5409 317 5485 eaque
376 5416 613 5468 sanctior
668 5414 1067 5485 quodanunodo
1125 5413 1374 5485 habetur,
1422 5409 1715 5485 pudicitim,

129 5479 427 5541 modestiae
453 5501 514 5539 ac
553 5479 829 5538 solitudini
870 5484 1145 5553 praecipue
1200 5483 1442 5543 studens,
1492 5479 1721 5553 candido

129 5559 264 5611 velo
288 5556 657 5623 distinguitur,
704 5564 758 5608 et
800 5551 1007 5622 aequata
1058 5568 1223 5622 prope
1259 5568 1381 5605 cum
1438 5551 1721 5623 sacerdote

130 5630 259 5681 viro
291 5621 644 5680 veneratione
691 5621 908 5678 colitur.
957 5621 1073 5688 Qua
1107 5621 1173 5677 de
1210 5639 1265 5675 re
1313 5623 1426 5691 lege
1464 5621 1720 5675 Goarium

132 5704 192 5751 in
235 5698 424 5751 aduot.
463 5696 526 5748 ad
580 5695 955 5764 Eucliologium
993 5692 1084 5748 Gr.
1135 5710 1187 5762 p.
1224 5693 1347 5747 9.19.
1382 5692 1724 5764 Caeterpquiu

131 5769 319 5823 Latini
372 5765 677 5819 sacerdotes
725 5760 944 5819 meliore
986 5760 1294 5818 conditione
1329 5770 1455 5815 sunt
1514 5760 1565 5827 (l
1599 5760 1721 5814 Cor.

132 5858 241 5905 Vit,
287 5837 400 5905 '58).
439 5836 549 5903 qui,
598 5836 799 5902 nuptiis
835 5835 1072 5897 omissis,
1122 5835 1269 5888 omni
1325 5834 1425 5887 hoc
1478 5832 1718 5885 sanctili‘

476 5930 751 5991 Parum.
780 5932 895 5991 Gn.
932 5930 1064 5993 Cll.

1819 5129 1881 5183 Et
1927 5129 2145 5198 quidem
2176 5143 2242 5182 ex
2288 5125 2537 5183 caelibatu
2589 5125 2847 5198 majorem
2900 5141 3136 5198 quoque
3166 5125 3382 5198 virtutis

1819 5195 2231 5253 admirationem
2267 5200 2438 5252 creari
2488 5200 2542 5252 in
2573 5197 2772 5267 pepulo
2809 5198 3093 5250 conlirmat
3124 5196 3227 5267 hoc
3266 5195 3386 5249 loco

1820 5270 2067 5323 Photius.
2100 5270 2279 5334 Quare
2313 5279 2368 5323 ct
2410 5270 2463 5321 in
2492 5266 2677 5322 Grzeca
2708 5266 2944 5319 Ecclesia
2982 5266 3242 5334 episcopi,
3282 5280 3383 5319 ne—

1821 5340 1948 5394 dum
1978 5339 2228 5392 monachi
2265 5339 2503 5393 cazlibem
2535 5338 2702 5391 vitam
2730 5337 2951 5407 degunt.
2978 5334 3143 5390 Porro
3165 5334 3383 5407 Graeco-

1824 5427 1941 5463 rum
1971 5412 2145 5478 majus
2162 5407 2329 5461 fuisse
2342 5409 2660 5471 obsequium
2690 5406 2819 5478 erga
2832 5407 3137 5460 sacerdotes
3171 5406 3385 5478 caelibes

1822 5496 1981 5549 quam
2011 5476 2135 5549 erga
2168 5487 2441 5541 uxoratos,
2477 5478 2735 5549 tcstispcst
2756 5476 3163 5549 Nanzianzenus
3186 5476 3387 5549 Grego-

1823 5545 1936 5603 rius
1978 5552 2031 5603 in
2076 5545 2332 5602 oratione
2383 5550 2444 5601 de
2502 5547 2776 5616 baptismo,
2834 5548 2959 5600 dum
3004 5548 3079 5599 ait
3125 5545 3384 5615 quosdam

1822 5622 2041 5675 differre
2076 5619 2261 5673 solitos
2292 5620 2638 5688 baptismum,
2668 5618 2843 5671 donec
2886 5617 3027 5669 hum:
3077 5616 3385 5688 acciperent

1824 5697 1906 5745 vel
1942 5692 2009 5745 ab
2044 5689 2301 5761 episcopo
2335 5686 2417 5745 vel
2446 5707 2477 5744 ει
2502 5688 2781 5763 sacerdote
2812 5688 2995 5757 potius
3020 5686 3201 5743 caelibe
3226 5700 3387 5755 quam

1824 5774 2069 5818 υλοῑειιο.

2936 5913 3013 5973 25
