4004 6484
561 443 672 506 779

1705 435 1965 500 PHOTII
2004 431 2506 496 PATRIABCHIE
2542 434 2657 495 ΟΡ.-

3694 438 3798 500 ’180

567 555 822 621 dicimus,
853 553 898 609 si
921 553 1005 609 vir
1031 552 1100 608 de
1125 551 1446 607 resotvendo
1473 549 1726 606 convictu
1756 547 2081 604 assentiatur
2109 564 2123 598 :

2241 543 2536 616 γενημένην
2572 547 2650 606 είς
2682 543 2853 615 αὐτὴν
2897 545 3176 620 βάρϐαρον
3214 549 3414 620 πρᾶξιν
3437 549 3692 603 ἀκούσιόν
3735 567 3796 603 τε

567 649 613 702 si
652 648 855 713 minus,
888 646 1200 718 conjugium
1245 643 1658 714 haudquaquam
1696 657 1850 697 reum
1897 640 2128 712 agimus.

565 939 718 997 CAP.
760 935 849 994 Ill.
881 967 949 979 ——
998 934 1181 992 Utrum
1232 929 1534 1001 baptizandi
1587 929 1693 1001 sint
1739 923 2128 1001 Saracenorum

795 1010 1022 1079 infantes
1044 1007 1102 1059 in
1125 995 1308 1058 eorum
1331 1002 1540 1070 regione
1563 1015 1628 1052 ac
1646 995 1905 1051 domibus.

637 1170 1035 1224 Saracenorum
1063 1164 1300 1219 infantes
1327 1177 1358 1216 a
1397 1160 1664 1214 matribus
1690 1157 1898 1213 oblatos
1923 1169 2133 1224 nequa-

564 1275 728 1332 quam
781 1275 812 1314 a
861 1272 1019 1314 sacro
1067 1254 1336 1324 baptismo
1374 1250 1640 1308 arcendos
1683 1250 1962 1305 decretum
2009 1246 2132 1302 fuit.

564 1353 754 1422 Neque
787 1349 932 1404 enim
963 1348 1192 1403 velitum
1217 1355 1302 1400 est
1327 1345 1396 1400 ab
1423 1343 1660 1398 Ecclesia
1690 1340 1821 1404 Dei,
1843 1338 2133 1408 quominus

566 1454 768 1500 tenerae
801 1442 980 1497 adhuc
1010 1449 1224 1495 mentes
1267 1436 1521 1508 baptismi
1551 1433 1779 1506 gratiam
1823 1431 2085 1501 recipiant
2115 1447 2132 1496 ;

565 1535 781 1592 etiamsi
816 1542 1006 1604 postea
1037 1532 1272 1602 puberes
1297 1529 1428 1584 facti
1450 1527 1649 1598 partim
1681 1526 1900 1587 bonam,
1935 1521 2133 1592 partim

567 1625 898 1695 improbam,
926 1621 1091 1676 vitam
1120 1619 1346 1675 electuri
1392 1619 1522 1672 sint.
1555 1615 1690 1670 Nam
1717 1613 1848 1683 quia
1891 1611 2134 1666 futurum

567 1717 720 1775 latet.
751 1715 1048 1770 absurdum
1077 1713 1149 1767 sit
1172 1711 1278 1766 nisi
1313 1711 1454 1765 bona
1479 1708 1830 1762 fundamenta
1855 1717 2132 1774 praeoccu-

567 1823 769 1883 pentur
820 1810 888 1864 ab
935 1823 1003 1864 eo
1056 1807 1148 1877 qui
1187 1807 1312 1860 vita:
1365 1802 1655 1859 aediﬁcium
1710 1798 1972 1854 arbitratu
2033 1810 2134 1850 suo

2234 639 2550 710 περιφανῶς
2576 639 2670 693 καὶ
2691 639 3078 711 ἀνεπιτίμητον
3109 641 3186 712 μὴ
3206 639 3236 680 ι’
3286 641 3598 706 δείκνυσιν;
3642 639 3797 695 τοῦτο

2233 731 2291 784 δέ
2328 745 2527 801 φαμεν,
2566 731 2615 783 εἰ
2661 731 2768 800 ἄρα
2793 729 2872 801 τῷ
2900 731 3056 801 ἀνδρὶ
3091 731 3162 784 τὰ
3198 732 3296 802 τῆς
3316 732 3644 796 διαζεύξεως
3682 749 3799 788 συν-

2234 823 2380 876 δοκεί
2411 838 2424 851 ·
2448 822 2584 876 avsa
2611 823 2710 894 μὴ,
2736 822 2836 875 οὐκ
2863 823 2920 875 ἐν
2939 821 3191 886 εὐθύναις
3213 823 3313 892 τὴν
3332 822 3531 876 ἕνωσιν
3559 823 3795 893 ἄγωμεν.

2242 929 2602 1012 KE‘!AA._I".
2640 965 2709 976 ——
2740 933 2878 1012 Περὶ
2911 932 3018 1012 {ei}.
3062 935 3116 987 εὶ
3164 934 3278 1012 χρὴ
3311 932 3703 1012 ,βαπτίζεσθαι-ι
3731 937 3799 989 τὰ

2304 1002 2425 1056 τῶν
2495 1003 2862 1072 Σαρακηνῶν
2908 1003 3104 1072 ,ϐρέφη
3156 1002 3228 1056 ἐν
3283 1005 3360 1073 τῇ
3411 1003 3620 1060 αὐτῶν
3664 1005 3796 1058 ὄντα

2304 1073 2467 1143 χώρᾳ
2487 1075 2586 1128 καὶ
2610 1077 2698 1140 εὶς
2724 1073 2865 1140 τοὺς
2881 1074 3111 1128 ἑαυτῶν
3136 1075 3364 1139 οικους.

2304 1166 2387 1220 Τὰ
2418 1167 2474 1220 δέ
2505 1182 2570 1236 γε
2602 1167 2710 1220 τῶν
2738 1166 3072 1238 Σαρακηνῶν
3102 1167 3278 1238 βρέφη
3299 1166 3455 1237 παρὰ
3492 1165 3606 1218 τῶν
3638 1165 3796 1236 μητέ-

2239 1276 2345 1328 ρων
2369 1259 2753 1330 προσαγόμενα
2775 1261 2912 1330 (15),
2946 1260 3213 1332 μηδαμῶς
3253 1259 3681 1330 ἀποστερεῖσθαι
3704 1259 3791 1310 τοῦ

2235 1351 2380 1406 θείου
2412 1351 2791 1423 βαπτίσματος
2810 1352 3197 1422 δεδοκίμασται
3226 1368 3243 1384 ο
3270 1351 3393 1405 οὐδὲ
3427 1352 3539 1420 γὰρ
3566 1349 3796 1402 κεκώλυ-

2232 1458 2325 1495 ται
2349 1443 2503 1511 παρὰ
2524 1443 2592 1512 τῇ
2614 1440 2710 1494 τοῦ
2743 1440 2882 1494 Θεοῦ
2923 1441 3222 1512 Ἐκκλησία
3265 1443 3328 1494 τὸ
3354 1442 3452 1494 καὶ
3476 1442 3536 1492 ὲν
3569 1440 3795 1502 ἁπαλαῖς

2235 1533 2314 1588 ἔτι
2337 1535 2499 1606 φρεσὶ
2518 1535 2617 1604 τὴν
2638 1535 2788 1588 θείαν
2815 1535 2977 1606 χάριν
2997 1534 3095 1588 τοῦ
3121 1534 3507 1606 βαπτίσματος
3528 1531 3769 1602 δέχεσθαι

2207 1625 2338 1679 ’κᾶν
2372 1625 2528 1695 ,μετὰ
2584 1625 2756 1678 ταῦτα
2811 1627 3147 1695 ἠΰάσκουσι,
3191 1627 3286 1679 καὶ¹
3329 1628 3393 1679 τὸ
3454 1625 3796 1690 αὐτεξούσιον

2235 1721 2465 1774 ἑκάστου
2500 1721 2592 1774 τὸν
2633 1720 2747 1792 βίον
2782 1722 2860 1790 πῆ
2897 1722 2996 1791 μὲν
3043 1723 3347 1785 σπουδαῖον,
3378 1720 3458 1791 πῆ
3491 1719 3551 1772 δὲ
3607 1718 3794 1788 φαῦλον

2234 1811 2504 1883 διατίθησι
2529 1827 2545 1844 ·
2591 1814 2642 1866 si
2679 1813 2789 1885 γὰρ
2843 1814 2905 1866 τὸ
2955 1813 3148 1884 μέλλον
3195 1814 3453 1885 ἀόρατον,
3486 1813 3688 1866 ἄτοπον
3728 1813 3794 1882 μὴ

569 1904 832 1960 extollere
854 1911 1052 1972 potest.
1072 1901 1393 1968 Quanquam
1411 1909 1542 1952 vero
1562 1892 1843 1950 barbarica
1865 1889 2135 1945 institutio

2241 1903 2568 1959 καταλαϐεῖν
2596 1904 2834 1972 ἀγαθοὺς
2879 1904 3164 1974 θεμελίους
3200 1904 3278 1976 τῷ
3331 1903 3583 1970 ἐξουσίαν
3637 1903 3794 1967 ἕξοντι

567 2013 772 2054 vanum
808 1996 1137 2065 baptismum
1176 1990 1453 2045 redditura
1480 1987 1715 2049 videtur,
1750 1983 1870 2053 ejus
1915 1981 1994 2035 rei
2040 1980 2136 2035 ba-

569 2090 802 2162 ptismus
831 2087 946 2157 ipse
976 2085 1192 2154 culpam
1216 2097 1323 2136 non
1356 2080 1609 2142 sustinet,
1645 2077 1741 2133 sed
1770 2077 1815 2131 is
1838 2073 2018 2145 potius
2044 2071 2138 2143 qui

569 2181 902 2252 baptismum
932 2177 1184 2236 irritavit,
1222 2174 1304 2228 vel
1338 2181 1486 2227 certe
1516 2169 1730 2224 irritare
1764 2167 1983 2223 molitus
2029 2175 2134 2220 est.

573 2275 746 2331 Sicuti
778 2272 924 2327 enim
965 2267 1291 2325 Christianae
1339 2263 1464 2319 ﬁdei
1509 2261 1766 2324 eruditio,
1805 2260 1932 2315 licet
1960 2258 2015 2313 hi
2044 2257 2139 2328 qui

573 2345 898 2423 erudiuntur
951 2361 1092 2416 male
1139 2375 1198 2414 se
1236 2365 1450 2430 gerant,
1497 2351 1995 2425 irreprehensibilis
2031 2359 2138 2414 est,

574 2459 649 2513 ita
680 2457 844 2512 etiam
876 2454 1198 2524 baptismus.
1242 2448 1458 2505 etiamsi
1505 2446 1702 2502 deinde
1744 2444 2136 2513 baptizatorum

572 2550 685 2605 vita
704 2547 946 2616 improba
977 2543 1213 2598 evaserit
1230 2551 1392 2610 atque
1417 2537 1712 2594 incredula.
1731 2534 1955 2590 Praestat
1979 2533 2139 2604 igitur

572 2640 812 2696 infantes
839 2635 1126 2706 baptizari,
1151 2642 1206 2688 et
1237 2631 1358 2687 ﬁdei
1381 2631 1598 2684 arrham
1628 2625 1845 2682 interim
1869 2624 2135 2694 accipere.

572 2732 826 2788 Fortasse
865 2728 1011 2783 enim
1045 2725 1332 2794 aliquando
1378 2720 1726 2777 meminerint
1763 2733 1823 2774 se
1861 2716 2138 2780 Christum

573 2823 841 2884 induisse,
873 2830 928 2876 et
956 2818 1125 2890 gratia
1157 2815 1327 2886 adjuti
1367 2814 1592 2885 gratiam
1619 2817 1936 2881 sequentur.
1971 2807 2140 2862 Porro

575 2915 669 2971 ubi
705 2927 833 2984 spes
858 2910 1108 2980 ambigua
1132 2915 1237 2971 est,
1260 2906 1463 2961 bonum
1483 2911 1705 2974 praestat
1729 2901 1927 2972 eligere
1958 2899 2140 2967 illique

576 3006 878 3060 adhaerere.
919 3002 983 3056 Et
1013 3013 1144 3054 sane
1180 3005 1416 3067 oportet,
1443 2992 1654 3049 etiamsi
1693 2990 1887 3061 aliquis
1915 2987 2141 3043 minime

576 3095 916 3169 perficiatur,
958 3102 1140 3147 tamen
1187 3087 1405 3143 initium
1447 3085 1571 3141 boni
1604 3083 1804 3138 facere.
1850 3079 1987 3134 Tum
2020 3092 2142 3147 qua:

579 3190 837 3246 mulieres
867 3192 1193 3256 optaverunt
1212 3190 1273 3236 ut
1299 3180 1383 3235 sui
1412 3177 1570 3232 liberi
1601 3177 1723 3231 ﬁdei
1749 3174 1962 3229 arrham
1997 3171 2142 3226 reci-

2239 1997 2636 2067 ὲπικοδομῆσαι
2658 1996 2751 2050 τοῦ
2778 1999 2893 2068 βίον
2924 1997 3014 2049 τὸν
3034 1992 3184 2050 οἷκον
3210 2012 3224 2026 ’
3261 1997 3311 2048 εί
3355 1996 3415 2049 δὲ
3445 1997 3542 2050 καὶ
3597 1997 3632 2067 ἡ
3679 1996 3795 2066 βαρ-

2239 2086 2440 2159 ϐαρικὴ
2493 2089 2812 2153 παίδευσις,
2861 2088 3017 2141 κενὸν
3083 2088 3462 2142 ἀποδεικνύειν
3531 2088 3594 2141 τὸ
3667 2088 3793 2141 θεῖον

2241 2178 2520 2250 βάπτισμα
2559 2181 2726 2243 δοκεῖ,
2778 2181 2894 2234 ἀλλ’
2938 2180 3001 2234 οὐ
3035 2180 3131 2234 τοῦ
3176 2181 3562 2252 βαπτίσματος
3606 2181 3667 2232 τὸ
3713 2181 3792 2249 ἐγ-

2239 2270 2449 2341 κλημα,
2491 2270 2584 2324 τοῦ
2635 2270 2694 2323 δὲ
2741 2274 2800 2322 τὸ
2846 2269 3126 2341 βάπτισμα
3154 2271 3524 2340 ἀθετήσαντος
3553 2270 3586 2340 ἢ
3617 2269 3792 2341 ἀθετῆ-

2243 2375 2335 2413 σαι
2393 2359 2948 2429 παρασκευάσαντοςο
3010 2358 3200 2427 ὥσπερ
3236 2359 3345 2426 γὰρ
3414 2359 3478 2410 τὸ
3529 2359 3792 2412 διδάσκειν

2240 2447 2339 2520 τὴν
2386 2451 2466 2512 είς
2512 2447 2748 2518 Χριστὸν
2800 2447 3002 2512 πίστιν,
3034 2447 3138 2500 κᾶν
3172 2447 3222 2499 οἱ
3263 2447 3639 2516 διδασκόμενοι
3701 2463 3792 2498 κα-

2239 2541 2650 2613 ταρᾳθυμοῦσιν
2686 2581 2702 2606 ,
2747 2541 3082 2612 ἀνέγκλητον
3114 2555 3130 2572 ·
3178 2540 3320 2595 οὕτω
3367 2542 3466 2595 καὶ
3509 2541 3572 2594 τὸ
3606 2541 3795 2610 βαπτί-

2239 2634 2377 2700 ζειν,
2415 2635 2519 2689 κᾶν
2541 2634 2570 2686 ὀ
2602 2635 2738 2705 μετὰ
2761 2634 2935 2688 ταῦτα
2983 2633 3094 2704 βίος
3114 2635 3224 2687 τῶν
3261 2633 3666 2705 βαπτισθέντων
3687 2635 3794 2687 ἀδό-

2240 2727 2402 2796 κιμός
2431 2744 2491 2780 τε
2521 2726 2616 2779 καὶ
2649 2727 2876 2789 ἄπιστος
2904 2742 2917 2755 ·
2947 2727 3146 2795 μᾶλλον
3173 2727 3267 2781 οὖν
3295 2727 3502 2794 ἀγαθὸν
3552 2725 3796 2794 βαπτίζειν

2251 2819 2373 2872 σθαι
2401 2819 2467 2874 τὰ
2491 2819 2684 2890 βρέφη,
2711 2822 2804 2873 καὶ
2843 2820 2934 2873 τὸν
2963 2821 3057 2890 τῆς
3093 2819 3329 2882 πίστεως
3358 2818 3654 2890 ἀρραϐῶνα
3672 2820 3797 2882 τέως

2243 2912 2633 2982 ὑποδέχεσθαι·
2669 2912 2800 2976 ἴσως
2833 2911 3255 2983 ὑπομνησθέντα
3285 2911 3416 2963 ποτὲ
3463 2911 3547 2963 ὅτι
3579 2909 3794 2978 Χριστὸν

2242 3005 2558 3059 ὲνεδύσαντο
2627 3005 2762 3076 (id),
2797 3005 3014 3058 ἑλέσθαι
3063 3003 3366 3075 βουληθῶσι
3403 3003 3502 3072 τὴν
3525 3004 3681 3072 χάριν
3713 3002 3797 3055 διὰ

2245 3095 2344 3165 τῆς
2372 3095 2595 3166 χάριτος
2621 3113 2636 3128 ·
2667 3097 2726 3149 ὲν
2773 3090 2856 3159 οἷς
2901 3097 3009 3168 γὰρ
3032 3095 3103 3148 τὰ
3129 3096 3233 3163 τῆς
3258 3093 3471 3156 ἐλπίδος
3512 3093 3793 3163 ἀμφέὗολα,

2251 3185 2310 3237 τὸ
2330 3186 2564 3258 χρηστὸν
2596 3186 2796 3256 μᾶλλον
2823 3185 3098 3254 αἱρεῖσθαι
3120 3187 3246 3255 χρὴ,
3277 3183 3518 3250 κάκείνῳ
3552 3181 3794 3251 συγγίνε-

580 3286 800 3350 pcrcnt,
855 3276 898 3331 si
935 3274 1043 3329 voti
1112 3281 1393 3342 compotes
1438 3269 1604 3332 ﬁant,
1642 3266 1709 3322 ad
1756 3264 2139 3336 perﬁciendam

2251 3275 2373 3331 σθαι
2401 3294 2416 3308 ⁸
2442 3277 2524 3330 δεῖ
2551 3277 2680 3348 γὰρ,
2716 3277 2820 3331 κᾶν
2852 3278 2902 3329 εἰ
2949 3277 3024 3347 μὴ
3068 3275 3324 3347 τελειωθῇ
3373 3291 3458 3337 τις
3516 3273 3594 3344 τῷ
3635 3272 3793 3341 καλῷ,

579 3384 797 3441 quoque
827 3366 1188 3422 eruditionem
1211 3361 1505 3416 alacriores
1536 3367 1735 3414 erunt:
1761 3357 1844 3412 sin
1874 3354 2145 3425 repellan-

582 3472 690 3527 tur,
732 3474 843 3514 non
890 3458 1187 3512 liberorum
1225 3451 1621 3516 tantummodo,
1665 3449 1760 3506 sed
1807 3449 1892 3504 sui
1928 3461 2146 3518 quoque

584 3554 822 3624 ipsarum
860 3565 1048 3604 curam
1077 3547 1307 3604 fortasse
1335 3543 1614 3614 abjicient.

582 3845 734 3901 CAP.
771 3844 858 3901 IV.
884 3872 957 3887 -
988 3845 1171 3901 Utrum
1205 3850 1446 3913 oporteat
1483 3841 1660 3913 divina
1686 3854 1910 3913 munera
1932 3837 2148 3913 _mulie-

651 3919 794 3971 ribus
821 3917 1101 3986 deferenda
1133 3906 1411 3986 concedere
1456 3913 1528 3965 ad
1569 3909 1895 3965 Christianos
1923 3906 2151 3962 Sarace-

655 4004 844 4041 norum
872 3984 1091 4040 uinculis
1124 3984 1375 4037 detentae.

659 4079 813 4146 Quod
857 4079 1052 4133 attinet
1089 4077 1156 4130 ad
1189 4074 1449 4129 mulieres
1488 4089 1608 4143 qum
1651 4088 1858 4127 sacram
1907 4087 2150 4126 commu-

585 4171 809 4226 nionem
870 4167 936 4226 ad
989 4165 1328 4222 Christianos
1383 4163 1438 4217 in
1485 4163 1841 4216 Barbarorum
1902 4163 2151 4217 domibus

587 4261 874 4316 conclusos
906 4257 1180 4318 deferunt,
1231 4254 1511 4310 deﬁnitum
1547 4253 1648 4307 fuit
1680 4261 1738 4306 ut
1771 4253 1853 4307 hae
1876 4253 2015 4307 bene
2038 4269 2152 4307 mo-

586 4360 720 4406 ratae
750 4352 860 4404 sint
883 4389 897 4411 ,
928 4363 1098 4420 prOpe
1130 4355 1188 4400 ut
1220 4346 1478 4416 virgines,
1512 4343 1598 4398 vel
1642 4343 1836 4399 decora
1871 4353 2152 4400 senectute

585 4452 813 4506 ornatae,
839 4441 1120 4513 dignaeque
1154 4454 1276 4508 qua:
1303 4437 1378 4494 ad
1416 4437 1779 4493 ministerium
1817 4437 2152 4494 diaconissa-

588 4549 819 4604 rumque
843 4531 1068 4604 gradum
1097 4538 1461 4586 assumantur.
1493 4528 1648 4598 Quod
1677 4528 1726 4582 si
1765 4528 1980 4585 feminae
2005 4535 2152 4602 ejus-

2246 3364 2592 3438 ἀπάρξασθαι
2639 3366 2736 3419 τοῦ
2780 3365 2947 3420 καλοῦ
2978 3382 2994 3398 ο
3027 3366 3084 3420 αἱ
3128 3367 3238 3438 γὰρ
3281 3368 3380 3437 τῆς
3435 3367 3670 3428 πίστεως
3710 3366 3797 3418 τὸν

2246 3457 2540 3529 ἀρραϐῶνα
2567 3457 2908 3511 ποθοῦσαιτὰ
2944 3457 3053 3511 ῐδια
3069 3459 3236 3512 τέκνα
3255 3458 3516 3523 δέξασθαι
3554 3459 3794 3529 μητέρες.

2246 3549 2294 3602 εί
2326 3547 2425 3618 μὲν
2451 3549 2683 3620 τύχοιεν,
2712 3551 3118 3622 προθυμότεραι
3150 3553 3244 3604 καὶ
3271 3552 3410 3622 πρὸς
3436 3552 3535 3622 τὴν
3559 3552 3796 3605 δίδασκα-

2246 3637 2402 3708 λικὴν
2439 3639 2715 3693 τελείωσιν
2733 3641 2950 3696 ἔσονται
2988 3658 3002 3673 ο
3035 3643 3084 3696 εί
3113 3641 3160 3696 δ’
3185 3642 3531 3711 ἀποτύχοιεν,
3557 3645 3615 3695 οὐ
3649 3644 3797 3711 μόνον

2246 3729 2356 3783 τῶν
2391 3731 2614 3798 τέκνων,
2639 3732 2773 3786 ἀλλὰ
2795 3736 2888 3788 καὶ
2919 3734 3126 3788 ἑαυτῶν
3150 3735 3277 3798 ἴσως
3320 3735 3794 3805 καταμελήσωσιν.

2248 3847 2614 3921 ΚῐεξεῖξΑΛηΔέ.
2647 3880 2719 3892 -
2755 3851 2887 3920 Περὶ
2917 3851 3044 3912 τοῦ,
3077 3854 3126 3905 el
3157 3852 3271 3920 χρὴ
3309 3851 3544 3921 γυναιξὶ
3575 3851 3795 3905 διδόναι

2317 3917 2475 3991 ᾷῷρα
2505 3919 2616 3987 (15)
2636 3921 2784 3991 ξιρύς
2806 3917 2870 3974 τὸ
2899 3917 3266 3988 ἀποκομίῆαι
3283 3917 3796 3991 ἐίιικεκλεισμένοις

2316 3989 2694 4056 Χριστιανοῖς
2720 3991 2840 4045 ὑπὸ
2863 3991 2982 4044 τῶν
3005 3989 3388 4060 Σαρακηνῶν.

2320 4080 2456 4150 Περὶ
2503 4080 2560 4133 δέ
2607 4098 2669 4150 γε
2725 4083 2837 4134 τῶν
2889 4081 2988 4152 τὴν
3048 4082 3336 4136 κοινωνίαν
3387 4082 3802 4153 διακομιζονσῶν

2248 4171 2523 4241 γυναικῶν
2567 4175 2681 4234 τοῖς
2731 4171 3084 4244 βαρϐαρικοῖς
3114 4173 3308 4237 ,οἴκοις
3341 4175 3801 4244 ὲγκεκλεισμένοις

2251 4264 2617 4334 Χριπιανοίς,
2653 4263 2807 4317 τοῦτο
2843 4263 3142 4334 διιῖιριοται,
3173 4264 3250 4327 ὡς
3291 4266 3636 4337 εὐσχήμονας
3679 4265 3802 4318 εἶναι

2251 4356 2357 4426 χρὴ
2379 4355 2604 4418 ταύτας.
2630 4357 2725 4409 καὶ
2743 4351 2852 4410 οἷαι
2869 4356 2914 4410 δ’
2943 4355 3010 4410 ἂν
3030 4358 3086 4409 αί
3106 4357 3375 4429 παρθενίᾳ
3400 4361 3435 4428 ἢ
3469 4359 3652 4429 σεμνῷ
3674 4359 3806 4428 γήρα

2254 4446 2646 4518 κοσμούμεναι,
2682 4447 2776 4500 καὶ
2823 4445 2970 4511 ἄξιαι
3015 4447 3094 4509 εἰς
3133 4446 3410 4503 διακονίαν
3451 4451 3549 4503 καὶ
3578 4451 3660 4509 είς
3706 4450 3808 4501 δια-

2256 4537 2428 4590 κόνων
2471 4538 2879 4608 παραδεχθῆναι
2923 4537 3132 4607 βαθμόν
3171 4539 3284 4610 (16)
3325 4557 3340 4571 ·
3378 4541 3430 4593 εἰ
3475 4541 3536 4595 δὲ
3564 4541 3806 4596 τοιούτων

1886 4665 2118 4723 VARle
2159 4669 2451 4727 LECTION
2459 4671 2562 4727 ES.

730 4765 759 4804 ιι
786 4762 1103 4818 Addendam
1141 4762 1329 4819 censui
1351 4761 1669 4832 particulam
1701 4764 1800 4834 μή.

2051 4858 2280 4916 ΝΟΤΙΕ.

660 4984 772 5052 (l5)
811 4982 1057 5056 cogitare
1082 4979 1207 5056 licet
1236 4980 1576 5056 Christianas
1601 4979 1859 5056 mulieres
1896 4981 1950 5056 in
1986 4982 2158 5050 capti-
2188 4984 2236 5041 D
2265 4984 2475 5039 inﬁnita
2517 4984 2723 5056 damna,
2749 4999 3077 5056 cognoscere
3109 4985 3236 5039 licet
3270 5000 3334 5040 ex
3377 4982 3808 5056 epistolisetiam

587 5050 808 5109 vitatem
841 5050 1119 5114 abductas,
1147 5051 1214 5105 de
1261 5050 1458 5123 quibus
1500 5051 1865 5123 agit__i’hotius
1899 5050 1954 5123 in
1985 5067 2149 5121 supe-

589 5124 849 5186 rioribus,
881 5137 1106 5191 necnon
1140 5121 1407 5191 sententia
1461 5121 1712 5191 synodica
1743 5121 1881 5172 infra
1911 5122 2148 5175 citanda.

590 5194 760 5248 Porro
792 5204 846 5247 et
873 5192 1041 5246 nostri
1073 5190 1308 5260 theologi
1348 5190 1565 5251 docent,
1605 5201 1663 5244 ut
1688 5205 1826 5259 puer
1863 5207 1926 5244 ex
1965 5191 2154 5246 inﬁde-

588 5265 734 5318 libus
777 5261 1090 5332 parentibus
1118 5260 1334 5329 genitus
1386 5261 1873 5332 baptizarigpossit,
1903 5261 2152 5315 suﬁicerc

2251 5071 2408 5128 papae
2441 5055 2730 5128 synchroni
2755 5054 3126 5128 Joannis_vnt,
3155 5056 3247 5128 qui
3287 5057 3355 5109 de
3386 5054 3808 5128 Christianorum

2255 5124 2444 5189 tutela,
2473 5124 2527 5177 et
2547 5125 2614 5178 de
2633 5125 2937 5178 calamitate
2968 5124 3286 5180 Saracenica
3319 5142 3418 5194 pro
3438 5126 3643 5178 viribus
3662 5137 3809 5175 aver-

2257 5195 2416 5250 tenda
2450 5194 2738 5263 pl_urimum
2773 5195 3054 5248 laboravit.

2329 5261 2734 5332 (MYFormula
2767 5266 2882 5318 haec
2925 5264 3130 5318 cantari
3171 5264 3327 5319 solita
3378 5279 3406 5317 a
3456 5262 3656 5317 Gra'cis
3696 5269 3813 5330 post

587 5329 899 5389 alterm—rius
933 5334 1171 5405 parentis
1209 5346 1576 5405 consensum._
1606 5329 1815 5405 Mirum
1847 5339 2030 5405 tamen
2070 5341 2155 5405 est
2255 5329 2544 5403 baptiSma.
2583 5333 2738 5388 Phot.
2769 5334 3097 5403 Amphiloch.
3117 5335 3206 5400 4'5,
3238 5351 3292 5405 p.
3334 5335 3455 5399 119,
3485 5329 3818 5401 οινρυάζιιτ-

585 5405 731 5475 quod
762 5400 1113 5475 insententia
1145 5400 1401 5472 synodica
1438 5401 1585 5475 apud
1615 5400 1999 5475 Lcunclavium
2038 5411 2076 5455 t.
2111 5401 2151 5475 l,

585 5471 767 5544 13.9.26
807 5474 1028 5537 dicitur,
1075 5473 1314 5544 itemque
1344 5473 1484 5540 apud
1533 5471 1904 5544 Blastaremin
1951 5472 2146 5525 Arcud.

586 5540 707 5614 cap.
742 5547 829 5610 12,
857 5558 1054 5614 nempe
1073 5543 1662 5614 alicubiAgarenoruin
1681 5540 2151 5614 nefariamsnperc

586 5611 865 5670 sti—tionem
896 5611 1083 5674 fuisse,
1107 5621 1168 5666 ut
1191 5627 1300 5664 non
1327 5611 1476 5680 prius
1501 5627 1627 5664 suos
1651 5611 1887 5664 infantes
1917 5611 2152 5666 circum-

543 5722 554 5725 ς
587 5686 853 5749 ciderent,
886 5698 1047 5754 quam
1082 5681 1172 5752 qui
1202 5681 1474 5754 ineorum
1505 5682 1718 5754 ditione
1742 5688 1968 5754 essent,_
1991 5681 2151 5736 Chri-

586 5754 748 5807 stiani
781 5751 1111 5817 sacerdotes,
1146 5753 1232 5805 vel
1273 5751 1426 5805 inviti
1458 5752 1675 5806 eosdem
1707 5751 2149 5819 baptizavissent.

584 5823 837 5877 Jamvero
855 5824 1244 5877 Saracenorum
1263 5821 1540 5876 Photianis
1557 5821 1889 5890 temporibus
1906 5822 1959 5873 in
1981 5830 2153 5875 terras

589 5893 1020 5949 Christianorum
1069 5893 1285 5948 crebras
1336 5889 1691 5946 excensiones
1734 5907 1796 5946 ac
1836 5892 2052 5961 rapinas
2099 5903 2152 5948 et

2267 5405 2387 5458 cud.
2420 5420 2541 5473 cap.
2578 5405 2663 5468 17,
2696 5420 2749 5473 p.
2781 5405 2868 5458 55.

2329 5474 2440 5544 (15)
2477 5469 2635 5543 Ᾱῶρα
2665 5469 2748 5528 vel
2772 5475 2952 5544 δῶρον
2991 5473 3294 5542 signiﬁcare
3338 5474 3395 5526 in
3435 5469 3819 5526 ecclesiasticis

2267 5543 2485 5613 scriptis
2511 5559 2718 5598 sacram
2752 5543 3143 5600 Eucharistiam
3179 5545 3310 5598 satis
3343 5551 3676 5613 compertum
3704 5549 3818 5598 est.

2259 5631 2325 5669 ex
2356 5612 2423 5685 iis
2461 5624 2609 5685 certe
2639 5615 2901 5685 exemplis
2930 5631 3052 5684 qua:
3083 5614 3344 5685 Suieerus
3378 5612 3606 5685 profert.

2330 5684 2441 5755 (16)
2485 5682 2703 5738 Scilicet
2726 5678 2885 5739 aetate
2912 5678 3091 5739 Photii
3137 5684 3324 5755 adhuc
3354 5678 3603 5755 vigebant
3632 5678 3821 5755 _diaeoo

2260 5749 2439 5818 nissre,
2468 5769 2602 5823 quas
2629 5755 2950 5810 duodecimo
2977 5763 3126 5810 certe
3165 5754 3366 5823 saeculo
3390 5753 3506 5823 jam
3527 5749 3825 5823 exolevisse

2259 5818 2530 5878 scribebat
2565 5824 2848 5878 Balsamon
2886 5827 2953 5879 ad
2992 5825 3058 5879 15
3092 5840 3214 5880 can.
3247 5818 3508 5877 Chalced.
3542 5818 3616 5873 De
3642 5819 3797 5872 diaco

2259 5896 2421 5948 nissis
2442 5895 2652 5948 crutlitc
2684 5896 2872 5950 scribit
2897 5895 3160 5950 Blastarcs
3178 5894 3395 5950 Graecus
3428 5891 3481 5945 in
3499 5899 3826 5962 synlagmatc
