4004 6458
212 408 319 474 781

1372 406 1909 470 EPISTOLARUM
1951 410 2177 469 LIBER
2214 407 2265 469 Ι.

3332 412 3441 476 782

213 518 421 591 ἀπορία
470 512 609 575 εἷναι
656 517 840 578 δοκει,
901 514 1035 587 μηδὲ
1077 514 1175 577 τὰς
1220 512 1454 577 πίστεως
1493 512 1777 583 ἀλλοτρίας

1882 514 2025 568 modi
2053 513 2444 578 desiderentur,
2477 521 2605 568 tunc
2649 512 2925 569 enimvero
2966 528 3036 569 ne
3080 515 3182 570 illa:
3222 518 3446 587 quidem

216 611 552 683 βουλομένας
595 610 833 662 εὐποιεῖν
860 607 1205 679 Χριστιανοῖς
1245 604 1512 673 ἀδελφοῖς,
1553 605 1645 657 καὶ
1687 604 1780 655 ἐπὶ

213 704 478 758 τοσοῦτον
522 704 712 765 αὑταῖς
758 700 1157 771 τεθαῤῥηκέναι
1218 698 1312 751 καὶ
1368 693 1779 767 προσανατεθῆ-

213 816 328 862 ναι,
385 796 507 866 μηδ’
536 795 703 857 αὐτὰς
740 792 954 854 ὲκείνας
990 788 1426 862 παρατηρεῖσθαι
1458 802 1471 815 ·
1510 785 1646 840 ἀλλὰ
1682 785 1782 838 καὶ

212 888 283 941 δι’
341 888 521 943 αὐτῶν
570 884 903 955 είσκομίζειν
961 883 1059 954 τὴν
1106 881 1201 935 τοῦ
1244 877 1449 949 ἀγαθοῦ
1496 875 1780 931 κοινωνίαν

212 981 333 1043 τοῖς
367 979 491 1049 μηδ’
518 978 608 1030 ὑπ’
642 977 812 1045 αὐτῆς
844 976 942 1044 τῆς
962 973 1274 1045 τυραννίδος
1307 971 1405 1041 τῆς
1436 971 1517 1032 είς
1546 968 1782 1040 Χριστὸν

215 1068 704 1138 κατωλιγωρηκόσι
720 1067 953 1127 πίστεως
974 1079 988 1094 ’
1017 1062 1269 1118 οὐδέποτε
1292 1063 1399 1131 γὰρ
1426 1058 1695 1113 κοινοῦται
1720 1058 1783 1110 τὸ

213 1162 395 1231 ἅγιον,
440 1159 642 1229 μᾶλλον
683 1157 739 1209 δὲ
767 1154 985 1224 ἁγιάζει
1032 1153 1127 1206 καὶ
1156 1152 1283 1215 τοὺς
1312 1148 1739 1219 κεκοινωμένους
1763 1163 1779 1180 ⁸

215 1257 266 1307 εἰ
299 1254 373 1324 μὴ
412 1251 628 1306 ῦποπτά
666 1268 787 1303 τινα
833 1249 1102 1318 πρόσωπα
1136 1243 1496 1308 καταπαίζειν
1535 1240 1781 1311 συνήθως

215 1347 413 1416 ἔχοντα
465 1344 574 1397 τῶν
625 1342 806 1408 θείων,
837 1338 1013 1395 ταῦτα
1052 1337 1463 1409 ἐγχειρισθῆναι
1507 1332 1779 1406 προφασί-

216 1438 417 1500 ζοιντο.

216 1550 471 1603 ΚΕΦΛΛ.
501 1549 576 1602 E'.
610 1546 749 1615 Περὶ
773 1546 899 1608 τοῦ.
930 1547 983 1599 εί
1007 1543 1121 1614 χρὴ
1150 1541 1461 1615 κοινωνεῖτε
1490 1539 1633 1615 τοὺς
1662 1538 1784 1595 ὑπὸ

288 1621 434 1740 τῶτδ
470 1610 835 1687 Σαρακήνῶν
896 1619 983 1683 είς
1007 1610 1357 1683 ’ἀσέλγειαν
1415 1610 1782 1677 ,βιασθέντας

290 1704 393 1740 παι
435 1705 527 1740 αθ.

290 1704 527 1752 παίσας.

293 1784 414 1836 Ἔτι
436 1783 491 1835 δὲ
523 1781 616 1835 καὶ
644 1780 771 1852 περὶ
798 1781 906 1834 τῶν
933 1777 1084 1850 παρὰ
1115 1779 1212 1849 τῆς
1248 1774 1592 1849 βαρϐαρικῆς
1626 1773 1783 1829 ἀσελ-

1882 605 2113 660 vitanda:
2139 616 2283 666 sunt.
2324 620 2443 674 quae
2471 606 2572 660 etsi
2602 606 2706 661 ﬁde
2728 606 2938 673 alienae,
2969 616 3148 662 tamen
3183 618 3241 663 ut
3282 610 3442 665 Chri-

1881 700 2072 754 stianis
2097 698 2350 753 fratribus
2376 700 2512 754 bene
2542 700 2763 765 faciant,
2791 709 3068 770 tantopere
3097 702 3298 756 audent
3321 712 3443 756 tan-

1883 801 2105 862 tumque
2148 794 2331 848 oneris
2365 810 2474 848 non
2517 804 2791 849 recusant.
2828 794 3031 849 [larum
3076 810 3315 865 quoque,
3358 798 3442 849 in-

1881 900 2064 953 quam,
2102 887 2351 941 manibus
2394 885 2740 941 deferendam
2782 901 3068 943 censemus
3104 889 3270 942 divini
3315 888 3445 943 boni

1881 976 2315 1030 communionem
2343 975 2409 1029 ad
2439 991 2534 1031 eos
2553 977 2645 1046 qui
2672 993 2740 1031 ne
2766 977 2868 1031 sub
2896 979 3196 1048 tyrannidis
3224 979 3445 1048 quidem

1877 1063 2005 1135 iugo
2019 1062 2379 1121 Christianam
2397 1066 2553 1122 ﬁdem
2573 1068 2869 1139 negligant.
2888 1069 3004 1124 Non
3035 1069 3178 1124 enim
3199 1079 3447 1125 sanetum

1880 1156 2157 1225 polluitur,
2201 1158 2312 1213 imo
2343 1158 2520 1229 ipsum
2552 1175 2648 1215 eos
2677 1161 2978 1217 sanctiﬁcat
3005 1163 3096 1232 qui
3135 1177 3193 1217 se
3226 1164 3446 1217 contin-

1881 1258 2033 1319 gunt.
2061 1248 2173 1303 Nisi
2215 1250 2356 1306 forte
2405 1263 2671 1321 suspecta:
2714 1253 2957 1323 quaedam
3001 1268 3276 1324 personae,
3323 1270 3449 1324 qua:

1881 1342 2046 1397 rebus
2072 1342 2238 1397 sacris
2265 1344 2492 1400 illudere
2520 1346 2718 1412 solent,
2744 1345 2978 1403 oﬁicinm
3004 1348 3134 1402 illud
3166 1348 3268 1402 sibi
3295 1361 3448 1403 eom-

1882 1434 2107 1491 missum
2140 1433 2416 1491 simulent.

1881 1548 2034 1604 CAP.
2074 1546 2133 1601 V.
2159 1577 2228 1587 —
2257 1549 2438 1605 Utrum
2467 1552 2538 1604 ad
2562 1566 2767 1604 sacram
2800 1555 3210 1606 communionem
3248 1555 3445 1606 admit-

1948 1620 2092 1698 tendi
2119 1620 2411 1742 itinhpueri
2449 1621 2631 1690 quibus
2664 1620 3445 1677 Saracenorumincontinentia

1950 1703 2055 1741 vim
2082 1706 2113 1742 a
2165 1706 2196 1741 u
2221 1706 2236 1741 ι
2266 1729 2281 1742 .

1950 1703 2055 1741 vim
2082 1703 2281 1744 auum.

1950 1778 2171 1849 Insuper
2200 1778 2478 1834 decretum
2522 1780 2645 1845 fuit,
2680 1798 2749 1837 ne
2788 1782 2972 1852 pueris
3011 1783 3208 1852 quibus
3242 1783 3440 1838 Barba-

216 1878 373 1947 γείας
402 1877 737 1949 βιασθέντων
761 1875 985 1929 παιδίων
1016 1874 1107 1927 διὰ
1137 1873 1198 1926 τὸ
1223 1873 1319 1942 τῆς
1351 1872 1470 1941 βίας
1502 1871 1779 1939 ἱπάγαγὸν

1882 1885 2065 1926 rorum
2114 1871 2451 1941 impudicitia
2497 1871 2551 1926 vi
2602 1881 2847 1942 stuprum
2899 1874 3217 1937 obtulisset,
3258 1875 3444 1941 habita

215 1986 279 2021 τε
330 1968 426 2020 καὶ
460 1967 855 2037 ἀπαραίτητον,
896 1962 1226 2032 συγγνώμην
1279 1961 1489 2025 τούτοιι⁸
1537 1961 1777 2030 δοθῆναι,

220 2061 317 2114 καὶ
351 2060 451 2128 τῆς
501 2057 766 2123 ζωοποιοῦ
797 2056 1084 2118 κοινωνίας
1137 2054 1211 2125 μὴ
1244 2051 1659 2123 ἀποκωλυθῆναι
1700 2052 1780 2105 δι-

219 2150 451 2221 ώρισται
482 2168 496 2180 ·
533 2151 582 2203 εἰ
627 2151 790 2220 μήπω
810 2147 1053 2201 ἑκούσιον
1079 2146 1138 2199 τὸ
1157 2146 1461 2217 ἁμάρτημα
1489 2143 1781 2215 κατειργά-

223 2261 387 2297 σαντο
416 2258 433 2274 ο
468 2243 588 2295 τότε
647 2242 753 2312 γὰρ
790 2240 883 2293 καὶ
912 2240 1094 2300 αὐτοῖς
1146 2238 1214 2291 τὰ
1244 2238 1337 2291 ἐπὶ
1375 2239 1486 2301 τοῖς
1523 2234 1779 2297 ἑκουσίως

219 2336 447 2389 τοιαῦτα
508 2329 889 2404 πλημμελοῦσι
937 2331 1261 2401 προσφόρως
1318 2328 1568 2399 ἐπιτίμια
1616 2344 1779 2398 προσ-

220 2427 476 2498 αρμόσει.

291 2519 543 2583 Τοσαῦτα
586 2518 683 2589 μὲν
726 2518 876 2589 παρά
918 2516 1016 2587 τῆς
1060 2517 1159 2588 σῆς
1190 2512 1492 2585 θεοφιλείας
1542 2511 1779 2584 προϐλη-

220 2610 383 2665 θέντα
438 2610 751 2681 ζητήματα,
782 2611 907 2676 ἄξια
961 2608 1253 2681 προφανῶς
1302 2607 1528 2679 ἐρεύνης
1578 2606 1781 2675 τυγχά-

221 2719 401 2765 νοντα,
422 2704 515 2754 κα“ι
538 2702 637 2771 τῆς
662 2702 760 2771 σῆς
782 2700 1045 2764 συνέσεως
1068 2700 1128 2754 τὸ
1148 2698 1432 2753 σπουδαῖον
1448 2698 1781 2767 χαρακτηρί-

218 2810 309 2847 σαι
330 2792 603 2861 δυνάμενα
627 2808 641 2822 ⁸
674 2793 769 2845 καὶ
805 2790 1031 2860 τοιαύτη
1047 2790 1199 2863 παρὰ
1224 2789 1330 2842 τῶν
1348 2786 1781 2856 θεοφιλεστάτων

218 2882 634 2956 μητροπολιτῶν
676 2881 981 2953 συμφώνως
1021 2884 1146 2952 περὶ
1180 2880 1357 2935 αὐτῶν
1392 2879 1781 2948 ὲξανεστηκυῖα

214 2974 423 3044 ψῆφος,
461 2974 582 3043 ἥτις
612 2971 765 3043 παρὰ
796 2972 896 3042 τῆς
937 2972 1092 3042 ἡμῶν
1131 2970 1479 3042 μετριότητος
1513 2968 1623 3038 (17)
1664 2969 1781 3019 ἐπι-

215 3064 622 3135 σφραγισθεῖσα
642 3064 737 3117 καὶ⁹
757 3062 1158 3133 ἁποδεδεγμένη
1176 3062 1310 3133 πρὸς
1325 3061 1422 3131 τὴν
1443 3062 1540 3131 σὴν
1559 3060 1779 3131 θεοφιλῆ

214 3156 654 3227 παραπέμπεται
710 3156 1003 3225 ὁσιότητα·
1065 3154 1221 3224 δέχου
1270 3153 1451 3207 τοίνυν
1506 3152 1615 3205 τῶν
1674 3152 1780 3204 σῶν

215 3248 623 3319 προϐλημάτων
666 3248 765 3310 τὰς
817 3247 1091 3309 ὲπιλύσεις
1136 3248 1326 3315 σαφεῖς
1371 3244 1445 3308 ώς
1492 3244 1781 3316 ἐξῄτησας,

214 3342 277 3392 ὲν
305 3339 487 3409 καιρῷ
532 3338 626 3392 καὶ
653 3336 932 3410 προσώπῳ
965 3336 1043 3406 τῷ
1075 3336 1362 3406 ἐπιτηδείῳ
1421 3335 1622 3399 ταύτας
1660 3353 1784 3387 συν-

212 3427 405 3500 τηρῶν
452 3428 550 3480 καὶ
599 3426 1037 3498 παραφυλάττων
1066 3441 1080 3456 ο
1133 3425 1229 3478 καὶ
1282 3426 1355 3495 μή
1398 3442 1450 3478 τι
1502 3424 1631 3494 περ)⁵
1686 3423 1784 3493 τὴν

213 3518 427 3573 τούτων
458 3519 777 3589 ἀποτυχίαν,
821 3518 936 3571 ἀλλ’
992 3519 1075 3570 ὅτι
1124 3516 1323 3586 ἀκηδία
1353 3527 1375 3554 ο
1424 3534 1524 3570 κ...
1569 3515 1780 3584 ἄλλῳ...

213 3611 289 3665 τὰ
331 3612 378 3665 δ’
411 3611 554 3681 ἄλλῳ
575 3627 590 3641 ·
626 3610 898 3683 ἐρρῶσθαι
924 3609 979 3661 δὲ
1008 3607 1099 3679 διὰ
1149 3608 1346 3671 παντὸς
1376 3625 1511 3662 κυ...
1548 3605 1781 3678 λιπαροῦ

1881 1962 2090 2016 ratione
2121 1960 2391 2016 violentiae
2417 1972 2473 2017 et
2516 1964 2889 2029 necessitatis,
2932 1965 3090 2019 venia
3123 1965 3445 2035 denegetur,

1881 2068 2017 2109 neve
2049 2052 2087 2107 ii
2109 2052 2290 2109 divina
2313 2069 2377 2109 ac
2396 2052 2610 2109 viviﬁea
2633 2055 3013 2109 communione
3033 2054 3440 2124 prohibeantur.

1880 2144 1993 2202 Nisi
2026 2145 2176 2212 forte
2203 2148 2568 2202 voluntarium
2618 2157 2897 2217 peccatum
2938 2156 3387 2217 perpetravernnt
3426 2165 3441 2199 :

1882 2249 2012 2295 tunc
2036 2240 2200 2303 enim,
2224 2256 2334 2295 non
2362 2254 2521 2295 secus
2548 2255 2612 2295 ac
2636 2241 2753 2295 illos
2772 2240 2864 2309 qui
2886 2248 3081 2310 sponte
3104 2239 3277 2309 culpis
3298 2240 3414 2307 ejus
3434 2268 3444 2275 -

1881 2331 2029 2387 modi
2059 2340 2229 2387 semet
2256 2331 2531 2398 irretiunt,
2562 2346 2723 2402 poena
2751 2332 2945 2386 merita
2985 2346 3184 2402 pueros
3229 2346 3443 2400 quoque

1880 2424 2058 2479 decet.

1954 2512 2135 2583 Atque
2171 2512 2254 2568 hae
2290 2512 2509 2569 fuerunt
2532 2528 2563 2567 a
2596 2524 2686 2568 tua
2717 2515 2917 2583 pietate
2949 2517 3277 2585 quaestiones
3314 2532 3442 2587 pm-

1882 2608 2091 2678 positaz,
2133 2606 2525 2663 consultatione
2566 2621 2787 2677 prorsus
2824 2607 3179 2678 dignissimam,
3230 2619 3443 2678 tumque

1881 2699 2164 2770 sapientia
2195 2700 2368 2755 zelum
2399 2701 2529 2753 satis
2569 2699 3025 2755 demonstrantes.
3073 2699 3199 2754 Haec
3243 2700 3368 2754 item
3412 2719 3443 2754 ει

1883 2789 2297 2861 religiosissimis
2332 2790 2694 2860 metropolitis
2740 2792 2990 2846 concordi
3035 2791 3309 2861 suffragio
3337 2792 3440 2845 lata

1882 2882 2149 2936 sententia
2172 2890 2272 2942 est.
2290 2896 2451 2952 quam
2477 2890 2660 2937 nostra
2685 2882 3030 2938 mediocritas
3048 2881 3445 2951 ratatnjhabcns

1882 2983 2043 3043 atque
2079 2974 2409 3028 conﬁrmans
2453 2975 2520 3029 ad
2566 2976 2868 3046 religiosam
2912 2986 3058 3030 tuam
3097 2978 3437 3030 sanctitatem

1883 3064 2066 3119 mittit.
2118 3065 2315 3134 Excipe
2357 3066 2520 3135 igitur
2554 3066 2951 3121 dubitationum
3020 3076 3265 3132 tuarum,
3309 3086 3443 3137 quas

1883 3156 2165 3224 postulasti
2198 3157 2522 3226 .perspicuas
2568 3157 2886 3225 solutiones,
2931 3173 3129 3227 easque
3159 3162 3443 3213 commodo

1885 3248 1937 3301 in
1972 3258 2213 3318 tempore
2239 3251 2591 3319 personisque
2618 3249 2827 3305 idoneis
2856 3259 3014 3305 utens
3048 3265 3224 3305 serva.
3259 3251 3323 3305 Et
3354 3268 3445 3304 nc-

1880 3340 2003 3393 cubi
2028 3342 2097 3392 in
2142 3340 2227 3393 bis
2279 3340 2499 3404 labaris,
2527 3342 2610 3394 vel
2648 3344 2773 3411 quia
2805 3341 3031 3395 incuria.
3060 3382 3073 3395 .
3100 3381 3114 3395 .
3159 3339 3349 3396 Valere
3390 3352 3443 3395 te

1880 3431 2061 3499 cupio,
2094 3432 2313 3503 jugique
2344 3435 2627 3490 sanctitate
2653 3452 2715 3489 ac
2734 3435 2942 3503 iustitia
2963 3449 3173 3489 sacrum
3202 3444 3440 3489 vestrum

1882 3536 2067 3593 regere
2089 3536 2326 3592 gregem,
2356 3532 2518 3590 atque
2560 3537 2591 3575 a
2629 3522 2804 3577 noxiis
2844 3522 3039 3576 anima:
3072 3521 3215 3576 vitiis
3254 3521 3441 3590 procul

1879 3620 2126 3667 avertere
2175 3612 2321 3665 Finis
2346 3614 2719 3680 capitulorum.

220 3707 332 3777 μὴν
365 3708 425 3759 ὲν
486 3706 724 3775 ὁσιότητι
788 3704 881 3757 καὶ
942 3700 1257 3772 δικαιοσύνῃ
1318 3700 1379 3753 τὸ
1422 3699 1564 3770 ἱερὸν
1606 3701 1760 3769 ὑμῶν
1802 3704 2125 3774 ποιμένοντα
2178 3705 2444 3776 ποίμνεον,
2502 3705 2595 3760 καὶ
2652 3704 2759 3758 τῶν
2820 3704 3202 3775 ψυχολετήρων
3255 3702 3441 3758 παθιῖιν

212 3798 567 3872 διατηρῐῆσαι
610 3795 1005 3870 ποῤῥώῂερον.
1033 3825 1102 3836 -
1143 3796 1320 3861 Τέλος
1357 3792 1487 3848 τῶν
1511 3796 1873 3864 κεφαλαίων.

853 3924 1379 4001 EPISTOLIE
1435 3921 1961 4002 CANONICJE
2027 3927 2157 4000 Al)
2236 3925 2815 4004 EPISCOPOS.

818 4057 1041 4112 ΕΠΙΣΤ.
1078 4053 1177 4108 19'.

2468 4059 2682 4115 EPIST.
2725 4055 2863 4113 XIX.

1442 4145 1583 4196 Edita
1611 4159 1638 4195 a
1668 4147 1962 4200 Montacutio
1993 4153 2061 4214 (p.
2096 4150 2224 4214 585).

287 4265 477 4319 Πάντα
522 4263 620 4332 τῆς
670 4257 825 4329 ὑμῶν
876 4254 1264 4327 ἀρχιερατικῆς
1308 4254 1643 4324 τελειότητος
1690 4255 1783 4309 καὶ

1956 4258 2154 4314 Omnia
2180 4265 2374 4321 vestra:
2400 4255 2697 4315 sacerdotis
2727 4254 2926 4310 summi
2991 4252 3338 4324 perfectionis
3385 4264 3441 4305 ct.

214 4354 599 4427 πνευματικῆς
626 4351 821 4422 σοφίας
850 4350 1034 4419 γέμει,
1070 4347 1286 4415 καὶτῆς
1324 4346 1604 4415 πολιτικῆς
1630 4347 1782 4401 εὐνο-

214 4450 352 4520 μίας
393 4463 460 4517 τῃ
489 4442 744 4515 ἀκριϐείᾳ
775 4439 1169 4507 συγκέκραται.
1199 4437 1273 4489 Τό
1300 4454 1357 4489 τε
1380 4436 1487 4507 γὰρ
1511 4437 1592 4500 είς
1656 4453 1781 4489 συν-

211 4539 404 4609 οδικὴν
431 4538 610 4607 κρίσιν
638 4535 866 4602 ἀγαγεῖν
896 4531 933 4584 ἂ
970 4529 1338 4601 προύϐάλλετο
1369 4530 1467 4599 τὴν
1500 4529 1781 4599 amoma-,3-

209 4646 404 4702 τησιν’
442 4632 535 4683 καὶ
563 4628 624 4680 τὸ
657 4628 730 4697 μὴ
752 4624 927 4695 οἰκείᾳ
957 4623 1116 4693 ῥώμῃ
1147 4622 1245 4690 τῆς
1267 4621 1556 4685 συνέσεως,
1585 4620 1784 4691 καίπερ

215 4724 424 4786 ἱκανῶς
448 4722 647 4794 ἐχούσῃ
676 4721 769 4773 καὶ
795 4716 1162 4771 πολυπλάσιον
1198 4714 1361 4784 βάρος
1391 4714 1602 4785 ἀνέχειν
1624 4713 1783 4785 ὀχλήο

216 4832 381 4869 σειιιιν⁸
430 4817 524 4869 καὶ
551 4815 631 4878 τὸ,
669 4812 933 4883 πρότερον
963 4808 1061 4872 τὰς
1106 4807 1428 4874 ὲγκολπίους
1455 4806 1786 4874 φιλονεικίας

1881 4351 2187 4424 spiritualis
2219 4348 2505 4421 sapientiae
2538 4347 2694 4417 plena
2726 4355 2875 4412 sunt,
2907 4361 3031 4402 cum
3081 4353 3269 4400 exacta
3301 4344 3434 4398 civi—

1881 4444 2013 4499 lium
2063 4456 2247 4497 rerum
2304 4442 2408 4496 rite
2472 4438 3016 4501 administrandarum
3066 4436 3257 4507 peritia
3304 4450 3434 4489 enn-

1881 4534 2104 4604 junctae.
2140 4529 2274 4586 Nam
2304 4540 2360 4585 et
2398 4544 2461 4584 ea
2508 4544 2628 4599 qua:
2694 4527 3137 4598 proponebantur
3164 4525 3230 4579 ad
3250 4524 3431 4578 disce-

1886 4625 2208 4696 ptationem,
2232 4622 2298 4678 ad
2333 4620 2647 4693 synodicum
2672 4619 2936 4690 judicium
2966 4617 3189 4680 referre,
3215 4628 3317 4668 nec
3345 4627 3433 4667 so-

1888 4716 2062 4771 lertiae
2104 4731 2215 4771 sum
2254 4713 2436 4769 robori
2475 4711 2659 4777 ﬁdere,
2692 4709 2939 4781 quamvis
2979 4705 3265 4764 sulﬁcienti
3297 4704 3439 4757 mul«

1892 4806 2059 4876 tiplex
2113 4805 2455 4876 negotiorum
2523 4803 2735 4873 pondus
2791 4800 3082 4861 sustinere,
3135 4806 3191 4850 et
3246 4794 3438 4863 sopitis

212 4906 635 4977 διαλυσάμενον,
667 4905 805 4957 οὕτω
842 4904 1040 4972 χωρεῖν
1073 4899 1168 4953 ἐπὶ
1200 4899 1298 4967 τὴν
1326 4898 1505 4969 κρίσιν
1530 4897 1638 4951 τῶν
1663 4896 1783 4962 ἔξω·

1891 4896 2127 4967 primum
2160 4892 2433 4949 intestinis
2483 4891 2934 4951 dissensionibus,
2984 4889 3057 4943 ita
3097 4887 3312 4941 demum
3372 4884 3439 4936 ad

1487 5009 1719 5065 VARle
1751 5008 2043 5065 LECTION
2053 5007 2152 5062 ES.

291 5127 316 5157 ο
355 5118 414 5173 ln
437 5117 792 5189 sequentibus
816 5114 1025 5171 lacunis
1054 5112 1142 5166 vix
1166 5109 1266 5166 tria
1297 5107 1557 5164 vocabula
1589 5106 1890 5169 amisimus,
1920 5120 2039 5175 qua:
2076 5103 2179 5174 legi
2204 5112 2483 5173 nequeunt
2516 5101 2567 5153 in
2600 5100 2909 5154 oblitterato
2940 5097 3144 5151 codice.

1719 5222 1950 5279 NOTAE.

216 5334 362 5403 apud
402 5329 736 5404 Beverigium
794 5336 926 5381 tom.
977 5324 1044 5389 11,
1097 5341 1148 5394 p.
1197 5324 1264 5404 70
1298 5336 1415 5391 sqq.
1454 5320 1519 5373 Et
1550 5318 1781 5404 ’qnidem

214 5401 334 5463 eas,
382 5412 606 5468 excepto
664 5401 892 5452 fortasse
949 5401 1257 5469 necessario
1312 5408 1462 5469 casu,
1516 5401 1781 5469 sanctiora

216 5459 473 5540 rnySteria
512 5459 776 5540 attigisse,
813 5477 972 5536 negat
999 5480 1122 5519 cum
1150 5465 1387 5540 Blastare
1421 5460 1689 5540 Arcudius
1716 5459 1784 5540 de

216 5529 340 5600 or'd.
370 5558 488 5611 cap.
532 5529 933 5611 lOfLegenduvs
960 5551 1175 5611 quoque
1224 5532 1450 5611 Goarins
1473 5532 1541 5611 ad
1568 5529 1781 5611 enchol.

217 5632 273 5683 p.
309 5613 413 5683 2H)
438 5601 559 5683 'sq.'
607 5601 816 5683 necnon
849 5607 923 5659 lo.
952 5601 1142 5683 finitis
1166 5605 1217 5657 in
1241 5601 1781 5683 peculiaritractatu.

219 5670 296 5737 ile
335 5670 651 5735 diaconissis
689 5670 1406 5750 denique__brevia_qu§edam
1439 5670 1778 5750 collectanea

219 5754 439 5821 reliquit
469 5766 596 5804 mss.
626 5738 892 5821 .losephns
918 5745 1118 5815 Regius
1139 5738 1405 5797 vaticanee
1438 5738 1779 5821 l)_ibliotlieca:

219 5808 352 5879 ante
396 5823 494 5875 bos
543 5836 712 5874 annos
755 5808 1059 5888 pra-fectus,
1104 5830 1222 5883 qua:
1278 5828 1383 5865 non
1440 5812 1554 5865 sine
1600 5808 1777 5875 aliquo

1889 5316 2063 5371 fructu
2092 5315 2361 5385 leguntur.
2384 5313 2459 5365 De
2484 5308 2724 5365 diaeonis
2746 5306 2836 5385 qui
2854 5308 3185 5385 Ain-carceres
3213 5302 3282 5385 ad
3306 5320 3442 5378 mur-

1890 5398 2033 5456 tyres
2064 5371 2522 5456 submittebantur
2550 5388 2727 5456 exstat
2764 5371 2970 5456 Natalis
3002 5371 3285 5456 Menandri
3337 5374 3441 5423 μιν

1888 5444 2108 5511 sertatio
2147 5456 2204 5508 in
2242 5454 2502 5507 Thesauro
2541 5447 2695 5501 theol.
2732 5458 2863 5519 tom.
2894 5446 2987 5503 XI.
3016 5460 3075 5519 p.
3307 5511 3316 5519 ο

1962 5527 2073 5595 (17)
2093 5526 2169 5579 lla
2199 5523 2448 5595 modeste
2461 5528 2632 5573 semet
2659 5516 2928 5595 appellare
2953 5516 3127 5595 solent
3148 5511 3320 5595 Grreci
3350 5526 3442 5576 μι-

1892 5582 2138 5649 ιτίἶιι-ρίιίθ
2190 5596 2245 5647 in
2284 5590 2612 5662 synodorutn
2663 5582 2796 5662 artis
2847 5585 2988 5662 apud
3039 5582 3442 5635 Leunclavinm.

1887 5666 2063 5721 Latini
2097 5675 2277 5719 autem
2306 5657 2447 5730 swpe
2478 5669 2701 5730 utuntur
2732 5657 2968 5710 dictione
3000 5662 3175 5730 nostra
3204 5664 3447 5701 mansne-

1889 5738 2033 5803 tudo,
2063 5752 2186 5793 cum
2221 5724 2404 5788 Graeca
2444 5728 2627 5799 phrasi
2656 5730 2822 5783 ferme
2855 5724 3245 5780 consuirantes.
