4004 6470
542 416 646 479 783

1700 408 1957 468 PIIOTII
1995 408 2491 469 PATRIARCH/E
2528 410 2633 471 CP.

3661 416 3771 477 78$

540 544 607 583 ea
637 542 757 597 qua:
784 531 935 582 extra
968 532 1096 579 sunt
1126 522 1463 593 dijudicanda
1491 522 1807 591 procedere,
1834 523 2104 591 quomodo

2207 522 2327 585 θεν,
2371 522 2487 586 πῶς
2524 528 2624 576 οὑκ
2662 522 2777 576 ἐστι
2805 523 2906 592 μὲν
2943 523 3091 588 Θείας
3119 525 3307 594 σοφίας
3330 524 3771 599 ἀπευθυνομένου

542 637 657 675 non
684 622 804 689 ejus
834 619 903 672 sit
933 617 1024 688 qui
1054 617 1121 671 ad
1164 616 1361 671 divime
1410 614 1694 685 sapientiaz
1748 615 1985 684 regulam
2044 629 2103 669 se

544 709 863 781 comparet?
894 709 1139 773 Quatuor
1175 706 1337 776 igitur
1371 706 1528 759 initio
1557 707 1739 760 statim
1770 707 1837 761 ad
1875 721 2103 761 examen

544 800 803 873 propositi
831 798 1149 869 presbyteri,
1187 808 1334 853 recte
1367 798 1549 851 statim
1592 812 1658 851 cx
1689 797 1838 867 justo
1866 799 2098 863 calculo,

544 896 614 949 ab
660 895 847 963 iniqua.
892 901 946 947 et
1005 900 1203 961 praeter
1258 889 1523 944 rationem
1597 890 1829 959 irrogata
1876 905 2106 945 censura

544 986 773 1041 absoluti
822 992 989 1049 sunt;
1038 994 1093 1038 et
1121 982 1373 1037 vecordia
1402 982 1789 1036 irrationabilis
1817 984 1872 1038 in
1905 983 2105 1051 justam

545 1077 867 1132 sententiam
898 1074 1142 1145 impegit.
1189 1073 1308 1127 Non
1364 1074 1509 1128 enim
1563 1074 1645 1127 fas
1698 1084 1799 1139 est,
1842 1090 1955 1129 non
2000 1083 2104 1139 est,

545 1168 786 1237 inquam,
829 1166 931 1229 tas,
997 1181 1067 1221 ex
1125 1166 1471 1220 accusatione
1523 1166 1655 1230 sola,
1689 1166 1804 1221 sive
1833 1166 2105 1237 exiguum,

540 1262 656 1315 sive
699 1276 974 1331 magnum,
1030 1260 1146 1314 sive
1192 1260 1357 1314 etiam
1400 1258 1694 1313 maximum
1764 1260 1967 1314 crimen
2014 1261 2105 1322 sit,

541 1354 697 1422 cujus
756 1353 986 1407 intentio
1048 1351 1564 1407 demonstrationem
1615 1367 1724 1405 non
1773 1352 1983 1416 habeat,
2037 1354 2108 1409 ob

543 1445 673 1499 illud
740 1445 825 1497 vel
905 1445 1239 1499 sacerdotem
1301 1444 1470 1514 gradu
1542 1446 1770 1511 moveri,
1839 1446 1923 1498 vel
1968 1445 2107 1499 irro—

543 1537 656 1607 gari
700 1550 1010 1591 censuram.
1038 1535 1263 1590 Multum
1320 1550 1452 1589 sane
1508 1536 1697 1591 lucrati
1752 1546 1936 1591 essent
1956 1552 2108 1607 syco-

542 1628 776 1698 phauttc,
812 1628 855 1682 si
909 1643 1046 1697 quos
1102 1627 1434 1681 intentorum
1491 1628 1778 1682 criminum
1826 1642 1947 1682 reos
1981 1643 2107 1697 per-

542 1735 702 1790 agere
782 1734 892 1773 non
961 1726 1279 1788 potuerunt,
1361 1733 1548 1772 eorum
1615 1734 1804 1788 pmnas
1872 1720 2106 1789 pendere

543 1813 697 1882 quasi
743 1812 1027 1867 convictos
1066 1810 1334 1865 viderent.
1378 1811 1514 1876 Quis
1542 1811 1688 1864 enim
1727 1810 1903 1865 exitus
1933 1812 2023 1874 sit,
2057 1810 2101 1864 si

544 1906 661 1960 haec
690 1904 828 1958 ratio
862 1903 1123 1966 obtineat,
1163 1917 1270 1972 quo
1300 1903 1575 1957 immerito
1620 1902 1858 1957 accusati
1902 1918 2101 1957 manus

543 1998 1000 2070 sycophantarum
1037 1996 1312 2051 evadant?
1350 1994 1465 2050 Non
1498 1995 1776 2048 convictos
1832 1994 1992 2066 igitur
2034 1995 2103 2049 de

2206 613 2474 685 γνὼμονι;
2512 614 2575 665 Οἰ
2618 614 2721 684 μὲν
2750 609 2845 668 οὖν
2874 615 2954 677 είς
2993 614 3243 680 ἐξέτασιν
3274 619 3396 670 κατ’
3429 618 3603 687 ἀρχὰς
3632 635 3771 689 προο

2206 703 2450 768 τεθέντες
2485 704 2758 775 ,τέσσαρες
2800 704 3183 775 πρεσϐύτεροι,
3228 706 3408 770 καλῶς
3457 707 3638 771 εὐθὺς,
3672 709 3771 776 τῆς

2204 798 2435 866 ἀλόγου,
2491 798 2583 851 καὶ
2636 796 2771 851 πολὺ
2826 798 2886 851 τὸ
2943 799 3125 853 ἄδικον
3197 800 3430 871 ἐχούσης
3490 801 3773 871 ἐπιτιμίας

2206 889 2547 959 ἀθωωθῆναι,
2584 888 2800 942 δικαίαν
2835 889 3015 961 ψῆφον
3042 892 3336 947 ἀπέλαϐον.
3364 894 3471 945 Καὶ
3498 894 3656 948 ἄνοια
3686 912 3773 957 τις

2206 980 2483 1049 ἀλόγιστος
2504 984 2568 1052 τῇ
2592 981 2780 1052 δικαίᾳ
2797 982 2960 1053 ψήφῳ
2976 984 3355 1053 ἀντέκρουσεν.
3376 986 3449 1037 Οὑ
3468 986 3575 1055 γάρ
3598 986 3766 1047 ἐστιν,

2205 1072 2306 1122 οὑκ
2346 1070 2492 1123 ἔστιν
2539 1072 2603 1124 ἐκ
2644 1072 2976 1143 κατηγορίας
3041 1074 3230 1145 μόνης,
3272 1075 3374 1127 κᾶν
3423 1076 3636 1145 μικρὸν,
3670 1079 3770 1130 κᾶν

2210 1162 2375 1233 μέγα,
2406 1162 2508 1217 κᾶν
2531 1164 2638 1217 τῶν
2658 1164 2931 1234 μεγίστων
2977 1166 3062 1235 εἴη
3104 1166 3165 1219 τὸ
3194 1165 3445 1235 αἰτίαμα,
3470 1169 3607 1238 μηδὲ
3641 1172 3769 1239 μιᾶς

2207 1254 2535 1319 ἀποδείξεως
2578 1258 2643 1325 τῇ
2687 1256 2837 1326 αἰτίᾳ
2889 1258 3287 1328 περιτεθείσης,
3332 1260 3597 1328 οὐμενοῦν
3648 1262 3769 1315 οὗτε

2210 1346 2359 1417 ἰερέα
2384 1346 2480 1400 τοῦ
2521 1348 2721 1401 οἰκείου
2754 1347 2964 1419 βαθμοῦ
3010 1353 3432 1423 παρενεχθῆναι,
3472 1353 3599 1406 οὔτε
3652 1357 3767 1409 τινὰ

2206 1440 2487 1509 ἐπιτιμίαν
2530 1440 2696 1511 ἄλλην
2747 1443 3162 1515 εἰσπραχθῆναι.
3214 1446 3370 1499 υῦτω
3426 1447 3536 1516 γὰρ
3564 1448 3649 1516 είη
3705 1451 3769 1502 ἂν

2210 1530 2351 1599 μέγα
2378 1531 2565 1602 κέρδος
2586 1536 2696 1595 τοῖς
2734 1536 3113 1604 συκοφάνταις,
3143 1537 3225 1589 ὅτι
3268 1536 3362 1589 καὶ
3402 1537 3478 1607 μὴ
3520 1538 3769 1601 λαϐόιτες

2207 1618 2287 1687 οἷς
2318 1623 2547 1695 ᾐτιῶντο
2562 1626 2688 1689 τοὺς
2714 1626 3009 1689 ἀναιτίους,
3058 1628 3135 1689 ὡς
3174 1628 3479 1692 ἑαλωκότας
3515 1627 3653 1683 εἶδον
3675 1631 3767 1699 τὴν

2206 1714 2360 1785 δίκην
2390 1715 2809 1784 ἀπαιτηθέντας.
2834 1718 2943 1770 Καὶ
2968 1718 3052 1779 τίς
3082 1717 3148 1769 ἂν
3177 1718 3426 1789 εὑρεθείη
3454 1720 3645 1789 πόρος,
3674 1723 3767 1788 τῆς

2209 1806 2517 1874 παραλόγου
2553 1807 2759 1878 ταύτης
2786 1811 2959 1880 φορᾶς
2989 1810 3351 1881 κυρωθείσης,
3385 1812 3453 1863 δι’
3485 1807 3546 1866 οὗ
3574 1814 3637 1867 τὸ
3664 1816 3766 1883 μά-

2204 1916 2305 1969 την
2332 1900 2807 1970 κατηγορούμενον
2842 1901 2942 1964 τὰς
2966 1902 3136 1964 λαϐὰς
3167 1903 3276 1956 τῶν
3321 1908 3763 1974 συκοφαντησὼδ-

2202 2008 2309 2043 των
2348 1991 2728 2059 διαφεύξεται;
2756 1994 2894 2057 Τοὺς
2917 1988 3013 2047 οῦν
3053 1994 3138 2062 ἐφ’
3194 1990 3276 2057 οἷς
3313 1997 3764 2067 κατηγορήθησαν

544 2089 627 2144 eis
689 2103 919 2157 quorum
990 2088 1407 2148 accusabantur,
1474 2086 1824 2139 mediocritas
1892 2095 2101 2152 nostra,

2207 2084 2278 2150 μὴ
2303 2081 2674 2151 ἐλεγχθέντας,
2699 2083 2907 2147 ἀθὼους
2935 2086 3070 2148 τέως
3099 2087 3132 2155 ἡ
3162 2088 3193 2155 ἡ
3204 2085 3319 2156 μῶν
3351 2090 3664 2159 μετριότης,
3692 2091 3762 2153 ὡς

541 2180 842 2237 secundum
872 2188 1105 2234 vestram
1141 2193 1261 2247 quae
1282 2178 1350 2231 ab
1401 2178 1558 2231 initio
1588 2176 1851 2247 processit
1875 2187 2103 2232 senten-

544 2271 674 2327 tiam
705 2309 721 2335 ,
771 2270 949 2325 omnis
1012 2269 1479 2325 condemnationis
1533 2269 1802 2322 immunes
1856 2268 2101 2323 dimittit.

542 2360 644 2430 Qui
675 2373 856 2419 autem
915 2362 1138 2417 intentis
1188 2361 1507 2416 criminibus
1551 2361 1721 2414 teneri
1760 2360 2098 2430 {deprehensi

542 2465 691 2520 sunt,
745 2455 861 2510 sive
898 2454 1206 2516 Saeculares,
1240 2453 1353 2508 sive
1405 2453 1460 2507 in
1520 2453 1708 2507 eadem
1762 2468 1923 2507 causa
1981 2468 2102 2508 ver-

541 2555 731 2603 santes
765 2546 1088 2618 presbyteri,
1123 2546 1222 2600 hos
1260 2560 1504 2600 censura:
1530 2544 1597 2598 ad
1641 2554 1856 2612 tempus
1882 2542 2099 2599 inﬂicta:

540 2638 754 2708 subjici,
786 2638 1072 2709 siquidem,
1091 2645 1151 2692 ut
1170 2636 1645 2701 diximus,crimen
1675 2643 1862 2689 notum
1891 2633 2094 2689 factum

542 2730 633 2795 sit,
665 2728 827 2785 etiam
858 2745 959 2785 nos
983 2728 1421 2799 pronuntiamus.
1471 2726 1679 2792 Quibus
1724 2734 1903 2781 autem
1956 2725 2103 2779 nulla

543 2822 751 2879 indulta
778 2830 862 2876 est
887 2821 1066 2885 venia,
1095 2820 1161 2875 de
1190 2820 1271 2875 eis
1296 2834 1405 2874 non
1436 2818 1701 2874 habemus
1729 2816 2102 2888 quodjudice-

542 2927 683 2976 mus,
709 2911 909 2981 quibus
929 2910 996 2965 de
1034 2910 1263 2965 crimine
1310 2925 1418 2963 non
1451 2916 1684 2963 constat.
1734 2906 1807 2961 De
1845 2908 2104 2978 episcopo

543 3012 722 3059 autem
772 3001 896 3065 hoc,
946 3002 1241 3056 secundum
1291 3001 1585 3065 rationem,
1642 3009 1699 3053 et
1741 3013 2001 3059 canones.
2050 3008 2104 3054 et

543 3110 794 3161 examen,
825 3103 880 3150 et
910 3094 1155 3149 terminis
1187 3092 1452 3164 processit
1478 3091 1765 3146 examinis.
1789 3090 1899 3146 Nos
1918 3101 2101 3146 autem

2204 2175 2353 2244 καὶὴ
2383 2175 2502 2228 κατ’
2554 2176 2729 2245 ἀρχὰς
2768 2177 2919 2247 ὑμῶν
2984 2178 3321 2250 προελθοῦσα
3350 2181 3555 2250 ψῆφος,
3586 2184 3761 2253 πάσης

2204 2268 2499 2337 καταδίκης
2538 2269 2784 2338 ἀφίησιν.
2816 2272 2970 2323 Ὅσοι
3001 2271 3057 2324 δὲ
3084 2275 3197 2337 τοῖς
3226 2272 3570 2344 ἐγκλήμασιν
3595 2276 3758 2328 ἑαλω-

2204 2359 2358 2421 κότες
2410 2360 2700 2428 κατάδηλοι
2757 2363 3147 2433 καθεστήκασι,
3195 2364 3323 2429 τούς
3357 2382 3419 2419 τε
3470 2368 3759 2437 κοσμικούς

2205 2467 2368 2519 φημι,
2400 2452 2494 2503 καὶ
2534 2454 2661 2516 τοὺς
2708 2454 2806 2506 σὺν
2848 2454 3032 2518 αὐτοῖς
3060 2456 3419 2524 ἐταζομένους
3467 2458 3761 2528 πρεσϐυτέ-

2208 2555 2354 2607 ρους,
2386 2539 2605 2603 τούτους
2655 2541 2942 2609 φυλάττειν
2986 2544 3047 2596 τὸ
3101 2545 3437 2618 πρόσκαιρον
3467 2548 3760 2618 ἐπιτίμιον,

2206 2630 2272 2683 ἂν
2300 2632 2374 2694 ὡς
2428 2631 2659 2701 ἔφημεν,
2708 2634 2946 2701 γνωστὸν
3000 2636 3238 2707 κατέστη
3281 2637 3343 2690 τὸ
3390 2639 3641 2707 αἰτίαμα,
3672 2643 3761 2691 καὶ

2205 2722 2364 2791 ἡμεῖς
2390 2724 2818 2794 ἀποφαινόμεθα.
2856 2726 2991 2795 Περὶ
3022 2727 3078 2779 δὲ
3105 2725 3178 2781 ὧν
3208 2729 3434 2800 οὐδεμία
3464 2731 3757 2801 συγγνώμη

2205 2814 2433 2884 προέϐη,
2462 2814 2616 2868 οὐδὲν
2639 2816 2771 2885 ημῖν
2801 2817 3132 2887 παρίσταται
3163 2821 3347 2887 φάναι,
3395 2821 3592 2891 ἀδήλου
3634 2825 3761 2890 ἡμῖν

2208 2904 2601 2977 καθεστηκότος
2621 2907 2716 2961 τοῦ
2747 2908 3099 2980 ἀδικήματος.
3136 2912 3246 2964 Καὶ
3294 2912 3425 2982 περὶ
3468 2915 3759 2966 ἐπισκόπου

2203 2998 2261 3051 δὲ
2291 2998 2466 3062 τοῦδε,
2501 2998 2796 3063 ἀξιολόγως
2832 3002 2949 3070 μὲν,
2999 3003 3091 3054 καὶ
3124 3004 3448 3069 κανονικῶς,
3480 3007 3574 3057 καὶ
3616 3006 3762 3074 ﬁgi}-

2204 3106 2379 3160 τησις,
2411 3090 2503 3142 καὶ
2528 3092 2588 3144 τὸ
2621 3091 2791 3162 πέρας
2818 3092 3054 3163 προῆλθε
3090 3094 3187 3163 τῆς
3231 3096 3550 3160 ἐξετάσεως.
3593 3096 3763 3165 Ἥμᾶς
3794 3124 3803 3139 ο

544 3187 611 3241 ad
656 3186 1154 3241 consternationem
1213 3200 1324 3239 non
1386 3183 1573 3238 mirari
1625 3199 1733 3238 non
1789 3198 2099 3253 possumus,

2207 3179 2261 3232 δέ
2307 3181 2618 3251 ἐκπλήξεως
2645 3182 2969 3253 παρέπεμψε
3014 3183 3269 3254 θαύματι,
3302 3187 3451 3250 ὅπως
3491 3188 3762 3249 παντελῶς
3800 3178 3803 3189 ’

542 3294 704 3350 quam
734 3292 954 3348 prorsus
996 3276 1174 3331 alieno
1200 3291 1229 3330 a
1265 3277 1517 3345 przesenti
1577 3289 1842 3330 sermone
1875 3274 2105 3328 Amasize

548 3370 804 3426 antistitis
834 3369 1026 3423 littera:
1049 3377 1106 3423 et
1137 3376 1365 3421 narrent
1398 3375 1454 3421 et
1490 3367 1803 3437 subjiciant.
1829 3366 1965 3421 Nam
2006 3367 2106 3421 ali-

541 3478 703 3533 quem
725 3477 787 3516 ex
810 3460 1116 3515 testimonio
1141 3458 1415 3521 ordinare,
1443 3456 1657 3512 etiamsi
1686 3458 1940 3529 indignus
1960 3468 2108 3529 post-

544 3568 608 3609 ea
655 3552 1112 3624 deprehendatur,
1171 3550 1511 3605 ordinantem
1577 3550 1749 3619 eulpae
1810 3550 2105 3605 obnoxium

545 3660 651 3700 non
706 3643 901 3699 reddit.
936 3641 1099 3712 Atqui
1141 3640 1281 3695 nihil
1307 3640 1413 3695 tale
1472 3640 1591 3695 ista:
1630 3640 1829 3693 littera:
1882 3639 2107 3693 demon-

547 3737 813 3798 strabant,
841 3734 972 3804 quin
997 3734 1117 3804 ejus
1138 3731 1472 3787 contrarium
1522 3731 1835 3785 narrabant.
1881 3729 2106 3785 Rectum

544 3838 725 3883 autem
755 3829 880 3891 erit,
922 3827 1112 3881 adesse
1141 3835 1198 3880 et
1227 3839 1322 3879 eos
1348 3823 1440 3893 qui
1476 3822 1656 3877 testati
1687 3830 1836 3885 sunt,
1867 3836 1990 3875 cum
2020 3836 2107 3873 or-

545 3920 881 3976 dinationern
934 3918 1027 3989 qui
1064 3917 1343 3971 incusatur
1373 3913 1637 3984 suscepit,
1682 3922 1743 3967 ut
1792 3912 2108 3966 innocentes

546 4018 602 4064 et
650 4007 934 4077 inculpati,
985 4005 1153 4060 etiam
1224 4004 1462 4073 iniquius
1520 4018 1646 4073 erga
1712 4001 2107 4055 absolutionem

547 4104 776 4157 fratrum
814 4098 1049 4162 atIectis,
1094 4105 1151 4150 et
1180 4095 1407 4150 omnino
1434 4094 1562 4147 odio
1609 4091 1955 4153 habentibus,
2014 4091 2107 4145 de-

550 4194 965 4243 monstrentur:
1017 4193 1075 4239 et
1119 4183 1216 4238 Dei
1273 4183 1548 4248 sacerdos,
1597 4182 1653 4235 in
1710 4181 1883 4235 nihilo
1914 4196 2105 4234 eorum

546 4296 667 4351 quat
689 4277 921 4333 antistiti
953 4276 1309 4340 conveniunt,
1362 4274 1771 4329 innovationem
1816 4274 2105 4326 sustineat.

547 4374 878 4446 Synodicum
900 4379 1082 4425 autem
1116 4369 1183 4425 de
1204 4368 1612 4439 dispensatione
1650 4366 1935 4436 scriptum,
1959 4365 2103 4434 quod

544 4466 1012 4535 archiepiscopum
1035 4462 1309 4517 Caesarea:
1344 4459 1661 4529 inscriptum
1711 4457 1895 4523 habet,
1933 4464 1988 4513 et
2039 4470 2105 4510 ex

2205 3272 2461 3343 ἀλλότρια
2485 3277 2583 3345 τῆς
2606 3275 2889 3347 παρούσης
2918 3277 3220 3347 διηγήσεως
3249 3280 3309 3335 τὸ
3332 3280 3428 3332 τοῦ
3472 3281 3531 3333 Ἀ
3544 3280 3764 3349 μασείας

2203 3366 2437 3436 γράμμα
2466 3367 2561 3419 καὶ
2587 3368 2889 3439 ἀπήγγειλε
2915 3370 3008 3422 καὶ
3037 3370 3341 3425 ὑπετίθετο.
3372 3373 3447 3425 Τὸ
3479 3373 3591 3443 γὰρ
3630 3373 3763 3443 μετὰ

2208 3456 2499 3528 μαρτύρων
2521 3461 2893 3531 χειροτονῆσαι
2915 3480 3057 3526 τινα,
3092 3464 3194 3517 κᾶν
3217 3462 3444 3535 ὕστερον
3467 3467 3497 3517 ό
3541 3484 3765 3536 χειροτο-

2205 3545 2387 3614 νηθεὶς
2406 3548 2622 3612 ἀνάξιος
2653 3550 2988 3622 ἀπελεγχθῇ,
3014 3553 3164 3605 οὐδὲν
3187 3554 3472 3625 πρόκριμα
3497 3556 3573 3624 τῷ
3596 3572 3767 3626 χειρο-

2203 3638 2485 3707 τονῆσαντι
2512 3639 2740 3706 γίνεται.
2774 3634 2875 3694 Ὦν
2902 3644 3053 3696 οὐδὲν
3103 3644 3163 3696 τὸ
3193 3646 3431 3715 γράμμα
3479 3647 3760 3717 ὑπεδήλου,

2204 3729 2338 3782 ἀλλὰ
2366 3731 2460 3784 καὶ
2488 3732 2746 3787 τάναντία
2774 3734 3067 3806 διήγγειλε.
3106 3738 3282 3791 Καλὸν
3321 3740 3378 3792 δὲ
3406 3742 3760 3811 παρωσιάσαι

2205 3823 2300 3876 καὶ
2329 3823 2526 3888 αὐτοὺς
2552 3828 2675 3890 τοὺς
2706 3828 2804 3898 τὴν
2835 3832 3140 3902 μαρτυρίαν
3172 3832 3526 3902 ὑποσχόντας,
3552 3837 3631 3886 ἱτε
3662 3834 3756 3903 τήν

2204 3915 2538 3985 χειροτονίαν
2559 3919 2587 3971 ὁ
2618 3920 2865 3983 ὑπαίτιος
2892 3923 3171 3993 ἀνεδέχετο
3196 3941 3211 3955 ’
3238 3924 3316 3987 ὠς
3337 3925 3406 3977 ἂν
3436 3926 3757 3995 πανταχόθεν

2203 4007 2263 4059 τὸ
2293 4007 2533 4078 καθαρὸν
2570 4012 2663 4063 καὶ
2684 4012 3071 4081 ἀνεπίληπτον,
3108 4016 3201 4067 καὶ
3226 4018 3335 4078 τοῖς
3358 4017 3763 4086 ἀγνωμονέστε-

2207 4120 2297 4174 ρον
2331 4106 2460 4175 περὶ
2508 4106 2606 4173 τὴν
2652 4106 2900 4161 ἀθώωσιν
2957 4110 3066 4161 τῶν
3114 4110 3358 4179 ἀδελφῶν
3401 4110 3765 4180 διακειμένοις

2205 4196 2503 4258 παντελῶς,
2545 4198 2636 4249 καὶ
2687 4198 2957 4265 μισοῦσιν,
3024 4201 3409 4272 ἀποκαλυφθῇ,
3470 4203 3562 4255 καὶ
3614 4205 3644 4256 ὁ
3677 4202 3766 4254 τοῦ

2205 4286 2339 4338 Θεοῦ
2367 4288 2677 4358 ἀρχιερεὺς,
2704 4293 2751 4342 εἰ
2789 4292 2956 4361 μηδὲν
2981 4293 3088 4345 τῶν
3119 4294 3431 4361 ἀνηκόντων
3454 4293 3766 4363 ἀρχιερεῦσι

2206 4378 2303 4446 τὴν
2337 4381 2680 4449 καινοτιμίαν
2718 4383 2799 4451 εἴη
2848 4383 3107 4447 ὑποστάς.
3144 4383 3217 4436 Τὸ
3254 4384 3309 4436 δὲ
3359 4384 3639 4437 συνοδικδν
3676 4384 3808 4452 τῆςέ

2207 4473 2525 4542 οἰκονομίας
2581 4473 2834 4543 γράμμα,
2864 4474 2891 4527 ὃ
2922 4476 3013 4528 τὸν
3046 4477 3474 4545 ἀρχιεπίσκοπον
3520 4476 3633 4545 ἔχει
3678 4476 3772 4543 τῆς

546 4566 727 4613 mente
758 4562 947 4611 nostra
972 4554 1267 4624 scriptum,
1300 4560 1355 4606 et
1382 4567 1448 4606 ex
1480 4558 1616 4605 nutu
1643 4558 1832 4605 nostro
1878 4550 2101 4603 missum

2216 4562 2549 4631 Καισαρείας
2577 4566 3032 4634 προταττόμενον,
3053 4564 3244 4635 γνώμῃ
3264 4581 3326 4616 τε
3346 4565 3592 4634 ἡμετέρᾳ
3610 4565 3772 4633 ἐγρα-

545 4659 662 4705 est:
700 4662 803 4703 nec
831 4647 1154 4717 quidquam,
1203 4654 1265 4699 ut
1309 4644 1528 4714 opinor,
1587 4643 1675 4697 vel
1720 4653 1917 4712 praeter
1972 4655 2106 4695 con-

544 4740 848 4802 scientiam,
869 4737 955 4792 vel
976 4737 1143 4792 sacris
1174 4735 1405 4806 Spiritus
1432 4734 1639 4805 legibus
1663 4734 1949 4789 adversum
1974 4745 2107 4785 con-

544 4834 701 4888 tinet.
722 4830 910 4902 Magna
940 4830 1087 4884 enim
1118 4837 1201 4884 est
1228 4827 1533 4883 diﬂerentia
1565 4835 1914 4897 peccatorum
1948 4824 2106 4895 igno-

544 4923 754 4988 rantiae,
786 4922 854 4977 ab
890 4920 971 4976 eis
992 4936 1115 4991 quae
1144 4936 1174 4975 a
1220 4920 1520 4975 scientibus
1559 4927 1748 4974 contra
1792 4918 1882 4987 jus
1916 4916 2106 4985 fasque

542 5016 985 5087 proticiscuntur.
1017 5016 1183 5078 Sane,
1210 5013 1555 5069 sacerdotum
1585 5020 1640 5064 et
1660 5010 2103 5064 Christianorum

546 5108 922 5162 defunctorum
979 5107 1222 5178 neglecta
1264 5122 1419 5169 cura,
1475 5114 1530 5159 et
1574 5102 1894 5159 Psalmodize
1930 5116 2106 5167 sacrae

548 5200 821 5253 omissum
873 5198 1114 5253 debitum
1178 5198 1439 5261 oliicium,
1504 5194 1816 5249 necessario
1873 5208 1996 5253 nos.
2038 5194 2107 5248 de

546 5302 737 5346 exacto
762 5306 1037 5346 sacrorum
1081 5305 1289 5346 canone
1314 5289 1379 5343 ad
1413 5287 1465 5343 id
1488 5286 1632 5357 quod
1665 5294 1749 5340 est
1790 5285 2103 5353 benignius,

547 5380 823 5435 remittere
836 5382 1002 5452 cogit.
1024 5380 1131 5435 Sed
1153 5382 1271 5434 haec
1294 5379 1434 5434 forte
1454 5377 1786 5447 superﬂuum
1808 5384 1893 5430 est
1911 5376 2104 5429 scienti

553 5471 756 5526 dicere.
784 5472 1033 5542 Capitula
1061 5481 1242 5525 autem
1272 5469 1607 5524 deﬁnitionis
1639 5479 1698 5523 ut
1727 5468 1947 5523 instanti
1972 5476 2109 5521 tein—

547 5579 679 5633 pore
713 5564 830 5619 ﬁeri
861 5562 1059 5633 potuit,
1112 5560 1333 5615 formari
1370 5560 1730 5616 decrevimus.
1758 5560 1857 5626 Qui
1888 5561 2106 5630 quidem

545 5663 671 5709 ante
700 5670 813 5709 rem
853 5662 1214 5708 contestatam
1245 5652 1474 5722 digamis
1520 5651 1937 5711 benedixerunt,
1994 5662 2105 5704 tum

543 5755 767 5814 prOpter
795 5743 1180 5814 ignorantiam,
1209 5752 1322 5796 tum
1351 5742 1497 5810 quod
1538 5741 1672 5794 nihil
1716 5742 1786 5795 ab
1834 5741 2108 5809 episcopis

543 5837 611 5892 de
630 5838 730 5892 hac
758 5853 816 5893 re
833 5836 1186 5893 constitutum
1213 5835 1397 5903 fuerit,
1428 5849 1600 5903 neque
1626 5834 1842 5891 aliunde
1866 5847 2105 5892 exactam

2213 4668 2309 4721 φη,
2361 4653 2456 4705 καὶ
2489 4654 2555 4706 δι’
2586 4657 2887 4726 ἐπιτροπῆς
2917 4654 3226 4724 ἀπέστάληο
3258 4657 3350 4709 καὶ
3397 4657 3571 4718 οὐδὲν,
3602 4652 3773 4722 οἶμαι,
3822 4683 3839 4691 ρ

2212 4741 2334 4795 οὔτε
2362 4745 2511 4814 παρὰ
2550 4748 2853 4817 συνείδησιν
2878 4747 3012 4818 ἔχει,
3049 4747 3173 4801 οὔτε
3194 4750 3308 4812 τοῖς
3342 4749 3506 4819 ἱεροῖς
3536 4751 3777 4818 naxon:-

2214 4849 2302 4883 vov
2314 4832 2406 4886 τοῦ
2424 4835 2562 4891 Πνεύ
2572 4854 2734 4904 ματος
2754 4836 3006 4908 [νόμοις]
3035 4838 3206 4907 Πολλὴ
3232 4838 3341 4909 γὰρ
3364 4840 3398 4909 ἡ
3418 4837 3647 4910 διαφορὰ
3668 4834 3777 4887 τῶν

2213 4922 2273 4987 ἐξ
2302 4924 2523 4991 ἀγνοίας
2556 4927 2985 4997 ἁμαρτημάτων,
3017 4929 3155 4999 πρὸς
3193 4931 3290 4993 τάς
3332 4931 3392 4982 ὲν
3445 4928 3641 4997 γνώσει
3681 4928 3779 4979 καὶ

2217 5013 2354 5080 μετὰ
2378 5017 2837 5086 καταφρονήσεως
2878 5018 3172 5088 προϊούσαις
3206 5018 3497 5088 ἀθεμίτους
3525 5018 3775 5087 πράξεις.

2213 5104 2325 5157 Καὶ
2359 5104 2544 5174 ἱερέων
2573 5106 2630 5158 δὲ
2650 5106 2743 5159 καὶ
2771 5108 3111 5177 Χριστιανῶν
3148 5112 3525 5180 ἀποιχομένων
3551 5108 3781 5176 οὐδεμία

2215 5197 2457 5267 φροντὶς,
2487 5197 2593 5249 οὐδ’
2638 5198 2960 5267 ὑμνολογίας
3009 5200 3367 5272 ὀφειλομένης
3402 5202 3523 5269 ἱερὰ
3560 5200 3779 5268 τελετὴ,

2214 5286 2332 5348 πῶς
2381 5287 2480 5339 οὑκ
2513 5286 2577 5339 ἂν
2626 5289 2960 5353 ἐκϐιάσαιτο,
3010 5292 3096 5343 ἐπ’
3134 5293 3445 5362 οἰκονομίαν
3471 5332 3485 5354 ,
3528 5291 3637 5343 ἀπὸ
3678 5292 3785 5361 τῆς

2214 5379 2501 5449 ἀκριϐείας
2544 5378 2651 5432 τῶν
2685 5380 2842 5434 θείων
2889 5384 3204 5454 μυστηρίων
3249 5384 3579 5450 ἀποκλίναι;
3636 5382 3788 5435 Ἀλλ’

2217 5471 2345 5531 ῖσως
2377 5470 2550 5523 ταῦτα
2598 5472 2849 5541 περιττὸν
2897 5475 3036 5543 πρὸς
3072 5475 3249 5528 εἰδότα
3307 5476 3503 5543 λέγειν.
3555 5475 3689 5544 Περὶ
3730 5475 3791 5526 δὲ

2214 5563 2322 5615 τῶν
2355 5563 2683 5631 κεφαλαίων,
2738 5567 2920 5618 ἐκεῖνα
2951 5567 3200 5637 τέωςκὼς
3233 5570 3289 5618 ὲν
3322 5567 3496 5637 καιρῷ
3528 5566 3791 5618 κατεπεί-

2216 5672 2363 5722 γοντι
2395 5655 2711 5721 τυπωθῆναι
2739 5655 3080 5729 διέγνωμενέχ
3098 5660 3252 5711 Ὅσοι
3282 5659 3383 5727 μὲν
3408 5659 3513 5727 πρὸ
3542 5657 3641 5727 τῆς
3663 5658 3791 5710 δια-

2219 5745 2526 5815 μαρτυρίας
2570 5748 2696 5808 τοὺς
2740 5746 3002 5813 διγὰμους
3046 5748 3383 5818 ηὑλόγησαν,
3440 5749 3527 5802 διά
3574 5765 3631 5798 τε
3681 5748 3794 5815 τὴν

2218 5836 2459 5903 ἄγνοιαν,
2494 5836 2584 5889 καὶ
2607 5822 2776 5889 δεῖτὸ
2802 5837 2963 5907 μηδὲν
2996 5839 3142 5908 παρά
3167 5838 3274 5892 τῶν
3305 5838 3618 5891 ἐπισκόπων
3647 5839 3789 5903 περὶ
