4044 6424
227 392 342 458 ’185

1383 353 1919 458 EPISTULARUM
1960 399 2189 460 LIBER
2230 403 2277 463 I.

3375 403 3477 464 786

223 508 328 576 τῆς
373 524 628 578 τοιαύτης
670 508 1132 580 ἐξασφαλισθῆναι
1188 509 1460 582 πράξεως,
1519 512 1657 582 μήτε
1693 509 1842 580 μὴν,

1944 530 2177 570 anonum
2205 515 2556 593 disciplinain
2584 517 2862 579 noverint,
2905 524 2961 570 et
3009 524 3294 585 propterea
3343 516 3477 584 lapsi

224 599 339 649 τῶν
389 599 631 653 κανόνων
668 600 966 680 ἀλλαχόθεν
1011 602 1300 675 ἀκρίϐειαν
1338 603 1553 674 μαθεῖν,
1588 604 1684 656 καὶ
1711 601 1802 654 διὰ

225 689 404 744 ταῦτα
431 689 509 762 τῷ
537 692 762 764 τοιούτῳ
805 693 1115 765 ὡλίσθησαν
1155 695 1434 766 πτώματι,
1470 697 1520 750 οἱ
1568 693 1803 749 τοιοῦτοι

227 780 474 848 πάντως,
506 784 556 836 εί
613 786 743 854 μήτι
769 785 918 848 ἄλλο,
975 786 1092 841 ἀλλ’
1141 787 1199 840 ἐν
1232 789 1342 858 ὅσῳ
1388 805 1452 856 γε
1501 787 1680 859 χρόνῳ
1709 785 1804 839 τὸν

227 874 462 944 δίγαμον
517 875 618 946 τῆς
660 881 948 944 κοινωνίας
986 879 1094 934 τῶν
1131 879 1376 951 φρικτῶν
1409 879 1724 951 μυστηρίων
1756 880 1804 931 οἱ

231 967 394 1036 νόμοι
421 966 513 1020 τοῦ
547 969 692 1022 Πνεύ
703 989 871 1039 ματος
905 972 1336 1040 ἀποκωλύουσιν,
1355 973 1412 1024 ἐν
1429 972 1688 1042 τοσούτῳ,
1712 971 1807 1025 καὶ

230 1060 262 1112 ὁ
303 1060 626 1131 παραλόγως
659 1065 758 1136 τὴν
787 1065 1036 1134 εὐλογίαν
1063 1067 1177 1130 τοῖς
1227 1065 1656 1134 συναπτομένοις
1682 1065 1807 1117 ἐπι-

232 1151 437 1218 τεθεὶς,
470 1153 569 1224 τῆς
606 1157 918 1237 ἱερουργίας
933 1158 1374 1237 ἐπισχεθησεται.
1392 1159 1453 1210 El
1478 1160 1552 1229 μή
1586 1175 1670 1221 τις
1699 1158 1808 1228 ἄρα

235 1247 557 1316 κατεπείγει
593 1251 752 1322 χρεία
781 1233 1208 1323 ἀπαίραίτητοῖ
1211 1251 1370 1323 ἄλλη,
1403 1251 1499 1304 καὶ
1531 1249 1809 1315 παντελῶς

236 1338 670 1414 ἀπραγμοσύνη,
709 1345 801 1397 καὶ
840 1344 953 1415 βίος
978 1344 1137 1409 ἄλλος
1167 1346 1442 1418 ἐπίσημος
1468 1345 1566 1398 τοῦ
1595 1344 1806 1414 ἀνδρός.

244 1431 317 1483 ’Ἃ
351 1432 614 1499 πολλάκις
657 1437 809 1508 παρὰ
839 1440 952 1502 τοῖς
977 1438 1261 1509 Πατράσιν
1309 1437 1487 1509 ἡμῶν,
1516 1437 1583 1490 δι’
1610 1437 1814 1489 οἰκονο-

243 1519 399 1590 μίαν,
445 1524 545 1594 τῆς
601 1526 887 1597 ἀκριϐείας
923 1527 1080 1598 ὤφθη
1117 1529 1535 1600 περιγεγονότα,
1587 1528 1681 1580 καὶ
1720 1527 1813 1579 τὸν

239 1614 438 1684 χρόνον
492 1617 593 1686 τῆς
644 1620 927 1689 ἐπιτιμίας
964 1621 1266 1689 συνάγοντα
1305 1621 1441 1690 πρὸς
1475 1621 1535 1674 τὸ
1568 1618 1809 1672 ἔλαττον.

241 1703 497 1780 Γυναῖκα..
513 1709 568 1762 δὲ
603 1712 752 1784 παρὰ
789 1712 887 1780 μὲν
915 1712 1010 1765 τοῦ
1039 1713 1330 1766 θεσπεσίου
1376 1713 1588 1766 Παύλου
1631 1729 1812 1782 μεμακ

244 1796 495 1869 θήκαμεν
548 1802 927 1857 ἀποϐαλοῦσαν
961 1805 1053 1858 τὸν
1090 1805 1280 1873 ἄνδρα,
1312 1805 1586 1876 δευτέροις
1615 1804 1815 1874 γάμοις

1907 607 2038 673 sint,
2090 607 2146 661 lii
2191 609 2438 673 omnino,
2487 608 2531 662 si
2581 607 2719 661 nihil
2765 606 2934 670 aliud,
2979 608 3192 669 saltem,
3238 606 3478 674 quandiu

1909 699 2182 771 digamum
2209 699 2358 768 leges
2385 700 2698 770 spiritnales
2729 699 3139 754 tremendorum
3189 696 3478 767 mysterio-

1911 805 2030 844 rum
2077 790 2464 844 communione
2512 790 2828 860 prohibent,
2887 789 3073 843 tandiu
3122 797 3178 842 et
3209 787 3333 856 ipsi,
3385 785 3479 855 qui

1915 882 2238 953 coniugibus
2279 891 2481 954 praeter
2520 882 2783 937 rationem
2831 881 3269 937 benedictionem
3305 879 3482 949 impo-

1913 984 2160 1039 suerunt,
2211 975 2380 1030 sacris
2435 974 2700 1031 faciendis
2748 974 3122 1030 abstinebunt.
3177 970 3297 1026 Nisi
3359 987 3482 1040 quae

1913 1067 2016 1121 alia
2048 1066 2402 1137 implacabilis
2442 1075 2630 1137 urgeat
2658 1066 2979 1130 necessitas,
3009 1073 3066 1119 et
3101 1061 3329 1118 omnino
3369 1061 3480 1116 vita

1917 1160 2171 1225 hominis,
2201 1169 2312 1214 tum
2348 1159 2660 1230 tranquilla,
2689 1169 2804 1213 tum
2843 1157 3138 1213 notabilis:
3164 1173 3286 1226 quae
3309 1171 3482 1224 saepe-

1916 1266 2146 1306 numero
2173 1251 2317 1320 apud
2344 1251 2530 1305 Patres
2551 1260 2770 1306 nostros
2798 1249 3072 1320 aequitatis
3110 1247 3336 1312 intuitu,
3374 1262 3485 1316 prin

1915 1359 2109 1407 exacto
2140 1365 2347 1405 canone
2377 1349 2680 1404 obtinuisse
2703 1356 2941 1411 constat,
2964 1357 3022 1403 et
3061 1362 3309 1402 censura:
3342 1353 3483 1398 tem—

1920 1459 2023 1514 pus
2063 1442 2432 1498 abbreviasse.
2483 1439 2760 1494 Mulierem
2805 1439 3152 1500 autetn,viro
3203 1437 3484 1492 defuncto.

1919 1539 2171 1595 novimus
2191 1536 2407 1606 quidem
2437 1551 2466 1589 a
2497 1534 2757 1589 divinitus
2783 1534 3050 1604 inspirato
3076 1532 3244 1586 Paulo
3269 1529 3485 1584 veniam

1921 1633 2170 1701 adeptam
2214 1628 2483 1684 secundas
2529 1626 2752 1696 nuptias
2805 1625 3062 1680 adeundi.
3118 1623 3299 1676 Multae
3337 1620 3487 1675 enim

1923 1735 2050 1784 sunt
2068 1724 2352 1778 mulierum
2375 1719 2743 1782 inﬁrmitates,
2765 1734 2886 1787 qua:
2904 1716 3169 1786 pudorem
3195 1713 3488 1777 incutiant,

1923 1830 1991 1884 ad
2028 1837 2273 1882 naturam
2304 1824 2518 1880 virilem
2547 1837 2732 1876 eorum
2762 1819 3188 1874 imbecillitatem
3207 1813 3487 1886 exigendi.

244 1889 506 1959 ὁμιλῆσαι
547 1879 1225 1966 Ἐγγνῖῢμηνλαϐὀῢσαν.
1257 1897 1435 1950 Πολλά
1474 1897 1580 1967 γὰρ
1625 1896 1693 1949 τά
1721 1913 1818 1964 γυ-

1944 1919 2110 1974 ίίτυιιι
2137 1927 2316 1971 autem
2351 1932 2381 1969 a
2406 1913 2710 1970 visceribus
2735 1910 3050 1981 apostolicis
3082 1909 3272 1964 eadem
3306 1904 3492 1961 indul‘

246 1983 464 2034 ναικεῖα
491 1985 922 2057 ἀρρωστήματα,
958 1989 1052 2041 καὶ
1075 1989 1341 2041 δυσωπεῖν
1377 1989 1558 2054 ἱκανὰ,
1585 1989 1659 2058 μὴ
1684 1988 1820 2060 πρὸς
1849 2001 1860 2064 i

245 2071 350 2142 τὴν
374 2073 537 2142 φύσιν
568 2077 675 2130 τῶν
704 2079 914 2150 ἀνδρῶν
944 2081 1039 2152 τὴν
1062 2082 1287 2134 ἐκείνων
1315 2082 1598 2135 ἀσθένειαν
1625 2081 1820 2134 ἐκϐιά-
1852 2067 1858 2134 ⁵.

288 2170 438 2202 εηηηο
500 2170 558 2202 ,Α
572 2170 698 2202 uti...
839 2174 936 2202 ’.ι’-ιι
969 2173 1126 2202 7-..-..
1177 2174 1276 2202 ..ΖΔ
1305 2175 1471 2202 ...ἧ-Ζ-
1499 2173 1697 2202 μελαίνει-ξ

248 2163 462 2227 ζεσθαι.
500 2170 702 2241 Ἀνδρα
735 2171 790 2226 δέ
839 2174 939 2226 οὐκ
969 2173 1126 2244 ἴσμεν
1176 2174 1276 2244 τῆς
1302 2175 1471 2244 αὐτῆς
1498 2173 1822 2242 συγγνώμης

248 2257 408 2310 παρὰ
454 2259 564 2310 τῶν
613 2262 987 2310 ἀποστολικῶν
1024 2263 1322 2310 ἀξιωθέντα
1364 2265 1712 2310 σπλὰνννι.)ν-
1743 2264 1823 2310 διὸ

1944 2197 2012 2252 rel
2060 2197 2266 2256 mitior,
2295 2209 2456 2262 quam
2494 2192 2614 2261 ejus
2656 2190 2746 2259 qui
2771 2188 2909 2241 viro.
2939 2185 3042 2250 Qui
3097 2195 3281 2238 autem
3330 2181 3492 2234 abso-

1993 2309 1998 2310 ,
2187 2296 2198 2307 ο
2398 2303 2408 2310 .
2529 2289 2846 2310 Μήνη-ξι---
2908 2286 3160 2310 ._.-..-.:......
3210 2298 3318 2310 nn“
3364 2281 3464 2310 οἶα-γι

277 2262 408 2326 παρὰ
454 2262 564 2312 τῶν
613 2262 987 2318 ἀποστολικῶν
1024 2263 1322 2329 ἀξιωθέντα
1364 2265 1713 2334 σπλάγχνων,
1743 2264 1823 2316 διὸ
1864 2262 1876 2317 ’.

249 2347 349 2402 καὶ
373 2351 434 2403 τὸ
466 2351 738 2422 ἐπιτίμιον
789 2355 883 2407 τοῦ
919 2355 1016 2424 μὲν
1064 2359 1299 2424 γυναῖκα
1326 2356 1556 2426 δίγαμον
1591 2356 1821 2422 εὐλογή-

255 2456 470 2506 σαντος,
497 2443 528 2512 ἢ
555 2443 664 2496 οὐδ’
688 2445 824 2508 ὅλως
857 2447 890 2516 ἢ
920 2447 1054 2498 πολὺ
1087 2448 1415 2517 κουφότερον
1443 2445 1594 2499 ἔσται
1623 2443 1718 2498 τοῦ
1746 2445 1826 2498 δί-

251 2549 433 2604 γαμον
484 2535 654 2605 ἄνδρα
718 2538 1134 2610 εὐλογήσαντος.
1193 2541 1256 2592 Οἱ
1309 2539 1364 2592 δὲ
1409 2537 1828 2606 άπολελυμένως

253 2627 625 2697 ἁρμοζόμενοι
655 2632 921 2698 γυναιξὶν,
960 2631 1194 2701 ἐπείπερ
1226 2633 1259 2702 ἠ
1293 2631 1490 2701 πρᾶξις
1521 2630 1618 2700 ούχ
1654 2628 1826 2697 ἁπλῆ,

254 2717 381 2772 οὔτε
411 2721 474 2772 τὸ
509 2723 566 2774 ἐν
609 2723 792 2786 αὐτοῖς
839 2725 1114 2794 ἐπιτίμιον
1163 2723 1380 2793 πρόεισι
1423 2723 1692 2793 μονοειδές
1721 2739 1736 2754 ο
1769 2723 1830 2774 οὺ

259 2815 373 2883 μὴν
415 2813 525 2867 οὐδ’
553 2815 603 2867 οί
636 2816 861 2879 τούτους
917 2817 1266 2884 εὐλογοῦντες
1314 2817 1416 2869 ὑπὸ
1445 2817 1574 2886 μίαν
1616 2816 1831 2869 τελοῦσι

256 2905 442 2975 δίκην.
478 2908 640 2962 Ὅσαι
669 2908 770 2978 μὲν
797 2912 1055 2976 γυναῖκες
1093 2909 1441 2978 ἀπελύθησαν
1489 2909 1583 2962 τοῦ
1621 2910 1831 2979 ἀνδρὸς,

258 2999 475 3053 ἐκείνου
504 3001 604 3072 τὴν
635 3000 814 3055 αἰτίαν
863 3003 1304 3076 παρασχομένου,
1339 3001 1425 3070 ἐφ’
1457 2993 1501 3068 ᾧ
1531 3003 1627 3070 τῆς
1677 3019 1835 3070 φυσι-

260 3091 369 3160 κῆς
421 3090 634 3162 ὁμιλίας
691 3093 721 3164 ἡ
771 3091 1026 3145 ἀσθένεια
1073 3093 1499 3163 κατεκράτησεν,
1561 3084 1718 3144 αὗται
1747 3079 1844 3157 δὴ,

261 3179 449 3250 αὗται,
487 3187 536 3237 εἰ
567 3185 667 3255 μὲν
715 3187 1012 3254 σωφρονεῖν
1051 3185 1281 3248 ἕλοιντο,
1317 3185 1476 3237 τοῦτο
1504 3183 1759 3253 ἄμεινον·
1790 3183 1836 3232 εἰ

260 3277 321 3330 δέ
350 3279 444 3332 καὶ
471 3278 622 3349 ἀνδρὶ
652 3278 1023 3333 συνάπτεσθαι
1059 3277 1350 3349 βούλοιντο,
1383 3277 1478 3330 καὶ
1509 3275 1668 3328 τοῦτο
1696 3276 1834 3327 ἀκα-

262 3369 577 3438 τάγνωστον
630 3371 822 3432 αὐταῖς
873 3387 954 3436 τε,
1013 3369 1109 3424 καὶ
1137 3369 1191 3422 εί
1233 3385 1379 3431 τινες
1413 3367 1686 3435 εὑρεθεῖεν
1730 3365 1839 3417 τῶν

266 3460 482 3534 ἱερέων,
507 3463 595 3516 διὰ
624 3463 722 3532 τῆς
741 3461 991 3530 εὐλογίας
1015 3461 1106 3515 τὸν
1127 3461 1302 3531 γάμον
1330 3459 1704 3528 σεμνύνοντες.
1735 3456 1842 3508 Καὶ

261 3557 369 3627 τῆς
403 3556 658 3625 γυναικὸς
687 3555 786 3626 τὴν
821 3553 989 3625 αὐτὴν
1017 3552 1399 3623 παρεχομένης
1423 3550 1622 3613 αἰτίαν,
1653 3543 1720 3618 ἧς
1747 3549 1842 3600 καὶ¹

263 3651 296 3702 ὁ
322 3647 595 3711 διαλυθεὶς
623 3648 761 3718 ἀνὴρ
782 3647 880 3716 τῆς
920 3644 1090 3712 αὐτῆς
1129 3641 1442 3712 ἐλευθερίας
1491 3638 1716 3708 ἠξίωτο,
1750 3638 1846 3691 καὶ

270 3745 307 3811 ἡ
345 3741 525 3810 μικρῷ
571 3739 805 3812 πρόσθεν
855 3740 1122 3808 εἰρημένη
1173 3735 1313 3805 γυνὴ
1360 3731 1677 3787 ἀπολαύσει.
1726 3731 1846 3784 Κᾶν

269 3834 430 3904 παρὰ
457 3834 555 3904 τὴν
587 3832 802 3904 ἡλικίαν
829 3830 885 3884 δέ
917 3847 1062 3893 τινες
1119 3830 1199 3891 είς
1258 3825 1553 3897 μνηστείαν
1597 3823 1846 3886 ἔλθωσιν,

268 3925 399 3982 εἷτα
429 3927 652 3989 τούτους
685 3929 713 3979 ὀ
731 3924 894 3994 νόμος
917 3923 1005 3975 διὰ
1026 3921 1087 3974 τὸ
1117 3920 1436 3991 παράνομον
1477 3917 1574 3971 ἀπ’
1602 3916 1848 3983 ἀλλήλων

269 4019 559 4090 διαστήσῃ,
591 4015 714 4068 οὐδὲ
759 4015 880 4067 τότε
929 4012 1036 4064 οὐδ’
1090 4011 1278 4081 ἕτερον
1331 4008 1442 4062 τῶν
1486 4005 1852 4075 διισταμένων

272 4101 610 4181 προσώπων,
632 4110 692 4162 ἐν
719 4106 891 4176 λαῖκῷ
909 4105 1155 4176 δηλονότι
1171 4100 1563 4172 ἐξεταζόμενον
1585 4099 1850 4169 τάγματι,

273 4205 416 4275 πρὸς
445 4203 632 4273 ἓτερον
666 4201 898 4271 νόμιμον
924 4197 1218 4268 ἐρχόμενον
1249 4195 1426 4265 γάμον
1467 4192 1698 4255 εὐθύνας
1755 4191 1856 4260 ὐφ-

275 4297 416 4362 ἐξει.
467 4294 527 4346 ’0
561 4289 738 4361 δὲτὴν
785 4287 1192 4356 ἐκϐεϐλημένην
1239 4285 1332 4336 ἐπὶ
1363 4284 1578 4355 μοιχείᾳ
1620 4283 1858 4351 γυναῖκα

275 4389 527 4458 θέμενος,
565 4385 674 4438 εἴτε
706 4379 1042 4451 γεγαμηκὼς
1064 4377 1172 4447 εἴη,
1203 4377 1314 4430 εἴτε
1347 4376 1443 4429 καὶ
1473 4374 1667 4443 γάμων
1691 4371 1858 4438 ἄγευ-

277 4496 430 4544 στος,
465 4478 649 4548 μοιχός
695 4476 757 4527 τέ
791 4476 930 4538 ἐστι,
966 4472 1059 4524 καὶ
1086 4471 1164 4539 τῷ
1194 4469 1302 4524 τῶν
1349 4466 1551 4538 μοιχῶν
1599 4463 1859 4532 ἐπιτιμίῳ

277 4570 590 4624 ὑπόκειται.
627 4567 689 4619 Εἰ
726 4566 783 4619 δέ
803 4563 891 4618 διὰ
914 4562 1074 4632 μόνον
1103 4561 1294 4628 ἄλογον
1319 4561 1478 4630 μῖσος
1513 4556 1617 4609 ὑπὸ
1643 4555 1737 4607 τοῦ
1761 4555 1858 4606 άν-

277 4662 409 4732 δρὸς
442 4662 538 4714 καὶ
569 4658 780 4714 ἄκουσα
815 4654 1136 4720 ἐξωσθεῖσα,
1179 4652 1401 4723 ἄμεινον
1436 4650 1534 4720 μὲν
1591 4649 1640 4701 εἰ
1697 4647 1861 4700 πάλιν

281 4755 426 4828 πρὸς
453 4753 544 4807 τὸν
577 4752 709 4806 ἴδιον
743 4746 1134 4820 ἐπαναστρέψῃ
1162 4745 1332 4816 ἄνδρα
1357 4758 1369 4772 ·
1399 4743 1448 4795 εἰ
1493 4741 1550 4794 δὲ
1585 4739 1684 4812 μὴ,
1715 4740 1861 4792 ἐκεί-

283 4866 379 4902 νου
419 4845 557 4918 πρὸς
586 4845 784 4914 ἑτέραν
804 4844 1040 4912 γυναῖκα
1057 4838 1408 4910 χωρήσαντος
1439 4834 1565 4905 ήδη,
1618 4832 1867 4903 μοιχείας

291 4940 394 5009 μὲν
426 4938 590 5006 αὕτη,
621 4934 990 5004 συνερχομένη
1029 4930 1184 5001 ἀνδρὶ
1211 4928 1400 4998 ἑτέρῳ,
1428 4926 1530 4979 οὐκ
1567 4924 1634 4978 ἂν
1671 4921 1871 4992 ἐγκλή-

294 5052 428 5104 ματι
457 5029 841 5101 περιενεχθείη
861 5043 873 5056 ·
902 5029 965 5080 οὐ
1001 5025 1186 5096 μέντοι.
1213 5039 1279 5091 γε
1302 5025 1330 5074 ὁ
1359 5019 1564 5093 ἱερεὺς,
1603 5017 1674 5071 τὰ
1723 5032 1870 5070 νενο-

295 5125 536 5198 μισμένα
568 5121 835 5177 ἐπιτελῶν
867 5122 925 5173 ἐν
976 5118 1137 5186 αὐτῇ,
1174 5117 1236 5168 τὸ
1270 5112 1694 5181 ἀκατάγνωστον
1735 5107 1870 5174 ἕξει,

292 5217 433 5274 ἁλλὰ
470 5216 568 5285 τὴν
597 5214 692 5267 τοῦ
741 5212 1009 5281 διγάμους
1056 5207 1456 5276 εὐλογήσαντος
1497 5201 1872 5270 ἀπαιτηθήσε-

293 5328 388 5366 ται
415 5309 593 5388 δίκην.
624 5307 699 5361 Τὸ
729 5306 787 5360 δὲ
821 5306 881 5372 ἐξ
920 5304 1119 5370 ἀλόγου
1169 5299 1490 5372 συμφωνίας
1537 5295 1874 5358 διαλύεσθαι,

299 5411 426 5466 ἐπεὶ⁸
456 5409 607 5477 νόμῳ
633 5401 991 5472 κεκωλυμένη
1008 5401 1042 5470 ἡ
1062 5398 1291 5467 τοιαύτη
1317 5397 1494 5464 τόλμα
1515 5391 1876 5459 καθέστηκεν,

299 5501 426 5555 οὔτε
454 5501 546 5554 τὸν
577 5498 768 5568 ἄνδρα,
796 5495 930 5564 πρὸς
954 5493 1143 5563 ἕτερον
1186 5488 1580 5560 συνερχόμενον
1633 5481 1880 5534 συνοικέ-

303 5614 444 5658 σιον,
478 5597 545 5665 ἐᾷ
573 5592 887 5649 ἀνεύθυνον.
917 5587 1040 5641 οὔτε
1071 5586 1168 5657 τὴν
1198 5587 1436 5653 γυναῖκα
1475 5575 1884 5648 διαπραττομέ-

304 5707 406 5761 νην
436 5689 496 5742 τὺ
553 5689 688 5741 ἴσον.
747 5683 965 5740 Μᾶλλον
1019 5681 1121 5750 μὲν
1161 5675 1254 5733 οὖν
1313 5678 1408 5731 καὶ
1441 5674 1626 5726 ποιναὶ
1667 5671 1882 5741 βαρεῖαι

309 5784 520 5837 κεῖνται
553 5781 664 5843 τοῖς
687 5779 895 5848 νόμοις,
947 5776 997 5828 εἰ
1049 5771 1278 5840 τοιαύτη
1328 5767 1526 5841 πρᾶξις
1559 5767 1640 5827 είς
1677 5763 1884 5832 τόλμαν

310 5872 613 5943 ἀχθήσεται
632 5885 644 5900 ·
681 5872 772 5924 καὶ
801 5868 958 5939 δῆλον
984 5866 1058 5930 ῶς
1085 5865 1178 5918 ἐπὶ
1203 5866 1314 5926 τοῖς
1346 5860 1608 5921 τοιούτοις
1644 5871 1887 5911 συνοικε-

1923 2011 2104 2082 gentia
2137 2009 2346 2080 dignari
2389 2023 2500 2060 non
2534 2004 2807 2059 novimus.
2855 2001 3108 2058 Censura
3154 1999 3322 2071 igitur
3369 1997 3489 2067 eius

1924 2106 2018 2173 qui
2057 2104 2269 2158 mulieri
2296 2101 2523 2172 digamma
2553 2097 2915 2155 benedixerit,
2948 2095 3034 2148 vel
3063 2094 3212 2147 nulla
3247 2090 3492 2156 omnino,

1927 2302 2038 2355 lute
2079 2296 2484 2365 coniunguntur
2527 2289 2869 2350 mulieribus,
2903 2286 3162 2356 quoniam
3210 2298 3322 2337 non
3364 2281 3496 2335 sim-

1927 2391 2056 2460 plex
2081 2388 2222 2443 actio
2257 2396 2360 2449 cst,
2410 2383 2642 2454 proinde
2679 2397 2783 2434 nec
2817 2378 3109 2433 uniformis
3130 2385 3214 2430 est
3237 2387 3494 2436 censura,

1931 2498 2033 2538 nec
2063 2481 2156 2552 qui
2186 2480 2315 2550 ipsis
2335 2477 2669 2533 benedicunt
2695 2475 2798 2528 sub
2828 2489 2991 2526 unam
3021 2485 3238 2542 pinnam
3268 2468 3492 2522 cadunt.

1931 2576 2062 2641 Qua:
2087 2574 2303 2644 quidem
2331 2571 2526 2624 mulier
2546 2586 2575 2622 ιι
2605 2568 2724 2622 viro
2763 2567 2984 2637 dimissa
3006 2573 3110 2624 est,
3137 2565 3256 2632 ipso
3279 2574 3498 2614 causam

1937 2673 2253 2736 praestante,
2295 2661 2438 2730 quod
2490 2657 2754 2712 naturalis
2799 2669 3123 2724 congressus
3179 2647 3499 2718 impotentia

1937 2769 2235 2822 teneretur,
2263 2757 2347 2810 huc
2369 2757 2414 2810 si
2449 2753 2736 2809 continere
2768 2748 3049 2820 elegerint,
3075 2745 3270 2799 melius
3293 2743 3492 2807 fuerit;

1935 2851 2080 2922 quod
2121 2851 2164 2904 si
2211 2864 2340 2903 vero
2365 2846 2518 2917 iungi
2571 2842 2866 2905 voluerint,
2913 2853 3014 2892 nec
3056 2835 3188 2891 illud
3233 2833 3489 2888 condem-

1937 2944 2213 2999 nationem
2245 2940 2299 2993 in
2339 2938 2472 3009 ipsis
2505 2937 2689 2998 habet,
2721 2948 2826 2987 nec
2866 2932 2908 2985 si
2937 2930 3060 3000 quis
3091 2926 3346 2983 sacerdos
3393 2939 3499 2976 nu-

1941 3037 2080 3107 ptias
2118 3049 2303 3089 earum
2339 3029 2723 3086 benedictione
2764 3026 3012 3080 honoret.
3046 3020 3197 3087 Quod
3220 3018 3264 3074 si
3310 3015 3508 3071 femina

1941 3129 2187 3184 eamdem
2213 3141 2432 3181 causam
2468 3130 2706 3193 praestat,
2743 3118 2936 3176 eadem
2973 3116 3227 3170 libertate
3256 3109 3510 3182 praedicta

1865 3224 1910 3284 C
1943 3223 2174 3283 fruatur,
2203 3235 2308 3288 qua
2355 3221 2504 3287 prius
2533 3216 2772 3270 solutum
2821 3212 2998 3266 virum
3053 3204 3256 3277 dignati
3300 3215 3513 3257 sumus.

1942 3314 2100 3381 Quod
2129 3313 2173 3366 si
2213 3311 2303 3381 qui
2341 3317 2534 3380 praeter
2561 3314 2777 3360 aetatem
2810 3298 3123 3371 desponsati
3153 3297 3284 3354 sint,
3308 3291 3509 3348 deinde

1948 3417 2033 3470 lex
2095 3414 2238 3483 ipsos
2282 3421 2541 3478 tanquam
2600 3413 2797 3475 praeter
2847 3401 3020 3470 legem
3051 3397 3370 3467 coniunctos
3429 3404 3518 3444 se-

1948 3505 2240 3580 paravcrit,
2270 3512 2401 3555 tunc
2455 3505 2650 3552 neutra
2699 3503 3061 3563 personarum
3101 3481 3519 3543 discedentium,

1948 3615 2067 3670 qua:
2100 3596 2322 3667 quidem
2353 3593 2406 3646 in
2443 3590 2634 3643 ordine
2677 3584 2816 3639 laico
2844 3585 3162 3641 censentur,
3195 3575 3240 3628 si
3281 3573 3348 3626 ad
3387 3570 3523 3624 alias

1950 3694 2219 3766 legitimas
2257 3687 2478 3757 nuptias
2520 3681 2765 3742 accedat,
2797 3667 3097 3730 censuram
3145 3666 3372 3724 subibit.
3416 3663 3522 3728 Qui

1951 3796 2132 3842 autem
2179 3783 2248 3837 ob
2282 3776 2612 3834 adulterium
2637 3771 2869 3842 eiectam
2906 3781 3128 3821 uxorem
3163 3759 3376 3821 fecerit,
3408 3755 3524 3809 sive

1953 3878 2282 3948 coniugatus
2337 3872 2451 3926 sive
2507 3868 2726 3931 caelebs,
2777 3861 2987 3917 adulter
3015 3868 3118 3920 est,
3170 3863 3226 3907 ct
3273 3846 3526 3905 adulterii

1958 3993 2203 4034 censurae
2233 3974 2496 4044 subiacet.
2556 3967 2711 4035 Quod
2753 3965 2796 4019 si
2850 3963 3024 4017 solum
3075 3969 3297 4029 propter
3344 3949 3529 4005 odium

1956 4075 2090 4126 citra
2127 4072 2393 4124 rationem
2417 4081 2446 4118 a
2481 4064 2596 4118 viro
2621 4059 2787 4114 invita
2817 4055 3039 4124 expulsa
3073 4051 3162 4114 sit,
3189 4045 3382 4100 melius
3426 4039 3532 4094 erit

1958 4166 2001 4222 si
2025 4164 2092 4218 ad
2120 4177 2279 4217 suum
2311 4161 2488 4214 virum
2521 4159 2864 4209 revertatur:
2915 4147 2998 4200 sin
3047 4144 3170 4205 hoc,
3223 4137 3368 4208 quod
3415 4133 3533 4202 ipse

1961 4257 2028 4312 ad
2056 4255 2189 4309 alias
2216 4269 2274 4306 se
2311 4249 2531 4319 nuptias
2555 4247 2665 4317 iam
2702 4237 3048 4312 applicuerit,
3095 4233 3210 4288 ﬁeri
3255 4244 3368 4284 non
3405 4241 3532 4296 pos-

1963 4349 2056 4413 sit,
2099 4343 2350 4401 adulterii
2391 4342 2507 4410 ipsa
2555 4335 2795 4399 crimini,
2843 4346 2966 4387 cum
3006 4329 3114 4382 alio
3161 4325 3277 4378 viro
3320 4321 3534 4390 iuncta,

1963 4435 2200 4494 obnoxia
2229 4449 2338 4488 non
2376 4433 2519 4486 erit:
2551 4436 2606 4482 at
2630 4440 2762 4480 vero
2789 4421 3072 4480 sacerdos,
3107 4417 3205 4486 ipsi
3232 4413 3333 4466 rite
3370 4412 3535 4463 liene-

1967 4543 2178 4604 dicens,
2205 4550 2370 4605 super
2393 4533 2508 4602 ipsa
2536 4529 2727 4583 insons
2753 4539 2863 4578 non
2889 4521 3016 4584 erit,
3045 4517 3140 4571 sed
3171 4527 3384 4584 puniant
3420 4510 3539 4575 eius

1969 4629 2248 4704 prazstabit
2275 4603 2386 4696 iqui
2421 4621 2650 4694 digamis
2674 4612 3036 4673 benedixerit.
3087 4607 3234 4662 Citra
3269 4603 3540 4656 rationen;

1967 4736 2150 4782 autem
2181 4739 2211 4775 a
2237 4717 2492 4789 coniugio
2520 4713 2822 4774 discedere,
2856 4707 2999 4777 quo‘d
3030 4715 3221 4756 ausum
3267 4698 3379 4765 lege
3416 4708 3540 4762 pro-

1973 4819 2205 4874 Iiibitum
2235 4822 2340 4878 est,
2382 4824 2562 4879 neque
2594 4807 2793 4867 virum,
2833 4801 2900 4854 ad
2949 4797 3083 4851 alias
3127 4790 3347 4859 nuptias
3391 4798 3548 4838 accc-

1973 4914 2216 4974 dentem,
2265 4904 2539 4960 insontem
2589 4895 2835 4958 dimittit,
2890 4905 3069 4960 neque
3122 4882 3384 4940 feminam
3427 4890 3549 4946 quae

1975 5014 2118 5068 idem
2149 5010 2330 5066 faciat.
2360 5005 2501 5072 Quin
2527 5002 2708 5072 potius
2733 5008 2924 5068 graves
2956 5003 3131 5060 pinnae
3154 4982 3364 5054 legibus
3425 4992 3550 5072 con-

1977 5109 2180 5164 stitutae
2218 5111 2364 5167 sunt,
2401 5099 2448 5154 si
2484 5068 2606 5166 quis
2653 5093 2758 5146 hoc
2783 5087 2971 5142 facere
3026 5093 3196 5136 ausus
3247 5072 3430 5130 fuerit.
3486 5068 3552 5123 Et

1977 5198 2328 5258 manifestum
2357 5201 2440 5247 est
2485 5185 2846 5244 sacerdotem,
2884 5176 2975 5247 qui
3005 5169 3262 5232 adfuerit,
3294 5175 3352 5222 et
3398 5179 3552 5218 sacra

1977 5298 2083 5351 rite
2153 5283 2509 5346 celebraverit
2582 5280 2636 5332 in
2693 5269 3007 5343 huiusmodi
3063 5263 3273 5336 nuptiis
3326 5257 3554 5316 oumiuo

1981 5393 2192 5446 honore
2261 5398 2362 5439 suo
2437 5379 2588 5448 iuxta
2657 5382 2906 5426 exactam
2967 5375 3242 5418 canonum
3312 5349 3555 5420 discipli-

1985 5499 2111 5540 nam
2177 5476 2449 5533 excidere.
2522 5467 2629 5522 Sed
2703 5467 2818 5518 Iuec
2881 5457 3141 5514 festinate
3209 5443 3563 5520 pronuntiata

1985 5538 2140 5638 sint;
2203 5567 2346 5640 quod
2419 5577 2540 5633 qua:
2617 5556 2913 5627 inopinata:
2982 5538 3364 5615 disceptationi
3428 5547 3563 5604 pro-

1984 5668 2163 5741 posita
2193 5669 2351 5718 erant
2387 5649 2848 5711 considerationis
2873 5656 3085 5700 moram
3143 5651 3252 5690 non
3310 5631 3561 5684 ferrent:

1989 5729 2135 5840 quod
2167 5766 2212 5820 si
2254 5760 2386 5832 quid
2419 5755 2568 5811 aliud
2593 5758 2776 5807 vestra
2816 5745 3043 5801 solertia
3071 5733 3321 5808 diligenti
3359 5729 3571 5800 disqui-

1995 5871 2194 5927 sitionc
2234 5858 2598 5929 perspexerit,
2644 5852 2888 5910 obtineat
2937 5842 3083 5916 quod
3122 5839 3318 5897 melius
3357 5841 3461 5890 est.
3504 5829 3572 5886 Et
