4004 6436
548 395 648 456 787

1698 399 1959 462 PHOTII
1995 398 2488 461 PATRJARCH/E
2524 397 2630 459 (ΣΡ.

3663 386 3758 448 788

550 520 651 560 nos
709 505 873 561 etiam
928 507 1194 571 fortassis,
1258 506 1448 563 laxiori
1507 517 1755 578 tempore
1823 519 2106 570 concesso,

2232 505 2346 568 πίοις
2369 503 2753 575 εὑρισκόμενος
2783 502 2813 554 δ
2837 501 3037 571 ἱερεὺς,
3063 499 3239 553 καὶτὰ
3268 495 3628 567 νενομισμένα
3653 499 3757 559 τοῖς

552 599 794 654 exactius
832 599 1036 668 aliquid
1067 599 1434 669 dispiciemus.

2203 596 2402 665 γάμοις
2435 594 2623 659 τελῶν,
2654 592 2931 654 παντελῶς
2977 592 3075 662 τῆς
3107 591 3243 654 ἰδίας
3283 589 3451 660 τιμῆς
3495 586 3638 641 κατὰ
3671 588 3759 656 τὴν

552 693 659 746 τῶν
703 693 943 747 κανόνων
995 694 1308 746 ἐκπεσεῖται
1366 691 1672 762 ἀκρίϐειαν.
1737 690 1897 744 Ἀλλά
1934 690 2107 743 ταῦτα
2148 690 2247 760 μὲν
2277 690 2339 742 τὸ
2401 689 2566 758 τάχος
2593 684 2716 740 εἱπε
2740 705 2756 719 ·
2777 689 2868 741 καὶ
2905 687 2966 740 τὸ
2991 674 3327 756 ἀμελέτητόν
3349 703 3409 738 τε
3445 685 3536 738 καὶ
3566 686 3762 752 ἀπροσο

550 787 775 856 δόκητον
815 785 924 838 τῶν
978 782 1348 854 προτεθέντων
1391 783 1472 845 εἰς
1513 782 1774 853 ζήτησιν·
1827 780 1878 833 εἱ
1915 779 1973 833 δέ
2018 796 2070 831 τι
2106 778 2235 832 ἄλλο
2271 777 2692 846 ἐπιμελέστερον
2743 779 2777 846 ὴ
2843 775 3086 847 ὑμετέρα
3153 774 3365 836 σύνεσις
3394 771 3764 852 ἐπισκοποῦσα

552 882 774 946 κατίδοι,
807 881 1005 934 νικάτω
1037 881 1097 932 τὸ
1142 879 1388 950 ἄμεινον.
1435 878 1545 932 Καὶ
1595 878 1752 946 ἡμεῖς
1782 875 1838 928 δὲ
1857 877 1986 938 ἴσως
2011 875 2068 927 ἐν
2104 873 2424 944 πλατυτέρῳ
2449 874 2625 942 καιρῷ
2653 872 3040 944 ἀκριϐέστερόν
3064 890 3115 926 τι
3141 871 3269 926 ἀλλο
3294 869 3760 941 ἐπιθεωρήσομεν.

1146 1021 1360 1077 EPIST.
1396 1021 1514 1076 XX.

2807 1015 3029 1070 ΕΠΙΣΤ.
3086 1018 3170 1071 Κ’.

1792 1135 1932 1188 Edita
1953 1150 1980 1186 a
2003 1135 2298 1186 Montacutio
2321 1135 2389 1198 (p.
2422 1133 2552 1195 388).

625 1248 852 1320 Scripsit
876 1247 1134 1305 sanctitas
1159 1259 1251 1304 tua
1294 1249 1362 1304 de
1397 1247 1748 1319 quibusdam,
1773 1247 1964 1320 polluti
2003 1246 2110 1302 cibi

554 1357 649 1396 esu
716 1339 1099 1396 contaminatis
1147 1355 1356 1396 :causa
1403 1349 1583 1395 autem
1635 1338 2110 1395 contaminationis

555 1439 677 1484 erat
733 1428 1023 1497 ejusmodi.
1075 1428 1290 1482 lverant
1337 1428 1552 1499 gentilis
1593 1428 1874 1498 cujusdam
1920 1441 2112 1481 monu-

557 1530 804 1575 mentum
856 1519 1116 1574 refossuri
1147 1520 1212 1573 ad
1251 1519 1608 1574 inveniendas
1650 1519 1906 1590 pecunias
1943 1537 1957 1573 :
1991 1533 2114 1571 cum

554 1621 737 1667 autem
789 1611 1060 1666 incassum
1101 1611 1432 1675 laborarent,
1465 1627 1567 1667 nec
1607 1612 1901 1682 quidquam
1958 1610 2112 1664 inve-

556 1703 756 1768 nirent,
798 1703 1051 1758 dixerunt
1079 1701 1220 1756 inter
1247 1717 1388 1766 sese,
1417 1702 1521 1757 nisi
1563 1717 1752 1758 canem
1796 1711 2109 1762 mactemus,

2289 1243 2535 1315 Ἔγραψε
2559 1259 2652 1296 σου
2679 1244 2713 1312 ἠ
2746 1241 2962 1312 ὁσιότης
2985 1241 3115 1311 περί
3133 1259 3296 1294 τινων
3323 1242 3768 1312 μιαροφαγησὰν-

2213 1355 2345 1391 των.
2391 1335 2455 1389 'H
2495 1335 2552 1388 δὲ
2586 1335 2734 1389 αίτία
2783 1337 2884 1405 τῆς
2935 1334 3302 1403 μιαροφαγίας
3354 1333 3469 1386 ἐστι
3524 1333 3764 1405 τοιαύτη·

2219 1428 2436 1498 Τύμϐον
2449 1427 2762 1499 Ἑλληνικὸν
2789 1427 3029 1497 ἀπῆλθον
3058 1424 3298 1494 διορύξαι
3327 1427 3462 1497 πρὸς
3491 1426 3768 1493 ἀνεύρεσιν

2219 1521 2544 1590 χρημάτωνο
2580 1517 3073 1589 ματαιοπονοῦντες
3097 1517 3154 1570 δέ
3180 1518 3275 1569 καὶ
3304 1516 3469 1585 μηδὲν
3505 1517 3772 1586 εὑρίσκον-

2216 1629 2328 1677 τες,
2357 1608 2508 1664 εἶπεν
2539 1611 2768 1674 ἕκαστος
2790 1609 2928 1681 πρὸς
2950 1610 3042 1662 τὸν
3066 1609 3290 1677 πλησίον
3315 1609 3501 1672 αὑτοῦ,
3537 1609 3621 1660 ὅτι
3655 1609 3774 1662 Ἐὰν

2221 1704 2296 1775 μὴ
2325 1703 2617 1773 σφάξωμεν
2651 1701 2808 1766 κύνα,
2840 1701 2932 1754 καὶ
2966 1703 3029 1754 ἐκ
3054 1701 3162 1753 τῶν
3196 1700 3374 1768 κρεῶν
3407 1701 3575 1752 αὐτοῦ
3628 1698 3778 1768 ἁψώ-

560 1803 618 1849 et
650 1794 717 1850 de
733 1795 990 1849 carnibus
1009 1795 1128 1862 ejus
1145 1805 1443 1865 gustemus,
1464 1810 1572 1848 non
1597 1793 1948 1849 reddetnobis
1962 1802 2105 1847 terra

2232 1769 2381 1860 λεθα,
2425 1769 2487 1848 ού
2520 1769 2603 1867 *μὴ
2656 1795 2910 1848 ἐπιδώσει
2960 1795 3092 1863 ἡμῖν
3129 1794 3259 1863 ήγῆ
3309 1793 3370 1844 τὸ
3425 1791 3772 1861 ζητούμενον.

557 1888 703 1956 quod
732 1887 1045 1956 quazrimus.
1110 1886 1302 1941 Statim
1342 1887 1540 1941 factum
1583 1894 1668 1941 est
1712 1886 1855 1956 quod
1910 1883 2113 1940 dictum

2232 1890 2417 1944 lia-clx:
2445 1888 2575 1957 γοῦν
2607 1890 2635 1942 ὁ
2687 1888 2844 1956 λόγος
2880 1889 2958 1949 είς
2994 1886 3153 1957 ἔργον
3201 1885 3433 1956 προέϐη.
3490 1885 3776 1938 Ἐλθόντων

561 1985 701 2031 erat.
735 1978 871 2032 Cum
925 1977 1106 2046 itaque
1152 1977 1217 2032 ad
1259 1976 1531 2031 interdicti
1580 1977 1687 2032 cibi
1731 1975 2113 2032 conscientiam

559 2067 858 2129 venissent,
890 2069 1120 2137 genibus
1161 2067 1398 2138 episcopi
1439 2067 1749 2122 accidentes
1793 2067 2115 2122 medicinam

561 2157 854 2228 petierunt,
905 2169 960 2214 et
1002 2159 1275 2213 commissi
1322 2159 1526 2228 peccati
1555 2159 1960 2229 indulgentiam.
1993 2156 2119 2213 Hmc

561 2255 689 2300 sunt
720 2263 839 2317 qua:
869 2248 1080 2318 pietatis
1112 2259 1217 2303 tua:
1245 2248 1437 2302 litterae
1466 2258 1709 2302 narrant.
1747 2247 1813 2302 Et
1849 2248 1916 2302 de
1942 2247 2043 2302 hac
2060 2262 2118 2302 re

561 2339 793 2394 formula
847 2341 914 2394 ah
959 2341 1197 2395 Ecclesia
1250 2341 1543 2396 constituta
1610 2350 1715 2405 est,
1768 2341 2119 2410 quadraginta

559 2433 769 2488 dierum
803 2434 1142 2503 ptenitentia,
1171 2445 1227 2490 et
1253 2435 1505 2504 precibus
1527 2434 1848 2505 quibusdam
1889 2433 2116 2495 absolvi,

560 2521 652 2590 qui
715 2520 841 2576 huic
888 2522 1104 2576 crimini
1172 2523 1355 2577 innexi
1418 2531 1566 2577 sunt.
1631 2522 1880 2577 Praesens
1937 2532 2119 2577 autem

560 2614 750 2684 polluti
790 2615 897 2671 cibi
939 2617 1284 2686 participatio
1321 2617 1548 2673 alterius
1595 2617 1876 2687 cujusdam
1929 2615 2120 2682 impie-

563 2707 691 2762 tatis
727 2708 1010 2764 misturam
1043 2709 1231 2767 habet.
1267 2708 1560 2780 Propterea
1591 2709 1735 2764 enim
1780 2708 2120 2762 contamina-

563 2806 674 2850 tum
707 2799 888 2854 cibum
919 2800 1205 2871 attingere,
1255 2810 1314 2855 ut
1354 2812 1494 2856 terra
1549 2801 1870 2871 placaretur,
1929 2815 2123 2856 secun-

562 2890 801 2943 cundum
833 2891 1083 2945 insanam
1128 2892 1366 2961 ipsorum
1412 2893 1748 2964 opinionem,
1805 2892 2010 2947 crimen
2066 2891 2120 2945 in

563 2980 739 3050 majus
779 2983 1024 3037 attollit:
1065 2984 1275 3039 etiamsi
1323 2985 1439 3040 sine
1504 2984 1766 3055 gravioris
1829 2984 2125 3053 impietatis

2215 1981 2306 2034 οὖν
2333 1983 2412 2044 είς
2450 1979 2702 2051 αἴσθησιν
2725 1979 2824 2050 τῆς
2851 1978 3313 2049 ἀπηγορευμένης
3345 1977 3626 2048 βρώσεως,
3672 1982 3776 2041 τοῖς

2217 2073 2344 2125 ποσὶ
2366 2073 2702 2142 προσέπεσον
2722 2072 2815 2124 τοῦ
2835 2070 3159 2137 ἐπισκόπου,
3177 2069 3494 2138 αἰτούμενοι
3521 2070 3776 2136 ἰατρείαν,

2217 2164 2312 2217 καὶ
2337 2163 2493 2218 λύσιν
2521 2165 2614 2218 τοῦ
2659 2161 3124 2235 παραπτώματος.
3177 2161 3364 2214 Ταῦτα
3420 2161 3695 2230 διήγγειλε
3722 2161 3779 2212 τὸ

2217 2251 2456 2322 γράμμα
2479 2251 2579 2320 τῆς
2611 2252 2712 2320 σῆς
2741 2251 3031 2316 εὐλαϐείας
3053 2268 3069 2284 ·
3101 2252 3196 2305 καὶ
3222 2251 3351 2321 περὶ
3387 2250 3580 2304 τούτου
3621 2251 3778 2313 τύπος

2223 2344 2320 2414 μέν
2371 2345 2516 2396 ἐστιν
2546 2343 3020 2413 ἐκκλησιαστικδς,
3051 2343 3141 2397 διὰ
3199 2343 3779 2413 τεσσαρακονθημέρου

2220 2435 2518 2505 ἐπιτιμίου,
2541 2435 2632 2488 καί
2662 2453 2826 2488 τινων
2853 2435 3052 2505 εὐχῶν,
3086 2433 3406 2488 διαλύεσθαι
3442 2433 3571 2497 τοὺς
3613 2435 3779 2488 ἑαλω-

2221 2528 2384 2590 κότας
2425 2526 2502 2596 τῷ
2546 2527 2871 2598 ἐγκλήματι.
2917 2527 2982 2580 Ἢ
3032 2527 3090 2580 δὲ
3147 2525 3399 2596 παροῦσα
3452 2527 3782 2595 μιαροφαγία

2221 2619 2335 2690 ἔχει
2362 2621 2455 2674 καὶ
2497 2619 2688 2690 ἐτέρας
2716 2620 2858 2684 τινὸς
2903 2620 3156 2684 ἀσεϐείας
3200 2617 3504 2690 ἐπιμιξίαν.
3559 2619 3632 2672 Τὸ
3677 2619 3782 2686 γὰρ

2221 2711 2384 2762 ’ἑνεκα
2401 2709 2590 2763 τούτου
2625 2711 3052 2780 μιαροφαγῆσαι,
3088 2711 3228 2763 ὥστε
3264 2712 3365 2781 τὴν
3390 2713 3500 2782 γῆν
3546 2707 3784 2779 ἐκμειλί-

2223 2799 2437 2866 ξασθαι,
2467 2800 2609 2853 κατὰ
2641 2800 2741 2870 τὴν
2787 2803 3011 2854 ἐκείνων
3056 2801 3154 2869 τῆς
3201 2801 3461 2864 ἀπονοίας
3511 2801 3783 2864 ὑπόνοιαν,

2221 2891 2375 2956 αύξει
2405 2891 2566 2945 πλέον
2595 2893 2656 2946 τὸ
2698 2892 2976 2963 ἔγκλημα·
3003 2893 3106 2946 κᾶν
3126 2892 3253 2945 ἄνευ
3294 2892 3573 2962 λογισμῶν
3627 2875 3786 2945 τινων

2224 2986 2662 3057 δυσσεϐεστέρων
2691 2985 2826 3058 πρὸς
2847 2987 2949 3056 τὴν
2981 2985 3239 3056 τοιαύτην
3261 2986 3533 3055 ὑπόληψιν
3589 3002 3787 3054 κατηνο

561 3073 908 3144 cogitatione,
938 3077 1004 3130 ad
1025 3077 1163 3131 hanc
1183 3079 1492 3148 Opinionem
1523 3077 2124 3133 accesseruutNerum-

2232 3083 2480 3152 έχθησαν.
2495 3083 2644 3151 Πλήν
2665 3099 2729 3150 γε
2747 3081 2845 3134 καὶ
2871 3081 2980 3133 τῶν
3007 3081 3214 3150 ἀνδρῶν
3241 3079 3302 3133 τὸ
3319 3075 3470 3151 ἦθος,
3489 3080 3582 3132 καὶ
3604 3080 3636 3148 ἡ
3659 3080 3788 3148 ἄλλη

565 3175 748 3221 tamen
787 3177 842 3222 et
869 3168 1152 3224 hominum
1195 3187 1395 3234 mores,
1448 3178 1503 3224 et
1542 3170 1779 3240 reliquus
1817 3170 1941 3224 vitae
1989 3181 2123 3224 acta:

2232 3176 2318 3228 τοῦ
2355 3174 2470 3242 βίου
2519 3173 2784 3242 διαγωγὴ,
2816 3175 2912 3226 καὶ
2957 3172 3311 3233 κατάστασις,
3339 3170 3437 3223 καὶ
3483 3171 3516 3237 ἡ
3549 3169 3647 3238 τῆς
3673 3169 3791 3221 δια-

565 3268 742 3325 tennr,
783 3270 838 3315 et
861 3261 1027 3314 animi
1053 3263 1390 3330 constitutio,
1425 3273 1543 3318 tum
1570 3263 1793 3329 mentis,
1826 3264 1942 3318 sive
1990 3264 2125 3317 Silli-

567 3352 784 3420 plicitas
833 3353 947 3408 sive
989 3355 1232 3420 solertia,
1282 3355 1365 3409 vel
1419 3356 1717 3426 producere
1759 3365 1937 3426 potest
1991 3365 2125 3409 tem-

566 3459 667 3514 pus
718 3445 798 3500 vel
858 3455 1072 3501 curtare
1108 3464 1121 3501 :
1153 3463 1276 3502 cum
1324 3449 1553 3504 fortasse
1591 3459 1714 3520 post
1768 3449 2126 3519 quadraginta

565 3537 952 3608 dicsimposita
1002 3557 1232 3596 censura
1263 3543 1354 3596 sit.
1389 3541 1544 3607 Quod
1583 3543 1629 3596 si
1671 3542 1908 3596 secunda
1945 3541 2122 3610 aliqua

564 3630 808 3685 deﬁnitio
857 3632 1202 3702 producenda
1242 3643 1347 3696 est,
1375 3634 1634 3704 sepositis
1673 3633 2120 3693 circumstantiis,

563 3739 684 3792 qua:
708 3723 1054 3792 producendo
1081 3725 1163 3778 vel
1193 3727 1459 3781 curtando
1483 3726 1710 3794 tempori
1744 3740 1963 3779 causam
1989 3739 2125 3793 prac-

565 3813 715 3874 bcnt,
759 3815 827 3868 ad
887 3825 996 3869 tres
1055 3816 1263 3870 dierum
1316 3817 1692 3886 quadragenas
1731 3815 1898 3869 multa
1934 3829 2124 3868 eorum

566 3903 656 3971 qui
711 3903 763 3957 in
826 3904 929 3959 hoc
983 3906 1209 3960 crimine
1267 3906 1593 3977 deprehensi
1640 3915 1786 3970 sunt,
1832 3904 2120 3974 redigenda

567 3996 672 4049 erit
699 4013 711 4048 :
739 4008 930 4065 praeter
959 3999 1216 4068 reliquam
1251 4003 1426 4055 victus
1481 3997 1881 4063 austeritatem,
1916 4008 1968 4054 ct
2017 4009 2127 4057 trc-

569 4086 889 4142 mendorum
919 4090 1298 4160 mysteriorum
1331 4090 1734 4145 abstinentiam.

1163 4229 1380 4286 EPIST.
1418 4231 1556 4286 XXI.

2227 3269 2376 3330 νοίας
2406 3267 2703 3336 ἁπλότηςῆ
2749 3266 3006 3335 δεινότης,
3055 3265 3278 3318 δύναται
3329 3261 3791 3324 πολυπλασιάξειν

2227 3361 2322 3414 καὶ
2348 3359 2662 3426 συντέμνειν
2682 3373 2695 3387 ο
2734 3355 2844 3410 εἴτε
2866 3357 2960 3410 καὶ
2989 3355 3127 3426 μετὰ
3145 3355 3557 3425 τεσσαράκοντα
3584 3352 3794 3420 ἡμέρας

2230 3451 2450 3521 ἐπιτεθῇ
2481 3450 2662 3512 αὐτοῖς
2686 3449 2981 3518 ἐπιτίμιον.
3009 3449 3072 3500 Et
3102 3446 3158 3499 δὲ
3189 3447 3271 3499 δεῖ
3294 3463 3345 3497 τι
3373 3445 3468 3496 καὶ
3503 3443 3795 3510 κεφάλαιον

2230 3545 2482 3612 δεύτερον
2508 3544 2702 3604 εἰπεῖν,
2727 3541 2854 3594 ἄνευ
2879 3538 2985 3592 τῶν
3013 3537 3418 3605 ἐπιτεμνόντων
3457 3535 3490 3605 ἦ
3532 3534 3794 3604 μηκυνόνο

2231 3653 2339 3688 των
2360 3635 2420 3687 τὸ
2450 3635 2682 3704 πρᾶγμα
2713 3629 3116 3698 περιστατικῶν
3143 3627 3356 3692 αἰτιῶν,
3392 3629 3473 3690 είς
3495 3628 3640 3695 τρεῖς
3671 3641 3795 3676 τεσο

2234 3724 2598 3795 σαρακοστάς,
2691 3722 2957 3791 ἐπιτιμία,
2991 3721 3115 3784 τοὺς
3144 3719 3238 3772 ἐπὶ
3264 3721 3331 3788 τῇ
3376 3717 3632 3787 εἰρημένῃ
3663 3733 3790 3784 μια-

2237 3817 2472 3888 ροφαγία
2499 3816 2827 3877 ἑαλωκότας,
2857 3814 3204 3884 περιστήσει*
3244 3813 3364 3880 ἀμα
3387 3813 3456 3880 τῇ
3491 3809 3612 3879 ἄλλῃ
3646 3808 3789 3858 κατὰ

2233 3911 2560 3982 τὴνδίαιταν
2603 3907 3015 3980 σκληραγωγίᾳ,
3041 3907 3134 3960 καὶ
3175 3907 3242 3975 τῇ
3282 3903 3397 3957 τῶν
3427 3900 3653 3973 (φρικτῶν
3682 3916 3791 3965 μυ-

2237 4005 2473 4075 στηρίων
2501 4002 2867 4059 ἀποκωλύσει.

2826 4230 3050 4286 ΕΠΙΣΤ.
3087 4227 3218 4286 KA'.

1763 4349 1904 4400 Edita
1937 4363 1963 4400 a
1997 4351 2294 4400 Montacutio
2338 4351 2407 4415 (p.
2443 4352 2573 4414 389).

645 4453 757 4508 Non
790 4454 990 4508 idcirco
1041 4454 1263 4508 antistiti
1309 4454 1746 4525 signiﬁcavimus,
1775 4467 1831 4510 ut
1858 4455 2117 4511 certiores

2295 4459 2408 4529 Ούχ
2431 4457 2601 4521 οὕτως
2624 4458 2975 4529 ἐμηνύσαμεν
3012 4457 3090 4528 σιῷ
3116 4456 3385 4527 προέδρῳ,
3414 4455 3504 4508 ἵνα
3546 4454 3814 4523 μάθωμεν

573 4546 846 4606 ﬁercmus,
863 4560 992 4598 num
1019 4544 1500 4614 scicnscpiscopus
1523 4544 1846 4608 adulterum,
1871 4561 2025 4600 sacra
2051 4544 2127 4599 fa-

2239 4553 2288 4605 εἱ
2322 4550 2459 4620 μετὰ
2484 4550 2735 4618 γνώσεως
2757 4549 3117 4621 παρεχώρησε
3143 4549 3232 4602 τὸν
3279 4547 3466 4617 μοιχὸν
3511 4545 3818 4616 ἱερατεύειν

571 4655 696 4691 cere
739 4638 1092 4708 permisisset,
1153 4637 1296 4706 quod
1344 4647 1400 4691 et
1437 4652 1598 4709 grave
1627 4647 1802 4704 esset;
1858 4637 1950 4691 sed
2008 4653 2138 4691 num

575 4730 774 4798 ipsum‘
797 4729 1102 4783 adulterum
1126 4744 1245 4783 esse
1267 4729 1448 4783 sciens
1475 4729 1781 4784 ordinasset
1807 4745 1818 4780 :
1845 4729 1986 4797 quod
2017 4744 2140 4797 gra-

574 4822 697 4874 vius
725 4829 826 4874 est.
865 4821 953 4874 Ille
977 4829 1181 4884 autem,
1231 4821 1386 4888 cujus
1423 4838 1522 4875 nos
1547 4821 1803 4876 certiores
1829 4820 1943 4873 ﬁeri
2002 4819 2139 4873 velle

574 4909 1018 4979 signiﬁcavimus.
1047 4910 1114 4963 de
1140 4924 1205 4963 eo
1236 4910 1370 4964 nihil
1404 4925 1505 4964 nos
1533 4910 1738 4972 docuit,
1771 4910 1914 4977 quod
1955 4919 2137 4962 autem

573 5015 740 5054 nemo
801 5000 1098 5069 quaerebat,
1161 5000 1263 5054 hoc
1325 5000 1676 5054 renuntiavit.
1731 4998 2140 5061 Verumtamen,

574 5091 843 5160 siquidem
903 5092 1078 5161 ipsum
1121 5093 1424 5146 adulterum
1472 5106 1592 5146 esse
1634 5092 1812 5144 sciens
1846 5089 2140 5152 ordinavit,

579 5184 804 5237 cumino
835 5195 888 5238 et
916 5185 1232 5254 epist-epatu
1265 5195 1319 5238 et
1370 5183 1673 5237 sacerdotio
1699 5181 1898 5236 excidit
1931 5200 1944 5234 :
1996 5181 2142 5250 quod

578 5277 625 5330 si
658 5276 912 5346 ignorans
936 5277 1242 5330 adulterum
1265 5292 1384 5329 esse
1409 5290 1532 5328 eum
1560 5273 1850 5337 ordinavit,
1885 5283 1996 5326 tum
2025 5287 2146 5326 cer-

577 5368 684 5422 tior
739 5367 934 5432 factus,
967 5369 1033 5422 ad
1095 5378 1310 5436 tempus
1352 5366 1572 5434 quidem
1626 5364 1908 5426 abstinuit,
1947 5364 2145 5419 deinde

579 5474 728 5512 sacra
792 5460 969 5512 facere
1013 5459 1280 5528 permisit,
1347 5457 1508 5509 etiam
1570 5455 1742 5524 ipsum
1792 5455 2010 5524 quidem
2073 5455 2141 5508 ad

578 5559 794 5618 tempus
834 5549 1001 5603 sacris
1053 5547 1315 5601 faciendis
1375 5547 1645 5600 abstinere
1699 5556 1932 5616 oportet.
1986 5544 2146 5598 Aliud

577 5643 723 5696 enim
754 5651 838 5695 est
891 5640 1060 5695 Deum
1089 5650 1456 5702 contemnere,
1495 5638 1639 5692 aliud
1661 5653 1840 5691 errore
1863 5639 2148 5705 deceptum

579 5734 751 5789 videri
792 5736 965 5804 legem
995 5734 1312 5788 observasse
1339 5730 1548 5786 etiamsi
1591 5747 1697 5784 non
1734 5730 2008 5784 observes.
2035 5730 2146 5783 Cre-

583 5825 863 5890 terum,ad
888 5822 1384 5894 tcmpusabstincrc
1416 5821 1586 5892 ipsum
1612 5821 1971 5884 decrevimus,
1994 5819 2035 5874 si
2061 5837 2150 5873 rc-

2239 4643 2268 4694 ὁ
2289 4642 2582 4703 ἐπίσκοπος
2601 4656 2616 4668 ⁸
2647 4641 2846 4694 ἄτοπον
2885 4640 2993 4711 γὰρ
3025 4640 3120 4692 καὶ⁵
3150 4638 3306 4692 τοῦτο
3327 4656 3342 4668 ν
3384 4637 3499 4690 ἀλλ’
3537 4638 3583 4688 εί
3613 4637 3819 4703 ἐγίνωο

2243 4750 2340 4785 σκε
2372 4733 2556 4803 μοιχὸν
2575 4733 2734 4785 αὑτὸν
2764 4727 2923 4796 εἶναι,
2947 4731 3040 4785 καὶ
3061 4730 3202 4784 οὕτω
3227 4730 3388 4783 αὑτὸν
3409 4729 3819 4798 ἐχειροτόνησε⁸
3896 4791 3900 4800 ¹

2242 4825 2617 4894 χαλεπώτερον
2646 4825 2752 4893 γὰρ
2787 4823 2962 4877 τοῦτο.
3016 4823 3074 4874 Ὀ
3101 4822 3176 4883 δέ,
3207 4821 3235 4874 ὃ
3273 4822 3370 4891 μὲν
3395 4817 3640 4888 ἐμηνύθη
3664 4818 3822 4869 διδά-

2243 4917 2352 4980 ξαι,
2382 4916 2482 4967 οὐκ
2531 4913 2788 4980 ἐδίδαξεν,
2824 4913 2853 4966 ὃ
2889 4914 2945 4966 δὲ
2978 4913 3152 4974 οὐδεὶς
3182 4913 3413 4980 ἐζήτησε
3445 4909 3603 4961 τοῦτο
3640 4906 3824 4974 ἀνήγ-

2242 5007 2411 5074 γειλε.
2440 5006 2584 5075 Πλὴν
2613 5008 2661 5058 εἱ
2698 5005 2798 5074 μὲν
2826 5004 2981 5067 εἰδὼς
3012 5004 3175 5058 αὑτὸν
3208 5002 3393 5071 μοιχὸν
3430 5001 3556 5053 ὅντα
3601 5002 3828 5068 ἐχειρο-

2245 5099 2456 5167 τόνησε,
2484 5097 2760 5158 παντελῶς
2783 5098 2900 5149 ἐστι
2929 5095 3306 5166 καθῃρημένος
3353 5096 3450 5163 τῆς
3471 5091 3828 5162 ἀρχιερωσύ-

2245 5205 2342 5257 νης
2369 5203 2430 5240 τε
2460 5187 2557 5240 καὶ
2608 5187 2908 5258 ἱερωσύνης
2929 5203 2942 5215 ·
2993 5188 3040 5237 εἱ
3069 5185 3126 5237 δὲ
3175 5184 3386 5251 ἀγνοῶν
3414 5183 3571 5236 αὑτὸν
3629 5182 3833 5250 μοιχὸν

2245 5281 2374 5334 ὄντα
2396 5281 2818 5351 ἐχειροτόνησεν.
2845 5275 2960 5330 εἶτα
2983 5275 3188 5346 μαθὼν,
3212 5277 3408 5344 ἐπέσχε
3437 5274 3536 5344 μὲν
3565 5273 3659 5324 ἐπὶ
3684 5273 3835 5340 χρό-

2246 5393 2356 5438 νον,
2393 5373 2632 5426 ἀπέλυσε
2661 5372 2718 5425 δὲ
2747 5370 3062 5440 ἱερατεύειν,
3101 5368 3439 5437 παυθήσεται
3463 5365 3561 5436 μὲν
3591 5366 3684 5416 καὶ
3721 5364 3837 5416 αύ-

2246 5466 2338 5529 τὸς
2361 5465 2452 5517 τοῦ
2487 5465 2786 5534 ἱερουργεῖν
2812 5463 2903 5514 ἐπὶ
2931 5462 3156 5532 χρόνους
3198 5461 3369 5520 τινάς.
3411 5457 3574 5510 Ἀλλο
3603 5454 3717 5525 γὰρ
3772 5456 3840 5508 τὸ

2249 5554 2704 5628 [κατα1φρονῆσαι
2729 5553 2887 5616 Θεοῦ,
2923 5553 3016 5604 καὶ
3045 5550 3173 5602 ἄλλο
3205 5549 3266 5601 τὸ
3310 5546 3677 5614 ἀπαιτηθῆναι
3732 5547 3842 5597 καὶ

2249 5649 2398 5713 δόξαι
2422 5648 2674 5716 φυλάξαι,
2695 5647 2796 5700 κᾶν
2811 5645 2909 5697 ούκ
2935 5641 3216 5711 ἐφύλαξεν·
3239 5641 3332 5693 ἐπὶ
3351 5639 3570 5708 χρόνους
3591 5637 3649 5688 δέ
3668 5653 3842 5698 τινας

2251 5742 2461 5812 ἔφημεν
2510 5737 2857 5809 ἐπισχεθῆναι
2915 5736 3099 5798 αὐτὸν,
3129 5733 3335 5800 ἐάνπερ
3362 5730 3428 5782 τὰ
3475 5728 3612 5782 ἄλλα
3653 5727 3842 5780 αὑτοῦ

2253 5835 2639 5906 προτερήματα
2709 5831 2802 5884 καὶ
2857 5829 3019 5901 ἡτῆς
3073 5828 3235 5896 ἄλλης
3280 5821 3566 5893 περιουσία
3596 5819 3838 5886 δύναται
