4044 6472
265 362 379 426 ’189

1411 362 1766 424 EPISTULA
1775 364 1943 426 RUM
1984 364 2214 425 LIBER
2274 365 2323 425 Ι.

3393 366 3502 430 790

262 467 809 539 ἀντιταλαντευθῆναι
834 469 911 539 τῷ
956 469 1177 540 τοιούτῳ
1199 470 1361 525 αὐτοῦ
1396 472 1821 544 παραπτώματι,
1849 531 1855 540 ,

1965 489 2069 544 qua
2128 476 2249 547 ejus
2300 476 2511 541 merita,
2577 485 2633 529 ct
2698 475 2912 531 virtutis
2956 476 3143 545 copia,
3189 461 3500 545 hujusmodi

266 565 318 613 εἰ
344 563 401 615 δὲ
445 560 542 631 μὴ,
562 560 809 631 διηνεκὲς
835 562 896 613 τὸ
924 562 1200 632 ἐπιτίμιον
1231 563 1363 628 ἕξει.
1395 563 1579 617 Ταῦτα
1605 564 1661 617 δὲ
1682 565 1831 633 λέγο-

1959 583 2140 636 apsum
2190 582 2541 636 compensare
2587 567 2871 621 videantur
2910 582 2924 618 :
2960 566 3067 629 sin,
3098 566 3153 619 in
3180 576 3501 636 perpetuum

268 672 394 726 μεν,
418 655 516 708 οὐκ
544 654 637 707 ἐὰν
676 655 705 707 ό
758 654 1020 725 πρόεδρος
1051 655 1215 708 αὐτοῦ
1247 656 1395 725 λέγει
1444 658 1525 710 ὅτι
1548 658 1830 727 γινώσκων

1959 674 2174 713 ensuraa
2217 659 2537 728 subjacebit.
2581 659 2708 714 Haec
2760 668 2941 714 autem
2981 658 3237 720 dicimus,
3302 673 3411 712 non
3456 658 3503 712 si

267 748 433 802 αὑτὸν
460 747 648 817 μοιχὸν
680 748 1108 819 ἐχειροτόνησεν,
1143 749 1176 818 ἢ
1211 750 1291 803 ὅτι
1329 749 1467 819 μετά
1503 751 1563 803 τὸ
1592 769 1830 821 χειροτο-

266 840 499 909 νηθῆναι
551 840 713 891 αὐτὸν
769 838 955 908 μαθὼν
997 840 1182 909 μοιχὸν
1243 838 1400 906 εἶναι,
1457 842 1553 895 καὶ
1594 843 1686 896 ἐπί
1711 860 1832 896 τινα

268 931 464 1000 χρόνον
491 930 754 999 ἐπισχὼν,
785 926 905 983 εἶτα
928 932 1231 1001 ἱερουργεῖν
1253 932 1411 986 αὑτὸν
1437 934 1644 1003 ἀφῆκεν
1666 950 1681 964 °
1720 934 1833 987 ἀλλ’

267 1023 370 1075 ἐὰν
399 1023 561 1085 αὐτὸς
613 1023 700 1076 διὰ
749 1023 1044 1095 μαρτύρων
1094 1025 1302 1077 πιστῶν
1356 1028 1453 1078 καὶ
1503 1026 1836 1096 ἀδιαὸλήτων

268 1114 512 1185 ἠλέγχθη
536 1132 552 1147 ο
584 1115 618 1185 ἢ
647 1114 739 1167 καὶ
772 1116 846 1185 μὴ
876 1115 1169 1185 ἐλεγχθεὶς,
1200 1115 1384 1187 οἰκείῳ
1404 1117 1721 1170 κατετέθετο
1742 1118 1838 1171 καὶ

268 1208 595 1278 ὡμολόγησε
618 1208 865 1278 στόματι.
891 1207 1077 1262 Ταῦτα
1105 1207 1202 1279 μὲν
1222 1205 1315 1263 οὖν
1343 1210 1376 1279 ἠ
1399 1210 1642 1280 ἡμετέρα
1669 1211 1840 1279 ἁρμό-

270 1300 390 1363 ζειν
419 1300 599 1371 ἔκρινε
634 1301 963 1372 μετριότηςο
1006 1301 1100 1353 καὶ
1137 1301 1265 1372 περὶ
1305 1300 1472 1354 αὑτοῦ
1504 1301 1580 1365 ὡς
1624 1300 1836 1354 κελεύει

270 1391 541 1463 διοικήσει
570 1395 603 1464 ἡ
634 1392 789 1463 ὑμῶν
814 1392 1056 1463 ἀγιότης.
1090 1392 1163 1445 Σὺ
1196 1393 1253 1447 δέ
1302 1410 1391 1463 μοι
1423 1393 1482 1447 ἐν
1506 1391 1696 1463 Κυρίῳ
1739 1392 1833 1464 ἐρ-

271 1484 443 1553 ρωσο.

865 1590 1093 1644 ΕΠΙΣΤ.
1127 1588 1258 1644 ΚΒ’.

1932 751 2157 804 antistes
2204 751 2372 819 ipsius
2430 751 2573 805 dicat
2621 752 2763 819 quod
2812 751 2985 819 ipsum
3040 748 3345 802 adulterum
3384 760 3507 802 esse

1933 842 2111 898 sciens
2161 843 2451 905 ordinavit,
2514 845 2597 897 vel
2632 844 2776 912 quod
2835 854 3117 913 postquam
3170 841 3497 901 ordinasset,

1934 937 2136 992 certior
2166 935 2340 989 factus
2369 936 2668 989 adulterum
2698 951 2840 999 esse,
2887 951 3010 990 cum
3037 935 3209 1003 ipsum
3253 934 3319 987 ad
3363 941 3500 985 tem-

1934 1043 2038 1098 pus
2079 1027 2451 1085 abstinuisset.
2508 1027 2704 1082 deinde
2775 1028 2945 1081 sacris
3001 1024 3149 1095 fungi
3211 1023 3505 1093 permisit;

1934 1119 2027 1174 sed
2067 1119 2112 1173 si
2142 1119 2256 1189 ipse
2301 1120 2528 1174 testibus
2558 1119 2663 1173 fide
2690 1118 2869 1188 dignis
2898 1126 2952 1171 et
2984 1116 3273 1186 inculpatis
3319 1113 3508 1169 convi—

1934 1218 2076 1272 ctus,
2124 1210 2209 1264 vel
2250 1225 2361 1264 non
2411 1211 2715 1275 convictus,
2751 1210 2845 1263 sed
2878 1224 2971 1263 ore
3022 1223 3120 1262 suo
3157 1222 3411 1261 assensus
3440 1204 3512 1259 sit

1935 1308 1991 1354 et
2020 1298 2320 1355 confessus.
2358 1299 2485 1355 Haec
2533 1300 2696 1372 igitur
2721 1299 3066 1354 mediocritas
3091 1307 3275 1353 nostra
3311 1311 3517 1352 conve-

1941 1390 2060 1446 nire
2090 1392 2302 1447 censuit
2335 1406 2349 1446 :
2378 1393 2445 1447 de
2490 1393 2606 1463 ipso
2634 1400 2815 1447 autem
2879 1391 3136 1446 sanctitas
3160 1398 3339 1445 vestra
3360 1386 3508 1457 quod

1946 1480 2213 1546 hortatur,
2260 1482 2571 1538 constituet.
2600 1481 2682 1536 Tu
2710 1495 2839 1536 vero
2865 1481 2998 1535 mihi
3022 1482 3076 1535 in
3099 1480 3328 1536 Domino
3373 1476 3515 1531 vale.

2536 1593 2754 1649 EPIST.
2801 1593 2966 1649 XXII.

1486 1728 1629 1780 Edita
1656 1742 1682 1778 a
1710 1729 2005 1782 Montacutte
2036 1732 2054 1790 (
2067 1746 2117 1796 p.
2152 1732 2287 1794 390).

346 1855 544 1927 Θαῦμα
595 1857 691 1926 μὲν
722 1857 868 1928 ἡμᾶς
903 1856 1136 1929 κατέσχε
1182 1858 1275 1912 καὶ⁴
1330 1858 1611 1928 ἔκπληξις,
1654 1858 1749 1912 ἐπὶ
1774 1861 1840 1929 τῇ

2012 1862 2309 1918 Admiratio
2371 1861 2587 1932 quidem
2628 1875 2729 1915 nos
2758 1860 2955 1914 invasit
3012 1873 3076 1914 ac
3114 1867 3306 1929 stupor
3356 1873 3522 1928 super

274 1949 517 2019 τοσαύτῃ
548 1950 826 2019 παροινίᾳ,
852 1950 946 2002 καὶ
972 1950 1222 2022 ἀπονοίᾳ,
1252 1950 1348 2003 καὶ¹
1379 1950 1723 2021 ἀναισθησίᾳ,
1749 1952 1844 2003 καὶ

280 2041 598 2111 παρανομίᾳ
619 2040 713 2093 τοῦ
742 2041 1026 2111 προέδρου,
1049 2042 1289 2108 καίτοιγε
1322 2042 1429 2095 τῶν
1458 2042 1713 2095 τοιούτων
1740 2060 1845 2096 πα-

282 2114 395 2185 θῶν
421 2131 627 2184 παλαιά
659 2148 781 2184 τινα
816 2130 934 2201 ἴχνη
963 2133 1019 2185 ἐν
1046 2135 1111 2203 τῇ
1140 2132 1327 2203 μνήμῃ
1348 2131 1611 2204 φέροντας
1629 2149 1644 2164 ο
1675 2132 1788 2185 ἀλλ’
1811 2132 1845 2202 ἡ

280 2223 518 2292 ἐπιμονὴ
551 2225 643 2275 καὶ
675 2221 900 2292 αὔξησις
931 2222 1039 2275 τῶν
1072 2222 1469 2293 προλαϐόντων,
1509 2222 1583 2286 ὡς
1620 2222 1713 2275 ἐπὶ
1737 2239 1848 2274 πα-

284 2315 549 2385 ραδόξοις,
582 2317 693 2378 τοῖς
725 2313 820 2368 νῦν
852 2314 1284 2382 πεπραγμένοις,
1317 2314 1555 2384 παρέσχε
1583 2315 1848 2384 ταράττε-

284 2406 431 2459 σθαι.
458 2405 603 2476 Πλὴν
630 2405 730 2458 οὐκ
754 2403 902 2458 ἐστιν
929 2404 1281 2474 ἀνενόχλητον
1302 2405 1416 2467 τοῖς
1457 2403 1580 2457 καθ’
1619 2404 1847 2456 ἕκαστον

280 2498 396 2551 τῶν
412 2498 553 2551 κατὰ
584 2498 748 2569 μέρος
772 2498 942 2565 λόγων
963 2497 1267 2567 ἐπιστῆναι,
1299 2496 1328 2550 ὃ
1352 2495 1612 2559 πολλάκις
1636 2495 1848 2565 ἔφαμεν

284 2592 384 2644 καὶ
426 2590 520 2644 νῦν
577 2607 775 2661 φαμεν.
826 2591 913 2653 Ὠς
962 2588 1191 2659 ἐπείπερ
1224 2588 1316 2641 καὶ
1353 2590 1516 2658 ἡμεῖς
1538 2578 1849 2657 ἁμαρτωλοὶ

282 2684 387 2746 τὰς
411 2682 739 2752 ἀμαρτωλάς
795 2681 951 2751 ἡμῶν
998 2683 1186 2751 χεῖρας
1224 2681 1316 2732 ἐπὶ
1344 2679 1441 2749 τὴν
1470 2679 1567 2750 σὴν
1617 2677 1850 2747 ἐθέμεθα

283 2774 555 2843 κεφαλὴν,
578 2775 675 2843 τὴν
706 2773 1096 2844 τελεταρχικὴν
1116 2771 1209 2824 τοῦ
1240 2772 1504 2839 παναγίου
1536 2771 1850 2840 Πνεύματος

285 2866 709 2936 ἐπικαλούμενοι
752 2866 912 2936 χάριν
956 2864 1096 2934 (καὶ
1152 2862 1596 2931 πεπιστεύκαμεν
1626 2862 1687 2914 ού
1731 2861 1849 2924 ταῖς

286 2959 447 3029 ἡμῶν
474 2958 855 3028 χειροθεσίαις,
884 2957 1018 3010 ἀλλὰ
1047 2958 1111 3025 τῇ
1134 2972 1195 3008 τε
1222 2955 1428 3010 ἄνωθεν
1448 2952 1727 3023 εὐμενείᾳ,
1760 2952 1854 3006 καὶ

286 3056 357 3125 τῇ
403 3055 469 3123 σῇ
520 3053 687 3124 ἀρετῇ
717 3092 732 3117 ,
799 3049 895 3118 τὴν
946 3049 1289 3116 ἐπιφοίτησιν
1353 3043 1516 3097 αὐτοῦ
1570 3041 1854 3095 πλουτίσαι

286 3147 493 3217 ἡμᾶς),
521 3146 583 3199 οὐ
616 3144 774 3215 μόνον
801 3144 900 3196 ὅσα
932 3142 990 3194 ἐν
1011 3143 1077 3211 τῇ
1107 3137 1402 3209 Ἐκκλησία
1427 3135 1760 3207 παρανόμως
1792 3150 1853 3186 τε

1950 1964 2099 2010 tanta
2136 1954 2456 2011 deliratione
2497 1962 2554 2008 et
2593 1953 2876 2019 vecordia,
2938 1966 3150 2007 necnon
3218 1950 3524 2006 insulsitate

1949 2056 2111 2118 atque
2149 2046 2470 2102 enormitate
2503 2045 2782 2109 antistitis,
2827 2045 2989 2099 etiam
3044 2053 3229 2097 vetera
3268 2042 3517 2112 quaedam

1950 2138 2176 2208 vestigia
2214 2136 2478 2207 ejusmodi
2509 2135 2800 2190 affectuum
2823 2175 2838 2199 ,
2886 2135 3145 2188 memoria
3200 2133 3520 2187 recolentes.

1951 2227 2152 2283 Verum
2167 2226 2380 2282 duratio
2407 2236 2569 2296 atque
2583 2226 2978 2280 incrementum
3004 2223 3427 2293 praecedentium
3456 2222 3525 2276 de

1951 2317 2326 2387 praesentibus,
2363 2324 2618 2383 tanquam
2645 2324 2841 2384 pragter
2862 2312 3174 2382 opinionem
3204 2312 3377 2376 iactis,
3399 2326 3525 2380 per-

1954 2409 2276 2465 turbationis
2321 2408 2479 2463 nobis
2505 2408 2788 2462 materiam
2839 2406 3211 2476 praebuerunt.
3254 2406 3523 2460 Caeterum

1953 2502 2199 2558 molestia
2220 2517 2327 2556 non
2358 2509 2536 2566 vacat,
2584 2500 2923 2571 singulorum
2954 2497 3133 2553 causis
3158 2497 3524 2567 particulatim

1953 2594 2223 2658 insistere,
2260 2593 2405 2663 quod
2441 2592 2639 2667 saepius
2662 2591 2919 2653 diximus,
2940 2600 2996 2646 et
3023 2605 3173 2645 nunc
3196 2590 3356 2645 etiam
3384 2588 3525 2643 dici—

1955 2701 2097 2741 mus.
2138 2684 2293 2751 Quod
2324 2700 2447 2740 cum
2477 2694 2788 2754 peccatores
2836 2697 2937 2737 nos
2979 2681 3311 2753 peecatrices
3336 2695 3528 2734 manus

1954 2778 2113 2848 capiti
2150 2788 2243 2834 tuo
2292 2777 2665 2846 imposuimus,
2699 2776 2922 2848 gratiam
2965 2774 3136 2829 sancti
3170 2772 3404 2845 Spiritus
3427 2786 3528 2824 an-

1957 2869 2108 2926 tistiti
2142 2868 2413 2939 propriam
2445 2868 2796 2938 implorantes
2846 2867 2978 2937 (non
3012 2874 3214 2921 nostrae
3270 2879 3527 2920 manuum

1961 2961 2311 3032 impositioni,
2388 2960 2479 3031 sed
2545 2974 2796 3031 supernae
2862 2958 3208 3030 benignitati,
3292 2966 3348 3011 et
3419 2965 3528 3010 tuac

1958 3055 2126 3126 ipsius
2173 3054 2358 3110 virtuti
2410 3053 2648 3119 conﬁsi,
2707 3061 3096 3123 superventum
3178 3049 3351 3121 ipsius
3431 3063 3535 3104 nos

1957 3146 2333 3201 benedictione
2386 3146 2724 3212 ditaturum),
2784 3159 2896 3199 non
2944 3143 3119 3198 solum
3170 3157 3292 3212 quae
3332 3142 3389 3195 in
3427 3140 3536 3195 Ec-

288 3235 390 3289 καὶ⁵
423 3234 790 3295 ἀκανονίστως
814 3231 964 3302 παρά
984 3230 1077 3284 τοῦ
1100 3229 1304 3299 ταύτης
1329 3227 1592 3299 προέδρου
1624 3226 1855 3297 πρόεισι,

1964 3240 2127 3295 clesia
2178 3239 2451 3310 illegitime
2494 3248 2550 3293 et
2601 3247 2789 3293 contra
2847 3252 3089 3292 canones
3125 3236 3196 3291 ab
3238 3235 3411 3305 ipsius
3439 3248 3538 3287 an-

288 3328 431 3383 ἀλλά
457 3328 549 3380 καὶ
577 3328 675 3380 ὃσα
707 3326 837 3396 παρ’
867 3324 1053 3395 ἐτέρου
1079 3322 1177 3394 τὴν
1198 3321 1388 3392 ὁμοίαν
1416 3320 1862 3389 ἐπιδεικνυμένου

289 3416 543 3485 γνώμην,
573 3414 745 3467 ταῦτα
767 3414 944 3466 πάντα
975 3413 1073 3483 τὴν
1106 3412 1204 3481 σὴν
1232 3408 1623 3481 ἀρχιερατικὴν
1655 3425 1862 3478 παρεγ-

290 3507 554 3575 γυώμεθα
583 3505 892 3573 τελειότητα
925 3502 1034 3573 (ὡς
1064 3502 1223 3573 ἡμῶν
1262 3502 1371 3554 τῶν
1425 3498 1697 3554 ταπεινῶν
1728 3516 1864 3568 συμ-

290 3595 581 3666 παρόντων
604 3596 699 3647 καὶ
733 3592 1223 3663 συνεφαπτομένων
1245 3594 1357 3655 τοῖς
1382 3590 1567 3660 νόμοις
1585 3588 1680 3641 τοῦ
1704 3587 1865 3641 Πνεύ-

296 3688 497 3755 ματος)
526 3684 852 3738 ἀνακόπτειν
879 3700 938 3735 τε
971 3684 1068 3736 καὶ
1109 3680 1506 3753 ἀναχαιτίζειν,
1551 3680 1647 3733 καὶ⁵
1684 3679 1777 3732 ἐπὶ
1802 3679 1864 3731 τὸ

297 3777 504 3846 βέλτιον
536 3776 630 3829 καὶ
659 3776 879 3848 ἄριστον
934 3774 1389 3844 μεταρυθμίζειν·
1442 3774 1540 3843 οὐχ
1564 3771 1722 3843 ἡμῶν
1746 3770 1866 3825 νυνὶ

295 3866 396 3935 τὴν
450 3867 703 3937 τοιαύτην
759 3864 1133 3936 πνευματικὴν
1172 3863 1417 3927 ἐξουσίαν
1467 3862 1861 3933 χαριζομένων,

294 3956 437 4009 ἁλλά
462 3956 555 4009 τοῦ
588 3956 904 4026 Πνεύματος
960 3954 1053 4008 τοῦ
1102 3954 1389 4021 παναγίου,
1416 3954 1578 4024 ἡνίκα
1629 3953 1724 4007 καὶ
1765 3953 1865 4023 τὴν

297 4049 697 4119 ἀρχιερατικὴν
758 4048 927 4102 ἐδίδου
977 4047 1203 4118 δωρεάν.
1248 4045 1691 4099 Ἀπολυέσθωσαν
1734 4044 1867 4112 γοῦν

296 4139 350 4190 οἱ
382 4137 707 4208 παραλόγως
729 4136 912 4205 δεσμῷ
937 4134 1329 4206 ὑποδληθέντες
1353 4136 1451 4204 τῆς
1477 4135 1673 4204 ἀλόγου
1695 4152 1865 4189 κατα-

296 4228 477 4296 δίκης,
510 4228 603 4281 καὶ
632 4228 768 4296 πρὸς
789 4226 886 4296 τὴν
913 4226 1129 4279 δικαίαν
1160 4225 1685 4296 μεθαρμοζέσθωσαν
1708 4226 1869 4295 θερα-

298 4319 461 4372 πείαν
482 4335 495 4349 ο
520 4319 609 4371 καὶ
632 4320 680 4371 oi
700 4317 798 4387 τὴν
820 4317 1133 4387 παράνομον
1154 4316 1469 4386 καθαίρεσιν
1512 4317 1864 4381 ὑποστάντες,

296 4414 401 4480 τῆς
424 4410 624 4481 ἀνόμου
651 4410 832 4480 ψήφου
866 4408 1246 4479 πεπαυμένης,
1278 4409 1550 4478 ἐχέτωσαν
1578 4409 1676 4477 τῆς
1706 4409 1867 4479 ἱερωο

301 4502 506 4572 σύνης’
555 4504 648 4556 καὶ
674 4502 703 4554 ὁ
747 4499 922 4555 ταῦτα
961 4500 1170 4570 πράξας
1221 4500 1492 4570 ἀφρόνως,
1525 4500 1757 4569 μάλιστά
1779 4516 1864 4569 γε,

1968 3332 2137 3386 tistitc
2169 3330 2488 3400 procedunt,
2539 3329 2637 3385 sed
2671 3344 2792 3399 quas
2820 3328 2890 3383 ab
2933 3329 3040 3383 alio
3065 3328 3346 3397 quopiam,
3381 3327 3537 3381 simi-

1966 3423 2072 3477 lem
2127 3421 2294 3476 animi
2341 3422 2669 3476 sententiam
2714 3422 3150 3483 demonstrante,
3196 3420 3313 3473 haec
3340 3417 3528 3473 omnia

1967 3530 1999 3569 a
2053 3524 2145 3569 tua
2199 3513 2462 3569 antistitis
2511 3513 3184 3583 perfectione(tanquam
3232 3510 3541 3566 humilitate

1968 3614 2159 3660 nostra
2211 3613 2500 3675 prasente,
2546 3612 2602 3658 et
2646 3603 2955 3674 spirituales
3017 3603 3163 3672 leges
3213 3600 3539 3671 adiuvante)

1969 3692 2221 3763 reprimi,
2280 3691 2660 3758 suﬂlaminari,
2699 3693 2766 3760 {et
2810 3692 2867 3746 in
2892 3691 3197 3758 meliorem,
3242 3691 3358 3745 sive
3393 3688 3543 3759 epti-

1968 3800 2116 3839 mum
2180 3794 2379 3839 statum
2446 3784 2729 3839 reformari
2780 3784 3127 3855 praecipimus
3171 3800 3185 3836 :
3238 3797 3346 3837 non
3382 3780 3542 3835 nobis

1970 3892 2118 3933 nunc
2170 3876 2477 3946 hujusmodi
2525 3876 2857 3946 spiritualem
2926 3884 3249 3946 potestatem
3300 3872 3541 3943 largien-

1972 3969 2143 4035 tibus,
2181 3968 2277 4023 sed
2319 3978 2509 4024 sancto
2560 3968 2767 4038 Spiritu
2818 3978 2948 4022 tunc
3015 3982 3135 4022 eam
3193 3964 3539 4028 conferente,

1972 4080 2095 4119 cum
2158 4064 2385 4136 gratiam
2439 4066 2637 4119 summi
2696 4062 2992 4119 sacerdotii
3041 4062 3289 4118 donaret.
3344 4058 3541 4115 Absol-

1971 4165 2169 4212 vantur
2198 4157 2358 4226 igitur
2406 4166 2606 4226 przeter
2644 4156 2909 4211 rationem
2948 4154 3165 4209 vinculo
3196 4153 3427 4224 subjecti
3474 4152 3543 4207 ab

1972 4248 2157 4318 iniqua
2189 4248 2559 4311 damnatione,
2605 4257 2661 4302 et
2689 4248 2754 4303 ad
2784 4247 3082 4319 legitimum
3129 4247 3335 4302 cultum
3373 4244 3547 4299 refor-

1973 4349 2195 4395 mentur
2220 4357 2235 4395 :
2264 4352 2319 4397 et
2349 4340 2440 4410 qui
2488 4340 2923 4417 degradationern
2974 4340 3184 4409 legibus
3216 4337 3545 4393 contrariam

1973 4434 2120 4503 passi
2161 4443 2308 4497 sunt,
2346 4433 2534 4501 iniquo
2578 4432 2799 4486 decreto
2828 4441 3100 4494 cessante,
3154 4432 3211 4483 in
3240 4427 3546 4484 sacerdotio

1973 4519 2400 4577 administrando
2444 4530 2700 4589 pergant:
2753 4528 2809 4572 et
2858 4512 2957 4585 qui
2998 4518 3114 4572 lucc
3171 4515 3547 4585 imprudenter

298 4595 385 4647 ὅτι
406 4596 475 4646 τὰ
502 4593 596 4645 τοῦ
624 4591 875 4662 σώματος
916 4591 1061 4663 πάθη
1093 4594 1191 4645 καὶ
1232 4592 1332 4661 τὴν
1364 4591 1463 4660 τῆς
1506 4591 1683 4661 ψυχῆς
1738 4609 1855 4645 συν-

1969 4610 2209 4675 admisit,
2238 4608 2475 4663 maxime
2515 4608 2757 4677 quidem,
2814 4607 2940 4676 quia
2989 4604 3230 4675 corporis
3265 4602 3545 4673 passiones

304 4686 504 4755 άφειαν
539 4685 865 4756 ὑπογράφει,
891 4682 1226 4753 μανθανέτω,
1251 4685 1300 4735 εἰ
1327 4682 1402 4753 μὴ
1431 4682 1649 4734 δύναται
1675 4699 1873 4754 παραι-

301 4778 504 4838 νέσεως
540 4777 703 4846 λόγῳ,
725 4776 838 4828 ἀλλ’
859 4774 951 4829 οὖν
976 4776 1408 4845 αὐστηρότερον,
1442 4775 1516 4845 μὴ
1553 4775 1873 4846 παραφέρε-

305 4868 431 4920 σθαι
448 4868 539 4920 τοῦ
572 4868 802 4921 δικαίου.
831 4868 931 4921 Διά
964 4867 1123 4920 τοῦτο
1152 4867 1247 4920 καὶ
1275 4868 1322 4935 δή
1371 4868 1508 4936 πρὸς
1554 4866 1716 4919 αὐτὸν
1757 4869 1871 4919 ἐπι-

305 4958 468 5026 στολὴ
521 4959 660 5028 καλὴ
703 4960 797 5012 καὶ
849 4958 1061 5012 δικαίαο
1100 4962 1194 5012 καὶ
1226 4960 1276 5011 εί
1311 4961 1447 5031 μηδέ
1481 4962 1617 5032 μετά
1667 4962 1872 5034 ταύτην

305 5048 727 5117 σωφρονισθείη,
766 5049 1067 5120 ἱερουργεῖν
1099 5049 1219 5119 μὲν,
1251 5050 1343 5103 καὶ
1372 5050 1481 5105 τῶν
1525 5052 1748 5122 ἀψύχων
1773 5053 1874 5122 τὴν

304 5138 572 5208 διοίκησιν
602 5139 767 5209 ἔχειν,
792 5140 928 5203 τέως
961 5140 1035 5211 μὴ
1054 5142 1345 5195 κωλυέσθω
1371 5160 1383 5173 ·
1408 5145 1665 5214 ἐπιτιμᾷν
1691 5143 1749 5196 δὲ
1780 5145 1877 5198 καὶ

305 5228 609 5294 κανονίζειν
637 5230 761 5293 τοὺς
790 5230 1088 5301 ἐμψύχους,
1106 5232 1309 5303 ἄψυχος
1339 5235 1499 5297 αὐτὸς
1524 5234 1620 5301 ὢν,
1658 5235 1746 5288 διὰ
1776 5236 1877 5305 τῆς

307 5322 369 5372 ἐν
402 5321 679 5391 Πνεύματι
701 5321 841 5392 ἁγίῳ
871 5324 1002 5393 ἡμῖν
1034 5324 1322 5398 δεδομένης
1354 5326 1620 5395 ἐξουσίας,
1658 5328 1734 5399 μὴ
1769 5346 1875 5382 πα-

311 5412 683 5481 ραχωρείσθω.

1972 4718 2241 4773 congruos
2272 4701 2437 4755 animi
2466 4700 2691 4755 ali'cctus
2728 4699 3055 4770 exprimunt,
3097 4696 3265 4750 discat
3291 4695 3337 4749 si
3365 4701 3546 4764 potest

1971 4794 2243 4850 sermonis
2272 4792 2668 4856 exhortatione,
2725 4792 2809 4845 sin
2839 4790 3018 4843 minus
3046 4788 3353 4850 severitate,
3385 4785 3454 4839 ab
3480 4800 3546 4839 eo

1973 4885 2118 4956 quod
2148 4887 2354 4955 justum
2388 4894 2490 4949 est,
2528 4901 2637 4939 non
2666 4882 2938 4937 recedere.
2963 4879 3170 4935 Idcirco
3193 4877 3257 4931 ad
3281 4892 3404 4931 cum
3427 4876 3548 4946 epi-

1975 4978 2111 5033 stola
2139 4978 2263 5047 jure
2290 4987 2346 5031 et
2368 4985 2514 5030 recte
2530 4974 2917 5030 destinabitur:
2938 4979 3221 5041 postquam
3237 4967 3342 5022 nisi
3364 4967 3547 5023 sanior

1981 5070 2194 5136 evadat,
2242 5084 2392 5124 sacra
2426 5068 2645 5137 quidem
2699 5065 2898 5127 facere,
2936 5072 2992 5117 et
3028 5060 3324 5116 inanimata
3370 5058 3546 5114 admi-

1975 5163 2211 5217 nistrare
2288 5160 2526 5216 nondum
2592 5156 2980 5228 prohibeatur,
3035 5167 3299 5208 censuras
3364 5160 3543 5206 autem

1976 5254 2236 5324 irrogare,
2304 5262 2359 5307 et
2402 5250 2667 5304 animatos
2730 5247 2796 5301 ad
2848 5246 3061 5317 regulas
3115 5244 3330 5315 exigere
3361 5283 3377 5307 ,
3427 5241 3545 5312 ipse

1976 5348 2262 5409 inanimis,
2299 5352 2565 5417 potestate
2594 5341 2752 5397 nobis
2789 5357 2819 5395 a
2853 5340 3056 5413 Spiritu
3108 5346 3298 5395 sancto
3341 5334 3545 5392 indulta

1977 5456 2048 5496 ne
2094 5438 2459 5511 permittatur.
