4044 6418
521 346 621 413 ’191

1080 445 1297 502 EPIST.
1338 440 1526 499 XXIII.

1678 331 1937 394 PHOTII
1976 328 2479 390 ΡΑΤΒΙΑΒΟΗᾹΞ
2514 330 2619 390 CP.

3651 322 3775 387 792

2776 438 2997 493 ΕΠΙΣΤ.
3027 438 3153 492 ΚΡ.

1740 530 1882 580 Edita
1910 542 1939 577 a
1967 527 2267 577 Montacutio
2300 526 2369 589 (p.
2404 527 2535 591 591).

592 636 966 692 Pervenerunt
1014 631 1080 686 ad
1120 645 1219 684 nos
1250 620 1455 683 littera!
1485 626 1791 682 sanctitatis
1838 633 1945 678 tua:
1973 622 2084 677 Deo
2111 614 2161 670 Δ

2268 622 2522 689 Ἀφίκετο
2542 624 2675 692 ἡμῖν
2701 620 3004 693 γράμματα
3029 622 3129 692 τῆς
3162 620 3263 692 σῆς
3294 622 3621 690 Θεοφιλείας,
3638 624 3775 675 ἐπι⁶

521 729 753 794 dilectze,
796 725 1129 797 postulantes
1168 738 1197 775 a
1233 720 1610 776 mediocritate
1653 726 1837 772 nostra
1866 722 2079 770 senten-

2188 712 2454 781 ζητοῦντα
2478 715 2629 783 παρὰ
2656 712 2757 783 τῆς
2784 713 2941 784 ἡμῶν
2975 713 3328 783 μετριότητος
3355 713 3533 785 ψῆφον
3597 716 3773 768 ἐπεν-

524 820 653 875 tiam
709 816 840 872 ferri
883 815 949 869 de
990 814 1326 884 presbytero,
1366 811 1457 880 qui
1507 818 1704 880 prteter
1752 806 2087 861 voluntatem

520 918 829 981 parentum,
868 922 973 960 non
1004 912 1317 974 exspectato
1344 918 1531 957 eorum
1556 914 1852 960 consensu,
1886 897 2086 952 liberos

522 1003 762 1071 ipsorum
790 1006 1144 1052 coronaverat
1181 1011 1193 1048 :
1231 1010 1462 1065 quorum
1507 1002 1692 1063 postea
1714 989 1892 1045 studio
1930 1002 2087 1057 sepa-

520 1090 643 1153 rati,
680 1103 804 1142 cum
850 1084 971 1139 aliis
1008 1083 1257 1153 personis
1296 1082 1362 1135 ad
1408 1080 1716 1150 nuptiarum
1742 1076 2083 1131 communio-

520 1196 646 1237 nem
703 1194 827 1234 cum
856 1176 1155 1237 venissent,
1187 1190 1349 1244 opera
1381 1180 1669 1243 parentum
1696 1170 1762 1224 ab
1806 1168 1914 1223 alio
1958 1182 2086 1237 pre-

520 1272 737 1342 sbytero
812 1268 1247 1323 benedictionem
1334 1263 1663 1335 acceperint.
1751 1261 1827 1315 De
1904 1259 2083 1330 primo

519 1365 702 1434 itaque
740 1364 1056 1434 presbytero
1082 1364 1159 1417 sic
1198 1359 1541 1415 decernimus
1569 1374 1583 1409 :
1616 1356 1659 1411 si
1710 1355 1925 1425 quidem
1953 1366 2085 1407 con-

520 1456 698 1510 traria:
748 1464 1033 1525 parentum
1105 1452 1397 1507 voluntatis
1439 1451 1682 1521 ignarus,
1732 1463 1799 1502 ex
1850 1445 2079 1511 inscitia,

518 1546 574 1600 in
615 1547 945 1601 eoronandis
990 1546 1105 1599 istis
1146 1560 1266 1615 qua:
1310 1550 1684 1597 convenerunt
1726 1540 1993 1609 personis,
2028 1540 2081 1591 in

517 1654 755 1693 errorem
790 1638 973 1708 lapsus
1008 1640 1097 1703 sit,
1132 1636 1253 1691 talis
1280 1650 1402 1690 cum
1447 1635 1536 1699 sit,
1568 1648 1675 1686 non
1714 1647 1933 1701 prorsus
1961 1630 2082 1684 lata:

518 1730 693 1799 culpa:
738 1730 1029 1795 obnoxius,
1088 1738 1345 1796 tanquam
1388 1725 1456 1779 de
1500 1723 1805 1778 voluntario
1859 1730 2082 1792 peccato

518 1818 861 1874 damnandus
894 1829 977 1873 est
1008 1829 1021 1873 ξ
1058 1834 1165 1873 non
1203 1828 1382 1872 tamen
1426 1826 1679 1885 tanquam
1706 1814 1881 1867 omnis
1910 1814 2081 1884 culpa:

516 1928 713 1981 expers
738 1912 1131 1978 dimittendus;
1174 1909 1415 1981 Oportuit
1444 1909 1587 1963 enim
1618 1909 1793 1978 ipsum
1828 1915 2081 1962 accurate

515 2004 889 2070 sciscitatum,
954 2004 1237 2058 rescivisse
1296 2018 1424 2056 num
1470 2002 1749 2056 voluntate
1795 2009 2081 2069 parentum

513 2097 607 2166 qui
661 2098 726 2152 ad
781 2097 999 2167 nuptias
1047 2097 1297 2161 coibant,
1327 2094 1636 2165 coniugium
1671 2093 2077 2148 contraherent.

514 2191 721 2245 Idcirco
765 2190 975 2247 ordinis
1031 2190 1114 2245 sui
1166 2189 1391 2259 jactura
1447 2187 1570 2240 talis
1614 2200 1721 2239 non
1772 2183 2076 2253 subjicitur,

514 2284 609 2337 sed
679 2286 744 2339 ad
841 2295 1056 2355 tempus
1129 2284 1485 2339 constitutum
1539 2297 1695 2337 sacro
1757 2280 2081 2334 celebrando

512 2376 943 2445 prohibebitur;
992 2388 1157 2442 tum,
1222 2392 1340 2431 eam
1404 2390 1523 2445 qua‘.
1580 2375 1635 2428 in
1684 2374 1906 2443 reliquis
1958 2388 2078 2426 cer—

512 2467 663 2523 nitur
724 2470 1137 2535 austeritatem,
1195 2468 1421 2540 jejuniis
1473 2467 1675 2524 scilicet
1736 2478 1894 2537 atque
1954 2481 2077 2519 ora-

517 2561 777 2628 tionibus,
819 2563 1051 2618 subibit:
1086 2572 1298 2633 tempus
1327 2572 1508 2617 autem
1542 2576 1717 2631 plnum
1757 2558 2076 2620 subeund'e.

512 2656 596 2710 vel
629 2656 696 2709 ad
722 2654 1072 2726 quadraginta
1093 2654 1227 2719 dies,
1258 2654 1343 2708 vel
1370 2653 1451 2708 bis
1478 2653 1701 2706 totidem
1733 2651 2073 2714 extendetur,

512 2762 613 2817 pro
642 2747 852 2801 ratione
881 2746 1053 2816 ipsius
1095 2746 1146 2799 in
1178 2745 1498 2815 pmnitentia
1530 2745 1797 2809 fervoris;
1850 2758 1920 2796 ne
1964 2757 2079 2795 am-

512 2839 654 2908 plius
684 2840 738 2892 in
768 2838 1035 2909 ejusmodi
1066 2838 1192 2905 quid
1214 2837 1419 2900 delicti,
1454 2852 1519 2890 ex
1545 2836 1774 2899 incuria,
1801 2836 2077 2905 animique

512 2930 728 3001 ignavia
763 2930 984 2985 incidat.
1021 2930 1131 2985 lloc
1159 2930 1319 3000 igitur
1342 2928 1605 2991 obtineat,
1633 2929 1676 2983 si
1710 2929 1776 2983 ad
1809 2929 2073 2985 inscitiam

513 3029 797 3089 peccatum
848 3018 1069 3072 referat.
1126 3018 1280 3083 Quod
1325 3019 1370 3071 si
1408 3017 1738 3071 voluntatem
1790 3028 2074 3087 parentum

513 3109 805 3163 consensui
836 3106 965 3162 huic
988 3117 1044 3161 et
1073 3109 1324 3179 conjugio
1357 3107 1631 3160 adversari
1674 3106 1855 3173 sciret,
1880 3116 1932 3161 et
1954 3108 2075 3177 ejus

513 3214 623 3254 non
656 3199 893 3270 ignarus,
922 3210 1036 3255 tum
1084 3200 1384 3254 naturalem
1418 3198 1612 3270 Legem
1664 3208 1776 3253 tum
1818 3200 2074 3269 spiritua-

2112 1963 2155 2019 Β

511 3288 621 3343 lem
646 3290 995 3360 contempsit,
1019 3305 1249 3360 quorum
1276 3298 1502 3359 uterque
1528 3289 1739 3343 irritum
1763 3291 2073 3361 eonjugium
2102 3301 2147 3362 α

512 3382 853 3451 pronuntiat,
908 3381 1224 3452 parentibus
1279 3394 1534 3435 assensus
1599 3381 1681 3435 sui
1759 3382 2075 3453 sutlragium

511 3488 623 3527 non
661 3472 982 3536 ferentibus,
1013 3489 1187 3545 poenae
1217 3474 1319 3528 rite
1353 3474 1618 3528 obnoxius
1642 3483 1775 3529 esto.
1804 3473 1859 3529 Si
1895 3485 2075 3531 tamen

511 3576 788 3634 parentes,
824 3577 1111 3637 postquam
1165 3575 1295 3621 tetas
1330 3567 1620 3620 liberorum
1656 3583 1753 3637 per
1777 3568 1920 3639 leges
1960 3570 2077 3622 ido-

512 3672 612 3710 nea
642 3658 709 3712 ad
758 3658 974 3728 nuptias
1018 3668 1182 3723 esset,
1218 3658 1388 3711 dilato
1428 3673 1524 3727 per
1561 3658 1775 3728 longum
1819 3665 2077 3729 temporis

512 3750 747 3816 spatium
772 3750 1045 3820 coniugio,
1073 3749 1449 3804 necessitatem
1483 3750 1588 3819 ipsi
1623 3750 1804 3804 liberis
1830 3753 2075 3820 praebue-

511 3842 645 3907 rint,
670 3841 833 3895 etiam
862 3841 1044 3896 invitis
1072 3842 1387 3911 parentibus
1425 3842 1493 3897 ad
1520 3844 1735 3913 nuptias
1759 3844 2074 3909 accedendi,

510 3941 627 3985 tum
662 3947 762 3986 nec
789 3933 935 4002 leges
961 3932 1270 4001 bujusmodi
1312 3934 1530 4003 nuptias
1557 3934 1738 3989 irritas
1770 3936 1994 4000 iaciunt,
2022 3948 2077 3992 et

511 4022 602 4090 qui
637 4021 862 4076 interest
893 4024 1165 4088 sacerdos,
1206 4033 1261 4079 et
1289 4026 1367 4079 eis
1408 4026 1696 4091 benedicit,
1730 4028 1874 4081 nulla
1918 4029 2075 4097 culpa

513 4124 751 4168 tenetur.
805 4113 1002 4170 Ratum
1046 4126 1226 4172 autem
1272 4118 1331 4172 [it
1381 4117 1692 4188 hujusmodi
1740 4121 2072 4191 c0njugium,

509 4206 689 4275 judice
730 4222 796 4261 ex
845 4221 1023 4263 causa:
1062 4209 1273 4275 notitia,
1320 4210 1625 4265 custodiam
1672 4212 1987 4273 liberorum,
2022 4225 2077 4268 et

511 4297 804 4368 legitimam
843 4298 1081 4370 ipsorum
1128 4301 1463 4355 voluntatem
1509 4302 1838 4372 improbitati
1881 4321 2077 4375 paren-

512 4401 626 4445 tum
661 4391 1004 4462 prtet'erentc.
1052 4394 1127 4448 De
1170 4394 1349 4465 primo
1388 4394 1569 4465 itaque
1600 4397 1932 4469 presbytero,
1975 4400 2075 4454 ista

508 4482 665 4537 nobis
697 4483 786 4554 jus
813 4485 1071 4555 suggerit.
1107 4485 1183 4541 De
1216 4486 1457 4541 secundo
1483 4498 1666 4542 autem
1716 4503 1819 4545 nec
1846 4490 2075 4560 simplex

507 4583 591 4628 est
634 4576 1017 4631 consideratio.
1051 4575 1185 4632 Nam
1236 4578 1280 4632 si
1317 4579 1565 4651 gconjugii
1618 4581 1815 4651 prioris
1853 4582 2074 4655 ignarus

2187 804 2413 876 εχθῆναι
2465 809 2591 876 περὶ
2645 805 2737 859 τοῦ
2775 806 3146 879 πρεσϐυτέρου
3169 805 3263 859 τοῦ
3315 806 3776 875 στεφανώσαντας

2188 899 2339 968 παρὰ
2376 896 2598 969 γνώμην
2622 899 2731 952 τῶν
2760 900 2963 965 γονέων
2983 900 3050 953 τά
3080 898 3287 952 τούτων
3316 900 3499 964 τέκνα,
3533 902 3630 954 καὶ
3655 902 3777 971 τὴν

2185 990 2388 1043 τούτων
2421 992 2723 1045 συναίνεσιν
2758 990 2833 1061 μὴ
2866 992 3302 1062 προσδεξαμένου
3324 1009 3337 1022 ο
3364 988 3485 1047 εἶτα
3527 995 3621 1047 ὑπ’
3653 996 3773 1047 αὑ-

2185 1081 2295 1134 τῶν
2322 1080 2731 1151 διαζευχθέντα,
2760 1082 2857 1134 καὶ
2887 1081 3047 1136 πάλιν
3071 1082 3276 1153 ἑτέροις
3298 1082 3611 1154 προσώποις
3641 1100 3777 1137 κοιο

2186 1170 2523 1240 νωνήσαντα,
2565 1172 2815 1241 καὶπρὸς
2840 1173 3015 1241 γάμον
3049 1171 3289 1237 ἐλθόντα,
3327 1176 3615 1244 συνεργεία
3648 1175 3776 1227 τῶν

2184 1262 2437 1331 πατέρων
2466 1261 2555 1331 ὑφ’
2582 1263 2770 1333 ἐτέρου
2799 1264 3171 1334 πρεσϐυτέρου
3201 1266 3580 1337 εὐλογηθέντα.
3645 1268 3776 1321 Καὶ

2186 1354 2317 1424 περὶ
2340 1355 2438 1423 μὲν
2460 1353 2557 1407 τοῦ
2583 1357 2800 1425 πρώτου
2825 1356 3195 1427 πρεσϐυτέρου
3216 1357 3358 1411 οὓτω
3383 1359 3772 1431 διοριζόμεθα·

2186 1446 2248 1499 Ei
2286 1448 2386 1515 μὲν
2418 1447 2603 1517 ἠγνόει
2633 1448 2742 1500 τῶν
2769 1448 3034 1502 τεκόντων
3067 1450 3129 1502 τὸ
3156 1448 3476 1521 ἀϐούλητον,
3526 1447 3651 1504 εἶτα
3702 1452 3775 1516 ἐξ

2184 1538 2404 1605 ἀγνοίας
2433 1540 2767 1611 περιεπάρη,
2792 1541 2849 1591 ὲν
2894 1540 2971 1609 τῷ
3000 1542 3381 1611 στεφανώματι
3410 1542 3518 1594 τῶν
3560 1543 3773 1596 συνελο

2184 1629 2383 1683 θόντων
2410 1630 2739 1701 προσώπων,
2769 1634 2797 1684 6
2824 1631 3061 1696 τοιοῦτος
3086 1634 3182 1702 μὲν
3210 1633 3271 1686 οὐ
3301 1634 3579 1698 παντελῶς
3608 1636 3772 1687 ἐστιν

2185 1722 2504 1788 ὑπεύθυνος,
2532 1722 2655 1777 οὐδὲ
2686 1722 2944 1785 ἑκουσίως
2962 1722 3235 1795 ἁλώσιμος
3257 1726 3638 1795 ἁμαρτήματι,
3657 1726 3771 1778 οὐκ

2182 1816 2472 1880 ἀνεύθυνος
2494 1816 2553 1869 δέ
2592 1815 2870 1878 παντελῶς
2884 1815 3199 1880 ἀπολύεται,
3217 1818 3409 1887 ὅτιπερ
3428 1817 3533 1871 ἔδει
3560 1817 3771 1871 τοῦτον

2183 1908 2536 1977 ἐξερευνῆσαι
2575 1908 2668 1959 καί
2705 1906 3271 1979 ἁκριϐολογησάμενον
3323 1908 3651 1978 ἁναμαθεῖν,
3709 1911 3767 1962 εἰ

2182 2003 2289 2071 ἄρα
2338 2004 2403 2071 τῇ
2441 2001 2694 2072 βουλήσει
2724 2000 2831 2053 τῶν
2859 2002 3125 2055 τεκόντων
3147 2004 3195 2055 οἱ
3227 2002 3361 2073 πρὸς
3393 2006 3570 2072 γάμον
3628 2020 3769 2056 συν-

2182 2090 2476 2160 απτόμενοι
2503 2090 2789 2145 συνιστῶσι
2816 2092 2876 2144 τὸ
2904 2092 3258 2147 συνοικέσιον.
3283 2092 3382 2148 Διὰ
3409 2092 3590 2159 τοῦτο,
3618 2094 3770 2148 καθ-

2181 2182 2391 2253 αιρέσει
2427 2183 2527 2252 μὲν
2556 2184 2584 2235 ό
2608 2181 2850 2245 τοιοῦτος
2882 2184 2980 2254 οὺχ
3006 2183 3391 2252 ὑποϐάλλεται,
3431 2186 3529 2238 ἐπὶ
3557 2186 3767 2256 χρόνον

2180 2272 2233 2324 δέ
2263 2290 2384 2327 τινα
2420 2273 2601 2343 ῥητὸν,
2653 2274 2754 2343 τῆς
2792 2275 3105 2344 ἱερουργίας
3153 2276 3601 2347 ἐπισχεθήσεται,
3660 2279 3767 2331 καὶ

2180 2366 2278 2433 τὴν
2306 2366 2362 2418 ἐν
2393 2368 2506 2429 τοῖς
2532 2365 2710 2430 ἄλλοις
2736 2367 3128 2438 ταλαιπωρίαν,
3162 2368 3435 2438 νηστείαις
3462 2386 3543 2434 τε,
3578 2369 3764 2439 φημὶ,

2182 2458 2275 2511 καὶ
2298 2461 2645 2529 προσευχαῖς,
2680 2462 3042 2529 ὑποστήσεται
3064 2478 3078 2492 ·
3099 2464 3127 2514 ό
3154 2462 3212 2514 δὲ
3244 2462 3435 2532 χρόνος
3472 2464 3571 2531 τῆς
3627 2465 3765 2517 ἐπι-

2179 2550 2477 2620 τιμήσεως,
2512 2550 2543 2622 ἦ
2568 2552 2624 2604 ὲν
2657 2554 3065 2623 τεσσαράκοντα
3095 2554 3348 2624 ἡμέραις,
3370 2556 3404 2624 ἢ
3433 2555 3515 2617 δὶς
3547 2554 3764 2607 τοσαύ-

2178 2657 2301 2702 ταις
2328 2641 2799 2711 παραταθήσεται,
2833 2643 2965 2713 πρὸς
2994 2645 3095 2713 τὴν
3121 2644 3410 2712 ἀναλογίαν
3447 2644 3546 2713 τῆς
3590 2645 3653 2695 ἐν
3682 2646 3761 2713 τῇ

2182 2729 2439 2800 μετανοίᾳ
2469 2732 2829 2802 θερμότητοςο
2851 2732 2927 2795 ὡς
2946 2733 3012 2786 ἂν
3036 2731 3093 2798 ἐξ
3120 2733 3354 2804 ἀμελῶς
3383 2736 3475 2788 καὶ
3499 2735 3762 2805 ῥᾳθύμου

2179 2820 2402 2891 γνώμης
2450 2823 2715 2893 μηδέποτε
2754 2823 2950 2894 μηδενὶ
3003 2824 3231 2899 τοιούτῳ
3288 2828 3595 2897 περιπέσηο
3629 2826 3761 2879 ἀλλ’

2178 2912 2319 2966 οὕτω
2348 2913 2446 2983 μὲν
2475 2916 2523 2966 εί
2551 2917 2683 2985 πρὸς
2716 2916 2811 2986 τὴν
2834 2917 3053 2984 ἄγνοιαν
3078 2918 3375 2987 μεταφέρει
3404 2916 3463 2969 τό
3494 2918 3765 2988 ἁμάρτη-

2181 3018 2285 3072 μα·
2319 3004 2367 3055 εί
2414 3003 2469 3056 δὲ
2506 3002 2603 3074 τὴν
2632 3004 2887 3075 βούλησιν
2930 3005 3041 3075 τῷν
3097 3006 3350 3076 πατέρων
3387 3005 3759 3074 ἐξηπίστατο,

2178 3094 2273 3146 καὶ
2300 3095 2375 3158 ὼς
2413 3097 2786 3165 ἀπηρέσκοντο
2813 3100 2879 3168 τῇ
2922 3098 3185 3170 συναφείᾳ
3203 3115 3262 3151 τε
3292 3101 3385 3153 καὶ
3431 3099 3762 3170 συμφωνίᾳ,

2177 3187 2272 3239 καὶ
2290 3185 2462 3239 ταῦτα
2493 3188 2669 3253 εἰδὼς,
2706 3188 2957 3259 ὑπερεῖδε
2990 3190 3088 3259 μὲν
3135 3191 3227 3244 τὸν
3275 3191 3500 3259 φυσικὸν
3555 3192 3761 3260 νόμον,

2179 3278 2429 3348 ὑπερεῖδε
2456 3278 2512 3330 δὲ
2543 3280 2635 3332 καὶ
2666 3279 2757 3333 τὸν
2780 3282 3144 3351 πνευματικὸν
3171 3281 3449 3354 (ἑκάτερος
3478 3282 3587 3353 γὰρ
3618 3286 3767 3338 ἁκυ-

2182 3387 2275 3441 ρον
2303 3372 2593 3439 ἀποφαίνει
2636 3373 2735 3444 τὴν
2762 3375 3071 3444 συνάφειαν,
3105 3376 3213 3429 τῶν
3242 3376 3506 3429 τεκόντων
3549 3377 3615 3428 οὐ
3649 3394 3763 3446 (pa-

2179 3465 2381 3534 ρόντων
2408 3464 2506 3535 τὴν
2528 3466 2923 3536 ἐπιτρέπουσαν
2938 3466 3158 3537 ψῆφον),
3187 3471 3215 3521 ό
3233 3469 3466 3532 τοιοῦτος
3494 3468 3767 3535 ὑπόδικος

2178 3557 2339 3610 ἔστω.
2374 3558 2437 3610 Et
2468 3558 2525 3610 δὲ
2551 3558 2658 3629 ἄρα
2690 3560 2884 3629 μακρῷ
2932 3562 3126 3631 χρόνῳ,
3167 3562 3267 3630 τῆς
3292 3563 3471 3632 γάμου
3516 3567 3768 3633 νομικῆς

2177 3650 2393 3721 ἡλικίας
2419 3652 2526 3707 τῶν
2552 3651 2757 3705 παίδων
2784 3654 3095 3724 ἐπιτηδείας
3133 3654 3319 3726 οθσης,
3366 3656 3763 3727 ὐπερετίθεντο

2178 3741 2229 3793 οί
2257 3744 2456 3810 γονεῖς,
2492 3745 2587 3797 καὶ
2617 3744 2714 3814 τὴν
2736 3745 2984 3816 ἀνάγκην
3010 3747 3166 3800 αὐτοὶ
3207 3748 3507 3819 παρέσχον,
3545 3752 3645 3802 καὶ
3680 3750 3763 3822 μὴ

2180 3832 2519 3905 βουλομένων
2544 3836 2745 3899 αὐτῶν,
2770 3836 2944 3890 ἐλθεῖν
2963 3839 3089 3901 τοὺς
3115 3839 3310 3903 παῖδας
3328 3841 3407 3902 είς
3424 3841 3759 3909 συνάφειαν,

2177 3925 2477 3996 τηνικαῦτα
2506 3928 2598 3980 καὶ
2619 3928 2710 3982 τὸν
2736 3929 2975 3983 τοιοῦτον
3012 3930 3189 3999 γάμον
3233 3934 3261 3985 6
3296 3932 3455 4002 νόμος
3482 3936 3583 3985 οὐκ
3618 3935 3765 3989 dxe-

2182 4036 2273 4088 ρον
2303 4018 2505 4089 τίθησι,
2536 4019 2631 4072 καὶ
2663 4022 2689 4074 6
2714 4022 2892 4091 ἱερεὺς
2924 4021 3115 4091 παρὼν
3143 4026 3234 4076 καὶ
3260 4024 3499 4091 ἁγιάζων
3522 4025 3616 4077 τὸν
3648 4028 3760 4094 γά-

2182 4128 2281 4181 μον
2330 4112 2587 4182 οὐδεμιᾶς
2634 4113 2815 4177 αἰτίας
2869 4115 3018 4167 ὲστὶν
3080 4114 3295 4185 ἔνοχος·
3333 4117 3603 4187 λαμϐάνει
3641 4120 3703 4173 δὲ
3733 4122 3763 4174 ό

2176 4203 2416 4267 τοιοῦτος
2432 4204 2607 4273 γάμος
2634 4207 2693 4260 τὸ
2723 4206 2908 4278 κῦρος,
2939 4207 3125 4278 κριτοῦ
3151 4210 3249 4281 τὴν
3274 4210 3530 4265 ὑπόθεσιν
3556 4214 3760 4282 ἐπιτη-

2181 4294 2421 4366 ροῦντος,
2468 4299 2561 4350 καὶ
2606 4298 2704 4369 τῆς
2753 4299 2863 4351 τῶν
2910 4301 3177 4354 τεκόντων
3226 4304 3585 4372 κακουργίας,
3645 4306 3759 4358 τῶν

2179 4389 2385 4444 παίδων
2411 4389 2510 4461 τὴν
2538 4390 2765 4460 φύλαξίν
2794 4410 2853 4445 τε
2884 4394 2979 4446 καὶ
3008 4394 3229 4464 ἔννομον
3260 4393 3477 4466 θέλησιν
3516 4397 3760 4467 ἐπίπρο-

2179 4484 2306 4537 σθεν
2330 4485 2677 4555 ποιουμένου.
2722 4484 2888 4539 Ἀλλὰ
2932 4486 3058 4555 περὶ
3108 4486 3205 4558 μὲν
3237 4486 3329 4540 τοῦ
3378 4488 3757 4561 πρεσϐυτέρου

2178 4575 2349 4630 ταῦτα
2378 4576 2441 4629 τὸ
2468 4576 2676 4631 δίκαιον
2701 4577 3052 4649 ὑπαγορεύει.
3085 4579 3210 4633 Οὐδ’
3230 4581 3257 4633 6
3292 4578 3546 4652 δεύτερος
3570 4581 3629 4635 δὲ
3657 4584 3761 4653 τὴν

509 4668 692 4735 fuerit,
743 4669 894 4722 nullo
919 4668 1043 4739 jure
1080 4671 1252 4741 culpae
1292 4681 1529 4727 tenetur.
1572 4651 1897 4729 Praesentia
1922 4678 2071 4730 enim

2180 4667 2372 4736 σκέψιν
2400 4667 2575 4738 ἁπλῆν
2608 4667 2909 4734 ἐπιδέξεται
2928 4684 2942 4699 ⁸
2967 4668 3083 4723 ἀλλ’
3107 4671 3155 4723 εί
3189 4670 3287 4741 μὲν
3314 4651 3501 4739 ἠγνόει
3535 4673 3593 4725 τὺ
3624 4651 3761 4743 πρό-

507 4770 793 4829 parentum
844 4761 898 4814 in
950 4763 1160 4832 nuptiis
1210 4779 1459 4834 magnum
1507 4777 1843 4820 momentum
1877 4768 1949 4821 illi
2003 4771 2074 4824 ad

2179 4776 2327 4829 τερον
2365 4758 2715 4824 συνοικέσιον,
2768 4760 3028 4830 οὐδεμίαν
3082 4760 3265 4832 ἔνοχός
3312 4764 3426 4815 ἐστι
3457 4763 3616 4833 δίκην
3652 4766 3759 4817 ὕπ-

507 4852 909 4907 absolutionem
962 4854 1248 4924 impendit,
1290 4856 1380 4925 qui
1414 4854 1536 4910 ideo
1576 4856 1644 4911 ad
1698 4867 2072 4914 anteactorum

508 4943 920 5012 inquisitionem
949 4962 1058 5001 non
1081 4947 1247 5013 venit,
1276 4948 1419 5017 quod
1446 4949 1732 5017 praesentia
1762 4962 2073 5018 parentum,

506 5049 569 5088 ea
602 5036 668 5089 ad
703 5051 931 5092 examen
961 5039 1203 5093 revocari
1239 5054 1346 5094 non
1376 5039 1561 5095 ferret.
1590 5040 1747 5106 Quod
1777 5041 1821 5096 si
1855 5041 2057 5098 factum

506 5127 841 5196 eonjugium,
873 5138 929 5182 et
980 5140 1218 5185 secutam
1251 5132 1496 5201 copulam
1539 5132 1809 5187 carnalem
1838 5135 2075 5201 noverit,

504 5219 763 5288 quoniam
788 5222 937 5290 quasi
969 5237 1035 5277 ex
1064 5225 1406 5290 necessitate,
1447 5241 1555 5279 non
1587 5236 1712 5279 sunt
1738 5226 1791 5279 in
1822 5227 2074 5282 cmlibatu

504 5312 824 5367 continendi
856 5314 946 5382 qui
980 5331 1008 5369 a
1052 5318 1214 5385 priori
1252 5318 1504 5390 conjugio
1552 5319 1940 5386 discesserunt,
1970 5323 2073 5374 ‘sed

506 5403 748 5472 legitimo
772 5406 1027 5475 coniugio
1056 5410 1346 5475 vinciendi,
1387 5427 1455 5465 ne
1481 5413 1533 5465 in
1562 5412 1922 5467 fornicatione
1951 5428 2073 5467 ver-

504 5504 716 5556 sentur,
752 5512 859 5549 non
887 5498 1105 5567 quidem
1146 5502 1211 5555 ad
1263 5502 1425 5556 ﬁnem
1462 5504 1737 5559 arcebitur
1792 5520 2072 5559 sacrorum

504 5585 797 5653 praesulatu
829 5589 919 5659 qui
952 5592 1173 5658 nuptias
1200 5595 1564 5657 consecravit,
1598 5596 1693 5650 sed
1740 5595 2071 5650 moderatio-

504 5693 593 5731 res
633 5682 891 5748 quasdam
940 5701 1127 5753 pcenas
1165 5686 1387 5741 subibit.
1453 5686 1671 5741 Scilicet
1731 5689 1898 5758 quod,
1944 5705 2068 5743 cum

507 5769 676 5825 (actas
708 5783 830 5828 ante
865 5777 1081 5846 nuptias
1118 5778 1467 5833 manifestum
1497 5788 1665 5845 esset,
1694 5796 1813 5849 qute
1844 5782 2063 5850 quidem

2174 4852 2347 4921 έχειν·
2370 4850 2477 4902 τῶν
2516 4850 2624 4921 γάρ
2651 4854 2918 4905 τεκόντων
2943 4853 3225 4922 παρόντων
3254 4856 3365 4917 τοῖς
3403 4857 3757 4926 συναπτομέ-

2172 4959 2305 5007 νοις,
2330 4943 2497 5012 πολλὴ
2540 4944 2678 5014 ῥοπὴ
2734 4945 3035 5008 άθωώσεως
3062 4945 3389 5017 βραϐεύεται
3430 4947 3627 5017 τούτῳ,
3656 4948 3754 5001 τοῦ

2176 5034 2251 5105 μὴ
2284 5036 2420 5106 πρὸς
2448 5036 2671 5107 ἔρευναν
2695 5036 2802 5088 τῶν
2834 5039 3246 5107 προγεγονότων
3275 5039 3637 5110 καταστῆναι,
3658 5042 3753 5094 καί⁵

2175 5127 2476 5195 λογοθετεῖν
2528 5127 2563 5181 ἂ
2609 5128 2949 5199 ήπαρουσία
2993 5130 3101 5183 τῶν
3122 5131 3392 5185 τεκόντων
3434 5132 3749 5201 λογοθετεῖν

2172 5220 2273 5273 οὐκ
2328 5220 2519 5273 ἐδίδου.
2574 5221 2633 5272 Et
2664 5222 2721 5273 δὲ
2748 5221 2862 5291 ᾔδει
2906 5223 3003 5292 μὲν
3063 5226 3549 5296 προγεγενημένην
3616 5244 3749 5281 συν-

2174 5314 2390 5381 αφείαν,
2413 5314 2505 5366 καὶ
2524 5315 2895 5386 ὅτισαρκικῶς
2917 5316 3199 5388 ὡμίλησαν
3212 5319 3484 5390 ἀλλήλοις,
3508 5321 3629 5373 ἐπεὶ
3649 5322 3750 5391 οὐχ

2174 5400 2284 5457 οἷον
2312 5406 2371 5456 τέ
2405 5407 2519 5457 ἐστι
2553 5406 2878 5470 διαστάντας
2908 5409 3007 5478 τῆς
3045 5412 3314 5482 προτέρας
3347 5412 3630 5479 συζυγίας,
3688 5415 3750 5479 ἐξ

2171 5498 2417 5567 ἀνάγκης
2450 5498 2593 5561 τινὸς
2621 5498 2870 5567 ἀγάμους
2922 5500 3197 5570 κατέχειν,
3253 5502 3365 5555 ἁλλ’
3395 5505 3427 5572 ἢ
3464 5505 3750 5576 πορνείαις

2170 5586 2696 5657 ἐκδιαιτηθήσονται,
2730 5589 3003 5660 ῆνομίμῳ
3031 5592 3195 5660 γάμῳ
3233 5591 3551 5660 δοθήσονται
3576 5609 3592 5623 ⁸
3651 5610 3743 5646 τε-

2169 5680 2329 5741 λείως
2365 5681 2463 5749 μὲν
2496 5681 2525 5731 ὁ
2555 5682 2794 5749 ἁγιάσας
2828 5682 2918 5737 τὸν
2952 5683 3128 5751 γάμον
3156 5684 3218 5735 οὐ
3257 5683 3599 5736 πεπαύσεται
3648 5684 3749 5753 τῆς

2172 5779 2476 5849 ίεραρχὶας,
2512 5779 2811 5849 ἐπιτιμίοις
2844 5780 2900 5833 δέ
2933 5798 3042 5831 τισι
3084 5782 3469 5853 μετριωτέροις
3510 5780 3747 5851 ὑποϐλη-
