4044 6444
214 406 320 469 793

1358 410 1903 473 EPISTOLARUM
1938 413 2169 473 LIBER
2209 412 2259 473 Ι.

3336 413 3445 478 ’194

213 518 438 590 θήσεται
458 534 473 550 ο
499 519 580 573 ὅτι
598 520 657 573 δὲ
678 522 777 592 τῆς
801 524 1279 594 προγεγενημένης
1300 525 1595 594 συναφείας
1622 541 1776 596 περι-

1895 522 2259 578 ῗοινιιίειιιίοῐιίε
2296 522 2502 577 crimen
2554 522 2785 577 evadere
2825 537 2934 577 non
2974 532 3222 593 possunt,
3268 541 3438 582 ausus

213 610 555 680 φανεστάτης
580 613 907 683 γενομένης,
937 615 997 668 τὸ
1025 615 1082 669 δὲ
1110 619 1209 686 τῆς
1238 616 1495 687 πορνείας
1523 616 1773 685 ἔγκλημα

216 704 294 773 μὴ
317 704 736 775 διαφευγούσης,
762 708 1059 777 ἐτόλμησεν
1079 704 1253 773 οὗτος,
1270 710 1395 772 τοὺς
1415 710 1507 762 ἐπὶ
1522 708 1775 780 προδήλῳ

212 795 315 867 τῆς
350 797 624 869 ἁμαρτιας
655 799 959 871 ἐγκλήματι
988 802 1236 866 ἁλόντας,
1266 803 1343 866 ὠς
1378 802 1653 873 καθαροὺς
1683 803 1778 856 καὶ

214 888 560 959 ἀμέμπτους,
582 891 679 961 τῆς
708 892 985 964 ἱερατικῆς
1010 894 1238 959 ἀξιῶσαι
1262 894 1527 963 εὐλογίας,
1552 896 1644 949 καὶ⁵
1665 895 1779 959 τοῖς

216 980 326 1031 τῶν
355 980 639 1051 παρθένων
671 984 974 1051 στεφάνοις,
1003 986 1131 1049 τούς
1179 984 1385 1056 ταύτην
1432 986 1619 1048 κακῶς
1653 989 1779 1040 ἀποο

222 1069 481 1139 θεμένους
513 1074 807 1143 κοσμῆσαι.
866 1073 928 1128 Εἰ
966 1075 1148 1145 μέντοι
1195 1076 1412 1148 εὐδοκία
1442 1077 1551 1131 τῶν
1580 1078 1780 1146 γονέων

219 1164 479 1233 ὀπρῶτος
506 1165 681 1235 γάμος
702 1165 938 1234 ἐγένετο,
965 1163 1081 1221 εἶτα
1109 1169 1153 1221 δ’
1173 1167 1405 1237 ἔστησαν
1432 1170 1778 1238 παραλόγως,

218 1253 250 1303 ὁ
282 1254 379 1322 μὲν
408 1254 622 1321 πρῶτος
648 1257 1016 1328 πρεσϐύτερος
1045 1260 1324 1324 παντελῶς
1351 1261 1414 1314 τὸ
1458 1260 1784 1332 ὴθωωμένον

220 1340 334 1408 ἕξει
353 1359 368 1374 ·
401 1345 431 1398 ὁ
462 1344 732 1417 δεύτερος,
787 1348 899 1400 εἴτε
958 1350 1214 1420 παρῆσαν
1243 1352 1292 1403 οἱ
1314 1354 1511 1419 γονεῖς,
1548 1352 1657 1405 εἴτε
1684 1354 1782 1422 μὴ,

222 1436 629 1508 ζημιωθήσεται
684 1441 784 1511 τὴν
838 1440 1160 1512 ἱερωσύνην.
1226 1443 1532 1513 Ἔκθεσμον
1556 1444 1662 1514 γὰρ
1690 1444 1786 1496 καὶ

222 1526 537 1597 παράνομον
569 1527 884 1597 συνάφειαν,
912 1528 1037 1584 οὐτε
1071 1531 1350 1595 σύννευσις
1389 1535 1482 1585 καὶ
1516 1534 1787 1603 παρουσία

224 1618 496 1688 πατέρων,
560 1618 687 1672 οὐτε
746 1621 1028 1686 ἀνάνευσις
1079 1624 1174 1676 καὶ
1213 1624 1469 1685 ἀπουσία,
1524 1624 1786 1695 οὐμενοῦν

223 1701 472 1758 ἀθώωσιν
500 1705 596 1775 τῆς
616 1704 969 1776 βεδηλώσεως
992 1709 1092 1763 οὐκ
1116 1710 1182 1763 ἂν
1207 1712 1541 1783 μεταστήσῃ.

323 1800 333 1810 ’
823 1803 1049 1856 ΕΠΙΣΤ.
1077 1805 1199 1859 ΚΔ’.

228 1887 313 1957 Τῷ
363 1893 819 1962 θεοφιλεστάτφ.
872 1894 1206 1963 ὀσιωτάτῳ,
1253 1896 1538 1966 ἱερωτάτφ
1596 1899 1793 1967 ἀρχιε-
1820 1865 1864 1923 Β

285 1983 391 2051 ρεῖ
413 1983 652 2054 ἁδελφῷ
681 1986 780 2041 καὶ
812 1986 1282 2057 συλλειτουργῖῖ),
1326 1988 1407 2055 τῷ
1454 1993 1792 2060 θαυμασιω-

287 2073 445 2141 τάτῳ
486 2079 585 2131 καὶ
630 2080 978 2148 περιωνύμῳ
1019 2078 1471 2149 ἀρχιεπισκόπφ
1526 2082 1629 2136 καὶ
1674 2101 1791 2153 μη-

292 2170 617 2240 τροπολὶτῃ
705 2173 1019 2239 Ἀκυλειας
1043 2212 1059 2237 ,
1143 2171 1362 2239 Φώτιος
1431 2175 1581 2239 ἐλέῳ
1644 2178 1792 2233 Θεοῦ

285 2258 756 2329 ἀρχιεπισκοπος
775 2265 1465 2333 Κωνσταντινουπόλεως
1482 2267 1625 2335 νέας
1658 2268 1793 2324 Ῥώ-

280 2370 405 2421 μης
435 2354 530 2407 καὶ
560 2357 968 2423 οὶκουμενικός
996 2357 1096 2428 (ί).

1875 615 1943 670 sit
1990 629 2085 669 eos
2127 615 2219 684 qui
2270 614 2513 685 ﬂagranti
2558 615 2768 684 peccati
2813 616 3042 671 crimine
3092 619 3445 687 tenebantur,

1889 713 2144 773 tanquam
2174 720 2341 774 puros
2386 714 2440 759 et
2468 706 2794 776 inculpatos,
2846 707 3169 763 sacerdotali
3214 711 3442 765 benedi-

1876 795 2026 850 tione
2057 794 2286 865 dignari,
2315 805 2370 851 et
2398 797 2724 866 virginitatis
2772 798 3011 863 coronis,
3040 813 3134 853 eos
3160 800 3253 869 qui
3276 801 3450 871 ipsam

1879 883 2020 938 male
2042 883 2405 953 deposuerant
2445 902 2660 942 ornare.
2692 886 2848 952 Quod
2878 887 2923 943 si
2953 888 3104 958 prius
3140 890 3450 962 conjugium

1880 988 1946 1028 ex
1995 989 2223 1028 assensu
2265 984 2548 1044 parentum
2602 978 2950 1046 processerit,
3009 994 3040 1033 a
3088 996 3197 1048 quo
3230 981 3449 1047 deinde,

1879 1075 2080 1137 praeter
2113 1068 2398 1132 rationem,
2436 1068 2807 1133 discesserint,
2868 1070 3020 1140 prior
3056 1071 3277 1140 quidem
3324 1088 3452 1142 pre-

1883 1157 2068 1227 sbyter
2101 1158 2276 1213 omnis
2303 1159 2476 1228 culpae
2512 1160 2852 1216 absolvctur:
2885 1164 3179 1227 secundus,
3217 1164 3332 1218 sive
3366 1166 3457 1219 in-

1890 1248 2177 1303 terfuerint
2209 1261 2479 1319 parentes,
2536 1253 2650 1307 sive
2686 1268 2819 1318 non,
2868 1256 3174 1310 sacerdmio
3222 1257 3457 1311 excidet.

1882 1339 2018 1395 Nam
2051 1341 2287 1396 alienum
2316 1358 2346 1396 a
2393 1344 2605 1413 legibus
2639 1345 2812 1401 sacris
2866 1347 3201 1418 conjuginm,
3238 1363 3339 1401 nec
3364 1348 3461 1402 ab-

1886 1432 2060 1484 sentia
2092 1439 2143 1485 et
2176 1431 2457 1489 dissensus
2495 1444 2783 1503 parentum
2816 1436 2967 1502 facit,
3020 1452 3124 1492 nec
3161 1438 3454 1509 praesentia

1886 1528 1944 1575 et
1997 1536 2277 1592 assensus,
2314 1533 2409 1580 aut
2470 1528 2616 1595 quod
2668 1528 3013 1597 profanatum
3058 1539 3142 1585 est
3180 1529 3460 1585 sanctitati

1886 1612 2148 1669 restituit.

2441 1815 2657 1871 EPIST.
2706 1817 2902 1875 XXIV.

1892 1910 2000 1963 Deo
2048 1911 2353 1967 charissima
2376 1953 2392 1978 ,
2426 1916 2794 1982 sanctissimo,
2845 1920 3206 1974 sacratissimo
3249 1918 3462 1987 pra’suli

1959 2004 2114 2071 fratri
2143 2014 2189 2057 et
2212 2007 2583 2069 comministro,
2607 2010 2749 2062 omni
2778 2010 3132 2065 admiratione
3157 2012 3461 2080 dignissimo
3508 2064 3511 2073 ,

1962 2096 2211 2166 famaque
2256 2099 2546 2153 clarissimo
2595 2102 2980 2171 archiepiscopo
3026 2113 3074 2156 et
3121 2102 3463 2170 metropolitae

1959 2189 2230 2257 Aquileiae.
2281 2190 2495 2245 Photius
2527 2191 2637 2246 “Dei
2674 2195 3008 2247 miseratione
3045 2196 3464 2264 archiepiscopus

1962 2282 2437 2353 Constantinopolis
2466 2300 2609 2337 nova:
2644 2284 2821 2338 Roma:
2848 2296 2894 2339 et
2920 2288 3285 2344 weunzenicus.

712 2449 853 2500 Edita
875 2465 901 2501 a
923 2453 1213 2504 Combeﬁsio
1251 2454 1410 2516 (Auct.
1438 2454 1659 2515 Noviss.,
1684 2471 1730 2521 p.
1763 2459 1873 2523 527,
1896 2466 1951 2511 et
1975 2463 2142 2524 .lager,
2176 2458 2392 2511 Histoire
2417 2460 2477 2512 de
2500 2459 2722 2519 Photins,
2749 2476 2796 2524 p.
2821 2462 2953 2524 452).

286 2536 365 2591 Α’.
386 2537 458 2591 Τὸ
483 2539 581 2610 μὲν
606 2540 706 2611 τῆς
727 2541 857 2611 παρ’
886 2541 1039 2612 ὑμῶν
1061 2544 1462 2614 μακαριότητος
1490 2547 1789 2617 ἀφιγμένον

215 2629 455 2699 γράμμα
486 2630 649 2699 ἡμῖν,
685 2631 875 2700 πρῶτα
910 2634 1007 2703 μὲν
1033 2634 1433 2704 ἐχαρακτήριζε
1465 2635 1561 2708 τὴν
1588 2637 1790 2707 ταύτης

216 2721 364 2775 κατὰ
392 2720 524 2774 Θεὸν
558 2721 785 2793 γνώμην
804 2764 819 2789 ,
853 2725 945 2777 καὶ
972 2724 1033 2777 τὸ
1063 2725 1284 2795 φίλτρον
1312 2725 1407 2778 τοῦ
1439 2726 1749 2796 πνεύματος
1771 2768 1787 2793 ,

215 2812 297 2875 ὼς
320 2812 465 2883 μέγα
486 2830 544 2866 τε
566 2814 650 2884 εἴη
672 2815 766 2867 καὶ
788 2815 1009 2887 ὑψηλὸν,
1033 2814 1127 2867 καὶ
1152 2817 1663 2886 ὐπερανῳκισμένον
1688 2819 1790 2887 τῆς

216 2906 328 2959 τῶν
367 2906 580 2960 πολλῶν
625 2910 1039 2973 καταστάσεως·
1091 2909 1281 2963 ἔπειτα
1324 2909 1381 2963 δὲ
1428 2910 1522 2964 καὶ
1556 2910 1614 2975 ὃς
1658 2911 1789 2965 αὐτὸ

217 2999 615 3069 ὲνεκεχεέριστο
648 3000 840 3053 τούτου
872 3001 968 3054 τοῦ
1005 3001 1150 3072 ἱεροῦ
1187 3002 1379 3073 ἀνδρὸς
1407 3003 1508 3073 τήν
1536 3020 1595 3055 τε
1623 3003 1789 3071 ἄλλην

219 3090 422 3158 ἀρετὴν
448 3092 541 3145 καὶ
585 3092 799 3145 σύνεσιν
821 3132 837 3155 ,
866 3092 962 3145 καὶ
987 3092 1049 3146 τὸ
1084 3092 1227 3147 κατὰ
1266 3092 1505 3147 διάνοιαν
1535 3093 1791 3157 εὐσταθὲς

219 3197 282 3234 τε
312 3183 406 3234 καὶ
427 3182 775 3254 δραστήριον·
806 3183 871 3235 δι’
896 3177 973 3236 ὧν
995 3183 1072 3247 ὡς
1094 3183 1162 3237 δι’
1182 3184 1452 3254 ἐσόπτρου
1480 3184 1579 3255 τὴν
1606 3185 1795 3255 ὐμετέυ

226 3288 328 3341 ραν
356 3273 506 3345 ἱερὰν
533 3274 626 3328 καὶ
661 3274 979 3344 θεοτίμητον
1009 3274 1285 3343 ὁσιότητα,
1319 3274 1420 3326 ὅσα
1446 3273 1508 3326 τὸ
1532 3274 1791 3344 γράμμα,

1961 2552 2000 2604 I.
2042 2550 2173 2617 Quae
2203 2550 2267 2604 ad
2303 2566 2402 2604 nos
2430 2562 2695 2605 venerunt
2721 2550 3074 2606 beatitudinis
3098 2559 3289 2605 vestrae
3318 2550 3466 2607 litte—

1886 2654 1980 2702 rte,
2014 2640 2251 2708 primum
2278 2639 2495 2707 quidem
2545 2640 2664 2707 ejus
2711 2640 2955 2711 religiosa
2990 2641 3189 2711 pietate
3220 2649 3463 2696 mentem

1886 2740 2033 2785 certa
2077 2731 2224 2783 velut
2277 2740 2405 2785 nota
2459 2731 2840 2803 obsignabant,
2882 2734 3213 2803 spiritusque
3264 2733 3464 2788 amoris

1890 2816 2024 2880 vim,
2079 2829 2243 2883 quam
2279 2829 2471 2886 magna
2503 2816 2572 2868 sit
2598 2825 2652 2869 et
2681 2816 2914 2881 excelsa,
2936 2827 2990 2870 et
3022 2816 3317 2886 vulgarium
3362 2816 3468 2869 ho-

1888 2906 2098 2962 minum
2149 2906 2515 2962 conditionem
2569 2918 2810 2977 superet,
2853 2908 3201 2963 exhibebant.
3260 2908 3467 2963 Deinde

1890 3014 2022 3060 vero
2049 2998 2237 3063 etiam,
2268 2999 2353 3053 cui
2392 2999 2496 3053 illae
2540 3001 2761 3055 credita:
2791 3010 2965 3064 erant,
2994 3002 3132 3055 sacri
3166 3001 3324 3070 hujus
3364 3000 3469 3057 viri

1891 3107 2013 3146 cum
2053 3093 2290 3160 reliquas
2323 3092 2553 3146 virtutes
2587 3108 2650 3146 ac
2693 3093 3035 3161 prudentiam
3062 3132 3077 3156 ,
3112 3101 3224 3146 tum
3268 3091 3471 3148 mentis

1891 3185 2252 3239 constantiam
2309 3198 2372 3237 ac
2405 3183 2702 3250 solertiam,
2732 3199 2829 3254 per
2861 3200 3000 3253 quae,
3030 3194 3089 3238 ut
3118 3200 3217 3253 per
3270 3199 3473 3254 specu-

1891 3276 2028 3338 lum,
2080 3288 2290 3329 sacram
2323 3284 2555 3327 vestram
2604 3274 2820 3343 Deoque
2863 3275 3228 3329 venerabilem
3275 3275 3473 3330 sancti-

220 3360 313 3419 οἶα
339 3365 400 3437 δὴ
432 3368 699 3439 γράμμα,
731 3368 1065 3437 παρέτρεχε,
1108 3365 1350 3437 καθορᾷν
1395 3368 1657 3436 παρεῖχεν
1688 3367 1787 3436 ἑμ-

1895 3376 2079 3430 tatem,
2133 3383 2469 3437 quaecunque
2528 3368 2659 3437 ipsa:
2723 3368 2917 3422 litterae
2974 3367 3195 3438 (quippe
3252 3365 3468 3438 litterae)

225 3458 554 3530 φανέστερὸν
583 3477 642 3513 τε
672 3460 766 3513 καὶ
800 3458 1125 3528 τελεώτερον
1145 3474 1162 3490 ⁸
1194 3459 1288 3511 καὶ
1320 3457 1414 3511 ἐπὶ
1449 3459 1562 3521 τοῖς
1589 3456 1792 3526 ταύτης

226 3550 647 3621 κατορθώμασιν
682 3551 907 3622 ἥδεσθαι
940 3552 1034 3605 καὶ
1058 3551 1518 3622 κατατέρπεσθαι.
1548 3552 1659 3604 Καὶ
1681 3553 1792 3618 γὰρ

224 3640 439 3711 εἴδομεν
462 3641 632 3714 ἄνδρα
661 3643 870 3696 συνέσει
905 3641 1002 3713 μὲν
1035 3641 1232 3711 μᾶλλον
1258 3641 1291 3711 ἢ
1319 3644 1387 3712 τῇ
1410 3641 1571 3710 πολιᾷ
1592 3656 1793 3708 σεμνυ-

1894 3459 2055 3513 missa
2108 3459 2413 3524 faciebant;
2467 3459 2667 3513 clarius
2711 3459 3115 3529 perfectiusque
3161 3460 3470 3530 pervidere,

1892 3551 2172 3621 ipsiusque
2205 3552 2466 3606 virtutum
2498 3552 2871 3621 magnitudine
2902 3552 3179 3616 delectari,
3211 3551 3473 3605 nimium-

1891 3658 1997 3712 que
2038 3642 2292 3714 gaudere,
2344 3644 2657 3712 praestabat.
2703 3640 2952 3697 Vidimus
2998 3643 3144 3697 enim
3194 3642 3472 3698 hominem

1725 3781 1957 3838 ΝΟΤᾸΞ.

302 3874 378 3938 (1)
420 3873 599 3928 Edidit
655 3874 913 3929 Baronius
935 3916 948 3936 .
979 3891 1122 3930 anno
1161 3874 1264 3930 885
1287 3915 1301 3939 ,
1328 3889 1392 3929 ex
1436 3871 1788 3929 Valliecllana

222 3943 567 4007 Bibliotheca,
599 3944 856 3999 Federico
884 3945 1042 4000 llletio
1072 3948 1364 4016 interprete
1398 3962 1409 3997 :
1443 3945 1497 3997 in
1524 3947 1789 4016 quajred-

229 4018 407 4071 denda
448 4025 638 4070 auctor
676 4025 759 4071 est
805 4016 1118 4087 diligentem
1162 4014 1381 4085 operam
1431 4014 1789 4071 adhibuisse:

230 4088 455 4156 ipseque
488 4102 699 4141 veneno
744 4102 979 4156 aspersas
1014 4088 1278 4157 epistolae,
1316 4089 1545 4143 solerter
1565 4102 1627 4141 ac
1666 4102 1793 4142 ern-

230 4157 344 4211 dite
382 4157 713 4227 antidotum
771 4159 1014 4225 paravit;
1064 4158 1359 4212 ostendens
1402 4174 1563 4227 quam
1619 4158 1794 4212 iutilia

230 4226 435 4291 Photii,
471 4226 665 4295 quibus
699 4228 787 4281 hic
812 4227 1123 4296 juveniliter
1156 4226 1433 4290 exsultat,
1454 4237 1791 4297 argumenta.

227 4297 379 4351 Nihil
410 4311 537 4367 ergo
566 4312 789 4351 necesse
824 4305 1091 4367 repetere,
1122 4299 1238 4351 viro
1267 4298 1426 4350 docto
1460 4299 1653 4351 melius
1704 4313 1797 4351 nc-

230 4377 450 4436 cupata.
484 4366 700 4430 Graeca,
744 4382 869 4420 cum
928 4366 1306 4421 desiderentur
1351 4367 1405 4419 in
1445 4367 1793 4433 Montacutio,

228 4438 460 4507 aliisque
492 4437 668 4507 Photii
704 4436 949 4505 epistolis
979 4437 1171 4502 editis,
1213 4437 1347 4491 libet
1377 4436 1467 4490 hic
1496 4451 1798 4506 repraesen-

1886 3878 2157 3947 aSpirante
2191 3894 2255 3931 ac
2282 3877 2752 3932 Christianissimo
2778 3892 2905 3947 rege
2949 3891 3180 3945 semper
3208 3873 3472 3943 ’Victore,

1887 3948 2033 4016 regia
2081 3947 2297 4016 Lupara
2341 3948 2592 4001 Historia:
2626 3947 2932 4015 Byzantium
2986 3962 3126 4017 pene
3155 3952 3472 4017 necessario

1891 4014 2308 4087 supplemento.
2366 4033 2489 4072 cum
2547 4014 2729 4071 Leone
2794 4014 3024 4071 diacono
3086 4025 3141 4071 et
3199 4014 3472 4074 Michaele

1892 4089 2069 4145 Psello
2099 4090 2309 4157 regium
2338 4102 2465 4141 vere
2496 4088 2780 4155 multiplici
2810 4088 2967 4141 titulo
3011 4097 3430 4142 monumentum
3453 4131 3469 4154 ,

1890 4160 2030 4230 juris
2063 4159 2268 4230 publici
2301 4160 2447 4228 regia
2495 4157 2869 4230 munificentia
2901 4158 3099 4230 faciat;
3133 4173 3204 4211 ne
3238 4158 3339 4230 sibi
3379 4175 3477 4224 per

1897 4228 2080 4285 moras
2111 4231 2360 4291 Batavus,
2394 4236 2488 4281 aut
2511 4242 2644 4298 gens
2668 4228 2791 4298 alia,
2819 4243 2937 4280 eam
2968 4229 3195 4298 gloriam
3223 4228 3422 4297 rapiat.

1968 4301 2198 4361 Titulus,
2230 4308 2290 4353 ut
2324 4296 2684 4367 repraesentat
2728 4296 3013 4361 Baronins,
3054 4298 3185 4366 quin
3215 4299 3286 4351 sit
3324 4298 3472 4352 anti-
3548 4346 3555 4355 ,

1901 4370 2075 4439 quarii
2109 4386 2274 4423 manu
2302 4367 2567 4438 genioque
2595 4368 2883 4439 ascriptus,
2911 4368 3026 4420 sive
3051 4368 3216 4439 etiam
3250 4384 3280 4421 a
3308 4367 3472 4423 Metio

1900 4437 1972 4494 ita
2024 4437 2390 4509 compositus,
2453 4452 2563 4491 non
2616 4454 2647 4509 a
2714 4437 2905 4509 lfhotio
2952 4437 3324 4509 perscriptus,
3381 4453 3470 4492 res

230 4506 381 4573 tare,
407 4506 902 4582 me_0_ipsius__stylo
926 4507 1170 4582 reddita;
1207 4508 1505 4582 paucisque
1549 4508 1797 4582 quando-3
1829 4525 1875 4582 ι)
1902 4511 2047 4566 clara
2069 4506 2194 4564 est':
2217 4524 2343 4582 cum
2384 4508 2520 4562 nihil
2550 4507 2856 4582 epistolaris
2893 4508 3078 4582 forma}
3116 4506 3332 4571 habeat,
3365 4522 3473 4574 qua

228 4594 339 4648 que
386 4575 620 4648 sufﬁxis,
655 4575 853 4647 quibus
887 4593 997 4631 non
1049 4576 1180 4648 satis
1213 4577 1345 4648 mihi
1383 4576 1624 4648 probata~
1648 4575 1796 4648 Metii

232 4646 377 4717 (viri
426 4646 557 4717 alias
592 4646 774 4717 doeti)
819 4648 1020 4702 versio.
1057 4646 1173 4701 Non
1206 4646 1338 4717 satis
1368 4646 1585 4717 videtur
1614 4646 1802 4701 haberi

231 4716 300 4772 ex
336 4719 438 4772 hac
467 4716 690 4786 epistola
721 4716 1123 4787 Aquileiensem
1159 4716 1629 4787 archiepiscopum
1660 4716 1801 4787 (etsi

236 4788 679 4849 Schismaticum,
716 4786 889 4857 eoque
917 4788 1137 4843 nomine
1170 4786 1611 4857 Photioperinde
1642 4786 1802 4841 Schi-

234 4861 467 4913 smatico
505 4857 750 4922 charum,
784 4855 1058 4927 tantisque
1090 4874 1152 4912 ac
1194 4856 1420 4911 fumosis
1449 4855 1700 4910 laudibus
1733 4858 1802 4912 ab

236 4946 303 4984 eo
335 4929 687 4998 celebratum)
724 4929 776 4981 in
812 4932 913 4983 hoc
942 4926 1110 4998 ipsius
1138 4942 1323 4998 errore
1357 4926 1547 4988 fuisse,
1578 4927 1645 4998 de
1677 4943 1802 4995 pro—

235 5000 490 5053 cessione
537 4997 775 5066 Spiritus
821 4996 993 5053 sancti
1023 5014 1054 5051 a
1098 4999 1214 5051 solo
1250 4996 1410 5051 Patre
1439 5016 1452 5051 :
1484 4996 1621 5051 nihil
1653 5005 1800 5051 certe

228 5069 466 5123 Photius
494 5069 755 5135 ejusmodi
795 5069 1024 5134 indicat,
1059 5069 1155 5123 sed
1181 5067 1235 5120 in
1271 5083 1396 5120 eum
1430 5068 1646 5122 trahere
1682 5075 1801 5121 stu-

231 5139 329 5193 det
360 5139 475 5208 ipsa
497 5207 503 5208 7
523 5141 623 5192 hac
674 5140 919 5207 epistola,
956 5154 1024 5193 ne
1055 5147 1204 5192 tanta
1236 5138 1409 5190 vi'rtns
1441 5154 1505 5191 ex
1541 5138 1659 5205 ejus
1684 5138 1801 5206 epi-

233 5207 469 5263 stola’ac
494 5207 655 5278 legati
683 5224 911 5277 persona
933 5210 985 5262 in
1013 5224 1077 5263 eo
1105 5208 1466 5276 deprehensa,
1492 5223 1676 5261 errore
1704 5210 1800 5259 de-

236 5288 384 5334 tecto
420 5278 596 5332 Photii
625 5279 884 5333 doc-trime
909 5279 1055 5341 lucc,
1094 5279 1353 5346 deinceps
1389 5278 1440 5330 in
1467 5293 1532 5330 eo
1558 5286 1797 5342 nutaret,

234 5365 365 5403 cum
402 5349 664 5403 hactenus
703 5366 767 5402 ex
818 5359 1077 5417 occupata
1109 5349 1363 5418 Opinione
1390 5364 1453 5402 ac
1494 5349 1798 5418 ignorantia

233 5420 517 5473 videretur
546 5419 716 5473 venia:
762 5419 960 5487 aliquid
1008 5418 1284 5473 habuisse.
1318 5417 1442 5471 Haec
1469 5420 1596 5472 mihi
1621 5419 1797 5474 Photii

234 5505 432 5550 mens,
469 5504 641 5556 eoque
686 5489 908 5543 trahunt
953 5490 1095 5542 illius
1130 5490 1313 5543 verba.
1360 5487 1566 5543 Tantus
1596 5491 1801 5544 scilicet

234 5558 479 5613 hominis
535 5558 704 5612 fastus
758 5575 822 5613 ac
864 5560 1157 5626 iactantia;
1207 5560 1359 5612 velut
1390 5574 1532 5612 unus
1561 5560 1678 5628 ipse
1717 5561 1799 5613 sol

233 5638 406 5691 esset,
451 5646 515 5683 ac
559 5628 777 5683 lucerna
830 5629 1179 5698 dispellendis
1217 5629 1499 5697 quibusvis
1552 5646 1799 5684 errorum

235 5700 482 5753 tenebris
509 5714 758 5753 accensa.
783 5698 913 5767 Ejus
936 5700 1160 5753 technas
1181 5699 1455 5765 malasque
1479 5708 1645 5765 artes,
1675 5715 1799 5755 cum

231 5769 329 5822 alii
360 5769 633 5838 prosecuti
661 5777 808 5839 sunt.
840 5768 1014 5823 Graeci
1046 5769 1278 5839 aequales
1320 5779 1414 5821 aut
1444 5784 1633 5837 parum
1666 5785 1797 5838 sup-

233 5854 419 5911 pares,
451 5848 568 5897 tum
597 5854 750 5895 meus
776 5838 1181 5912 Logolheta,'si
1204 5839 1445 5910 quando.
1460 5854 1592 5911 pace
1622 5839 1799 5896 lenius

1902 4592 2092 4636 auctor
2122 4581 2360 4634 amicum
2403 4579 2702 4633 convenire
2731 4578 2870 4631 solet
2897 4586 2953 4630 et
2992 4578 3228 4631 salutare
3262 4595 3277 4630 :
3311 4591 3471 4630 secus

1900 4666 2061 4719 quem
2092 4650 2371 4704 meliorem
2403 4647 2772 4717 producimus,
2806 4646 2871 4719 in
2893 4663 3002 4719 quo
3034 4661 3301 4719 summam
3332 4646 3473 4719 adu-

1900 4715 2181 4781 lationem,
2212 4734 2276 4774 ex
2307 4715 2427 4788 ipso
2478 4719 2663 4772 limine
2682 4759 2696 4780 ,
2722 4717 2901 4786 prodit
2930 4716 3176 4778 Photius,
3201 4715 3473 4788 ostendit-

1899 4806 2024 4860 que,
2059 4800 2119 4843 ut
2151 4799 2208 4843 et
2241 4785 2485 4857 sequenti
2506 4785 2751 4860 exordio.
2782 4803 2941 4857 quam
2962 4802 3043 4860 ea
3073 4795 3189 4860 arte
3223 4785 3471 4860 polleret,

1900 4854 1961 4913 ut
1991 4861 2127 4914 nihil
2153 4854 2352 4913 mirum
2376 4860 2446 4912 sit
2464 4876 2525 4912 ea
2552 4854 2860 4927 Obrepsisse
2893 4858 3125 4927 primum
3146 4854 3332 4907 Bardae
3355 4854 3475 4908 (lae-

1900 4931 2027 4990 sari,
2061 4942 2115 4984 et
2143 4946 2238 4996 per
2266 4945 2411 4991 enin,
2450 4929 2710 4999 lgnatium
2760 4928 2889 4981 sede
2918 4926 3471 4999 depulisse,_tumq_ne

1900 5000 2095 5053 Basilio
2126 4993 2424 5060 Macedoni,
2459 4993 2517 5052 ιῖι
2567 5000 2689 5053 licet
2738 4993 3016 5059 amotum,
3067 4995 3195 5047 dum
3228 4993 3473 5062 lgnatius

1902 5071 2128 5135 viveret,
2160 5072 2215 5124 in
2260 5069 2453 5138 palatio
2501 5078 2680 5121 tamen
2726 5067 2987 5133 deinceps
3022 5065 3227 5129 aleret,
3272 5064 3475 5119 libero-

1900 5155 2130 5209 rumque
2180 5155 2399 5195 suorum
2447 5138 2754 5209 educationi
2812 5138 3119 5209 prreticeret
3142 5150 3207 5187 ac
3235 5148 3301 5209 eo
3338 5149 3473 5189 con-

1900 5205 2191 5275 summato,
2240 5211 2291 5263 in
2330 5211 2537 5267 sedem.
2586 5208 2743 5273 cujus
2769 5206 2976 5260 nefarie
3016 5206 3236 5259 invasor
3263 5205 3471 5267 fuerat,

1900 5283 2236 5345 sublimaret,
2271 5282 2527 5347 onmiqne
2575 5292 2798 5346 prorsus
2835 5277 3118 5346 indignum
3142 5276 3474 5347 sacerdotio

1900 5350 2210 5416 hominem,
2243 5346 2513 5403 sunnnum
2572 5348 2734 5415 regite
2769 5347 2921 5400 urbis
2957 5346 3243 5416 praesulem
3277 5356 3332 5399 et
3362 5355 3477 5416 _pa-

1901 5413 2206 5477 triarcham
2242 5423 2417 5477 vellet.
2473 5413 2680 5484 suaque
2704 5413 3031 5472 auctoritate
3057 5416 3322 5470 Joannem
3362 5413 3473 5484 lto-

1902 5508 2123 5546 manum
2162 5490 2493 5559 pontiﬁcem,
2524 5483 2634 5541 non
2664 5490 2798 5542 satis
2825 5503 2889 5542 ex
2917 5488 3264 5543 decessurum
3290 5483 3475 5559 ponti-

1900 5564 2061 5617 ficum
2082 5555 2324 5616 moribus
2347 5560 2501 5611 ﬁrmo
2524 5568 2766 5627 pectore,
2788 5559 2843 5612 in
2861 5572 3188 5613 consensum
3208 5555 3474 5627 traheret,

1900 5642 1954 5687 et
1981 5644 2039 5687 ut
2086 5636 2201 5701 ipse
2238 5630 2441 5701 pariter
2471 5623 2596 5701 eum
2628 5630 2995 5698 patriarcham
3028 5623 3475 5701 probaret,__dum

1900 5694 2121 5757 tandem
2160 5694 2268 5755 Leo
2296 5699 2361 5766 V,
2389 5694 2658 5754 exstincto
2698 5710 2875 5768 patre.
2910 5694 3106 5753 iterum
3141 5696 3196 5748 in
3227 5694 3474 5749 ordinem

1898 5782 2139 5845 cogeret,
2168 5772 2327 5842 eique
2356 5772 2581 5827 fratrem
2609 5785 2771 5827 suum
2803 5770 3146 5841 subrogaret.
