4004 6426
571 361 679 424 795

1739 363 1998 424 PHOTII
2039 364 2537 429 PATBIARCILE
2573 371 2678 432 CP.

3703 377 3808 440 796

573 469 863 543 prudentia
893 471 1063 542 magis
1091 485 1252 541 quam
1287 468 1485 524 canitie
1536 471 1906 525 venerandum
1934 489 1948 525 :
1975 472 2144 526 virtu-

2267 477 2726 549 νόμενονοξάρεταῖς
2750 478 2807 533 δὲ
2836 479 2932 533 οὐκ
2963 480 3201 547 ἔλαττον,
3229 483 3263 554 ἢ
3297 483 3508 537 συνέσει
3536 485 3806 539 ποικιλλὸο

576 573 694 620 tum
722 581 936 635 quoque
964 564 1164 634 reliqua
1199 565 1458 618 varietate
1482 580 1588 618 non
1617 566 1798 618 minus
1819 582 1977 634 quam
2013 583 2144 636 pru-

576 658 762 712 dentia
813 665 1086 721 ornatum,
1141 671 1203 710 ac
1227 656 1316 725 qui
1349 656 1454 724 pati
1500 656 1698 709 mentis
1727 657 2026 710 constantia
2081 673 2146 712 ac

578 749 873 819 sagacitate
923 748 1210 811 fulciatur;
1259 757 1420 816 atque
1472 752 1552 816 (ut
1581 747 1748 802 verbo
1799 748 1997 816 dicam)
2051 749 2145 803 tali

582 843 754 912 gratia
811 841 1115 911 praeditum,
1151 856 1256 910 qua
1297 855 1392 909 par
1425 849 1540 894 erat
1570 855 1692 894 eum
1724 839 1946 910 fulgere,
1967 841 2059 910 qui
2114 858 2146 896 ιι

579 933 693 986 Deo
722 933 947 1002 accepit,
1004 942 1065 987 ut
1095 933 1492 986 trcinendorum
1523 940 1832 987 nostrorum
1865 935 2145 1003 mysterio-

581 1042 701 1080 rum
732 1026 983 1080 sacerdos
1012 1035 1363 1087 statueretur,
1393 1035 1679 1094 vestraque
1704 1036 1759 1080 et
1790 1026 2034 1082 doctrina
2066 1029 2146 1083 di-

582 1134 720 1188 gnus
749 1128 804 1171 et
825 1133 1082 1171 manuum
1143 1117 1487 1187 impositione
1518 1117 1845 1186 haberetur;
1875 1118 2033 1173 talem
2069 1119 2149 1174 fa-

580 1218 683 1264 cta:
718 1220 908 1264 vestrae
924 1209 1245 1275 sanctitatis,
1266 1225 1426 1278 quam
1447 1209 1795 1271 faciebamus,
1819 1211 2147 1280 experientia

584 1298 835 1354 nuntium
861 1301 1206 1355 ostendebat.
1236 1297 1478 1368 llincquc
1520 1299 1657 1353 adeo
1687 1299 1984 1370 intelligere
2014 1300 2146 1356 lice-

583 1389 678 1446 bat
727 1401 982 1460 certoque
1009 1391 1300 1460 conjicere,
1352 1407 1497 1455 eum,
1546 1391 1636 1460 qui
1665 1407 1774 1460 prae
1806 1391 1898 1445 illo
1946 1391 2148 1460 primas

585 1480 814 1546 ferebat,
857 1483 1081 1552 ejusque
1132 1483 1410 1537 ordinator
1439 1483 1636 1548 fuerat,
1683 1491 1738 1537 et
1772 1491 1830 1536 ut
1881 1483 2149 1553 legatione

586 1573 654 1627 ad
701 1590 800 1628 nos
829 1573 1162 1644 fungeretur,
1195 1574 1268 1628 illi
1298 1583 1487 1628 auctor
1515 1575 1812 1639 exstiterat,
1844 1575 2148 1630 divinarum

587 1665 805 1734 plenum
860 1665 1147 1736 gratiarum
1180 1682 1336 1731 esse;
1385 1684 1446 1722 ac
1474 1668 1564 1736 qui
1598 1668 1763 1723 totius
1801 1669 1922 1722 vitae
1971 1670 2151 1738 splen-

589 1757 742 1822 dore,
778 1757 1194 1828 dogmatuinque
1220 1759 1429 1813 ardcnti
1462 1761 1576 1814 zelo
1597 1769 1755 1830 atque
1780 1776 1961 1814 amore
1995 1762 2148 1832 longe

589 1850 934 1918 conspicuus,
971 1866 1182 1905 necnon
1233 1852 1418 1906 salutis
1437 1853 1711 1922 exemplar
1737 1853 1788 1906 in
1826 1853 2000 1922 ipsum
2022 1869 2154 1908 con-
2185 1842 2227 1897 Β

594 1943 869 1996 tuentibus
891 1942 1050 1997 foret.

666 2035 730 2087 ll.
774 2035 887 2089 Nisi
942 2035 1087 2088 enim
1139 2035 1334 2089 vestris
1377 2035 1622 2106 religiosa
1658 2034 1855 2104 pietate
1895 2034 2158 2088 doctrinis

593 2141 657 2180 ac
687 2127 1028 2183 documentis
1077 2129 1220 2199 large
1259 2129 1533 2192 imbutus,
1569 2127 1710 2197 quia
1759 2127 1910 2181 vobis
1940 2128 2158 2197 pontiﬁ-

593 2220 729 2274 calis
784 2221 1024 2275 muneris
1053 2221 1277 2291 gratiam
1324 2221 1507 2284 trahit,
1544 2220 1622 2274 sic
1663 2219 2008 2282 eluxuriaret,
2059 2235 2161 2274 nec

593 2311 842 2364 mirando
889 2312 1143 2380 quodam,
1179 2319 1431 2379 tantoque
1479 2311 1624 2366 velut
1647 2327 1712 2366 ex
1764 2310 1910 2364 fonte
1951 2319 2160 2363 vestra-

594 2417 714 2456 rum
761 2403 1020 2457 virtutum
1074 2403 1277 2474 irriguo
1314 2403 1519 2474 potitus
1553 2413 1718 2464 esset,
1773 2417 2048 2471 nunquam
2092 2399 2160 2453 ad

601 2503 809 2549 tantam
843 2497 1104 2550 virtutum
1139 2497 1459 2561 claritatem,
1499 2511 1595 2566 pro
1615 2511 1680 2549 eo
1707 2509 1771 2550 ac
1805 2510 2018 2550 summo
2063 2492 2161 2548 Dei

595 2587 906 2643 sacerdotes
956 2588 1132 2653 decet,
1171 2588 1450 2643 evasisset.
1482 2588 1599 2641 Non
1635 2603 1848 2656 semper
1864 2586 2030 2650 enim,
2076 2585 2164 2639 vel

594 2680 790 2750 exiguo
813 2679 1006 2748 jubare
1043 2696 1104 2734 ac
1131 2680 1438 2750 splendore,
1466 2678 1870 2732 similitudinem
1920 2686 2162 2741 servant,

595 2785 716 2838 quae
770 2769 1006 2822 secunda
1039 2779 1184 2834 sunt,
1210 2785 1332 2823 cum
1379 2767 1589 2829 formis,
1624 2785 1741 2837 quae
1769 2768 1875 2821 illis
1933 2767 2162 2836 praeive-

595 2868 742 2914 runt.
785 2859 1024 2925 Quorum
1055 2861 1298 2915 omnium
1330 2876 1488 2915 causa
1517 2859 1780 2914 habendae
1826 2859 1933 2912 Deo
1959 2860 2161 2928 gratiae,

596 2952 690 3023 qui
747 2952 799 3006 iu
833 2969 1022 3008 omnes
1059 2954 1374 3008 muneribus
1421 2953 1627 3007 ell‘usus
1685 2952 2164 3022 universorumque

598 3045 850 3100 conditor
883 3046 1171 3106 exsistens.
1223 3047 1365 3100 sicut
1407 3047 1460 3098 in
1503 3045 1735 3098 Orientis
1786 3045 2048 3115 partibus,
2087 3044 2166 3099 sic

598 3135 763 3188 etiam
814 3135 868 3188 in
923 3134 1270 3199 Occidentis,
1319 3135 1604 3188 luminaria
1647 3135 1920 3204 ducesque
1975 3149 2163 3189 conse-

2255 587 2435 640 μενονσ
2477 573 2572 625 καὶ
2618 572 2696 641 τῷ
2737 573 2990 626 εύσταθεί
3034 575 3133 644 τῆς
3178 575 3402 646 γνώμης
3448 579 3510 629 τὸ
3555 578 3809 646 ἀγχίνουν

2253 661 2819 732 ωμπροὸαλλόμενον.
2875 665 2982 716 Καὶ
3017 665 3204 730 ἀπλῶς
3243 669 3454 729 εἰπεῖν,
3483 669 3603 731 οἵας
3647 672 3810 740 ἐχρῆν

2252 754 2625 822 μετειληχέναι
2658 755 2878 825 χάριτος
2898 795 2913 818 ,
2947 757 3037 809 τὸν
3067 758 3316 828 ἱερᾶσθαι
3360 759 3512 828 παρά
3540 759 3676 813 Θεοῦ
3709 763 3814 815 τῶν

2250 845 2495 912 φρικτῶν
2523 845 2678 915 ἡμῶν
2708 847 3022 918 μυστηρίων
3053 851 3152 917 τὴν
3184 849 3407 922 τελετὴν
3441 851 3695 922 λαχόντα.
3722 857 3811 907 καὶ

2249 937 2348 1004 τῆς
2383 937 2535 1005 ὑμῶν
2583 939 2678 990 καὶ
2719 938 3062 1002 διδασκαλίας
3111 941 3206 994 καὶ
3253 941 3594 1011 χειροθεσίας
3642 943 3808 1007 ἀξιον,

2250 1025 2486 1078 τοιοῦτον
2528 1027 2561 1096 ἡ
2617 1029 2781 1096 πεῖρα
2817 1027 2916 1095 τῆς
2958 1030 3107 1100 ἱερᾶς
3153 1031 3307 1101 ὑμῶν
3348 1034 3626 1100 ὁσιότητος
3674 1052 3809 1106 παρ-

2252 1117 2462 1171 εδείκνυ
2492 1119 2583 1171 τὸν
2613 1120 2929 1176 ἀπόστολον.
2956 1123 3263 1176 Κάντεῦθεν
3286 1119 3356 1194 ἦν
3383 1128 3615 1196 συνορᾷν
3640 1144 3700 1179 τε
3727 1130 3812 1181 καὶ

2252 1209 2548 1280 λαμϐάνειν
2582 1212 2679 1282 τὴν
2711 1212 3006 1279 ἀπόδειξιν,
3055 1214 3131 1278 ὡς
3167 1214 3197 1265 ὁ
3239 1216 3433 1269 τούτου
3464 1218 3532 1270 τά
3576 1223 3813 1287 πρωτεῖα

2253 1305 2549 1372 φερόμενος
2587 1304 2681 1356 καὶ
2709 1303 3081 1376 τελεσιουργὸς
3119 1307 3216 1378 (2),
3248 1310 3342 1362 καὶ
3371 1311 3472 1379 τῆς
3506 1311 3644 1380 πρὸς
3675 1315 3812 1383 ἡμᾶς

2253 1394 2556 1464 ἀποστολῆς
2584 1396 2756 1457 αἴτιος
2777 1433 2792 1458 ,
2819 1395 3030 1468 πλήρης
3058 1399 3154 1466 μὲν
3181 1399 3290 1452 τῶν
3320 1400 3481 1454 θείων
3511 1404 3632 1455 ἐστὶ
3667 1406 3814 1474 χαρί-

2252 1507 2359 1542 των
2382 1506 2394 1518 ’
2431 1490 2547 1552 ὅλος
2582 1489 2638 1542 δὲ
2664 1491 2728 1559 τῇ
2769 1491 2862 1544 τοῦ
2895 1491 3010 1562 βίον
3051 1493 3429 1564 λαμπρότητι,
3463 1497 3561 1548 καὶ
3598 1495 3680 1564 τῷ
3713 1497 3814 1549 τῶν

2253 1580 2537 1649 δογμάτων
2558 1579 2804 1652 διαπύρῳ
2831 1582 2978 1653 ζήλῳ
2999 1584 3092 1637 καὶ
3106 1584 3183 1654 τῷ
3209 1584 3392 1655 ἔρωτι,
3419 1587 3813 1657 διασημότατὸς

2253 1689 2312 1724 τε
2335 1673 2401 1725 ἂν
2428 1672 2535 1743 εἴη,
2569 1674 2663 1728 καὶ
2700 1674 3051 1747 παράδειγμα
3081 1677 3354 1747 σωτηρίας
3398 1680 3515 1743 τοῖς
3547 1680 3629 1742 είς
3659 1679 3814 1732 αὑτὸν

2255 1764 2608 1828 ἀτενίζουσιν.

2325 2035 2399 2087 B'.
2433 2034 2497 2088 Ei
2543 2033 2618 2104 μὴ
2655 2034 2762 2106 γὰρ
2793 2035 2870 2103 (5)
2907 2036 3030 2097 ταῖς
3058 2033 3201 2088 κατὰ
3227 2033 3360 2087 Θεὸν
3389 2033 3547 2104 ὑμῶν
3573 2035 3822 2089 διδασκα-

2257 2125 2400 2190 λίαις
2429 2127 2520 2179 καὶ
2562 2128 2880 2197 είσηγήσεσι
2910 2127 3445 2196 ἐπιδαψιλευόμενος,
3486 2130 3516 2180 ὁ
3549 2128 3646 2196 τὴν
3687 2129 3815 2198 ἀρχ-

2257 2219 2534 2289 ιερατικὴν
2579 2219 2738 2289 χάριν
2797 2218 2854 2284 ἐξ
2899 2219 3052 2288 ὑμῶν
3091 2220 3264 2272 ἕλκων
3315 2218 3489 2282 οὕτως
3533 2219 3812 2290 ὲνετρύφα·

2260 2310 2355 2364 καὶ
2393 2312 2442 2363 εί
2487 2310 2561 2380 μὴ
2593 2310 2914 2379 θαυμαστῆς
2947 2327 3090 2372 τινος
3139 2311 3234 2363 καὶ
3276 2310 3550 2381 τοσαύτης
3581 2311 3816 2380 ἀπηὶαυε

2255 2403 2357 2472 τῆς
2391 2404 2455 2455 ὲκ
2490 2403 2598 2456 τῶν
2646 2403 2856 2472 ἀρετῶν
2885 2402 3040 2472 ὑμῶν
3065 2404 3308 2474 πηγαίας
3338 2404 3558 2475 ἀρδείας
3580 2445 3595 2466 .
3625 2406 3722 2457 οὐκ
3753 2405 3818 2457 ἂν

2261 2495 2337 2557 είς
2358 2493 2624 2566 τοσαύτην
2647 2493 2883 2567 προῆλθε
2913 2495 3054 2549 κατά
3081 2496 3140 2548 τὸ
3190 2497 3467 2566 προσῆκον
3511 2493 3818 2566 ἀρχιερεῦσι

2261 2587 2418 2652 Θεοῦ,
2464 2587 2671 2656 ἀρετῶν
2721 2587 3058 2655 ἐπιφάνειαν.
3113 2587 3354 2651 Σώζουσι
3405 2587 3515 2656 γὰρ
3562 2588 3664 2639 οὐκ
3713 2588 3816 2651 ἀεὶ,

2261 2679 2381 2731 οὐδὲ
2419 2681 2482 2732 ὲκ
2531 2679 2788 2750 βραχείας
2827 2680 2972 2742 τινος
3011 2680 3189 2749 αὐγῆς
3227 2682 3319 2733 καὶ
3365 2680 3700 2749 ἐλλάμψεως,
3724 2681 3819 2748 τήν

2261 2770 2549 2840 ὁμοιότητα
2577 2772 2684 2822 τῶν
2716 2769 3094 2840 πρωτοτύπων
3131 2771 3200 2824 τά
3239 2769 3489 2842 δεύτερα.
3533 2773 3644 2824 Καὶ
3671 2773 3820 2840 χάρις

2263 2860 2357 2912 ἐπὶ
2385 2863 2518 2913 πᾶσι
2549 2860 2758 2924 τούτοις
2799 2859 2878 2930 τῷ
2923 2861 3184 2932 εὐεργέτῃ
3229 2863 3322 2914 καὶ
3361 2861 3676 2932 δημιουργῷ
3718 2861 3820 2912 τῶν

2262 2952 2398 3004 ὅλων
2427 2951 2564 3022 Θεῷο
2587 2953 2666 3017 ὃς,
2686 2952 2872 3023 ὥσπερ
2898 2954 2956 3004 ὲν
2979 2956 3088 3016 τοῖς
3115 2955 3212 3022 τῆς
3228 2953 3396 3024 Ἐῲας
3425 2956 3668 3023 μέρεσιν,
3687 2954 3824 3007 οὕτω

2263 3045 2328 3114 δὴ
2359 3046 2452 3098 καὶ
2478 3048 2538 3099 ὲν
2570 3050 2684 3109 τοῖς
2715 3049 3017 3122 Ἐσπερίοις
3056 3049 3351 3120 φωστῆρας
3380 3048 3473 3101 καὶ
3503 3048 3725 3114 ὁδηγοὺς
3743 3064 3826 3099 τε·

2264 3136 2593 3207 λεσιουργῶν
2619 3139 2716 3210 (4),
2757 3141 3025 3210 ὁσημέραι
3057 3140 3292 3208 λάμπειν
3323 3139 3419 3192 καὶ
3467 3137 3826 3205 καταυγάζὲιν

599 3241 778 3289 crans,
840 3237 900 3281 ut
951 3227 1189 3296 quotidie
1235 3227 1468 3288 luceant,
1514 3227 1792 3296 plebisque
1837 3227 2045 3280 animos
2099 3241 2162 3281 ac

2267 3227 2474 3280 πολλῶν
2494 3228 2672 3299 ψυχάς
2692 3230 2788 3282 καὶ
2816 3231 3073 3295 διανοίας,
3102 3230 3160 3282 ὲν
3183 3230 3260 3301 τῷ
3287 3230 3400 3284 τῶν
3431 3230 3826 3301 ἀρχιερατικῶν

600 3327 810 3372 mentes
866 3318 1156 3382 illustrent,
1207 3318 1261 3372 in
1317 3318 1461 3373 celso
1515 3318 1901 3389 cpiscopalium
1953 3319 2162 3375 sedium

602 3411 837 3468 culmine
859 3411 1103 3481 praeﬁcit.

675 3503 759 3558 Ill.
803 3504 908 3558 Sed
931 3520 1053 3558 cum
1086 3519 1186 3558 nos
1211 3503 1278 3558 de
1311 3519 1461 3558 sacra
1493 3513 1669 3558 vestra
1708 3505 1906 3559 virtute
1934 3521 1994 3559 ea
2015 3523 2168 3561 mens

603 3599 919 3658 incesseret,
945 3599 1171 3666 ejusque
1199 3596 1468 3666 praeclaris
1498 3597 1716 3651 dotibus
1747 3614 1809 3652 ac
1834 3601 2170 3654 ornamentis

601 3689 920 3760 gestircmus
963 3699 1017 3743 et
1050 3690 1373 3752 lmtaremur,
1405 3689 1548 3758 quod
1600 3689 1825 3746 nuncin
1864 3706 2022 3745 aures
2074 3707 2172 3746 no-

602 3791 743 3836 stras
790 3782 976 3835 incidit
1007 3782 1189 3852 (atque
1240 3783 1444 3834 utinam
1475 3797 1788 3850 nunquam:
1844 3783 1990 3836 dirus
2027 3784 2172 3836 cnim

603 3873 792 3935 animi,
827 3888 938 3927 non
971 3873 1212 3942 corporis
1252 3873 1405 3927 dolor
1440 3883 1561 3927 est:
1596 3889 1692 3942 per
1731 3875 1869 3928 hanc
1907 3876 2050 3928 enim
2107 3893 2173 3930 ex

606 3972 821 4032 aspectu
847 3979 1040 4033 magna
1063 3964 1219 4018 nobis
1244 3975 1506 4033 concepta
1529 3979 1644 4032 spe,
1675 3974 1732 4018 ut
1761 3974 1817 4018 et
1845 3966 2018 4035 ipsum
2047 3983 2178 4021 ma:-

605 4071 782 4112 rorein
829 4057 1156 4128 aperiamus,
1199 4071 1379 4127 operae
1427 4056 1661 4126 pretium
1704 4057 2002 4128 duxiinus),
2031 4059 2172 4112 haud

2265 3320 2386 3383 ὓψει
2411 3319 2616 3392 θρόνων
2645 3320 3029 3392 προϐάλλεται.

2340 3508 2414 3564 l".
2463 3508 2603 3560 ’Λλλ’
2640 3507 2784 3561 οὕτω
2810 3507 2938 3580 περὶ
2968 3508 3065 3578 τῆς
3093 3508 3247 3577 ἱερᾶς
3271 3507 3426 3577 ὑμῶν
3457 3507 3660 3578 ἀρετῆς
3686 3507 3828 3576 ἔχον-

2269 3619 2381 3664 τες,
2411 3603 2504 3654 καὶ
2529 3603 2642 3664 τοῖς
2665 3601 2866 3672 ταύτης
2891 3602 3338 3671 ὲνσεμνυνόμενοί
3369 3619 3429 3655 τε
3460 3604 3555 3656 καὶ
3589 3602 3832 3672 ἡδόμενοι

2273 3691 2682 3765 κατορθώμασι,
2707 3694 2768 3746 τὸ
2802 3692 2898 3746 νῦν
2921 3693 3075 3762 ἡμῶν
3100 3697 3218 3756 ταῖς
3249 3694 3438 3755 ἀκοαῖς
3459 3693 3734 3753 ὲπιπεσὸν,
3757 3693 3830 3755 ὡς

2272 3784 2383 3836 εἴθε
2432 3785 2505 3854 μὴ
2554 3781 2761 3850 ὢφελε·
2803 3783 2980 3852 ψυχῆς
3007 3785 3116 3854 γάρ
3158 3784 3313 3844 ἐστι,
3345 3784 3443 3837 καὶ
3488 3784 3544 3835 ού
3585 3782 3828 3851 σώματος

2271 3876 2514 3944 ἄλγημα.
2559 3875 2657 3927 Διά
2694 3873 2896 3944 ταύτης
2944 3873 3049 3928 ἀπὸ
3079 3873 3208 3938 θέας
3253 3875 3498 3944 μεγάλην
3523 3874 3701 3926 ἐλπίδα
3731 3873 3829 3926 λα-

2271 3967 2478 4030 ϐόντες,
2506 3968 2600 4020 καὶ
2624 3966 2758 4019 αὐτὸ
2781 3966 2843 4019 τὸ
2868 3965 3039 4028 πάθος
3063 3965 3404 4034 ἀνακαλύψαι
3424 3965 3531 4018 δεῖν
3557 3965 3832 4035 ᾠήθημεν.

2273 4061 2388 4111 Οὐκ
2417 4054 2534 4111 οἶδα
2561 4057 2678 4120 πῶς
2702 4057 2768 4111 ἂν
2795 4056 3017 4121 ἀλύπως
3045 4059 3202 4112 είπω·
3231 4057 3281 4111 ει
3306 4057 3383 4128 μὴ
3409 4057 3589 4121 καλῶς
3625 4056 3699 4129 (ε)
3722 4059 3836 4120 ταῖς

2097 4230 2329 4288 NOTAE.

675 4410 752 4473 (Ξ.)
788 4410 896 4464 Καὶ
936 4412 1372 4478 τελεσιουργός.
1421 4407 1523 4474 Qui
1563 4408 1795 4464 initiavit
1825 4420 1986 4480 atque
2020 4425 2160 4479 prae-

2269 4408 2478 4473 Quibus
2507 4417 2562 4461 et
2603 4407 2844 4479 magistri
2899 4406 3268 4479 sedulitatem,
3315 4413 3374 4461 et.
3425 4405 3680 4475 discipuli
3719 4405 3839 4479 dili-

605 4498 776 4559 sinent
807 4481 1095 4559 ordinavit,
1131 4497 1227 4535 seu
1273 4482 1325 4533 in
1353 4480 1684 4559 episcopum.
1697 4481 1818 4550 jure
1849 4478 2165 4559 metro’poli-
2198 4487 2242 4542 ι)
2271 4479 2506 4559 gentiam
2537 4478 2776 4559 celebrat
2810 4495 2824 4531 :
2855 4493 2957 4532 nec
2988 4478 3091 4558 nisi
3125 4480 3326 4546 primas
3355 4491 3423 4531 ac
3443 4478 3840 4540 excellentiam,

608 4554 714 4606 tieo
744 4551 1101 4610 consecravit,
1133 4565 1433 4618 manusque
1456 4550 1734 4618 imposuit,
1759 4560 1817 4604 ut
1851 4552 2012 4619 paulo
2038 4560 2163 4604 ante

605 4623 836 4677 dicebat.
882 4619 995 4688 Τῆς
1043 4620 1194 4688 ὑμῶν
1222 4619 1557 4690 χειροθεσίας
1601 4621 1770 4686 ἄξιον,
1821 4621 2048 4690 Dignum
2080 4620 2164 4672 cui

606 4709 794 4745 manus
852 4691 1229 4757 imposueritis.
1288 4705 1439 4744 sacra
1501 4691 1710 4745 scilicet
1794 4691 2162 4746 ordinatione.

606 4761 799 4816 Metius
827 4761 911 4814 vel
941 4777 1048 4814 non
1083 4761 1289 4825 habuit,
1317 4760 1402 4815 vel
1443 4775 1553 4816 non
1585 4760 1840 4827 reddidit,
1868 4761 1964 4816 sed
1999 4760 2168 4815 solius

603 4832 882 4886 missionis
913 4833 1176 4884 meminit.

681 4902 756 4970 (5)
795 4903 864 4955 El
882 4899 966 4971 μὴ
1000 4900 1130 4970 γάρ.
1163 4901 1296 4956 Male
1327 4901 1473 4956 hunc
1499 4901 1678 4957 locum
1710 4901 1903 4956 Metius
1935 4901 2165 4971 accepit,

605 4982 663 5028 et
691 4981 878 5026 contra
907 4969 1081 5024 Pliotii
1121 4988 1339 5026 sensum
1370 4990 1381 5024 :
1415 4986 1478 5024 ae
1502 4972 1603 5042 ubi
1629 4972 1718 5024 ille
1746 4972 1900 5042 legati
1925 4969 2168 5038 episcopi

608 5043 796 5096 laudes
828 5042 1186 5110 prosequitur.
1221 5042 1508 5096 iudicando
1561 5041 1680 5110 ejus
1709 5041 1927 5095 virtutis
1966 5043 2168 5096 fontem

608 5128 672 5167 ac
704 5111 1001 5179 exemplar,
1043 5113 1187 5180 quod
1235 5127 1447 5167 summa
1478 5111 1638 5165 laude
1682 5111 1979 5166 reddiderit
2032 5111 2169 5177 (etsi

609 5197 717 5234 non
745 5198 865 5234 raro
892 5196 1049 5236 secus
1079 5183 1399 5251 contingat),
1420 5182 1482 5245 is,
1511 5189 1660 5234 extra
1693 5197 1854 5236 omne
1882 5182 2168 5250 judicium,

607 5253 761 5320 quasi
819 5266 928 5304 non
971 5252 1224 5320 adeptum
1251 5267 1372 5306 eam
1401 5251 1765 5320 praestantiam
1786 5291 1801 5315 ,
1837 5267 1959 5320 quae
1989 5251 2170 5320 ponti-

607 5324 738 5377 iices
763 5322 971 5380 deccat.
1005 5324 1096 5390 qui
1144 5323 1343 5376 missus
1374 5322 1614 5389 pontifex
1645 5330 1809 5381 esset,
1866 5331 1922 5376 et
1952 5323 2169 5390 quidem

611 5402 878 5461 provectae
903 5395 1098 5457 aetatis,
1133 5391 1386 5459 deprimit
1423 5406 1485 5445 ac
1525 5393 1684 5460 plane
1713 5392 1985 5460 vituperat
2018 5412 2030 5444 :
2064 5391 2173 5444 Nec

611 5472 881 5530 propterea
917 5465 985 5514 ad
1023 5479 1139 5515 eam
1187 5463 1388 5515 deveni:
1421 5462 1804 5530 praestantiam,
1854 5477 1968 5529 qua:
1997 5462 2173 5529 ponti-

607 5534 730 5601 ﬁces
767 5533 858 5584 Dei
889 5533 1054 5584 decet.
1084 5533 1250 5596 Nugae
1280 5531 1579 5586 Potentiale
1609 5533 1661 5584 ili
1692 5531 2022 5585 absolutum.
2059 5530 2169 5585 Nisi

611 5604 814 5671 copiose
844 5601 1087 5663 imbutus,
1118 5611 1246 5662 etc.,
1272 5601 1372 5653 οὐκ
1399 5602 1464 5654 ἂν
1488 5604 1568 5664 είς
1593 5601 1865 5671 τοσαύτην
1893 5602 2134 5671 προῆλθε
2153 5641 2170 5662 ,

614 5675 752 5725 κατά
790 5671 850 5724 τὸ
885 5671 1161 5740 προσῆκον
1205 5671 1521 5740 ἀρχιερεῦσι
1563 5670 1696 5723 Θεοῦ
1730 5670 1939 5740 ἀρετῶν
1972 5671 2174 5735 ἐπιφά-

611 5759 780 5796 νειαν.
841 5741 1123 5807 Nunquam
1181 5743 1252 5795 ad
1306 5751 1513 5794 tantam
1571 5742 1823 5794 virtutum
1879 5741 2174 5795 claritatem

615 5812 891 5877 evasisset,
941 5828 1035 5878 pro
1081 5829 1136 5866 eo
1165 5830 1226 5866 ac
1258 5828 1483 5868 summos
1524 5811 1620 5865 Dei
1662 5811 1953 5866 sacerdotes
1988 5813 2172 5865 decet:

2276 4549 2324 4602 ei
2360 4549 2449 4616 qui
2471 4557 2663 4618 auctor
2686 4551 2756 4602 sit
2786 4564 2849 4603 ac
2876 4547 3152 4618 magister,
3182 4557 3379 4602 servat.

2347 4615 2422 4687 (Ii)
2464 4617 2788 4684 Φωστῆρας
2834 4618 2931 4671 καὶ
2971 4615 3238 4686 ᾏδηγοὺς
3287 4615 3746 4685 τελεσιουρτῶίν.
3781 4617 3843 4668 Et

2275 4688 2362 4743 hic
2387 4690 2520 4741 mire
2540 4690 2862 4742 allucinatus
2891 4688 3100 4750 Metius,
3129 4689 3257 4742 dum
3277 4689 3348 4740 ita
3373 4688 3583 4742 reddit;
3613 4688 3840 4741 Lumina

2275 4760 2517 4829 quaedam
2570 4768 2618 4812 et
2667 4761 2820 4812 duces
2858 4759 3206 4812 sacerdotum.
3257 4756 3369 4829 lmo
3411 4765 3579 4821 certe,
3616 4756 3842 4829 Lamina

2275 4827 2530 4898 ducesque
2557 4845 2884 4898 consecrans,
2933 4829 3174 4892 initians,
3213 4828 3462 4881 ordinans
3494 4842 3512 4879 :
3552 4827 3701 4896 quod
3750 4842 3844 4894 per

2277 4897 2652 4953 auctoritatem
2686 4899 2812 4952 facit
2838 4897 3109 4962 Christus,
3147 4900 3258 4967 ipse
3291 4912 3537 4951 summus
3564 4898 3844 4967 sacerdos.

2276 4984 2484 5038 suoque
2527 4969 2829 5022 sacerdotio
2861 4968 3072 5037 (primo
3102 4966 3198 5021 aut
3224 4969 3463 5038 secundo
3486 4966 3724 5035 ordine)
3754 4983 3851 5036 per

2277 5037 2405 5093 suos
2433 5041 2662 5093 vicarius
2691 5039 3123 5108 episcopos,ieos
3151 5039 3245 5108 qui
3285 5037 3605 5108 initiantur,
3630 5051 3732 5108 sein
3764 5052 3853 5108 or-

2277 5111 2554 5175 dinantur,
2618 5105 2953 5178 impartiens.
3004 5105 3364 5178 Bene‘Bud,
3395 5123 3449 5178 p.
3504 5105 3854 5178 817ηἷελε-

2279 5179 2530 5250 σιουργὸν
2578 5175 2808 5250 δύναμιν
2857 5180 2966 5232 τῶν
3011 5178 3285 5248 ίεραρχῶν
3347 5175 3604 5250 Dionysio
3641 5175 3852 5250 dictam

2277 5247 2521 5319 exponit,
2559 5249 2670 5302 Vim
2698 5247 3037 5302 iuitiatricem
3066 5258 3112 5301 et
3138 5247 3537 5319 eoizsecraticem
3561 5263 3579 5300 :
3616 5254 3668 5300 et
3697 5247 3854 5298 τελε-

2280 5318 2574 5390 σιουργεῖν,
2622 5321 2684 5390 το
2724 5319 2918 5374 τελεῖν.
2970 5319 3141 5390 (_2ujus
3193 5318 3309 5390 fere
3338 5332 3501 5390 voces
3543 5324 3858 5390 sequuntur

2280 5385 2610 5444 recentiores
2637 5389 2946 5444 Graecorum
2974 5385 3236 5458 Tli’eologi
3262 5407 3273 5440 ε
3303 5402 3404 5440 nec
3437 5388 3494 5441 in
3525 5402 3583 5440 re
3609 5387 3692 5440 sic
3730 5385 3858 5440 trita

2279 5460 2466 5514 debuit
2494 5460 2689 5513 Metius
2713 5459 2999 5527 ccspitare.

2353 5530 2428 5601 (5)
2461 5534 2527 5584 Et
2570 5528 2655 5598 μὴ
2707 5524 3050 5601 καλῶςαΑι)
3084 5528 3186 5601 hac
3233 5524 3705 5601 expostulatione,
3757 5540 3862 5601 nec

2281 5598 2457 5669 ipsum
2495 5601 2563 5654 ad
2593 5616 2753 5668 quem
2800 5599 3010 5663 scribit,
3060 5599 3276 5669 videtur
3304 5598 3566 5669 eximere»,
3597 5606 3695 5648 aut.
3735 5600 3862 5669 ejus

2281 5666 2518 5724 mentem
2577 5666 2709 5723 alias
2755 5669 3084 5738 exploratam
3143 5666 3626 5738 liabere._Metius
3685 5666 3861 5738 etiam

2283 5741 2418 5794 nihil
2459 5739 2636 5794 Pliotii
2665 5735 2840 5810 πάθος
2867 5739 3147 5810 exprimit,
3180 5737 3323 5810 quod
3355 5736 3442 5790 hic
3474 5735 3719 5789 maximo
3749 5737 3861 5787 uii-

2285 5822 2389 5876 tur,
2424 5811 2500 5866 rei
2535 5807 3019 5881 indignitatem,'ut
3047 5809 3150 5864 sibi
3190 5807 3426 5873 videtur,
3462 5821 3810 5876 exaggerans
3841 5820 3858 5856 :
