4044 6418
170 392 281 458 ΊΕΠ

1321 403 1861 471 EPISTOLARUM
1903 413 2141 474 LIBER
2179 413 2230 474 Ι.

3306 408 3416 471 798

172 503 485 571 Κυριακαῖς
509 507 712 572 φωναῖς
733 506 1170 578 ἑξαρκεσθέντες,
1191 511 1225 580 ἦ
1245 511 1351 566 τῶν
1377 515 1659 583 [ἰατρικῶν
1682 533 1734 569 τε

1844 520 2007 589 plane
2033 522 2148 576 scio
2181 519 2456 591 quomodo
2491 536 2602 575 non
2627 533 2813 574 amaro
2840 517 3089 586 tristique
3127 516 3308 570 animo
3329 531 3413 572 οι-

172 597 275 650 καὶ
300 596 589 650 συνοδικῶν
623 598 766 668 ὅρων
797 601 891 654 καὶ
911 601 1197 670 δογμάτων
1226 603 1444 674 ἔχοντες
1477 606 1631 676 λόγον
1653 607 1745 660 οὺ-

171 684 333 750 δένα,
376 685 408 756 ἢ
447 686 546 756 τῆς
577 688 788 743 ἐκεῖθεν
816 691 1102 761 ἀκριϐείας
1145 693 1558 766 ὑπερορῶντες,
1588 697 1622 767 ἦ
1653 698 1744 750 τὸν

171 777 303 829 νοῦν
329 779 465 848 πρὸς
489 778 557 831 τά
582 780 805 834 τοιαῦτα
833 782 1092 854 φέροντες
1123 786 1544 858 πεπωρωμὲνον,
1580 788 1612 857 ἢ
1645 789 1744 843 οὐκ

172 863 272 920 οἷδ’
311 870 459 931 ὅπως
499 871 566 925 ἄν
606 890 690 937 τις
725 874 818 927 καὶ
855 874 1011 946 φαίη,
1061 877 1210 945 ὅμως
1239 874 1358 942 οὖν,
1383 878 1460 942 ὡς
1505 879 1617 933 εἴθε
1667 881 1743 952 μὴ

172 955 403 1026 ὤφελεν,
435 954 570 1031 ἧκεν
601 963 681 1025 είς
709 964 982 1036 ἡμετέρας
1007 967 1196 1033 ἀκοὰς,
1231 968 1307 1032 ὥς
1329 985 1473 1031 τινες
1501 970 1607 1023 τῶν
1639 972 1743 1027 ἀνὰ

172 1051 278 1120 τὴν
312 1051 498 1118 Δύσιν,
523 1053 584 1106 τὸ
613 1055 755 1109 θεῖόν
784 1074 844 1110 τε
865 1060 959 1112 καὶ
985 1061 1248 1127 πανάγιον
1281 1059 1524 1129 Πνεῦμα,
1547 1064 1606 1116 οὐ
1645 1063 1742 1134 μό-

173 1159 268 1194 νον
304 1143 370 1196 ὲκ
404 1143 500 1196 τοῦ
541 1145 674 1200 Θεοῦ
706 1151 800 1202 καὶ
832 1151 1068 1222 Πατρὺς,
1100 1153 1237 1206 ἀλλὰ
1266 1155 1362 1207 καὶ
1389 1155 1452 1208 ὲκ
1485 1155 1578 1208 τοῦ
1609 1154 1741 1209 Υίοῦ

172 1234 572 1303 ἐκπορεύεσθαι
596 1241 1012 1310 παρεισάγουσι⁸
1043 1247 1137 1299 καὶ
1161 1245 1363 1314 πολλὴν
1389 1247 1635 1300 ἐντεῦθεν
1646 1247 1743 1319 τὴν

173 1324 386 1394 βλάϐην
425 1327 514 1383 διὰ
563 1332 663 1399 τῆς
705 1332 960 1404 τοιαύτης
1006 1337 1190 1406 φωνῆς
1239 1338 1352 1400 τοῖς
1403 1338 1742 1408 πειθομένοις

170 1417 600 1486 ἀπεργάζονται.
625 1422 796 1476 Τοῦτο
813 1424 868 1476 δὲ
899 1428 1040 1480 κατά
1069 1428 1296 1499 γνώμην
1319 1432 1416 1500 μὲν
1441 1434 1550 1496 τοίς
1572 1431 1742 1497 οὕτως

172 1507 234 1572 ἐξ
272 1507 468 1577 ἀλόγου
501 1512 823 1582 προλήψεως
859 1515 1104 1586 ἔχουσιν,
1135 1519 1194 1572 οὐ
1224 1521 1512 1588 τοσαύτην,
1565 1524 1742 1576 καίτοι

172 1599 400 1670 πολλὴν,
430 1601 518 1654 διὰ
545 1603 604 1656 τὸ
630 1604 730 1673 τῆς
766 1606 987 1674 ἀγνοίας
1032 1611 1406 1680 προκάλυμμα
1428 1653 1442 1676 ,
1475 1613 1614 1683 τάχα
1642 1616 1742 1668 οὑκ

170 1693 240 1746 ἂν
275 1695 658 1766 προξενήσειεν
679 1713 692 1726 ο
721 1700 948 1769 ἐρεύνης
985 1701 1039 1754 δὲ
1070 1703 1455 1774 προτεθείσης,
1487 1706 1580 1758 καὶ
1607 1723 1742 1776 τρα-

172 1787 281 1848 νῶς
317 1787 408 1840 διά
447 1805 504 1840 τε
531 1790 629 1858 τῆς
660 1791 825 1860 ἄλλης
855 1793 1012 1862 ἡμῶν
1057 1793 1208 1864 ἱερᾶς
1236 1796 1478 1866 Γραφῆς,
1521 1799 1613 1850 καὶ
1644 1797 1740 1851 αὺ-

1848 627 1994 666 cam.
2033 613 2194 668 Velut
2225 627 2462 680 namque
2493 611 2788 666 Dominicze
2809 625 2969 663 voces
2989 608 3118 677 ipsa:
3144 623 3252 660 non
3279 607 3418 660 bene

1843 702 2128 766 haberent,
2161 712 2254 758 aut
2285 704 2366 760 eis
2395 702 2730 764 sufficerent,
2765 701 2850 756 vel
2889 701 3088 755 nullam
3113 699 3332 753 Patrum
3362 706 3418 751 et

1843 795 2192 850 conciliorum
2242 795 2620 851 definitionum
2664 809 2729 848 ac
2758 795 3103 848 decretorum
3149 791 3414 845 rationem

1846 882 2132 949 haberent,
2158 899 2418 939 eorumve
2462 900 2528 939 eo
2563 883 2786 938 nomine
2821 883 3157 953 diligentiam
3184 896 3415 951 sperne-

1842 983 1985 1039 rent,
2017 985 2110 1028 aut
2153 975 2207 1028 in
2254 976 2451 1030 talibus
2486 991 2632 1030 czeco
2662 977 2843 1030 animo
2868 984 3070 1040 essent,
3107 975 3193 1028 vel
3230 973 3415 1028 nescio

1842 1065 2115 1134 quomodo
2169 1065 2292 1134 quis
2319 1067 2481 1120 etiam
2519 1067 2690 1136 possit
2733 1065 2914 1135 eloqui
2948 1075 3148 1133 ;atque
3205 1063 3414 1116 utinam

1841 1169 1944 1208 nec
1965 1169 2052 1208 res
2079 1165 2243 1218 esset,
2280 1155 2530 1224 pervenit
2565 1155 2630 1209 ad
2659 1164 2875 1209 nostras
2902 1170 3083 1219 aures,
3105 1152 3248 1223 quod
3272 1167 3414 1206 non-

1840 1245 1973 1300 nulli
2004 1246 2447 1310 Occidentalium,
2487 1246 2730 1301 divinum
2755 1261 2819 1301 ac
2849 1245 3249 1300 sanctissimum
3298 1243 3414 1314 Spi-

1842 1338 2006 1392 ritum
2049 1349 2158 1390 non
2199 1337 2374 1391 solum
2401 1353 2468 1392 ex
2505 1337 2617 1391 Deo
2645 1346 2701 1391 et
2727 1337 2907 1402 Patre,
2942 1353 3126 1390 verum
3152 1337 3314 1390 etiam
3345 1352 3411 1391 ex

1842 1430 1976 1484 Filio
2022 1429 2316 1498 procedere
2347 1444 2489 1483 novo
2516 1430 2768 1498 dogmate
2815 1429 3210 1494 introducunt;
3267 1427 3410 1483 mul-

1842 1529 2062 1586 tamque
2105 1516 2230 1571 inde
2265 1517 2464 1580 labem,
2513 1533 2610 1586 per
2665 1518 2998 1586 ejuscemodi
3050 1533 3261 1580 vocem,
3307 1517 3412 1571 illis

1840 1619 2047 1676 creant,
2105 1609 2196 1677 qui
2227 1608 2308 1664 eis
2333 1609 2567 1663 credunt
2617 1624 2682 1662 ac
2722 1617 2934 1678 parent.
2966 1608 3119 1673 Quod
3179 1624 3308 1663 vero
3344 1625 3409 1662 ex

1843 1717 2034 1757 eorum
2065 1711 2250 1758 mente
2271 1711 2377 1766 est,
2401 1702 2491 1771 qui
2533 1701 2612 1756 sic
2662 1685 3261 1769 inconsulte'occupata
3289 1700 3413 1769 opi-

1841 1794 2006 1849 nione
2027 1793 2215 1849 imbuti
2251 1804 2398 1861 sunt,
2426 1793 2525 1848 etsi
2551 1807 2819 1862 magnam,
2847 1801 3066 1862 prepter
3094 1793 3411 1863 ignorantiae

171 1878 273 1947 τῆς
305 1879 369 1948 δὴ
401 1881 500 1948 τῆς
521 1882 804 1952 Κυριακῆς
833 1885 1014 1953 φωνῆς
1048 1863 1394 1958 ἐλεγχθείσης
1414 1863 1654 1958 πλάνης,
1689 1891 1734 1942 εὶ

1841 1896 2019 1940 tamen
2076 1885 2350 1953 objectum
2400 1885 2644 1939 velamen
2694 1883 2838 1936 haud
2884 1891 3088 1935 tantam
3139 1881 3218 1936 eis
3271 1881 3411 1935 forte

173 1971 250 2038 μὴ
275 1969 469 2023 θᾶττον
497 1973 595 2040 μὲν
623 1974 913 2028 ἀποσταῖεν
936 1976 1011 2038 ὼς
1031 1977 1386 2048 ὲνησχαμὲνοι
1410 1979 1509 2049 τῆς
1533 1980 1735 2034 ἀτόπου

171 2061 364 2129 δόξης·
406 2063 601 2117 Θᾶττον
649 2065 706 2118 δὲ
747 2069 860 2129 τοῖς
910 2067 1086 2138 ὀρθῶς
1137 2070 1593 2142 ἐπιδεδειγμένοις
1644 2074 1736 2126 καὶ

172 2152 514 2222 προτεθεῖσιν
577 2157 1028 2227 ὲπασμενίσειεν,
1086 2162 1166 2224 είς
1222 2163 1354 2233 ὅσην
1405 2165 1455 2216 oi
1507 2166 1736 2219 τοιοῦτοι

171 2247 571 2316 καταφέρονται
601 2249 969 2323 βλασφημίαν·
1003 2256 1134 2327 ὅσης
1160 2258 1218 2311 δὲ
1247 2259 1539 2330 καταδίκης
1569 2261 1737 2313 ὑπευ-

171 2335 367 2401 θύνους
387 2341 612 2405 ἑαυτοὺς
629 2344 1008 2414 ἀποφαίνουσι,
1031 2348 1136 2402 κᾶν
1156 2350 1344 2421 μηδεὶς
1361 2353 1736 2426 άνακηρύττῃ,

171 2430 495 2502 κατάδηλον.
538 2435 925 2493 Ἐκπεσοῦνται
961 2441 1069 2512 γὰρ
1104 2445 1242 2511 μετὰ
1264 2444 1372 2498 τῶν
1398 2445 1572 2499 ἄλλων
1600 2449 1736 2516 ἀγα-

171 2523 301 2587 θῶν,
340 2526 436 2581 καὶ
468 2528 563 2581 τοῦ
593 2531 690 2599 τῆς
731 2534 1014 2598 εὐσεϐείας
1051 2537 1418 2607 φρονήματος,
1449 2539 1544 2591 καὶ
1570 2539 1734 2593 αὑτοῦ

167 2616 264 2670 τοῦ
294 2618 439 2672 θείου
465 2620 810 2691 Πνεύματος,
851 2623 925 2688 ὡς
967 2627 1351 2692 ταπεινοῦντες
1392 2629 1453 2682 τὸ
1488 2630 1733 2699 Πνεῦμα,

169 2703 256 2760 οἵα
281 2708 346 2779 δὴ
376 2711 442 2763 ἑκ
465 2711 558 2764 τοῦ
599 2713 726 2766 Υίοῦ
753 2714 1173 2786 δογματίζοντες
1197 2718 1616 2790 ἐκπορεύεσθαιο
1644 2724 1737 2777 καὶ

168 2799 398 2870 δευτέρᾳ
432 2802 663 2872 προόδῳ,
691 2804 821 2858 αὐτὸ
846 2806 946 2876 μὲν
967 2807 1358 2878 ἐνυϐρίζοντες,
1387 2812 1737 2882 χλευάζοντες

166 2886 222 2940 δὲ
250 2890 348 2940 καὶ
373 2888 471 2957 τὴν
511 2890 640 2959 μίαν
678 2894 1026 2965 ἐκπόρευσιν.
1064 2897 1186 2962 Πῶς
1219 2898 1328 2970 γὰρ
1365 2900 1465 2954 οὐκ
1498 2901 1697 2954 ἄτοπον
1719 2918 1732 2930 ·

166 2976 371 3048 μᾶλλον
392 2978 470 3045 δὲ,
500 2981 618 3045 πῶς
648 2983 748 3035 οὐκ
775 2984 1012 3054 ἐσχάτης
1041 2986 1392 3060 βλασφημίας
1418 2991 1643 3060 πλῆρες,
1676 2995 1736 3046 τὸ

164 3071 306 3140 πρὸς
358 3073 530 3136 αὐτὰς
553 3073 652 3136 τὰς
710 3077 1050 3141 Δεσποτικάς
1095 3081 1276 3148 φωνὰς
1332 3083 1732 3153 ἀπομάχεσθαι’

1837 1994 2031 2032 noxam
2075 1978 2374 2032 attulerint.
2402 1977 2678 2046 Proposita
2725 1990 2850 2030 vero
2874 1974 3146 2044 indagine,
3196 1989 3414 2027 eorum-

1836 2088 1942 2142 que
1984 2087 2170 2126 errore
2200 2086 2322 2125 cum
2352 2086 2416 2124 ex
2447 2070 2568 2124 aliis
2623 2067 2792 2122 sacris
2832 2066 3151 2135 Scripturis,
3184 2073 3298 2118 tum
3342 2080 3409 2118 ex

1837 2165 1952 2234 ipsa
2007 2165 2194 2232 utique
2223 2161 2502 2216 Dominica
2552 2174 2681 2213 voce
2725 2158 2920 2212 clarius
2949 2159 3247 2220 confutato,
3304 2156 3408 2210 nisi

1839 2257 2239 2326 quamprimum
2279 2255 2347 2308 ab
2385 2253 2693 2323 bujusmodi
2727 2251 2960 2306 absurda
2992 2249 3249 2319 Opinione
3279 2249 3412 2303 resi-

1836 2348 2070 2419 puerint.
2131 2347 2391 2415 ociusque
2449 2345 2552 2408 his,
2603 2359 2724 2412 qua:
2777 2343 2881 2397 rite
2928 2342 3152 2412 probata
3178 2351 3308 2395 sunt
3346 2355 3410 2395 ac

1836 2437 2107 2508 proposita
2143 2452 2251 2490 non
2296 2433 2683 2504 acquieverint,
2717 2434 2783 2488 ad
2819 2450 2978 2503 quam
3018 2431 3408 2501 blasphemiam

1842 2528 2148 2584 istiusmodi
2179 2527 2553 2598 prolabuntur,
2581 2542 2642 2580 ac
2665 2535 2879 2596 quanta:
2894 2523 3256 2578 damnationis
3288 2539 3409 2577 reos

1835 2623 2047 2692 seipsos
2071 2622 2325 2686 efﬁciant,
2349 2622 2449 2675 etsi
2470 2621 2688 2674 nemine
2710 2618 3055 2690 praedicante,
3082 2617 3240 2687 plane
3259 2630 3406 2669 com—

1834 2723 2051 2783 pertum
2101 2721 2209 2766 est.
2265 2710 2534 2765 Excidcnt
2581 2709 2725 2763 enim
2775 2723 2898 2762 cum
2951 2707 3174 2776 reliquis
3227 2704 3404 2765 bonis.

1833 2808 1998 2862 etiam
2053 2822 2082 2858 a
2113 2803 2328 2875 pietatis
2377 2818 2564 2864 sensu,
2599 2802 2824 2871 ipsoque
2864 2800 3050 2855 divino
3078 2799 3299 2868 Spiritu,
3349 2805 3411 2851 ut

1833 2899 1922 2968 qni
1955 2898 2187 2968 Spiritus
2214 2895 2460 2965 dignitati
2494 2895 2820 2959 detrahant;
2873 2893 3073 2962 quippe
3102 2891 3194 2960 qui
3225 2890 3410 2944 dicant

1834 2990 1984 3044 illum
2020 3005 2085 3044 ex
2115 2988 2251 3042 Filio
2284 2987 2604 3059 procedere,
2634 2984 2843 3052 aliaque
2874 2981 3259 3051 processione;
3296 2988 3409 3032 tum

1834 3077 1907 3132 illi
1959 3077 2343 3131 contumeliam
2397 3076 2699 3144 irrogantes
2731 3115 2748 3140 ,
2811 3081 2926 3125 tum
2976 3079 3032 3125 et
3081 3069 3409 3138 singularem

165 3164 264 3215 καὶ
293 3166 362 3234 τῇ
399 3165 674 3235 πανταχοῦ
708 3168 982 3241 κρατούσῃ
1007 3171 1114 3224 τῶν
1152 3175 1402 3242 μεγάλων
1428 3177 1524 3229 καὶ
1551 3177 1734 3247 ἀρχιε-

1837 3185 2105 3237 unamque
2139 3166 2541 3237 proccssionem
2584 3162 2823 3218 ostentui
2858 3161 3140 3216 habentes.
3174 3160 3411 3225 Quomo-

163 3257 636 3328 ρατικῶν,ορόνων
655 3259 731 3331 (6)
758 3264 1052 3333 παραδόσει
1069 3281 1129 3319 τε
1157 3267 1251 3319 καὶ
1267 3267 1586 3341 διδασκαλίᾳ
1609 3272 1732 3323 ἀντ·

160 3350 560 3404 επανίστασθαι
593 3369 610 3420 ;

236 3699 316 3755 A'.’
343 3704 455 3756 Καὶ
481 3703 590 3775 γάρ
615 3705 701 3758 ἵνα
728 3707 852 3769 τοὺς
876 3707 986 3778 πρὸ
1013 3708 1178 3763 αὐτοῦ
1208 3710 1372 3773 ἐάσω,
1403 3711 1498 3764 καὶ
1522 3711 1673 3765 Λέων
1703 3713 1730 3765 ὁ

159 3793 267 3860 τῆς
293 3792 511 3866 Ῥώμης
532 3798 840 3868 ἀρχιερεὺς,
873 3799 901 3851 ὅ
917 3817 974 3851 τε
996 3799 1242 3865 παλαιὸς,
1261 3801 1353 3854 καὶ
1365 3800 1525 3854 πάλιν
1544 3803 1571 3854 ὁ
1594 3803 1730 3873 μετὰ

157 3884 357 3938 τοῦτον
384 3886 501 3950 νέος
533 3889 701 3953 Λέων,
742 3891 812 3942 τὰ
843 3891 980 3944 αὐτὰ
1009 3892 1329 3962 φρονοῦντες
1357 3899 1421 3963 τῇ
1469 3895 1727 3964 καθολικῇ

162 3977 262 4031 καὶ
283 3979 610 4051 ἁποστολικῇ
644 3983 960 4055 Ἐκκλησία,
984 3985 1209 4048 καὶτοῖς
1229 3985 1334 4057 πρὸ
1357 3988 1533 4040 αὐτῶν
1554 3987 1730 4056 ἁγίοις

161 4069 500 4140 ἀρχιερεῦσι,
538 4075 629 4125 καὶ
663 4078 775 4138 τοῖς
804 4075 1182 4141 ἀποστολικοίς
1212 4077 1576 4148 θεσπίσμασιν
1611 4082 1729 4132 ἑπι-

159 4159 487 4218 δείκνυνται.
526 4164 584 4219 Ὀ
608 4166 729 4235 μὲν,
759 4169 826 4239 τῇ
852 4169 1085 4240 τετάρτῃ
1108 4171 1200 4223 καὶ
1222 4172 1573 4244 οίκουμενικῇ
1596 4172 1728 4244 ἁγίᾳ

1837 3260 1906 3315 do
1933 3259 2079 3314 enim
2107 3274 2216 3311 non
2263 3255 2558 3310 absurdum
2592 3271 2608 3318 ;
2643 3254 2727 3307 vel
2769 3253 2970 3322 potius,
2999 3251 3272 3320 quomodo
3300 3265 3406 3304 non
3491 3298 3497 3305 .

1835 3359 2094 3406 extremae
2133 3349 2354 3418 plenum
2392 3345 2739 3416 blasphemiae
2782 3357 2884 3408 eSt,
2927 3342 3220 3396 Dominicis
3278 3341 3410 3410 ipsis

1836 3439 2062 3494 vocibus
2109 3437 2430 3492 adversari?
2475 3435 2748 3490 traditioni
2785 3449 3000 3502 quoque
3047 3442 3101 3487 et
3147 3433 3410 3486 doctrina:

1836 3532 2116 3601 refragari,
2147 3545 2268 3600 quae
2297 3529 2496 3598 ubique
2520 3528 2667 3598 apud
2690 3542 2910 3598 magnas
2941 3526 3206 3596 primique
3231 3541 3409 3579 sacer-

1835 3623 1964 3676 dotii
1999 3623 2155 3676 sedes
2181 3621 2365 3690 viget?

1907 3713 1995 3769 IV.
2032 3717 2208 3782 Atque
2239 3722 2297 3766 ut
2326 3711 2416 3766 illo
2467 3711 2776 3780 superiores
2806 3713 3076 3778 omittam,
3107 3711 3269 3766 etiam
3298 3710 3408 3764 Leo

1831 3806 2106 3861 Romanus
2127 3806 2366 3876 pontifex
2389 3845 2403 3867 ,
2439 3814 2551 3857 tum
2581 3805 2781 3867 senior,
2816 3815 3036 3875 tumque
3077 3821 3282 3868 rursus,
3316 3807 3407 3873 qui

1832 3899 1980 3953 illum
2031 3907 2253 3952 secutus
2306 3905 2405 3957 est.
2437 3894 2773 3964 Lcojunior,
2809 3897 2995 3952 eadem
3025 3898 3226 3952 sentire
3283 3912 3406 3950 cum

1831 3988 2096 4043 catholica
2141 3996 2196 4041 ct
2229 3985 2520 4055 apostolica
2552 3985 2816 4054 Ecclesia,
2865 3998 2919 4041 et
2956 3987 3172 4042 sanctis
3198 3987 3408 4058 cpisco-

1834 4082 1936 4153 pis,
1968 4081 2060 4150 qui
2091 4095 2186 4135 eos
2218 4087 2636 4149 praecesserunt,
2687 4096 2789 4135 nec
2819 4095 2927 4134 non
2971 4081 3284 4151 apostolicis
3312 4083 3410 4136 de-

1834 4176 1998 4230 cretis
2016 4174 2287 4240 asscntiri,
2309 4185 2628 4231 noscuntur.
2652 4177 2860 4248 Nempe
2887 4175 3054 4245 prior,
3083 4175 3172 4245 qui
3201 4186 3407 4246 quarta:

1693 4348 1922 4406 NOTA‘I.

163 4517 287 4586 qua:
331 4502 672 4586 tamenejus
704 4504 884 4586 inepta
923 4507 1287 4586 exaggeratio.
1342 4519 1397 4564 et
1425 4525 1531 4586 qua
1558 4511 1727 4586 conli-
1755 4510 1809 4570 D
1830 4511 2304 4586 testatefundata,
2331 4522 2386 4566 et
2426 4530 2526 4584 per
2563 4515 2789 4569 aliarum
2833 4514 3086 4586 injuriam
3118 4523 3404 4586 provecta,

161 4576 611 4642 ciaturypneter
665 4575 842 4642 primo
897 4575 1144 4631 traditam
1200 4579 1358 4633 fidem
1415 4575 1500 4633 vel
1561 4584 1730 4638 sacris

165 4641 602 4720 l'lvangcliis,_vel
635 4641 796 4720 etiam
827 4645 1103 4720 Symibolo,
1148 4649 1281 4702 nihil
1309 4665 1404 4718 per
1432 4651 1729 4706 Ecclesium

162 4713 409 4780 potuisse
447 4712 568 4783 addi
617 4712 994 4783 explicationis
1035 4733 1217 4778 causa,
1254 4712 1400 4772 et'ad
1446 4737 1616 4775 nevos
1648 4739 1736 4777 er-

162 4797 319 4834 rores
367 4782 768 4851 convellendas,
800 4788 902 4840 nisi
945 4803 1156 4840 summa
1191 4792 1496 4844 temeritate
1525 4802 1579 4845 et
1605 4808 1736 4846 con-

163 4861 378 4927 temptu
417 4851 726 4927 divinorum
775 4855 1138 4927 cloquiorum,
1169 4860 1320 4927 quasi
1362 4860 1449 4914 illa
1480 4862 1593 4915 sola
1622 4879 1730 4918 non

160 4922 493 5000 sullieerent.
521 4922 780 5000 Quodque
807 4922 1084 5000 lio—manus
1115 4922 1376 4996 pontifex,
1398 4932 1557 4984 etiam
1581 4943 1734 4987 extra

159 4991 756 5069 eonciliumngencrale
803 4996 1024 5069 fecerit,
1073 4991 1211 5053 nihil
1261 4991 1479 5060 mirum.
1528 5014 1735 5058 cumet

160 5062 281 5127 ipse
320 5062 562 5142 conciliis
613 5067 956 5142 generalibus
987 5069 1117 5142 quid
1162 5070 1514 5142 sanciendum
1553 5073 1730 5142 palam

162 5135 592 5209 praescripserit,
651 5135 1016 5204 regulamque,
1041 5139 1291 5194 Patribus
1327 5135 1647 5203 dederitfut
1676 5145 1731 5197 in

162 5208 331 5281 tertio
391 5211 653 5281 sextoque
710 5208 1009 5272 praesertim
1065 5210 1256 5279 liquet,
1305 5227 1426 5281 qua:
1481 5212 1733 5270 fidelibus

159 5271 420 5323 omnibus
451 5275 698 5327 iliaxhua:
712 5271 848 5328 sunt
869 5271 1224 5334 auctoritatis.

192 5409 203 5418 .
236 5341 316 5418 (fi)
355 5340 466 5392 Καὶ
509 5344 942 5418 (ἀρχιερατικῶν
993 5351 1241 5415 θρόνων.
1281 5351 1558 5408 Romanus
1590 5353 1725 5410 Cod.

158 5409 206 5461 si
255 5409 399 5491 bene
431 5409 908 5491 reddid’it’Metius.
948 5409 1379 5491 tuaptgtpxtxdiv,
1414 5425 1557 5491 quod
1588 5409 1726 5481 forte

159 5479 382 5545 melius,
419 5491 513 5564 aut
537 5485 723 5537 saltem
756 5479 1083 5564 expressius.
1116 5479 1307 5546 E'x'his
1331 5479 1476 5547 enirn
1504 5479 1716 5564 potissi;

159 5565 312 5634 nium
343 5552 564 5634 sedibus
591 5564 812 5634 propter
830 5552 1126 5634 primatum
1155 5564 1464 5634 sacerdotii,
1495 5552 1727 5634 petenda

160 5619 358 5706 regpla
383 5620 539 5706 fidei;
581 5619 673 5677 sed
695 5619 998 5706 praecipue
1039 5645 1104 5706 ac
1135 5631 1390 5702 singulari
1425 5619 1725 5706 privilegio,

161 5702 193 5774 a
233 5689 475 5774 Romana
500 5710 671 5774 ,ncum
716 5689 1174 5774 reliquis__s:epius
1202 5689 1358 5757 error
1400 5689 1725 5774 o'brepse‘rit;

162 5760 1144 5843 ριίυεληψίιιι,0011513111ἱιιὶξροίίῑεξιῖω,
1185 5788 1307 5840 quae
1352 5791 1489 5829 nova
1521 5760 1724 5843 Roma,

164 5829 461 5884 secundam
489 5831 652 5902 iactat
683 5851 712 5889 a
749 5829 995 5908 seniore;
1021 5829 1140 5910 ipsa.
1163 5829 1405 5900 saeculari
1433 5829 1608 5916 potius
1628 5829 1725 5918 ί»ὸί

1837 4583 2598 4656 quantChristiinstitutirme
2629 4597 2724 4640 aut
2771 4583 3064 4656 apostolica
3102 4583 3129 4637 :7
3149 4601 3255 4637 non
3298 4585 3408 4638 sic-

1839 4654 2082 4725 ut_sedes
2111 4653 2274 4716 Petri,
2318 4671 2476 4723 quam
2505 4655 2652 4710 fulsit
2697 4653 2878 4710 divina
2905 4656 3214 4725 promissio,
3239 4669 3411 4720 eaque

1838 4723 2124 4792 primatum
2155 4733 2320 4788 tenet,
2347 4741 2410 4778 ac
2438 4741 2604 4778 unum
2626 4728 2727 4780 sub
2743 4723 2962 4781 Christo
2979 4734 3141 4793 caput
3163 4724 3406 4777 omnium

1837 4793 2223 4864 Ecclesiarum,
2287 4810 2444 4848 suum
2489 4798 2774 4864 praesulem
2835 4797 2995 4849 habet
3043 4813 3056 4847 :
3109 4793 3409 4864 ineptitquc

1837 4862 2086 4923 Photius,
2127 4865 2216 4931 qui
2251 4880 2378 4928 sua,
2416 4862 2718 4921 aliorumve
2763 4865 3117 4920 Orientalium
3168 4863 3408 4917 auctori-

1839 4940 1966 4994 tate,
2013 4934 2059 4986 ei
2109 4935 2237 4988 velit
2295 4938 2691 5004 praescribere:
2726 4937 2965 5003 falsoque
3019 4935 3121 4988 sibi
3181 4932 3413 5004 assumit

1837 5018 2046 5068 omnes,
2113 5005 2202 5074 qui
2257 5003 2548 5061 verborum
2603 5007 3004 5060 Dominicorum
3061 5003 3412 5072 simplicitate

1836 5075 2098 5138 contenti,
2135 5076 2550 5144 explicationem
2592 5085 2777 5145 aperte
2807 5091 2916 5127 non
2955 5074 3252 5142 abjiciant:
3300 5074 3408 5145 mis

1837 5159 2063 5213 rumque
2118 5162 2221 5199 nec
2274 5162 2439 5199 unum
2491 5144 2734 5199 veterum
2769 5145 2963 5198 all'erre
2997 5145 3275 5213 potuisse,
3324 5144 3408 5197 vel

1835 5212 2110 5284 Photinm,
2169 5216 2252 5268 vel
2302 5217 2437 5269 alios
2471 5224 2748 5283 sequaces,
2785 5214 2875 5282 qui
2903 5212 3153 5284 spiritum
3188 5230 3217 5267 a
3270 5213 3409 5268 Filio

1833 5283 2190 5349 inliciaretur,
2239 5295 2332 5338 aut
2369 5303 2431 5339 ex
2463 5287 2576 5339 solo
2602 5285 2759 5339 Patre
2787 5283 3012 5346 diceret,
3042 5285 3149 5338 nisi
3196 5284 3285 5338 ubi
3318 5299 3410 5337 se-

1833 5356 1938 5426 mel
1977 5357 2153 5426 plagio
2185 5372 2378 5409 manus
2410 5357 2666 5425 sacrilega
2716 5355 2906 5420 saeviit,
2947 5370 3049 5426 nec
3077 5365 3257 5409 tamen
3289 5355 3409 5426 pla-

1831 5422 1991 5494 giunf
2026 5422 2281 5495 obtegere
2331 5427 2538 5494 potuit;
2576 5422 2633 5479 ut
2662 5439 2748 5479 est
2784 5436 2974 5480 auctor
3005 5425 3269 5493 Georgius
3297 5422 3410 5477 Me-

1833 5496 2054 5561 tochita,
2087 5499 2242 5565 cujus
2272 5499 2474 5548 utinam
2510 5512 2706 5550 aureos
2737 5496 2901 5550 libros
2947 5512 2977 5550 a
3020 5511 3106 5548 me
3159 5504 3410 5562 acceptos

1829 5567 2136 5634 evulgasset
2189 5569 2299 5620 Leo
2367 5566 2617 5631 Allatius,
2670 5567 2882 5634 illisque
2931 5566 3150 5620 tertium
3201 5574 3405 5618 tomum

1829 5633 2052 5690 Graecia:
2104 5637 2435 5691 Ortbodoxce
2482 5637 2719 5705 primum
2773 5633 2994 5691 fecisse.
3042 5635 3223 5705 Dolet
3255 5641 3407 5705 certe

1831 5707 1962 5760 tanti
1997 5707 2331 5762 confessoris
2374 5701 2805 5763 lucubrationcm
2853 5707 3024 5768 illam,
3061 5703 3262 5758 tuenda
3293 5701 3406 5755 ιιι»-

1830 5792 1986 5902 mapla
2028 5787 2083 5831 et
2113 5777 2412 5848 apostolica
2469 5777 2595 5848 lide,
2643 5793 2746 5835 nec
2778 5777 2966 5834 Roma:
3011 5772 3257 5831 invenire
3309 5773 3402 5842 qui

1830 5862 1926 5902 nro
1968 5857 2106 5902 ucat.

1827 5857 2106 5914 producat.
