4004 6428
650 410 760 476 799

1774 400 2035 462 ΡΠΟΤΙΙ
2072 400 2573 461 ΡΛΤΒΙΑΗΟΙΙᾸΞ
2610 402 2721 462 CP.

3788 405 3883 467 800

653 521 1005 576 mcumenicae
1083 529 1281 574 sanctae
1338 520 1540 589 synodo
1609 516 1869 570 momenti
1929 513 2220 585 plurimum

2327 512 2529 583 συνόδῳ
2560 514 2761 586 πολλὴν
2789 512 3218 582 συνεισενεγκὼν
3255 514 3357 585 τὴν
3391 516 3762 584 συγκρότησιν
3794 518 3885 582 (7),

652 614 855 677 attulit,
888 624 1002 668 tum
1054 628 1149 682 per
1197 625 1379 665 sacros
1417 610 1563 663 viros
1602 623 1736 678 quos
1764 623 1830 662 ex
1856 622 2085 677 persona
2126 621 2223 660 sua

654 704 857 774 legatos
901 701 1192 757 destinavit
1265 714 1329 754 ac
1361 699 1591 753 vicarius
1614 738 1627 762 ,
1661 706 1716 750 tu
1756 712 1853 767 per
1900 696 2182 765 epistolam
2205 736 2222 760 ,

652 812 759 867 qua
796 796 1105 850 Nestorium
1150 803 1311 861 atque
1336 790 1616 861 Eutychen
1647 789 1938 860 prostravit
1971 805 1984 841 :
2012 787 2069 841 in
2116 801 2223 856 qua

653 891 815 944 etiam
873 888 1132 957 Spiritum
1158 894 1406 939 sanctum
1433 899 1498 937 ex
1526 882 1683 937 Patre
1715 880 2027 950 procedere,
2070 879 2225 947 juxta

653 979 934 1050 superiora
962 978 1197 1037 decreta,
1234 991 1344 1030 non
1385 986 1565 1030 autem
1604 990 1670 1029 ex
1713 974 1870 1036 Filio,
1888 970 2225 1043 praedicavit.

724 1155 789 1208 V.
827 1156 1088 1210 Similiter
1120 1172 1250 1211 vero
1288 1156 1450 1209 etiam
1486 1154 1597 1209 Leo
1639 1154 1824 1222 junior
1853 1152 2050 1221 prioris
2078 1151 2227 1206 illius

654 1246 855 1301 nedum
899 1262 1119 1309 nomen,
1151 1246 1245 1299 sed
1282 1255 1337 1299 et
1393 1258 1574 1314 parem
1619 1242 1775 1296 (idem
1812 1242 2039 1311 adeptus
2074 1259 2087 1294 :
2136 1240 2227 1295 hic

652 1338 910 1392 nimirum
949 1354 962 1402 ;
992 1338 1098 1401 hic,
1130 1336 1370 1406 inquam,
1430 1334 1644 1404 pietatis
1684 1334 1899 1387 fervens
1923 1333 2224 1399 aemulator,

652 1439 712 1483 ιιι
742 1429 891 1483 nullo
929 1439 1108 1498 pacto,
1143 1428 1374 1481 barbaro
1406 1426 1662 1480 idiomate
1685 1426 2006 1478 intemerata
2027 1432 2226 1478 nostra:

654 1516 778 1570 ﬁdei
828 1517 1006 1587 regula
1041 1526 1507 1585 corrumperetur,
1542 1514 1727 1569 Grteca
1769 1512 1970 1583 lingua,
2004 1523 2065 1567 ut;
2104 1522 2158 1565 et
2192 1526 2225 1566 a

654 1607 924 1675 principio
955 1609 1153 1662 dictata
1206 1608 1382 1661 fuerat
1411 1617 1573 1676 atque
1598 1607 1755 1670 lecta,
1788 1621 1884 1674 per
1905 1619 2023 1659 eam
2067 1604 2224 1659 Occi-

653 1698 963 1754 dentalibus
1011 1700 1332 1753 laudandam
1393 1715 1455 1755 ac
1530 1699 1926 1769 prmdicandam
1984 1698 2219 1753 divinam

652 1799 1007 1859 sanctamque
1033 1789 1353 1844 Trinitatem
1380 1789 1617 1845 tradidit.
1655 1788 1840 1859 Neque
1872 1789 1924 1842 id
1949 1789 2115 1842 verbo
2134 1803 2222 1841 so-

653 1879 766 1933 lum
807 1879 1155 1949 acjussioue,
1178 1896 1366 1933 verum
1401 1879 1563 1933 etiam
1593 1878 1911 1948 quibusdam
1960 1877 2226 1931 ancilibus

654 1972 803 2023 velut
857 1969 1028 2023 titulis
1054 1969 1424 2023 columnarum
1472 1984 1622 2023 more
1666 1968 1985 2031 inscribens,
2049 1968 2227 2036 obque

654 2062 899 2115 omnium
956 2076 1166 2130 ponens
1199 2061 1506 2125 oculos,.ad
1553 2060 1695 2114 fores
1737 2060 1978 2113 ecclesiae
2009 2059 2223 2113 aliixit:

654 2166 764 2221 quo
801 2151 1050 2206 videlicet
1098 2153 1308 2206 cunctis
1343 2151 1519 2219 facile,
1544 2152 1797 2220 nullaque
1844 2151 2226 2221 depravatione

654 2241 814 2295 tidem
847 2241 1125 2296 addiscere
1159 2241 1387 2306 liceret;
1431 2256 1534 2296 nec
1584 2256 1809 2310 usquam
1841 2242 1926 2295 via
1958 2252 2103 2296 esset
2130 2257 2226 2296 oc-

654 2333 814 2386 cultis
843 2333 1109 2402 ejusmodi
1154 2333 1601 2402 depravatoribus
1639 2349 1703 2388 ac
1735 2350 1994 2387 vanarum
2026 2334 2228 2388 doctri-

654 2438 845 2476 narum
886 2424 1203 2477 auctoribus
1235 2423 1572 2478 adultcrandi
1617 2435 1857 2478 nostram
1889 2424 2225 2479 Christiano-

654 2530 773 2567 rum
821 2513 1002 2575 ﬁdem,
1051 2516 1388 2585 alteramque
1435 2526 1631 2585 praeter
1680 2517 1931 2571 Patrem.
1988 2516 2226 2587 Spiritus

651 2622 893 2669 causam,
926 2606 1121 2661 Filium
1152 2608 1476 2673 invehendi;
1525 2609 1615 2678 qui
1651 2610 1765 2678 pari
1796 2610 2025 2672 honore,
2058 2624 2167 2679 quo
2192 2625 2224 2665 a

650 2700 814 2753 Patre
844 2698 1012 2753 Filius
1036 2700 1249 2769 genitus
1286 2710 1389 2762 est,
1431 2714 1460 2753 a
1492 2698 1648 2753 Patre
1681 2700 1941 2768 procedit.

728 2792 815 2847 Vl.
850 2792 1035 2861 Neque
1071 2792 1124 2846 hi
1157 2793 1265 2846 duo
1305 2794 1480 2846 solum
1526 2792 1581 2846 in
1631 2791 1921 2848 Occidente
1953 2792 2224 2862 quondam

652 2886 917 2941 micantes
947 2886 1143 2940 sacrati
1178 2885 1299 2949 viri,
1350 2885 1418 2940 ab
1447 2885 1594 2939 omni
1644 2884 1939 2937 immunem
1984 2886 2225 2939 novitate

654 2980 912 3047 pietatem
958 2987 1244 3032 servarunt
1272 2979 1403 3047 (non
1432 2977 1577 3031 enim
1610 2978 1690 3031 sic
1743 2978 1841 3030 rati
1877 2977 1931 3030 in
1984 2976 2224 3031 Ecclesia

653 3069 984 3125 Occidentali
1014 3070 1149 3124 sacri
1194 3087 1471 3140 praecones
1489 3080 1649 3139 atque
1687 3070 1957 3135 doctores)
2012 3084 2222 3136 verum,

658 3164 821 3216 etiam
864 3163 1001 3217 alius
1034 3178 1220 3217 eorum
1258 3179 1366 3217 non
1398 3162 1552 3216 facile
1586 3160 1934 3215 numerabilis
1959 3169 2131 3215 coctus
2162 3177 2225 3218 ac

654 3256 875 3319 chorus,
936 3258 1026 3325 qui
1067 3256 1190 3319 illis,
1238 3271 1373 3324 quos
1402 3254 1668 3317 dicebam,
1725 3253 1891 3317 viris,
1922 3254 2077 3322 quasi
2123 3270 2222 3308 cx-

654 3348 842 3401 tremis
865 3347 1197 3415 summisque
1219 3347 1509 3415 interiecti,
1529 3343 1639 3414 pari
1667 3343 1881 3413 pietatis
1898 3344 2020 3398 luce
2036 3345 2222 3413 splen-

654 3439 901 3493 chi-unt.
931 3441 1065 3493 Cum
1100 3440 1261 3510 igitur
1279 3439 1521 3492 Ecclesia
1553 3438 1794 3489 Romana
1827 3450 1930 3490 una
1960 3437 2222 3490 cumaliis

652 3542 883 3599 quatuor
914 3532 1071 3601 primi
1103 3531 1389 3587 sacerdotii
1434 3530 1652 3584 sedibus
1694 3529 1884 3583 eadem
1940 3530 2140 3585 sentiat
2168 3540 2225 3584 et

653 3622 974 3675 t-onliteatur
1006 3640 1020 3686 ;
1079 3624 1209 3677 etin
1243 3633 1390 3693 petra
1425 3624 1709 3676 verborum
1746 3622 1955 3675 Domini
2002 3623 2224 3678 fundata

652 3714 723 3768 sit
751 3724 914 3784 atque
955 3715 1163 3769 tirmata
1190 3732 1253 3770 ac
1283 3716 1517 3770 radicata
1548 3712 1787 3767 Ecclesia
1821 3714 2029 3784 (contra
2060 3731 2221 3786 quam

2325 605 2416 657 διά
2444 622 2504 657 τε
2529 606 2637 658 τῶν
2665 608 2744 669 εἰς
2771 607 3064 677 πρόσωπον
3090 605 3256 659 αὑτοῦ
3283 606 3586 659 σταλέντων
3618 608 3779 676 ἱερῶν
3804 609 3888 661 ἁν-

2326 696 2505 765 δρῶν,
2542 697 2636 749 καὶ
2681 696 2768 749 διὰ
2819 698 2919 765 τῆς
2967 696 3175 761 οἰκείας
3214 697 3524 767 ὲπιστολῆςο
3581 698 3648 749 δι’
3688 695 3756 767 ἦς
3805 705 3888 752 καὶ

2326 787 2620 858 Νεστόριος
2646 790 2739 842 καὶ
2774 789 3021 859 Εὑτυχὴς
3046 788 3504 859 καταϐέϐληνται·
3542 791 3601 841 ἐν
3712 792 3803 843 καὶ
3834 796 3891 844 τὺ

2328 877 2551 948 Πνεῦμα
2573 880 2632 932 τὸ
2659 880 2814 947 ἅγιον
2840 881 2904 932 ἐκ
2928 878 3021 932 τοῦ
3059 879 3272 949 [ἰατρὸς
3300 879 3443 932 κατὰ
3466 880 3566 943 τὰς
3598 880 3709 949 πρὸ
3736 882 3887 933 αὐτοῦ

2329 970 2610 1032 συνοδικὰς
2632 965 2846 1041 ψήφους
2864 987 2879 1002 ’
2899 969 3015 1023 ἀλλ’
3041 970 3162 1041 οὑχὶ
3189 971 3284 1024 καὶ
3311 972 3374 1024 ὲκ
3405 970 3500 1023 τοῦ
3534 970 3669 1023 Υἱοῦ
3705 972 3887 1041 ἀνεκή-

2330 1076 2521 1131 ρυττεν
2548 1059 2965 1130 ἐκπορεύεσθαι.

2398 1151 2472 1205 Ε’.
2513 1150 2785 1213 Ὡσαύτως
2813 1151 2871 1204 δὲ
2894 1150 2990 1204 καὶ
3013 1151 3043 1204 δ
3068 1152 3530 1223 μεταγενέστερος
3552 1151 3731 1214 Λέων,
3750 1154 3778 1204 ὁ
3800 1155 3887 1221 τὴν

2326 1245 2511 1298 πίστιν
2541 1245 2728 1316 ὥσπερ
2754 1246 2851 1313 τὴν
2880 1246 3071 1315 κλῆσιν
3101 1246 3418 1315 ἐφάμιλλοςο
3447 1239 3606 1307 οὗτος
3633 1245 3725 1315 δὴ.
3750 1243 3881 1309 οὗτος

2325 1338 2354 1389 ὁ
2374 1339 2472 1405 τῆς
2496 1336 2775 1400 εὐσεϐείας
2805 1337 3005 1407 θερμὸς
3027 1336 3294 1407 ζηλωτὴς,
3325 1337 3401 1399 ὼς
3432 1337 3499 1390 ἂν
3527 1339 3675 1391 κατὰ
3702 1338 3879 1405 μηδένα

2324 1432 2525 1499 τρόπον
2564 1429 2825 1499 μηδαμῶς
2859 1430 3338 1499 παραχαράττοιτο
3378 1428 3648 1499 βαρϐάρῳ
3681 1429 3882 1502 γλώσσῃ

2325 1521 2386 1574 τὸ
2410 1518 2676 1592 ἄχραντον
2700 1522 2860 1593 ἡμῶν
2882 1522 2980 1592 τῆς
3007 1522 3290 1585 εὐσεϐείας
3332 1523 3478 1591 μαθη
3488 1539 3589 1591 μα,
3638 1522 3883 1591 Ἑλληνίδι

2327 1618 2500 1686 φωνῇ,
2535 1614 2723 1685 ὥσπερ
2751 1616 2815 1685 δὴ
2843 1616 2935 1667 καὶ
2958 1615 3077 1668 κατ’
3108 1614 3282 1687 ἀρχὰς
3313 1616 3529 1683 εἴρηται
3563 1614 3667 1683 (8),
3699 1618 3807 1677 τοῖς
3831 1619 3878 1669 ἐν

2324 1710 2391 1776 τῇ
2414 1710 2571 1759 Δυσει
2593 1706 2659 1759 δι’
2686 1707 2851 1761 αὐτοῦ
2867 1706 3170 1773 δοξολογεῖν
3200 1706 3294 1758 καὶ
3321 1704 3597 1772 θεολογεῑν
3618 1705 3720 1774 τὴν
3739 1708 3881 1773 ἁγίαν

2329 1797 2534 1867 Τριάδα
2585 1798 2961 1868 παραδέδωκε.
2998 1798 3109 1849 Καὶ
3138 1797 3199 1849 οὐ
3228 1796 3372 1865 λόγῳ
3406 1798 3570 1865 μόνον
3608 1802 3708 1848 καὶ
3732 1815 3878 1868 προσ-

2327 1888 2602 1957 τάγματι,
2672 1887 2809 1941 ἀλλά
2866 1888 2963 1940 καὶ
3018 1885 3231 1956 θυρεοῖς
3296 1901 3407 1937 τισι
3468 1886 3876 1955 πεποιημένοις,

2326 1977 2512 2049 ὥσπερ
2536 1978 2759 2049 στήλαις
2787 1980 2930 2031 τισὶν
2968 1978 3427 2048 ἀναγραψάμενος
3455 1995 3513 2030 τε
3540 1978 3637 2030 καὶ
3673 1980 3750 2039 εἰς
3777 1978 3885 2045 ὅφιν

2327 2072 2582 2124 ἁπάντων
2615 2069 2867 2141 προθεὶς,
2902 2071 3044 2125 κατὰ
3090 2070 3190 2133 τὰς
3230 2071 3402 2134 πύλας
3447 2070 3554 2137 τῆς
3605 2070 3879 2141 ἐκκλησίας

2330 2160 2697 2232 προσέπηξεν·
2728 2162 2803 2223 ὡς
2833 2161 2899 2215 ἂν
2930 2162 3094 2214 πᾶσιν
3134 2160 3217 2231 εἴη
3252 2160 3435 2231 ρᾁίον
3467 2177 3528 2213 τε
3556 2162 3651 2212 καὶ
3683 2162 3880 2229 ἁκαπήο

2325 2254 2509 2307 λευτον
2545 2253 2905 2322 ἐκμανθάνειν
2949 2253 3048 2324 τὴν
3088 2252 3409 2306 εὐσέϐειαν·
3445 2253 3540 2305 καὶ¹
3589 2252 3883 2322 μηδαμόθεν

2326 2348 2435 2408 τοῖς
2456 2346 2706 2415 κρυφίοις
2736 2345 3189 2415 παραχαράκταις
3208 2346 3302 2398 καὶ
3328 2344 3637 2412 κενολόγοις
3658 2344 3731 2413 (9)
3763 2344 3880 2412 μέθο

2328 2436 2445 2499 οδος
2486 2437 2575 2506 εἴη
2618 2435 2961 2504 κιϐδηλεύειν
2993 2436 3152 2503 ἡμῶν
3180 2436 3287 2488 τῶν
3313 2435 3661 2505 Χριστιανῶν
3690 2436 3784 2502 τὴν
3805 2436 3884 2487 εὑ-

2327 2526 2562 2579 σὲὁειαν·
2591 2526 2685 2579 καὶ
2717 2526 2967 2594 δεύτερον
2998 2526 3168 2578 αἴτιον
3197 2526 3441 2593 εἰσάγειν
3474 2524 3627 2594 παρὰ
3666 2524 3755 2575 τὸν
3778 2524 3879 2575 Πα-

2324 2618 2459 2689 τέρα
2489 2618 2579 2670 τὸν
2621 2619 2769 2683 Υἱὸν,
2803 2617 2896 2670 τοῦ
2932 2618 3207 2688 ὁμοτίμως
3234 2617 3313 2687 τῷ
3342 2618 3661 2689 γεννηθέντι
3690 2618 3796 2687 Titii
3826 2618 3879 2670 ἐκ

2324 2711 2418 2764 τοῦ
2444 2712 2653 2777 Πατρὸς
2678 2712 3107 2781 ἐκπορευομένου
3133 2712 3272 2766 Πνεύ
3282 2729 3470 2781 ματος.

2397 2806 2489 2871 ς’.
2518 2804 2628 2857 Καὶ
2652 2805 2749 2872 οὐχ
2770 2807 2802 2871 ἠ
2825 2802 2953 2866 δυὰς
2979 2802 3118 2873 αὕτη
3150 2803 3310 2874 μόνον
3337 2804 3446 2857 τῶν
3481 2804 3647 2874 ιερῶν
3666 2804 3878 2874 ἀνδρῶν,

2326 2898 2466 2950 κατὰ
2488 2897 2583 2967 τὴν
2606 2896 2768 2949 Δύσιν
2784 2896 3225 2967 διαλαμψαντων,
3246 2899 3345 2967 τὴν
3369 2898 3657 2951 εὐσέϐειαν
3674 2899 3881 2951 ἁκαινο-

2325 2989 2560 3059 τόμητον
2611 2989 2938 3041 διεσώσαντο
2988 2990 3122 3059 (οὐχ
3156 2988 3297 3042 οὕτω
3342 2990 3599 3053 σπανίζει
3638 2989 3885 3061 κηρύκων

2327 3079 2594 3149 ἑσπερίων
2638 3081 2671 3149 ἡ
2720 3078 3071 3148 Ἐκκλησία),
3104 3081 3238 3132 ἀλλὰ
3273 3081 3367 3133 καὶ
3397 3081 3558 3142 ἄλλος
3601 3081 3758 3150 χορὸς
3793 3081 3884 3133 οὐκ

2327 3170 2710 3242 εὐαρίθμητος”
2746 3172 2794 3223 οἱ
2827 3172 3079 3243 καθάπερ
3103 3172 3292 3244 ἄκροις
3323 3175 3436 3235 τοῖς
3462 3174 3773 3243 εἰρημένοις
3801 3176 3885 3225 ἀνα

2326 3262 2487 3329 δράσι
2520 3260 2937 3332 ὲμπεριέχονταί
2968 3279 3028 3314 τε
3070 3264 3163 3315 καὶ
3198 3263 3645 3331 συνεκλάμπουσι
3681 3264 3778 3331 τὴν
3805 3264 3885 3315 ευρ

2329 3351 2563 3405 σέϐειαν.
2600 3352 2755 3405 Οὕτω
2781 3352 2909 3419 γοῦν
2938 3352 3037 3421 τῆς
3073 3354 3390 3422 Ῥωμαῖκῆς
3428 3353 3755 3423 Ἐκκλησὼς
3780 3354 3883 3421 (10)

2327 3447 2438 3507 τοῖς
2476 3444 2654 3506 ἄλλοις
2702 3444 2995 3513 τέσσαρσιν
3047 3444 3456 3515 ἁρχιερατικοῖς
3512 3444 3721 3514 θρόνοις
3758 3462 3887 3513 συμ-

2330 3538 2611 3608 φωνούσης
2645 3554 2703 3589 τε
2738 3537 2830 3589 καί
2858 3536 3316 3605 ἀνομολογούσηςο
3358 3539 3450 3589 καὶ
3503 3539 3563 3588 ὲν
3604 3541 3671 3606 τῇ
3715 3537 3888 3605 πέτρα

2328 3629 2436 3680 τῶν
2452 3626 2795 3679 Δεσποτικῶν
2826 3626 3085 3695 ῥημάτων
3106 3626 3461 3694 ὲνιδρυμένης
3492 3642 3552 3677 τε
3581 3628 3671 3677 καὶ
3699 3642 3887 3694 στηριο

2330 3720 2561 3791 ζομένης
2593 3720 2691 3789 τῆς
2734 3716 3059 3789 Ἐκκλησίας
3085 3717 3241 3787 (καθ’
3276 3713 3344 3789 ἧς
3382 3718 3505 3771 οὐδὲ
3536 3718 3698 3781 πύλας
3733 3717 3888 3788 ᾇδου,

2149 3848 2382 3907 NOTAE.

726 4011 802 4079 (7)
846 4006 1330 4076 Συνεισενεγκὼν
1377 4005 1492 4072 τὴν
1521 4005 1953 4079 ᾳ-υγκρρτηονιν.
1991 4002 2219 4079 Mullum

654 4073 920 4149 συζιιὶιειιιὶ
981 4073 1194 4147 opisque
1236 4078 1480 4149 contulit.
1533 4073 1666 4129 Nam
1722 4073 1873 4149 Suid.
1912 4078 2219 4149 συγκροτεῖ,

652 4145 824 4215 αὔξει,
852 4145 1214 4220 συμπρατλτει.
1243 4147 1465 4220 Multum
1501 4146 1826 4220 monumenti
1850 4145 2028 4220 attulit
2071 4161 2088 4198 :
2128 4145 2221 4220 illo

653 4215 937 4277 conti-aadd
964 4215 1167 4274 multus
1194 4220 1317 4279 luit,
1360 4218 1585 4285 ejusque
1616 4215 2039 4277 deﬁnitionibus,
2075 4232 2135 4267 ac
2176 4216 2220 4267 si

653 4293 783 4362 quid
824 4290 1086 4359 ejusmodi
1142 4306 1242 4341 vox
1290 4286 1706 4362 cuyxporsi'vad
1733 4285 2094 4362 propositum
2125 4300 2220 4362 po”-

652 4354 759 4416 test
803 4354 994 4429 exponi
1030 4380 1040 4413 :
1074 4376 1181 4412 non
1215 4359 1354 4426 quod
1402 4354 1575 4410 retldit
1623 4355 1814 4408 Metius
1841 4364 1991 4407 extra
2018 4354 2213 4429 ΔΡΙιιιιὶἰ

652 4425 909 4493 sensum,
959 4429 1158 4482 Multus
1210 4425 1390 4481 laudes
1443 4436 1516 4479 est
1575 4435 1839 4481 arsecutus
1874 4440 1892 4477 :
1931 4425 2029 4478 etsi
2066 4425 2211 4477 enim

650 4504 808 4557 valde
859 4501 1109 4553 laudatus
1139 4499 1191 4551 in
1239 4508 1428 4567 quarta
1459 4498 1663 4565 synodo
1706 4495 2214 4567 Leoirfuit,iejusque

652 4572 882 4642 epistola
916 4573 981 4623 ad
1024 4563 1367 4642 Flavianum.
1403 4563 1537 4642 nihil
1597 4563 2050 4642 tamen_Pliotius
2096 4579 2217 4617 eam

651 4635 879 4697 arcessit
912 4641 1147 4702 laudem,
1180 4640 1274 4692 sed
1302 4638 1411 4691 vim
1444 4639 1613 4706 ipsam
1640 4635 1900 4691 doctrina:
1925 4650 1987 4689 ac
2017 4643 2219 4687 rectam

654 4713 839 4773 ﬁdem,
866 4727 971 4780 qua
1008 4710 1147 4762 idem
1188 4707 1293 4780 Leo
1331 4706 1796 4780 synodoprreivit,
1831 4718 2060 4780 eamque
2089 4719 2221 4780 con:

652 4772 913 4854 stabilivit
964 4789 1126 4854 atque
1187 4772 1460 4831 instruxit.
1508 4772 1670 4854 illud,
1709 4776 1804 4854 xu}
1858 4772 2073 4854 οὑχϊὲκ
2123 4772 2218 4854 τοῦ

653 4852 809 4913 Υίοῦ,
840 4849 1013 4905 Photii
1040 4844 1303 4919 glossema
1330 4860 1431 4919 esi,
1458 4848 1743 4919 adversum
1772 4844 1993 4919 Leonis
2014 4844 2217 4905 menti,

651 4924 742 4990 qui
793 4911 860 4975 ex
905 4911 1133 4988 utroque
1169 4920 1344 4987 palam
1386 4917 1646 4990 Spiritum
1702 4916 1815 4990 suis
1848 4911 2220 4990 adllispanos

653 4983 846 5045 litteris
883 4983 1183 5061 professus
1217 4999 1295 5043 est
1338 5006 1350 5041 :
1386 4983 1487 5042 etsi
1518 4987 1573 5040 in
1624 4985 1830 5057 synodo
1879 4983 2073 5037 Filium
2110 4996 2219 5036 non

653 5064 936 5129 expressit.

727 5122 804 5199 i8)
845 5132 1069 5198 ’Ὠσπερ
1100 5129 1176 5197 δὴ
1215 5130 1341 5183 κατ’
1383 5130 1573 5197 ἀρχὰς
1599 5128 1848 5199 εἴρηται.
1886 5122 2219 5199 Quomodoa

654 5194 911 5270 principio
941 5194 1171 5266 dictata,
1204 5212 1359 5270 atque
1394 5194 1536 5251 edita
1586 5197 1732 5270 ﬁd_ei_
1754 5194 2081 5270 reguiq.__'l'b
2118 5196 2215 5263 τῆς

655 5264 934 5340 εὐσεϐείας
977 5264 1223 5340 μάθημα.
1272 5264 1479 5340 Nempe
1515 5264 1835 5340 Symbolum
1877 5264 2214 5340 CPlitanum,

657 5339 747 5397 Sic
788 5360 896 5395 non
943 5335 1081 5396 bene
1111 5335 1341 5403 'Metius,
1394 5338 1453 5393 Ut
1506 5335 1656 5391 initio
1691 5337 1889 5387 dictum
1922 5345 2029 5397 est;
2062 5335 2216 5401 quasi

654 5412 773 5481 ejus
798 5415 999 5482 aliquid
1028 5420 1184 5465 antea
1212 5407 1815 5482 Photiustneniinisset.
1845 5407 1954 5459 Leo
1985 5405 2087 5482 iste
2115 5420 2216 5482 an:

655 5474 915 5552 tiquitatis
967 5494 1157 5543 tenax,
1202 5480 1533 5552 cogentibus
1561 5549 1569 5552 _
1593 5477 1778 5539 Gallis,
1808 5485 1888 5552 _ut
1917 5475 2070 5552 quod
2114 5474 2214 5541 ipsi

652 5546 877 5623 ali-.eque
908 5561 1095 5623 gentes
1133 5565 1162 5603 a
1200 5546 1439 5623 Romana
1481 5549 1609 5623 sede
1639 5546 1995 5623 accepissent,
2038 5546 2216 5623 [totum

653 5615 1098 5695 symbolo'inseri
1135 5636 1199 5674 ac
1227 5620 1507 5695 praedicari
1540 5620 1771 5695 iuberet,
1802 5616 2015 5695 _tortitcr
2045 5615 2215 5695 obsti-

656 5684 737 5753 tit.
772 5708 975 5764 negans
1005 5684 1408 5764 omnem'lidem
1454 5684 1614 5757 atque
1644 5687 1945 5741 doctrinam
1974 5684 2216 5764 symbolo

656 5760 1026 5835 inserendam;
1058 5762 1152 5815 sed
1208 5760 1340 5835 satis
1377 5775 1498 5813 esse
1532 5768 1603 5835 ιιι⁸
1625 5766 1804 5811 mente
1835 5765 2109 5835 teneatur,
2137 5760 2215 5807 uti

659 5834 773 5902 ipse
822 5834 1039 5887 tenebat
1082 5847 1147 5886 ex
1204 5832 1471 5899 majorum
1508 5829 1746 5894 ratione,
1796 5842 1916 5881 esse
1954 5825 2212 5895 Spiritum

2320 4016 2566 4060 sanctum
2593 4007 2756 4061 etiam
2786 4023 2853 4062 ex
2884 4006 3040 4061 Filio.
3074 4006 3345 4061 Mctuehat
3378 4007 3511 4060 forte
3527 4006 3887 4062 Orientalium

2318 4077 2697 4134 oﬂensioneni.
2737 4094 2897 4147 quam
2932 4094 3028 4133 nec
3080 4094 3143 4131 ea
3191 4079 3596 4145 dispensatione
3642 4079 3887 4133 Ecclesia

2322 4147 2563 4200 Romana
2595 4149 2765 4201 vitare
2801 4150 2996 4217 potuit,
3030 4158 3085 4201 et
3113 4157 3171 4201 ut
3203 4147 3683 4201 Scliistnaticorum
3721 4150 3889 4204 livore

2319 4218 2519 4270 erroris
2550 4218 2603 4270 in
2636 4218 2739 4271 fide
2768 4235 2829 4271 ea
2861 4228 3009 4287 parte
3041 4234 3149 4271 non
3181 4227 3483 4279 notaretur,
3520 4218 3715 4271 Photio
3753 4236 3887 4288 pra:-

2319 4288 2505 4341 sortim
2561 4300 2781 4342 auctore
2814 4308 2826 4341 :
2859 4304 3018 4357 quem
3069 4289 3369 4357 majoribus
3422 4288 3620 4340 animis
3667 4300 3892 4343 secutus

2321 4357 2548 4411 Michael
2596 4358 2924 4424 Cerularius,
2951 4359 3062 4427 pari
3093 4360 3207 4427 ipse
3252 4358 3443 4420 livore,
3475 4358 3781 4414 insanabile
3816 4362 3893 4413 di-

2321 4430 2551 4481 vortium
2583 4428 2727 4482 fecit.

2395 4500 2468 4567 (9)
2508 4499 2615 4550 Καὶ
2664 4499 3026 4567 κενολόγοις.
3078 4498 3229 4568 Legit
3271 4497 3469 4552 Metius
3520 4498 3892 4565 καιωλὸγοις·

2325 4568 2659 4621 novatoribus
2678 4586 2696 4621 :
2719 4569 2797 4622 uti
2819 4571 2978 4623 etiam
3008 4570 3061 4622 in
3093 4570 3279 4631 Paulo,
3305 4569 3331 4621 I
3363 4568 3491 4622 Tim.
3519 4585 3594 4629 vr.
3630 4572 3724 4633 10,
3752 4574 3893 4622 varia

2326 4638 2485 4710 lectio
2514 4648 2598 4692 est
2632 4655 2646 4691 :
2685 4655 2787 4693 nec
2815 4641 2897 4692 vel
2945 4640 3182 4709 antiquis
3222 4649 3452 4699 certum,
3486 4650 3666 4710 utrum
3711 4643 3895 4710 legen-

2323 4709 2450 4760 dum
2481 4710 2573 4771 sit,
2608 4711 2705 4771 τὰς
2734 4710 2994 4779 βεὸήλους
3023 4710 3379 4777 κενοφωνίας,
3412 4717 3484 4779 ut
3513 4709 3678 4763 modo
3709 4709 3895 4765 om

2324 4779 2559 4849 habent,
2607 4793 2674 4831 an
2736 4776 3118 4847 καινοφωνίας,
3167 4776 3225 4833 ut
3273 4779 3405 4847 legit
3440 4776 3595 4849 Vulg.
3634 4779 3898 4848 favetque

2321 4848 2514 4917 Chrys.
2561 4849 2702 4916 quod
2739 4850 2871 4902 alias
2910 4849 2992 4913 τὸ,
3036 4849 3314 4918 βεϐήλους,
3364 4848 3639 4902 videretur
3673 4866 3897 4905 vacare.

2322 4918 2463 4989 _Sanc
2486 4988 2490 4989 ν
2511 4919 2774 4986 quidquid
2824 4919 2998 4983 κενὸν,
3024 4935 3267 4982 vacuum,
3309 4920 3488 4980 inane,
3522 4920 3706 4987 ipsum
3738 4921 3899 4989 βέὸη-

2320 4986 2411 5058 λον
2442 4988 2531 5056 (id
2574 4998 2677 5050 est,
2718 4989 3038 5058 profanum)
3075 5005 3181 5042 non
3213 4989 3342 5042 item
3372 4986 3628 5058 quidquid
3681 4986 3897 5051 καινὸν,

2322 5057 2371 5110 id
2403 5066 2486 5110 est
2513 5075 2721 5110 novum.

2392 5130 2501 5192 (ID)
2546 5127 2657 5191 Τῆς
2705 5125 3029 5193 Ῥωμαϊκῆς
3086 5126 3463 5192 Ἕκκλησίας.
3498 5126 3651 5191 Quod
3704 5128 3903 5183 Roma-

2320 5212 2443 5249 nam
2479 5198 2773 5251 Ecclcsiam
2811 5200 2864 5251 in
2899 5208 3104 5266 partem
3134 5198 3399 5268 dogmatis
3431 5200 3594 5250 trahit
3622 5197 3903 5261 Photius;

2318 5278 2637 5352 argumento
2660 5278 2741 5321 cst
2776 5268 3003 5352 necdum
3036 5268 3424 5352 ltqmaanacrius
3452 5279 3771 5352 pugnatum
3813 5288 3906 5341 pro

2320 5352 2385 5389 eo
2428 5338 2707 5407 articulo:
2754 5340 2835 5390 vel
2873 5339 3047 5407 potius
3091 5339 3157 5391 de
3214 5337 3456 5390 Rmnana
3513 5337 3776 5395 Ecclesia
3815 5337 3909 5394 ’διε

2318 5407 2621 5480 dissimuiat
2670 5406 2897 5461 Photius
2939 5424 3036 5476 pro
3065 5424 3161 5460 sua
3193 5423 3316 5480 cum
3364 5408 3584 5480 Joanne
3618 5426 3777 5480 papa
3816 5428 3907 5465 ne-

2319 5477 2683 5551 cessitudine,
2730 5488 2799 5551 et
2830 5487 3048 5551 accepta
3083 5479 3150 5551 ab
3190 5494 3255 5531 eo
3288 5478 3662 5551 indulgentia,
3703 5477 3822 5551 Qua
3860 5495 3908 5534 et

2318 5548 2438 5621 ejus
2488 5548 2691 5616 legatos
2727 5549 2842 5621 sibi
2896 5548 3240 5621 consensisse
3285 5550 3543 5621 iactabat.
3581 5548 3749 5605 Alios
3781 5568 3908 5621 ergo

2320 5617 2858 5691 iiicertos__suggillat,
2889 5628 3017 5686 puta
3038 5618 3215 5672 Gallos
3244 5630 3337 5671 aut
3359 5618 3657 5686 Hispanos,
3692 5623 3781 5678 sic
3818 5617 3912 5691 pa-

2319 5687 2422 5739 lam
2451 5702 2517 5740 ex
2545 5685 2679 5740 Filio
2699 5685 3035 5757 proﬁtentes,
3061 5704 3091 5741 a
3117 5704 3347 5758 quorum
3371 5685 3536 5743 sensu
3561 5693 3765 5749 studet
3784 5685 3911 5748 αἴνυ-

2319 5773 2441 5813 care
2465 5758 2880 5827 Aquileiensem.
