4044 6434
144 424 254 489 801
1307 409 1779 477 EPISTOLARU

1886 408 2117 471 LIBER
2154 411 2206 470 Ι.
3310 406 3419 470 802

147 538 278 609 ἤτοι
309 533 378 587 τὰ
402 530 667 588 ἀπύλωτα
691 530 799 585 τῶν
829 526 1216 602 αἱρετιζόντων
1246 518 1731 595 στόματα,⁸μηδαο
1758 517 1783 577 Α

1886 532 2013 586 aque
2062 519 2220 573 inferi
2264 526 2453 589 portas
2485 519 2530 553 υ
2561 556 2577 583 ,
2611 531 2705 573 ora
2756 517 3009 573 videlicet
3039 517 3421 577 haereticorum

151 628 278 699 μῶς
302 626 509 697 ἰσχύειν
523 625 660 695 αὐτῇ
685 622 1046 694 διετράνωσεν
1069 622 1103 689 ὴ
1123 617 1398 687 ἀλήθεια),
1424 614 1610 677 πόθεν,
1639 611 1736 665 καὶ

1886 612 2008 666 )rtis
2036 613 2298 675 carentia,
2340 612 2451 667 ullo
2481 620 2640 682 pacto
2662 612 2955 683 praevalere
2980 626 3163 681 posse,
3196 613 3426 682 ipsumet

152 723 226 774 ὲκ
254 720 415 773 τίνων
440 720 474 788 ἠ
499 717 657 786 καινὴ
680 714 820 784 αῦτη
848 711 1251 784 παραναδύεται
1273 707 1417 762 κατὰ
1443 704 1535 760 τοῦ
1555 702 1738 758 Ilvati-

1886 706 2141 760 eclaravit
2183 705 2429 775 veritas),
2468 704 2634 772 unde,
2683 714 2737 759 et
2775 720 2841 759 ex
2874 704 3073 774 quibus
3129 720 3267 759 nova
3311 706 3426 759 haec

159 830 335 883 ματος
367 809 683 881 βλασφημία
705 826 719 873 ;
747 807 860 862 Καὶ
884 806 1001 869 πῶς
1028 804 1129 857 οὐκ
1151 802 1217 857 ἂν
1234 802 1320 871 εἴη
1343 799 1403 852 τὸ
1426 794 1739 865 συνενεχθὲν

1886 801 2064 854 mersit
2090 799 2352 855 adversus
2383 798 2647 869 Spiritum
2667 797 3050 868 blasphemia?
3088 798 3157 851 Et
3189 813 3422 868 quomo-

155 904 377 958 πολλῶν
409 904 507 972 μὲν
537 902 687 966 ἄξιον
737 896 1058 969 στεναγμῶν
1078 912 1092 927 ο
1132 893 1343 949 πολλῶν
1373 891 1431 946 δὲ
1462 888 1738 960 δακρύων,

1886 903 1916 943 o
1967 905 2078 944 non
2140 890 2328 945 multis
2372 889 2517 944 istud
2577 890 3017 959 prosequendum
3060 888 3314 959 lacrymis
3369 903 3433 941 ac

157 998 369 1067 πολλῆς
397 997 456 1050 δὲ
501 994 736 1063 σπουδῆς
771 992 1118 1064 ἀναχαιτίσαι
1156 989 1257 1057 τὴν
1303 986 1475 1056 νομὴν
1508 983 1600 1036 τοῦ
1634 981 1745 1036 πά-

1886 980 2101 1052 uspiriis
2130 982 2155 1035 ?
2184 982 2461 1051 Multaque
2482 997 2621 1053 opus
2643 980 2922 1052 diligentia
2963 981 3029 1035 ad
3059 981 3429 1035 cohibendum

163 1088 319 1153 θους,
348 1088 443 1141 καὶ
476 1089 550 1157 μὴ
575 1086 795 1148 πλείους
833 1085 968 1156 όρᾷν
1025 1079 1501 1150 καταϐοσκόμενον
1528 1074 1636 1130 τῶν
1665 1075 1747 1138 είς

1892 1074 2014 1145 ujus
2044 1074 2166 1129 mali
2197 1089 2566 1146 progressum,
2599 1090 2664 1130 ac
2703 1089 2775 1129 ne
2802 1075 2987 1145 plures
3006 1074 3301 1143 depascere
3353 1074 3437 1127 Ia-

158 1181 408 1252 ποίμνην
439 1176 573 1233 Θεοῦ
603 1175 1105 1245 καταλογισθέντων
1127 1172 1191 1227 τὸ
1218 1172 1349 1243 νόση
1361 1186 1466 1243 μα;

1886 1184 1977 1224 em
2022 1167 2324 1233 videamus,
2354 1182 2565 1234 eorum,
2598 1166 2693 1239 qui
2724 1166 2781 1222 in
2812 1166 2905 1222 Dei
2940 1180 3100 1237 grege
3148 1179 3440 1219 numeran-

1854 1264 1964 1311 tur.

245 1359 320 1411 Z'.
352 1359 452 1410 Διά
470 1374 552 1409 τοι
568 1354 727 1408 τοῦτο
747 1355 843 1409 καὶ
868 1355 903 1426 ή
931 1354 1087 1424 ἡμῶν
1109 1353 1401 1424 μετριότης
1418 1350 1607 1422 ῶσπερ
1632 1347 1754 1403 τινὰ

1924 1348 2033 1404 VII.
2077 1348 2191 1404 Hac
2251 1348 2417 1421 igitur
2448 1349 2516 1405 de
2569 1365 2752 1414 causa,
2786 1366 2886 1406 nos
2927 1367 3144 1423 quoque
3184 1354 3438 1420 humiles,

176 1450 351 1522 μέγαν
373 1448 471 1518 τῆς
509 1447 837 1517 Ἐκκλησίας
864 1447 1170 1517 πρόμαχον,
1208 1447 1303 1499 καὶ
1330 1439 1421 1498 οἵα
1458 1443 1524 1514 δὴ
1555 1442 1756 1496 σκοπὸν

1886 1440 2009 1495 νειυι
2037 1455 2294 1511 magnum
2321 1440 2593 1511 quoddam
2619 1440 2875 1497 Ecclesiae
2909 1445 3181 1512 columen,
3217 1461 3279 1501 ac
3310 1463 3443 1516 qua-

162 1539 489 1610 τεθειμένον
549 1538 625 1609 τῷ
677 1538 812 1607 οἴκῳ
878 1536 1115 1609 Ἰσραὴλ,
1171 1537 1272 1606 τὴν
1339 1536 1612 1607 ὑμετέραν
1670 1534 1756 1588 ἐπ’

1886 1535 1908 1588 ,i
1933 1534 2329 1605 speculatorem
2379 1536 2616 1605 positum
2655 1536 2837 1593 domui
2878 1537 3065 1604 Israel,
3098 1549 3443 1609 pralstantem

175 1632 350 1702 ἀρετῇ
384 1631 699 1700 τελειότητα
736 1629 1181 1701 προκαλούμεθα,
1221 1628 1313 1683 τὸν
1342 1630 1400 1683 ὲν
1447 1630 1513 1698 τῇ
1561 1628 1761 1700 καρδίᾳ

1886 1636 2099 1683 'estram
2135 1642 2495 1697 provocamus
2524 1630 2806 1692 virtutem,
2842 1638 2899 1683 ut
2929 1630 3022 1684 Dei
3054 1632 3250 1694 zelum,
3283 1649 3446 1703 quem

179 1725 347 1795 ζῆλον
375 1722 554 1777 ἔνθεον
591 1726 671 1786 είς
708 1723 873 1794 μέσον
900 1722 1294 1793 ὲκπυρσεῦσαι·
1327 1721 1422 1774 καὶ
1455 1716 1544 1774 οἷα
1571 1721 1636 1792 δὴ
1661 1720 1762 1790 τὴν

1886 1737 1917 1776 ιι
1948 1721 2112 1776 corde
2142 1720 2375 1785 habetis,
2416 1720 2470 1774 in
2497 1722 2738 1775 medium
2772 1722 2987 1777 lucente
3032 1723 3244 1784 flamma
3276 1732 3449 1786 susci-

180 1818 287 1887 τῆς
334 1817 745 1888 ἀρχιερωσύνης
803 1816 1027 1887 λυχνίαν
1071 1815 1415 1878 ἀνάπτοντα,
1469 1816 1606 1868 πᾶσι
1648 1815 1762 1876 τοῖς

181 1908 561 1979 πλανωμένοις
615 1908 731 1977 φῶς
786 1908 1051 1979 σωτήριον
1115 1906 1448 1974 ὲναυγάσαν
1510 1904 1607 1959 καὶ
1662 1905 1762 1976 τῆς

188 2002 401 2072 πλάνης
432 2002 531 2072 μὲν
564 2001 906 2071 ἀποστῆσαι,
952 2000 1366 2072 χειραγωγῆσαι
1399 1998 1455 2052 δὲ
1486 2003 1622 2069 πρὸς
1660 1998 1764 2054 ἀνὰ

184 2096 369 2149 πᾶσαν
394 2095 494 2163 τὴν
527 2095 855 2164 οἰκουμένην
889 2093 1285 2164 ὲξηπλωμένην
1314 2090 1618 2148 εὐσέϐειαν.

258 2186 343 2241 H'.
380 2186 601 2256 Πρῶτον
648 2186 746 2256 μὲν
784 2186 916 2256 γάρ,
964 2183 1040 2247 ὼς
1084 2182 1320 2254 εἴρηται,
1355 2181 1455 2251 τὴν
1477 2178 1765 2251 Κυριακὴν

187 2279 302 2348 ἔχει
343 2279 559 2349 φωνὴν,
626 2278 1013 2349 λαμπροτέραν
1068 2278 1250 2346 πάσης
1292 2274 1641 2345 λαμπηδόνος
1680 2272 1767 2338 ἐξ·

189 2372 677 2442 αστράπτουσαν,ἠ
711 2374 775 2425 ἐκ
801 2370 896 2423 τοῦ
920 2370 1134 2441 ὶῖατρὸς
1156 2370 1249 2423 τοῦ
1273 2368 1411 2423 Πνεύ
1420 2385 1588 2440 ματος
1612 2366 1770 2421 ὲκπό-

193 2480 395 2534 ρευσις·
439 2465 574 2533 πρὸς
606 2466 673 2535 ἦν
705 2463 1122 2527 ἀναϐλέποντες,
1153 2462 1258 2515 κᾶν
1305 2462 1406 2532 ὀψὲ
1456 2461 1586 2531 γοῦν
1621 2462 1669 2514 οί
1704 2461 1767 2513 ἐκ

188 2556 284 2608 τοῦ
319 2556 448 2609 Υἱοῦ
477 2557 537 2609 τὸ
578 2556 804 2621 Πνεῦμα
832 2554 1289 2624 δυσφημήσαντες
1331 2551 1726 2622 ἐκπορεύεσθαι
1750 2589 1765 2614 ,

190 2646 599 2700 παυσάσθωσαν
631 2647 730 2717 τῆς
768 2647 827 2699 ὲν
866 2644 1045 2718 πλάνῃ
1091 2644 1188 2698 καὶ
1239 2644 1417 2714 σκάτῳ
1462 2642 1767 2714 διατριϐῆς,

191 2742 291 2794 καὶ
327 2742 405 2814 τῷ
436 2742 573 2809 φωτὶ
601 2742 700 2810 τῆς
746 2738 1027 2802 εὐσεϐείας
1056 2738 1497 2809 ὲλλαμπόμενοι,
1544 2738 1626 2801 εἰς
1673 2736 1771 2798 τὰς

191 2834 386 2887 ἄδυτον
418 2833 646 2903 ἐχούσας
666 2832 904 2903 μάνδραις
936 2834 1036 2905 τὴν
1074 2830 1175 2901 τῆς
1203 2829 1515 2903 ὀρθοδοξίας
1549 2829 1772 2900 αἴγλην.

192 2928 308 2989 τοῖς
331 2925 580 2979 εὐσεϐέσι
605 2927 1045 2991 συνεισιέτωσαν,
1078 2923 1501 2994 καταιδούμενοι
1539 2922 1775 2993 μάλιστα

195 3018 293 3071 καὶ
319 3018 413 3071 τὸν
445 3018 760 3089 ὲπιστήθιον
791 3018 900 3072 τῶν
931 3019 1200 3091 οὐρανίων
1243 3018 1530 3087 δογμάτων
1565 3014 1775 3085 μύστην

194 3113 293 3165 καὶ
324 3113 705 3183 μυσταγωγὸν,
730 3113 821 3167 τὸν
842 3112 941 3182 τῆς
972 3111 1247 3180 θεολογίας
1283 3110 1538 3179 Ἰωάννην
1563 3104 1775 3159 ἐπώνυ-

1866 1812 2362 1883 tetiszsummique
2417 1813 2707 1868 sacerdotii
2742 1816 2891 1869 velut
2930 1832 3157 1874 accensa
3206 1822 3448 1888 lucerna,

1866 1904 2178 1961 errantibus
2205 1905 2463 1961 omnibus
2491 1904 2730 1962 salutare
2756 1909 2942 1964 lumen
2977 1913 3267 1978 invehatis,
3290 1925 3451 1985 atque

1865 1997 1932 2052 ab
1949 2012 2135 2052 errore
2164 2007 2439 2064 avocatos,
2474 1999 2541 2053 ad
2585 1999 2845 2069 pietatem
2878 2011 2992 2056 toto
3024 2012 3290 2061 terrarum
3322 2008 3452 2063 orbe

1866 2090 2212 2160 explicatam,
2244 2106 2411 2145 manu
2451 2092 2689 2149 ducatis.

1943 2182 2073 2237 VIII.
2114 2182 2356 2238 Primum
2407 2185 2629 2254 quidem
2672 2187 2770 2256 (uti
2798 2189 2909 2258 jam
2944 2191 3149 2246 dictum
3190 2192 3294 2262 est)
3346 2193 3454 2247 Do-

1867 2274 2125 2329 minicam
2166 2275 2379 2329 habetis
2405 2292 2615 2341 vocem,
2649 2279 2840 2347 quavis
2894 2280 3011 2335 face
3043 2281 3299 2348 lucidius,
3332 2281 3456 2353 Spi-

1869 2368 2035 2424 ritum
2066 2384 2095 2423 a
2130 2368 2287 2423 Patre
2312 2373 2610 2439 procedere
2640 2371 2961 2440 prodentem
2992 2390 3006 2426 :
3039 2374 3106 2428 ad
3147 2390 3307 2443 quam
3342 2385 3456 2429 tan-

1871 2460 1995 2515 dem
2059 2461 2351 2531 aliquando
2380 2461 2623 2516 levantes
2668 2464 2880 2527 oculos,
2933 2464 3025 2533 qui
3061 2481 3157 2534 per
3200 2464 3455 2536 blasphe-

1872 2552 2059 2615 miam,
2098 2552 2332 2623 Spiritus
2361 2569 2426 2608 ex
2460 2553 2599 2607 Filio
2620 2555 3039 2624 processionem
3068 2557 3284 2624 docent,
3316 2557 3454 2612 desi-

1873 2655 2008 2700 nant
2051 2646 2107 2699 in
2136 2661 2321 2701 errore
2350 2661 2413 2700 ac
2465 2647 2708 2701 tenebris
2742 2648 2947 2702 versari
2983 2666 2996 2703 :
3052 2650 3285 2720 fideique
3332 2650 3453 2705 luce

1876 2741 2201 2805 collustrati,
2235 2740 2349 2811 pari
2378 2755 2502 2794 cum
2545 2739 2866 2797 orlhodoxis
2899 2741 3103 2797 foedere
3143 2743 3327 2798 caulas
3376 2744 3461 2797 in-

1876 2834 2206 2905 grediantur,
2233 2834 2567 2890 orthodoxize
2597 2835 2871 2890 radiantes
2893 2836 3107 2904 jubare,
3126 2838 3266 2907 quod
3287 2839 3463 2892 nescit

1876 2939 2130 2979 occasum
2158 2941 2171 2991 ;
2223 2939 2347 2978 eum
2377 2926 2679 2995 praesertim
2712 2927 2932 2980 reveriti
2966 2928 3058 2996 qui
3092 2942 3122 2981 e
3179 2927 3464 2983 Dominico

1878 3028 2098 3087 pectore
2156 3019 2364 3072 haustis
2412 3019 2732 3089 liquoribus,
2783 3021 3088 3074 cmlestium
3143 3022 3459 3093 dogmatum

1881 3108 2180 3179 discipulus
2209 3125 2271 3164 ac
2302 3109 2512 3174 doctor,
2546 3111 2796 3176 effectus,
2844 3110 3081 3168 Joannes
3117 3130 3146 3168 a
3170 3112 3463 3185 Theologia

200 3222 320 3274 μον·
358 3207 451 3259 καὶ¹
482 3208 561 3269 εἰς
592 3205 887 3275 πρεσϐείαν
925 3204 1402 3276 προϐαλλέτωσαν,
1440 3200 1776 3270 συγγνώμης

1886 3216 2083 3255 nomen
2116 3210 2199 3255 est
2231 3212 2557 3257 (εοιιεθοιιῑυε
2582 3221 2595 3257 ἓ
2631 3219 2695 3258 80
2723 3204 3086 3260 intercessore
3107 3214 3323 3260 veniam
3345 3222 3466 3277 pre-

194 3298 383 3368 τυχεῖν
413 3291 494 3360 οἷς
513 3297 843 3360 ἁπεναντίας
872 3297 1039 3351 αὐτοῦ
1075 3314 1137 3349 τε
1169 3298 1263 3349 καὶ
1297 3294 1393 3349 τοῦ
1423 3294 1744 3348 διδασκάλου
1765 3331 1780 3355 ,

196 3387 297 3440 καὶ
339 3388 450 3440 τῶν
498 3386 759 3457 μαθητῶν
805 3387 899 3439 τοῦ
952 3385 1412 3454 θεολογικωτάτου
1462 3385 1574 3454 (II)
1615 3382 1786 3435 πάλαι

199 3480 333 3534 ποτὲ
356 3480 749 3549 ἐπανέστησαν.
782 3480 907 3542 Τοίς
937 3478 1046 3550 γὰρ
1074 3480 1137 3531 ἐκ
1162 3477 1257 3529 τοῦ
1300 3476 1516 3547 Πατρδς
1563 3476 1657 3528 καὶ
1686 3474 1784 3529 τοῦ

198 3572 337 3628 Υἱοῦ
377 3575 438 3626 τὸ
485 3575 751 3642 πανάγιον
798 3572 1023 3642 Πνεῦμα
1067 3570 1464 3641 ἐκπορεύεσθαι
1513 3567 1786 3639 δογματί-

201 3668 381 3729 ζουσι,
417 3663 511 3718 δύο
544 3664 761 3727 πάντως
801 3664 949 3717 αἴτια
996 3662 1090 3715 καὶ
1123 3661 1291 3731 ἀρχαὶ
1321 3658 1783 3729 συνεισέρχονται·

202 3758 303 3810 καὶ
338 3760 371 3827 ὴ
398 3760 455 3809 ὲν
484 3759 548 3827 τῇ
574 3754 764 3827 Τριάδι
790 3751 1056 3824 μοναρχία
1085 3751 1316 3822 φροῦδος
1352 3751 1655 3820 οἰχήσεται.
1683 3747 1789 3801 Δύο

202 3851 316 3921 γὰρ
344 3849 596 3921 φανερῶς
631 3850 745 3912 τοῖς
769 3846 911 3901 οὓτω
955 3845 1175 3913 λέγουσι
1200 3843 1270 3896 τά
1302 3843 1453 3896 αἴτια
1478 3858 1787 3910 συνανακη-

205 3943 491 4015 ρύσσεται,
525 3943 584 4008 ἐξ
627 3934 702 3996 ὧν
723 3942 819 3995 καὶ
842 3943 876 4013 ἡ
919 3940 1019 4012 μία
1053 3939 1133 4002 είς
1171 3936 1265 3991 δύο
1297 3934 1473 4009 ἀρχὰς
1503 3935 1781 4007 (τρέποιτο

204 4040 265 4092 δὲ
290 4042 350 4092 τὸ
388 4039 704 4110 βλάσφημον
734 4040 814 4103 είς
846 4037 946 4101 τὰς
980 4037 1087 4091 τῶν
1126 4035 1317 4091 αἰτίων
1357 4032 1620 4104 κεφαλάς)
1662 4049 1787 4085 συν-

205 4132 565 4201 διασχίζεται.

286 4225 367 4279 Θ¹.
398 4226 608 4289 ¹Ἄλλως
647 4243 703 4279 τε
734 4226 811 4289 δὲ,
846 4226 893 4278 εί
926 4224 1025 4295 μὲν
1061 4224 1241 4278 τελεία
1279 4226 1313 4295 ἡ
1350 4225 1415 4277 ὲκ
1442 4223 1535 4277 τοῦ
1578 4221 1788 4294 Πατρός

210 4316 364 4368 ἐστιν
412 4315 754 4383 ὲκπόρευσις,
798 4313 881 4377 τίς
917 4317 951 4385 ἡ
995 4316 1154 4385 χρεία
1196 4315 1293 4384 τῆς
1324 4314 1584 4385 δευτέρας
1621 4315 1788 4367 ἐκπο-

213 4408 479 4475 ρεύσεως,
504 4407 605 4478 ἤδη
629 4408 726 4476 τῆς
754 4407 1090 4477 τελειότητος
1125 4409 1188 4461 ὲκ
1218 4409 1317 4477 τῆς
1347 4407 1621 4477 πατρικῆς
1653 4424 1787 4476 προ-

210 4502 334 4554 ὁδου
380 4500 773 4570 καθορωμένης
803 4498 879 4570 τῷ
909 4500 1189 4571 Πνεύματι
1217 4518 1231 4566 ;
1265 4500 1325 4552 Ei
1368 4498 1411 4552 δ’
1438 4499 1655 4570 ἀτελὴς,
1704 4498 1789 4562 τίς

1887 3302 2102 3354 centur,
2130 3294 2273 3363 quod
2310 3295 2381 3347 illi
2414 3310 2477 3349 ac
2508 3297 2788 3366 magistro,
2808 3298 3314 3368 discipulorumque
3341 3298 3465 3352 albo

1890 3384 2175 3454 theologia:
2205 3386 2369 3439 radiis
2402 3387 2819 3453 micantissimo,
2866 3391 3155 3444 contrariis
3189 3391 3464 3460 opinioni-

1887 3477 1990 3532 bus
2029 3478 2354 3548 quandoque
2395 3480 2523 3534 olim
2556 3482 2906 3536 obstiterunt.
2966 3482 3121 3548 Quod
3159 3485 3305 3537 enim
3337 3498 3465 3538 san-

1889 3569 2165 3623 ctissimus
2219 3569 2454 3640 Spiritus
2491 3588 2520 3625 a
2566 3572 2726 3627 Patre
2757 3582 2809 3629 et
2840 3575 2977 3628 Filio
3023 3574 3237 3629 dicatur
3272 3588 3466 3644 proce-

1888 3660 2041 3727 dere,
2098 3660 2233 3715 duas
2272 3663 2501 3719 omnino
2551 3680 2744 3719 causas
2774 3680 2837 3719 ac
2871 3664 3131 3735 principia
3169 3674 3252 3718 est
3295 3665 3467 3720 intro-

1890 3754 2090 3809 ducere
2116 3772 2129 3809 :
2156 3771 2331 3827 eoque
2361 3756 2411 3809 in
2445 3765 2632 3811 sancta
2672 3756 2941 3813 Trinitate
2976 3758 3343 3812 monarchiam
3374 3774 3469 3829 pe-

1889 3846 2037 3900 nitus
2063 3846 2298 3902 abolere.
2334 3845 2434 3913 Qui
2452 3847 2597 3901 enim
2626 3848 2703 3902 sic
2736 3848 3066 3917 loquuntur,
3089 3849 3223 3903 duas
3249 3848 3471 3919 perinde

1891 3955 2084 3993 causas
2132 3939 2551 4010 praedicabunt:
2610 3941 2849 4009 hincque
2884 3942 3019 3995 adeo
3050 3958 3217 3996 unum
3267 3943 3475 4012 pariter

1890 4030 2221 4100 principium
2271 4040 2471 4098 (vertat
2502 4031 2644 4086 Deus
2677 4032 2731 4085 in
2776 4049 2993 4088 reorum
3029 4044 3194 4104 caput
3222 4034 3478 4105 blasphe-

1892 4123 2077 4194 miam)
2115 4124 2169 4178 in
2199 4125 2308 4179 duo
2331 4125 2628 4180 dividetur.

1971 4217 2060 4271 lx.
2101 4219 2390 4284 Praeterea,
2425 4220 2470 4273 si
2493 4219 2732 4289 perfecta
2767 4229 2850 4273 est
2879 4236 2943 4274 ex
2973 4222 3132 4275 Patre
3160 4222 3472 4291 processio,

1890 4312 2018 4381 quid
2058 4326 2196 4380 opus
2232 4320 2314 4366 est
2358 4312 2527 4366 altera
2567 4314 2914 4381 processione
2938 4355 2953 4379 ,
2986 4329 3111 4369 cum
3149 4330 3213 4368 ex
3251 4322 3473 4383 paterna

1886 4403 1998 4472 jam
2049 4405 2399 4473 processioue
2454 4403 2691 4473 Spiritus
2718 4406 2995 4475 perlectus
3032 4422 3153 4461 esse
3212 4406 3477 4475 intelliga-

1897 4497 2023 4551 tur?
2077 4496 2174 4551 Sin
2229 4506 2413 4551 autem
2460 4498 2806 4568 imperfecta,
2862 4499 2984 4568 quis
3033 4499 3169 4553 feret
3208 4500 3351 4569 quod
3404 4502 3475 4551 ita

216 4590 433 4644 ὐποίσει
460 4567 531 4643 τὸ⁷
552 4567 787 4655 ἄτοπονς
831 4567 1072 4659 Πρῶτον*
1096 4590 1195 4659 μὲν
1223 4588 1331 4660 γὰρ
1362 4590 1390 4641 ὁ
1419 4567 1601 4641 τοῦτον
1628 4589 1783 4658 φάναι

1895 4588 2132 4642 absurde
2183 4588 2486 4643 asscritur?
2532 4589 2774 4643 Primum
2817 4591 2962 4643 enim
3002 4591 3091 4659 qui
3131 4591 3232 4645 hoc
3284 4590 3479 4643 audeat

215 4682 514 4753 τολμήσας,
545 4683 611 4752 τῇ
644 4681 943 4751 παντελείῳ
972 4679 1160 4751 Τριάδι
1188 4680 1250 4733 τὸ
1288 4679 1479 4743 ἀτελὲς
1509 4682 1797 4753 ὲναπέρρι-

212 4774 338 4845 ψεν.
373 4774 605 4827 Ἔπειτα
637 4774 693 4827 δὲ
723 4775 821 4827 καὶ
850 4777 914 4828 ὲκ
942 4772 1036 4827 δύο
1079 4773 1243 4827 πάλιν
1272 4774 1477 4827 ἀτελῶν
1505 4774 1564 4827 τὸ
1596 4775 1797 4829 τελειο-

216 4867 375 4919 ποιδν
405 4865 634 4934 Πνεῦμα
663 4866 1159 4934 συγκατεσκεύασε.
1187 4866 1297 4919 Ναὶ
1328 4866 1393 4937 δὴ
1423 4866 1518 4920 καὶ
1543 4865 1795 4921 σύνθετον

216 4959 577 5022 ἀπετέλεσεν,
625 4959 699 5022 ώς
741 4961 806 5011 ὲκ
849 4960 942 5011 δύο
970 4958 1131 5012 τινῶν
1166 4958 1385 5012 αἰτίων·
1418 4958 1511 5010 καὶ
1550 4959 1674 5011 τότε
1707 4960 1724 5032 (
1752 4959 1797 5013 ὣ

219 5049 477 5119 γλώσσης
517 5049 786 5120 ἀκρατοῦς
819 5050 912 5102 καὶ
942 5048 1166 5119 γνώμης
1199 5049 1565 5119 ἁγνώμονοςί)
1593 5051 1796 5115 ἀτελῶς

217 5143 281 5209 ἐξ
328 5145 589 5214 ἐκατέρου
634 5143 1070 5213 ἐκπορευομένου
1118 5140 1213 5195 τοῦ
1253 5142 1590 5212 Πνεύματος.
1630 5145 1693 5196 Οί
1740 5144 1797 5198 δὲ

215 5236 398 5308 ταύτῃ
440 5239 506 5307 τῇ
548 5236 833 5307 δυσφημίᾳ
880 5236 1120 5305 κάτοχοι,
1164 5235 1257 5287 καὶ
1296 5235 1488 5287 υἱωνὸν
1531 5238 1703 5291 εἰπεῖν
1736 5237 1797 5291 τὸ

216 5329 472 5400 Πνεῦμα,
502 5331 601 5382 οὐκ
627 5328 693 5381 ἂν
727 5329 1112 5399 ἀποκνήσαιεν.
1142 5327 1205 5380 Ei
1242 5326 1297 5379 δὲ
1326 5326 1427 5399 τὴν
1465 5329 1649 5399 φωνὴν
1698 5347 1798 5399 φυ-

292 5449 337 5481 ³⁸
380 5448 568 5503 Matth.
602 5464 715 5514 xvr,
748 5448 833 5502 18.

1897 4681 2102 4745 dicere,
2140 4678 2415 4741 Triuitati,
2448 4696 2567 4749 qua:
2593 4682 2771 4736 modis
2804 4682 3059 4736 omnibus
3086 4682 3325 4752 perfecta
3372 4689 3476 4745 est,

1898 4772 2365 4841 imperfectioncm
2416 4776 2626 4831 tribuit.
2668 4776 2874 4831 Deinde
2933 4791 3085 4840 vero,
3141 4790 3208 4829 ex
3267 4775 3481 4830 duobus

1898 4880 2119 4919 rursum
2171 4865 2527 4935 imperfectis,
2577 4876 2858 4922 auctorem
2917 4866 3093 4920 omnis
3127 4865 3482 4935 perfectionis

1900 4956 2167 5027 Spiritum
2200 4959 2523 5013 constituit:
2549 4959 2682 5029 quin
2727 4970 2781 5014 et
2813 4958 3199 5028 compositum,
3245 4958 3389 5012 velut
3415 4974 3482 5014 ex

1899 5050 2113 5106 duabus
2158 5051 2483 5119 quibusdam
2530 5054 2711 5106 causis
2741 5067 2806 5105 ac
2837 5050 3177 5115 auctoribus,
3209 5050 3374 5106 fecit:
3429 5061 3485 5107 et

1899 5142 1972 5197 ita
2024 5146 2081 5213 (ο
2123 5143 2363 5214 linguam
2402 5141 2835 5196 incontinentem
2891 5149 2943 5194 et
2986 5144 3271 5209 reprobam
3325 5158 3483 5196 men-

1900 5247 2010 5292 tem
2038 5239 2075 5309 ἱ)
2134 5254 2201 5291 ex
2254 5248 2482 5305 utroque
2541 5233 2859 5304 imperfecte
2913 5233 3150 5303 Spiritus
3205 5236 3481 5304 procedet.

1899 5332 2003 5400 Qui
2047 5334 2149 5388 hac
2179 5347 2344 5403 porro
2393 5336 2686 5383 teneantur
2726 5326 3066 5398 blasphemia
3093 5368 3108 5395 ,
3160 5345 3261 5385 nec
3308 5328 3483 5400 Spiri-

1804 5561 2038 5619 NOTAE.

294 5680 344 5750 (λι
362 5679 408 5743 I)
452 5675 581 5731 Τῶν
606 5676 891 5750 μαθητῶν
912 5676 1018 5750 τοῦ
1046 5676 1570 5750 θεολογικῳτάτου.
1603 5674 1797 5729 Metius

213 5746 422 5823 plurali
456 5764 685 5825 numero
715 5748 919 5825 reddit_:
958 5746 1023 5800 Et
1049 5749 1180 5825 alios
1211 5748 1529 5825 discipulos;
1561 5762 1799 5825 nonncx-

220 5816 426 5892 plicata
456 5821 617 5874 etiam
640 5835 771 5892 voce
805 5820 1284 5892 θεολογικωτάτου,
1320 5816 1460 5892 Velit
1486 5818 1627 5871 forte
1663 5816 1799 5892 Pau-

218 5886 363 5958 lum,
413 5906 686 5947 summum
732 5890 870 5945 inter
917 5889 1189 5960 apostolos
1247 5888 1589 5959 theologum,
1645 5886 1802 5956 cujus

1903 5678 2130 5747 perinde
2156 5676 2378 5737 vocibus
2405 5676 2554 5732 abuti
2580 5676 2801 5731 Latinos
2822 5674 3177 5744 sequentibus
3204 5683 3469 5727 causatur,

1908 5755 1975 5872 Aht
2006 5748 2317 5871 1stramilnea
2367 5749 2571 5817 omnia,
2619 5765 2683 5804 ac
2707 5748 2837 5804 satis
2873 5749 2982 5817 jam
3016 5759 3284 5816 superque
3318 5760 3345 5797 a
3381 5747 3486 5798 Ca-

1908 5829 1927 5872 t
1973 5834 2002 5872 ο
2030 5835 2126 5872 lClS
2164 5833 2193 5872 e
2219 5834 2315 5872 isa.

1908 5829 2126 5874 lhOllClS
2164 5829 2315 5877 elisa.
