4044 6408
575 379 688 444 ωδ
1699 374 1960 436 PI-IO'I‘II
1999 376 2502 439 rA'rancu/E
2539 380 2647 442 cr.
3725 393 3848 462 sa

583 495 700 540 tum
730 492 990 556 nepotem
1037 484 1221 539 dicere
1248 481 1642 538 recusaverim.
1676 483 1790 537 Etsi
1820 484 1965 538 enim
2007 484 2148 540 hanc
2175 537 2180 548 ,

2248 485 2534 576 λάττονται
2568 489 2718 561 φόϐῳ
2747 491 2856 545 τῶν
2881 493 3143 549 εὐσεϐῶν·
3188 495 3303 552 ἀλλ’
3332 494 3428 554 οῦν
3449 499 3514 556 τὸ
3539 502 3841 576 φρόνημα,

580 591 773 631 vocem
807 577 1020 646 piorum
1048 584 1198 630 metu
1227 576 1422 638 vitant,
1458 583 1514 627 at
1539 589 1758 627 sensum
1793 585 1992 637 tamen,
2025 576 2147 644 qui-

2249 578 2316 631 δι’
2352 573 2429 633 ὧν
2457 582 2861 652 δογματίζουσι,
2899 585 3214 644 θάλπουσιν.
3258 592 3320 645 Εἰ
3345 594 3454 664 γὰρ
3481 597 3511 649 ό
3561 597 3662 666 μὲν
3699 573 3843 659 fit:

583 667 687 723 bus
718 669 789 722 ita
819 668 1036 733 docent,
1071 667 1502 722 subministrant.
1527 663 1660 719 Nam
1688 666 1731 719 si
1760 665 1925 720 Filius
1955 682 2017 720 ex
2046 666 2150 720 Pa-

2249 670 2313 760 εκ
2343 671 2438 760 τοῦ
2463 674 2682 760 ΔΠιιτρὸις
2705 677 2792 730 διὰ
2820 681 3124 748 γεννήσεως
3157 683 3394 753 πρόεισι·
3417 663 3478 740 τὸ
3507 663 3750 760 Πνεῦμα
3777 691 3841 743 δὲ

510 823 512 825 _
585 769 668 815 tre
721 761 835 814 exit
863 776 961 829 per
997 760 1424 830 generationem,
1475 757 1710 828 Spiritus
1744 773 1870 811 vero
1898 774 1964 812 ex
2015 757 2107 811 Fili

2249 757 2314 808 ὲκ
2339 757 2432 809 τοῦ
2463 758 2593 812 Υἱοῦ
2621 762 2688 814 δι’
2717 763 3120 835 ἑκπορεύσεως.
3157 773 3238 833 εἰς
3267 773 3462 827 υἱωνοῦ
3485 777 3638 842 τάξιν
3658 757 3842 849 στερι-

511 843 516 853 ’
583 867 683 920 per
728 849 1130 919 processionem
1163 849 1396 910 exsistit,
1439 849 1600 918 plane
1657 848 1710 902 in
1741 850 1954 918 nepotis
1998 850 2108 904 ordi

2251 849 2523 919 στήσεται·
2554 853 2647 906 καὶ
2671 853 2786 917 πῶς
2827 857 2895 908 ἂν
2935 857 3022 928 εῐη
3057 859 3218 914 τοῦτο
3255 865 3488 934 φορητὸν
3516 872 3631 930 τοῖς
3663 870 3844 922 εὐσε-

583 957 707 994 nem
739 941 1012 995 transibit.
1055 941 1107 995 Id
1141 957 1270 995 vero
1309 956 1414 1010 qua
1443 942 1650 996 ratione
1680 941 1982 1006 ferendum,
2026 943 2146 1011 qui-

2249 939 2363 992 ϐεἶν
2403 944 2644 1014 σπουδὴν
2669 949 3039 1016 ποιουμένοις,
3088 951 3186 1004 καὶ
3216 955 3296 1023 τῷ
3325 955 3433 1008 τῶν
3474 959 3845 1028 Χριστιανῶν

582 1030 687 1086 bus
722 1046 866 1084 cura;
895 1031 964 1084 sit
995 1039 1052 1083 ut
1090 1031 1346 1099 pietatem
1393 1031 1591 1093 colant,
1626 1041 1681 1083 et
1716 1029 2148 1084 Christianorum

2248 1033 2535 1105 καταλόγῳ
2585 1039 3072 1108 συνεξετάζεσθσι;
3123 1044 3156 1114 ἢ
3204 1046 3322 1110 πῶς
3355 1050 3448 1100 ἐπὶ
3480 1052 3616 1104 πολὺ
3675 1072 3838 1126 παρ-

580 1135 810 1174 numero
831 1115 1154 1173 censeantur
1177 1120 1199 1172 ?
1221 1129 1313 1174 aut
1331 1120 1604 1188 quomodo
1621 1120 1823 1174 diutius
1842 1120 2148 1190 neglectum

2248 1125 2522 1194 ορώμενον
2547 1129 2935 1196 ἀνεξέλεγκτον
2952 1135 3010 1186 ού
3027 1135 3364 1202 συνιλκύσει,
3394 1142 3518 1204 τοὺς
3549 1143 3842 1210 σιγῶντας

580 1223 650 1262 ne
681 1217 958 1278 arguatur,
994 1225 1102 1263 non
1132 1226 1225 1262 eos
1249 1210 1338 1278 qui
1367 1209 1550 1273 silent,
1583 1210 1675 1264 Dei
1709 1218 1888 1265 tamen
1923 1224 2149 1264 munere
2175 1205 2177 1210 ’

2251 1217 2371 1284 μὲν,
2398 1217 2488 1270 νοῦ
2519 1219 2574 1271 δὲ
2605 1222 2670 1273 ἐκ
2694 1223 2829 1275 Θεοῦ
2864 1226 2958 1276 καὶ
2987 1229 3226 1297 χαρίτων
3253 1230 3547 1303 διελέγχειν
3576 1204 3841 1290 ἀπολιαύζ

581 1317 746 1356 sensu
787 1303 994 1371 przcditi
1027 1313 1345 1373 suntatque
1383 1305 1571 1375 gratiis
1605 1305 1672 1358 ad
1706 1304 2062 1374 arguendum,
2093 1305 2147 1356 in

2124 1318 2147 1356 ιι
2250 1321 2466 1373 σαντας,
2498 1312 2578 1373 εἰς
2599 1312 2698 1382 τὴν
2725 1313 2834 1367 τῶν
2863 1315 3372 1390 βλασφημησάντων
3397 1326 3721 1395 ἀπώλειανς

583 1396 884 1464 paremJiis
914 1397 1005 1465 qui
1034 1397 1434 1466 blasphemant,
1479 1399 1658 1452 trahet
1687 1397 1962 1451 interitum
1988 1396 2011 1448 ?

654 1485 721 1539 Χ.
765 1486 847 1539 Tu
878 1502 1008 1540 vero
1031 1489 1185 1552 mihi,
1219 1504 1498 1542 sacrorum
1536 1487 1813 1541 hominum
1847 1486 2149 1541 sacratissi-

2319 1487 2376 1541 l'.
2421 1490 2493 1541 Σὺ
2519 1489 2575 1542 δέ
2601 1509 2690 1560 μοι
2741 1494 2947 1563 ἀνδρῶν
2981 1497 3142 1568 ἱερῶν
3181 1501 3464 1572 ἱερώτατε,
3505 1506 3606 1560 καὶ
3656 1508 3839 1562 τοῦτο

581 1591 689 1638 me,
721 1575 867 1644 quod
895 1591 958 1629 ex
991 1575 1206 1629 illorum
1234 1577 1470 1630 absurda
1518 1577 1773 1646 opinione
1808 1576 2035 1643 emergit
2066 1575 2149 1628 in-

2247 1577 2344 1647 τῆς
2378 1580 2556 1634 αὐτῶν
2599 1586 2801 1638 ἀτόπου
2841 1587 2999 1660 δόξης
3041 1591 3414 1663 ἀναφυόμενον
3458 1598 3650 1663 αὐτοῖς
3699 1604 3838 1655 ἐπι-

579 1666 949 1731 commodum,
981 1667 1059 1720 eis
1087 1668 1284 1735 objice.
1317 1668 1374 1720 Si
1405 1667 1548 1721 enim
1578 1667 1740 1721 etiam
1770 1666 2002 1736 Spiritus
2027 1683 2150 1734 pro-

2248 1669 2480 1726 δείκνυε.
2517 1673 2579 1726 Εἰ
2622 1677 2729 1746 γὰρ
2760 1681 2824 1748 τῇ
2856 1681 2948 1733 τοῦ
2990 1683 3121 1736 Υἱοῦ
3167 1688 3417 1757 γεννήσει
3455 1691 3837 1762 ἐκπορεύεται

580 1759 727 1814 cedit
757 1759 874 1812 Filii
909 1759 1284 1830 generatione.
1311 1775 1372 1813 ac
1404 1759 1562 1814 simul
1581 1760 1716 1812 alter
1743 1759 1959 1826 quidem
1983 1758 2150 1829 gigni-

2249 1763 2343 1815 καὶ
2370 1766 2431 1817 τὸ
2460 1767 2701 1838 Πνεῦμα·
2735 1772 2829 1824 καὶ
2860 1773 2975 1842 ἅμα
3002 1777 3030 1828 ό
3064 1777 3186 1846 μὲν,
3213 1782 3489 1845 γεννᾶται·
3519 1758 3694 1850 τὸήδὲ,
3737 1787 3836 1840 τοῦ

582 1858 671 1908 tur
703 1868 717 1915 ;
769 1826 1080 1905 alter'vero
1120 1867 1184 1904 ex
1220 1866 1284 1905 eo
1323 1853 1586 1921 procedit,
1619 1851 1711 1920 qui
1743 1851 1996 1922 gignitur,
2051 1866 2145 1905 seu

2250 1857 2587 1926 γεννωμένου
2609 1826 3001 1929 ’ἐκπορεύεταμ
3023 1826 3186 1920 οὑδὲνν
3197 1826 3416 1924 ἔλαττον
3441 1873 3536 1926 τοῦ
3566 1826 3704 1928 Titi-:3

582 1942 867 2007 nascitur;
901 1943 1038 1996 nihil
1072 1943 1254 1997 minus
1283 1944 1444 1997 etiam
1485 1942 1738 2012 Spiritus,
1767 1960 1926 2014 quam
1957 1944 2144 2005 Filius.

2246 1945 2306 2038 τὸ
2337 1948 2560 2017 Πνεῦμα
2601 1951 2668 2005 ἂν
2703 1955 2788 2024 εἴη
2821 1956 2885 2008 ὲκ
2919 1957 3013 2010 τοῦ
3048 1959 3258 2030 Πατρὸς
3285 1965 3386 2032 τὴν
3416 1967 3649 2038 πρόοδον
3685 1969 3834 2038 λαμ-

580 2049 644 2088 ex
677 2034 834 2088 Patre
867 2035 1134 2106 gignendo
1163 2036 1434 2105 procedet,
1478 2036 1909 2106 quandoquidem
1929 2046 2148 2108 generat

2247 2037 2408 2093 δάνον
2447 2042 2533 2094 διὰ
2559 2047 2893 2114 γεννήσεως·
2939 2047 3098 2120 εἴπερ
3128 2055 3291 2124 γεννᾷ
3322 2058 3420 2124 μὲν
3508 2058 3706 2130 Πατὴρ
3739 2034 3838 2114 τον

580 2127 778 2181 Filium
837 2126 1032 2193 Pater;
1067 2127 1302 2196 Spiritus
1341 2144 1469 2181 vero
1503 2144 1608 2181 una
1634 2144 1757 2183 cum
1780 2128 1914 2183 Filio
1962 2145 2149 2198 proce-

2249 2130 2396 2196 Υἱὺν,
2449 2133 2508 2186 τὸ
2543 2136 2766 2207 Πνεῦμα
2791 2139 2847 2192 δὲ
2879 2141 2956 2210 τῷ
2987 2143 3101 2213 Υἱῷ
3127 2143 3216 2198 διὰ
3239 2147 3540 2217 γεννήσεως
3573 2126 3835 2218 προῖόντι

577 2220 744 2273 dente
773 2235 870 2287 per
901 2220 1324 2288 generationem,
1364 2220 1628 2288 procedit.
1659 2219 1752 2273 Sin
1788 2231 1967 2275 autem
2003 2220 2146 2274 aliud

2249 2223 2627 2292 συμπρόεισιν.
2675 2228 2736 2280 Εἰ
2785 2228 2884 2297 μὲν
2912 2231 3020 2298 γὰρ
3053 2231 3214 2295 ἄλλος
3261 2235 3441 2296 αὑτοῖς
3488 2237 3683 2307 καιρὸς
3737 2238 3837 2290 τὸν

577 2311 660 2366 eis
713 2322 923 2380 tempus
955 2310 1148 2364 Filium
1193 2327 1256 2364 ex
1287 2313 1450 2365 Patre
1479 2312 1748 2383 gignendo
1797 2313 2145 2382 cogitandum

2247 2312 2374 2364 Υἱὸν
2398 2315 2462 2367 ὲκ
2490 2315 2585 2368 τοῦ
2613 2319 2821 2390 Πατρὸς
2851 2321 3141 2377 ὑποϐάλλει
3173 2328 3240 2396 τῇ
3268 2328 3538 2395 γεννήσει,
3574 2329 3745 2392 ἄλλος
3775 2331 3838 2384 δὲ

578 2405 800 2474 ingerit,
832 2404 982 2458 aliud
1013 2420 1142 2457 vero
1173 2402 1433 2474 Spiritum
1482 2421 1550 2459 ex
1575 2406 1714 2460 Filio
1743 2408 2034 2476 procedere
2064 2407 2145 2460 la-

2245 2406 2306 2459 τὸ
2346 2407 2570 2479 Πνεῦμα
2613 2412 2677 2464 ὲκ
2719 2413 2815 2466 τοῦ
2863 2413 2992 2468 Υἱοῦ
3031 2419 3177 2469 ποιεῖ
3207 2420 3610 2488 ἐκπορεύεσθαι
3643 2425 3839 2492 (τάχα

577 2495 652 2550 cit
687 2496 933 2566 (forsitan
965 2496 1108 2550 enim
1159 2497 1337 2566 ipsum
1365 2498 1467 2551 hoc
1491 2498 1659 2568 pressi
1687 2498 1998 2554 dillicultate
2031 2498 2147 2552 lin-

2245 2498 2352 2569 γὰρ
2371 2502 2637 2555 καὶτοῦτο
2658 2505 3106 2576 συνελαυνόμενοι
3119 2510 3571 2582 ἀναπλάσσουσι,)
3599 2515 3837 2578 πάντως

578 2592 752 2660 gent),
788 2604 1013 2658 prorsus
1048 2605 1268 2644 necesse
1302 2590 1404 2644 erit
1432 2600 1492 2644 ut
1537 2589 1790 2660 Spiritum
1817 2591 1935 2645 Filii
1980 2607 2144 2662 gene-

2245 2594 2306 2645 τὸ
2336 2579 2562 2665 Πνεῦμα
2593 2595 2854 2668 νεώτερον
2885 2599 2986 2668 τῆς
3016 2601 3112 2655 τοῦ
3148 2603 3278 2656 Υἰοῦ
3310 2579 3616 2677 γεννήσεως
3645 2608 3834 2676 ἀναγ-

577 2678 790 2732 ratione
821 2678 1200 2748 posteriorem,
1228 2678 1424 2747 illoque
1455 2679 1726 2748 juniorem
1764 2690 2024 2735 statuant.
2049 2682 2144 2735 Sin

2244 2684 2389 2756 κὰσῃ
2428 2686 2860 2756 ὑποστήσασθαι.
2903 2692 2967 2744 Ει
2995 2692 3052 2757 δὲ
3082 2693 3286 2766 ταύτης
3335 2697 3433 2766 τῆς
3478 2700 3837 2767 περιφανοῦς

578 2778 762 2824 autem
787 2768 1090 2822 manifesta:
1124 2768 1286 2835 hujus
1311 2768 1602 2839 impietatis
1630 2770 1925 2840 periculum
1946 2772 2144 2826 subve-

2245 2774 2541 2844 θεομαχίας
2567 2777 2658 2828 τὸν
2687 2777 2928 2831 κίνδυνον
2950 2779 3262 2851 ὑφορῶντες
3283 2783 3708 2851 ἀποστήσονται,
3747 2790 3835 2848 εἰς

579 2872 766 2916 rentes
812 2861 1132 2926 resilierint,
1167 2862 1354 2931 procul
1403 2862 1569 2916 dubio
1594 2861 1856 2927 Spiritum
1903 2865 2142 2936 genitum

2242 2866 2304 2920 τὸ
2339 2867 2597 2938 γεννητὸν
2627 2868 2910 2939 ὁμολογεῖν
2949 2871 3013 2925 τὸ
3049 2871 3275 2944 Πνεῦμα
3311 2875 3537 2938 ἑαυτοὺς
3589 2880 3835 2930 συνελά-

577 2969 701 3009 esse
732 2953 884 3008 fateri
923 2965 1205 3024 cogentur.

850 2954 884 3007 ri
923 2965 1205 3024 cogentur.
2245 2973 2447 3010 σουσιν.

655 3043 745 3096 χι.
783 3043 961 3098 Audio
991 3053 1171 3098 autem
1211 3043 1344 3098 istos
1379 3044 1636 3099 adversus
1677 3042 1900 3099 Paulum
1924 3045 2140 3110 audere,

2315 3049 2418 3102 ΙΝ.
2456 3049 2666 3104 Ἀκούω
2697 3051 2755 3105 δὲ
2784 3052 3009 3118 τούτους
3035 3054 3467 3127 θρασυνομένους
3494 3059 3641 3112 κατά
3666 3061 3839 3113 Παύ-

577 3133 930 3203 divinumque
976 3150 1101 3188 cum
1132 3135 1309 3188 virum
1342 3145 1530 3189 contra
1573 3150 1916 3189 communem
1960 3135 2139 3192 Domi-
2169 3179 2174 3209 ,

2244 3139 2338 3194 λου
2365 3142 2460 3194 καὶ
2489 3143 2632 3196 κατὰ
2656 3143 2762 3213 ζτοῦ
2791 3144 2974 3198 κοινοῦ
3014 3148 3284 3201 Δεσπότου
3326 3150 3420 3202 καὶ
3455 3150 3794 3206 διδασκάλου
3815 3194 3835 3218 ,

578 3243 710 3281 num
763 3243 826 3282 ac
852 3229 1192 3297 magistratu,
1221 3229 1442 3284 haeresis
1461 3245 1571 3284 sua:
1595 3231 1950 3299 patrocinium
1993 3231 2144 3300 obje-

2243 3233 2335 3285 τὸν
2372 3233 2514 3286 θεῖον
2559 3235 2768 3288 Παῦλον
2799 3237 2878 3299 εἰς
2927 3239 3256 3310 συνηγορίαν
3296 3241 3397 3310 τῆς
3439 3243 3650 3304 οἰκείας
3680 3261 3837 3314 προ-

578 3328 749 3374 ctare.
783 3319 949 3374 Aiunt
969 3321 1115 3374 enim
1145 3321 1367 3386 dixisse,
1391 3321 1529 3375 Misit
1559 3321 1695 3375 Deus
1717 3321 1972 3390 Spiritum
2014 3321 2143 3376 Filii

2245 3324 2608 3396 ϐαλλομένους
2643 3327 2930 3398 αἱρέσεως.
2976 3329 3402 3393 Ἐξαπέστειλε
3442 3334 3547 3404 γὰρ
3574 3374 3591 3399 ,
3627 3338 3833 3402 φασὶν,

575 3411 681 3472 sui,
722 3411 1039 3465 clamantem
1079 3413 1136 3465 in
1170 3412 1410 3466 cordibus
1442 3414 1651 3478 nostris,
1687 3414 1853 3480 Abba,
1887 3416 2050 3468 Pater
2075 3416 2140 3470 ³³.

2245 3413 2432 3484 εἶπεν,
2467 3421 2500 3473 ὀ
2529 3419 2672 3484 Θεὸς
2697 3419 2762 3473 τὸ
2791 3421 3032 3490 Πνεῦμα
3054 3422 3162 3476 τοῦ
3217 3424 3350 3477 Υιοῦ
3380 3426 3564 3479 αὐτοῦ
3599 3427 3839 3493 κράζω-

579 3503 686 3559 Sed
718 3504 815 3569 illi,
845 3506 943 3585 qui
966 3506 1142 3560 verbis
1172 3505 1290 3560 istis
1320 3506 1558 3576 Apostoli
1597 3523 1748 3561 suam
1788 3523 1846 3562 se
1878 3508 2142 3562 inscitiam

2245 3509 2316 3561 ἐν
2341 3507 2470 3574 ταῖς
2498 3508 2763 3576 καρδίαις
2789 3508 2976 3578 ἡμῶν,
2995 3510 3162 3567 Ἀϐϐᾶ
3193 3515 3227 3566 ὀ
3255 3513 3456 3581 Πατήρ
3480 3530 3495 3544 ·
3515 3514 3638 3568 ἀλλ’
3667 3517 3734 3569 οἵ
3765 3534 3837 3585 γε

576 3596 900 3651 conlirmare
932 3580 1287 3659 'existimant,
1324 3597 1453 3651 illud
1495 3600 1766 3661 noverint,
1793 3599 1990 3668 quibus
2039 3600 2142 3654 sibi

2244 3599 2402 3653 τοῦτο
2436 3600 2495 3652 τὸ
2526 3601 2692 3671 ῥητὸν
2723 3603 2821 3672 τὴν
2855 3603 3063 3657 οἰκείαν
3113 3580 3424 3674 κρατύνειν
3449 3606 3696 3675 ἀμαθίαν

574 3687 675 3744 niti
727 3688 982 3742 videntur
1011 3688 1249 3756 Apostoli
1282 3690 1586 3754 sententiis,
1620 3689 1808 3743 iisdem
1835 3690 2003 3761 magis
2055 3705 2142 3746 er-

2250 3689 2516 3759 μίζοντες,
2547 3694 2724 3745 ἐκεῖνο
2751 3695 3190 3761 γινωσκέτωσαν,
3227 3697 3302 3760 ὼς
3339 3700 3398 3751 ὲν
3433 3695 3533 3763 οἷς,
3570 3699 3688 3763 τοῖς
3726 3703 3834 3755 τοῦ

573 3788 698 3828 rare
740 3775 887 3843 ipsos
917 3775 1088 3844 argui.
1123 3772 1242 3829 Non
1264 3776 1409 3830 enim
1438 3792 1521 3842 ea,
1563 3794 1683 3847 qua:
1716 3779 1915 3833 Paulus
1962 3781 2141 3844 docet,

2247 3783 2460 3836 Παύλου
2495 3785 2678 3854 ῥητοῖς
2719 3784 3192 3856 ὑπολαμϐάνουσιν
3239 3789 3652 3860 ὲπερείδεσθαι,
3687 3795 3836 3849 ἑαυ-

573 3881 640 3919 ac
670 3866 948 3934 przedicat,
980 3866 1110 3919 vitio
1139 3867 1402 3920 vertimus
1436 3886 1449 3920 :
1487 3869 1580 3923 sed
1609 3886 1711 3938 qua
1741 3870 1953 3925 divinas
1999 3871 2143 3927 illius

2242 3877 2368 3938 τοὺς
2421 3875 2620 3945 μᾶλλον
2668 3877 3084 3946 ἁμαρτάνοντας
3128 3879 3518 3952 ἐξελέγχουσιν.
3575 3887 3657 3939 Οὑ
3711 3891 3835 3957 γὰρ

573 3972 738 4012 voces
759 3958 1076 4026 depravant,
1115 3960 1586 4027 reprehendimus.
1622 3961 1688 4016 Et
1719 3963 1973 4031 quoniam
2022 3981 2142 4035 qu:e

2242 3968 2437 4030 αὐτοὺς
2473 3970 2530 4020 ὲν
2561 3963 2642 4032 οἷς
2687 3968 2950 4040 κηρύσσει
2996 3971 3207 4035 Παῦλος
3258 3976 3624 4046 μεμφόμεθα·
3675 3981 3839 4037 ἀλλα

575 4060 680 4099 nec
707 4045 844 4098 dixit
873 4061 1106 4114 unquam
1141 4047 1244 4109 ille,
1273 4064 1375 4101 nec
1409 4057 1467 4101 ut
1500 4048 1708 4104 diceret
1737 4049 1787 4104 ei
1821 4051 1873 4104 in
1903 4063 2138 4107 mentem

2241 4057 2309 4110 δι’
2336 4051 2412 4110 ὧν
2439 4058 2539 4120 τὰς
2568 4058 2778 4110 ἐκείνου
2813 4058 3202 4125 θεοπνεύστους
3229 4065 3412 4131 φωνὰς
3445 4045 3833 4140 παραχαράξ-

574 4137 743 4200 venit,
796 4137 862 4190 ad
906 4137 1022 4204 ejus
1047 4138 1372 4191 calumniam
1425 4139 1766 4209 impudenter
1815 4142 2137 4198 adducunt:

2245 4167 2427 4203 σουσιν
2453 4149 2776 4219 αἰτιώμεθα·
2804 4153 2896 4204 καὶ
2923 4142 3164 4222 διότιπερ
3192 4154 3228 4208 ἃ
3255 4156 3392 4226 μήτε
3417 4155 3568 4211 εἶπεν
3603 4137 3831 4227 Ῠαύτδις,

571 4243 749 4296 eaque
800 4227 1008 4281 ratione
1054 4229 1256 4298 justam
1299 4228 1351 4282 in
1397 4229 1603 4298 seipsos
1657 4231 2142 4301 deprehenduntur

2246 4244 2385 4312 μήτε
2419 4243 2550 4294 ποτε
2584 4244 2900 4313 ἐνενόησεν,
2936 4246 3016 4307 εἰς
3068 4250 3401 4319 κατηγορίαν
3446 4251 3616 4306 αὑτοῦ
3662 4259 3835 4310 ἀναι-

575 4320 718 4374 ferre
767 4319 1131 4374 damnationis
1191 4321 1535 4375 sententiam.
1581 4322 1694 4375 Filii
1753 4323 1918 4394 igitur
1971 4324 2141 4395 Spiri-

2243 4339 2530 4408 σχυντοῦσι
2558 4339 2911 4410 προκομίζειν
2929 4356 2941 4368 ·
2967 4340 3053 4394 διὰ
3075 4341 3232 4395 τοῦτο
3257 4344 3472 4399 δικαίαν
3500 4348 3658 4404 αὑτοὶ
3687 4355 3830 4407 καθ’

577 4421 690 4466 tum
732 4411 814 4464 vir
869 4411 953 4465 ille
985 4411 1124 4466 coelo
1154 4413 1426 4478 sublimis,
1481 4429 1508 4465 a
1542 4413 1700 4468 Patre
1739 4416 1966 4469 missum
2021 4432 2140 4471 esse

2243 4430 2451 4484 ἑαυτῶν
2482 4431 2789 4484 ἁλίσκονται
2819 4432 2917 4502 τὴν
2949 4433 3292 4501 κατάγνωσιν
3323 4439 3705 4510 ἐπιφέροντες.
3749 4448 3835 4500 Τὸ

567 4504 728 4560 dixit.
778 4503 950 4558 Dicito
977 4513 1031 4558 et
1078 4513 1132 4558 tu
1165 4506 1410 4559 eamdem
1435 4521 1500 4560 ac
1541 4505 1739 4562 Paulus
1771 4525 1979 4563 vocem.
2047 4511 2140 4565 Est

2246 4523 2468 4593 Πνεῦμα
2494 4524 2672 4578 τοίνυν
2696 4525 2790 4578 τοῦ
2819 4500 2949 4578 Υἷοῦ
2971 4527 2998 4579 ό
3031 4527 3323 4597 μετάρσιος
3349 4500 3638 4601 ἄνθρωπος
3661 4500 3831 4604 γει

568 4597 715 4652 enim
745 4596 860 4651 Filii
888 4598 1154 4667 Spiritus;
1181 4614 1305 4653 nam
1342 4615 1441 4654 nec
1467 4601 1694 4668 alienus,
1717 4617 1818 4657 nec
1846 4606 2139 4675 pugnantia

2244 4617 2578 4671 ἀπεστάλθαι
2609 4618 2761 4689 παρά
2797 4617 2889 4672 τοῦ
2923 4620 3155 4688 Πατρός·
3179 4596 3329 4690 λέγε
3363 4596 3462 4676 καί
3489 4625 3553 4678 σὺ
3585 4629 3691 4698 τὴν
3723 4596 3835 4683 αὺ-

569 4688 828 4759 loquitur,
860 4698 955 4742 aut
978 4690 1027 4742 ei
1053 4691 1322 4743 contraria
1346 4691 1558 4746 sancire
1587 4693 1736 4747 visus
1762 4702 1845 4746 est
1865 4711 2133 4765 unquam:

2241 4707 2341 4778 τὴν
2389 4708 2468 4778 τῷ
2515 4688 2712 4778 Παύλῳ
2761 4711 2963 4780 φωνήν.
3006 4711 3161 4763 Ἔστι
3201 4688 3310 4783 γὰρ
3342 4713 3402 4767 τὺ
3440 4688 3666 4788 Πνεῦμα
3722 4724 3830 4775 ταῦ

565 4783 662 4837 sed
689 4782 814 4851 quia
842 4781 982 4836 sicut
1004 4782 1244 4850 ejusdem
1275 4783 1526 4837 essentite
1555 4799 1616 4838 ac
1650 4786 1865 4840 virtutis
1895 4797 2040 4851 sunt,
2065 4789 2137 4844 ita

2241 4799 2407 4864 Υἰοῦ,
2457 4801 2580 4852 ἐπεὶ
2612 4800 2733 4870 μηδ’
2780 4801 3092 4871 ἀλλότριον,
3146 4781 3829 4882 μηδ’ήάντιφθεγίσάμενον

564 4875 811 4943 ejusdem
859 4889 1072 4944 quoque
1123 4873 1335 4928 consilii
1367 4891 1430 4929 ac
1467 4876 1784 4940 voluntatis,
1833 4880 2135 4950 eodemque

2241 4893 2414 4963 αὐτῷ,
2467 4893 2590 4962 μηδ’
2641 4891 3088 4961 ἁντινομοθετοῦν
3143 4893 3298 4964 ὤφθη
3357 4873 3512 4950 ποτε·
3548 4873 3680 4955 ’ἀλλ’
3735 4908 3831 4962 ὅτι

567 4965 816 5019 similiter
838 4967 998 5020 modo
1021 4967 1085 5020 ad
1113 4983 1278 5020 unum
1310 4968 1621 5022 referuntur
1652 4971 1778 5040 (qua
1821 4971 1955 5026 alter
1976 4982 2135 5027 natus

2239 4982 2428 5051 ὥσπερ
2463 4984 2562 5050 τῆς
2599 4982 2768 5050 αὑτῆς
2811 4981 2996 5045 οὑσίας
3031 4983 3126 5035 καὶ
3178 4983 3490 5056 δυνάμεως⁹
3538 4991 3687 5046 οὕτω
3726 5003 3830 5050 καὶ

567 5064 672 5120 est,
703 5058 838 5112 alter
867 5059 1174 5128 processit).
1218 5058 1335 5113 Filii
1369 5060 1627 5130 Spiritum
1675 5065 2028 5132 nuncupavit.
2057 5065 2133 5119 lta

2238 5075 2341 5143 τῆς
2391 5075 2559 5143 αὐτῆς
2619 5073 2814 5144 βουλῆς
2869 5075 2963 5127 καὶ
3019 5075 3281 5145 γνώμης,
3342 5081 3436 5132 καὶ
3483 5083 3583 5152 τῆς
3639 5089 3829 5159 agn—ﬁ;

569 5147 623 5200 hi
650 5165 865 5218 quoque
891 5151 1183 5219 loquantur
1217 5169 1230 5205 :
1279 5152 1567 5222 nullusque
1612 5153 1717 5207 erit
1741 5155 1830 5223 qui
1865 5155 2134 5211 ὴτενοεεοε

2238 5166 2436 5237 ὁμοίως
2467 5167 2601 5236 πρὸς
2633 5166 2692 5218 τὸ
2719 5165 2798 5219 ἓν·
2831 5165 2888 5232 ἐξ
2915 5159 2998 5233 οῦ,
3031 5167 3090 5219 τὸ
3121 5169 3240 5237 μὲν,
3267 5147 3609 5241 γεγέννητᾲ-
3640 5181 3703 5230 τὸ

569 5241 864 5294 insimulet.
892 5240 1008 5294 Non
1041 5242 1197 5305 dixit,
1234 5242 1470 5297 Procedit
1503 5263 1535 5297 a
1577 5243 1713 5298 Filio
1745 5261 1766 5299 :
1796 5248 1938 5316 quod
1967 5248 2010 5301 si
2041 5250 2132 5318 qui

2237 5254 2591 5326 ὲξεπορεύθη,
2624 5256 2978 5321 συννεύσεως,
3014 5254 3168 5311 εἶπεν
3197 5255 3334 5314 εἶναι
3365 5264 3427 5315 τὸ
3461 5266 3683 5338 Πνεῦμα
3713 5273 3824 5324 τοῦ

567 5329 910 5393 dicant,eum
944 5328 1089 5383 Pauli
1117 5331 1372 5386 doctrinm
1408 5333 1589 5402 injurii
1615 5343 1760 5400 sunt,
1791 5347 1901 5390 tum
1927 5353 1985 5392 se
2013 5339 2132 5408 opi-

2239 5345 2388 5398 Υἱοῦ.
2419 5345 2574 5398 Οῦτω
2596 5348 2837 5400 κάκεῖνοι
2865 5348 3192 5417 λεγέτωσαν·
3223 5353 3397 5417 οὐδεὶς
3422 5356 3619 5422 αὑτοὺς
3651 5363 3822 5430 αἰρέ-

563 5422 745 5475 nionis
779 5423 1044 5476 haereticae
1067 5439 1186 5478 reos
1214 5424 1569 5478 constituunt.
1605 5424 1698 5480 Sin
1722 5438 1901 5482 autem
1930 5430 2131 5487 idcirco

2238 5454 2374 5500 σεως
2403 5439 2430 5490 ὁ
2463 5439 2827 5508 γραφόμενος.
2859 5441 2972 5493 υὺκ
3006 5438 3158 5495 εἶπεν
3179 5483 3194 5508 ,
3242 5445 3658 5515 Ἐκπορεύεται
3693 5458 3823 5508 τοῦ

561 5514 706 5584 quod
747 5513 946 5568 dicitur
991 5512 1220 5583 Spiritus
1258 5513 1412 5579 Filii,
1447 5518 1608 5570 etiam
1659 5521 1953 5594 procedere
2003 5538 2128 5578 eum

2244 5529 2410 5582 Υὶοῦ·
2444 5528 2508 5581 ἂν
2538 5529 2697 5581 τοῦτό
2728 5548 2870 5594 τινες
2915 5527 3146 5600 λέγωσι,
3180 5535 3275 5588 καὶ
3319 5537 3418 5605 τὴν
3463 5539 3678 5592 Παύλου
3723 5546 3817 5595 δι-

562 5605 910 5669 existimant,
945 5605 1159 5660 Patrem
1189 5622 1404 5676 quoque
1452 5623 1517 5663 ex
1542 5608 1676 5663 Filio
1708 5611 1999 5680 procedere
2029 5613 2126 5668 do-

2232 5617 2527 5673 δασκαλίαν
2573 5619 2854 5691 ὑϐρίζουσι
2882 5664 2897 5689 ,
2943 5625 3036 5678 καὶ
3077 5624 3237 5695 δόξης
3274 5627 3558 5698 αἱρετικῆς
3600 5633 3817 5703 αὐτοὺς

632 5803 676 5833 ³³
703 5803 820 5858 Gal.
855 5821 928 5871 tv,
960 5806 1014 5860 6.
