4044 6444
209 420 320 484 805

1354 414 1893 479 EPISTOLARUM
1923 414 2156 476 LIBER
2192 414 2245 475 Ι.

3334 416 3440 481 806

206 530 428 597 ἐνόχους
454 525 810 582 δεικνύουσιν.
863 526 929 582 El
960 526 1008 581 δ’
1039 527 1123 580 ὅτι
1166 525 1386 594 λέγεται
1416 525 1484 579 τὸ
1530 525 1774 595 Πνεῦμα

1893 525 2094 580 :ebunt.
2146 525 2358 595 Ubique
2392 524 2536 579 enim
2587 524 2743 580 Pater
2789 524 2910 581 Filii
2942 527 3440 596 dicitur;multos-

204 617 319 670 τοῦ
359 615 496 670 Υίοῦ
515 656 531 680 ,
560 615 650 668 διὰ
683 614 843 668 τοῦτο
867 614 1226 685 φαντάζονται
1264 614 1360 667 καὶ
1385 615 1447 668 τὸ
1474 615 1778 684 ἐκπορεύε-

209 707 375 761 σθαι·
421 708 515 760 καὶ
554 707 646 760 τὸν
675 707 893 778 Πατέρα
921 706 1014 760 τοῦ
1058 705 1192 760 Υἱοῦ
1232 705 1653 776 δογματίσουσιν
1687 705 1779 756 ὲκ-

210 798 566 870 πορεύεσοαι.
609 800 841 868 Λέγεται
881 798 990 869 γὰρ
1044 798 1074 850 ὁ
1122 799 1311 869 Πατὴρ
1359 795 1636 867 πανταχοῦ
1683 795 1778 849 τοῦ

211 888 373 942 Υίοῦ.
417 889 529 944 Καὶ
562 889 793 952 πολλοὺς
824 888 870 942 δ’
901 890 968 942 ἂν
997 887 1047 941 οἱ
1082 887 1314 940 τοιοῦτοι
1343 886 1642 957 προϐολέας
1686 884 1780 939 καὶ

211 980 366 1034 αἴτια
391 979 484 1034 τοῦ
515 981 828 1049 Πνεύματος
852 980 1266 1050 ὑποστήσονται.
1299 979 1532 1046 Λέγεται
1553 979 1662 1047 γὰρ
1692 977 1780 1030 οὑ-

211 1068 302 1121 δὲν
325 1070 575 1133 ἔλαττον,
602 1070 696 1122 καὶ
723 1070 914 1138 σοφίας
953 1069 1194 1140 Πνεῦμα,
1227 1069 1325 1123 καὶ
1366 1070 1641 1137 γνώσεως,
1686 1067 1782 1120 καὶ

213 1161 522 1232 δυνάμεως,
569 1163 663 1215 καὶ
709 1163 969 1215 τοιούτων
1006 1161 1326 1234 θεοπρεπῶν
1359 1162 1552 1216 ἄλλων.
1584 1163 1648 1215 Εί
1686 1157 1781 1214 οὖν

213 1255 349 1306 διότι
395 1256 598 1308 τούτων
629 1255 688 1306 τὸ
728 1255 952 1325 Πνεῦμα
995 1255 1212 1322 λέγεται
1238 1292 1253 1318 ,
1282 1254 1369 1307 διὰ
1399 1253 1559 1308 τοῦτο
1588 1254 1682 1307 καὶ
1721 1253 1782 1319 ἐξ

215 1347 402 1400 αὐτῶν
449 1346 771 1400 ἀπαιτοῦσιν
814 1347 1230 1419 ἐκπορεύεσθαι,
1261 1347 1395 1418 όρᾷν
1432 1346 1578 1399 ἔστιν
1604 1345 1784 1398 αὐτῶν

215 1441 280 1494 τὸ
314 1440 476 1508 σοφὸν
500 1442 599 1510 τῆς
623 1441 884 1506 ἐπινοίας,
909 1443 988 1500 εἰς
1013 1435 1122 1493 οἷον
1154 1440 1425 1512 βάραθρον
1449 1438 1658 1508 πλάνης
1686 1437 1786 1490 αὐ·-

216 1531 348 1594 τοὺς
375 1532 804 1602 κατακρημνίζει
831 1531 927 1585 καὶ
957 1531 1266 1602 ἀποπλανᾷ.

293 1620 394 1676 IB'.
423 1621 625 1692 Ἐτέρῳ
649 1621 706 1674 δὲ
730 1621 918 1691 τρόπῳ
948 1621 1109 1674 πάλιν
1133 1619 1321 1689 ἕτερον
1346 1618 1661 1690 βλάσφημον
1684 1617 1785 1688 τῆς

221 1713 405 1765 αὐτῶν
433 1714 625 1783 ὁρᾶται
647 1713 802 1782 δόξης
839 1713 1232 1782 ἀναφυόμενον.
1265 1712 1328 1765 Εἰ
1361 1712 1466 1784 γὰρ
1487 1711 1785 1780 ἐκπορεύε-

220 1820 314 1856 ται
355 1804 452 1872 μὲν
488 1803 548 1856 τὸ
575 1803 795 1873 Πνεῦμα
823 1804 886 1856 ἐκ
907 1804 1001 1857 τοῦ
1033 1803 1188 1856 Υἱοῦ⁸
1210 1803 1310 1874 οὐχ
1346 1801 1571 1873 ὕστερον
1607 1801 1662 1854 δὲ
1685 1802 1785 1873 τῆς

1879 631 1986 685 que
2010 616 2066 670 hi
2097 616 2452 686 productores
2482 624 2538 670 et
2564 631 2758 674 causas
2789 619 2852 683 ",
2891 635 2985 674 seu
3016 629 3267 675 auctores
3315 623 3440 692 Spi-

1879 707 2018 761 ritus
2045 707 2402 763 constituent.
2436 706 2579 762 Nihil
2612 709 2757 763 enim
2797 710 2981 765 minus
3011 712 3176 766 etiam
3209 713 3443 783 Spiritus

1878 797 2160 868 sapientiae
2199 808 2258 853 et
2284 799 2545 863 scientia,
2577 800 2947 872 intelligentia:
2976 815 3032 858 et
3087 803 3443 869 fortitudinis,

1879 896 1936 944 et
1971 888 2202 944 aliorum
2228 889 2533 946 istiusmodi
2578 891 2886 947 divinorum
2917 895 3181 949 donorum
3222 897 3445 950 dicitur.

1881 977 1939 1034 Si
1973 981 2136 1052 igitur
2159 981 2301 1051 quod
2323 982 2517 1038 borum
2547 981 2781 1052 Spiritus
2798 984 3031 1049 dicatur,
3062 986 3261 1040 idcirco
3283 988 3443 1040 etiam

1879 1085 1946 1126 ex
1973 1069 2080 1126 illis
2103 1071 2400 1142 procedere
2436 1073 2678 1144 exigunt,
2725 1075 2855 1130 licet
2886 1076 3186 1148 intelligere
3215 1078 3267 1130 in
3303 1079 3446 1147 quod

1881 1177 1978 1219 eos
2003 1163 2210 1218 erroris
2231 1164 2547 1220 barathrum
2575 1166 2884 1237 praecipites
2905 1176 3046 1240 agat,
3075 1184 3262 1225 eorum
3293 1185 3449 1224 men-

1881 1253 1951 1310 tis
1969 1253 2211 1310 solertia.

1953 1626 2072 1683 XII.
2110 1626 2232 1683 Alio
2272 1637 2534 1699 praeterea
2578 1629 2760 1696 modo,
2796 1629 2901 1684 alia
2953 1631 3149 1685 iterum
3196 1632 3450 1702 hlaSphc-

1884 1721 2012 1785 mia,
2047 1735 2116 1775 ex
2143 1737 2333 1776 eorum
2356 1721 2618 1792 opinione
2646 1722 2774 1776 oriri
2799 1723 3060 1779 cernitur.
3093 1724 3225 1778 Nam
3253 1727 3294 1779 si
3327 1727 3444 1796 Spi-

1887 1813 2026 1868 ritus
2059 1829 2090 1867 a
2121 1813 2254 1868 Filio
2279 1815 2543 1884 procedit,
2584 1830 2691 1868 non
2724 1816 2910 1885 utique
2947 1818 3238 1886 posterius,
3275 1834 3453 1887 neque

222 1894 390 1948 αὑτοῦ
439 1896 740 1963 γεννήσεως
784 1895 907 1948 οὐδὲ
947 1895 1248 1967 πρότερον·
1291 1896 1350 1947 ὲν
1392 1894 1501 1966 γὰρ
1551 1896 1616 1966 τῇ
1647 1911 1784 1946 παν-

1893 1905 2041 1976 prius
2071 1905 2194 1959 Filii
2224 1906 2576 1977 generatione
2607 1907 2886 1976 procedet.
2923 1907 3150 1962 Prorsus
3177 1909 3320 1962 enim
3353 1909 3454 1962 eli-

223 1985 358 2054 αγία
379 1983 568 2052 Τριάδι
607 1985 674 2037 τὰ
710 1984 935 2054 χρονικὰ
963 1983 1136 2037 ταῦτα
1184 1984 1547 2053 προσρήματα
1587 2000 1787 2036 παντε-

1893 1997 2165 2051 minantur
2187 2011 2216 2050 a
2249 1997 2591 2051 sanctissima
2617 1997 2880 2053 Trinitate
2901 1999 3154 2053 adverbia
3183 1999 3299 2054 hate
3323 2011 3456 2055 tem-

223 2076 332 2138 λῶς
360 2074 697 2146 ἀπελήλαται
722 2091 736 2106 °
766 2077 814 2127 εἰ
844 2075 1023 2128 τοίνυν
1041 2075 1157 2141 ἅμα
1184 2075 1283 2143 μὲν
1313 2075 1673 2146 ἐκπορεύεται
1693 2074 1788 2128 τοῦ

1893 2087 2054 2157 poris.
2093 2085 2149 2140 Si
2183 2087 2344 2158 igitur
2393 2087 2553 2141 simul
2579 2088 2796 2156 quidem
2833 2103 2863 2140 a
2895 2088 3070 2150 Patre,
3103 2090 3370 2160 simulque
3425 2107 3454 2144 a

224 2169 461 2238 Πατρός,
490 2167 609 2237 ἆμσ.
634 2168 691 2221 δὲ
719 2167 811 2220 τοῦ
830 2166 984 2233 Υἱοῦ,
1015 2166 1512 2237 συνδιαιρεθήσεται
1543 2171 1663 2230 ταῖς
1682 2168 1790 2222 τῶν

1893 2177 2026 2232 Filio
2075 2179 2353 2248 procedit,
2403 2179 2470 2234 ab
2497 2179 2739 2248 utrisque
2792 2179 3208 2249 producentium
3255 2183 3458 2251 pariter

225 2260 681 2332 προϐαλλομένων
715 2260 1042 2314 ὑποστάσεσι
1091 2259 1186 2314 καὶ
1222 2260 1354 2313 αὐτὸ
1382 2260 1443 2314 τό
1488 2260 1790 2332 προϐαλλό-

229 2369 413 2424 μενον’
442 2353 646 2406 καὶδύο
670 2354 786 2405 ἀνθ’
807 2352 924 2416 ἐνὸς
955 2353 1138 2415 αὐτοῖς
1170 2352 1322 2406 ἔσται
1359 2353 1422 2405 τὸ
1447 2353 1669 2424 Πνεῦμα
1689 2369 1705 2384 ⁸
1729 2353 1794 2406 τὸ

231 2447 355 2518 μὲν,
383 2446 478 2499 τοῦ
513 2446 724 2516 Πατρός
746 2463 759 2476 ·
799 2446 858 2499 τὸ
905 2446 981 2512 δὲ,
1013 2445 1106 2498 τοῦ
1157 2446 1288 2499 Υίοῦ
1336 2447 1790 2516 ἐκπορευόμενον.

228 2541 342 2593 Καὶ
373 2540 480 2610 γὰρ
511 2538 661 2590 οὐδέν
687 2540 801 2590 ἐστι
830 2537 1072 2591 τοιοῦτον
1097 2538 1494 2607 καινιζόμενον,
1542 2538 1662 2590 οὐδὲ
1699 2538 1794 2590 ἐπὶ

226 2631 338 2685 τῶν
363 2632 452 2686 διὰ
491 2631 795 2700 γεννήσεως
824 2631 1096 2683 λαϐόντων
1122 2631 1219 2700 τὴν
1249 2629 1483 2700 ὓπαρξιν
1505 2645 1519 2659 ⁸
1562 2629 1796 2702 διαφορὰ

231 2723 334 2793 μὲν
367 2724 478 2795 γὰρ
508 2724 642 2794 όρᾷν
684 2723 798 2775 ἐστι
825 2721 949 2774 καθ’
980 2722 1274 2774 ὑπόστασιν
1305 2725 1368 2775 ὲκ
1405 2723 1536 2788 μιᾶς
1583 2723 1796 2791 καὶτῆς

226 2814 400 2884 αὐτῆς
433 2816 691 2885 προϊόντα
725 2814 1073 2878 ὑποστάσεως
1097 2831 1112 2846 ο
1137 2815 1193 2868 ἓν
1227 2815 1284 2868 δὲ
1313 2815 1408 2868 καὶ
1431 2815 1493 2867 τὸ
1517 2814 1648 2868 αὐτὸ
1673 2814 1795 2868 καθ’

227 2906 530 2958 ὑπόστασιν
585 2908 652 2960 ὲκ
706 2907 979 2978 διαφόρων
1012 2909 1281 2977 προϊέναι,
1331 2909 1423 2960 καὶ
1457 2908 1532 2979 μὴ
1561 2907 1796 2960 συνδιαι-

231 2998 450 3068 ρεῖσῦαι
502 3001 620 3061 ταῖς
675 2999 1127 3068 προϐαλλομένων
1177 2999 1561 3063 ὑποστάσεσιν,
1605 2998 1796 3070 οῦτεη

226 3092 446 3160 γένεσις
463 3086 619 3152 οἶδεν,
658 3091 778 3144 οὐδὲ
800 3091 855 3144 εί
883 3108 935 3144 τι
972 3093 1219 3160 κρεῖττον
1243 3091 1340 3158 τῆς
1365 3091 1658 3160 γενέσεως.

303 3277 404 3328 ΙΓ¹.
441 3276 550 3328 Καὶ
587 3275 694 3346 γὰρ
719 3275 906 3338 παῖδες
936 3274 1033 3345 μὲν
1063 3274 1248 3327 πολλοὶ
1271 3273 1552 3341 πολλάκις,
1575 3276 1639 3327 ἐκ
1669 3275 1797 3346 μιᾶς

227 3370 334 3422 καὶ.
361 3372 458 3436 τῆς
494 3369 662 3436 αὐτῆς
683 3368 892 3433 νηδύος,
924 3367 1020 3420 καὶ
1048 3367 1188 3435 ἄμα,
1235 3366 1332 3420 καὶ
1363 3369 1532 3437 χωρὶς
1562 3368 1798 3438 ὁρῶνται

228 3459 720 3530 τελεσφορούμενοι
744 3475 758 3488 ·
800 3459 897 3512 καὶ
925 3461 958 3528 ἠ
988 3459 1126 3527 αὑτὴ
1157 3459 1277 3529 χεὶρ
1321 3461 1416 3511 καὶ
1455 3459 1671 3520 τύπτει,
1702 3459 1799 3513 καὶ

230 3551 438 3622 γράφει
465 3551 559 3603 καὶ
592 3551 910 3622 εὐεργετεῖ,
947 3551 1042 3602 καὶ
1075 3551 1208 3618 πρὸς
1240 3552 1302 3602 τὸ
1339 3550 1491 3603 Θείον
1519 3551 1797 3604 ἀνατείνε-

229 3657 359 3694 ται·
393 3642 452 3695 τὸ
469 3642 700 3711 γράφειν
728 3642 784 3695 δὲ
805 3641 986 3712 χειρὸς
1020 3641 1178 3713 ἔργον
1203 3641 1495 3713 ὁλόκληρον
1526 3642 1635 3714 (12)
1665 3643 1798 3714 όρᾷν

231 3734 332 3786 καὶ
363 3732 520 3795 ποδὸς
541 3732 742 3802 ὁμοίως
765 3747 779 3763 ο
818 3732 852 3803 ἢ
879 3732 940 3785 τὸ
969 3732 1205 3802 βαδίζειν
1230 3731 1490 3794 ὡσαύτως
1511 3733 1619 3784 τῶν
1648 3734 1800 3801 είρηο

237 3824 418 3894 μένων
445 3824 784 3893 ὲκατέρου,ἢ
822 3823 884 3876 τὸ
915 3824 1131 3894 βλέπειν
1174 3823 1417 3893 ὄμματος
1459 3823 1551 3875 καὶ
1577 3823 1733 3886 ὠτὸς,
1764 3823 1800 3895 ἢ

231 3919 306 3970 τά
325 3916 567 3977 τοιαῦτα,
597 3918 696 3969 οὑκ
725 3917 791 3970 άν
812 3934 894 3980 τις
914 3917 1237 3986 καθαρεύων
1261 3914 1616 3985 ἀναισθησίας
1649 3915 1801 3984 νομί-

234 4027 385 4063 σειεν
404 4027 417 4041 ·
457 4009 567 4060 ἀλλ’
594 4007 782 4078 ὥσπερ
803 4009 1046 4079 ἀλλήλων
1074 4010 1141 4062 τὰ
1173 4011 1312 4080 μέρη
1340 4013 1406 4080 τῇ
1430 4009 1608 4079 οἰκεία
1642 4025 1802 4080 περι-

232 4102 424 4174 γραφῇ
458 4100 828 4169 διεστήκασιν,
890 4098 1032 4152 οὕτω
1080 4101 1175 4153 καὶ
1227 4103 1261 4170 ἡ
1288 4100 1521 4153 ἑκάστου
1553 4099 1802 4168 ἐνέργεια

235 4194 378 4262 πρὸς
399 4192 498 4261 τὴν
520 4191 626 4245 τῶν
659 4189 1023 4260 ἐνεργούντων
1048 4189 1208 4259 φύσιν
1243 4190 1652 4260 συνδιαιρεῖται,
1705 4188 1802 4242 καὶ

233 4284 350 4336 τῶν
374 4282 546 4336 ἄλλων
582 4281 1077 4334 συναποδιίσταται.
1107 4281 1216 4334 Καὶ
1246 4280 1342 4333 ἐπὶ
1381 4281 1492 4334 τῶν
1525 4279 1803 4343 παντελῶς

235 4375 296 4426 δὲ
330 4375 744 4444 κεχωρισμένην
773 4373 1046 4441 λαχόντων
1093 4372 1192 4443 τὴν
1223 4372 1542 4438 ὑπόστασιν,
1573 4373 1602 4425 ὁ
1640 4373 1803 4435 αὐτὸς

237 4467 431 4536 εἱρμὸς
464 4465 560 4535 τῆς
583 4465 815 4536 Θεωρίας
846 4463 1190 4527 διασώζεται.

1889 2270 2184 2325 distinctus
2234 2270 2480 2340 personis
2522 2270 2628 2324 erit
2661 2287 2673 2322 :
2709 2285 2772 2323 ac
2807 2286 2905 2339 pro
2937 2287 3067 2334 uno,
3099 2271 3296 2339 duplex
3353 2273 3458 2327 illis

1890 2362 1997 2417 erit
2051 2361 2304 2431 Spiritus,
2340 2362 2478 2415 alter
2515 2361 2608 2430 qui
2659 2376 2688 2414 a
2719 2362 2895 2426 l‘atrc,
2943 2363 3080 2416 alter
3113 2365 3202 2432 qui
3243 2379 3270 2416 a
3323 2365 3457 2418 Filio

1890 2453 2154 2524 procedit.
2214 2451 2354 2507 Sane
2377 2455 2522 2508 enim
2566 2453 2702 2507 nihil
2749 2454 2867 2522 ejus
2899 2457 3154 2510 novitatis
3197 2457 3454 2520 occurrit,

1893 2562 1995 2601 nec
2020 2547 2074 2599 in
2101 2547 2186 2600 his
2228 2546 2426 2615 quibus
2460 2560 2556 2616 per
2587 2547 2989 2616 generationem
3024 2557 3083 2601 ut
3123 2548 3231 2601 sint
3264 2549 3316 2601 in
3374 2564 3457 2601 re-

1894 2655 2014 2694 rum
2044 2648 2236 2692 natura
2265 2639 2551 2710 contingit.
2584 2638 2805 2692 Diversa
2832 2639 2976 2692 enim
3002 2639 3298 2693 secundum
3327 2640 3458 2694 sub-

1894 2730 2144 2784 stantiam
2200 2728 2383 2783 vidcre
2413 2729 2557 2792 licet,
2589 2745 2710 2798 qua:
2735 2744 2803 2784 ex
2834 2744 2940 2782 una
2982 2729 3280 2798 eademque
3324 2731 3457 2784 sub-

1895 2823 2091 2878 Stantia
2111 2823 2226 2894 (seu
2258 2821 2549 2892 hypostasi)
2583 2822 2905 2892 procedunt.
2947 2821 3100 2886 Quod
3137 2837 3263 2876 vero
3288 2839 3456 2877 unum

1896 2924 1951 2970 et
1973 2914 2114 2968 idem
2157 2913 2458 2967 secundum
2495 2911 2854 2966 substantiam
2889 2927 2956 2966 ex
2985 2913 3212 2966 diversis
3266 2928 3459 2982 procc—

1895 3006 2007 3068 dat,
2040 3020 2140 3059 nec
2157 3005 2268 3074 pari
2299 3019 2363 3057 ac
2394 3003 2755 3073 producentes
2775 3004 3094 3057 substantiae
3122 3003 3457 3057 distinctioui

1898 3097 2196 3166 subiaceat,
2246 3111 2423 3165 neque
2453 3095 2728 3166 generatio
2767 3103 3028 3165 ortusque
3087 3095 3460 3165 productionis

1822 3212 1866 3271 ρ
1899 3199 2081 3239 rerum
2112 3183 2378 3254 agnoscit,
2400 3199 2501 3238 nec
2527 3184 2570 3236 si
2594 3184 2721 3252 quid
2747 3184 2836 3237 illo
2859 3184 3204 3253 praestantius
3227 3183 3458 3239 exsistit.

1967 3277 2110 3332 XIII.
2150 3279 2361 3332 Etenim
2401 3276 2497 3330 ﬁlii
2525 3275 2678 3330 multi
2720 3291 3094 3344 saepenumero
3121 3292 3187 3330 ex
3222 3293 3328 3329 uno
3362 3291 3459 3330 eo-

1896 3366 2127 3435 demque
2155 3374 2333 3428 utero,
2373 3373 2429 3419 et
2459 3365 2642 3429 simul,
2675 3373 2730 3418 et
2781 3367 3006 3417 seorsim
3056 3375 3354 3419 cernuntur
3400 3367 3454 3420 in

1896 3455 2072 3510 lucem
2105 3455 2191 3509 edi
2217 3471 2232 3520 ;
2273 3454 2569 3524 eademque
2598 3469 2790 3507 manus
2813 3464 2867 3507 et
2897 3455 3054 3508 caedit
3079 3465 3134 3509 et
3165 3457 3369 3520 scribit,
3407 3465 3462 3511 et

1897 3548 2158 3602 benelicia
2212 3553 2448 3617 praestat,
2482 3555 2537 3601 et
2575 3546 2642 3600 ad
2673 3545 2842 3599 Deum
2895 3547 3175 3600 tenditur:
3223 3549 3462 3602 scribere

1898 3648 2081 3693 autem
2109 3653 2232 3692 cum
2260 3653 2454 3692 manus
2480 3638 2747 3708 integrum
2771 3651 2907 3706 opus
2938 3639 3138 3703 videre,
3174 3648 3286 3692 tmn
3311 3640 3462 3693 simi—

1900 3731 2022 3785 liter
2049 3731 2237 3800 pedis:
2270 3737 2364 3783 aut
2408 3728 2687 3783 ambulare
2715 3729 2944 3798 perinde
2975 3731 3253 3799 utriusque
3289 3731 3462 3786 dicto-

1899 3839 2019 3877 rum
2055 3836 2252 3876 munus
2278 3835 2429 3885 esse,
2460 3821 2696 3889 itemque
2728 3817 3003 3875 oculorum
3026 3822 3346 3892 auriumque
3377 3823 3462 3877 vi-

1899 3916 2048 3980 dere,
2066 3922 2160 3968 aut
2182 3913 2228 3967 si
2264 3928 2370 3982 qua
2409 3911 2676 3981 ejusmodi
2732 3921 2880 3977 sunt,
2906 3928 3068 3967 nemo
3098 3929 3241 3969 sana:
3265 3918 3466 3972 mentis

1899 4003 2218 4075 putaverit:
2273 4002 2884 4079 sed'quemadmodum
2935 4005 3176 4058 membra
3217 4022 3312 4061 sua
3357 4008 3467 4062 cir-

1901 4094 2324 4164 cumscriptione
2375 4094 2479 4147 alia
2515 4093 2584 4147 ab
2627 4093 2748 4148 aliis
2793 4094 3044 4149 distincta
3089 4105 3237 4159 sunt,
3289 4100 3369 4153 sic
3411 4110 3468 4155 et

1901 4186 2162 4256 cujusque
2182 4185 2258 4238 vis
2291 4198 2353 4238 ex
2372 4184 2713 4253 operantium
2741 4184 2920 4240 indole
2943 4188 3328 4252 condividitur,
3351 4201 3407 4246 et
3436 4208 3467 4245 a

1901 4278 2127 4349 reliquis
2142 4277 2616 4346 condistinguitur.
2643 4277 2818 4345 Atque
2840 4278 2976 4331 adeo
3000 4281 3052 4332 in
3071 4281 3138 4335 iis
3158 4283 3319 4336 etiam
3349 4301 3469 4352 qua:

1900 4370 2118 4439 penitus
2177 4370 2465 4424 discretam
2507 4379 2667 4423 nacta
2709 4377 2836 4423 sunt
2875 4372 3264 4442 substantiam,
3323 4378 3466 4432 idem

1903 4461 2374 4531 contemplationis
2403 4460 2538 4515 ordo
2570 4473 2838 4517 servatur.

311 4558 408 4612 Μ’.
436 4560 530 4620 Τίς
563 4558 658 4612 οὖν
684 4561 843 4628 ἑτέρα
871 4557 1146 4628 πρόφασις
1174 4558 1288 4621 τοῖς
1339 4556 1682 4628 βλασφημεῖν
1719 4557 1795 4609 αἱ·

1975 4552 2117 4608 XIV.
2157 4554 2291 4619 Qua:
2320 4553 2484 4624 igitur
2507 4553 2611 4607 alia
2639 4555 2948 4611 volentibus
2978 4557 3348 4628 blasphemare
3380 4577 3468 4615 re-

236 4652 525 4724 ρουμένοις
563 4649 916 4703 ὑπολείπεται
945 4667 961 4716 ;
997 4650 1317 4720 Εὑμήχανον
1348 4648 1458 4720 γὰρ
1510 4649 1539 4700 ὁ
1566 4647 1802 4718 πονηρὸς

235 4747 323 4810 είς
354 4744 568 4814 ἀπάτην
589 4759 603 4773 ·
661 4741 762 4795 κᾶν
794 4745 827 4812 ἡ
857 4742 949 4796 τοῦ
1005 4741 1400 4812 ἀκρογωνιαίου
1460 4740 1609 4792 λίθου
1641 4739 1803 4808 σοφία

236 4837 336 4890 καὶ
361 4833 610 4904 δύναμις,
664 4832 752 4886 διὰ
777 4833 886 4885 τῶν
911 4833 1074 4886 αὑτοῦ
1102 4830 1449 4903 Θεραπόντων
1474 4828 1673 4900 ῥᾳδίως
1707 4827 1806 4880 αὒ-

235 4928 336 4982 τοῦ
378 4927 736 4999 καταθραύσῃ
777 4928 844 4982 τὰ
890 4929 1278 5001 μηχανήματα.
1319 4924 1482 4980 Ἀλλά
1519 4924 1574 4979 τί
1603 4923 1812 4987 τούτοις

310 5106 357 5139 ³⁵
393 5111 496 5166 Isa.
530 5125 606 5177 ιι,
637 5112 690 5166 1.

1908 4646 2050 4716 liqua
2089 4645 2300 4700 occasio
2325 4645 2348 4698 ?
2375 4645 2554 4700 Facile
2581 4646 2727 4700 enim
2757 4648 2848 4716 qui
2896 4665 3058 4718 prava
3087 4662 3167 4706 est
3197 4662 3376 4705 mente
3413 4653 3466 4706 in

1909 4752 2146 4792 errorem
2182 4737 2415 4804 labitur;
2447 4738 2660 4793 tametsi
2688 4739 2960 4808 angularis
2988 4741 3178 4809 lapidis
3205 4744 3467 4811 sapientia

1900 4845 1966 4885 ac
1988 4830 2178 4897 virtus,
2203 4846 2301 4901 per
2328 4847 2516 4888 servos
2541 4848 2688 4898 suos,
2721 4847 2910 4886 eorum
2958 4831 3111 4886 facile
3136 4835 3297 4889 elidat
3334 4854 3465 4890 eon-

1901 4923 2047 4978 silia.
2075 4923 2166 4990 At,
2200 4923 2329 4994 quid
2359 4925 2466 4981 illis
2492 4928 2557 4983 ad
2591 4923 2980 4996 blasphemiam
3014 4924 3326 4994 reliquum?
3363 4927 3466 4981 Do-

1729 5259 1962 5320 NOTAE.

313 5429 428 5499 (I2)
499 5432 718 5497 Ἔργον
749 5429 1105 5497 ὀλόκληρον.
1145 5427 1340 5482 Metius
1365 5425 1579 5499 videtur
1619 5423 1812 5499 legisse

242 5495 834 5569 κατάλληλονοςηιαςὶδ
882 5495 1165 5569 congruum
1217 5512 1383 5565 opus:
1435 5495 1529 5550 sed
1576 5495 1712 5569 nihil
1743 5495 1809 5548 ad

244 5586 361 5624 rem
398 5565 596 5624 reddit.
641 5565 848 5622 Insu'lso
876 5565 1102 5623 Pbdtius
1143 5574 1480 5637 argumento,
1516 5565 1657 5632 quod
1684 5579 1810 5637 sen-

243 5655 428 5709 suum
460 5639 649 5692 vitales
687 5641 1030 5709 operationes
1058 5635 1324 5709 distinctae
1347 5676 1361 5698 ,
1390 5644 1454 5709 et
1475 5651 1571 5688 sua
1609 5635 1809 5709 cuique

246 5707 490 5779 prOpria,
519 5724 620 5763 nec
645 5706 764 5762 ~una
797 5710 1000 5779 integra
1039 5724 1106 5761 ex
1129 5707 1345 5779 duobus
1373 5706 1520 5759 exire
1549 5707 1736 5779 possit,
1761 5719 1806 5779 _a

248 5773 415 5832 inauu
459 5779 754 5839 ambulare,
787 5795 815 5832 a
863 5773 996 5847 pede
1038 5776 1294 5837 scribere,
1324 5775 1632 5847 ctc.,__quod
1682 5773 1808 5842 Spi-

254 5849 394 5902 ritus
418 5864 448 5902 a
491 5847 645 5902 Patre
674 5843 944 5916 procedat,
977 5862 1082 5900 non
1118 5861 1275 5915 posse
1306 5855 1359 5898 et
1395 5861 1422 5897 a
1454 5843 1587 5896 Filio
1619 5859 1808 5914 procc-

1907 5426 2058 5487 dere.
2108 5425 2260 5495 quasi
2313 5425 2384 5478 sit
2427 5424 2640 5478 illorum
2691 5422 2964 5492 disparata
2994 5426 3162 5480 virtus
3208 5441 3314 5479 non
3365 5441 3468 5479 una

1907 5497 2336 5566 simplicissima,
2379 5503 2663 5566 qua-sunt
2710 5509 2879 5546 unum
2933 5496 3276 5566 principium,
3333 5512 3471 5548 unus

1907 5562 2115 5628 auctor,
2150 5581 2256 5619 una
2291 5562 2451 5620 causa
2495 5562 2750 5632 Spiritus,
2800 5562 3245 5619 vere—dormimus
3274 5575 3328 5616 ct
3356 5565 3471 5616 ine-

1905 5637 2088 5705 ptiens
2128 5634 2380 5690 somniat.
2431 5633 2655 5705 Aliaque
2697 5635 2784 5688 hic
2811 5635 3017 5689 insulsa
3051 5635 3369 5695 deblaterat,
3399 5647 3469 5705 ne

1906 5703 2150 5759 veritatis
2211 5705 2430 5774 quidem
2492 5704 2598 5757 ulla
2654 5705 2867 5774 specie,
2946 5714 3002 5758 ut
3057 5719 3243 5772 parum
3295 5703 3470 5756 cautis

1907 5776 2156 5845 obrepat.
