4044 6466
512 425 687 492 sor

1664 412 1925 477 ΡΗΟΤῙΙ
1960 409 2461 472 PATRIARCH/E
2496 413 2606 473 (ΖΡ.

3648 400 3769 466 808

517 541 650 596 mini
678 538 849 611 ipsam
889 537 994 593 sibi
1024 549 1215 592 vocem
1243 540 1529 603 usurpant,
1569 530 1723 599 quasi
1771 527 1953 583 minus
1980 523 2115 586 ha-,

2216 523 2321 594 τρδς
2350 522 2703 595 βλασφημίαν
2731 523 3056 587 ὑπόλοιπονς
3103 520 3215 592 Τὴν
3241 516 3529 591 Κυριακὴν
3572 516 3772 587 φωνὴν

516 632 703 693 beant,
731 630 875 700 quod
910 628 1012 699 ipsi
1058 642 1089 681 a
1127 641 1186 681 se
1220 624 1506 679 Dominum
1551 619 1950 690 blasphemant,
1980 616 2084 671 nisi

520 724 674 794 prius
707 738 830 776 eum
878 720 971 791 qui
1000 719 1431 787 blasphematur,
1484 713 1604 782 ejus
1632 710 1801 781 ipsius
1836 709 2090 778 blasphe-

525 818 649 870 mia:
686 815 1068 885 chislatorem
1094 819 1257 879 atque
1287 817 1563 862 auctorem
1606 811 1922 860 arcessant:
1956 803 2091 856 dixit

526 909 697 969 enim,
732 907 905 967 aiunt,
945 905 1208 964 Salvator,
1244 901 1340 955 Ille
1381 908 1443 953 de
1468 915 1579 952 meo
1606 898 1843 967 accipiet,
1886 905 1935 949 et
1985 914 2088 949 au-

525 998 782 1053 uuutiubit
814 997 951 1050 vobis
974 997 1037 1048 ³⁸.
1072 996 1158 1058 At,
1186 993 1228 1049 si
1251 991 1467 1062 quidem
1496 990 1636 1045 istud
1658 1004 1685 1043 a
1715 988 1871 1043 nobis
1897 989 2092 1042 adver-

524 1106 618 1144 sus
645 1090 764 1144 illos
802 1087 1082 1148 alleratur,
1118 1095 1179 1141 ut
1229 1085 1523 1155 probemus
1554 1082 1812 1151 Spiritum
1843 1096 1906 1135 ex
1935 1078 2093 1134 Patre

524 1182 791 1249 accipere,
822 1180 1065 1248 atque'ex
1085 1178 1198 1241 illo,
1229 1192 1340 1230 non
1359 1189 1488 1231 vero
1517 1190 1584 1230 ex
1614 1172 1747 1229 Filio
1777 1172 2089 1243 procedere,

526 1270 797 1340 quodnam
855 1268 999 1322 aliud
1050 1266 1311 1337 ell'ugium
1357 1279 1427 1319 ne
1472 1272 1832 1333 eoarguantur
1883 1262 2095 1331 possint

526 1357 891 1413 adinvenire?
925 1356 1027 1419 Qui
1082 1356 1247 1427 igitur
1280 1370 1343 1409 ea
1392 1370 1512 1423 quae
1552 1353 1837 1407 manifeste
1883 1353 2093 1406 illorum

528 1451 753 1505 Ιιιετοείε
789 1450 1063 1504 convincit
1098 1448 1382 1511 insaniam,
1410 1448 1527 1501 haec
1550 1446 1793 1501 eamdem
1828 1444 1945 1513 ejus
1964 1460 2095 1498 con-

528 1542 806 1596 ﬁrmandae
829 1556 991 1593 causa
1037 1540 1334 1609 proferant,
1367 1538 1638 1608 quomodo
1669 1552 1779 1591 non
1808 1537 2095 1605 deploratae

528 1633 728 1687 mentis
754 1647 915 1686 sensu
944 1630 1125 1684 miseri
1158 1630 1391 1684 habendi
1421 1630 1547 1695 sint,
1575 1629 2097 1697 miserabilioresque

531 1724 732 1778 mentis
771 1723 1041 1777 sententia
1085 1732 1140 1776 et
1170 1721 1483 1776 voluntate?
1511 1720 1649 1786 Quid
1701 1721 1845 1774 enim
1898 1720 2097 1776 clarius

532 1813 811 1866 Dominica
868 1814 969 1866 hac
993 1826 1147 1875 voce,
1178 1812 1244 1865 ad
1290 1826 1476 1863 eorum
1525 1810 1617 1879 qui
1652 1809 1794 1863 illam
1842 1808 2092 1871 all'erunt,

533 1905 837 1959 elideudam
863 1901 1300 1971 impudentiam?
1330 1899 1466 1965 Quid
1502 1901 1740 1969 apertius
1773 1899 1839 1953 ad
1864 1899 2095 1967 proban-

534 1999 662 2051 dum
721 1997 863 2063 quod
898 2010 1006 2048 non
1070 2009 1136 2048 ex
1176 1992 1330 2056 Filio,
1380 1992 1476 2046 sed
1513 2008 1581 2047 ex
1635 1994 1793 2046 Patre
1847 1991 2099 2061 procedat

536 2089 770 2159 Spiritus
799 2088 821 2139 ?

608 2178 724 2232 XV.
764 2177 979 2232 Etenim
1032 2176 1173 2245 quod
1205 2176 1325 2229 aliis
1359 2175 1487 2229 locis
1516 2176 1651 2229 dixit
1690 2175 1955 2235 Salvator,
1979 2173 2099 2243 Spi-

538 2270 703 2324 ritum
736 2286 801 2323 ex
837 2268 997 2322 Patre
1029 2268 1342 2337 procedere,
1381 2267 1483 2321 hoc
1517 2268 1689 2337 ipsum
1723 2267 1947 2320 nuncin
1974 2282 2101 2336 pro-

540 2362 712 2431 posita
748 2362 907 2413 docet
961 2359 1302 2421 auctoritate,
1332 2359 1581 2424 dicendo,
1626 2357 1849 2428 Spiritus
1872 2358 1935 2411 de
1989 2373 2102 2409 meo

539 2452 777 2522 accipiet.
812 2450 930 2506 Non
964 2453 1107 2506 enim
1132 2453 1288 2517 dixit,
1324 2468 1389 2506 ex
1420 2466 1525 2517 me,
1563 2451 1676 2512 sed.
1706 2452 1769 2505 de
1791 2467 1922 2513 meo,
1956 2448 2104 2501 vide-

540 2542 666 2597 licet
710 2542 907 2607 Patre;
966 2543 1069 2597 nisi
1106 2543 1244 2597 forte
1283 2544 1469 2608 velint,
1528 2542 1673 2596 aliud
1719 2541 1847 2609 quid
1891 2549 2106 2609 praeter-

539 2649 700 2702 quam
734 2635 947 2689 Patrem
974 2644 1027 2689 et
1068 2636 1329 2705 Spiritum
1358 2650 1475 2691 esse
1513 2635 1713 2704 pariter
1744 2648 1805 2686 ac
1828 2631 1931 2686 dici
1962 2632 2103 2685 Filii.

539 2722 596 2777 Si
640 2723 798 2793 igitur
851 2724 921 2778 ita
954 2734 1142 2794 aperta
1169 2734 1356 2779 contra
1404 2738 1522 2777 sese
1549 2729 1865 2791 argumenta
1895 2736 1993 2789 pro
2046 2734 2105 2773 se

540 2823 684 2870 stare
715 2823 925 2885 putant,
960 2815 1229 2869 undenam
1258 2830 1415 2883 opem
1444 2813 1601 2866 aliam
1628 2812 1873 2866 conferre
1900 2812 2108 2881 possint

542 2914 602 2959 ut
642 2921 859 2975 pravam
888 2915 1124 2959 mentem
1157 2921 1309 2959 suam
1339 2920 1401 2958 ac
1431 2904 1751 2958 sententiam
1792 2904 2108 2957 stabiliant?

546 2996 656 3052 Sed
695 3008 752 3052 ut
781 2999 1014 3061 videtur,
1042 2998 1129 3051 isti
1164 3013 1262 3051 nec
1311 2997 1522 3051 cunctis
1553 3006 1707 3050 notas
1731 3011 1890 3050 voces
1914 2996 2111 3050 intelli-

548 3101 760 3161 gentes,
790 3107 893 3145 nec
922 3092 1005 3144 vel
1044 3091 1308 3144 trivialem
1339 3106 1519 3144 rerum
1555 3090 1800 3144 notitiam
1828 3090 2107 3153 habentes,

2189 617 2370 678 αὐτοῖς
2400 616 2808 679 ὑποϐάλλονται,
2866 616 2965 668 οὐκ
3012 612 3295 682 ἀγαπητὸν
3352 612 3647 682 ἡγούμενοι
3694 607 3774 659 δι’

2191 709 2401 763 ἑαυτῶν
2430 710 2518 762 τὸν
2548 709 2824 778 Δεσπότην
2845 708 3165 778 δυσφημεῖν,
3203 708 3251 757 εἰ
3278 705 3351 776 μὴ
3392 705 3485 757 καὶ
3515 703 3611 755 τὸν
3629 703 3775 755 δυσ-

2192 802 2561 873 φημούμενον,
2608 802 2903 873 νομοθέτην
2949 801 3047 867 τῆς
3092 800 3401 869 δυσφημίας
3430 798 3523 851 καὶ
3556 796 3779 867 προλα-

2191 896 2375 956 ϐόντες
2405 896 2893 963 κατηγορήσουσιν.
2918 888 3053 944 Εἷπε
3086 892 3215 961 γὰρ,
3240 892 3427 962 φησὶν,
3475 890 3504 942 ὁ
3544 888 3775 958 Σωτὴρ,

2205 986 2459 1052 Ἐκεῖνος
2513 987 2582 1039 ἐκ
2635 985 2742 1039 τοῦ
2795 985 2940 1055 ἐμοῦ
2968 983 3246 1053 λήψεται,
3303 982 3403 1035 καὶ
3443 978 3783 1050 ἀναγγελεῖ

2191 1078 2353 1149 ὑμῖν.
2395 1078 2536 1131 Ἀλλ’
2564 1078 2719 1149 εἴπερ
2745 1079 2878 1147 ἡμῖν
2907 1076 3066 1131 τοῦτο
3106 1076 3227 1130 κατ’
3267 1076 3445 1129 αὐτῶν
3475 1073 3781 1144 ἐκομίζετο

2194 1170 2331 1241 πρὸς
2386 1169 2678 1236 ἀπόδειξιν,
2729 1170 2812 1223 ὅτι
2859 1169 2923 1221 ἐκ
2958 1165 3065 1242 ,τοῦ
3126 1167 3338 1237 Πατρδς
3383 1166 3661 1235 λαμϐάνει
3715 1163 3783 1217 τὸ

2194 1260 2438 1333 Πνεῦμα,
2473 1262 2570 1316 καὶ
2607 1262 2665 1327 ἐξ
2699 1258 2887 1325 αὐτοῦ,
2917 1260 3034 1313 ἀλλ’
3062 1258 3162 1311 οὐκ
3211 1259 3275 1310 ἐκ
3314 1255 3409 1309 τοῦ
3437 1255 3571 1310 Υἱοῦ
3610 1257 3786 1308 ἐκπο-

2197 1357 2408 1428 ρεύεται
2426 1396 2440 1421 ,
2459 1356 2577 1410 τινα
2603 1355 2668 1409 ἂν
2693 1352 2979 1424 ἀποφυγὴν
3000 1351 3104 1405 τῶν
3123 1350 3361 1420 ἐλέγχων
3388 1349 3609 1412 ἑαυτοῖς
3638 1346 3777 1399 ἐπι-

2196 1452 2478 1521 νοήσαιντο
2510 1466 2524 1513 ;
2562 1451 2628 1501 Ἀ
2657 1448 2833 1502 τοίνυν
2866 1446 3044 1500 αὐτῶν
3077 1444 3391 1515 περιφανῶς
3423 1443 3644 1512 ἐλέγχει
3670 1441 3785 1511 τὴν

2196 1543 2380 1597 ἄνοιαν
2408 1543 2503 1612 τῆς
2528 1542 2813 1614 αἱρέσεως.
2836 1539 3011 1592 ταῦτα
3040 1539 3178 1606 πρὸς
3206 1536 3304 1605 τὴν
3330 1537 3499 1607 αὐτῆς
3530 1534 3784 1606 βεϐαίως

2198 1652 2281 1687 σιν
2310 1633 2753 1707 προϐαλλόμενοι,
2814 1632 2933 1696 πῶς
2986 1632 3086 1685 οὐκ
3122 1629 3186 1683 ἂν
3233 1628 3423 1698 εἴησαν
3457 1628 3636 1681 ἄθλιοι
3671 1626 3784 1697 μὲν

2196 1727 2285 1780 τὸν
2318 1726 2460 1791 νοῦν,
2489 1725 2803 1795 ἀθλιώτεροι
2829 1723 2885 1777 δὲ
2917 1725 3016 1793 τὴν
3046 1722 3401 1794 προαίρεσινς
3445 1720 3511 1774 Τί
3550 1721 3668 1791 γὰρ
3709 1719 3784 1772 ἆν

2198 1816 2279 1886 εἴη
2310 1817 2514 1884 ταύτης
2547 1816 2645 1884 τῆς
2675 1816 3009 1883 Δεσποτικῆς
3055 1815 3239 1883 φωνῆς
3267 1811 3613 1883 τρανότερον,
3662 1812 3783 1862 τῶν

2202 1908 2644 1978 προκομιζόντων
2660 1906 2829 1976 αὐτὴν
2845 1905 3172 1959 καταϐαλεῖν
3188 1906 3285 1973 τὴν
3306 1904 3581 1956 ἀναίδειαν
3601 1921 3616 1968 ;
3637 1902 3707 1954 Τί
3725 1901 3786 1953 δὲ

2200 2000 2545 2071 παραστῆσαι
2576 1997 2958 2071 φανερώτερον
2984 1998 3058 2060 ὡς
3079 1998 3179 2051 οὐκ
3208 1999 3271 2049 ὲκ
3317 1995 3409 2048 τοῦ
3441 1994 3598 2049 Υἱοῦ.
3658 1994 3787 2048 ἀλλ’

2200 2096 2262 2147 ὲκ
2286 2092 2381 2145 τοῦ
2410 2092 2622 2163 Πατρδς
2644 2092 2705 2145 τὸ
2729 2091 2944 2159 Πνεῦμα
2978 2088 3369 2160 ἐκπορεύεταις

2272 2185 2372 2237 IE'.
2409 2184 2521 2236 Καὶ
2549 2182 2659 2254 γὰρ
2711 2184 2847 2253 ὅπερ
2881 2184 2939 2234 ὲν
2987 2181 3167 2244 ἄλλοις
3217 2176 3369 2232 εἶπεν
3406 2180 3431 2230 ὁ
3466 2177 3682 2247 Σωτὴρ,
3719 2178 3785 2229 τὸ

2198 2276 2424 2347 Πνεῦμα
2454 2278 2516 2328 ὲκ
2548 2275 2640 2327 τοῦ
2687 2274 2899 2344 Πατρὶς
2934 2272 3316 2343 ἐκπορεύεται,
3362 2268 3519 2322 τοῦτο
3547 2270 3653 2339 καὶ
3680 2269 3787 2321 νῦν

2200 2365 2286 2418 διὰ
2309 2366 2407 2433 τῆς
2432 2364 2797 2434 προκειμένης
2822 2362 3131 2415 ἐκδιδάσκει
3156 2364 3386 2431 ρήσεως,
3410 2361 3480 2414 Τὸ
3506 2359 3787 2426 Πνεῦμα.

2202 2457 2393 2524 λέγων,
2426 2456 2494 2508 ἐκ
2547 2455 2656 2509 τοῦ
2699 2455 2845 2523 ἐμοῦ
2896 2454 3176 2522 λήψεται.
3210 2454 3284 2505 Ub
3311 2452 3418 2522 γὰρ
3471 2448 3647 2512 εἶπεν,
3688 2449 3789 2513 Ἐξ

2205 2547 2487 2617 ὲμοῦ,άλλ’
2521 2551 2621 2601 Ἐκ
2650 2548 2757 2601 τοῦ
2782 2547 2954 2617 ἐμοῦ)
2980 2546 3134 2616 δῆλον
3157 2546 3257 2608 ὅτι,
3284 2544 3375 2597 τοῦ
3404 2544 3617 2613 Πατρός
3641 2543 3785 2613 (ί5)⁸

2205 2641 2253 2691 εἰ
2280 2640 2352 2708 μή
2374 2655 2425 2690 τι
2455 2638 2561 2708 ἄρα
2593 2637 2865 2707 βούλοιντο
2886 2638 3072 2707 ἕτερον
3108 2638 3259 2707 παρὰ
3302 2636 3391 2688 τὸν
3432 2636 3653 2704 Πατέρα
3684 2636 3791 2687 καὶ

2205 2732 2265 2784 τὸ
2288 2732 2529 2803 Πνεῦμα,
2556 2728 2695 2785 εἷναί
2724 2749 2783 2784 τε
2813 2733 2906 2784 καὶ
2956 2729 3318 2799 ὀνομάζεσθαι
3370 2727 3466 2780 τοῦ
3500 2727 3661 2780 Υἱοῦ.
3714 2727 3788 2781 Οἱ

2207 2823 2338 2892 γοῦν
2354 2826 2479 2888 τοὺς
2500 2823 2644 2877 οὕτω
2663 2841 2729 2876 πε
2740 2826 2985 2894 ριφανεῖς
3011 2823 3132 2876 κατ’
3154 2822 3330 2874 αὐτῶν
3357 2820 3617 2889 ἐλέγχους
3638 2820 3793 2889 ὑπὲρ

2209 2918 2387 2970 αὐτῶν
2424 2918 2732 2987 νομίζοντες
2767 2916 3040 2979 ἵστασθαι,
3073 2916 3219 2977 τίνος
3259 2914 3577 2983 συμμαχίαν
3611 2911 3794 2979 ἄλλην

2211 3010 2348 3078 πρὸς
2370 3008 2656 3079 βεϐαίωσιν
2685 3008 2777 3059 τοῦ
2805 3008 3218 3076 πεπλανημένου
3248 3008 3592 3076 φρονήματος
3613 3007 3795 3058 ἐκπο-

2216 3100 2482 3171 ρίσονται;
2510 3098 2650 3150 Ἀλλ’
2673 3099 2747 3160 ὡς
2767 3097 2963 3160 ἔοικεν,
2984 3097 3102 3150 οὐδὲ
3129 3097 3223 3158 τὰς
3248 3097 3411 3148 πᾶσιν
3431 3095 3800 3164 ὲγνωσμένας

544 3184 747 3238 nedum
789 3200 897 3237 non
925 3183 1107 3238 ierunt
1136 3184 1202 3238 ab
1222 3184 1339 3237 aliis
1356 3183 1535 3237 doceri
1567 3198 1687 3252 qua:
1720 3182 1969 3253 ignorant
1989 3182 2107 3252 (etsi

2217 3189 2399 3258 φωνὰς
2468 3190 2731 3249 συνιέντες
2761 3181 2925 3251 οὗτοι,
2956 3186 3078 3239 οὐδὲ
3132 3186 3240 3239 τῶν
3273 3189 3332 3238 ὲν
3360 3184 3520 3256 χερσὶ
3544 3184 3798 3255 μάθησιν

548 3291 706 3330 orare
729 3275 1011 3340 deberent,
1041 3286 1096 3331 et
1125 3276 1315 3330 sedulo
1343 3291 1605 3345 quaerere.
1649 3275 1738 3343 qui
1762 3290 1827 3328 ex
1854 3274 2110 3343 ignoran-

551 3369 640 3423 tiae
690 3367 959 3438 profundo
991 3368 1342 3437 extraheret),
1373 3377 1433 3422 ut
1473 3368 1571 3438 ipsi
1606 3367 1785 3436 potius
1807 3382 2024 3423 suorum
2055 3381 2114 3421 se

551 3461 863 3516 deliriorum
918 3462 1199 3531 magistros
1242 3462 1595 3517 constituant.
1644 3459 1926 3525 Quomodo
1970 3460 2114 3514 enim

550 3568 663 3605 non
705 3552 891 3620 pudet.
923 3553 1136 3607 dicente
1164 3553 1408 3615 Domino,
1439 3552 1667 3621 Spiritus
1706 3552 1770 3605 de
1820 3568 1932 3605 meo
1973 3554 2117 3605 acci-

552 3645 679 3713 piet,
715 3656 761 3698 et
790 3646 1124 3699 auuuntiabit
1157 3646 1313 3708 vobis,
1344 3662 1454 3699 non
1487 3647 1557 3700 ita
1590 3660 1656 3700 ac
1702 3645 1790 3700 ille
1817 3644 1953 3698 dixit
1972 3644 2115 3699 istud

623 3803 668 3835 ³⁸
696 3802 854 3858 Joan.
892 3819 1002 3869 xw,
1034 3800 1121 3864 l-i,
1148 3801 1235 3854 15.

2218 3280 2450 3349 ἔχοντες,
2482 3281 2542 3332 οὐ
2577 3279 2734 3348 μόνον
2762 3279 2861 3331 οὐκ
2885 3279 3164 3348 ἀνέχονται
3198 3277 3329 3350 παρ’
3352 3278 3553 3347 ἑτέρων
3590 3275 3803 3346 μαθεῖν

2218 3373 2281 3426 τὸ
2344 3371 2740 3442 ἀγνοούμενονο
2795 3372 3035 3438 καίτοιγε
3072 3370 3407 3441 παρακαλεῖν
3461 3369 3654 3440 ἐχρῆν,
3692 3371 3803 3423 καὶ

2225 3464 2427 3533 σπουδῇ
2460 3462 2663 3535 ζητεῖν,
2694 3464 2818 3526 τοὺς
2844 3463 3038 3525 αὐτοὺς
3071 3461 3169 3531 τῆς
3194 3461 3414 3530 ἀγνοίας
3459 3461 3805 3514 ἀνελκύσαν-

2226 3569 2326 3615 τας
2352 3568 2367 3583 ⁸
2397 3554 2445 3604 οἱ
2473 3552 2552 3607 δὲ.
2587 3556 2680 3606 καὶ
2716 3551 3068 3614 διδασκάλους
3124 3550 3349 3612 ἑαυτοὺς
3409 3548 3517 3602 τῶν
3567 3548 3806 3600 οἰκείων

2220 3646 2661 3716 ἁναπλασμάτων
2716 3643 3127 3715 προκαθίζουσι.
3161 3639 3285 3704 Πῶς
3313 3639 3422 3711 γὰρ
3451 3638 3550 3692 οὐκ
3597 3635 3806 3705 αἰσχύ-

2061 3952 2292 4008 NOTAE.

625 4096 736 4163 (1'5)
780 4092 974 4159 Δῆλον
1007 4093 1117 4154 ὅτι,
1167 4092 1275 4145 τοῦ
1304 4093 1555 4163 Πατρός.
1590 4092 1784 4161 Liquet
1816 4094 1870 4146 in
1899 4093 2133 4148 violenta

556 4162 659 4222 hac
678 4164 1036 4233 expositione,
1064 4162 1154 4214 uni
1180 4165 1396 4231 propria
1420 4162 1631 4227 Photio,
1655 4178 1759 4231 qua
1782 4164 1860 4218 sic
1879 4164 2128 4228 exsultat,

557 4242 640 4292 sic
684 4233 1003 4302 triumphat,
1036 4250 1098 4285 ac
1126 4233 1169 4285 si
1201 4234 1350 4285 locus
1394 4233 1480 4285 ille
1517 4233 1761 4293 Joannis,
1797 4243 1965 4286 totum
1997 4250 2131 4286 con-

559 4306 729 4361 vellat
752 4306 945 4371 dogma
971 4304 1038 4359 de
1063 4303 1409 4370 processione
1440 4302 1675 4373 Spiritus
1700 4304 1858 4355 etiam
1883 4319 1947 4373 ex
1974 4303 2127 4367 Filio,

557 4392 666 4430 non
691 4374 816 4428 illud
849 4382 1052 4427 statuat
1083 4373 1216 4425 falso
1244 4371 1680 4441 insimulatquod
1696 4374 1755 4424 τὸ
1772 4375 1835 4425 ὲκ
1860 4371 1953 4425 τοῦ
1972 4373 2131 4443 ἐμοῦ,

560 4447 911 4513 depravarint
940 4443 1135 4513 Latini,
1170 4446 1319 4511 quasi
1347 4445 1464 4509 ejus
1494 4445 1610 4497 love
1636 4444 1705 4513 ἐξ
1724 4443 1859 4511 ἐμοῦ
1892 4443 2122 4513 legerint

560 4512 654 4569 aut
680 4514 1014 4583 scripserint.
1042 4512 1186 4565 Nihil
1227 4513 1301 4565 illi
1342 4514 1605 4579 ejusmodi
1639 4532 1651 4565 :
1680 4512 1909 4583 Cyrillus
1940 4512 2119 4567 tamen

559 4588 637 4640 sic
664 4573 802 4638 non.
830 4584 1271 4652 depravationem
1312 4573 1538 4650 putavit.
1584 4592 1642 4636 ut
1669 4573 1823 4650 quasi
1858 4583 2001 4636 idem
2049 4584 2123 4637 si-
2155 4573 2200 4628 Ι)

599 4656 942 4709 nilicantibus
988 4654 1211 4707 vocibus
1241 4668 1372 4706 usus
1397 4654 1484 4707 sit.
1518 4653 1573 4707 In
1614 4654 1769 4709 Joan.
1814 4655 1851 4708 l.
1888 4670 1948 4715 ll,
1977 4668 2024 4706 c.
2056 4654 2081 4706 1
2111 4672 2125 4705 :

616 4727 672 4777 al.
715 4726 810 4794 εἱ,-
840 4722 1087 4791 καθάπερ
1137 4723 1297 4783 αὑτός
1336 4740 1524 4792 φησιν,
1585 4724 1674 4787 Ἐξ
1703 4725 1834 4794 ἐμοῦ
1865 4723 2130 4794 λαμϐάνει

560 4795 622 4847 τὸ
676 4792 928 4863 Πνεῦμα,
981 4797 1155 4845 καίτοι
1209 4794 1383 4846 πάντα
1447 4794 1627 4864 ἰσχῦον
1664 4792 1755 4846 καὶ
1808 4792 2128 4864 κατορθοῦν,

563 4864 681 4927 πῶς
714 4865 779 4917 ἂν
812 4862 973 4923 αὐτὸς
998 4864 1104 4934 ,οὐκ
1132 4864 1229 4933 ἔχῃ
1255 4865 1317 4915 τὸ
1345 4865 1429 4930 ἐφ’
1457 4862 1662 4916 ἅπασιν
1699 4864 1914 4934 ἰσχυρόν
1935 4862 1956 4928 ;“
1982 4862 2131 4926 Quod

563 4936 608 4987 si
641 4937 733 5003 (ut
760 4936 868 5002 ipse
898 4935 974 4987 ait
997 4933 1015 5001 )
1044 4933 1107 4985 de
1126 4950 1184 4986 eo
1212 4934 1439 5001 Spiritus
1460 4935 1672 5002 accipit,
1700 4933 1932 5003 quamvis
1957 4936 2132 4986 omnia

564 5006 731 5075 possit
772 5003 1098 5075 etimpleat,
1134 5003 1390 5075 quomodo
1419 5006 1528 5073 ipse
1564 5006 1798 5075 omnium
1828 5013 2134 5075 potestatem

564 5073 940 5143 uorti/labebit?
988 5074 1155 5143 Igitur
1198 5074 1278 5131 τὸ.
1314 5075 1378 5124 ὲκ
1410 5075 1504 5127 τοῦ
1536 5073 1691 5142 ἐμοῦ,
1741 5074 1881 5127 idem
1928 5076 1991 5124 ἐκ
2025 5074 2134 5125 τῶν

565 5142 724 5213 ἐμοῦ,
775 5145 997 5213 perinde
1026 5142 1103 5213 ,ἐκ
1126 5144 1232 5195 τῶν
1262 5143 1500 5207 Πατρός,
1536 5143 1778 5211 exponit.
1812 5142 2131 5213 Λαμϐάνειν

563 5211 623 5264 τε
654 5211 797 5265 οὖτώ
833 5215 894 5265 τὸ
919 5211 1142 5281 Πνεῦμὰ
1178 5230 1356 5281 φαμεν
1384 5215 1443 5265 ἐκ
1466 5231 1523 5265 τε
1554 5215 1647 5266 τοῦ
1674 5214 1883 5282 ιιατρὸς
1917 5215 2011 5265 καὶ
2040 5212 2132 5265 τοῦ

566 5282 697 5334 Υἱοῦ
726 5286 791 5334 τὰ
817 5284 1016 5353 αὐτῶν,
1039 5284 1137 5352 οὐχ
1168 5285 1241 5345 ὡς
1272 5285 1400 5334 ποτὲ
1430 5284 1529 5353 μὲν
1556 5285 1659 5335 οὐκ
1697 5282 1836 5350 ἔχον.
1866 5286 2031 5352 Atque
2060 5284 2136 5333 ita

568 5370 659 5404 uos
690 5353 917 5405 dicemus
944 5352 1197 5420 Spiritum
1219 5352 1452 5423 accipere
1482 5371 1543 5406 ea:
1573 5353 1805 5423 Patreet
1832 5354 1987 5413 Filio,
2019 5369 2135 5421 qua:

565 5438 747 5476 eorum
776 5434 917 5485 sunt,
954 5440 1054 5474 non
1087 5424 1242 5489 quod,
1273 5432 1377 5493 etc.
1404 5422 1510 5477 Nec
1540 5426 1694 5476 aliter
1718 5422 2136 5493 Chrysostumus

567 5492 711 5562 quod
748 5508 854 5545 una
904 5494 972 5546 sit
1022 5493 1247 5547 scientia
1304 5492 1421 5546 Filii
1469 5502 1522 5546 et
1557 5494 1791 5559 Spiritus
1812 5492 1842 5558 ;“
1863 5493 2136 5562 quomodo

569 5563 731 5616 etiam
780 5563 948 5617 Filius
972 5562 1203 5623 dicitur,
1242 5581 1346 5617 non
1380 5579 1408 5616 a
1440 5580 1498 5617 se
1524 5564 1692 5632 loqui,
1721 5565 1815 5632 sed
1841 5579 1959 5631 quze
1988 5563 2138 5615 audi-

570 5634 651 5687 vit
677 5649 707 5687 a
748 5633 929 5697 Patre,
958 5647 1156 5687 aeterna
1192 5635 1399 5687 scilicet
1436 5628 1802 5704 gener—auerte,
1834 5628 1888 5687 et
1912 5649 2017 5701 qua
2043 5635 2137 5684 οὐ·

573 5705 711 5765 σὶαν,
748 5717 803 5758 et
826 5722 944 5774 qua:
972 5704 1250 5774 ejusrsuut
1278 5706 1480 5766 omnia,
1514 5705 1721 5770 accepit
1754 5722 1765 5755 :
1800 5704 1982 5771 sicque
2003 5704 2138 5756 adeo

577 5776 812 5843 Spiritus
838 5773 997 5829 etiam
1020 5792 1045 5828 a
1068 5773 1220 5837 Filio,
1244 5789 1553 5842 quanquam
1583 5790 1611 5825 a
1636 5775 1791 5828 Patre
1819 5783 1878 5825 ut
1904 5791 2138 5842 προκατ-

575 5846 837 5914 αρκτικοῦ
878 5846 1052 5898 αἰτίου
1078 5885 1093 5911 ,
1123 5861 1185 5898 ac
1222 5844 1376 5912 quasi
1409 5843 1593 5897 fontali
1628 5845 1895 5913 principio
1921 5855 1973 5898 ct
2004 5864 2029 5896 a
2058 5860 2136 5909 se,

2231 4112 2355 4151 cum
2388 4090 2557 4151 Filius
2588 4098 2703 4166 ipse
2732 4112 2855 4151 eum
2885 4096 3042 4150 Patre
3072 4096 3401 4165 principium
3438 4095 3518 4166 sit_
3545 4104 3598 4150 et
3628 4111 3659 4149 θ
3690 4096 3806 4151 Pa-

2231 4177 2334 4228 tre,
2364 4163 2640 4237 unumque
2669 4183 2791 4221 eum
2822 4168 2913 4221 illo
2959 4163 3281 4236 principium
3309 4166 3451 4235 quod
3481 4163 3657 4237 Graeci
3684 4167 3811 4222 fere

2235 4236 2605 4306 propositione
2652 4238 2760 4303 διὰ,
2792 4237 3297 4306 amantexplicare;
3332 4238 3553 4305 ipseque
3584 4236 3663 4289 ibi
3692 4238 3807 4306 Cy-

2230 4300 2416 4372 i‘illus;
2462 4308 2675 4377 Ἐπειδὴ
2708 4300 2995 4377 ὁμοούσιόν
3024 4300 3139 4359 ἐστι
3177 4307 3252 4376 τῷ
3292 4300 3425 4377 fit},
3455 4300 3549 4358 καὶ
3577 4300 3809 4377 πρόεισι

2232 4377 2549 4447 Θεοπρεπῶς
2586 4375 2672 4431 διν
2702 4375 2900 4439 αὐτοῦ,
2944 4377 3123 4429 πᾶσαν
3168 4375 3329 4429 αὐτοῦ
3371 4376 3470 4444 τὴν
3505 4375 3593 4447 ἐφ’,
3621 4378 3808 4447 ἅπασι

2231 4445 2569 4518 τελεωτάτην
2598 4450 2717 4517 ἕχον
2743 4449 3017 4518 ἐνέργειαν
3038 4464 3097 4518 τε
3121 4450 3214 4499 καὶ
3242 4446 3491 4518 δύναμιν,
3523 4445 3609 4518 διὰ
3631 4446 3804 4518 τοῦτό

2228 4533 2414 4585 φησιν’
2444 4516 2569 4571 "Ott
2598 4518 2664 4571 ἐκ
2695 4518 2800 4571 τοῦ
2838 4517 2984 4587 ἐμοῦ
3010 4517 3289 4587 λήψεται.
3326 4516 3650 4587 Ὑφεστᾶναι
3690 4517 3810 4585 γὰρ

2231 4580 2362 4641 dare
2411 4587 2532 4639 καθ’
2576 4588 2737 4639 ἑαυτὸ
2786 4580 3119 4655 ἰδ’Πνεῦμα
3170 4580 3515 4653 πιστεύομεν,
3550 4580 3807 4655 simi-:1:

2232 4660 2351 4710 κατ’
2374 4658 2650 4726 ἀλήθειαν.
2678 4656 2824 4710 τοῦθ’
2852 4656 2986 4724 ὅπερ
3008 4653 3126 4707 ἐστὶ
3158 4660 3249 4707 καὶ
3270 4656 3505 4722 λέγεται.
3534 4653 3809 4716 Quoniam

2230 4728 2689 4781 consubstantialis
2718 4737 2792 4779 est
2826 4726 2968 4779 Filio
3000 4742 3063 4778 ac
3084 4728 3254 4779 divine
3281 4742 3372 4793 per
3393 4740 3509 4777 eum
3539 4728 3810 4791 procedit,

2230 4815 2432 4853 onmem
2460 4798 2572 4866 ejus
2612 4796 3042 4866 perfectissimam
3072 4797 3125 4849 in
3151 4800 3386 4849 omnibus
3412 4798 3668 4860 operandi
3703 4798 3811 4848 vim

2230 4869 2424 4921 habens
2452 4884 2513 4919 ac
2544 4868 2865 4936 eﬂicaciam;
2894 4868 3088 4936 idcirco
3119 4868 3263 4927 dicit,
3296 4866 3429 4936 Quia
3458 4866 3523 4917 de
3550 4880 3678 4918 meo
3714 4882 3811 4920 ac-

2232 4939 2418 5007 cipiet.
2452 4935 2626 5007 Ipsum
2671 4937 2807 4991 enim
2835 4953 2925 5006 per
2946 4953 2999 4989 se
3022 4935 3278 5004 Spiiitum
3315 4935 3588 5007 subsistere
3629 4938 3811 5007 creui-

2234 5004 2369 5072 mus,
2417 5004 2620 5062 et'esse
2658 5004 2843 5060 revera
2884 5008 2938 5060 id
2977 5007 3113 5076 quod
3142 5016 3215 5059 est
3260 5016 3409 5076 atque
3450 5004 3680 5076 Adicitur,
3715 5006 3809 5060 Sic

2234 5094 2342 5131 non
2371 5077 2515 5132 favet
2566 5078 2845 5132 Dominiea
2867 5078 2954 5130 illa
2982 5073 3084 5129 vox
3115 5092 3269 5130 novae
3296 5073 3513 5129 Graecia:
3538 5084 3594 5128 et
3618 5075 3809 5129 Pbotii

2234 5163 2416 5201 errore
2439 5149 2782 5209 dementataa,
2806 5148 2899 5201 sed
2925 5146 3047 5200 lidei
3080 5146 3359 5199 veritatem
3384 5144 3586 5198 Grzecis
3635 5146 3805 5199 etiam

2235 5218 2360 5271 olim
2402 5220 2660 5288 agnitam,
2710 5218 2921 5271 suadet.
2956 5216 3154 5270 Eadem
3207 5230 3340 5288 voce
3369 5218 3605 5288 πρόεισι,
3633 5217 3807 5267 etiam

2236 5288 2351 5340 Filii
2378 5284 2458 5341 οἱ
2475 5288 2629 5339 Patre
2656 5289 3057 5356 processiouem
3103 5288 3245 5339 idem
3271 5286 3342 5338 ibi
3370 5284 3599 5353 Cyrillus
3626 5300 3809 5356 expo-

2236 5358 2337 5414 nit.
2367 5375 2435 5411 ne
2480 5359 2603 5425 quis
2647 5353 2735 5411 hic
2774 5358 3076 5418 cavilletur,
3104 5357 3255 5425 quasi
3285 5355 3366 5417 τὸ,
3404 5353 3808 5421 ἐκπορεύεσθαι

2238 5429 2414 5496 majus
2444 5424 2644 5496 aliquid
2686 5429 2774 5489 sit,
2809 5438 2864 5481 et
2893 5424 3470 5481 wternteiemanationi
3501 5424 3809 5496 addictum,

2238 5494 2360 5550 cum
2387 5494 2614 5551 alterum
2650 5501 2830 5567 potius
2854 5498 3107 5565 respiciat
3134 5496 3487 5567 temporalem
3508 5494 3764 5567 etfectum
3793 5512 3804 5545 :

2238 5584 2346 5636 quo
2370 5585 2427 5622 se
2454 5570 2635 5623 fucum
2652 5564 2829 5621 l‘aecre
2853 5564 3064 5637 putant,
3100 5567 3192 5636 qui
3215 5566 3564 5637 scbismatico
3586 5564 3805 5637 spiritu,

2237 5634 2346 5691 non
2376 5641 2572 5702 lucem,
2602 5641 2696 5693 sed
2730 5634 2935 5691 l‘umum
2963 5652 3025 5690 ac
3052 5634 3302 5690 tenebras
3327 5634 3559 5688 labentis
3584 5634 3806 5688 Graeciae

2242 5710 2485 5765 ftecibus.
2532 5720 2655 5778 post
2691 5718 2835 5761 tanta
2869 5709 2988 5777 ejus
3026 5709 3152 5760 olim
3203 5706 3438 5768 lumina,
3472 5706 3804 5760 ministrant.

2240 5780 2343 5834 Sed
2371 5781 2483 5835 lucc
2512 5781 2789 5848 prosequi,
2819 5779 3040 5833 alterius
3060 5778 3152 5833 otii
3179 5788 3336 5847 atque
3360 5790 3560 5845 operae.
