4044 6398
256 388 365 451 809

1436 382 1965 445 EPISTOLABUM
2008 380 2236 445 LIBER
2276 385 2326 446 Ι.

3380 384 3487 447 810

239 518 464 565 ·νονται,
495 500 590 555 τοῦ
618 500 870 572 Σωτῆρος
919 499 1190 570 λέγοντος,
1236 501 1317 554 ὅτι
1368 499 1443 553 Τὸ
1474 500 1714 570 Πνεῦμα
1755 499 1824 554 ἐκ

1926 501 1992 553 de
2036 516 2146 553 meo
2196 499 2463 569 accipere,
2502 500 2598 555 sed
2630 501 2812 555 vitiata
2859 499 3067 562 littera,
3108 500 3229 570 ejus
3268 503 3385 558 loco
3429 521 3494 558 ea:

258 590 369 645 τοῦ
399 584 546 660 ἐμοῦ
581 591 862 660 λήψεται,
888 592 986 645 καὶ
1011 590 1330 661 ἀναγγελεῖ
1349 591 1521 660 ὑμῖν,
1553 592 1707 644 αὐτοὶ
1740 591 1820 654 τὸ,

258 685 327 736 ἐκ
357 682 453 737 τοῦ
500 682 658 753 ἐμοῦ,
705 683 804 753 οὑχ
846 674 922 746 ὡς
972 676 1175 739 εἷπενό
1205 683 1394 753 Σωτὴρ
1452 681 1823 748 ὲξακούοντες,

257 775 397 829 ἀλλὰ
447 774 603 827 τοῦτο
645 773 1150 844 παραγραφόμενοι,
1209 774 1324 828 ἀνθ’
1383 772 1613 835 ἐκείνου.
1674 774 1734 827 τὸ
1767 774 1826 839 ἐξ

259 869 399 940 ἐμοῦ
434 869 846 939 ἀντιγράφουσι.
898 869 1068 922 Τοῦτο
1121 868 1229 938 γὰρ
1281 868 1463 931 αὑτοῖς
1494 867 1624 931 ἴσως
1679 866 1827 930 ἔδοξε

260 962 696 1024 κατασκευάζειν
752 961 809 1013 τὸ
851 959 1115 1034 βούλημα.
1172 962 1364 1014 Καίτοι
1427 962 1475 1013 εί
1529 961 1623 1013 καὶ
1655 961 1828 1021 οὕτως

259 1054 469 1123 εἴρητο,
493 1051 682 1123 ὥσπερ
717 1054 817 1106 οὑκ
844 1054 1075 1125 εἴρηται,
1110 1052 1218 1105 οὐδ’
1246 1052 1416 1114 οὕτως
1459 1051 1640 1115 αὑτοῖς
1682 1047 1827 1121 εἶχεν

262 1145 419 1214 ἰσχὺν
453 1145 762 1215 ἠέπήρεια.
791 1145 864 1197 Οὑ
899 1144 1007 1214 γὰρ
1052 1145 1138 1197 ἀεὶ
1185 1144 1247 1197 τὸ
1287 1144 1583 1213 λαμϐάνειν
1613 1144 1692 1207 είς
1728 1141 1828 1213 τὴν

256 1236 354 1288 τοῦ
387 1234 783 1305 ἐκπορεύεσθαι
811 1234 1048 1287 διάνοιαν
1069 1233 1404 1303 λαμϐάνεται
1423 1250 1435 1261 ·
1462 1232 1574 1285 ἀλλ’
1608 1232 1718 1284 ἐσθ’
1740 1231 1828 1283 ὅτε

257 1328 357 1380 καὶ
386 1326 585 1397 πολλὴν
612 1326 708 1395 τὴν
740 1326 1093 1395 παραλλαγὴν
1116 1324 1509 1378 ὑπαινίττεται.
1537 1322 1699 1375 Ἀλλο
1720 1321 1829 1393 γάρ

258 1421 377 1472 ἐστι
413 1419 473 1471 τὸ
502 1418 820 1487 λαμϐάνειν,
852 1418 943 1470 καὶ
966 1417 1312 1485 ἀπαρύεσθαι
1341 1416 1432 1483 ἀφ’
1461 1415 1654 1485 ἐτέρας
1692 1415 1826 1466 ὑπο-

258 1511 504 1573 στάσεως
529 1511 719 1581 ὲτέραν
750 1509 1045 1562 ὑπόστασιν
1067 1526 1081 1540 ·
1113 1510 1201 1562 καὶ
1227 1508 1354 1562 ἄλλο
1385 1508 1444 1560 τὸ
1469 1509 1605 1577 πρὸς
1634 1507 1830 1559 οὑσίω-

260 1601 347 1652 σίν
369 1617 428 1652 τε
452 1600 546 1652 καὶ
568 1600 865 1653 ὑπόστασιν
892 1597 1308 1668 ἐκπορεύεσθαι.
1332 1596 1520 1659 Οὕτως
1550 1596 1669 1648 οὑδὲ
1701 1595 1829 1666 περὶ

257 1688 399 1740 αὑτά
427 1689 494 1739 τὰ
519 1687 887 1758 σημαινόμενα
918 1684 1028 1740 τῶν
1060 1686 1340 1756 ὀνομάτων
1386 1685 1830 1754 ἀπευθυνομένην

258 1776 443 1845 ἔχουσι
473 1776 570 1846 τὴν
594 1776 852 1830 διάνοιαν.
887 1775 995 1829 Καὶ
1030 1775 1083 1827 εῑ
1102 1792 1155 1827 τι
1180 1775 1307 1829 ἄλλο
1332 1777 1462 1845 παρ’
1496 1773 1674 1827 αὑτῶν
1697 1790 1829 1845 προ-

1927 608 2009 647 me
2076 593 2422 648 rescribere?
2466 590 2672 663 Nempe
2714 606 2865 648 suam
2917 592 3042 647 inde
3081 594 3367 663 probatum
3425 599 3491 653 iri

1926 686 2249 739 sententiam
2280 685 2417 739 forte
2466 695 2744 754 putavere.
2777 683 3093 753 Quanquam
3144 686 3245 740 etsi
3290 687 3361 741 ita
3410 689 3495 743 di-

1926 784 2072 830 ctum
2103 784 2267 839 esset,
2297 774 2375 829 uti
2404 784 2551 829 certe
2582 790 2689 829 non
2722 774 2924 829 dictum
2956 784 3061 840 est,
3086 790 3153 830 ne
3173 774 3251 829 sic
3275 776 3493 845 quidem

1927 868 2088 921 ullam
2121 868 2240 936 ejus
2264 867 2370 921 vim
2397 866 2669 938 aggressio
2692 866 2934 921 haberet.
2967 866 3084 921 Non
3112 867 3257 921 enim
3281 882 3494 938 semper

1926 960 2193 1029 accipere,
2222 958 2467 1014 eamdem
2520 958 2688 1028 ipsam
2715 959 2821 1013 vim
2858 958 3022 1012 habet
3064 974 3125 1013 ac
3179 959 3491 1028 procedere,

1929 1055 2023 1111 sed
2060 1055 2384 1125 quandoque
2410 1055 2570 1122 longe
2616 1068 2866 1125 magnam
2900 1055 3270 1110 diversitatem
3298 1071 3361 1111 ac
3384 1057 3497 1111 dis~

1930 1146 2340 1202 similitudinem
2361 1147 2591 1201 obscure
2630 1146 2851 1200 indicat.
2892 1146 3050 1200 Aliud
3084 1155 3167 1200 est
3190 1146 3335 1200 enim
3357 1146 3499 1201 acci-

1928 1253 2057 1308 pere
2094 1248 2254 1308 atque
2279 1239 2498 1293 haurire
2515 1253 2581 1293 ex
2607 1252 2714 1291 una
2738 1238 3037 1293 substantia
3060 1238 3217 1292 aliam
3247 1239 3499 1293 substan-

1930 1329 2082 1395 tiam,
2119 1338 2280 1397 atque
2328 1328 2471 1382 aliud
2500 1337 2557 1381 ut
2585 1326 2853 1381 exsistens
2889 1342 3016 1381 vere
3064 1327 3364 1383 substantia
3413 1334 3497 1380 at-

1930 1435 2035 1488 que
2069 1435 2294 1489 persona
2350 1420 2665 1489 procedere.
2699 1417 2787 1472 Sic
2825 1434 3001 1489 neque
3026 1420 3165 1472 circa
3223 1420 3366 1488 ipsas
3400 1434 3496 1473 vo-

1929 1524 2052 1565 cum
2094 1511 2519 1581 signiﬁcationes
2576 1518 2775 1563 rectam
2812 1509 3012 1563 habent
3054 1518 3313 1564 mentem.
3351 1509 3425 1562 Ac
3453 1508 3497 1561 si

1930 1603 2058 1670 quid
2112 1603 2255 1656 aliud
2301 1603 2369 1656 ab
2414 1602 2494 1656 eis
2518 1602 2740 1655 allatum
2784 1600 2945 1654 fuerit
2972 1600 3146 1653 eidem
3185 1601 3352 1653 haeret
3402 1600 3499 1653 de-

1931 1692 2148 1746 mentire
2181 1710 2192 1746 :
2230 1693 2477 1761 ejusdem
2511 1706 2731 1762 germen
2780 1690 3009 1745 inscitia:
3034 1692 3294 1751 cernitur,
3329 1698 3383 1744 et
3431 1690 3496 1743 ad

1932 1784 2177 1837 eamdem
2213 1783 2441 1858 invertit
2483 1784 2622 1838 laesze
2655 1782 2869 1852 pietatis
2900 1782 3196 1851 perniciem
3252 1796 3317 1837 ac
3361 1783 3499 1835 inte~

258 1870 571 1941 κομισθείη,
600 1872 699 1940 τῆς
721 1871 890 1939 αὑτῆς
925 1870 1022 1940 μὲν
1052 1869 1229 1938 ἔχεται
1253 1869 1570 1942 παρανοίαςο
1601 1869 1701 1938 τῆς
1726 1868 1827 1920 αὑ·-
1862 1845 1903 1904 Β
1932 1877 2118 1932 mum,

257 1963 357 2032 τῆς
382 1962 429 2015 δ’
466 1960 706 2033 ἀμαθίας
730 1961 1027 2031 καθορᾶται
1051 1960 1338 2031 βλάστημα
1364 1998 1380 2024 ,
1420 1960 1515 2014 καὶ
1558 1959 1694 2030 πρὸς
1732 1960 1831 2029 τὴν

257 2052 428 2125 αὐτὴν
453 2052 814 2124 καταστρέφει
852 2052 953 2123 τῆς
982 2053 1238 2114 ἀσεϐείας
1267 2051 1565 2108 ἀπώλειαν.

332 2146 452 2211 ις’.
481 2144 612 2208 Ναὶ,
647 2144 810 2213 φησίν
831 2161 845 2174 ·
870 2143 986 2197 ἀλλ’
1028 2144 1389 2216 Ἀμϐρόσιοςό
1411 2146 1579 2216 μέγας
1604 2145 1698 2209 καὶ
1724 2146 1832 2198 Αὑ-

259 2238 538 2303 γουστῖνος
561 2236 655 2289 καὶ
690 2234 1032 2305 Ἱερώνυμος,
1078 2236 1171 2289 καί
1203 2254 1345 2299 τινες
1384 2236 1597 2300 τούτοις
1628 2230 1829 2308 ὁμοτα-

261 2324 377 2390 γετς
405 2340 463 2375 τε
486 2325 579 2376 καὶ
604 2324 919 2387 ίσοστάσιοι,
947 2325 1089 2395 μέγα
1118 2325 1287 2394 ὄνομα
1310 2327 1563 2394 λαχόντες
1595 2329 1681 2380 ἐπ’
1704 2330 1831 2400 ἀρε-

259 2414 327 2484 τῇ
367 2415 461 2466 καὶ
488 2413 603 2484 βίου
637 2413 1002 2485 λαμπρότητι,
1035 2416 1092 2467 τὸ
1119 2414 1341 2486 Πνεῦμα
1380 2418 1443 2469 ἐκ
1473 2416 1565 2469 τοῦ
1602 2417 1732 2470 Υἱοῦ
1772 2420 1830 2471 ἑν

264 2505 477 2569 πολλοῖς
502 2505 681 2558 αὐτῶν
700 2506 879 2573 λόγοις
910 2506 1208 2571 συνέταξαν
1240 2507 1657 2579 ἐκπορεύεσθαι.
1719 2509 1830 2562 Καὶ

255 2599 326 2671 δὴ
353 2599 563 2663 τούτοις
584 2599 905 2671 πειθόμεθα,
934 2601 1076 2654 οὕτω
1099 2602 1192 2654 καὶ
1236 2602 1414 2671 λέγειν
1446 2604 1539 2656 καὶ
1583 2604 1827 2674 φρονεῖν’

260 2693 357 2745 καὶ
388 2692 461 2763 μὴ
486 2693 772 2763 ἀτιμάζειν
815 2694 1061 2764 πατέρας
1110 2696 1190 2759 είς
1220 2695 1505 2767 αἱρετικὴν
1530 2696 1687 2762 δόξαν
1715 2695 1827 2749 δια-

256 2783 568 2847 ϐάλλοντες.
604 2784 759 2836 Ἔστι
797 2784 855 2836 δὲ
910 2801 1124 2855 πρωτον
1173 2786 1270 2856 μὲν
1292 2787 1352 2839 τὸ
1397 2789 1531 2840 πᾶσι
1565 2786 1830 2856 πρόδηλον

259 2875 396 2945 πρὸς
420 2875 615 2939 αὑτοὺς
640 2876 838 2938 εἰπεῖν,
870 2875 945 2939 ὡς
979 2878 1027 2928 εί
1061 2877 1211 2944 δέκα,
1261 2878 1292 2947 ἢ
1344 2878 1437 2931 καὶ
1467 2878 1640 2931 εἴκοσι
1686 2879 1831 2941 τινὲς

255 2964 371 3016 τῶν
395 2964 657 3033 Πατέρων
674 2964 876 3033 ταύτην
901 2961 1052 3019 εἷπον
1078 2968 1177 3038 τὴν
1205 2968 1409 3037 φωνὴν,
1441 2968 1623 3041 μυρίοι
1646 2967 1701 3021 δὲ
1731 2970 1830 3023 οὑκ

252 3054 610 3121 ἐφθέγξαντο,
655 3056 798 3120 τίνες
845 3060 892 3113 oi
945 3057 1193 3130 Πατέρας
1249 3060 1657 3129 ἐξυϐρίζοντεςθ
1688 3061 1737 3113 οἱ
1770 3060 1829 3115 τὸ

258 3149 367 3201 πᾶν
394 3148 569 3251 αὐτῶν
602 3149 703 3220 τῆς
737 3152 1020 3214 εὐσεϐείας
1047 3154 1103 3204 ὲν
1135 3152 1336 3220 ὀλίγοις
1370 3155 1826 3225 περιγράφοντες,
1853 3191 1896 3253 C

257 3238 351 3289 καί
381 3236 603 3301 τούτους
630 3238 1161 3308 ἀντιφθεγγομένους
1201 3242 1295 3295 καὶ
1338 3243 1827 3313 ἀντιτασσομένους

253 3329 657 3399 οἰκουμνενικαῖς
689 3333 947 3395 συνόδοις,
978 3331 1073 3383 καὶ
1097 3330 1453 3404 ἀναριθμήτῳ
1476 3333 1668 3404 πλήθει
1704 3334 1825 3386 θεο-

250 3420 440 3489 φόρων
466 3421 675 3492 ἀνδρῶν
706 3422 1159 3493 προϐαλλόμενοι,
1188 3423 1221 3493 ἢ
1270 3425 1319 3476 oi
1352 3424 1479 3487 τοὺς
1513 3424 1826 3477 πολλαπλα-

255 3512 406 3574 σίους
452 3512 781 3584 συνηγόρους
831 3513 1376 3585 παραλαμϐάνοντες.
1446 3514 1689 3585 Ὑϐρίζει
1738 3528 1826 3578 τις

250 3603 528 3674 Πατέρας,
554 3604 628 3667 ὡς
663 3604 792 3675 φὴς,
824 3607 899 3676 μὴ
933 3608 1106 3673 λέγων
1128 3607 1191 3660 τὸ
1218 3606 1442 3676 Πνεῦμα
1474 3607 1539 3659 ἐκ
1565 3607 1660 3660 τοῦ
1691 3606 1823 3659 Υίοῦ

249 3694 646 3766 ἐκπορεύεσθαι
672 3712 687 3727 ο
715 3698 807 3750 καὶ
839 3700 947 3769 γὰρ
981 3699 1157 3762 οὕτως
1211 3700 1409 3751 ἐκεῖνοι
1459 3698 1820 3768 ἐφθέγξαντοο

249 3793 349 3841 καὶ
382 3790 500 3853 πῶς
520 3790 618 3859 οὑχ
654 3789 863 3863 ὑϐρίζει
899 3788 1331 3854 πολλαπλασίους
1364 3793 1392 3845 ό
1421 3782 1579 3845 τοῦτο
1620 3791 1818 3860 λέγων;

247 3881 329 3933 Oi:
352 3881 461 3949 γὰρ
488 3881 753 3950 οὐμενοῦν
772 3883 1009 3955 οὐδαμοῦ
1042 3883 1200 3937 τοῦτο
1244 3884 1575 3954 φθέγξασθαι
1608 3884 1825 3937 κατεδέ-

247 3974 380 4041 ξανο
414 4016 432 4031 .
478 3973 615 4027 Ἀλλ’
639 3976 852 4046 ὑϐρίζει
910 3978 1157 4046 Πατέρας
1188 3979 1216 4030 ό
1269 3978 1421 4048 παρά
1451 3976 1549 4047 τὴν
1601 3976 1821 4031 ἐκείνων

248 4068 436 4135 φωνὴν
460 4065 633 4134 λέγων
657 4085 672 4133 ;
707 4068 822 4130 πῶς
859 4069 957 4137 οὑχ
987 4068 1197 4139 ὑϐρίζει
1223 4069 1313 4121 τὸν
1342 4071 1518 4122 κοινὸν
1544 4068 1821 4137 Δεσπότην

245 4160 277 4211 ό
306 4156 405 4228 τὴν
436 4159 645 4211 ἐκείνου
673 4160 1113 4229 παραχαράττων
1143 4161 1345 4231 φωνὴν,
1378 4161 1471 4213 καὶ
1505 4160 1821 4213 διδάσκαλον

244 4251 363 4305 ἀντ’
416 4251 626 4306 ἐκείνου
679 4251 841 4305 ἄλλον
884 4250 984 4319 τῆς
1022 4251 1303 4319 θεολογίας
1358 4244 1816 4322 προϐαλλόμενος.

257 4345 421 4399 Ἀλλά
443 4346 526 4408 τίς
548 4345 697 4414 λέγει
720 4346 901 4408 τοῦτο,
926 4345 1023 4407 Τίς
1050 4344 1200 4397 ἐστιν
1223 4347 1252 4398 ὁ
1274 4344 1532 4417 ὑϐριστὴς
1560 4347 1668 4399 τῶν
1689 4346 1819 4417 περὶ

243 4442 606 4507 Αὑγουστῖνον
635 4441 731 4495 τὸν
761 4440 906 4511 ἱερὸν
938 4443 1030 4495 καὶ
1074 4439 1395 4511 Ἱερώνυμον
1428 4442 1522 4493 καὶ
1564 4439 1817 4512 Ἀμϐρώ-

2004 2150 2143 2207 XVI.
2180 2152 2329 2217 Esto,
2367 2152 2648 2221 inquiunt;
2700 2152 2849 2222 atqui
2888 2164 3117 2224 magnus
3168 2152 3494 2206 Ambrosius

1932 2254 1988 2300 et
2014 2243 2351 2315 Augustinus
2370 2254 2424 2298 et
2455 2244 2836 2314 Hieronymus,
2862 2242 3060 2312 aliique
3078 2242 3329 2296 nonnulli
3353 2243 3499 2312 paris

1932 2337 2113 2392 meriti
2139 2346 2303 2407 atque
2329 2336 2560 2400 ordinis,
2596 2336 2815 2390 virtutis
2840 2336 2961 2390 luce
3004 2352 3068 2390 ac
3099 2336 3223 2390 vita:
3253 2335 3497 2390 claritate

1931 2430 2091 2499 longe
2110 2429 2469 2498 conspicuum
2499 2443 2701 2482 nomen
2724 2430 3026 2491 consecuti,
3058 2428 3242 2482 multis
3274 2443 3494 2482 suarum

1932 2518 2366 2575 lucubrationum
2402 2518 2556 2583 locis,
2592 2517 2856 2588 Spiritum
2902 2535 2967 2573 ex
3012 2518 3149 2573 Filio
3201 2517 3497 2589 procedere

1932 2610 2282 2680 scripserunt.
2338 2612 2416 2665 Ac
2458 2626 2588 2665 sane
2622 2625 2832 2665 morem
2879 2612 3140 2682 gerimus,
3195 2618 3255 2665 ut
3304 2610 3382 2665 sic
3416 2611 3494 2665 illi

1932 2709 1987 2755 et
2013 2702 2196 2756 dicant
2230 2709 2284 2755 et
2333 2702 2611 2767 sentiant;
2666 2716 2767 2756 nec
2814 2710 2994 2755 tamen
3046 2702 3315 2757 haeretica:
3360 2701 3497 2757 labis

1932 2793 2259 2849 calumniam
2282 2809 2589 2863 noxamque
2618 2792 2870 2848 Patribns
2904 2793 3224 2849 inferamus.
3252 2793 3327 2848 Ac
3376 2793 3492 2864 pri-

1933 2901 2103 2951 mum,
2137 2886 2283 2954 quod
2332 2886 2544 2941 cunctis
2604 2886 2952 2941 manifestum
3015 2892 3118 2951 est,
3167 2887 3496 2956 respondere

1931 2975 1999 3030 ad
2032 2992 2127 3032 eos
2160 2977 2287 3032 licet
2323 2994 2338 3030 :
2370 2975 2428 3031 Si
2470 2976 2681 3041 decem,
2714 2993 2808 3032 seu
2837 2978 3000 3033 etiam
3039 2978 3224 3050 viginti
3261 2995 3291 3033 e
3324 2978 3494 3033 Patri-

1932 3069 2037 3124 bus
2073 3068 2215 3124 hanc
2256 3083 2446 3124 vocem
2473 3070 2749 3135 dixerunt,
2784 3071 3029 3125 sexcenti
3062 3086 3193 3125 vero
3223 3086 3287 3125 ac
3330 3071 3494 3125 innu-

1933 3163 2067 3216 meri
2092 3179 2200 3217 non
2231 3163 2519 3227 dixerunt;
2550 3163 2772 3233 quinam
2801 3170 2931 3217 sunt
2961 3162 3053 3233 qui
3086 3161 3274 3216 Patres
3296 3160 3493 3231 injuria

1928 3252 2189 3315 afﬁciunt,
2232 3252 2341 3307 iine
2380 3252 2470 3322 qui
2500 3252 2649 3307 brevi
2686 3268 2914 3306 numero
2947 3258 3214 3321 quotquot
3247 3250 3333 3320 pie
3364 3265 3492 3304 sen-

1928 3353 2139 3409 serunt,
2167 3342 2643 3406 circumscribunt,
2678 3357 2881 3412 eosque
2906 3349 3153 3397 statuunt
3185 3342 3276 3412 qui
3340 3356 3492 3397 aecu-

1927 3436 2154 3489 menicis
2205 3434 2423 3505 synodis
2477 3435 2926 3488 contradixerunt
2981 3434 3158 3503 iisque
3224 3433 3491 3489 adversati

1926 3538 2074 3590 sunt,
2106 3528 2520 3596 divinorumque
2553 3526 2792 3588 Patrum,
2824 3535 3024 3596 quanta
3072 3541 3174 3580 nec
3215 3527 3493 3580 numerari

1925 3627 2103 3688 potest
2131 3617 2461 3671 multitudini
2491 3623 2853 3686 anteponunt,
2877 3630 2945 3670 an
3001 3614 3092 3684 qui
3140 3616 3325 3672 multis
3366 3630 3487 3685 par-

1926 3710 2071 3764 tibus
2098 3709 2281 3779 plures
2320 3709 2417 3763 sibi
2454 3718 2711 3779 patronos
2755 3709 3067 3763 asciscunt?
3120 3707 3321 3777 lnjuria
3369 3707 3491 3778 quis

1922 3800 2112 3857 Patres
2150 3802 2335 3868 aﬂicit,
2374 3802 2572 3872 inquis,
2614 3801 2706 3870 qui
2744 3800 3003 3870 Spiritum
3030 3816 3097 3855 ex
3130 3800 3269 3855 Filio
3300 3816 3489 3871 proce-

1923 3897 2052 3952 dere
2084 3912 2193 3951 non
2224 3896 2388 3951 dicit:
2423 3896 2623 3949 ctenim
2656 3895 2733 3950 sic
2764 3894 2835 3947 illi
2869 3894 3029 3947 locuti
3057 3901 3214 3956 sunt;
3251 3901 3305 3947 et
3354 3907 3492 3962 quo-

1924 3990 2087 4044 modo
2118 4005 2227 4043 non
2255 3989 2413 4060 longe
2445 3989 2629 4057 plures
2656 3986 2855 4055 injuria
2886 3987 3072 4050 violat,
3112 3986 3204 4054 qui
3255 3986 3360 4040 hoc
3404 3986 3489 4040 di-

1922 4084 2032 4137 cit?
2059 4083 2345 4152 Nunquam
2395 4081 2538 4135 enim
2589 4082 2967 4134 sustinuerunt
2993 4088 3051 4133 nt
3083 4079 3189 4133 hoc
3221 4078 3487 4132 dicerent.

1923 4174 2214 4228 Enimvero
2265 4173 2454 4226 Patres
2507 4172 2705 4239 injuria
2762 4170 2946 4235 allicit,
2982 4170 3074 4239 qui
3129 4180 3489 4239 praeterquam

1920 4262 2065 4333 quod
2102 4263 2177 4316 illi
2214 4261 2378 4315 locuti
2424 4270 2571 4322 sunt,
2604 4260 2775 4314 dicit?
2816 4262 2885 4313 At
2914 4259 3186 4328 quomodo
3222 4274 3328 4312 non
3372 4275 3488 4313 ma-

1920 4355 2000 4427 gis
2034 4370 2093 4408 ea
2138 4368 2481 4408 communem
2519 4353 2802 4405 Dominum
2835 4351 3021 4416 aiiicit,
3070 4351 3161 4420 qui
3199 4352 3342 4406 illius
3393 4352 3489 4406 de-

1923 4455 2110 4517 pravat
2154 4460 2217 4499 ac
2268 4444 2569 4512 corrumpit
2605 4459 2813 4508 vocem,
2867 4445 3093 4513 ejusque
3151 4444 3268 4499 loco
3320 4444 3485 4498 alium

244 4551 381 4588 σιον.
424 4533 481 4588 ⁸0
522 4535 745 4599 τούτους
782 4535 1075 4597 ἀντιτιθεὶς
1122 4532 1203 4602 τῷ
1229 4531 1392 4601 κοινῷ
1433 4534 1674 4605 Δεσπότῃ
1716 4534 1809 4586 καὶ

1925 4536 2021 4590 sibi
2048 4536 2328 4589 doctorem
2353 4549 2417 4586 ac
2452 4532 2735 4602 tlieologiae
2767 4533 3090 4602 magistrum
3122 4531 3382 4604 praeﬁcit!
3416 4534 3487 4586 At

238 4625 547 4697 διδασκάλῳ
574 4627 1101 4696 ἀντιφθεγγομένους
1122 4641 1136 4654 °
1168 4624 1201 4695 ἢ
1228 4624 1257 4675 ὁ
1304 4623 1470 4694 μηδὲν
1512 4624 1609 4694 μὲν
1637 4625 1815 4679 τοιοῦ-

239 4734 335 4771 τον
360 4719 549 4781 ποιῶν,
574 4719 753 4772 κοινοῦ
783 4721 839 4774 δὲ
867 4719 1138 4773 Δεσπότου
1183 4716 1603 4773 κατακολουθεῖν
1646 4717 1813 4783 ἀξιῶν

240 4807 454 4872 πάντας
486 4808 562 4879 τῷ
592 4810 943 4881 θεσπίσματι.

1917 4627 2038 4697 quis
2068 4625 2171 4678 hoc
2192 4625 2361 4679 dicit?
2389 4624 2651 4689 Quisnam
2676 4625 2907 4695 injurius
2930 4639 3014 4682 est
3034 4638 3219 4682 contra
3238 4635 3486 4682 sanctum

1915 4717 2276 4787 Augustinum
2303 4726 2357 4770 et
2405 4716 2797 4786 Hieronymum
2826 4731 2880 4775 et
2930 4718 3320 4773 Ambrosium?
3367 4718 3485 4771 isne

1915 4808 2006 4877 qui
2033 4806 2311 4861 cummuni
2343 4806 2574 4860 Domino
2604 4817 2767 4880 atque
2790 4809 3047 4880 magistro
3078 4818 3332 4876 tanquam
3362 4821 3488 4862 con-

1917 4900 2080 4953 traria
2106 4899 2317 4951 locutos
2356 4899 2607 4971 opponit.
2646 4919 2713 4956 an
2746 4902 2839 4970 qui
2886 4898 3302 4967 nihilcjusmodi
3336 4898 3484 4962 facit,

1796 5018 1804 5025 -
1914 4994 2006 5045 sed
2026 5000 2285 5043 ntnmnes
2306 4997 2614 5049 communis
2635 4993 2844 5047 Domini
2869 4992 3147 5045 decretum
3168 4999 3483 5059 sequantur,

268 5158 273 5163 ⁷
314 5156 409 5212 ΙΖ’.
462 5155 603 5209 Ἀλλ’
630 5154 900 5217 εἰκαλῶς,
926 5156 1112 5223 φησὶν,
1143 5153 1529 5223 ὲδογμάτισαν,
1569 5154 1663 5205 καὶ
1711 5152 1816 5224 χρὴ

235 5251 299 5302 τὸ
332 5248 557 5301 ἐκείνων
587 5246 814 5299 θάλπειν
842 5249 1115 5315 φρόνημα,
1146 5249 1294 5308 τοὺς,
1318 5245 1433 5296 ὅσοι
1454 5243 1677 5304 τούτους
1710 5246 1817 5297 Πα-

234 5345 401 5414 τέρας
430 5341 825 5412 ἐπιγράφουσιν
845 5355 859 5368 ’
886 5339 917 5410 ἦ
961 5340 1235 5404 δυσσεϐῶς
1279 5338 1461 5406 εἷπον,
1502 5339 1595 5391 καὶ
1631 5338 1711 5390 δεῖ
1738 5338 1815 5407 τῷ

236 5433 503 5507 αἱρετικῷ
575 5434 887 5504 φρονήματι
951 5432 1237 5498 κάκείνους
1293 5431 1810 5487 συναποϐάλλεσθαι.

236 5529 423 5581 Ταῦτα
456 5528 503 5579 oi
528 5528 626 5598 τὴν
667 5525 919 5580 ἀσέϐειαν
947 5526 1285 5597 ἀδικώτεροι.
1333 5527 1408 5579 υὺ
1439 5526 1547 5596 γὰρ
1606 5526 1809 5587 αὑτοῖς,

235 5620 312 5683 ὡς
340 5621 508 5681 ἔοικε,
560 5619 698 5688 μέγα
735 5620 869 5689 πρὸς
916 5618 1169 5672 ἀσέϐειαν
1224 5616 1373 5669 δοκεῖ
1435 5615 1808 5686 κρατυνομένη

236 5711 366 5781 παρ’
394 5710 574 5763 αὐτῶν
605 5712 702 5776 τῆς
736 5712 1013 5778 θεολογίας
1043 5712 1070 5780 ἡ
1107 5709 1402 5778 διαστροφή
1429 5725 1441 5736 ·
1477 5708 1589 5759 ἀλλ’
1624 5705 1810 5769 ἀτελὲς

239 5804 500 5873 ἡγοῦνται
554 5803 613 5854 τὸ
649 5802 993 5871 σπούδασμα,
1030 5805 1078 5854 εἰ
1129 5804 1202 5872 μὴ
1233 5803 1327 5854 καὶ
1378 5801 1685 5871 ζητήσωσιν
1718 5799 1805 5851 εὑ-

553 5898 823 5956 Parnm.
870 5898 984 5955 Gn.
1032 5896 1158 5954 Cll.

1919 5064 2107 5133 cupit?

1990 5154 2153 5210 XVII.
2215 5157 2286 5210 At
2348 5155 2635 5226 siquidem,
2692 5156 2890 5224 inquit,
2957 5157 3125 5225 probe
3184 5159 3491 5218 docuerunt

1918 5258 2078 5317 atque
2097 5255 2405 5307 senserunt,
2427 5260 2615 5298 eorum
2630 5261 2845 5314 quoque
2867 5246 2971 5300 illis
2985 5249 3240 5304 omnibus
3255 5251 3487 5307 fovenda

1917 5339 2185 5394 sententia
2217 5346 2320 5401 est,
2345 5338 2437 5406 qui
2466 5352 2562 5391 eos
2592 5335 2780 5392 Patres
2809 5351 3113 5408 agnoscunt
3138 5360 3150 5394 :
3183 5344 3265 5395 sin
3294 5351 3474 5397 autem

1918 5432 2080 5501 impie
2107 5432 2268 5486 locuti
2305 5440 2452 5494 sunt,
2486 5445 2591 5484 una
2635 5445 2759 5484 cum
2806 5432 3062 5487 haeretico
3088 5449 3253 5489 sensu
3310 5446 3367 5489 et
3406 5436 3481 5489 illi

1914 5522 2235 5594 expiodendi
2271 5531 2416 5575 sunt.
2450 5522 2576 5577 Haec
2602 5523 2677 5577 ita
2702 5524 2796 5593 qui
2841 5525 3030 5594 majori
3081 5528 3285 5581 scelere
3328 5527 3485 5582 litant

1914 5615 2213 5685 impietati:
2248 5616 2367 5668 Non
2397 5616 2541 5668 enim
2565 5614 2696 5685 ipsis
2726 5616 2809 5689 (ut
2853 5616 2982 5671 licet
3021 5617 3313 5686 conjicere)
3364 5631 3482 5671 ma-

1913 5724 2076 5779 gnum
2118 5707 2331 5762 videtur
2365 5708 2432 5762 ad
2476 5708 2831 5777 impietatem,
2880 5718 2939 5762 ut
2990 5723 3152 5777 qnam
3216 5706 3483 5762 inducunt

1914 5800 2199 5870 theologize
2278 5800 2684 5869 perversionem
2733 5810 3010 5867 statuant,
3062 5799 3156 5854 sed
3214 5800 3358 5869 quod
3407 5799 3480 5855 ita

3129 5891 3208 5952 26
