4044 6402
576 363 676 430 811

580 588 701 633 rant
730 576 997 644 invenire,
1036 592 1173 647 quos
1212 577 1404 633 Patres
1448 582 1667 637 vocant,
1711 569 1983 643 quomodo
2033 567 2137 621 im-

582 671 751 742 proba
778 685 842 726 ea
877 669 1127 740 indagine
1147 685 1209 725 ac
1229 671 1589 725 verendorum
1610 664 1915 722 delectione
1943 659 2139 730 injuria

592 761 828 816 alliciant
882 776 895 813 :
939 759 1039 813 hac
1075 774 1288 828 quoque
1312 768 1463 828 parte
1488 772 1645 811 veros
1671 755 1839 810 Cham
1878 751 2019 804 illius
2058 748 2141 803 di-

585 850 819 920 scipulos
846 864 964 904 sese
996 848 1333 904 exhibentes.
1358 848 1448 917 qui
1472 846 1671 902 nedum
1700 844 1865 913 patris
1903 838 2141 895 verenda

584 957 694 997 non
715 941 947 1005 obtexit;
982 955 1168 994 verum
1193 941 1352 994 etiam
1388 937 1688 1007 impudenti
1735 949 1832 989 ore
1877 932 2141 1000 vultuque

585 1032 956 1089 subsannavit.
990 1029 1159 1086 Secus
1180 1046 1308 1085 vero
1332 1030 1587 1085 Ecclesiae
1618 1026 1843 1089 alumni,
1863 1038 1966 1078 nec
1985 1021 2143 1092 quid.

583 1142 743 1197 quam
776 1140 929 1179 saera
957 1125 1284 1179 documenta
1313 1123 1484 1189 obliti,
1515 1122 1642 1176 Sem
1680 1129 1736 1174 et
1778 1117 1977 1187 Japhet
2028 1116 2143 1169 bte-

587 1226 767 1271 rentes
798 1215 1060 1285 vestigiis,
1094 1230 1217 1269 cum
1249 1222 1530 1284 paternam
1588 1209 1984 1281 turpitudinem
2040 1223 2143 1261 no-

587 1320 782 1365 verunt
806 1310 1100 1375 occultare,
1137 1317 1251 1363 tum
1297 1306 1464 1364 Cham
1514 1306 1658 1361 illius
1689 1304 1912 1360 aemulos
1956 1318 2144 1373 repro-

587 1404 714 1458 bare
751 1417 813 1456 ac
841 1401 1096 1455 aversari.

660 1492 850 1548 XVIII.
886 1493 1151 1549 Praeterea
1185 1508 1336 1555 vero,
1377 1492 1423 1546 si
1470 1506 1608 1561 quos
1649 1490 1903 1559 superius
1957 1490 2146 1543 Patres

586 1584 1025 1647 memoravimus,
1061 1584 1201 1637 nihil
1228 1583 1507 1637 communi
1538 1580 1771 1635 Domino
1810 1580 2145 1635 contrarium

588 1673 904 1742 loquuntur,
936 1686 1005 1725 ne
1033 1687 1134 1726 nos
1162 1671 1381 1740 quidem
1411 1670 1519 1723 illis
1542 1670 1831 1738 loquemur
1850 1666 2143 1723 contraria.

589 1761 683 1817 Sin
713 1769 894 1816 autem
925 1775 1023 1817 vos
1048 1760 1227 1815 dicitis
1259 1759 1555 1814 Dominieze
1585 1774 1680 1812 eos
1704 1759 1820 1812 voci
1851 1755 2144 1821 adversari,

590 1863 829 1908 vestrum
858 1862 943 1907 est
987 1860 1047 1906 ut
1071 1861 1127 1907 et
1170 1851 1460 1906 Dominum
1490 1850 1595 1905 illis
1654 1849 2007 1919 postponatis,
2059 1848 2143 1918 ip-

589 1960 784 2015 sosque
810 1944 976 2014 spreti
1006 1942 1270 1998 Dominici
1311 1942 1567 2013 prwcepti
1602 1956 1745 2005 reos,
1792 1940 1847 1994 in
1914 1940 2147 1994 inevita-

592 2036 714 2091 bilis
733 2036 916 2106 judicii
937 2050 1132 2090 noxam
1155 2051 1217 2089 ac
1239 2033 1636 2089 damnationem
1662 2030 1907 2086 trudatis.
1935 2031 2145 2096 Quanta

592 2142 718 2183 vero
752 2127 873 2197 quis
906 2142 1005 2196 pro
1026 2126 1319 2179 beatisillis
1337 2125 1465 2177 viris
1484 2123 1651 2193 possit
1677 2123 1895 2177 dicere?
1922 2122 2147 2187 Quanta}

592 2221 739 2278 enim
796 2235 978 2274 rerum
1032 2218 1478 2289 negotiorumque
1520 2216 1905 2287 perplexitates
1948 2214 2147 2270 multos

592 2321 886 2383 coegerunt
940 2323 1001 2366 ut
1044 2311 1238 2381 partim
1294 2310 1429 2363 male
1490 2310 1987 2379 interpretarentur,
2021 2321 2146 2376 par-

594 2402 686 2458 tim
735 2400 1143 2471 dispensatione
1189 2399 1419 2469 quadam
1501 2397 1871 2468 loquerentur,
1921 2411 2043 2449 cum
2091 2400 2147 2449 et

593 2493 850 2547 increduli
875 2493 1308 2554 adversarentur,
1333 2491 1456 2544 etin
1484 2505 1644 2559 quam
1665 2488 1897 2558 prolapsi
1938 2495 2144 2552 essent,

590 2585 910 2657 ignorantia,
942 2591 1007 2637 ut
1027 2598 1087 2637 se
1113 2582 1316 2636 habent
1343 2597 1429 2635 res
1464 2582 1736 2635 humanas.
1777 2579 1929 2633 Alius
1991 2594 2146 2632 nam-

586 2693 692 2747 que
719 2678 1003 2732 decertans
1040 2674 1304 2729 adversus
1340 2672 1663 2736 hareticos;
1699 2671 1842 2725 alius
1874 2686 1973 2740 pro
2043 2685 2143 2723 au-

590 2770 827 2824 ditorum
876 2766 1245 2822 imbecillitate
1303 2764 1602 2833 composita
1657 2763 1925 2827 doctrina,
1984 2770 2146 2830 atque

587 2856 729 2910 alius
758 2855 905 2910 aliud
934 2854 1064 2924 quid
1097 2852 1348 2917 moliens,
1380 2861 1435 2906 et
1461 2867 1584 2906 cum
1607 2852 1797 2921 majori
1827 2852 2006 2920 aliquo
2040 2853 2146 2907 line

588 2948 659 3002 ab
688 2953 937 3001 accurata
963 2942 1246 3012 disciplina
1274 2957 1384 2996 non
1419 2942 1605 3012 paucis
1636 2942 1690 2995 in
1723 2942 1884 2997 rebus
1936 2952 2145 3013 tempe-

593 3052 714 3091 rare
762 3034 1191 3103 submissiusque
1234 3048 1393 3104 agere
1449 3043 1661 3102 tempus
1722 3034 1992 3099 suaderet,
2031 3045 2147 3089 tum

595 3127 758 3183 locuti
786 3134 934 3192 sunt,
969 3134 1155 3180 tumve
1198 3134 1444 3195 egerunt,
1490 3140 1609 3194 quae
1656 3125 1812 3180 nobis
1851 3140 1953 3181 nec
2000 3125 2145 3195 loqui

593 3236 694 3276 nec
729 3235 890 3289 agere
918 3220 1060 3276 licet.

662 3314 804 3369 XIX.
849 3313 916 3369 Et
947 3324 1008 3370 ut
1046 3315 1282 3386 reliquos
1309 3314 1577 3378 omittam,
1609 3310 1904 3383 perpende,
1941 3326 2144 3382 quaeso,

592 3404 973 3460 admirandum
1004 3406 1232 3462 Paulum
1262 3420 1327 3461 ac
1345 3404 1491 3459 orbis
1512 3403 1831 3472 magistrum
1865 3413 1927 3456 ut
1946 3401 2147 3456 sancti-

592 3498 801 3565 ticatus,
841 3506 903 3553 ut
944 3513 1126 3564 rasus;
1159 3513 1253 3553 eos
1309 3496 1401 3566 qui
1454 3510 1646 3551 recens
1704 3494 1769 3548 ad
1809 3493 2148 3562 disciplinam

590 3586 832 3641 animum
861 3588 1212 3658 adjecissent,
1246 3602 1354 3641 non
1386 3586 1558 3642 solido
1586 3584 1728 3649 cibo,
1750 3584 1844 3637 sed
1875 3584 2012 3639 lacte
2039 3583 2149 3637 ale-

594 3684 695 3731 ret.
728 3674 805 3730 Ae
840 3676 886 3729 si
925 3676 1048 3745 quis
1099 3675 1357 3744 deinceps
1410 3688 1688 3729 sacrorum
1743 3672 1981 3726 virorum
2019 3671 2150 3727 cho-

591 3781 711 3821 rum
740 3774 1044 3836 percurrat,
1080 3767 1207 3822 vitaa
1236 3781 1400 3821 omne
1433 3775 1649 3834 tempus
1677 3773 1815 3819 teret
1858 3763 1984 3818 talia
2023 3779 2150 3833 per-

590 3857 885 3923 censendo,
926 3865 982 3911 et
1010 3866 1070 3912 ut
1100 3872 1163 3913 ea
1191 3858 1518 3912 conscribat.
1558 3856 1613 3911 Si
1656 3855 1778 3925 quis
1822 3853 1970 3907 enim
2016 3870 2144 3909 vero

1698 362 1957 425 PHOTII
1993 354 2491 419 PATRIARCHZE
2524 355 2633 416 (ΖΡ.

484 500 493 511 ’
582 484 877 540 moliuntur
910 482 1284 554 imperfectum
1310 484 1637 547 existimant,
1670 480 1772 534 nisi
1796 477 1959 534 etiam
1989 488 2138 544 quae-

2248 470 2374 540 ρεῖν.
2408 466 2503 530 οὓς
2533 465 2780 536 Πατέρας
2807 463 3031 519 καλοῦσι
3052 504 3066 529 ,
3101 465 3188 519 διά
3226 465 3325 535 τῆς
3354 466 3607 535 τοιαύτης
3635 466 3814 534 ἀγνώ-

3700 352 3811 417 812

2240 576 2399 628 μονος
2422 557 2668 628 ἐρεύνης,
2688 558 2783 610 καὶ
2795 559 2894 627 τῆς
2913 556 3023 609 τῶν
3047 556 3371 626 ἀσχημόνων
3398 556 3811 626 ἀνακαλύψεως,

2237 652 2384 714 ὅπως
2414 650 2709 721 ύϐρίσωσι’
2759 649 3071 714 δεικνύντες
3123 650 3317 713 αὐτοὺς
3357 647 3634 703 κάνταῦθα
3676 666 3816 719 ηγνηο

2241 743 2390 805 σίους
2417 742 2513 794 τοῦ
2538 741 2669 811 Χάμ
2694 741 2960 812 μαθητὰς,
2988 741 3046 804 ὃς
3077 741 3175 811 τὴν
3202 740 3294 794 τοῦ
3322 740 3529 811 πατρὸς
3557 742 3811 810 ἀσχημο-

2241 832 2408 902 σύνην
2434 834 2496 885 ού
2518 830 2904 900 συνεκάλυψεν,
2929 831 3135 886 ἀναιδεῖ
3152 830 3211 884 δὲ
3231 829 3505 901 προσώπῳ
3528 830 3812 901 διεχλεύα-

2242 941 2353 978 σεν.
2400 923 2538 977 Ἀλλ’
2567 925 2617 977 oi
2644 923 2743 993 τῆς
2788 921 3112 992 Ἐκκλησίας
3139 923 3395 993 τρόφιμοι
3414 963 3429 987 ,
3465 923 3562 977 καὶ
3598 922 3711 975 τῶν
3740 923 3814 975 ἱε-

2244 1015 2354 1088 ρῶν
2379 1016 2715 1087 μαθημάτων
2740 1013 2839 1067 οὐκ
2868 1014 3245 1085 ἐπιλήσμονες,
3286 1016 3423 1068 κατά
3454 1015 3546 1068 τὸν
3570 1014 3693 1084 Σὴμ
3717 1014 3813 1067 καὶ

2253 1108 2454 1179 Ἰάφεθ,
2482 1109 2577 1164 καὶ
2595 1108 2694 1180 τὴν
2718 1107 2989 1180 πατρικὴν
3008 1106 3393 1179 ἀσχημοσύνην
3417 1106 3812 1161 ἐπικαλύπτειν

2241 1198 2578 1265 ἐπίστανται,
2632 1200 2726 1253 καὶ
2760 1199 2883 1263 τοὺς
2919 1199 3161 1269 μιμητὰς
3210 1196 3303 1251 τοῦ
3336 1199 3465 1268 Χὰμ
3489 1198 3804 1266 καταγινὼο

2243 1306 2462 1355 σκοντες
2488 1289 2945 1361 ἀποστρέφονται.

2311 1475 2418 1531 lH'.
2455 1475 2663 1537 Ἀλλως
2684 1492 2741 1527 τε
2764 1474 2841 1542 δὲ,
2876 1475 2924 1528 εί
2956 1474 3055 1544 μὲν
3078 1474 3263 1546 μηδὲν,
3296 1474 3389 1539 οὓς
3412 1476 3441 1527 ό
3474 1475 3634 1543 λόγος
3660 1475 3814 1529 ἀνω-

2244 1568 2335 1622 θεν
2366 1568 2469 1640 ἔφη
2488 1568 2755 1640 Πατέρας,
2774 1567 2851 1638 τῷ
2874 1568 3039 1638 κοινῷ
3058 1569 3302 1641 Δεσπότῃ
3330 1569 3810 1638 ἀντιφθέγγονται,

2243 1661 2352 1713 οὐδ’
2380 1662 2543 1729 ἡμεῖς
2564 1661 2771 1722 τούτοις
2801 1658 3302 1729 ἀντιφθεγξόμεθαο
3333 1661 3382 1713 εἰ
3409 1660 3454 1713 δ’
3481 1661 3644 1730 ὑμεῖς
3678 1678 3810 1730 φατε

2245 1750 2320 1815 ὡς
2346 1753 2413 1820 τῇ
2438 1754 2735 1820 Δεσποτικῇ
2764 1753 2914 1821 φωνῇ
2944 1751 3411 1821 ἀντιφθέγγονται,
3438 1754 3593 1823 ὑμῶν
3616 1756 3736 1807 ἐστι
3754 1756 3813 1807 τὺ

2247 1839 2340 1892 καὶ
2368 1838 2459 1891 τὸν
2487 1839 2760 1909 Δεσπότην
2784 1839 3037 1910 δεύτερον
3064 1841 3289 1894 ἐκείνων
3308 1846 3502 1905 ποιεῖν,
3524 1844 3813 1906 κάκείνους

2245 1929 2331 1983 διὰ
2359 1930 2417 1981 τὸ
2442 1928 2539 1999 τὴν
2567 1931 2900 2000 Δεσποτικὴν
2922 1933 3168 2003 παριδεῖν
3198 1934 3412 2004 ἐντολὴν
3438 1975 3453 1997 ,
3482 1936 3814 1989 ἀπελαύνειν

2247 2020 2327 2083 είς
2348 2020 2408 2073 τὸ
2439 2020 2533 2073 τοῦ
2581 2021 2843 2090 κρίματος
2892 2023 3291 2093 ἀπαραίτητον.
3341 2025 3489 2077 Πόσα
3542 2026 3589 2078 δ’
3640 2026 3709 2078 ἀν
3732 2044 3815 2089 τις

2248 2110 2385 2197 ύπέρ
2396 2111 2502 2163 τῶν
2519 2113 2805 2183 μακαρίων
2825 2114 3032 2183 ἀνδρων
3058 2116 3280 2168 ἐκείνων
3306 2115 3450 2169 εἴποι
3474 2133 3491 2181 ;
3512 2116 3686 2171 Πόσαι
3707 2118 3814 2187 γάρ

2248 2202 2596 2270 περιστάσεις
2654 2203 2994 2273 πραγμάτων
3050 2205 3279 2268 πολλοὺς
3335 2206 3813 2271 ἐξεὸιάζοντο,τά

2250 2291 2347 2359 μὲν
2379 2292 2888 2363 παραφθέγξασθαι,
2914 2294 2982 2348 τὰ
3014 2294 3068 2348 δέ
3102 2296 3236 2365 πρὸς
3267 2297 3582 2365 οἰκονομίαν
3613 2299 3811 2362 εἰπεῖν,

2246 2383 2316 2435 τὰ
2338 2382 2415 2448 δὲ,
2450 2384 2545 2437 καὶ
2575 2385 2683 2437 τῶν
2715 2386 3080 2440 ἀπειθούντων
3129 2390 3582 2455 ἐπαναστάντων,
3610 2390 3686 2442 τὰ
3734 2389 3813 2457 δὲ,

2247 2477 2341 2531 xui.
2378 2477 2573 2548 ἀγνοίᾳ
2600 2472 2690 2531 οἷα
2711 2478 2775 2548 δὴ
2828 2479 3214 2551 περιολισθείσι
3245 2480 3585 2551 ἀνθρώπινα.
3619 2483 3817 2547 Ἀὶλος

2247 2571 2351 2641 γὰρ
2376 2570 2512 2641 πρὸς
2544 2571 2669 2633 τοὺς
2697 2572 3065 2641 αἱρετίζοντας
3094 2573 3519 2645 διαμαχόμενοςο
3552 2576 3715 2638 ἀλλος
3745 2581 3811 2646 τῇ

2247 2662 2498 2735 ἀσθενείᾳ
2532 2664 2842 2733 συγκατιὼν
2894 2665 3003 2719 τῶν
3054 2667 3363 2737 ἀκροατῶνο
3399 2668 3569 2733 ,ἄλλος
3599 2668 3731 2722 ἀλλο
3761 2687 3814 2721 τι

2247 2754 2754 2825 διαπραττόμενος,
2792 2756 2885 2810 καὶ
2936 2756 3028 2811 τὸν
3078 2758 3267 2828 καιρὸν
3316 2758 3454 2829 ἔχων
3508 2761 3687 2813 πολλὰ
3716 2760 3813 2829 τῆς

2250 2844 2534 2915 ἀκριϐείας
2566 2846 2890 2918 καθυφεῖναι
2918 2849 3339 2920 παρακαλοῦντα
3377 2851 3471 2903 ἐπὶ
3505 2852 3655 2905 τέλει
3697 2854 3815 2921 μεὶο

2250 2936 2363 3000 ξονι
2403 2937 2499 2991 καὶ
2529 2935 2672 3004 εἶπε,
2728 2940 2822 2992 καὶ
2876 2939 3132 3011 ἔπραξεν,
3182 2939 3218 2994 ἃ
3252 2940 3389 3011 μήτε
3440 2941 3624 2998 λαλεῖν
3652 2945 3808 3014 ἡμῖν,

2252 3027 2390 3098 μήτε
2420 3028 2677 3099 πράττειν
2703 3029 2899 3096 ἔξεστι.

2321 3304 2419 3358 ιθο.
2453 3306 2561 3359 Καὶ
2584 3307 2671 3359 ἵνα
2699 3307 2893 3370 ἄλλους
2919 3307 3087 3374 ἐάσω,
3127 3312 3295 3364 ἐννόει
3325 3330 3415 3382 μοι
3461 3312 3557 3366 τοῦ
3600 3312 3815 3386 θαυμα-

2253 3397 2367 3449 σίου
2386 3397 2596 3450 Παύλου
2619 3399 2712 3451 καὶ
2737 3399 3055 3455 διδασκάλου
3080 3403 3176 3471 τῆς
3203 3403 3525 3475 οἰκουμένης
3541 3403 3634 3458 τὸν
3661 3406 3815 3475 ἀγια-

2251 3489 2408 3559 σμὸν,
2459 3490 2518 3543 τὸ
2561 3490 2819 3563 ξύρεσθαι
2867 3494 3003 3563 (M)'
3039 3492 3102 3547 τὸ
3138 3494 3369 3562 γάλακτι
3406 3497 3629 3567 τρέφειν
3689 3501 3815 3563 τοὺς

2247 3581 2371 3651 ἄρτι
2396 3580 2826 3652 καθισταμένους
2860 3586 2999 3655 πρὸς
3036 3586 3296 3657 μάθησιν,
3332 3587 3424 3639 καὶ
3450 3588 3509 3641 οὐ
3540 3587 3813 3661 βρώματι.

2248 3670 2519 3724 Κάκεῖθεν
2548 3672 2745 3745 ἐφεξῆς
2777 3676 2828 3728 ετ
2844 3694 2930 3741 τις
2949 3677 3057 3731 τῶν
3085 3677 3244 3748 ίερῶν
3286 3677 3496 3749 ἀνδρῶν
3534 3681 3627 3733 τὸν
3657 3684 3816 3752 χορὸν

2248 3761 2466 3829 διέλθοι,
2503 3763 2624 3817 ὅλον
2644 3765 2939 3836 ,ἀνθρώπου
2975 3769 3298 3840 κατατρίψω
3322 3768 3457 3838 βίον,
3486 3772 3556 3824 τὰ.
3587 3775 3814 3828 τοιαῦτα

2252 3852 2584 3927 ἐξαριθμῶν,
2620 3858 2715 3910 καὶ
2768 3860 3132 3931 γραφόμενος.
3197 3860 3356 3915 Ἀλλά
3382 3862 3491 3933 γὰρ
3514 3864 3680 3928 εἴτις
3709 3868 3815 3919 τῶν

2086 4021 2313 4077 NOTAE.

663 4182 772 4252 (M)
820 4179 1286 4252 Τόννάτιασμόν,
1315 4178 1719 4252 τὸ-ξύρεσραι.
1750 4177 1889 4252 Sunt
1924 4177 2038 4252 inec
2073 4177 2151 4252 le—

588 4246 896 4323 galia,'qut_e
936 4246 1543 4323 Paulus'ﬂierosolymis
1579 4248 1905 4312 observavit,
1931 4246 2150 4323 _Jacobo

588 4317 706 4391 ejus
752 4317 903 4392 urbis
939 4322 1194 4392 episcopo
1235 4320 1309 4373 illi
1342 4317 1584 4392 auctore,
1629 4332 1869 4392 quorum
1895 4317 2149 4392 observa-

592 4386 737 4446 tione
788 4386 1080 4460 placandos
1126 4386 1390 4462 putavere
1447 4388 1998 4462 Paulo_inlensiores
2053 4386 2149 4440 Ju-

589 4456 836 4549 (Ιιῐξοιιιιὶ)Ι
863 4462 1104 4549 animost;
1134 4456 1506 4549 ;e_tsimconlatu
1562 4458 1731 4510 irrito.
1769 4456 1900 4549 (ἐμω
1929 4457 2149 4549 dlispe'n-
2180 4493 2225 4549 Β

592 4532 732 4586 salio
765 4530 901 4585 nihil
925 4532 1052 4584 dum
1083 4526 1204 4585 lidei
1236 4529 1521 4588 alliciebat,
1547 4543 1667 4580 cum
1696 4528 1923 4580 necdum
1959 4526 2144 4594 legalia

591 4610 774 4657 essent
802 4602 1100 4663 mortifera,
1134 4602 1175 4654 si
1216 4601 1337 4667 quis
1371 4600 1421 4651 in
1451 4599 1530 4651 eis
1559 4612 1710 4664 spem
1742 4605 2143 4667 nontponeret;

591 4673 689 4726 sed
735 4687 830 4740 per
861 4671 1019 4725 tidem
1051 4666 1251 4724 Christi
1293 4668 1649 4740 salutemsibi
1693 4674 1984 4740 arrogaret.
2018 4666 2149 4729 Qua:

592 4734 924 4810 dispensatio
955 4741 1087 4793 nihil
1130 4740 1319 4794 attinet
1350 4738 1414 4791 ad
1454 4738 1667 4810 relatos
1696 4735 1904 4810 Patres,
1940 4734 2149 4802 hocque

591 4806 850 4864 doctrina:
882 4811 1199 4879 capitulum,
1235 4810 1302 4863 ad
1327 4806 1471 4876 quod
1517 4806 1649 4860 nihil
1673 4808 1925 4879 cogehat,
1958 4819 2146 4856 eorum

588 4895 709 4945 qua
757 4876 980 4935 Photius
1038 4888 1188 4934 tanto
1239 4879 1528 4932 verborum
1583 4876 1786 4929 ambitu
1840 4882 2145 4945 exaggerat.

586 4943 718 5004 Erat
748 4950 959 5003 illorum
989 4948 1413 5004 eruditissimum
1460 4946 1739 5008 sarculum,
1786 4960 1995 4997 summa
2049 4943 2149 4995 lic-

587 5019 765 5073 clesiaa
808 5035 906 5089 pax
957 5019 1131 5073 :nnlli
1183 5017 1416 5089 tyranni,
1448 5016 1700 5089 haereses
1761 5028 1951 5089 magna
1994 5022 2149 5089 parte

587 5083 930 5157 compressa,
968 5090 1136 5143 libera
1184 5083 1497 5157 praedicatio
1519 5103 1539 5157 _:
1576 5100 1696 5157 qua:
1740 5083 1932 5157 omnia
1964 5084 2049 5135 vel
2096 5084 2147 5157 Δεἰ

588 5152 923 5223 defuissent,
982 5159 1129 5212 nulla
1179 5152 1447 5226 ejusmodi
1498 5152 1714 5226 licentia
1772 5152 2020 5226 Patribus
2055 5153 2148 5219 (in

589 5227 858 5296 theologia
900 5221 1131 5282 maxime
1156 5221 1225 5281 ac
1263 5226 1478 5280 tleitatis
1512 5223 1794 5290 doctrina)
1840 5221 1932 5275 τοῦ
1966 5239 2147 5292 παρα-

590 5295 923 5369 φθέγγεσθαι
974 5298 1076 5369 (ut
1121 5296 1299 5350 Photii
1343 5297 1468 5369 ipsa
1512 5310 1645 5348 voce
1678 5295 1831 5369 utar)
1863 5300 1922 5345 ut
1957 5302 2147 5346 contra

589 5363 1223 5435 mentem'loquerentur,
1257 5374 1312 5419 et
1338 5364 1468 5418 falsa
1500 5380 1599 5435 pro
1627 5364 1777 5435 veris;
1796 5363 2103 5430 ingererent
2132 5380 2144 5414 :

586 5451 743 5492 secus
769 5446 827 5490 ut
846 5433 1418 5504 subticerentaliquid,
1450 5444 1545 5488 aut
1571 5433 1847 5487 Dominica
1866 5435 1990 5504 ipsa
2017 5448 2148 5504 voce

585 5508 824 5561 contenti
848 5516 1052 5573 essent,
1087 5502 1315 5575 ejusque
1344 5505 1712 5575 simplicitate,
1739 5502 1888 5575 παρὰ
1915 5502 2145 5575 ﬂat:pr

585 5578 625 5629 Α
659 5576 817 5632 Patre
848 5593 865 5630 :
899 5571 1044 5647 quod
1088 5571 1284 5647 Filium
1332 5571 1468 5626 non‘
1495 5574 1779 5647 excludere
1826 5571 1927 5647 ipsi
1966 5571 2149 5647 divino

584 5648 775 5701 eodem
812 5640 1013 5716 Spiritu
1067 5656 1198 5702 sunt
1247 5644 1618 5716 interpretati,
1652 5659 1760 5711 quo
1789 5642 2005 5716 quidam
2059 5640 2147 5694 alii

583 5711 988 5787 οἰκονομοῖῖντες
1014 5726 1251 5772 tacuere.
1278 5714 1512 5787 Haecque
1534 5728 1658 5787 vera
1681 5711 1987 5787 concprdia,
2015 5726 2149 5787 neu-

585 5785 687 5838 tris
717 5780 998 5856 injuriosa,
1048 5803 1155 5841 non
1181 5798 1343 5852 quam
1378 5781 1674 5849 Pythonico
1703 5782 1897 5851 spiritu
1926 5780 2147 5835 Photius

2251 4176 2567 4250 fabricatur,
2594 4178 2710 4248 ipse
2730 4178 2819 4233 illa
2844 4193 2972 4250 vere
2993 4178 3264 4243 Chamita,
3296 4194 3567 4250 noniquos
3596 4180 3719 4250 ejus
3738 4181 3815 4236 rei

2252 4246 2523 4302 virulento
2572 4246 2667 4303 ore
2716 4264 2777 4303 ac
2809 4249 3017 4304 calamo
3064 4250 3361 4304 insimulat.
3398 4246 3509 4304 Nec
3540 4246 3702 4307 aliter
3732 4253 3819 4306 vel

2251 4315 2475 4396 2loannis
2520 4333 2673 4440 papa
2723 4320 2919 4389 legati,
2954 4319 3039 4374 vel
3068 4320 3156 4373 alii
3190 4319 3404 4383 Latini,
3442 4337 3569 4391 erga
3601 4321 3819 4377 Gnaeos

2252 4402 2537 4440 ipsumque
2629 4388 2836 4440 hotium
2894 4389 3186 4440 videantur
3232 4389 3505 4440 habuisse.
3541 4408 3708 4440 uuam
3761 4404 3819 4440 nt

2252 4388 2557 4461 ipsumque
2586 4388 2836 4461 Photium
2894 4389 3186 4461 videantur
3232 4388 3709 4461 habuissefqnam
3761 4404 3820 4447 ut

2256 4457 2418 4509 taceri
2470 4457 2811 4530 indulgerent
2856 4474 3045 4513 vocem
3066 4459 3321 4530 Filioque,
3350 4462 3479 4513 dum
3508 4457 3708 4517 sensus
3737 4472 3817 4517 teL

2250 4537 2491 4591 neretur,
2548 4529 2813 4594 neejnde
2844 4530 3068 4591 erroris,
3113 4545 3210 4584 seu
3258 4530 3419 4583 etiam
3452 4532 3679 4586 haeresis
3722 4548 3818 4587 eos

2249 4604 2527 4671 notarent,
2573 4598 2665 4671 qui
2691 4599 3263 4671 _eam_adtnitterent.
3320 4600 3436 4665 Qua
3480 4602 3817 4671 indulgentia

2250 4681 2350 4740 nec
2400 4667 2561 4740 modo
2598 4668 2795 4740 (etiam
2843 4667 3063 4735 Romae)
3094 4670 3553 4740 Griecoscogunt
3603 4667 3816 4736 lfatiui,

2251 4745 2310 4808 ut
2340 4736 2393 4788 in
2424 4737 2528 4808 [ide
2550 4737 2869 4806 explicatius
2898 4740 3132 4807 Spiritus
3159 4754 3224 4793 ex
3245 4739 3381 4793 Filio
3412 4736 3819 4808 processionem

2248 4805 2432 4861 edant.
2466 4805 2658 4860 Metius
2687 4808 2839 4862 valde
2859 4805 3218 4863 hallucinatus
3241 4820 3342 4874 est,
3361 4805 3487 4863 dum
3510 4810 3583 4863 ita
3621 4814 3818 4876 reddit,

2249 4890 2364 4946 quis
2396 4876 2573 4929 scribit
2638 4879 2701 4930 de
2747 4881 3011 4939 castitate,
3065 4879 3129 4932 de
3184 4881 3419 4933 radenda
3469 4879 3658 4946 barba,
3711 4895 3820 4937 etc.

2252 4944 2452 5018 Scribit
2500 4946 2697 5001 Paulus
2725 4947 2791 5001 de
2824 4950 3103 5012 castitate,
3151 4950 3248 5004 sed
3287 4950 3405 5018 ejus
3435 4944 3686 5004 doctrina
3712 4969 3819 5007 non

2250 5016 2593 5088 parvulorum
2619 5026 2721 5088 est,
2756 5020 2849 5072 sed
2882 5017 3275 5088 perlectorum;
3314 5016 3366 5072 in
3398 5035 3502 5087 qua
3536 5036 3650 5074 non
3680 5025 3823 5076 οἰκο-

2250 5086 2412 5165 νομία
2443 5096 2547 5165 est,
2575 5086 2682 5165 ‘sed
2709 5086 2966 5165 ἀκρίϐεια
2995 5104 3007 5140 :
3037 5088 3103 5142 de
3129 5089 3296 5143 barba
3320 5086 3449 5165 quid
3485 5099 3549 5165 e_t_
3568 5091 3662 5165 ubi
3685 5094 3824 5165 scri-

2250 5156 2419 5222 pserit
2462 5156 2680 5221 Paulus,
2718 5156 2912 5212 vellem
2952 5167 3269 5213 annotasset
3296 5177 3307 5213 :
3338 5156 3442 5213 etsi
3474 5159 3613 5213 nihil
3644 5162 3733 5216 hic
3754 5162 3822 5218 de

2249 5226 2398 5305 Pauli
2430 5227 2744 5305 scriptione,
2777 5228 2873 5305 sed
2903 5228 2970 5282 de
3000 5228 3085 5281 his
3107 5244 3227 5305 qua:
3258 5244 3356 5305 pro
3381 5230 3483 5283 loci
3511 5244 3579 5283 ac
3602 5242 3820 5305 tempo-

2251 5298 2326 5348 ris
2355 5298 2679 5375 necessitate
2702 5306 2795 5351 aut
2822 5298 3231 5375 circumstantia
3274 5301 3402 5375 egit,
3432 5316 3553 5369 qua:
3580 5298 3823 5357 alias—lo-

2253 5376 2373 5445 rent
2404 5366 2615 5445 illicita,
2644 5376 2845 5445 etquae
2876 5368 2937 5445 in.
2958 5370 3269 5445 exemplum
3300 5366 3515 5445 trahere
3546 5385 3657 5425 non
3689 5387 3822 5426 con-

2253 5436 2419 5508 venit.
2472 5435 2650 5489 Malim
2702 5437 2997 5506 ἁγιασμόν,
3053 5435 3515 5508 puriﬁcationem,
3551 5455 3659 5508 qua
3692 5458 3824 5495 voce

2250 5506 2422 5578 Lucas
2447 5508 2622 5578 semel
2662 5516 2717 5559 et
2745 5510 2951 5578 iterum
2982 5506 3184 5573 utitur,
3209 5511 3327 5563 Aet.
3364 5526 3477 5571 χχι,
3510 5506 3601 5561 2L
3646 5512 3825 5578 Ἀγνίο

2253 5574 2409 5652 σθῃτι
2441 5576 2536 5627 σὺν
2570 5577 2773 5652 αὐτοῖς,
2808 5577 2891 5628 ἵνα
2937 5576 3263 5647 ξυρίσωνται
3288 5579 3385 5648 τὴν
3417 5580 3681 5646 κεφαλήν,
3716 5574 3825 5634 Ρα-

2252 5643 2458 5723 νξῄεανε
2515 5662 2632 5723 curn
2667 5646 2791 5723 _illt_s
2822 5663 2839 5700 :
2868 5656 2921 5699 ut
2970 5643 3123 5711 caput
3176 5643 3391 5715 radan't,
3446 5643 3822 5705 Nazarmorum

2254 5716 2393 5779 ritu;
2426 5732 2532 5769 non
2563 5718 2639 5770 sic
2666 5716 2907 5771 barbam.
