4044 6408
234 360 341 427 813

1411 342 1943 408 EPISTOLARUM
1978 341 2206 403 LIBER
2246 342 2295 400 I.

3352 336 3460 401 814

226 475 490 532 τοιούτων
541 472 717 540 λόγων
772 470 868 524 καὶ¹
898 466 1172 539 πράξεων,
1221 464 1321 536 τὴν
1369 464 1656 519 ἀσθένειαν
1688 460 1797 513 τῶν

1905 470 2148 531 exempta
2197 476 2261 514 ex
2306 457 2568 529 ejusmodi
2632 455 2977 511 sermonibus
3024 463 3186 525 atque
3249 455 3461 509 actibus

226 567 534 639 ἀκροατῶν,
558 564 652 618 καὶ
675 564 773 633 τὴν
790 561 1103 630 οἰκονομίαν
1127 558 1222 612 τοῦ
1248 557 1429 624 λόγου·
1447 557 1547 625 τήν
1571 572 1628 607 τε
1660 554 1794 623 πρὸς

225 661 354 721 τοὺς
405 653 897 723 ἀντιτεταγμένους
945 650 1124 720 μάχην
1155 646 1446 717 περιελὼν,
1473 644 1655 714 γυμνά
1688 642 1795 695 τῶν

226 747 554 820 εἰρημένων,
590 744 686 796 καὶ
718 743 791 806 ὡς
810 741 989 809 δόγμα
1014 738 1308 812 προῦάλλοι
1330 739 1422 791 καὶ
1453 735 1792 807 περιθάλποι,

227 840 430 901 αὐτοὺς
464 835 706 899 ἐκείνους
750 834 874 897 τοὺς
901 832 973 885 τά
1023 831 1249 886 τοιαῦτα
1283 830 1377 883 καὶ
1427 828 1676 889 εἰπόντας
1703 826 1797 878 καὶ

228 926 565 1000 πράξαντας,
587 926 806 998 εὑρήσει
827 921 946 977 κατ’
967 921 1132 975 αὐτοῦ
1150 920 1246 991 τὴν
1268 920 1589 984 δικάζουσαν
1614 916 1799 985 ἀφιέν-

228 1038 329 1083 τας
358 1020 558 1089 ψῆφον.

300 1113 387 1164 Κ’.
422 1110 539 1162 Ἔτι
568 1107 647 1170 δὲ,
681 1108 730 1159 εί
767 1105 865 1176 μὲν
898 1103 1334 1174 ὑπομνησθέντες
1360 1102 1488 1171 περὶ
1529 1100 1622 1154 τοῦ
1663 1117 1797 1170 προ-

229 1200 488 1271 κειμένου
520 1198 839 1266 κεφαλαίου,
856 1198 965 1251 τῶν
982 1198 1285 1268 εἰρημένων
1302 1194 1556 1262 Πατέρων
1578 1193 1798 1244 ἀντεῖπε

226 1292 291 1345 τὸ
320 1290 629 1360 σύνταγμα,
668 1289 763 1340 καὶ
794 1288 929 1359 πρὸς
958 1287 1207 1340 ἕνστασίν
1247 1303 1366 1339 τινα
1395 1284 1491 1336 καὶ
1522 1282 1798 1335 ἀπείθειαν

228 1381 642 1449 ἀπεθρασύνετο
662 1397 673 1411 ·
701 1380 961 1433 διέτεινάν
987 1396 1044 1432 τε
1072 1381 1138 1449 τῇ
1166 1378 1300 1448 αὐτῇ
1338 1377 1661 1446 παρατροπῇ
1700 1374 1799 1443 τῆς

226 1470 411 1540 δόξης,
469 1468 565 1522 καὶ
620 1469 706 1521 ἐπ’
745 1469 881 1539 αὐτῇ
916 1468 1006 1521 τὸν
1050 1467 1161 1537 βίον
1212 1466 1349 1537 μετά
1375 1466 1500 1528 τοὺς
1545 1464 1800 1533 ἐλέγχους

229 1556 628 1627 κατέστρεψαν,
665 1557 878 1625 ἀνάγκη
916 1556 1139 1620 τούτους
1167 1553 1671 1610 συναποϐάλλεσθαι
1721 1552 1799 1624 τῷ

230 1650 565 1721 φρονήματι.
593 1649 654 1701 El
674 1648 728 1701 δὲ
750 1647 1193 1718 παρεφθέγξαντο
1224 1649 1343 1716 μὲν,
1387 1647 1421 1718 ἢ
1454 1646 1543 1700 διά
1567 1660 1689 1699 τινα
1714 1646 1799 1699 ai-

229 1743 357 1797 τίαν
386 1741 480 1795 νῦν
507 1740 876 1810 ἀγνοουμένην
898 1741 1029 1808 ἡμῖν
1055 1741 1156 1810 τῆς
1181 1739 1474 1810 εὐθύτητος
1503 1739 1800 1809 ἐξετράπη-

1901 552 2207 606 auditorum
2228 550 2616 613 imbecillitate,
2639 546 3009 618 doctrinaque
3032 546 3460 616 dispensatione.

1901 658 2001 697 nec
2033 658 2139 697 non
2167 641 2597 696 adversariorum
2656 654 2856 709 pugna,
2884 639 2969 693 his
2997 639 3147 692 nuda
3177 653 3299 707 qua:
3319 636 3460 691 dicta

1900 743 2045 799 sunt,
2068 745 2122 788 et
2140 742 2197 786 ut
2220 732 2411 802 dogma
2437 738 2703 800 proponat
2733 730 3036 799 foveatque,
3066 728 3186 783 illos
3214 727 3304 798 qui
3336 726 3461 780 talia

1901 825 1986 879 vel
2029 824 2191 879 locuti
2247 831 2373 878 sunt
2408 822 2487 876 vel
2531 830 2779 892 egerunt,
2827 822 2934 876 lata
2994 820 3048 875 in
3071 836 3194 875 eum
3234 828 3463 874 senten-

1903 916 1997 980 tia,
2026 916 2199 985 ipsum
2230 915 2485 969 damnare
2513 912 2768 968 inveniet.

1972 1095 2090 1150 XX.
2117 1095 2405 1160 Praeterea,
2436 1096 2479 1150 si
2515 1111 2637 1151 cum
2669 1096 3045 1151 meminissent
3088 1096 3345 1166 propositi
3374 1111 3464 1151 ca-

1901 1189 2080 1257 pituli,
2125 1188 2393 1243 dictorum
2429 1188 2647 1242 Patrum
2696 1196 2871 1244 ctetus
2915 1188 3347 1251 contradixisset,
3413 1196 3467 1241 ct

1900 1288 1961 1335 ut
2018 1280 2415 1335 contentiosius
2500 1280 2835 1335 obsisterent
2880 1294 2982 1334 nec
3025 1280 3466 1348 obtemperarent

1902 1373 2112 1427 animos
2151 1372 2548 1439 obﬁrmassent,
2575 1381 2738 1441 atque
2797 1372 2854 1426 in
2895 1386 2957 1424 ea
2990 1386 3153 1440 prava
3210 1369 3467 1439 opinione

1904 1472 2373 1532 perseverassent,
2409 1466 2636 1534 ejusque
2686 1462 3018 1533 reprehensi,
3055 1461 3337 1516 sententiae
3384 1469 3466 1514 te-

1904 1571 2068 1610 uaces
2120 1556 2287 1611 vitam
2329 1572 2452 1611 cum
2509 1564 2683 1611 morte
2724 1564 3184 1620 commutassent;
3240 1568 3467 1608 necesse

1904 1656 2050 1702 esset
2100 1655 2160 1701 ut
2189 1662 2312 1701 cum
2344 1662 2526 1702 errore
2560 1662 2832 1714 sensuque
2870 1661 2968 1699 suo
3022 1644 3463 1712 exploderentur.

1906 1740 2002 1795 Sin
2027 1749 2209 1795 autem
2234 1741 2372 1795 male
2394 1739 2608 1809 quidem
2627 1738 2790 1793 locuti
2820 1746 2966 1800 sunt,
3000 1746 3092 1790 aut
3108 1736 3284 1806 aliqua
3305 1752 3467 1789 causa

228 1848 335 1887 σαν
359 1849 374 1864 ο
400 1832 626 1902 οὐδεμία
656 1832 712 1883 δὲ
755 1830 979 1900 ζήτησις
1005 1832 1185 1895 αὐτοῖς
1213 1833 1661 1903 προσενήνεκται,
1685 1830 1796 1884 οὐδ’

1905 1847 2048 1887 nunc
2074 1831 2234 1886 nobis
2272 1830 2454 1903 ignota
2479 1847 2512 1885 a
2550 1839 2699 1884 recto
2738 1828 2952 1882 tramite
2980 1827 3299 1893 deviarunt;
3322 1828 3465 1880 nulla

227 1925 315 1986 είς
334 1921 568 1992 μάθησιν
595 1923 694 1992 τῆς
718 1921 979 1992 ἀληθείας
1007 1923 1181 1986 οὐδεὶς
1210 1924 1404 1988 αὐτοὺς
1436 1923 1799 1993 παρεκάλεσε,

234 2012 484 2083 Πατέρας
515 2014 612 2083 μὲν
637 2013 790 2067 οὐδὲν
831 2010 1049 2066 ἔλαττον
1082 2014 1300 2078 αὐτοὺς,
1332 2015 1379 2067 εί
1408 2014 1504 2067 καὶ
1544 2012 1620 2085 μὴ
1645 2013 1804 2067 τοῦτο

226 2100 408 2171 εἷπον,
441 2105 880 2178 ὲπιγραῲόμεθα,
914 2106 1005 2160 διά
1063 2123 1123 2159 τε
1154 2104 1215 2159 τὸ
1239 2105 1334 2159 τοῦ
1386 2105 1503 2176 βίου
1529 2106 1800 2177 λαμπρὸν,

230 2198 329 2251 καὶ
387 2198 489 2268 τῆς
516 2199 719 2272 ἀρετῆς
774 2201 837 2255 τὸ
868 2201 1171 2271 αἰδέσιμον,
1200 2201 1297 2254 καὶ
1321 2201 1422 2272 τῆς
1451 2200 1617 2272 ἄλλης
1647 2201 1803 2256 εὐσε-

229 2288 390 2354 Gaia;
430 2291 491 2344 τδ
542 2291 960 2361 ἀκατάγνωστον
980 2308 995 2323 ο
1029 2294 1142 2355 τοῖς
1168 2291 1227 2345 δὲ
1255 2290 1437 2360 λόγοις
1470 2290 1696 2354 τούτων,
1744 2291 1804 2345 ὲν

228 2374 319 2445 οἷς
366 2382 811 2453 παρηνέχθησαν,
866 2383 966 2454 οὐχ
994 2382 1258 2455 ἑψόμεθα.
1311 2383 1470 2437 Ὅσοι
1496 2383 1553 2437 δὲ
1578 2382 1802 2449 τούτων,

231 2470 519 2544 βιάζονται
542 2474 621 2539 είς
640 2474 919 2530 ἀντίθετον
942 2474 1248 2548 μαρτυρίαν
1276 2473 1449 2530 ἐλθεῖν
1478 2475 1576 2547 τῆς
1603 2477 1804 2529 Δεσπο-

231 2563 393 2633 τικῆς
422 2566 627 2635 φωνῆς,
652 2557 796 2619 οὗτοι
824 2565 969 2631 λέξει
996 2566 1095 2637 μὲν
1123 2569 1305 2638 γυμνῇ
1330 2566 1424 2620 τὸν
1448 2566 1664 2639 Πατέρα
1686 2566 1808 2622 τού-

227 2668 351 2719 τοις
375 2655 724 2725 χαρίζονται·
763 2656 910 2729 ἔργῳ
950 2657 1009 2712 δὲ
1042 2657 1139 2712 καὶ⁸
1164 2658 1317 2731 πάσῃ
1356 2658 1559 2730 σπουδῇ
1598 2659 1679 2723 είς
1706 2658 1807 2730 τὴν

228 2743 345 2798 τῶν
376 2745 719 2818 πατραλοιῶν
738 2749 833 2804 καὶ
858 2748 1129 2821 πολεμίων
1143 2748 1329 2822 χώραν
1357 2750 1552 2815 αὐτοὺς
1568 2749 1807 2805 ἀπελαύ-

233 2852 442 2892 νουσιν.
485 2837 671 2908 Ἡμεῖς
693 2838 772 2903 δὲ,
802 2840 926 2894 ἐπεὶ
954 2841 1047 2894 καὶ
1084 2840 1278 2905 ἄλλους
1306 2843 1458 2906 τινὰς
1488 2842 1597 2897 τῶν
1626 2861 1806 2913 μακα-

231 2924 370 2995 ρίων
391 2927 551 2997 ἡμῶν
575 2928 834 3000 Πατέρων
880 2931 974 2985 καὶ
998 2930 1334 2987 διδασκάλων
1352 2971 1367 2997 ,
1407 2934 1464 2986 ὲν
1514 2934 1727 2999 πολλοῖς
1746 2953 1808 2989 τε

231 3016 419 3082 ἀλλοις
451 3021 551 3090 τῆς
578 3020 865 3091 ἀκριϐείας
890 3022 999 3076 τῶν
1035 3022 1210 3094 ὀρθῶν
1255 3024 1542 3095 δογμάτων
1605 3045 1808 3099 παρεν-

230 3106 490 3177 εχθέντας
543 3110 1071 3181 καταλαμϐάνοντες,
1119 3114 1181 3167 τὸ
1231 3114 1330 3186 μὲν
1364 3116 1713 3187 παρενεχθὲν,
1742 3118 1803 3171 οὐ

236 3173 559 3273 προσθήκην
599 3173 886 3274 δεχόμεθα,
918 3173 1068 3268 τοὺς⁷
1095 3173 1295 3277 ἄνδρας
1319 3207 1375 3259 δὲ
1409 3173 1766 3278 ἀσπαξόμεθα
1785 3226 1799 3239 ·
1829 3173 1872 3231 C

229 3290 380 3346 οὕτω
405 3293 498 3347 καί⁵
521 3293 669 3359 τοὺς,
693 3295 746 3347 εἴ
764 3312 908 3359 τινες
930 3296 1314 3369 ὐπηνέχθησαν
1343 3300 1516 3351 εἰπεῖν
1549 3301 1609 3352 τὸ
1634 3300 1804 3354 Πνεῦ-

234 3399 318 3454 μα
343 3386 407 3438 ἐκ
437 3383 531 3439 τοῦ
554 3385 685 3440 Υίοῢ
721 3388 1115 3458 ἐκπορεύεσθαι
1134 3405 1148 3419 ο
1180 3388 1241 3441 τὸ
1272 3389 1373 3459 μὲν
1401 3390 1549 3459 παρὰ
1581 3392 1679 3462 τὴν
1704 3394 1803 3445 Δε-

235 3476 501 3548 σποτικὴν
531 3477 734 3549 φωνήν,
766 3479 826 3531 οὐ
850 3479 1149 3549 δεχόμεθα·
1196 3480 1439 3545 ἐκείνους
1478 3481 1535 3536 δὲ
1566 3483 1665 3554 τῆς
1696 3483 1804 3538 τῶν

237 3567 499 3638 Πατέρων
523 3570 723 3640 ἀγέλης
755 3572 855 3624 οὐκ
882 3572 1272 3642 ἀποκρίνομεν.

308 3659 441 3712 KA'.
470 3661 580 3714 Καὶ
612 3660 720 3731 γὰρ
746 3663 837 3714 καὶ
863 3662 1137 3716 Διονύσιον
1164 3663 1255 3716 τὸν
1270 3664 1674 3737 Ἀλεξανδρείας
1693 3666 1804 3737 (15)

236 3746 315 3818 τῷ
348 3748 494 3819 χορῷ
522 3750 628 3804 τῶν
653 3752 824 3819 ἁγίων
853 3752 1115 3823 Πατέρων
1139 3755 1541 3823 συντάττοντες,
1575 3758 1674 3820 τὰς
1713 3758 1805 3812 ὐπ’

235 3839 406 3894 αὐτοῦ
429 3840 712 3912 λεχθείσας
730 3845 867 3915 πρὸς
896 3843 988 3897 τὸν
1019 3844 1187 3897 Λίϐυν
1231 3845 1508 3900 Σαϐέλλιοι
1544 3848 1809 3918 Ἀρειανι-

240 3932 342 3997 κάς
369 3935 552 4002 φωνὰς
604 3935 867 4005 οὐμενοῦν
891 3937 953 3989 οὐ
988 3938 1483 4009 συναποδεχόμεθα,
1523 3941 1659 3993 ἀλλά
1712 3943 1808 3995 καὶ

236 4022 517 4086 παντελῶς
543 4024 943 4096 ἐκτρεπόμεθα.
993 4028 1102 4080 Καὶ
1136 4027 1228 4080 τὸν
1262 4031 1319 4081 ἐν
1351 4028 1587 4098 μάρτυσι
1635 4031 1808 4099 μέγαν

236 4113 534 4179 Μεθόδιον,
568 4115 626 4179 ὃς
652 4117 778 4180 τοὺς
805 4118 1220 4189 ἀρχιερατικοὺς
1254 4120 1348 4173 τοῦ
1384 4122 1652 4192 Πατάρων
1683 4122 1808 4193 θρό-

239 4224 334 4262 νου
395 4208 842 4280 ὲπιδαλιούχησεν
895 4212 1086 4276 οἴακας
1108 4229 1121 4243 ·
1155 4212 1234 4266 ἔτι
1261 4214 1360 4284 μὲν
1400 4215 1491 4268 καὶ
1518 4217 1810 4286 Είρηναῖον

1904 1935 2084 1982 tamen
2127 1925 2236 1980 illis
2285 1923 2513 1995 quaestio
2551 1923 2727 1978 oblata
2756 1931 2860 1986 est,
2909 1935 3014 1978 nec
3068 1919 3350 1990 quisquam
3398 1921 3464 1973 ad

1903 2015 2329 2073 condiscendam
2368 2014 2652 2070 veritatem
2701 2012 2823 2068 illos
2877 2010 3211 2082 provocavit,
3242 2010 3469 2081 perinde

1904 2111 2026 2166 illos
2049 2110 2104 2165 in
2129 2109 2348 2165 Patrum
2381 2110 2504 2165 albo
2534 2109 2891 2171 admittimus,
2918 2122 2982 2162 ac
3009 2106 3055 2161 si
3084 2106 3227 2162 istud
3248 2105 3470 2160 minime

1904 2202 2190 2267 dixissent,
2222 2210 2443 2272 propter
2483 2201 2607 2257 vita:
2651 2200 2951 2255 claritatem
3008 2212 3074 2254 ac
3120 2196 3468 2269 spectabilem

1902 2294 2182 2360 virtutem,
2218 2309 2318 2350 nec
2360 2309 2471 2349 non
2510 2294 2772 2364 reliquam
2818 2291 3149 2362 inculpatam
3200 2290 3362 2354 ﬁdem
3408 2306 3472 2344 ac

1904 2387 2161 2458 pietatem
2191 2405 2204 2440 :
2229 2386 2534 2442 doctrinam
2563 2401 2713 2454 vero,
2745 2385 2801 2439 in
2828 2398 2933 2455 qua
2953 2399 2983 2438 a
3005 2382 3250 2439 veritatis
3275 2382 3469 2437 semita

1906 2479 2248 2546 aberrarunt,
2278 2493 2387 2533 non
2416 2476 2714 2547 sequimur.
2743 2474 3023 2547 Quotquot
3066 2489 3197 2529 vero
3245 2484 3468 2545 cogunt.

1906 2578 1967 2625 ut
2004 2569 2283 2625 contraria
2312 2570 2635 2626 auctoritate
2686 2566 2986 2622 Dominica:
3023 2564 3143 2620 voci
3177 2565 3473 2621 adversen-

1913 2670 2022 2727 tur,
2060 2661 2114 2716 hi
2148 2661 2291 2716 nuda
2314 2660 2530 2733 quidem
2562 2675 2696 2716 voce
2726 2658 2903 2714 Patris
2944 2657 3025 2714 eis
3061 2657 3277 2713 titulum
3318 2655 3472 2713 deie-

1907 2763 2055 2819 runt,
2092 2753 2236 2809 facto
2282 2769 2412 2809 vero
2465 2752 2720 2823 omnique
2761 2767 2927 2822 opera
2976 2751 3032 2805 in
3072 2750 3468 2822 parricidarum

1907 2848 2068 2909 atque
2100 2840 2337 2895 hostium
2377 2855 2469 2894 eos
2493 2840 2723 2894 classem
2750 2838 3069 2894 detrudunt.
3116 2838 3227 2895 Nos
3266 2849 3470 2901 autem,

1909 2932 2002 3001 qui
2033 2931 2168 2986 alios
2199 2948 2414 3001 quoque
2454 2930 2748 2986 nonnullos
2797 2939 3111 2985 sanctorum
3161 2942 3473 2986 nostrorum

1907 3023 2125 3079 Patrum
2158 3039 2221 3079 ac
2248 3023 2627 3094 magistrorum
2658 3039 2685 3077 a
2718 3031 2990 3077 rectorum
3012 3023 3320 3094 dogmatum
3368 3022 3475 3077 ﬁde

1909 3118 2247 3171 exorbitasse
2274 3116 2664 3187 intelligamus,
2682 3116 2829 3185 quod
2845 3115 3064 3185 quidem
3082 3114 3474 3179 exorbitarunt,

1905 3208 1961 3262 in
1985 3208 2229 3263 doctrina
2270 3216 2477 3277 partem
2532 3222 2642 3261 non
2688 3207 3041 3272 assumimus,
3089 3206 3237 3260 viros
3294 3214 3477 3260 tamen

1904 3298 2320 3368 amplectimur:
2358 3297 2431 3350 ita
2460 3296 2626 3350 etiam
2662 3296 2709 3350 si
2736 3298 2934 3366 quibus
2978 3296 3221 3365 obrepsit
3255 3304 3315 3349 ut
3357 3295 3479 3365 Spi-

1905 3391 2068 3444 ritum
2115 3405 2146 3444 a
2201 3389 2340 3443 Filio
2393 3389 2690 3458 procedere
2732 3389 3011 3452 dicerent;
3050 3388 3195 3457 quod
3259 3388 3476 3457 quidem

1904 3482 2199 3537 Dominicaa
2241 3480 2358 3536 voci
2404 3481 2728 3536 adversetur
2770 3496 2880 3535 non
2937 3480 3299 3544 admittimus,
3357 3480 3478 3534 illos

1906 3582 2087 3630 tamen
2118 3592 2147 3629 a
2178 3576 2393 3630 Patrum
2416 3583 2556 3628 ccetu
2582 3589 2688 3628 non
2709 3573 3007 3642 rejicimus.

1978 3661 2119 3716 XXI.
2175 3661 2388 3717 Etenim
2450 3661 2763 3731 Dionysium
2802 3677 3019 3731 quoque
3049 3660 3477 3715 Alexandrinum

1906 3763 2217 3809 sanctorum
2251 3753 2472 3807 Patrum
2503 3753 2671 3809 choro
2706 3763 3078 3816 accensentes,
3118 3753 3263 3807 haud
3292 3761 3475 3807 tamen

1907 3845 2079 3900 dictas
2119 3846 2187 3900 ab
2224 3860 2289 3899 eo
2334 3844 2616 3899 Arianicas
2659 3860 2821 3899 voces
2872 3847 3136 3901 adversus
3185 3846 3479 3903 Sabellium

1908 3944 2164 4015 Libycum
2190 3944 2413 4014 perinde
2439 3943 2752 4012 recipimus,
2786 3945 2917 4013 quin
2948 3945 3112 3999 etiam
3144 3962 3367 4016 prorsus
3394 3964 3480 4002 re-

1910 4037 2219 4107 pudiamus.
2264 4036 2509 4106 Magnum
2559 4035 2746 4089 itidem
2779 4036 3113 4090 Methodium
3155 4049 3478 4110 martyrem.

1911 4130 2003 4200 qui
2039 4128 2352 4183 Patarensis
2375 4127 2629 4182 Ecclesiae
2655 4127 2863 4180 clavum
2894 4129 3095 4196 praesul
3117 4131 3438 4200 gubernavit
3466 4150 3478 4183 :

1910 4232 2174 4294 praeterea
2203 4222 2365 4275 etiam
2398 4219 2660 4275 Irenaeum
2695 4218 3115 4289 Lugdunensem
3140 4226 3477 4294 episcopum,

1758 4399 1992 4456 NOTAE.

310 4522 425 4593 (15)
464 4526 790 4608 Διονύσιοζ
808 4530 1588 4608 τὸν-Ἀλεξανδρείαςῴοηεο
1618 4536 1803 4607 dispar

1905 4541 2050 4595 sedis
2086 4546 2142 4593 et
2178 4538 2500 4608 Apostolicae
2537 4537 2843 4607 summique
2873 4537 3066 4608 capitis
3104 4537 3325 4592 nomine
3382 4537 3477 4591 tibi

235 4593 384 4677 illius
429 4610 614 4677 causa,
656 4607 711 4677 et
753 4599 997 4677 Patrum,
1034 4593 1265 4677 quorum
1302 4593 1799 4677 Photiusvauctori-

235 4672 403 4743 tatem
423 4669 643 4735 excipit.
666 4669 887 4725 Errasse
911 4672 966 4725 in
1011 4669 1279 4743 theologia
1307 4674 1596 4743 Dionysius
1619 4680 1803 4732 statim

234 4742 453 4818 agnitus
496 4744 606 4818 est,
646 4748 741 4793 aut
789 4751 938 4818 certe
980 4742 1320 4818 occasionem
1355 4742 1571 4818 dedisse
1609 4747 1689 4801 sic
1739 4748 1808 4803 de

237 4804 331 4883 illo
353 4804 630 4883 Opinandi,
662 4825 821 4878 quam
848 4812 1011 4883 etiam
1045 4814 1355 4881 Opinionem
1383 4815 1590 4869 studuit
1621 4818 1808 4873 eluere

233 4882 294 4958 et
333 4875 647 4958 satisfacere
675 4875 692 4932 ξ
721 4895 824 4958 qua
851 4881 965 4958 ipsa
990 4875 1272 4958 modestia,
1313 4893 1367 4938 et
1398 4884 1544 4938 cultu
1563 4886 1808 4958 Dionysii

234 4943 368 5023 item
415 4943 650 5023 Romani
682 4943 964 5023 antistitis,
996 4943 1269 5007 Catholici
1297 4970 1493 5008 nomen
1530 4956 1631 5009 sibi
1671 4943 1805 5012 reti-

235 5015 465 5096 nuitnet
510 5015 704 5096 Patris,
758 5022 972 5096 tametsi
1009 5024 1189 5096 acrius
1230 5024 1284 5096 in
1338 5025 1488 5096 illum
1530 5026 1802 5082 invehitur

236 5082 485 5162 Basilius,
528 5087 837 5162 vindicante
889 5094 1208 5147 Athanasio.
1253 5094 1386 5159 Quis
1430 5111 1560 5150 vero
1599 5100 1801 5152 erroris

235 5154 591 5238 iri-theologia
638 5160 863 5238 notavit,
913 5162 1053 5229 quod
1096 5165 1147 5216 in
1184 5154 1530 5233 processione
1567 5165 1801 5236 Spiritus

236 5222 406 5305 Filius
432 5222 573 5279 Patri
605 5222 1007 5305 adiungeretur,
1031 5242 1085 5287 et
1116 5222 1438 5303 exllitroque
1465 5222 1795 5305 procedere,

235 5297 434 5346 nedum
471 5305 589 5373 tres_
625 5297 813 5373 relati;
851 5316 1038 5373 verum
1077 5306 1239 5357 etiam
1272 5297 1600 5373 plures-aliis
1626 5297 1798 5363 Graeci

234 5374 435 5430 pariter
468 5380 535 5446 ac
568 5365 744 5422 Latini
779 5370 1201 5446 proﬁterentur?
1241 5365 1494 5442 Oportuit
1545 5378 1798 5432 Photium

231 5446 436 5512 nov-um
455 5436 615 5512 sidus
633 5436 873 5510 surgere,
898 5442 962 5495 ad
987 5440 1185 5496 ftedum
1213 5436 1478 5510 errorem,
1504 5447 1796 5502 Dominicaz

229 5509 349 5556 voci
382 5509 747 5572 contrarium,
786 5519 840 5563 et
874 5513 959 5564 cui
993 5514 1318 5569 stabiliendo
1358 5509 1470 5570 nec
1488 5518 1636 5571 orbis
1669 5534 1800 5572 con-

230 5585 431 5656 sensus
478 5577 734 5656 sulliciat_.
786 5596 890 5633 una
937 5582 1077 5656 illius
1126 5585 1281 5656 luce,
1312 5586 1670 5656 detegendum
1737 5604 1801 5642 ac

231 5645 662 5727 coarguendam:
688 5649 815 5727 ilice
838 5659 925 5727 tua
952 5653 1080 5727 fata,
1113 5654 1355 5708 Graecia!
1391 5645 1466 5709 ut"
1481 5658 1583 5710 hoc
1624 5658 1800 5727 capite

232 5723 431 5793 renuas
473 5716 663 5784 subjici
705 5721 818 5793 sedi
858 5722 1017 5785 Petri,
1060 5734 1320 5793 putesque
1361 5735 1413 5779 te
1453 5736 1666 5780 nactam
1692 5716 1800 5782 ’νε-

234 5788 471 5846 mntem,
505 5802 535 5839 a
577 5801 680 5856 qua
716 5788 801 5843 illa
834 5788 1114 5858 exciderit,
1145 5788 1317 5862 coque
1354 5798 1575 5849 nomine
1616 5798 1801 5863 primae

1906 4606 2240 4667 blandiaris!
2261 4606 2616 4678 Reliquorum
2660 4606 2897 4671 errores,
2940 4606 3142 4677 partim
3186 4610 3254 4662 ab
3310 4609 3482 4661 lia-rc-

1910 4681 2034 4736 ticis
2066 4677 2294 4749 aspersi,
2336 4680 2531 4803 partim
2564 4680 2662 4734 aevi
2699 4678 3046 4748 simplicitate
3084 4680 3217 4743 nati,
3258 4679 3483 4730 minoris

1910 4752 2021 4803 fere
2077 4750 2377 4803 momenti.
2422 4764 2584 4803 uuam
2632 4757 2693 4803 ut
2746 4748 3068 4803 theologiam
3131 4749 3479 4803 attingerent.

1905 4752 2021 4807 fere
2077 4748 2377 4812 momentil,
2422 4764 2584 4818 quam
2632 4757 2693 4803 ut
2746 4748 3068 4815 theologiam
3131 4749 3479 4818 attingerent.

1906 4824 1962 4876 in
1985 4836 2130 4892 _qua,
2180 4828 2237 4874 et
2274 4819 2473 4892 Christi
2519 4819 2779 4892 mysterio
2828 4818 3154 4892 astruendis,
3202 4828 3483 4872 strenuam

1908 4893 1944 4946 ii
1985 4887 2177 4944 Patres
2230 4890 2485 4958 (maxime
2520 4887 2788 4958 lrénwus)
2820 4888 3190 4942 adhibuerunt
3234 4902 3482 4957 operam,

1906 4977 2011 5031 qua
2041 4961 2205 5015 etiam
2241 4961 2550 5030 sanctisque
2584 4975 2770 5013 eorum
2806 4958 3053 5031 moribus
3083 4960 3144 5031 τὸ
3180 4958 3484 5027 θαυμάσιον

1908 5028 2274 5100 ἔξήστραψαν,
2330 5028 2521 5084 miram
2566 5031 2864 5100 claritatem
2918 5028 3097 5100 adepti
3135 5039 3286 5092 sunt,
3334 5037 3391 5082 et
3420 5038 3482 5083 ut

1910 5098 2090 5156 sancti
2119 5101 2307 5155 Patres
2335 5110 2391 5154 et
2418 5101 2669 5155 Ecclesiae
2696 5098 2939 5168 magistri
2971 5099 3306 5154 haberentur
3330 5118 3343 5152 :
3370 5114 3480 5152 non

1907 5174 2051 5242 quod
2086 5172 2224 5225 male
2239 5172 2415 5242 reddit
2432 5170 2641 5234 Metius,
2680 5168 2812 5222 Vita:
2828 5169 3126 5242 innocentia
3142 5180 3189 5223 et
3214 5170 3484 5242 miraculis

1907 5238 2232 5296 claruerunt.
2285 5239 2415 5294 Nam
2464 5257 2591 5309 rogo
2640 5241 2783 5293 unde
2837 5238 3063 5309 Photius
3112 5256 3176 5294 ea
3223 5241 3483 5293 miracula

1910 5315 2118 5371 habuit,
2171 5311 2256 5363 vel
2296 5310 2491 5378 Papiaa,
2530 5308 2612 5364 vel
2652 5309 2921 5380 aliorum?
2956 5308 3046 5363 Sic
3083 5313 3299 5380 quidem
3336 5325 3484 5364 nunc

1906 5381 2251 5437 vindicandis
2290 5381 2490 5434 sanctis
2530 5396 2627 5433 usu
2680 5378 2927 5434 Romano
2962 5378 3281 5448 quaeruntur
3319 5382 3485 5434 mira—

1906 5454 2045 5511 cula,
2083 5468 2151 5505 ne
2180 5449 2309 5519 quid
2337 5450 2558 5503 humani
2587 5451 2862 5520 subrepat.
2892 5460 2947 5504 et
2972 5452 3115 5519 quod
3150 5461 3257 5505 tam
3282 5451 3485 5503 multos

1906 5524 2183 5575 vindicare
2234 5536 2341 5572 non
2400 5521 2615 5574 intersit
2664 5521 2739 5574 rei
2787 5521 3145 5585 Christiana;
3198 5522 3291 5574 sed
3347 5535 3484 5588 quos

1906 5593 2047 5646 Deus
2080 5590 2378 5661 majoribus
2407 5590 2577 5660 signis
2603 5606 2726 5644 cum
2758 5592 2881 5643 vitae
2911 5592 3140 5661 ﬁdeique
3171 5592 3484 5661 praestantia

1905 5663 2173 5716 clariones
2211 5660 2431 5722 elliciat,
2477 5661 2712 5729 velitque
2758 5664 2871 5716 suis
2899 5660 3150 5715 ﬁdelibus
3174 5660 3313 5715 eum
3344 5673 3485 5729 prac-

1905 5733 2043 5785 sidio
2069 5747 2189 5786 esse
2211 5771 2225 5795 ,
2257 5741 2371 5785 tum
2402 5731 2668 5802 exemplo.
