4044 6406
552 386 671 449 ³815

1690 379 1951 441 ΡΗΟἸῚΙ
1993 376 2496 437 PATRIARCIUE
2533 376 2644 438 ΟΡ.

3715 378 3827 442 816

568 520 669 559 nec
702 519 811 558 non
849 502 1070 572 Papiam
1116 500 1579 570 Hierapolitanum
1610 515 1623 552 :
1650 512 1715 552 ex
1758 496 1957 566 quibus
2001 493 2116 564 prio

2220 492 2343 554 ςτὸν
2374 492 2725 562 Λουγδούνων
2749 492 3066 557 ἐπίσκοπον,
3103 496 3197 547 καὶ
3233 494 3447 549 Παπίαν
3482 496 3572 550 τὸν
3599 499 3697 569 τῆς
3731 502 3832 552 Ἰε-

564 593 786 665 quidem
817 592 1056 663 martyrii
1091 607 1347 647 coronam
1386 598 1716 646 consecutus
1754 599 1859 653 est;
1895 584 1984 641 alii
2014 600 2143 639 vero

564 686 846 755 apostolici
882 684 983 737 viri
1018 684 1292 744 exstitere,
1345 682 1697 750 moribusque
1745 696 1810 735 ac
1854 680 1961 734 vita
2007 677 2145 732 miro

565 778 857 848 Splendore
877 776 1151 831 ellulsere.
1186 774 1243 828 Si
1270 774 1401 843 quid
1437 784 1620 829 tamen
1648 771 1895 827 veritatis
1925 770 2144 824 tramite

567 886 663 939 per
701 870 1087 941 negligentiam
1134 867 1337 937 aliquid
1372 866 1739 930 olIcnderunt,
1780 873 1873 918 aut
1920 864 2145 918 aberra-

565 972 711 1025 runt,
745 973 803 1016 ut
850 962 1114 1017 adversus
1156 976 1503 1014 communem
1548 958 1803 1015 Ecclesia:
1839 956 2142 1012 doctrinam

561 1054 835 1126 quidpiam
863 1054 1235 1124 loquerentur,
1257 1054 1311 1107 in
1340 1054 1425 1107 his
1450 1053 1567 1107 illos
1592 1052 1815 1105 minime
1840 1049 2138 1119 sequimur,

561 1163 662 1202 nec
694 1164 757 1203 ea
794 1159 972 1203 tamen
1002 1148 1211 1203 ratione
1267 1148 1436 1200 ullum
1481 1160 1669 1201 eorum
1723 1142 1896 1197 Patris
1936 1142 2143 1197 honore

559 1250 720 1312 atque
748 1241 918 1312 gloria
944 1240 1282 1295 abdicamus.

633 1332 797 1387 XXII.
842 1331 1065 1387 Deﬁciet
1091 1346 1177 1386 me
1207 1331 1324 1385 dies
1359 1337 1767 1400 percensentem
1795 1327 1960 1391 viros,
2004 1340 2141 1395 quos

557 1424 779 1481 Patrum
824 1424 1043 1494 quidem
1110 1425 1321 1478 honore
1375 1423 1745 1485 honestamus,
1806 1435 1907 1475 nec
1960 1429 2139 1474 tamen

556 1518 683 1584 illis,
717 1516 773 1572 in
810 1517 1007 1587 quibus
1041 1530 1073 1570 a
1123 1515 1349 1570 veritate
1392 1514 1697 1578 deviarunt,
1739 1511 2136 1567 auscultamus.

555 1609 651 1666 Sic
700 1609 884 1679 itaque
926 1607 1138 1663 etiamsi
1179 1606 1273 1677 qui
1322 1614 1518 1676 praeter
1569 1602 1903 1659 Dominicam
1951 1614 2141 1655 vocem

551 1710 777 1756 cunctos
800 1701 1087 1756 docentem
1117 1698 1376 1771 mysteria
1402 1697 1600 1752 dixisse
1623 1696 1933 1761 videantur,
1962 1692 2135 1764 Spiri-

561 1805 676 1850 tum
706 1810 736 1848 a
768 1794 905 1849 Filio
937 1792 1265 1863 procedere;
1297 1792 1597 1846 novitatem
1632 1790 1885 1859 quidem,
1917 1798 1975 1841 ut
2019 1802 2140 1857 quaa

2249 584 2560 653 ραπόλεως’
2614 582 2707 637 τδν
2768 583 2887 653 μὲν,
2945 583 3039 637 τοῦ
3093 586 3394 660 μαρτυρίου
3442 587 3533 641 τὸν
3563 588 3832 659 στέφανον

2248 676 2684 747 ἀναδησάμενον’
2722 678 2846 741 τοὺς
2871 677 2949 741 δὲ,
2979 678 3177 750 ἄνδρας
3215 679 3375 744 ὄντας
3415 682 3829 746 ἀποστολικοὺς,

2247 769 2339 822 καὶ
2383 772 2495 832 τοῖς
2546 769 2640 822 τοῦ
2682 769 2797 840 βίου
2848 772 3071 842 τρόποις
3125 772 3184 825 τὸ
3218 771 3520 845 θαυμάσιον
3567 775 3827 845 ἐξαστρὰ-

2246 878 2496 924 πτοντας.
2540 863 2679 915 Ἀλλ’
2706 859 2819 928 οῦν,
2863 865 2917 917 εἴ
2944 862 2995 917 τί
3024 881 3087 933 γε
3116 864 3217 936 τῆς
3244 865 3502 936 ἀληθείας
3539 867 3827 937 ὠλιγώρηο

2248 971 2363 1017 σαν,
2394 956 2487 1008 καὶ
2519 956 2946 1027 παρηνέχθησαν
2978 958 3315 1028 φθέγξασθαι
3364 959 3702 1023 ἁπεναντίας
3734 960 3827 1012 τοῦ

2247 1044 2427 1097 κοινοῦ
2459 1047 2553 1098 καὶ
2580 1046 3041 1117 ὲκκλησιαστικοῦ
3065 1048 3358 1119 δόγματος,
3390 1053 3445 1102 ἐν
3472 1050 3685 1114 τούτοις
3732 1054 3832 1122 μὲν

2243 1136 2339 1206 οὐχ
2368 1136 2641 1206 ἑπόμεθα·
2684 1138 2783 1209 τῆς
2809 1140 3086 1210 πατρικῆς
3129 1141 3186 1194 δὲ
3217 1141 3382 1213 τιμῆς
3407 1145 3501 1195 καὶ
3524 1143 3691 1213 δόξης
3743 1146 3836 1198 0'5-

2247 1226 2443 1295 μενοῦν
2470 1228 2620 1282 οὐδὲν
2646 1228 2827 1282 αὐτῶν
2854 1233 3280 1302 περικόπτομεν.

2317 1319 2445 1375 ΚΒ’.
2491 1319 2791 1390 Ἐπιλείψει
2825 1339 2893 1392 με
2935 1324 3177 1393 ήήμέρα
3203 1326 3328 1383 τοὺς
3356 1324 3557 1395 ἄνδρας
3590 1324 3829 1395 ἀπαριθ-

2246 1410 2536 1480 μούμενον,
2577 1413 2672 1476 οὓς
2704 1417 2769 1485 τῇ
2800 1414 2906 1483 μὲν
2936 1414 3046 1468 τῶν
3084 1414 3342 1486 Πατέρων
3387 1418 3519 1485 τιμῇ
3570 1415 3833 1484 σεμνύνο-

2245 1521 2346 1573 μεν
2366 1520 2377 1532 ·
2419 1504 2476 1557 ὲν
2504 1500 2583 1568 οἷς
2606 1506 2662 1559 δὲ
2692 1506 2791 1576 τῆς
2822 1506 3081 1575 ἀληθείας
3124 1508 3575 1578 παρηνέχθησαν,
3635 1508 3701 1560 οὐ
3736 1526 3827 1577 μι-

2246 1595 2496 1665 μούμεθα
2522 1615 2535 1628 ·
2561 1595 2703 1651 οὕτω
2732 1598 2861 1667 γοῦν
2891 1600 2983 1652 καὶ
3008 1598 3062 1651 εἴ
3081 1617 3225 1663 τινες
3269 1603 3487 1668 φανεῖεν
3541 1602 3695 1669 παρὰ
3729 1600 3828 1670 τὴν

2242 1687 2577 1759 Δεσποτικὴν
2600 1689 2782 1761 φωνὴν
2804 1691 2902 1762 τὴν
2934 1691 3141 1754 πάντας
3164 1692 3310 1760 ἡμᾶς
3335 1710 3403 1761 μυ
3414 1691 3825 1760 σταγωγοῦσαν,

2242 1782 2301 1831 τὸ
2334 1781 2555 1851 Πνεῦμα
2597 1783 2839 1844 εἰπόντες
2862 1784 2927 1834 ἐκ
2955 1780 3047 1835 τοῦ
3078 1782 3206 1835 Υξοῦ
3234 1781 3629 1853 ἐκπορεύεσθαι
3660 1800 3674 1813 ο
3734 1784 3827 1853 τὴν

558 1883 894 1941 Dominicam
955 1891 1273 1952 corrumpat
1316 1896 1505 1937 vocem
1552 1880 1779 1950 ejusque
1821 1875 2116 1949 depravatit

2244 1871 2343 1940 μὲν
2373 1872 2745 1941 καινοτομίαν,
2773 1872 2848 1935 ὡς
2877 1871 2975 1942 τὴν
3014 1872 3349 1942 Δεσποτικὴν
3389 1874 3573 1941 φωνὴν
3627 1872 3826 1941 κιϐδη-

557 1976 804 2041 exsistat,
860 1988 1221 2040 aversamur;
1278 1973 1421 2028 illius
1467 1984 1647 2026 tamen
1692 1980 1993 2042 parentem,
2044 1967 2136 2038 qui

550 2067 785 2122 maxime
832 2066 1008 2131 sileat,
1063 2080 1166 2120 nec
1205 2080 1359 2119 suam
1411 2080 1648 2133 przesens
1700 2078 1920 2117 causam
1974 2076 2135 2133 agere

551 2156 720 2226 possit
747 2164 840 2209 aut
868 2154 1254 2219 contradicere,
1273 2167 1612 2223 nequaquam
1633 2150 1969 2205 damnamus.
1995 2150 2132 2206 Cum

548 2246 690 2301 enim
720 2246 813 2316 qui
856 2245 1107 2300 humanis
1145 2245 1308 2298 rebus
1358 2245 1696 2299 substractus
1743 2251 1845 2305 est,
1886 2258 1995 2297 non
2027 2243 2128 2305 sit,

548 2355 649 2394 nec
676 2339 794 2409 ipse
830 2356 926 2410 per
946 2355 1025 2405 se,
1055 2354 1157 2394 nec
1184 2355 1280 2409 per
1300 2338 1435 2393 alios
1466 2339 1558 2409 qui
1587 2339 1705 2409 ejus
1736 2338 1919 2393 tuendi
1945 2348 2127 2408 partes

546 2446 850 2500 munusque
880 2430 1245 2501 susceperint,
1279 2431 1461 2485 nullus
1487 2430 1707 2500 quidem
1736 2445 1883 2485 sana:
1923 2430 2126 2487 mentis

549 2533 793 2579 actorem
829 2524 882 2578 in
910 2539 1036 2579 eum
1065 2539 1226 2595 agere
1248 2522 1400 2578 velit.
1425 2521 1584 2578 Nullo
1611 2538 1741 2577 vero
1761 2532 2003 2589 auctore,
2028 2540 2129 2580 nec

546 2618 814 2672 sententia
844 2617 951 2671 erit
979 2616 1220 2672 damnati
1253 2616 1516 2671 criminis.
1554 2617 1711 2670 Nulla
1745 2627 1927 2671 autem
1968 2618 2123 2672 dam-

547 2709 783 2763 nationis
823 2710 1123 2774 sententia,
1176 2708 1269 2778 qui
1310 2723 1435 2763 cum
1486 2709 1761 2765 incessere
1804 2711 2002 2764 audeat
2033 2709 2121 2779 qui

547 2802 647 2856 hos
674 2818 865 2855 omnes
895 2817 1055 2856 casus
1096 2801 1425 2865 excesserit,
1473 2816 1581 2855 non
1624 2802 1792 2872 magis
1846 2802 1898 2855 in
1946 2801 2121 2866 illum,

550 2907 713 2961 quam
748 2891 802 2945 in
839 2900 1001 2960 caput
1030 2891 1144 2960 ipse
1171 2906 1329 2945 suum
1360 2892 1739 2945 contumeliam
1774 2894 1957 2947 vertit.

619 2984 807 3038 XXIII.
851 2983 1075 3048 Verum,
1102 2985 1277 3047 aiunt,
1308 2984 1563 3039 dixerunt
1589 2984 1774 3039 Patres
1800 2983 2061 3055 Spiritum
2094 3000 2123 3039 a

550 3074 685 3130 Filio
711 3074 1040 3146 procedere?
1072 3074 1142 3129 At
1178 3074 1337 3145 pauci
1368 3091 1597 3129 numero
1625 3090 1638 3127 :
1665 3076 1846 3144 plures
1875 3091 2007 3131 vero
2036 3076 2123 3131 di-

546 3182 669 3223 cere
735 3182 843 3221 non
893 3166 1316 3222 sustinuerunt:
1365 3167 1619 3222 dixerunt
1668 3165 1860 3223 Patres
1892 3184 2121 3239 quorum

547 3260 704 3316 facile
734 3274 1023 3315 numerum
1075 3260 1226 3315 ineas
1255 3282 1265 3315 :
1296 3260 1499 3315 etenim
1537 3270 1849 3316 sanctarum
1891 3261 2122 3333 synodo-

544 3368 666 3409 rum
692 3353 910 3409 decreta
932 3368 1027 3408 eos
1056 3362 1408 3423 respuerunt,
1436 3352 1529 3423 qui
1558 3362 1757 3423 praeter
1781 3352 2120 3409 Dominicam

544 3460 733 3499 vocem
757 3443 921 3499 locuti
943 3452 1146 3499 essent.
1184 3443 1447 3498 Dixerunt
1474 3444 1690 3509 Patres;
1725 3447 1820 3498 sed
1838 3444 1968 3515 quid
1987 3458 2126 3515 opus

546 3538 612 3591 de
639 3537 853 3591 illorum
880 3552 1130 3600 numero,
1164 3537 1255 3607 qui
1281 3536 1558 3600 dixerunt,
1591 3536 1792 3591 anxius
1816 3552 2128 3591 sermonem

545 3628 805 3684 trahere?
837 3628 947 3683 Nec
986 3628 1031 3683 si
1074 3637 1325 3683 creatura
1383 3628 1635 3682 universa
1677 3644 1838 3681 unam
1886 3628 2127 3683 misisset

540 3739 749 3791 vocem,
790 3740 953 3780 nemo
996 3735 1176 3779 tamen
1206 3724 1514 3779 Conditoris
1551 3739 1612 3779 ac
1658 3722 1880 3793 Opiﬁcis
1935 3721 2125 3776 relicta

2241 1961 2501 2015 λεύουσαν
2527 1965 2620 2017 καὶ
2650 1964 3202 2034 παραχαράσσουσαν,
3222 1965 3715 2035 ἀποστρεφόμεθαο
3736 1965 3826 2018 τὶν

2237 2054 2447 2125 ⁸τεκιτέρα
2475 2054 2531 2109 δὲ
2556 2055 2749 2125 αὐτῆς,
2778 2058 3017 2125 σιγῶντα
3046 2058 3283 2127 μάλιστα
3314 2060 3409 2110 καὶ
3447 2058 3521 2127 μὴ
3550 2057 3821 2128 παρόντα,

2238 2148 2362 2217 μηδ’
2393 2149 2769 2217 ἀντιλέγοντα,
2805 2150 3070 2220 οὐμενοῦν
3110 2152 3172 2203 οὐ
3222 2151 3681 2220 καταδικάςομεν.
3716 2152 3821 2203 Τοῦ

2234 2240 2339 2308 γὰρ
2369 2240 2659 2308 φεύγοντος
2691 2242 2800 2311 (16)
2824 2244 2924 2295 οὐκ
2944 2241 3118 2307 ὄντος,
3152 2242 3275 2297 οὔτε
3326 2243 3395 2295 δι’
3436 2241 3659 2305 ἑαυτοῦ,
3694 2241 3818 2295 οὔτε

2231 2324 2389 2383 δι’ὧν
2417 2332 2555 2403 ὑπὲρ
2590 2332 2756 2386 αὑτοῦ
2811 2334 2990 2401 λέγειν
3035 2333 3466 2405 προχειρῐξεται,
3518 2334 3699 2397 οὐδεὶς
3752 2336 3818 2387 ἂν

2230 2425 2312 2494 εἴη
2336 2420 2459 2478 νοῦν
2482 2423 2619 2495 ἔχων
2656 2426 2983 2496 κατήγορος.
3025 2428 3379 2497 Κατηγορίας
3411 2427 3468 2479 δὲ
3495 2427 3595 2479 οὐκ
3624 2427 3814 2496 οὔσης,

2228 2518 2350 2572 οὐδὲ
2395 2518 2573 2587 ψῆφος
2621 2518 2949 2590 προέρχεται
2980 2519 3073 2573 τοῦ
3125 2521 3505 2590 ἐγκλήματοςο
3541 2521 3725 2589 ψήφου
3758 2521 3813 2571 δὲ

2230 2606 2701 2679 καταδικαζούσης
2729 2608 2804 2679 μὴ
2828 2608 3101 2681 δοθείσης,
3143 2612 3171 2663 ὁ
3203 2602 3419 2680 τολμῶν
3446 2608 3696 2679 ὑϐρίζειν
3724 2611 3813 2662 τὸν

2228 2700 2332 2767 ἔξω
2354 2701 2559 2755 τούτων
2593 2702 2911 2756 καθεστῶτα
2933 2705 3154 2759 πάντων
3181 2705 3289 2757 τῶν
3318 2706 3721 2775 περιστάσεων,
3750 2707 3810 2756 οὐ

2228 2792 2347 2845 κατ’
2379 2793 2590 2845 ἐκείνου
2624 2793 2844 2864 μᾶλλον,
2893 2793 2925 2864 ἢ
2960 2796 3083 2849 καθ’
3128 2796 3321 2849 ἑαυτοῦ
3347 2795 3675 2866 περιτρέπει
3722 2799 3812 2848 τὶν

2225 2882 2446 2939 δνειδον.

2297 2975 2423 3031 ΚΓ.
2473 2976 2613 3030 Ἀλλ’
2663 2975 2839 3037 εἷπον.
2899 2979 3055 3047 φασὶ,
3094 2979 3339 3047 Πατέρες
3391 2978 3454 3031 τὸ
3486 2979 3715 3048 Πνεῦμα
3746 2979 3808 3030 ἐκ

2224 3068 2322 3123 τοῦ
2362 3070 2492 3124 Υἱοῦ
2537 3070 2969 3144 ὲκπορεύεσθαι;
3000 3070 3162 3126 Ἀλλὰ
3194 3071 3416 3143 βραχεῖς
3437 3072 3515 3143 τῷ
3557 3073 3805 3143 ἀριθμῷ·

2226 3162 2342 3215 ἀλλ’
2375 3163 2423 3216 οἱ
2462 3162 2681 3226 πλείους
2713 3165 2887 3216 εἰπεῖν
2921 3164 3020 3217 οὐκ
3050 3165 3358 3235 ἠνέσχοντο.
3408 3161 3576 3219 Εἶπον
3625 3168 3809 3234 εὐαρί-

2225 3256 2419 3327 θμητοι
2444 3256 2705 3328 Πατέρες,
2724 3256 2859 3311 ἀλλὰ
2879 3257 3107 3310 συνόδων
3128 3258 3297 3324 ἁγίων
3313 3258 3667 3329 ψηφίσματα,
3685 3260 3806 3322 τοῦς

2222 3348 2369 3419 παρὰ
2400 3346 2498 3418 τὴν
2526 3348 2866 3421 Δεσποτικὴν
2895 3347 3082 3419 φωνὴν
3108 3349 3363 3412 εἰπόντας
3384 3391 3399 3416 ,
3442 3350 3805 3417 ἀποπέμπων-

2221 3457 2331 3493 ται.
2365 3434 2532 3493 Εἶπον
2564 3440 2830 3509 Πατέρες,
2861 3441 2997 3500 ἀλλὰ
3024 3440 3077 3494 τί
3106 3456 3172 3511 με
3206 3440 3287 3494 δεῖ
3311 3443 3661 3513 μικρολογεῖν
3678 3445 3805 3511 περὶ

2222 3535 2312 3587 τὸν
2342 3533 2575 3605 ἀριθμὸν
2604 3535 2711 3589 τῶν
2733 3535 3030 3601 εἰπόντωνς
3065 3535 3187 3589 Οὐδ’
3213 3535 3279 3589 ἂν
3323 3537 3357 3606 ἡ
3390 3536 3574 3601 κτίσις
3625 3538 3805 3607 ἀφῆκε

2224 3628 2372 3680 πᾶσα
2404 3627 2536 3697 μίαν
2568 3626 2771 3698 φωνὴν,
2814 3626 3078 3697 οὐμενοῦν
3107 3627 3283 3691 οὐδεὶς
3310 3626 3405 3681 τοῦ
3438 3630 3683 3682 κτίστου
3714 3632 3803 3682 xui.

2225 3717 2570 3789 Δημιουργοῦ
2627 3720 2945 3772 καταλιπὼν
3001 3719 3102 3789 τὴν
3136 3720 3555 3788 μυσταγωγίαν,
3611 3721 3711 3774 καὶ
3739 3729 3803 3773 τα

2050 3878 2282 3936 NOT/E.

610 4033 722 4105 (16)
763 4031 874 4087 Τοῦ
891 4033 1013 4105 ,γὰρ
1048 4034 1397 4105 φεύγοντος.
1435 4032 1623 4105 Reddo
1657 4049 1720 4087 ac
1747 4033 1790 4088 si
1824 4043 1970 4088 esset
2002 4051 2107 4103 φυ-

538 4102 745 4174 γόντος·
801 4111 861 4155 u:
890 4102 1179 4174 ita‘vocet.
1217 4103 1308 4171 qui
1345 4104 1598 4157 humanis
1631 4105 1793 4158 rebus
1824 4116 2108 4174 exemptus

539 4170 643 4228 est.
692 4173 903 4227 Metius.
949 4170 1172 4237 Quando
1222 4170 1359 4225 enim
1406 4191 1523 4226 reus
1567 4191 1669 4227 non
1705 4184 1799 4236 est,
1841 4174 1931 4242 qui
1969 4170 2107 4230 forte

538 4245 699 4299 aliam
750 4258 937 4297 vocem
997 4244 1200 4296 habuit.
1229 4242 1391 4297 Ludit
1435 4259 1565 4298 vero
1608 4245 1722 4298 istis
1769 4244 1994 4299 Photius
2046 4262 2109 4300 ac

541 4316 735 4379 illudit,
769 4314 922 4382 quasi
949 4313 1021 4367 illi
1054 4314 1305 4367 deessent
1336 4316 1579 4383 exempla
1616 4330 1825 4376 eorum,
1859 4317 1948 4383 qui
1973 4318 2108 4369 vivis

541 4384 802 4455 exempti,
858 4383 1127 4455 haereseos
1166 4384 1403 4437 damnati
1462 4394 1609 4447 sunt,
1668 4385 1758 4438 ubi
1804 4387 2106 4455 prtesertim

542 4453 756 4509 illorum
789 4453 1012 4525 haeresis
1038 4468 1255 4525 serpere
1283 4455 1586 4518 videbatur,
1624 4453 1947 4525 illorumque
1976 4472 2105 4510 anc-

543 4525 759 4579 toritate
789 4523 982 4595 fulciti.
1020 4524 1112 4577 Sic
1142 4524 1194 4576 in
1246 4541 1277 4576 v
1317 4527 1507 4594 syuod.
1537 4526 1774 4580 damnati
1819 4523 2100 4595 Origenes,

538 4595 877 4664 Theodorus
916 4592 1183 4661 Mopsuet.
1230 4592 1562 4664 etc-totque
1607 4596 1695 4649 alii
1742 4592 1998 4664 deinceps
2050 4598 2104 4649 in

536 4680 609 4719 γι.
638 4663 882 4735 primarii
915 4665 1120 4717 ordinis
1154 4664 1250 4717 viri
1297 4663 1584 4735 magnique
1609 4667 1898 4720 antistites.
1930 4663 2108 4735 Atque

536 4736 675 4790 adeo
722 4734 767 4788 si
812 4750 938 4787 vere
970 4744 1131 4802 caput
1170 4737 1269 4802 τῆς
1304 4734 1578 4802 θεολογίας
1610 4747 1744 4800 erat,
1778 4737 1963 4805 sicque
2003 4734 2107 4790 im—

538 4806 703 4876 probe
735 4805 997 4857 adversus
1031 4806 1199 4872 ipsam
1240 4805 1573 4861 Dominicam
1610 4823 1796 4861 vocem
1838 4808 1871 4859 ii
1916 4805 2106 4860 Patres

538 4878 593 4930 in
618 4891 685 4929 eo
721 4885 1067 4946 erraverunt,
1106 4877 1300 4946 merito
1340 4879 1719 4946 compesceudi
1762 4887 1917 4932 erant
1959 4896 1971 4929 :
2004 4892 2103 4944 pa-

537 4948 718 5015 riaque
747 4944 968 4998 sceleris
994 4945 1071 4998 rei
1106 4945 1445 5007 videbantur,
1467 4944 1571 5015 qui
1607 4948 1690 5001 vel
1716 4950 1770 5001 in
1802 4950 1880 5001 eis
1935 4949 2017 4999 vel
2048 4949 2101 4999 in

534 5030 720 5070 eorum
771 5015 985 5081 scriptis
1041 5024 1185 5069 tanta
1242 5017 1584 5071 successione
1626 5035 1739 5072 rem
1788 5018 2101 5071 dissimula-

537 5095 683 5139 runt.
730 5082 834 5137 Sed
865 5085 1004 5137 nulla
1046 5086 1311 5152 ejusmodi
1343 5089 1562 5155 querela
1588 5098 1721 5143 erat.
1756 5090 1928 5141 donec
1955 5087 2096 5138 l’ho-

539 5156 667 5214 tius,
716 5155 1238 5225 eam_discessionis
1292 5160 1633 5212 occasionem
1694 5162 1839 5221 fecit,
1901 5157 2098 5225 illoque

536 5226 685 5298 pejor
712 5222 1048 5298 _C_erularius.
1085 5224 1247 5296 Urget
1285 5228 1387 5281 hoc
1419 5236 1794 5298 argumentum
1835 5222 2098 5298 Georgius

537 5293 822 5349 Metochila
865 5308 930 5366 ex
973 5310 1122 5363 ptlpte
1150 5293 1424 5365 synodica,
1456 5293 1523 5352 de
1544 5314 1648 5366 qua
1680 5298 1955 5351 consultus
1985 5293 2097 5350 Ma-

537 5367 712 5419 ximus
744 5364 1051 5437 eunl'essor.
1098 5364 1470 5422 ad’Marinum
1500 5364 1871 5437 presbyterum
1911 5368 2089 5437 Cypri.

532 5433 887 5502 exposuitque
926 5449 1145 5489 sensum
1177 5438 1319 5490 illius
1351 5433 1637 5492 nihil—fidei
1664 5433 2093 5501 adversuni','atit

532 5523 562 5560 a
584 5506 892 5576 Graecorum
926 5504 1042 5572 ipso
1068 5522 1254 5571 sensu,
1283 5509 1441 5563 aliter
1463 5524 1624 5576 quam
1658 5508 1709 5560 in
1733 5509 1894 5561 modo
1918 5510 2087 5576 signi-

534 5575 751 5633 licandi,
782 5573 1075 5645 diversum.
1110 5576 1228 5631 Jam
1265 5588 1377 5633 tum
1419 5573 1546 5645 ergo
1577 5578 1814 5631 Ecclesia
1836 5573 2088 5634 CPlifatta

533 5647 786 5701 Ecclesia:
836 5644 1089 5700 Romanae
1127 5644 1565 5702 communionem
1617 5664 1722 5701 non
1776 5649 2085 5716 respuebat,

530 5732 651 5769 cum
694 5717 787 5787 illa
836 5733 901 5768 ex
954 5716 1087 5769 Filio
1136 5720 1397 5787 Spiritum
1453 5720 1815 5786 proﬁteretur,
1866 5734 1973 5771 non
2018 5738 2080 5772 ex

530 5787 644 5839 solo
689 5786 867 5847 Patre,
914 5786 1188 5857 unumque
1213 5790 1404 5841 ambos
1433 5789 1761 5856 Spiratorem
1789 5798 1842 5841 et
1867 5806 2081 5844 causam

530 5872 627 5910 seu
668 5865 943 5910 auctorem
996 5858 1232 5926 Spiritus
1278 5862 1628 5929 agnosceret:
1684 5859 1775 5913 sed
1818 5874 1920 5925 qua
1969 5862 2079 5930 ipsa

2215 4036 2561 4091 confessione
2608 4052 2673 4091 ac
2713 4034 2937 4090 Maximi
2979 4034 3227 4105 ejusdem
3279 4035 3607 4089 auctoritate
3658 4034 3796 4089 facta

2220 4107 2350 4163 unio
2393 4106 2681 4161 Florentia:
2725 4116 2843 4160 est:
2884 4106 2974 4161 cui
3012 4106 3222 4160 utinam
3261 4106 3600 4160 zizaniorum
3648 4118 3793 4159 salo.-

2216 4192 2510 4249 paucorum
2561 4176 2867 4249 pervicacia
2910 4192 3021 4230 non
3066 4175 3387 4249 obstitisset.
3421 4174 3501 4249 ⁸Ει
3545 4177 3791 4249 quamvis

2219 4244 2326 4301 non
2379 4244 2579 4302 desint'
2618 4263 2687 4303 ex
2739 4248 3055 4310 modernis,
3117 4247 3277 4300 etiam
3332 4244 3435 4299 viri
3490 4244 3788 4312 catholici,
3854 4246 3861 4254 '

2215 4318 2412 4386 quibus
2463 4334 2571 4371 non
2619 4319 2870 4373 videatur
2918 4318 3033 4371 ha‘c
3082 4316 3310 4385 epistola
3359 4331 3481 4370 esse
3540 4315 3784 4377 Maximi,

2214 4390 2356 4457 quod
2415 4404 2679 4457 nusquam
2736 4390 2941 4456 integra
2991 4396 3185 4451 exSIet,
3242 4396 3336 4440 aut
3384 4387 3529 4439 inter
3579 4387 3785 4453 reliqua

2215 4459 2334 4523 ejus
2387 4460 2683 4526 opuscula,
2733 4459 2919 4512 sedulo
2968 4459 3097 4511 satis
3155 4458 3403 4526 pluribus
3465 4458 3783 4512 ϐτίεροτιιιη

2139 4566 2181 4621 D
2212 4529 2504 4621 Giudici'bus
2543 4528 2844 4621 descripta:
2890 4529 3059 4608 pluris
3105 4537 3283 4581 tamen
3324 4526 3454 4607 mihi
3491 4537 3575 4581 est
3612 4526 3782 4621 Meto:

2213 4600 2372 4653 chitse
2400 4600 2727 4667 l’atrumque
2759 4598 3192 4652 Florentinorum
3214 4598 3530 4653 auctoritas.
3557 4607 3613 4651 et
3638 4600 3780 4663 quod

2212 4670 2281 4723 ita
2321 4670 2449 4724 olim
2488 4669 2695 4724 Graecis
2735 4669 2807 4721 sit
2846 4669 3051 4729 habita,
3086 4683 3188 4721 nec
3229 4669 3397 4738 stylus
3427 4667 3719 4721 abhorreat
3764 4685 3777 4718 :

2209 4755 2311 4793 nec
2351 4740 2452 4793 alia
2486 4740 2650 4793 fuerit
2688 4754 2847 4792 causa
2888 4755 2986 4793 cur
3015 4738 3353 4792 desideretur
3388 4746 3522 4797 tota.
3554 4754 3658 4791 nec
3683 4752 3777 4789 ex-

2209 4819 2313 4863 stet
2356 4810 2409 4862 in
2453 4810 2733 4864 codicibus
2778 4809 3028 4871 Maximi,
3073 4824 3232 4877 quam
3276 4810 3419 4877 qnod
3463 4810 3602 4862 forte
3654 4824 3775 4874 pro-

2207 4879 2364 4933 lixior
2416 4889 2552 4941 erat,
2603 4890 2662 4932 ut
2682 4890 2809 4932 sunt
2848 4880 3032 4947 plures
3075 4879 3289 4931 Maximi
3334 4880 3597 4947 epistolar,
3638 4894 3772 4943 pra-—

2204 4950 2393 5002 sertim
2449 4948 2788 5018 degmaticm,
2836 4960 2892 5003 et
2951 4950 3092 5017 quod
3154 4949 3354 5017 sapius
3414 4949 3772 5018 pluribusque

2203 5017 2538 5088 exscriptum
2560 5019 2687 5072 illud
2720 5030 3037 5088 excerptum
3062 5020 3127 5073 de
3155 5019 3502 5087 proccssioue
3536 5017 3771 5085 Spiritus

2202 5105 2265 5143 ex
2312 5089 2466 5143 Patre
2487 5096 2542 5142 et
2582 5090 2739 5148 Filio,
2759 5106 2858 5157 pro
2877 5090 3191 5158 qua‘stionis
3218 5090 3556 5151 celebritate,
3591 5090 3765 5155 ipsum

2200 5160 2376 5213 visum
2441 5168 2523 5213 est
2576 5159 2822 5213 sullicere
2870 5178 2881 5212 :
2928 5161 3200 5229 quomodo
3257 5159 3517 5228 pleraque
3578 5168 3768 5211 aucto-

2200 5244 2318 5284 rum
2360 5239 2713 5284 monumenta
2748 5230 3147 5291 desiderantur,
3177 5245 3408 5298 quorum
3441 5229 3769 5298 quandoque.

2197 5301 2343 5355 edita
2372 5309 2500 5355 sunt
2528 5300 2721 5354 electa.
2750 5301 2976 5353 Accedit
3001 5300 3133 5353 alias
3154 5301 3286 5354 alios
3311 5300 3525 5353 Maximi
3550 5299 3770 5352 codices

2197 5370 2399 5424 habere
2428 5371 2717 5438 epistolas:
2747 5370 2882 5425 alias
2910 5371 3105 5439 regios.
3135 5370 3271 5424 alias
3300 5370 3604 5433 vaticanos,
3635 5369 3769 5421 alias

2194 5439 2563 5503 Florentinos,
2616 5450 2812 5509 praeter
2856 5456 2969 5503 eas,
3007 5456 3144 5507 quas
3183 5456 3369 5493 eorum
3406 5440 3572 5508 aliqui
3611 5455 3763 5494 com-

2194 5526 2388 5565 munes
2418 5511 2653 5565 habent:
2686 5512 2883 5579 quibus
2918 5511 3171 5564 omnibus
3197 5510 3356 5563 ditari
3382 5512 3547 5563 velim
3576 5510 3750 5563 Eccle

2193 5581 2366 5643 siam;
2408 5584 2663 5650 pigetque
2692 5591 2845 5635 tanto
2881 5581 3064 5634 labore
3107 5583 3383 5648 quzesitas,
3430 5589 3750 5648 tantumque.

2192 5650 2243 5703 in
2278 5667 2391 5705 rem
2421 5651 2853 5705 Ecclesiasticam
2894 5651 3164 5703 commodi
3204 5651 3461 5704 allaturas
3500 5661 3552 5704 et
3590 5666 3751 5701 orna-

2191 5723 2392 5783 menti,
2446 5722 2675 5775 uerdum
2728 5722 2946 5775 licuisse
2993 5722 3133 5788 juris
3182 5721 3379 5789 publici
3442 5723 3619 5774 facere
3664 5734 3755 5787 per

2190 5791 2449 5858 temporis
2484 5792 2762 5859 injuriam,
2795 5807 3093 5860 eorumque
3128 5791 3401 5846 fastidium
3443 5794 3535 5860 qui
3574 5792 3761 5860 juvare

2186 5876 2346 5930 opera
2380 5871 2649 5931 poterant.
