4044 6420
262 412 364 475 317

1426 404 1975 486 EPISTOLARUM'
2000 424 2233 483 LIBER
2275 424 2325 483 1.

3406 417 3521 483 818

255 528 581 598 διδάγματα,
616 533 680 600 τῇ
737 532 1211 607 ἀντιφθεγγομένῃ
1272 536 1447 589 κτίσει
1487 537 1567 609 τῷ
1623 537 1831 606 Κτίστῃ

1948 534 2233 591 sacratiore
2263 535 2511 589 doctrina
2540 549 2602 589 ac
2633 532 2961 599 initiatione,
2994 540 3259 589 creatum
3284 532 3516 591 adversa

255 622 587 690 προσέθετο·
626 624 733 678 οὐδ’
757 626 1000 697 ὑπέκυψε
1034 629 1220 699 νόμοις
1255 628 1353 698 τῆς
1403 630 1665 699 κτίσεως,
1701 632 1829 693 τοὺς

254 712 350 765 τοῦ
390 714 626 770 κτίστου
648 718 742 772 καὶ
768 720 1114 792 Δημιουργοῦ
1159 720 1359 792 νόμους
1403 722 1831 793 παραγραφόμε-

253 824 365 868 νος.

326 901 451 953 KA'.
482 901 734 971 Πατέρας
757 903 942 974 ζητεῖς
974 907 1309 978 συνηγόρους
1347 909 1424 980 τῷ
1477 911 1825 980 φρονήματις

253 988 347 1041 τὸν
372 990 652 1063 Δεσπότην
710 994 873 1048 αὑτὸν
923 995 1067 1066 ἔχεις
1088 1012 1101 1025 ·
1135 998 1244 1052 τῶν
1280 1000 1674 1069 οἱκουμενικῶν
1705 1018 1830 1055 συν-

253 1080 390 1135 όδων
416 1081 515 1145 τὰς
535 1082 778 1155 ψήφουςο
814 1087 973 1157 χορὸν
1001 1088 1275 1159 θεοφόρων
1302 1092 1562 1162 Πατέρων
1595 1092 1830 1163 ἀριθμοῦ

254 1170 543 1242 κρείττονα
569 1192 581 1205 ·
616 1175 673 1242 ἐξ
704 1169 776 1229 ὧν
802 1178 915 1248 (17)
948 1181 1039 1232 καὶ
1066 1180 1116 1233 οἱ
1148 1180 1463 1253 λελεγμένοι
1493 1184 1700 1237 ἄνωθεν
1733 1185 1831 1257 τῆς

268 1263 489 1335 Ῥώμης
519 1268 797 1339 ἀρχιερεῖς
829 1271 1233 1342 ὲκδιδαχθέντες
1252 1315 1267 1338 ,
1304 1277 1394 1331 καὶ
1439 1276 1527 1330 διὰ
1555 1276 1650 1330 τοῦ
1681 1280 1835 1331 ἐκτε-

254 1356 509 1427 θειμένου
544 1358 643 1429 τῆς
669 1362 905 1424 πίστεως
942 1363 1097 1430 ἁγίου
1151 1363 1470 1437 μαθήματος
1501 1369 1567 1438 τῇ
1607 1367 1831 1438 Τριαδι-

252 1450 361 1518 κῆς
389 1450 808 1522 ὁμοουσιότητος
843 1454 1308 1527 ἀπαραχάρακτον
1338 1458 1397 1510 τὸ
1433 1457 1609 1529 δόγμα
1640 1475 1833 1529 παρει-

252 1540 507 1609 ληφότες,
544 1544 655 1605 τοῖς
691 1544 830 1598 κατὰ
857 1545 954 1616 τὴν
986 1547 1137 1601 δύσιν
1182 1550 1365 1602 πᾶσαν
1416 1549 1833 1622 παραδεδώκασι

257 1634 452 1703 μέρεσι
477 1651 491 1666 σ
518 1635 610 1687 καὶ
640 1634 701 1687 οὐ
730 1636 933 1705 μόνονὸ
958 1638 1100 1692 κατὰ
1122 1639 1222 1709 τὴν
1243 1641 1512 1713 τετάρτην
1537 1643 1633 1695 καὶ
1656 1644 1835 1695 οἰκου-

258 1724 489 1795 μενικὴν
523 1725 685 1794 ἁγίαν
715 1726 933 1781 σύνοδον
964 1729 1249 1800 ἐκλάμψας
1276 1732 1419 1803 ἱερὸς
1465 1732 1637 1799 Λέων,
1669 1734 1777 1786 οὐδ’
1808 1735 1837 1787 ὁ

251 1816 356 1887 τὴν
378 1818 663 1872 εὐσέϐειαν
697 1818 913 1890 ἐκείνῳ,
940 1820 1129 1892 ὥσπερ
1166 1825 1258 1877 καὶ
1290 1826 1350 1878 τὸ
1385 1825 1555 1895 ὄνομα
1585 1827 1834 1899 ἀπαράλ-

1931 626 2175 681 Creatori
2231 625 2512 696 loquenti,
2554 624 2797 680 animum
2837 624 3174 689 attenderet,
3216 634 3310 681 aut
3349 626 3490 683 Crea

1934 721 2067 775 toris
2109 736 2172 775 ac
2216 717 2440 789 Opiﬁcis
2477 717 2685 773 violatis
2733 718 2967 791 legibus,
3006 726 3271 774 creaturae
3301 719 3515 791 legibus

1932 824 1991 864 se
2026 811 2390 865 submitteret.

2003 902 2193 958 XXIV.
2235 904 2423 959 Patres
2449 905 2647 974 quaeris
2678 912 2786 960 tua:
2819 904 3108 959 sententia:
3136 902 3410 958 fautores?
3431 899 3517 973 lp-

1933 1012 2054 1050 sum
2071 994 2353 1049 Dominum
2376 996 2563 1061 babes,
2579 997 2968 1052 universalium
2980 996 3308 1065 synodorum
3323 994 3518 1050 suffra-

1934 1090 2049 1161 gia;
2080 1089 2390 1144 divinorum
2433 1090 2654 1146 Patrum
2687 1090 2915 1145 chorum
2938 1131 2952 1156 ,
3002 1090 3091 1160 qui
3129 1099 3183 1145 et
3228 1104 3519 1145 numerum

1934 1182 2159 1237 excedat
2194 1200 2207 1236 :
2239 1198 2471 1253 quorum
2510 1183 2754 1239 doctrina
2802 1182 3039 1247 imbuti,
3086 1198 3223 1253 quos
3263 1182 3527 1253 superius

1934 1277 2228 1330 memoravi
2298 1276 2527 1332 Romani
2568 1276 2861 1341 antistites,
2904 1291 2968 1331 ac
3007 1291 3103 1344 per
3152 1275 3350 1330 editam
3395 1271 3521 1329 fidei

1936 1377 2178 1423 sanctam
2213 1369 2477 1440 regulam,
2516 1369 2672 1423 trime
2712 1368 3290 1424 consubstantialitatis
3331 1367 3516 1421 incor-

1941 1468 2101 1529 rupta
2142 1470 2363 1530 accepta
2387 1460 2653 1523 doctrina,
2672 1462 2853 1517 cuncti
2884 1475 2982 1531 per
3001 1474 3190 1515 omnes
3206 1456 3519 1513 Occidentis

1939 1551 2124 1621 plagas
2156 1567 2275 1605 eam
2309 1552 2649 1607 tradiderunt
2678 1570 2692 1607 :
2724 1567 2826 1607 nec
2860 1552 3035 1607 solum
3072 1551 3180 1606 Leo
3213 1565 3388 1613 sacer,
3419 1549 3509 1619 qui

1938 1643 1995 1696 in
2045 1652 2235 1712 quarta
2272 1653 2331 1697 et
2382 1643 2720 1698 meumenica
2773 1660 2958 1699 sancta
3014 1642 3218 1713 synodo
3284 1640 3520 1695 celebris

1940 1734 2061 1797 fuit,
2090 1735 2173 1789 vel
2210 1735 2256 1789 is
2284 1736 2448 1790 etiam
2479 1736 2571 1805 qui
2613 1739 2729 1807 pari
2758 1737 2833 1791 illi
2858 1738 3061 1806 pietate
3091 1779 3104 1800 ,
3137 1735 3326 1790 eodem
3360 1733 3524 1788 etiam

1942 1826 2163 1881 nomine
2206 1825 2387 1891 fulsit;
2418 1826 2776 1881 verumetiam
2814 1826 3084 1881 Adrianus
3116 1825 3229 1894 ille,
3255 1824 3348 1893 qui
3372 1835 3523 1876 eaut-

254 1908 455 1971 λακτος
477 1925 490 1939 ’
525 1910 662 1964 ἀλλὰ
686 1913 779 1965 καὶ
814 1890 1323 1985 ’Δδριανὸςνὲκεῖνος
1367 1916 1459 1968 τὸν
1480 1890 1663 1969 αὐτὸν
1707 1890 1833 1971 απο-

1948 1918 2061 1974 dem
2112 1916 2465 1987 apostolicam
2504 1915 2690 1971 sedem
2719 1915 2891 1979 rexit,
2938 1913 2995 1967 in
3025 1912 3109 1967 his
3156 1890 3372 1981 quie'ad
3396 1922 3525 1963 san-

259 2000 509 2055 στολικὺν
538 2002 781 2067 διιθύνας
809 2003 1019 2077 θρόνον,
1057 2007 1112 2057 ἐν
1134 2000 1215 2069 οἷς
1253 2006 1388 2077 πρὸς
1413 2006 1503 2060 τὸν
1534 2006 1833 2076 ἁγιώτατον

257 2093 354 2146 καὶ
412 2093 832 2165 μακαριώτατον
891 2097 1164 2168 Ταράσιον
1190 2098 1279 2152 τὸν
1328 2100 1601 2171 ἡμέτερον
1628 2101 1833 2171 πατρός

1940 2010 2244 2065 etissimum
2259 2024 2324 2064 ac
2334 2008 2713 2065 beatissimum
2730 2008 2989 2077 majorem
3008 2015 3261 2077 patruum
3278 2010 3525 2058 nostrum

1942 2102 2226 2159 Tarasium
2270 2103 2583 2174 rescripsit,
2625 2112 2814 2173 aperte
2855 2116 2919 2156 ac
2974 2098 3265 2155 manifeste
3311 2096 3523 2154 sentire

1767 2324 1996 2380 NOTAE.

331 2503 443 2573 (l7)
489 2500 586 2567 Ἐξ
608 2496 715 2557 ὧν.
743 2501 879 2557 Male
920 2503 1134 2571 Metius,
1174 2504 1415 2569 Quatuor
1438 2506 1657 2562 Romani
1695 2510 1834 2564 Pau-

260 2575 422 2643 ti/ices
469 2574 587 2627 inde
637 2574 827 2633 edocti.
870 2590 991 2628 cum
1036 2574 1223 2630 Graeca
1276 2578 1484 2631 nullum
1540 2594 1829 2633 numerum

260 2646 654 2719 habeant,_s_ed
676 2643 866 2719 solum
897 2645 1176 2719 indefinite
1196 2686 1212 2719 ,_
1252 2648 1301 2699 οἱ
1328 2647 1533 2719 ἄνωθεν
1566 2650 1830 2719 λελεγμέ-

257 2734 361 2780 νοι,
394 2730 496 2768 nec
527 2713 761 2787 Pliotius
786 2716 1024 2787 plurium
1054 2717 1363 2772 meminerit
1386 2734 1547 2787 quam
1575 2713 1831 2781 duorum,

262 2787 461 2862 Leonis
510 2785 669 2862 primi
712 2794 765 2839 et
791 2785 989 2862 tertii,
1033 2802 1267 2862 quorum
1310 2785 1505 2842 iterum
1554 2800 1708 2862 urget
1737 2806 1835 2862 au:-

262 2856 569 2930 irtoritatem
605 2872 619 2908 :
651 2855 756 2930 lioc
795 2856 971 2930 solum
1019 2857 1160 2930 male
1204 2855 1649 2930 aggumcntatus;
1690 2860 1835 2930 quod

259 2942 457 3000 eorum
497 2926 774 3000 silentium
829 2926 972 2981 illius
1015 2928 1185 3000 vocis,
1229 2928 1486 2998 Filioque,
1527 2926 1836 3000 negationis

262 2998 532 3051 rationem
568 2997 768 3068 habere
802 2998 1117 3068 contendit:
1145 3014 1255 3068 quo
1290 2997 1480 3053 eodem
1521 2997 1653 3059 vitio
1695 3003 1836 3057 male

261 3074 484 3143 torquet
530 3065 1012 3143 verlm‘Doi‘ninica
1036 3106 1050 3129 ,
1088 3065 1239 3143 παίρὰ
1268 3070 1381 3143 τοῦξ
1411 3071 1621 3143 Πατρὸς
1668 3075 1838 3126 ἐκπο-

266 3135 579 3207 ρευόμενον,
616 3136 719 3201 Qui
742 3153 772 3188 a
801 3135 960 3189 Patre
980 3135 1249 3204 procedit:
1281 3141 1455 3193 malus
1484 3135 1632 3197 certe
1680 3145 1836 3197 theo-

1943 2526 2008 2564 ac
2058 2511 2206 2563 bono
2249 2524 2414 2563 sensu
2456 2508 2664 2570 valens,
2705 2508 2805 2562 sibi
2851 2504 2996 2575 quod
3028 2504 3227 2575 vellent
3267 2503 3527 2575 scribere,

1940 2581 2088 2634 nulla
2141 2578 2264 2632 inde
2308 2579 2670 2633 Ecclesiarum
2718 2572 3002 2632 scissione.
3040 2573 3312 2643 Mirorque
3349 2572 3526 2628 Photii

1938 2650 2183 2721 genium,
2224 2650 2319 2721 qui
2351 2648 2515 2721 tantis
2553 2657 2758 2721 urgeat.
2812 2649 2872 2721 τὸ
2921 2648 2986 2699 ἐκ
3010 2645 3107 2721 τοῦ
3148 2644 3297 2721 Υἱοῦ,
3330 2644 3528 2721 adver-

1940 2713 2046 2775 sari
2075 2720 2188 2774 voci
2222 2713 2538 2783 Dominicze,
2578 2713 2840 2788 πᾶρὰῖτοῦ
2870 2716 3110 2788 Πατρός,
3150 2716 3277 2788 quia
3305 2713 3529 2788 minimc

1942 2792 2205 2861 scriptum
2245 2800 2362 2861 est;
2416 2806 2521 2861 nec
2572 2784 2815 2861 advertat
2858 2784 3000 2861 idem
3050 2784 3415 2861 ur_ger_i_posse
3469 2784 3525 2861 in

1938 2855 2068 2920 illo,
2121 2860 2207 2913 διὰ
2256 2860 2349 2913 τοῦ
2398 2860 2551 2923 Υἱοῦ,
2593 2859 2736 2928 quod
2781 2857 3007 2928 perinde
3039 2855 3394 2928 veliadditio‘.
3441 2855 3527 2909 vel

1938 2931 2202 3001 expositio
2231 2940 2316 3001 est
2346 2931 2485 2997 ejus,
2536 2925 2677 3000 quod
2714 2925 2827 2999 ipsa
2862 2944 2974 3001 vos
3010 2925 3286 3001 Domitiiea
3330 2926 3531 3001 virtute

1941 2995 2207 3058 continet.
2259 3000 2326 3072 Ut
2359 2995 2488 3072 ergo
2538 2995 2660 3070 pius
2686 2995 2749 3054 et'
2781 2999 3119 3072 ortbodoxus
3158 2996 3415 3072 'l‘arasius
3450 2995 3525 3052 ita

1942 3074 2210 3129 scribens.
2249 3071 2325 3125 sic
2361 3068 2652 3132 et'Latini,
2688 3086 2797 3124 non
2836 3070 2994 3124 aliter
3021 3084 3181 3138 quam
3216 3068 3429 3138 plirasi.
3466 3082 3532 3121 ac

1941 3142 2194 3213 loquendi
2221 3143 2380 3213 modo
2409 3158 2470 3195 ex
2498 3143 2761 3213 Cujusque
2788 3140 2966 3213 gentis
3006 3137 3223 3213 proprio
3268 3137 3529 3213 idiomate

262 3206 443 3276 lngus,
506 3222 615 3293 non
672 3206 1015 3293 intelligens,‘
1047 3224 1167 3289 quae
1219 3210 1454 3293 ’δουρο-
1480 3228 1719 3292 persona
1752 3213 1836 3293 di-
1864 3231 1909 3293 ρ
1944 3206 2027 3267 ab"
2050 3230 2150 3293 eq,
2192 3227 2253 3293 ac
2304 3212 2507 3267 Graecis
2547 3206 2890 3293 :i'utiqjiisvita
2924 3206 3292 3293 qu‘uentibu's,
3330 3207 3531 3289 diversi

262 3289 489 3351 cuntur,
542 3277 609 3331 de
660 3277 783 3351 aliis
826 3277 1052 3351 perinde
1100 3279 1324 3351 intelligi
1371 3277 1502 3347 (ubi
1537 3284 1837 3351 przrsertim

263 3350 450 3422 nullus
500 3356 583 3401 est
629 3347 897 3422 terminus
936 3347 1415 3422 excludens)’nisi
1464 3347 1847 3422 sit—oppositio

264 3419 468 3490 aliqua.
519 3418 696 3485 qualis
736 3418 884 3490 nulla
935 3419 1210 3490 occurrit,_
1249 3420 1303 3472 in
1354 3436 1419 3473 eo
1474 3418 1849 3490 quod—Filius

264 3486 392 3541 mm
432 3486 591 3541 Patre
626 3502 769 3541 unus
808 3487 921 3558 sint
957 3497 1146 3542 auctor
1178 3488 1417 3558 Spiritus
1449 3486 1657 3557 sancti;
1694 3492 1850 3545 intel-

265 3560 407 3631 lecta
452 3557 728 3631 jam_Filii
769 3556 990 3631 a_Patre
1018 3556 1421 3631 _emanatione,
1464 3556 1851 3631 quasi’priore

264 3630 502 3696 origine,
562 3628 689 3683 dum
746 3628 831 3683 vel
886 3629 961 3682 ita
1018 3628 1164 3698 loqui
1218 3630 1392 3684 liceat.
1458 3630 1531 3685 De
1584 3628 1846 3693 Adriano.

264 3699 417 3768 quod
449 3699 520 3753 ita
560 3707 767 3753 asserte
797 3698 953 3768 ponit
982 3699 1230 3762 Photius,
1262 3702 1448 3767 σαφῶς
1473 3719 1532 3753 τε
1566 3702 1663 3755 καὶ
1695 3719 1850 3770 περι-

265 3770 454 3842 φανῶς
482 3770 950 3842 φαίνεταιηῃιιοδὶ
988 3778 1168 3838 aperte
1214 3779 1261 3823 et
1293 3773 1567 3842 manifeste
1613 3774 1850 3825 noscitur

266 3858 332 3894 ac
354 3841 535 3909 liquet,
554 3855 662 3895 non
686 3850 747 3894 ut
774 3839 991 3905 Metius,
1023 3850 1199 3908 aperte
1224 3839 1450 3905 videtur,
1480 3842 1624 3898 idem
1661 3851 1848 3911 putem

264 3911 597 3966 dicendum:
626 3912 926 3965 Adrianum
956 3912 1198 3973 scilicet,
1249 3911 1341 3981 qui
1391 3911 1845 3969 lconoclastarum

267 3981 521 4034 limresim
571 3980 908 4051 profligatum
950 3981 1014 4035 iri
1059 3980 1306 4051 cuperet,
1347 3982 1655 4038 (ii-iecorum
1702 3998 1852 4036 more

268 4051 559 4123 scripsisse
604 4067 1002 4123 suppressaea
1052 4067 1203 4112 voce.
1242 4052 1479 4123 Filioque
1506 4069 1574 4107 ne
1609 4068 1704 4122 per
1733 4054 1853 4122 ejus

269 4122 651 4183 occasionem,
685 4121 925 4175 limretici
969 4137 1033 4176 ac
1076 4121 1412 4178 schismatici
1455 4121 1626 4177 novas
1663 4124 1851 4178 turbas

269 4194 518 4257 cierent;
575 4193 718 4261 quod
742 4192 817 4263 ita
882 4191 934 4243 in
1000 4207 1179 4263 causa:
1240 4193 1605 4263 patrocinium
1674 4195 1851 4263 rapiat

270 4262 539 4333 l’hotius,
575 4263 675 4315 sub
723 4261 814 4313 illo
853 4261 1252 4331 paralogismo,
1277 4280 1386 4332 quo
1428 4278 1535 4316 uno
1579 4272 1689 4318 tota
1735 4261 1855 4333 ejus

268 4343 452 4385 strues
490 4332 716 4386 nititur:
750 4333 835 4384 vel
875 4340 1022 4403 certe
1056 4333 1245 4403 eadem
1282 4334 1709 4402 dispensatione,
1747 4332 1855 4403 qua

268 4403 496 4458 Adriani
552 4403 762 4458 litteras
811 4402 879 4455 ad
926 4401 1205 4457 Tarasium
1266 4401 1590 4458 truncarunt
1635 4401 1805 4459 Graeci
1837 4444 1852 4467 ,

268 4476 490 4543 quibuso
516 4475 636 4542 ejus
675 4473 1077 4527 ordinationem
1115 4488 1181 4527 ex
1230 4474 1383 4528 laicis
1428 4474 1647 4539 factam,
1700 4475 1855 4543 quasi

270 4545 457 4598 minus
482 4545 808 4598 Canonicam
846 4543 1156 4613 redarguit,
1186 4560 1255 4599 ne
1282 4545 1410 4614 quid
1436 4546 1523 4599 illa
1553 4546 1674 4613 ejus
1708 4560 1857 4598 seve-

271 4616 406 4667 ritas
439 4624 494 4668 et
527 4617 780 4684 ἀκρίϐεια
820 4614 941 4668 fidei
980 4617 1201 4683 negotio
1239 4626 1481 4677 noceret,
1518 4618 1597 4670 sic
1633 4630 1850 4683 quoque

270 4700 464 4738 vocem
501 4686 754 4750 Filioque.
788 4685 1076 4748 eraserint,
1110 4686 1376 4755 siquidem
1421 4702 1539 4739 eam
1576 4686 1849 4740 Adrianus

272 4756 611 4827 scripserat,
637 4756 1013 4827 Delinitioneni
1055 4761 1202 4811 'vero
1246 4757 1556 4827 synodicam
1593 4772 1713 4810 eam
1756 4756 1853 4827 ba:

276 4827 486 4889 Imisse,
518 4826 615 4880 etsi
651 4828 932 4880 contendit
964 4825 1160 4882 Baron.
1210 4825 1300 4881 an.
1337 4827 1462 4882 787.
1492 4843 1548 4881 n.
1585 4827 1673 4891 58,
1707 4826 1852 4895 quod

276 4899 349 4949 ita
384 4897 557 4949 visum
593 4897 647 4950 in
679 4898 909 4951 concilio
948 4895 1292 4958 Florentino,
1326 4914 1389 4951 ac
1418 4896 1623 4951 Latinis
1653 4897 1853 4967 proba-

277 4978 395 5019 tum
448 4968 773 5021 auctoritate
819 4968 1091 5022 Anastasii
1139 4978 1193 5023 et
1243 4967 1597 5022 vetustissimi
1651 4968 1856 5022 codicis

273 5040 536 5092 Actorum
564 5055 637 5091 vn
667 5038 878 5108 synodi,
915 5038 1049 5092 mibi
1080 5040 1197 5107 ipse
1220 5056 1327 5094 nou
1359 5040 1493 5092 satis
1518 5039 1853 5108 persuadeo,

276 5125 381 5161 nec
419 5108 993 5180 Jitlianiistjzirdiiialis
1030 5125 1280 5180 magnam
1324 5110 1375 5161 in
1412 5124 1478 5163 eo
1506 5107 1632 5180 fecit
1656 5108 1763 5180 vim
1802 5108 1855 5180 in

276 5182 421 5231 dicta
452 5181 679 5249 synodo,
718 5180 800 5233 vel
827 5177 1145 5233 Anastasius
1174 5180 1415 5249 apertius
1444 5178 1689 5233 noscitur
1714 5177 1859 5249 istud

280 5246 512 5302 testatus
558 5265 699 5314 esse,
736 5251 835 5303 etsi
870 5251 921 5300 in
975 5249 1095 5315 ejus
1126 5246 1374 5305 versione
1407 5250 1657 5303 habetur.
1698 5246 1858 5303 Certe

277 5321 322 5372 si
356 5321 429 5373 ita
461 5328 645 5389 aperte
680 5322 734 5374 in
775 5319 898 5372 ﬁdei
934 5322 1116 5388 regula
1155 5321 1391 5389 positum
1428 5325 1593 5383 esset,
1632 5334 1742 5372 non
1778 5319 1857 5372 sic

280 5392 437 5445 facile
464 5388 561 5460 per
591 5406 781 5445 omnes
804 5389 1044 5445 Orientis
1066 5388 1337 5445 Ecclesias
1356 5389 1563 5445 aboleri
1594 5388 1862 5457 potuisset

278 5472 442 5514 autve
471 5459 689 5516 mutari.
723 5462 834 5515 Nec
864 5476 992 5514 vero
1014 5463 1382 5519 Anastasium,
1409 5462 1521 5515 sive
1556 5460 1718 5514 etiam
1743 5459 1863 5527 ejus

279 5530 488 5600 antiqui
518 5531 733 5587 Codicis
767 5531 1084 5601 scriptorem
1115 5534 1290 5587 ausim
1323 5532 1485 5601 plagii
1510 5529 1859 5601 insimulare:

280 5602 377 5655 sed
410 5602 481 5655 ita
513 5612 698 5671 putem
727 5600 895 5657 fuisse
920 5613 1275 5665 transactum,
1311 5600 1433 5655 cum
1474 5601 1601 5654 inde
1639 5600 1709 5671 lis
1744 5609 1861 5654 orta

279 5681 452 5733 esset,
494 5670 548 5725 ct
588 5672 845 5729 Tarasius
887 5672 1167 5742 Griecique
1208 5674 1297 5725 διὰ
1339 5672 1493 5735 Υὶοῦ,
1535 5688 1627 5739 per
1664 5670 1865 5742 Filium

280 5744 550 5802 dicerent.
596 5759 768 5812 eaque
804 5740 1326 5813 particula—perinde
1378 5741 1615 5813 Spiritus
1654 5757 1682 5795 a
1729 5740 1865 5795 Filio

281 5814 631 5867 exsislenlem
673 5822 1051 5884 agnoscerent,
1100 5812 1271 5868 Latini
1328 5830 1391 5867 eo:
1424 5812 1563 5866 Filio
1618 5812 1863 5879 mallent,

284 5884 529 5952 utrisque
578 5887 1017 5958 permissum‘ceu
1058 5886 1372 5957 ἀδιάφορον,
1406 5884 1659 5955 idemque
1690 5886 1866 5954 rcipsa

1947 3294 2041 3338 aut
2076 3281 2425 3340 dissidentes.
2468 3282 2614 3351 quod
2656 3276 2813 3350 plane
2848 3276 3201 3351 intellexisset
3234 3276 3531 3351 Photius_.si

1948 3355 2099 3408 velut
2140 3352 2268 3404 olim
2312 3346 2672 3411 Athanasius,
2700 3350 2894 3419 spiritu
2933 3349 3081 3419 pacis
3114 3349 3309 3419 ductus
3348 3346 3534 3403 Eccle-

1950 3425 2151 3478 siaruin
2178 3422 2361 3475 unioni
2386 3423 2703 3484 studuisset,
2733 3417 2846 3474 non
2876 3417 3179 3474 sebismati.
3204 3417 3338 3489 Nota
3369 3433 3533 3489 quam

1951 3495 2035 3547 vir
2075 3491 2404 3563 aposmlicus
2455 3493 2583 3561 περὶ
2613 3490 3096 3563 λὺποστὰσεωςᾲκαὶ
3121 3487 3416 3554 προσώπου)
3452 3502 3535 3541 se-

1950 3559 2122 3625 davit,
2172 3559 2566 3623 controversia,
2608 3560 2923 3615 Latinorum
2965 3559 3407 3627 Graecorumque,
3435 3572 3532 3611 seu

1951 3632 2384 3688 Occidentalium
2433 3641 2489 3686 et
2529 3631 2907 3691 Orientalium,
2964 3641 3319 3697 utrorumque
3362 3628 3415 3682 in
3453 3628 3535 3681 eis

1953 3720 2173 3757 sensum
2193 3702 2521 3763 sciscilatus,
2547 3713 2603 3756 et
2625 3718 2746 3755 cum
2774 3701 2877 3755 fide
2894 3702 3191 3754 concordes
3214 3700 3531 3759 invenisset,

1954 3773 2054 3827 etsi
2106 3790 2171 3827 ex
2207 3774 2479 3827 idiomatis
2511 3782 2566 3827 et
2608 3771 2805 3840 lingua;
2848 3771 3172 3840 proprietate
3216 3768 3535 3840 viderentur

1952 3844 2268 3920 discordes:
2310 3844 2453 3920 quod
2490 3838 2975 3920 egregiehillustrat
3014 3838 3384 3920 Gregoriusin
3418 3840 3535 3920 ejus

1954 3909 2453 3985 l'anegyricofSed
2490 3909 2680 3985 debuit
2710 3909 3207 3985 Photiussatanico
3238 3909 3429 3978 spiritu
3464 3910 3534 3963 ita

1955 3980 2254 4041 scindendo
2288 3984 2392 4038 sibi
2424 3999 2622 4038 nomen
2653 3982 2852 4041 facere,
2881 3981 2959 4035 uti
2987 3981 3096 4052 jam
3128 3980 3331 4035 fecerat
3357 3989 3537 4052 tyran-

1955 4057 2075 4110 nica
2124 4058 2272 4112 sedis
2330 4056 2631 4109 invasione.
2686 4052 2917 4107 Perinde
2970 4051 3132 4105 etiam
3175 4065 3234 4104 se
3278 4052 3534 4106 habuisse

1956 4136 2141 4195 putem
2184 4128 2449 4182 Joannem
2494 4140 2687 4195 papam
2733 4122 2962 4195 ejusque
3000 4121 3226 4195 legatos,
3259 4136 3393 4195 quos
3413 4120 3537 4195 _sibi

1954 4191 2350 4273 concordesin
2381 4191 2530 4251 omni
2569 4194 2694 4273 fidei
2727 4191 3532 4273 capitulo“gloriaturPliotiust

1955 4269 2200 4336 aliosque
2249 4268 2508 4334 deinceps
2567 4267 2855 4336 utriusque
2902 4262 3075 4336 sedis_
3110 4262 3427 4336 antistites,
3468 4268 3535 4336 ad

1956 4331 2270 4391 Miclnielcm
2323 4331 2496 4401 usque
2550 4331 2933 4396 Cerularium,
2993 4332 3149 4401 cujus
3206 4331 3282 4385 rei
3353 4331 3535 4401 gravis

1957 4408 2112 4461 testis
2141 4407 2350 4461 Michae
2408 4402 2615 4459 Psellus
2646 4405 2700 4458 in
2733 4404 2851 4474 ejus
2883 4402 3232 4473 Panegyrico,
3265 4402 3392 4474 inde
3420 4402 3536 4474 lau-

1959 4478 2097 4547 dans
2139 4481 2283 4547 quod
2336 4477 2396 4529 τὸ
2434 4475 2727 4547 ἀδιάφορον
2766 4472 3161 4547 superioribus
3217 4472 3537 4547 patriarcltis

1959 4541 2228 4602 CPIitanis
2254 4548 2523 4609 habitum,
2546 4541 2603 4599 in
2624 4541 2981 4615 quaestionem
3004 4541 3271 4615 dogmatis
3290 4541 3534 4615 traxerit.

1890 4595 1932 4648 θ
1958 4634 2061 4672 nec
2107 4619 2425 4673 Latinorum
2468 4595 2822 4670 fidemjaliter
2855 4631 3017 4684 quam
3046 4595 3229 4668 veram
3262 4612 3533 4684 haeresim,

1953 4688 2252 4743 insectatus
2296 4689 2387 4751 sit,
2434 4687 2513 4741 sic
2548 4686 2690 4741 belle
2731 4682 2909 4755 posita
2943 4686 3137 4739 Photio
3167 4699 3287 4755 ova,
3330 4682 3536 4750 majore

1954 4760 2070 4827 ipse
2129 4760 2382 4828 superbia
2442 4753 2747 4811 haereticus
2778 4757 3081 4828 (purpuras
3140 4753 3537 4821 rubrorumque.

1954 4825 2263 4884 calceorum
2322 4828 2577 4895 ambitu)
2633 4826 2929 4882 excludens
2987 4825 3160 4895 iisque
3228 4831 3533 4895 extremum

1956 4900 2178 4953 Graeciaa
2235 4900 2461 4954 exitium
2516 4891 2749 4967 patiens.
2815 4898 2991 4964 Atque
3054 4891 3264 4967 utinam
3326 4891 3536 4967 Pselltts

1956 4970 2215 5024 Oratione
2245 4986 2341 5027 sua
2386 4970 2451 5022 ad
2506 4963 2770 5023 svnodum
2801 4963 3111 5025 contentus,
3152 4963 3306 5018 sicin
3335 4978 3396 5016 ea
3423 4963 3537 5018 suis

1957 5042 2233 5095 coloribus
2270 5028 2550 5108 expresso'
2570 5036 2849 5108 Cerulario
2888 5036 2905 5104 (
2932 5035 3097 5108 digno
3125 5034 3331 5108 scilicet
3361 5033 3535 5108 schis-

1958 5111 2119 5165 matis
2146 5103 2389 5165 antistite
2419 5117 2578 5177 atque
2601 5106 2858 5177 auctore)
2894 5103 3328 5177 nec‘dealbando
3352 5103 3505 5177 ,λειω
3526 5134 3538 5143 -

1958 5197 2141 5251 opem,
2168 5182 2409 5251 levitatis
2436 5174 2534 5232 sibi
2559 5177 2828 5251 maculam
2839 5174 3198 5251 iaspersisset,
3230 5191 3294 5251 ac
3318 5174 3542 5251 curialis

1960 5246 2253 5321 minusque
2281 5249 2600 5321 Christiani,
2633 5263 2742 5321 non
2777 5247 2853 5301 illi
2873 5246 3053 5321 omnis
3078 5246 3302 5321 sceleris
3334 5261 3398 5321 ac
3434 5247 3538 5300 im-

1961 5316 2179 5392 pietatis
2214 5322 2389 5375 labem
2420 5317 2765 5392 abstersisset
2790 5320 2962 5392 ;_quin
2980 5316 3092 5392 _sibi
3115 5318 3233 5387 ipse
3255 5316 3540 5392 schismat-

1964 5387 2055 5468 ijci
2096 5408 2160 5447 ac
2200 5390 2439 5449 hreretici
2468 5404 2633 5468 ,.qua
2672 5387 2767 5468 psic
2804 5388 3064 5468 haeretieo
3098 5404 3160 5468 ac
3192 5387 3539 5468 selrismatico

1964 5463 2132 5526 favet,
2162 5476 2362 5517 nomen
2404 5456 2718 5521 ascivisset;
2760 5459 2903 5527 quod
2950 5458 3083 5513 alias
3135 5458 3333 5513 Leonis
3356 5456 3535 5527 Allatii

1965 5533 2301 5603 diligentiam
2333 5531 2545 5600 fugerat
2564 5542 2627 5603 ac
2660 5526 3025 5603 πολύμαθίαν,
3057 5530 3110 5603 in
3135 5544 3236 5583 suo
3262 5527 3331 5581 de
3352 5526 3540 5603 P_sellis

1968 5597 2351 5674 Syrftaginate,
2392 5597 2829 5664 eniendaturus',
2860 5599 2905 5656 si
2944 5600 3089 5669 quod
3113 5606 3344 5674 Optarat,
3384 5597 3542 5651 lucu-

1965 5669 2363 5730 bratiunculam
2418 5684 2639 5739 augere,
2690 5682 3016 5739 auctamque
3075 5669 3395 5737 producere,
3446 5683 3542 5736 per

1968 5759 2190 5817 gravem
2213 5750 2427 5817 aetatem
2460 5742 2574 5795 sive
2603 5739 2767 5817 etiam
2788 5755 2884 5817 per
2901 5749 3124 5817 tempus
3152 5739 3540 5817 liominumqne

1968 5810 2305 5869 eruditarum
2331 5811 2452 5881 ejus
2467 5811 2683 5882 generis
2700 5812 2875 5880 ipsius
2901 5810 3335 5867 lucubrationum
3362 5810 3534 5866 inolll-

1973 5887 2181 5942 ciosum
2224 5881 2524 5952 fastidium,
2559 5884 2609 5938 ei
2651 5881 2913 5938 licuisset.
