4004 6426
521 432 630 496 819

1657 427 1918 489 ΡΗΟΤΙΙ
1957 421 2458 486 ΡΑΤΗῙΑΒΟῙῙΕ
2497 421 2607 482 CP.

3677 406 3793 471 820

523 543 793 608 noscitur,
821 544 1086 615 Spiritum
1120 552 1367 599 sanctum
1407 557 1435 595 a
1477 540 1656 608 Patre,
1690 550 1745 596 et
1772 556 1877 594 non
1907 555 1936 592 a
1967 538 2082 593 Fiilt

2209 534 2353 587 θειον
2378 531 2706 602 ἀντέγραψε,
2728 529 2916 600 σαφῶς
2945 547 3004 584 τε
3047 526 3144 582 καὶ
3180 523 3495 597 περιφανῶς
3527 521 3791 591 φαίνεται

524 635 846 706 procedere.

593 814 762 870 XXV.
805 813 937 869 lllud
956 814 1118 868 etiam
1145 811 1292 868 haud
1322 811 1454 866 mihi
1482 809 1698 865 videtur
1716 807 2096 871 omittendum,

522 909 624 965 etsi
655 908 910 964 omnibus
932 921 1032 976 pro
1059 905 1322 976 temporis
1343 919 1519 975 nuper
1541 899 1940 973 prapinquitate
1966 913 2099 953 con-

521 1000 805 1071 Spicuum;
843 998 934 1070 qui
995 998 1200 1053 nostris
1257 995 1600 1067 temporibus
1652 993 1836 1064 legati,
1894 991 2097 1047 nedum

521 1092 709 1153 semel.
740 1091 834 1146 sed
857 1101 912 1146 et
949 1089 1108 1145 tertio
1135 1105 1202 1144 ex
1222 1089 1439 1144 seniore
1469 1087 1640 1140 Roma
1657 1093 1948 1146 venerunt,
1971 1099 2094 1138 cum

521 1182 588 1236 de
619 1181 741 1245 fide,
771 1191 830 1236 ut
857 1198 956 1252 par
988 1190 1093 1244 est,
1134 1195 1246 1234 non
1275 1195 1399 1234 cum
1424 1179 1532 1233 illis
1559 1191 1877 1232 sermonum
1903 1185 2102 1230 contu-

520 1271 794 1338 lissemus,
853 1271 888 1326 ii
915 1271 1053 1326 nihil
1084 1271 1360 1326 diversum
1393 1279 1556 1325 autve
1603 1268 1886 1323 dissonum
1917 1283 1946 1321 a
1974 1266 2098 1330 fide,

519 1377 639 1429 quae
667 1377 765 1431 per
798 1376 1016 1416 omnem
1050 1371 1316 1416 terrarum
1347 1359 1535 1414 orbem
1568 1359 1836 1429 explicata
1864 1367 1970 1422 est,
2005 1365 2101 1411 aut

519 1454 808 1518 dixerunt,
851 1465 942 1508 aut
984 1454 1190 1509 sentire
1260 1451 1587 1523 deprehensi
1638 1460 1767 1506 sunt
1807 1468 1820 1505 ι
1857 1450 2102 1518 quinimo

519 1547 662 1600 clare
688 1545 973 1602 nobiscum
1015 1545 1260 1615 citraque
1299 1559 1517 1598 omnem
1545 1543 1941 1598 dubitationem
1974 1542 2089 1611 Spi-

519 1639 684 1692 ritum
717 1648 968 1693 sanctum
1007 1653 1074 1691 ex
1126 1637 1286 1692 Patre
1319 1637 1615 1706 procedere
1648 1636 2095 1706 praadicaverunt.

517 1731 658 1794 Quin
689 1737 746 1787 et
774 1739 958 1785 coacta
985 1731 1192 1800 synodo
1213 1728 1572 1798 quorumdam
1597 1729 2096 1784 ecclesiasticornm

517 1823 757 1891 capitum
779 1837 964 1885 causa,
988 1823 1077 1892 qui
1111 1822 1237 1876 inde
1261 1821 1410 1875 missi
1447 1820 1664 1875 fuerant
1684 1821 1857 1874 sancti
1875 1818 2098 1874 Joannis

2201 623 2263 676 τὸ
2287 623 2511 693 Πνεῦμα
2541 623 2600 676 τὸ
2625 623 2778 690 ἆγιον
2806 620 3017 693 φρονῶν
3044 623 3108 674 ὲκ
3129 618 3226 673 τοῦ
3255 616 3487 688 Πατρδς,
3521 614 3641 669 ἀλλ’
3681 614 3793 667 οὐκ

2201 718 2266 770 ἐκ
2297 717 2388 769 τοῦ
2423 715 2554 769 Υῐοῦ
2583 715 2998 786 ἐκπορεύεσθαι.
3603 731 3608 736 ·

2273 806 2402 862 KE'.
2449 809 2565 862 Οὐκ
2591 808 2772 862 ὲάσειν
2809 824 2896 879 μοι
2924 803 3085 868 δοκῶ,
3110 803 3214 858 κᾶν
3261 803 3379 855 ἔστι
3404 800 3572 852 πᾶσιν
3605 795 3792 850 ἔκτοῦ

2204 899 2396 972 χρόνου
2431 899 2664 968 ὑπόγυον
2715 896 3036 970 περιφανὲς,
3070 897 3197 958 τοὺς
3247 895 3310 947 ὲν
3337 894 3450 956 τοῖς
3485 889 3613 945 καθ’
3635 891 3793 960 ἡμᾶς

2204 994 2419 1066 χρόνοις
2473 990 2734 1062 πρέσϐεις
2785 989 2848 1043 οὐ
2902 990 3063 1061 μόνον
3090 986 3260 1051 απαξ,
3289 985 3428 1040 ἀλλὰ
3480 984 3579 1037 καὶ
3600 982 3793 1054 τριτον

2201 1087 2300 1158 τῆς
2339 1083 2716 1157 πρεσϐυτέρας
2762 1081 2984 1154 Ῥώμης
3037 1078 3491 1155 ὰναδραμόνταςο
3546 1076 3598 1130 οῖ
3652 1075 3794 1145 περὶ

2201 1178 2303 1248 τῆς
2335 1176 2620 1240 εὐσεϐείας
2669 1171 2760 1230 οἶα
2791 1175 2941 1239 εἰκὸς
2991 1172 3148 1245 ἡμῶν
3184 1171 3321 1242 πρὸς
3363 1169 3565 1233 αὐτοὺς
3590 1167 3794 1235 λόγους

2201 1272 2666 1342 ἀνακινησάντων.
2692 1269 2846 1323 οὐδὲν
2867 1266 3324 1339 παρηλλαγμένον
3349 1265 3451 1334 τῆς
3472 1263 3579 1318 ἀνὰ
3602 1263 3792 1315 πᾶσαν

2199 1364 2300 1432 τὴν
2321 1361 2646 1432 οἰκουμένην
2670 1358 3064 1431 ὲξηπλωμένης
3088 1355 3393 1420 εὐσεϐείας,
3437 1352 3562 1408 οὔτε
3604 1347 3787 1416 εἷπον,

2201 1453 2323 1508 οὔτε
2350 1451 2677 1524 φρονοῦντες
2704 1450 3051 1522 ἡλὲγχθησαν
3071 1464 3086 1476 ·
3115 1447 3428 1501 τούναντίον
3461 1446 3541 1511 δὲ,
3563 1442 3789 1515 τρανῶς

2204 1544 2321 1615 μεθ’
2349 1545 2508 1615 ἡμῶν
2539 1543 2635 1598 καὶ
2684 1542 3026 1604 ἀδιστάκτως
3052 1539 3114 1593 τὸ
3163 1539 3388 1608 Πνεῦμα
3417 1536 3479 1590 τὸ
3529 1536 3688 1604 ἄτιον
3715 1535 3788 1586 ὲκ

2198 1637 2292 1690 τοῦ
2338 1637 2553 1708 Πατρὸς
2587 1633 2934 1708 ἀνεκήρυξαν
2983 1631 3400 1704 ἐκπορεύεσθαι.
3447 1629 3616 1683 Ἀλλὰ
3672 1626 3789 1696 γὰρ

2200 1731 2294 1782 καὶ
2323 1729 2539 1782 συνόδου
2573 1727 3041 1799 συγκροτηθείσης
3088 1723 3182 1777 ἐπὶ
3217 1740 3361 1776 τισιν
3394 1721 3788 1792 ἐκκλησιαστι-

2201 1823 2316 1885 κοῖς
2365 1819 2704 1890 κεφαλαίοις,
2757 1821 2805 1872 οἱ
2854 1818 3063 1871 ἐκεῖθεν
3121 1813 3522 1884 ἀπεσταλμένοι
3565 1809 3667 1864 τοῦ
3725 1811 3789 1862 ἐν

517 1928 670 1980 νίψαι
702 1912 912 1976 vicarii,
970 1922 1223 1981 tanquam
1253 1913 1342 1966 illo
1389 1913 1510 1982 ipso
1547 1921 1834 1981 przesente,
1881 1928 1942 1965 ac
1985 1927 2082 1964 una

2195 1912 2370 1980 ἁγίοις
2408 1911 2656 1965 Ἰωάννου
2682 1911 2838 1966 πάπα
2864 1907 3261 1979 τοποτηρηταὶ,
3290 1905 3364 1967 ὡς
3386 1903 3548 1958 αὐτοῦ
3576 1902 3788 1972 παρόν-

514 2000 798 2054 nobiscum
836 2009 1040 2056 rectam
1075 2002 1143 2056 de
1175 2001 1440 2056 Trinitate
1488 2002 1812 2056 sententiam
1869 2002 2088 2066 edente,

516 2091 640 2144 lidei
681 2093 1008 2162 symbolum,
1040 2095 1184 2163 quod
1227 2094 1472 2148 omnium
1503 2094 1890 2148 universalium
1927 2110 2090 2165 syno-

513 2182 708 2236 dorum
753 2184 994 2249 calculo,
1033 2195 1398 2240 eonscntance
1449 2186 1568 2240 voci
1623 2186 1916 2240 flaminica:
1977 2197 2089 2240 tum

512 2272 859 2340 praedicatur,
894 2284 1006 2330 tum
1034 2277 1198 2347 viget,
1239 2288 1495 2348 tanquam
1537 2278 1727 2333 eodem
1779 2279 1881 2347 ipsi
1925 2295 2090 2333 sensu

512 2365 812 2436 eademque
857 2369 1160 2433 sententia,
1196 2386 1330 2424 voce
1372 2370 1573 2440 pariter
1614 2378 1669 2424 et
1711 2370 1911 2441 lingua.
1962 2387 2088 2442 pro-

511 2457 751 2525 priaeque
782 2475 975 2514 manus
1009 2461 1431 2531 subscriptione,
1463 2462 1838 2517 firmaverunt.

584 2547 772 2603 XXVI.
818 2551 940 2604 llaec
976 2567 1100 2606 cum
1130 2553 1203 2606 ita
1237 2568 1296 2606 se
1328 2553 1583 2616 habeant,
1620 2561 1672 2606 et
1708 2551 1951 2608 Romana
1983 2554 2089 2609 Ec-

509 2639 672 2692 clesia
701 2655 804 2693 una
825 2656 947 2694 cum
985 2642 1104 2697 aliis
1145 2653 1382 2712 quatuor
1403 2644 1852 2714 patriarchalibus
1867 2645 2088 2700 sedibus

509 2733 700 2786 eadem
725 2734 942 2796 sentiat,
963 2735 1150 2804 eisque
1166 2751 1394 2792 concors
1427 2738 1672 2799 exsistat,
1695 2739 1966 2807 quomodo
1996 2738 2087 2807 qui

507 2821 776 2878 Chamum
823 2824 1171 2892 aemulentur,
1223 2825 1444 2882 Patrum
1491 2845 1714 2883 suorum
1751 2829 1833 2900 (ut
1870 2834 2085 2898 vocant)

517 2914 909 2983 turpitudinem
957 2918 1212 2988 detegere
1258 2934 1366 2973 non
1413 2929 1692 2983 verentur,
1736 2920 2087 2990 omniumque

509 3006 684 3060 oculis
721 3006 870 3076 ipsos
894 3009 1152 3064 ridendos
1183 3010 1498 3078 exponere?
1529 3010 1762 3065 Decebat
1788 3013 1932 3065 enim
1970 3028 2083 3078 eos,

509 3097 776 3166 siquidem
801 3099 1020 3154 Patrum
1057 3111 1309 3171 quaerunt
1350 3118 1529 3165 voces,
1576 3103 1642 3156 ad
1690 3103 1940 3173 synodica
1988 3105 2084 3160 de-

510 3197 656 3242 creta
698 3206 999 3257 recurrere;
1043 3193 1110 3247 ad
1156 3193 1523 3247 Romanorum
1573 3195 1878 3250 antistitum
1926 3213 2086 3252 voces

2194 2023 2286 2066 τος
2320 2004 2530 2059 ἐκείνου
2559 2004 2653 2058 καὶ
2684 2002 3159 2070 συνθεολογοῦντος
3192 2003 3323 2071 ἡμῖν
3343 2001 3444 2068 τὴν
3467 1997 3782 2058 εὐσέϐειαν,

2193 2097 2270 2166 τῷ
2318 2096 2570 2166 συμϐόλῳ
2597 2099 2692 2165 τῆς
2727 2095 2963 2157 πίστεως
3013 2093 3095 2163 τῷ
3121 2091 3210 2146 διὰ
3243 2090 3431 2144 πασῶν
3460 2089 3570 2142 τῶν
3601 2090 3787 2142 οἰκου-

2197 2188 2435 2260 μενικῶν
2489 2188 2723 2241 συνόδων
2769 2187 2916 2240 κατὰ
2943 2185 3044 2254 τὴν
3075 2182 3415 2252 Δεσποτικὴν
3443 2180 3637 2250 φωνὴν
3685 2181 3784 2232 καὶ

2195 2279 2588 2351 κηρυσσομένῳ
2613 2279 2707 2332 καὶ
2739 2276 3154 2350 κρατυνομένῳ,
3187 2275 3263 2338 ὡς
3305 2273 3637 2344 ὁμόφρονες,
3684 2269 3784 2323 καὶ

2193 2379 2342 2446 φωνῇ
2381 2375 2474 2429 καὶ
2507 2374 2748 2447 γλώσσῃ,
2799 2373 2894 2427 καὶ
2933 2370 3201 2442 [διοχείρῳ
3232 2369 3422 2440 γραφῇ
3455 2365 3783 2433 καθυπεση-

2195 2469 2450 2538 μήναντο.

2264 2563 2406 2627 KG’.
2430 2559 2646 2613 Τούτων
2677 2558 2850 2622 οῦτως
2875 2557 3130 2628 ἐχόντων,
3155 2555 3255 2624 τῆς
3291 2551 3616 2622 Ῥωμαῖκῆς
3655 2548 3784 2600 Ἐκ-

2189 2654 2418 2723 κλησῖας
2454 2656 2568 2717 τοῖς
2599 2653 2780 2716 ἄλλοις
2804 2651 3100 2721 τέσσαρσιν
3133 2646 3537 2718 ἀρχιερατικοῖς
3561 2642 3786 2713 θρόνοις

2188 2746 2470 2816 ὀμοφώνου
2523 2763 2582 2799 τε
2628 2747 2721 2799 καὶ
2749 2743 3004 2815 ὁμοδόξου
3033 2739 3404 2809 καθεστώσης,
3440 2738 3559 2798 πῶς
3594 2737 3646 2788 οἱ
3682 2731 3783 2787 τοῦ

2188 2836 2319 2906 Χὰμ
2379 2838 2636 2906 μιμηταὶ,
2677 2835 2788 2887 τῶν
2820 2834 3080 2904 Πατέρων
3110 2830 3312 2892 αὐτῶν,
3346 2828 3420 2892 ὣς
3471 2843 3631 2897 φασι,
3679 2824 3784 2893 τὴν

2188 2928 2578 2998 ἀσχημοσύνην
2601 2929 2700 2981 οὐκ
2731 2926 3058 2998 ὲρυθριῶσιν
3087 2921 3509 2981 ἀνακαλύπτειν,
3543 2919 3645 2972 καὶ
3698 2916 3786 2980 εἰς

2189 3020 2386 3092 χλεύην
2414 3023 2545 3074 πᾶσι
2571 3019 2908 3090 προτιθέναις
2947 3017 3146 3087 Ἐχρῆν
3172 3015 3283 3083 γὰρ
3329 3013 3528 3074 αὐτοὺς
3570 3011 3622 3063 εἶ
3679 3009 3780 3076 ξτΓ

2186 3115 2338 3168 τοῦσι
2363 3115 2621 3184 Πατέρων
2658 3113 2864 3182 φωνὰς,
2894 3111 3030 3182 πρὸς
3076 3110 3173 3172 τὰς
3219 3107 3500 3169 συνοδικὰς
3531 3105 3784 3176 ἀναδρα-

2193 3209 2312 3275 μεῖν
2337 3205 2553 3274 ψήφους
2577 3221 2592 3235 ⁶
2629 3205 2767 3275 πρὸς
2799 3202 2898 3266 τὰς
2928 3202 3040 3255 τῶν
3067 3200 3375 3272 ἀρχιερέων
3396 3199 3498 3264 τῆς
3548 3195 3785 3265 Ῥώμης

511 3289 750 3335 mentem
797 3283 1114 3351 intendere;
1147 3285 1213 3340 ad
1245 3285 1575 3355 reliquorum
1607 3296 1916 3342 sanctorum
1948 3289 2082 3343 divi-

2191 3257 2375 3364 φωνὰς
2401 3257 2856 3348 Ιτλπεῦθύνεσθαιο
2878 3257 3051 3364 ’πρὸς
3235 3257 3418 3343 ’ἄλλων
3449 3257 3629 3355 aviam

509 3387 817 3443 norumque
854 3373 1077 3430 Patrum
1133 3377 1362 3432 chorum
1404 3377 1733 3449 confugere;
1779 3395 1889 3434 non
1925 3379 2087 3434 simul

509 3465 770 3532 quosdam
810 3464 1002 3522 Patres
1045 3466 1247 3536 facere,
1280 3469 1586 3540 acerbeque
1617 3469 1737 3524 illos
1777 3470 2084 3536 criminari,

512 3564 765 3626 tanquam
796 3559 1059 3615 adversus
1091 3576 1435 3616 communem
1481 3563 1768 3619 Dominum
1815 3567 2083 3621 cervicem

508 3647 834 3709 exsererint.
865 3665 929 3704 ac
955 3659 1069 3704 tum
1097 3651 1248 3707 velut
1272 3652 1468 3724 stylum
1499 3668 1562 3707 ac
1591 3653 1822 3710 indicem
1855 3655 2086 3726 fideique

508 3738 747 3806 regulam
787 3754 884 3795 eos
920 3742 1204 3798 adhibere.
1241 3742 1348 3799 Sed
1401 3754 1457 3799 et
1500 3744 1631 3800 illud
1663 3761 1758 3800 eos
1800 3747 2085 3803 advertere

508 3831 757 3899 decebat,
780 3833 940 3905 longe
964 3850 1023 3890 se
1054 3837 1302 3907 graviore
1333 3837 1532 3908 injuria
1567 3838 1800 3903 allicere,
1825 3856 1962 3910 quos
1987 3839 2084 3895 Do-

508 3924 658 3977 mino
693 3925 1044 3982 adversantes
1083 3929 1368 3998 objiciant,
1423 3947 1534 3984 non
1579 3932 1842 3986 honorem
1887 3932 2083 3988 habere

507 4030 643 4082 quos
674 4015 890 4075 Patrum
922 4018 1076 4074 titulo
1115 4031 1369 4090 augeant.
1407 4021 1701 4077 Enimvero
1739 4023 1824 4078 vel
1858 4023 1902 4078 si
1948 4023 2081 4078 nihil

507 4106 614 4162 illis
641 4124 786 4165 cura:
815 4118 899 4166 est
922 4110 1144 4166 Patrum
1180 4113 1404 4182 injuria,
1431 4113 1667 4168 timenda
1703 4123 1881 4169 tamen
1918 4124 2081 4185 atque

508 4201 776 4264 verenda‘,
816 4202 864 4256 ei
915 4204 1007 4272 qui
1054 4203 1266 4273 primus
1313 4204 1583 4272 parricida
1621 4205 1722 4260 fuit
1764 4221 1828 4261 ac
1859 4207 2081 4262 sceleris

506 4301 708 4357 auctor,
747 4293 946 4349 inﬂicta
982 4295 1075 4350 Dei
1105 4297 1315 4350 calculo
1343 4298 1646 4352 exsecratio
1672 4315 1736 4352 ae
1771 4300 2041 4354 sententia
2061 4343 2076 4365 ,

505 4401 602 4440 occ
631 4388 994 4444 :emulandum
1021 4390 1372 4444 maledictum
1395 4401 1578 4458 caput,
1606 4401 1701 4445 aut
1731 4393 1907 4462 magis
1931 4393 2078 4447 dete-

505 4477 756 4544 gendum,
789 4479 883 4533 sed
915 4479 1303 4550 obtegendum,
1338 4481 1382 4534 si
1408 4482 1536 4550 quid
1577 4482 1629 4536 in
1674 4485 1789 4538 suis
1822 4484 2077 4542 Patribus

503 4581 658 4638 turpe
684 4569 1178 4640 deprehendissent
1218 4582 1380 4644 atque
1408 4577 1726 4635 verendum.

2191 3385 2467 3456 θεοφόρων
2518 3385 2677 3457 ἡμῶν
2734 3383 2996 3455 Πατέρων
3039 3382 3136 3437 τὸν
3163 3380 3324 3452 χορὸν
3363 3377 3786 3446 καταφεύγειιν

2187 3477 2326 3532 ἀλλὰ
2357 3477 2432 3549 μὴ
2457 3477 2573 3547 ἅμα
2595 3495 2652 3531 τε
2696 3478 2848 3541 τινας
2891 3475 3142 3546 Πατέρας
3183 3475 3379 3533 ποιεῖν,
3409 3471 3506 3524 καὶ
3555 3469 3788 3540 πικρῶς

2185 3569 2410 3633 τούτους
2431 3568 2816 3632 ὲνδιαϐάλλειν,
2841 3568 2929 3623 διὰ
2944 3569 3044 3638 τῆς
3067 3565 3209 3621 κατὰ
3234 3564 3333 3619 τοῦ
3352 3561 3531 3617 κοινοῦ
3560 3561 3784 3614 Azanos

2185 3661 2280 3714 τοῦ
2309 3662 2754 3726 ἐπαναστάσεως,
2817 3653 2937 3714 εἶτα
2963 3657 3178 3721 τούτοις
3210 3655 3374 3710 πάλιν
3417 3653 3494 3716 ὡς
3522 3652 3786 3722 γνώμονι

2185 3756 2278 3808 καὶ
2311 3755 2499 3808 κανόνι
2555 3754 2656 3824 τῆς
2719 3753 2956 3817 πίστεως
2987 3751 3244 3824 χρῆσθαι.
3302 3749 3453 3801 Ἔδει
3477 3747 3530 3799 δὲ
3563 3747 3786 3808 αὐτοὺς

2192 3844 2478 3900 καὶτοῦτο
2509 3847 2762 3916 συνορᾷν,
2815 3845 2890 3909 ὡς
2932 3843 3069 3898 πολὺ
3116 3842 3319 3914 μᾶλλον
3369 3837 3772 3908 ἐξυϐρίζουσιν,

2189 3937 2282 4000 οὓς
2339 3937 2537 4001 αὐτοὺς
2619 3939 2760 3992 κατὰ
2837 3935 2931 3990 τοῦ
3009 3934 3281 3988 Δεσπότου
3343 3928 3782 4002 προκομξζουσιν

2186 4029 2303 4083 ἀλλ’
2334 4028 2457 4099 οὐχὶ
2477 4028 2712 4100 τιμῶσιν
2760 4028 2852 4091 οὓς
2884 4029 3134 4097 Πατέρας
3157 4027 3576 4098 ἐπιγράφονται.
3618 4023 3788 4075 Ἀλλ’

2182 4121 2353 4173 εἶκαὶ
2388 4119 2555 4190 μηδὲν
2605 4121 2790 4184 αὐτοῖς
2846 4120 2948 4190 τῆς
2994 4117 3279 4190 Πατρικῆς
3335 4115 3542 4188 ὕϐρεως
3589 4113 3777 4185 μέλει,

2182 4213 2348 4284 ὲχρῆν
2373 4213 2523 4281 ὅμως
2550 4211 2781 4266 δεδιέναι
2806 4229 2865 4265 τε
2887 4212 2983 4265 καὶ
3011 4211 3406 4264 διευλαϐεῖσθαι
3433 4212 3533 4280 τὴν
3553 4208 3651 4262 τοῦ
3678 4227 3782 4262 κα-

2182 4305 2477 4374 τάρξαντος
2501 4305 2599 4374 τῆς
2628 4305 2961 4374 πατραλοίας
2981 4303 3091 4374 (18)
3113 4303 3297 4356 θεόθεν
3324 4303 3781 4371 ἐπενηνεγμένην

2183 4396 2322 4465 ἀρὰν
2335 4397 2429 4449 καὶ
2444 4396 2644 4466 ψῆφον,
2667 4398 2760 4449 καὶ
2781 4397 3046 4467 μηδαμῶς
3058 4397 3148 4449 τὸν
3167 4395 3441 4466 ἐπάρατον
3457 4395 3781 4466 μιμεῖσθαι,

2184 4485 2307 4554 μηδ’
2337 4485 2740 4540 ἀνακαλύπτειν
2771 4486 2991 4556 μᾶλλον,
3020 4487 3136 4539 ἀλλ’
3167 4485 3585 4552 ἐπικαλύπτειν,
3614 4487 3785 4557 εἴπερ

2182 4594 2234 4629 τι
2273 4579 2386 4639 τοῖς
2421 4578 2599 4629 αὐτῶν
2628 4581 2904 4647 Πατράσιν
2924 4576 3110 4646 ἐώρων
3137 4577 3641 4647 ἀσχημονούμενθν.

569 4659 781 4718 XXVII.
825 4663 1042 4718 Utinam
1088 4679 1216 4719 vero
1269 4683 1430 4720 nemo
1483 4668 1568 4722 vel
1623 4669 1765 4722 illius
1821 4669 2076 4726 facinoris

2257 4633 2386 4722 KZ':
2441 4667 2581 4718 Ἀλλ’
2613 4669 2724 4720 εἴθε
2752 4633 2872 4736 εἴγε
2906 4633 3096 4738 μηδεὶς
3123 4633 3383 4737 εῐηιδμητε
3424 4633 3526 4735 ἐἰς
3559 4667 3786 4720 ἐκείνου

502 4754 730 4808 Rutulus
756 4755 1004 4817 exsistat,
1037 4757 1123 4810 vel
1154 4771 1281 4810 reus
1311 4758 1709 4814 maledictionis
1736 4779 1748 4814 :
1785 4761 1914 4830 quin
1948 4777 2077 4830 pro-

500 4841 664 4908 pitius
693 4843 765 4899 sit
791 4843 1041 4900 Christus
1071 4844 1214 4899 Deus
1242 4855 1450 4911 noster,
1486 4848 1587 4913 his,
1617 4849 1817 4917 quibus
1848 4850 2077 4918 parrici-

495 4935 683 4988 darum
724 4935 816 4990 illa
853 4937 1052 5007 injuria
1081 4939 1347 5009 obrepsit,
1384 4951 1440 4995 et
1468 4942 1560 5011 qui
1608 4943 1874 5000 adversus
1905 4941 2080 5012 ipsius

497 5031 668 5096 legem
715 5043 1015 5098 vocemque
1068 5030 1522 5087 insurrexerunt:
1554 5034 1919 5103 clementique
1971 5049 2066 5088 sua

2176 4758 2430 4828 πράξεως
2459 4760 2726 4831 μιμητὴς,
2761 4761 2900 4832 μήτε
2925 4760 3110 4828 ἔνοχος
3133 4759 3236 4829 τῆς
3263 4761 3432 4830 ἀρᾶς·
3466 4758 3588 4811 ἀλλ’
3613 4760 3790 4817 ἵλεως

2179 4849 2278 4921 μὲν
2308 4851 2393 4922 εἴη
2425 4852 2659 4922 Χριστὸς
2687 4855 2714 4905 ὁ
2741 4852 2875 4916 Θεὸς
2897 4853 3076 4922 ήμῶν,
3104 4855 3215 4916 τοῖς
3238 4869 3295 4904 τε
3319 4855 3386 4922 τῇ
3413 4851 3524 4903 τῶν
3550 4869 3786 4923 πατραο

2176 4943 2339 4998 λοιῶν
2372 4946 2724 5017 ὑποσυρεῖσιν
2785 4943 2961 5014 ὕϐρει,
3024 4945 3118 4997 καὶ
3159 4947 3273 5007 τοῖς
3325 4942 3789 5008 κατεξαναστᾶσι

2179 5036 2277 5105 τῆς
2310 5035 2480 5089 αὑτοῦ
2503 5036 2830 5108 νομοθεσίας
2858 5039 2954 5090 καὶ
2991 5037 3175 5107 φωνῆς
3196 5054 3211 5068 ·
3239 5037 3333 5090 καὶ
3361 5036 3559 5106 φιλανθ
3571 5037 3788 5106 ρώπως

2044 5155 2276 5212 ΝΟΤίΕ.

568 5260 680 5344 (1-8)
717 5259 831 5344 Τοῦ
852 5263 1268 5344 ,κατάρξαντος
1288 5267 1400 5337 τῆς
1427 5271 1811 5344 πατραλοίας.
1831 5270 2013 5343 Longe
2042 5290 2072 5328 a

493 5329 896 5411 Photiiuverbis
941 5329 1186 5411 etvsensu
1224 5329 1440 5411 Metius,
1473 5329 1564 5405 qui
1603 5329 1850 5395 adversus
1889 5329 2068 5411 pa‘rri-

493 5403 829 5486 cidasjllan}
860 5408 1233 5486 promulgavit.
1277 5403 1756 5486 Nonpromulgata
1788 5403 1940 5486 quasi
1963 5430 2063 5486 ge-

493 5474 724 5546 neratim
802 5475 858 5528 in
938 5474 1237 5546 parricidas
1310 5474 1664 5544 nn‘uledietio,‘
1722 5474 1818 5536 sed
1883 5474 2069 5540 Θεόῧεν

490 5545 872 5624 εινηνεγμένη,Δ
893 5562 923 5599 a
979 5546 1091 5601 Deo
1123 5548 1268 5624 illata
1310 5548 1362 5601 in
1392 5559 1574 5624 caput,
1609 5553 1750 5624 quod
1787 5555 1905 5624 ejus
1936 5571 2066 5609 aue-

492 5624 575 5666 tor
603 5615 826 5691 sceleris
849 5616 1015 5691 foret,
1037 5634 1132 5672 sua
1160 5619 1246 5671 illa
1279 5615 1502 5688 paterna
1530 5621 1782 5675 irrisione
1808 5615 1831 5676 ε’
1852 5643 1878 5675 a
1907 5625 2062 5691 cujus

488 5686 957 5759 exemploinsulse
986 5689 1227 5742 deterret
1251 5686 1364 5752 eos,
1393 5691 1482 5759 qui
1512 5691 1846 5746 Dominicarn
1873 5686 2060 5748 vocem

487 5769 552 5806 ex
605 5753 845 5832 Patrum
881 5771 1046 5832 sensu
1106 5769 1269 5828 atque
1327 5753 1545 5814 vocibus
1610 5765 2059 5832 interpretentur,

487 5840 594 5904 non
621 5825 729 5904 .qtti
773 5825 845 5878 illi
885 5825 1076 5904 Patres
1112 5825 1424 5904 opponant:
1456 5833 1559 5888 nisi
1595 5845 1680 5888 est
1714 5825 1852 5889 idem
1895 5825 2062 5889 bardo

487 5894 694 5956 homini
738 5911 804 5953 ac
844 5895 1004 5971 plane
1052 5894 1218 5968 (meo,
1249 5903 1554 5961 divinarum
1597 5921 1790 5962 vocum
1843 5905 2064 5964 divinus

2182 5275 2473 5347 interpres,
2497 5283 2551 5329 et
2584 5275 2929 5332 adversarius
2962 5275 3339 5347 malignusque
3375 5274 3787 5347 calumniator,

2180 5360 2244 5398 ac
2265 5345 2609 5414 depravator.
2633 5347 2716 5400 Ah
2737 5347 2856 5401 aliis
2883 5345 3238 5416 supersedeo,
3267 5363 3334 5400 ne
3352 5347 3470 5398 viro
3497 5346 3791 5416 insultaxe

2179 5416 2383 5486 videar,
2452 5417 2542 5485 qui
2605 5417 2775 5486 magis
2833 5414 3199 5472 ἱιιυέιτῑεείιιιο
3254 5416 3546 5470 Annalium
3613 5414 3786 5471 Patri

2177 5485 2378 5541 Grzecre
2431 5487 2626 5557 lingua:
2683 5485 2932 5541 notitiam
2993 5487 3227 5556 aliquam
3285 5487 3614 5556 optaverim,
3671 5499 3791 5542 aut

2175 5558 2414 5628 melioris
2455 5559 2769 5626 interpretis
2819 5559 3070 5628 copiam:
3115 5558 3287 5626 qualis
3329 5557 3570 5625 denique
3607 5558 3665 5610 ei
3724 5559 3790 5612 in

2175 5625 2462 5681 Theodoro
2498 5628 2714 5683 Studita
2755 5628 2859 5684 fuit
2887 5625 3145 5683 'Jacobus
3187 5628 3516 5683 Sirmundus
3557 5630 3586 5680 ό
3655 5645 3792 5695 μα·-

2171 5697 2423 5767 καρίτης,
2447 5714 2510 5752 ac
2533 5699 2578 5752 si
2603 5700 2692 5768 qui
2717 5699 2980 5765 ejusmodi
3007 5700 3116 5752 veri
3141 5701 3467 5768 interpretes
3490 5707 3548 5751 et
3573 5697 3796 5752 Eccle-

2170 5767 2370 5847 siastici
2398 5810 2411 5835 ,
2444 5769 2524 5828 rei
2567 5767 2954 5832 ecclesiasticae
2990 5784 3210 5841 operam
3257 5767 3634 5828 ecclesiastico:
3665 5783 3797 5832 na.-

2170 5847 2363 5894 vartnt.
