4044 6398
306 385 408 450 8:21

1456 388 1989 450 EPISTOLARUM
2028 387 2256 447 LIBER
2295 386 2377 445 ΙΙ.

3420 383 3529 449 822

308 492 613 564 μεταγάγοι
660 491 756 547 τοῦ
805 495 1136 566 σφάλματος,
1195 496 1289 551 καὶ
1330 498 1695 569 καταλλαγείη
1758 502 1871 562 τοῖς

1988 499 2212 554 nouitate
2248 512 2310 553 ac
2336 496 2703 553 misericordia
2747 496 2816 551 ab
2862 510 3047 550 errore
3074 495 3317 562 reducat,
3346 505 3401 552 et
3439 514 3529 553 re-

306 585 612 655 ὑϐρισταῖς,
649 585 745 638 καὶ
772 586 908 657 πρὸς
939 587 1228 657 διόρθωσιν
1267 588 1397 641 ιδεῖν
1426 590 1866 659 παρασκευάσοι·

304 676 403 728 καὶ
456 677 522 745 τῇ
571 674 793 747 εὐλογίᾳ
843 677 951 730 τῶν
981 678 1435 749 περιστειλάντων
1473 680 1570 752 τὴν
1601 682 1871 753 πατρικὴν

304 766 692 839 ἀσχημοσύνην
722 768 1023 838 περιλάϐοι·
1060 771 1154 823 καὶ
1186 771 1390 842 μηδένα
1420 771 1514 825 τοῦ
1546 772 1732 826 λοιποῦ
1762 790 1873 826 παι

309 861 620 930 ραχωρήσοι
653 861 907 930 γενέσθαι
946 862 1142 935 βρῶμα
1172 864 1271 917 καὶ
1305 864 1528 936 θήραμα
1582 865 1677 918 τοῦ
1704 866 1873 937 ἀρχε-

305 952 480 1004 κάκου
512 951 696 1022 θηρός.
729 954 841 1024 Τῆς
861 956 960 1024 σῆς
985 956 1228 1025 κεφαλῆς
1253 958 1424 1028 ἱερᾶς,
1454 958 1581 1022 τοὺς
1610 957 1748 1030 ὑπὲρ
1774 958 1872 1027 τῆς

304 1043 529 1096 ἐκείνων
554 1044 829 1115 σωτηρίας
856 1045 1073 1114 ἀγῶνας
1120 1047 1525 1119 ἀναδεχομένης
1544 1090 1560 1116 ,
1594 1049 1691 1102 καὶ
1733 1050 1875 1103 κατά

214 1166 219 1169 ‹
304 1133 402 1186 τοῦ
429 1134 606 1187 κοινοῦ
649 1138 750 1206 τῆς
794 1136 1007 1205 φύσεως
1038 1136 1300 1208 πολεμίου
1329 1140 1834 1213 τροπαιοφορούσης
1857 1181 1872 1204 ,

307 1225 403 1276 καὶ
427 1224 525 1295 τὴν
549 1224 656 1278 τῶν
684 1225 1117 1298 πεπλανημένων
1150 1229 1423 1300 σωτηρίαν
1450 1230 1568 1302 Θεῷ
1597 1249 1877 1303 καρποφο-

310 1314 513 1387 ρούσης
540 1318 635 1370 καὶ
660 1319 1064 1392 προσαγούσης,
1091 1320 1157 1374 δι’
1172 1313 1245 1375 ὧν
1268 1322 1363 1374 καὶ
1389 1322 1417 1375 ό
1440 1324 1578 1393 πρὸς
1611 1324 1757 1393 ἡμᾶς
1776 1321 1875 1391 τῆς

309 1408 461 1472 θείας
510 1410 733 1482 ἀγάπης
777 1411 937 1482 ἔρως,
988 1413 1252 1479 ἀσϐεστός
1302 1432 1361 1469 τε
1397 1416 1495 1469 καὶ
1514 1415 1876 1486 ἀδιάρρηκτος

310 1502 697 1573 συντηρηθείη,
715 1504 772 1557 ἐν
795 1504 945 1574 αὐτῷ
970 1507 1189 1579 Χριστῷ
1214 1506 1291 1577 τῷ
1306 1507 1543 1578 ἀληθινῷ
1562 1507 1679 1577 Θεῷ
1700 1506 1874 1578 ἡμῶν·

310 1594 725 1666 πρεσϐευούσης
760 1598 860 1667 τῆς
908 1598 1214 1669 ὑπεραγίας
1257 1600 1554 1670 Δεσποίνης
1596 1600 1755 1671 ἡμῶν
1777 1600 1879 1669 τῆς

309 1687 574 1740 Θεοτόκου
596 1704 610 1719 ο
650 1688 758 1741 τῶν
779 1688 1030 1743 θεοειδῶν
1061 1690 1307 1758 ἀγγέλων
1335 1732 1350 1755 ,
1394 1692 1489 1743 καὶ
1519 1692 1733 1745 πάντων
1772 1692 1879 1744 τῶν

312 1778 505 1844 ἀγίων.
556 1780 746 1848 Ἀμήν.

1968 589 2286 646 concilietur
2329 589 2407 644 sic
2446 589 2500 643 in
2545 588 2692 643 illum
2739 586 2938 658 injuria
2976 587 3295 657 procacibus
3321 628 3336 653 ,
3392 603 3533 658 prae-

1967 694 2181 753 stetque
2206 692 2264 737 ut
2290 682 2566 737 emendari
2598 682 2871 747 studeant,
2895 689 3057 751 atque
3077 682 3215 735 intra
3238 696 3425 736 eorum
3457 682 3533 736 al-

1969 776 2107 847 legat
2140 784 2361 839 sortem,
2405 773 2497 843 qui
2550 782 2831 845 paternam
2868 773 3195 828 obtexerunt
3245 773 3533 843 turpitudi-

1969 882 2091 922 nem
2122 884 2136 921 :
2166 866 2546 936 neminemque
2590 866 2847 935 deinceps
2896 880 3076 920 escam
3128 865 3272 921 sinat
3316 865 3431 920 fleri
3481 874 3535 920 et

1970 958 2205 1029 praedam
2235 958 2382 1023 ferae,
2420 972 2540 1028 quae
2571 957 2835 1012 malorum
2861 965 3052 1012 auctor
3083 973 3149 1012 ac
3176 972 3378 1028 auspex
3411 966 3531 1022 est;

1969 1049 2098 1105 dum
2128 1048 2497 1104 venerandum
2528 1057 2691 1119 caput
2737 1057 2912 1117 tuum,
2958 1065 3057 1121 pro
3103 1051 3320 1106 illorum
3361 1050 3537 1106 salute

1972 1140 2269 1196 certamina
2320 1140 2591 1207 sustinet,
2642 1153 2696 1197 et
2733 1142 2996 1197 adversus
3043 1157 3388 1198 communem
3433 1143 3535 1198 hu-

1971 1231 2118 1287 mani
2150 1232 2362 1302 generis
2388 1233 2601 1287 hostem
2637 1243 2837 1305 tropaea
2863 1235 3043 1307 erigit;
3075 1235 3423 1306 fructumque
3458 1249 3539 1290 sa-

1973 1319 2100 1375 lutis
2136 1335 2325 1376 eorum
2356 1322 2449 1392 qui
2482 1336 2665 1377 errore
2706 1324 2840 1394 lapsi
2886 1335 3015 1380 sunt
3046 1324 3156 1381 Deo
3204 1326 3338 1390 edit,
3381 1324 3538 1395 eique

1974 1412 2153 1478 affert,
2199 1412 2395 1482 quibus
2434 1423 2489 1468 et
2534 1414 2729 1470 divinae
2758 1416 3038 1472 charitatis
3077 1432 3203 1488 erga
3240 1432 3341 1472 nos
3387 1431 3540 1471 amor

1976 1503 2428 1576 inexstinguibilis
2463 1506 2928 1576 inconcussusque
2955 1506 3234 1574 consistat;
3264 1506 3318 1561 in
3348 1506 3537 1561 eodem

1976 1595 2190 1651 Christo
2230 1604 2282 1650 et
2312 1597 2423 1651 Deo
2454 1606 2665 1662 nostro,
2703 1597 3166 1653 intercedentibus
3203 1597 3538 1653 sanctissima

1978 1688 2204 1743 Domina
2232 1698 2417 1743 nostra
2435 1687 2528 1743 Dei
2547 1688 2842 1755 Genitrice,
2858 1689 3172 1760 angelisque
3188 1688 3541 1744 deiformibus

1905 1773 1951 1831 B
1979 1795 2041 1835 ac
2066 1779 2266 1836 sanctis
2297 1780 2569 1834 omnibus.
2601 1780 2791 1835 Amen.

842 2100 1209 2177 PHOTII
1291 2097 2014 2180 EPISTOLARUM
2078 2100 2381 2179 LIBER
2454 2098 3018 2179 SECUNDUS.

495 2279 849 2337 EPISTOLAE
896 2282 987 2336 AD
1025 2281 1421 2345 EPISCOPOS,
1454 2279 1817 2346 CLERICOS,
1859 2278 2249 2347 MONACHOS,
2283 2277 2906 2346 SANCTIMONIALES,
2932 2278 3352 2349 PLERUMQUE
3410 2350 3417 2357 ο

986 2397 1421 2465 FAMILIARES,
1452 2398 2052 2455 COMMENDATITIA‘I
2096 2399 2237 2455 AUT
2282 2397 2868 2456 CONSOLATORIE.

1370 2730 1591 2781 SEBIES
1627 2729 1842 2779 PRIMA.
1880 2755 1941 2765 -
1972 2728 2060 2780 AD
2096 2728 2457 2780 EPISCOPOS.

915 2872 1138 2927 ΕΠΙΣΤ.
1177 2872 1259 2928 A'.

564 2963 812 3035 Ἰωάννῃ
833 2968 1243 3037 μητροπολίτῃ
1282 2967 1643 3035 Ἡρακλείας.

2632 2868 2849 2925 EPIST.
2892 2871 2935 2926 Ι.

2307 2965 2500 3019 Joamn'
2540 2964 2884 3032 metropolita:
2919 2962 3206 3019 Heraclea

1586 3080 1856 3130 Montacut.
1884 3080 1987 3144 (ep.
2017 3079 2066 3139 9,
2091 3093 2139 3141 p.
2173 3079 2275 3135 72).

400 3185 742 3259 Ἀπολοφύρῃ
793 3185 861 3239 τά
889 3186 956 3241 σὰ
975 3228 991 3253 ,
1027 3186 1107 3239 ὅτι
1145 3186 1214 3240 τὰ
1244 3186 1487 3258 ἡμέτερα
1516 3189 1748 3255 ἀγνοεῖς.
1781 3186 1888 3240 Εἰδ⁹

2064 3186 2241 3239 Tuum
2275 3185 2444 3255 ipsius
2470 3183 2722 3255 deploras
2747 3189 2972 3247 statum,
3028 3196 3153 3237 nam
3185 3181 3401 3253 ignoras
3429 3196 3557 3237 nos-

318 3279 351 3334 ὒ
383 3279 683 3349 πάσχομεν,
712 3278 883 3349 ᾔδεις,
910 3281 1003 3333 καὶ
1036 3279 1173 3348 πρὸς
1204 3278 1348 3342 οἴους
1386 3278 1580 3342 ἄθλους
1606 3278 1725 3332 καθ’
1759 3280 1888 3334 ἐκά-

320 3388 455 3442 στην
488 3370 866 3441 ἀποδυόμεθα,
924 3365 1075 3441 οἴμαι
1118 3372 1181 3426 ἄν
1230 3387 1289 3424 σε
1320 3370 1511 3423 λυπεῖν
1561 3374 1621 3424 τὸ
1647 3372 1744 3435 τάς
1794 3372 1893 3433 σὰς

318 3464 637 3535 ἐξαριθμεῖν
665 3462 761 3517 καὶ
790 3462 1008 3534 θρηνεῖν
1035 3463 1345 3533 συμφοράς.
1382 3463 1492 3516 Καὶ
1515 3462 1624 3516 τῶν
1657 3462 1895 3534 βροντῶν

319 3557 431 3625 γὰρ
467 3554 599 3617 τοὺς
634 3554 908 3619 ἐξαισίους
948 3555 1143 3625 ἤχους,
1176 3554 1395 3608 ἐπειδὰν
1444 3553 1578 3608 πολὺ
1612 3555 1893 3625 καταρρα-

320 3648 483 3715 γῶσι,
517 3645 757 3717 μείζους,
792 3649 904 3711 τοῖς
949 3646 1085 3699 ὠσὶν
1117 3645 1341 3709 ἀλύπως
1374 3648 1563 3716 φέρειν
1600 3646 1823 3717 μᾶλλον,
1857 3648 1891 3715 ἢ

323 3741 607 3811 πρότερον,
639 3738 951 3806 ἐθιζόμεθα.
986 3739 1050 3792 Τί
1082 3735 1177 3794 οὖν
1209 3739 1292 3793 δεῖ
1317 3742 1520 3807 ποιεῖν;
1547 3738 1579 3810 ἢ
1615 3740 1895 3810 καρτερῶς

328 3830 573 3886 ἐναθλεῖν
594 3833 709 3893 τοῖς
741 3830 1107 3899 ἐμπίπτουσιν
1129 3848 1143 3862 ⁸
1173 3830 1416 3901 ἀκριϐῶς
1451 3830 1677 3894 εἰδότας,
1710 3829 1832 3884 καθ’
1859 3828 1896 3885 ἀ

318 3924 385 3993 δή
418 3940 521 3975 που
554 3922 647 3976 καὶ
690 3923 760 3975 τὰ
788 3923 906 3976 θεῖα
938 3923 1032 3977 καὶ
1062 3924 1180 3995 ἱερά
1223 3922 1647 3994 διαμαρτύρεται
1689 3922 1891 3991 Λόγια,

322 4016 400 4075 ὡς
430 4017 459 4068 ὁ
482 4014 675 4087 παρὼν
719 4014 833 4085 βίος
853 4017 952 4069 οὐκ
996 4016 1111 4069 ἐστι
1140 4016 1353 4086 τρυφῆς
1385 4015 1478 4068 καὶ
1505 4014 1770 4086 βραϐείων
1804 4014 1895 4067 καὶ

326 4106 597 4169 ἐπάθλων,
622 4106 737 4160 ἀλλ’
766 4106 996 4174 ἀγώνων
1024 4106 1119 4159 καὶ
1148 4106 1324 4158 πόνων
1354 4106 1449 4158 καὶ
1475 4103 1891 4173 παλαισμάτων

324 4198 395 4251 τὰ
430 4198 485 4250 δὲ
512 4198 673 4269 γέρα,
714 4198 809 4252 καὶ
846 4198 973 4261 τοὺς
1005 4197 1321 4266 στεφάνους,
1350 4198 1444 4250 καὶ
1472 4197 1569 4267 τὴν
1599 4196 1898 4249 ἀπόλαυσιν

327 4288 537 4341 ἐκεῖθεν
586 4288 865 4360 προσῆκεν
910 4289 1210 4357 ἐπιζητεῖν,
1266 4287 1512 4351 ἐκεῖθεν,
1552 4287 1601 4339 εί
1652 4287 1726 4356 μὴ
1753 4285 1897 4357 μέγα

327 4383 525 4449 εἰπεῖν,
555 4382 691 4436 Θεοῦ
720 4380 1104 4453 φιλανθρωπίᾳ
1130 4380 1226 4434 καὶ
1253 4380 1580 4450 εὑρήσομεν.

946 4666 1169 4720 ΕΠΙΣΤ.
1211 4666 1284 4720 B'.

567 4760 877 4825 Εὐσταθίφ
905 4756 1235 4827 πατριάρχῃ
1278 4754 1650 4824 Ἀντιοχείας.

1995 3286 2159 3331 trum.
2186 3276 2340 3342 Quod
2374 3275 2419 3331 si
2447 3275 2536 3330 illa
2564 3290 2943 3347 cognosceres,
2984 3289 3105 3344 qua:
3152 3288 3252 3329 nos
3296 3272 3551 3343 patimur,

1995 3378 2047 3420 et
2082 3366 2148 3419 ad
2177 3381 2298 3434 quae
2328 3365 2622 3419 certamina
2650 3360 2896 3434 quotidie
2926 3362 3329 3428 descendimus,
3361 3362 3558 3432 opinor

1997 3464 2049 3509 te
2077 3454 2221 3509 nolle
2258 3454 2486 3509 ulterius
2512 3453 2760 3524 proprias
2785 3461 2905 3507 tuas
2926 3465 3248 3507 enumerare
3270 3451 3355 3505 vel
3373 3450 3559 3520 deplo-

1997 3559 2117 3598 rare
2148 3543 2412 3599 miserias.
2442 3543 2750 3598 Fulminum
2786 3552 2934 3598 certe
2965 3556 3130 3597 sonos
3162 3549 3215 3597 et
3253 3540 3556 3595 tonitruum

1996 3636 2286 3699 infaustos,
2342 3636 2469 3690 dum
2520 3635 2725 3705 majore
2768 3648 2893 3689 cum
2932 3634 3162 3690 horrore
3201 3632 3558 3699 incutiantur,

1995 3744 2116 3783 cum
2144 3737 2294 3782 metu
2325 3726 2554 3783 sufferre
2593 3725 2886 3781 assuefacti
2928 3741 3119 3781 sumus
3172 3726 3362 3790 multo,
3394 3739 3559 3795 quam

1996 3820 2149 3885 olim,
2195 3818 2426 3873 minore.
2484 3816 2624 3883 Quid
2666 3815 2931 3888 agendum
2975 3815 3181 3888 igitur?
3220 3812 3369 3868 Nihil
3412 3821 3561 3868 certe

1997 3913 2143 3968 aliud
2161 3928 2325 3982 quam
2358 3909 2659 3965 animosius
2690 3908 2971 3963 colluctari
3010 3923 3135 3963 cum
3166 3907 3234 3963 lis
3274 3922 3396 3977 qua:
3419 3905 3563 3961 acci-

1996 4004 2231 4059 derunt:
2260 4010 2322 4057 ut
2358 4001 2451 4071 qui
2473 4000 2711 4055 sciamus
2742 3998 2969 4068 optime,
3000 3998 3146 4068 quod
3194 4013 3347 4053 sacra
3405 3996 3563 4052 nobis

1997 4104 2053 4149 et
2087 4095 2269 4149 divina
2310 4092 2529 4148 oracula
2562 4098 2881 4162 suggerunt,
2923 4104 3033 4144 non
3065 4105 3184 4145 esse
3213 4091 3379 4145 vitam
3424 4090 3564 4144 hanc

1997 4194 2321 4257 praesentem
2349 4184 2479 4239 luxu
2508 4181 2917 4245 transeundam,
2950 4180 3095 4235 haud
3127 4181 3185 4235 in
3210 4181 3303 4235 illa
3335 4179 3566 4237 corollas

1999 4285 2055 4331 et
2092 4275 2318 4346 praemia
2356 4272 2807 4336 coudonari,:sed
2831 4272 3157 4335 certamina,
3191 4271 3426 4330 labores.
3452 4270 3565 4325 col-

1998 4369 2330 4423 luctamenta
2406 4365 2726 4431 subeunda;
2802 4365 3242 4431 retributionem,
3311 4378 3562 4428 coronas,

2001 4459 2319 4515 fruitionem
2350 4457 2473 4513 inde
2497 4456 2885 4529 exspectanda,
2911 4456 3057 4512 unde
3084 4456 3271 4521 etiam,
3301 4455 3356 4511 id
3381 4463 3466 4510 est
3496 4454 3564 4511 dc

1929 4551 1975 4606 ι)
2004 4552 2162 4619 caelo,
2195 4567 2292 4623 per
2326 4550 2563 4606 divinam
2599 4551 3026 4606 misericordiam
3069 4550 3159 4605 illa
3203 4549 3564 4606 inveniemus.

2626 4661 2840 4715 EPIST.
2881 4663 2947 4717 11.

2268 4753 2544 4809 Eustathio
2596 4753 2914 4824 patriarcha:
2962 4753 3300 4808 Antiocheno.

1606 4866 1873 4916 Montacut.
1901 4867 2002 4930 (ep.
2036 4866 2115 4926 11,
2140 4879 2190 4928 p.
2215 4865 2317 4927 73).

400 4982 511 5051 Τῆς
535 4978 654 5032 ὁδοῦ
688 4979 753 5030 τὸ
782 4978 979 5048 μῆκος,
1010 4976 1106 5029 καὶ
1144 4974 1251 5029 τῶν
1291 4976 1499 5047 ἐχθρῶν
1528 4977 1557 5027 ό
1586 4976 1771 5044 φόϐος,
1803 4975 1899 5029 λα-

328 5074 564 5136 κονίςειν
600 5072 735 5141 ἡμῖν
777 5069 1119 5123 ὑποτίθεται·
1166 5068 1261 5123 καὶ
1308 5070 1423 5137 εἴγε
1468 5067 1720 5138 ἀλλήλοις
1770 5084 1896 5120 συν-

327 5168 527 5233 έκειτο,
552 5163 647 5217 κα)⁸
691 5160 954 5215 σκυτάλαι
1006 5162 1073 5216 ἂν
1102 5162 1203 5232 τὴν
1242 5160 1532 5231 ἐπιστολὴν
1570 5157 1895 5229 διεκόμιζον.

327 5257 494 5309 Φασὶν
541 5254 635 5308 οὖν
691 5271 783 5306 σου
834 5253 933 5324 τὴν
986 5253 1264 5325 ἱερατικὴν
1314 5253 1632 5322 τελειότητα
1666 5254 1798 5324 ἐρᾷν
1837 5270 1899 5305 τε

330 5348 511 5418 ἡμῶν,
560 5346 658 5401 καὶ
712 5345 840 5399 ἰδεῖν
885 5344 1168 5415 ἐφίεσθαι·
1217 5347 1310 5401 καὶ
1344 5348 1505 5417 ἡμεῖς
1540 5345 1618 5412 δὲ,
1651 5347 1783 5411 ῐσθι,
1827 5345 1902 5410 ὼς

331 5442 485 5493 οὐδὲν
530 5440 751 5493 ἔλαττον
788 5438 870 5505 (τί
906 5438 1016 5509 γὰρ
1054 5440 1160 5512 χρὴ
1192 5442 1311 5495 νυνὶ
1343 5439 1798 5509 διαφιλονικεῖνς)
1828 5437 1905 5500 ὠς

333 5530 487 5601 παρά
518 5530 654 5584 πολὺ
686 5529 868 5597 πλέον,
902 5531 1045 5583 κατὰ
1064 5532 1155 5583 τὸν
1186 5532 1341 5585 Θεῖον
1364 5530 1552 5585 τοῦτον
1585 5528 1764 5599 ἔρωτα
1790 5528 1905 5582 δια-

334 5621 588 5693 κείμεθα.
641 5621 703 5674 Εἰ
742 5617 835 5675 οὖν
870 5624 981 5686 τοῖς
1020 5622 1198 5693 λόγοις
1230 5625 1326 5678 καὶ
1358 5623 1588 5694 ἀλήθεια
1641 5620 1906 5691 ἐπικάθη-

333 5734 446 5781 ται,
472 5714 533 5767 τὺ
562 5713 771 5768 κωλῦον
792 5714 941 5769 οὐδὲν
960 5714 1088 5779 τοὺς
1112 5716 1358 5785 ἀλλήλων
1379 5715 1637 5788 ἐραστὰς,
1674 5713 1822 5784 ἔργῳ
1843 5730 1901 5765 τε

335 5810 428 5861 τὸν
467 5806 630 5862 πόθον
661 5807 1028 5879 παραστῆσαι,
1060 5808 1152 5861 καὶ
1188 5807 1436 5878 ἀλλήλοις
1467 5805 1900 5878 ἐμφανισθῆναι,

2082 4975 2194 5030 Viae
2229 4974 2531 5046 longitudo,
2588 4983 2643 5028 et
2671 4974 2910 5029 hostium
2944 4982 3145 5040 metus,
3188 4985 3568 5046 argumentum

2005 5067 2358 5137 suppeditant
2400 5065 2705 5121 laconismi.
2743 5064 2808 5120 Et
2835 5074 2985 5121 certe
3015 5065 3061 5121 si
3091 5065 3195 5121 hoc
3211 5077 3400 5124 mutuo
3425 5072 3568 5139 pacti

2004 5158 2305 5222 fueramus,
2338 5157 2545 5212 scutale
2594 5157 2883 5227 epistolam
2937 5159 3255 5230 expeditam
3310 5163 3571 5220 traderet.

2008 5253 2204 5309 Fertur
2224 5252 2612 5307 sacerdotalem
2631 5261 2778 5307 tuam
2799 5252 3191 5325 perfectionem
3209 5272 3310 5314 nos
3327 5258 3571 5330 diligere,

2009 5355 2065 5401 et
2103 5354 2449 5415 conspectam
2495 5358 2727 5414 cupere:
2777 5346 2997 5401 noveris
3042 5356 3225 5404 autem
3276 5363 3375 5403 nos
3424 5349 3570 5419 (nam

2008 5438 2136 5509 quid
2167 5438 2255 5493 hic
2300 5452 2440 5507 Opus
2477 5437 2875 5492 contestatione
2902 5437 2951 5509 ἲ)
2984 5454 3092 5494 non
3120 5440 3321 5505 minus,
3354 5440 3402 5494 si
3460 5455 3579 5495 non

2010 5528 2204 5598 magis,
2234 5528 2338 5581 hoc
2391 5526 2693 5582 secundum
2753 5527 2921 5584 Deum
2977 5528 3172 5586 affectu
3219 5529 3470 5587 detineri.
3517 5531 3574 5587 Si

2018 5619 2204 5673 verbis
2236 5618 2399 5689 igitur
2430 5634 2617 5674 comes
2638 5619 2882 5675 adbazret
2908 5623 3129 5687 veritas,
3161 5622 3295 5677 nihil
3328 5622 3575 5693 impedit.

2006 5712 2300 5782 quominus
2334 5713 2425 5783 qui
2457 5728 2517 5769 se
2561 5722 2755 5768 mutuo
2782 5713 3011 5784 diligunt
3038 5715 3217 5785 reipsa
3245 5715 3576 5773 desiderium

1994 5803 2325 5875 adimplere,
2358 5805 2512 5862 alteri
2574 5805 2801 5860 alterum
2834 5804 3095 5875 patefieri,
3128 5817 3181 5861 et
3228 5806 3356 5864 inde
3399 5810 3569 5865 resul-
