4044 6410
501 370 603 433 823

1616 371 1876 431 PHOTII
1915 371 2413 433 PATRIARCILE
2453 373 2561 433 CP.
2624 336 2633 351 ’

3625 364 3731 428 824

507 497 655 545 tante
696 486 972 543 communi
1010 487 1240 543 utilitate
1275 486 1551 541 obiectari.
1594 486 1789 543 Itinera
1822 487 2067 556 quamvis

2182 488 2266 539 καὶ
2299 488 2396 557 τῆς
2424 486 2647 541 αὐτόθεν
2679 484 3062 556 ἀναφυομένης
3090 482 3277 551 κοινῆς
3301 482 3570 553 ὡφελείας
3600 499 3731 535 κατα

508 582 687 652 longa,
719 580 810 635 ubi
840 580 941 633 alis
965 580 1167 634 amoris
1196 578 1416 631 dilectio
1442 578 1747 641 instruitur,
1780 588 1835 631 et
1874 592 2065 646 quam,

510 671 592 726 vis
633 670 967 735 difﬁcillima,
1010 670 1262 741 expedite
1312 679 1368 723 ct
1410 668 1603 722 leviter
1646 678 2067 727 transmeantur.

506 764 661 829 Quod
690 773 885 817 caztera
916 762 1128 827 attinet,
1178 761 1395 813 Patrum
1434 770 1485 813 ct
1562 760 1790 814 fratrum
1846 762 2069 830 Optime,

508 856 627 910 vale
643 872 657 920 ;
675 855 815 909 scias
835 868 933 907 nos
961 862 1104 907 tuam
1123 860 1439 920 exspectare
1460 850 1823 920 praesentiam,
1854 851 2067 911 interim

510 946 761 1002 desiderii
787 945 1055 1010 ardorem,
1083 959 1180 1015 spe
1201 942 1397 998 futura:
1421 943 1825 998 consecution'ts
1852 943 2069 999 refocil-

511 1040 700 1095 lemus.
732 1035 876 1091 Vale.

1138 1127 1365 1194 Propria
1395 1144 1555 1184 manu
1584 1128 1928 1181 exorabatur.

1123 1218 1343 1275 EPIST.
1386 1217 1474 1271 ΙΙΙ.

814 1308 1009 1365 Joanni
1047 1311 1391 1378 metropolitw
1432 1310 1770 1373 Nicomediae.

2165 579 2521 647 ἐντρυφῆσαι.
2562 578 2709 640 Ὁδὸς
2743 578 2850 647 γὰρ
2883 577 2975 630 καὶ
3004 578 3198 645 μῆκος,
3227 572 3307 638 οἷς
3334 576 3364 627 ό
3390 574 3490 643 τῆς
3516 575 3735 643 ἀγάπης

2165 670 2304 739 ἔρως
2334 669 2711 738 διεπτέρωται,
2740 667 2841 721 κᾶν
2863 668 3271 737 δυσχερέστατα
3297 667 3405 735 εἴη,
3437 667 3615 737 ῥᾷστα
3644 666 3737 717 καὶ

2166 764 2383 830 κούφως
2430 762 2845 833 διεπεραίνεται.
2900 761 2980 813 Τὰ
3032 761 3090 813 δέ
3134 760 3289 823 ἄλλα,
3343 760 3607 826 Πατέρων
3645 758 3735 810 καὶ

2167 855 2409 922 ἀδελφῶν
2463 856 2679 924 ἄριστε,
2743 855 2988 924 ἔρρωσο,
3053 851 3209 915 εἰδὼς
3264 850 3737 919 ἀπεκδεχομένους

2174 948 2319 1017 ἡμᾶς
2343 948 2441 1017 τὴν
2477 948 2575 1016 σὴν
2616 946 2938 1015 παρουσίαν,
2970 945 3064 998 καὶ
3092 945 3153 997 τὸ
3174 945 3395 1007 διακαὲς
3424 944 3521 996 τοῦ
3546 942 3737 1006 πόθου,

2170 1041 2239 1109 τῇ
2266 1038 2439 1092 ἐλπίδι
2469 1040 2567 1109 τῆς
2598 1037 2881 1108 ἐπιτυχίας
2900 1036 3294 1105 ἀναψύχοντας.
3324 1037 3599 1108 Ἕρῤωσο.

2945 1128 3208 1197 Ἐπφὰφη
3238 1128 3601 1197 αὐτοχειρίᾳ.

2792 1218 3019 1273 ΕΠΙΣΤ.
3059 1220 3131 1273 [".

2392 1309 2633 1379 Ἰωάννῃ
2678 1312 3087 1379 μητροπολίτῃ
3122 1310 3534 1380 Νικομηδεὰις.

1776 1402 2039 1451 MontaouL
2070 1402 2168 1459 (ep.
2204 1402 2279 1459 l7,
2306 1416 2355 1459 p.
2378 1402 2479 1459 77).

1776 1402 2039 1451 Montaout.
2070 1401 2081 1463 (

584 1483 693 1539 Nec
725 1485 952 1540 illudere
990 1486 1135 1551 novi,
1169 1503 1271 1542 nec
1306 1487 1449 1541 ferre
1494 1487 1782 1543 illudentes
1828 1503 2069 1557 possum.

2204 1402 2279 1459 17,
2342 1437 2355 1450 .
2378 1403 2436 1450 ’Π
2468 1441 2479 1452 .

2244 1416 2381 1541 Οὔίε
2418 1402 2635 1552 τέαίζειν
2676 1483 2823 1551 οἶδα,
2852 1485 2976 1539 οὔτε
3008 1485 3313 1550 παιζόντων
3340 1484 3657 1556 ἀνέχεσθαι.
3688 1485 3745 1537 El

511 1576 567 1632 Si
598 1587 653 1631 tu
684 1578 845 1635 homo
877 1578 1083 1649 antiqui
1113 1579 1248 1634 adeo
1286 1580 1473 1642 moris,
1522 1590 1577 1633 et
1610 1580 1839 1650 simplex
1887 1579 2073 1643 fueris.

514 1677 574 1722 ttt
614 1684 735 1723 cum
768 1670 945 1727 simus
980 1670 1169 1725 affecti
1203 1670 1567 1734 contumeliis,
1598 1670 1716 1740 ejus
1757 1685 1917 1724 sensu
1968 1685 2076 1723 non

515 1759 655 1829 tangi
689 1759 887 1813 debere
909 1776 1028 1824 nos,
1061 1760 1320 1829 opineris,
1348 1760 1490 1813 haud
1520 1776 1733 1829 aequum
1762 1768 1897 1823 erat,
1932 1769 1989 1811 ut
2022 1768 2077 1813 tu

516 1864 614 1902 nos
647 1850 897 1911 lzederes,
935 1865 1001 1904 eo
1026 1850 1158 1904 ‘ﬁne
1181 1850 1333 1919 quasi
1361 1866 1571 1903 morum
1603 1861 1817 1903 tuorum
1870 1850 2076 1918 simpli-

515 1940 650 1994 citas
674 1941 888 2009 culpam
904 1949 1247 2005 extenuaret,
1279 1951 1334 1994 et
1362 1941 1616 1994 leviorem
1649 1941 1916 1994 redderet.
1941 1940 2076 1993 Cum

518 2046 646 2084 vero
691 2046 789 2100 per
838 2031 947 2095 illa,
1000 2046 1120 2100 qua:
1163 2047 1326 2086 ausus
1362 2048 1421 2086 es
1477 2033 1676 2095 iacere,
1727 2032 1967 2085 studiose
2022 2032 2074 2086 id

516 2122 711 2192 egeris;
749 2132 805 2176 ut
842 2138 1059 2181 sensum
1092 2140 1306 2178 omnem
1338 2141 1368 2178 a
1405 2124 1561 2179 nobis
1587 2124 1838 2178 sutiurari
1868 2142 2073 2194 posses,

520 2211 621 2265 hac
652 2222 740 2265 tua
770 2212 1076 2267 rusticitate
1101 2215 1303 2269 duxisti
1353 2216 1616 2285 ingestam
1668 2216 1828 2269 nobis
1874 2218 2077 2271 calum-

2174 1574 2267 1632 οὖν
2295 1578 2465 1641 οὕτως
2499 1576 2566 1650 ᾖς
2610 1578 2769 1641 αὐτὸς
2799 1580 3021 1649 ἀρχαῖος
3051 1580 3144 1631 καὶ
3192 1577 3415 1639 ἁπλοῦς,
3446 1577 3591 1629 ὥστε
3626 1577 3745 1647 μηδ’

2176 1671 2320 1739 ἡμᾶς
2365 1666 2940 1739 προπηλακιζομένους
2991 1668 3343 1722 αἰσθάνεσθαι
3372 1668 3610 1731 οἴεσθαι,
3651 1666 3747 1719 οὐκ

2176 1760 2282 1812 ἔδει
2333 1776 2391 1811 σε
2438 1762 2785 1828 κακουργεῖν,
2833 1759 2921 1812 ἵνα
2974 1759 3067 1812 σοῦ
3106 1761 3167 1813 τὸ
3214 1758 3516 1829 ἁμάρτημα
3566 1758 3603 1827 ἡ
3642 1756 3749 1809 τῶν

2175 1850 2318 1918 ὴθῶν
2348 1849 2585 1920 ἁπλότης
2622 1849 2829 1901 ἐδείκνυ
2866 1849 3212 1919 κουφότερον.
3254 1848 3403 1901 Ἐπεὶ
3431 1848 3487 1899 δὲ
3518 1846 3618 1899 καὶ
3657 1848 3752 1915 τηρ

2176 1941 2427 2009 αἴσθησιν
2462 1941 2640 2011 ήμῶν,
2680 1940 2746 1992 δι’
2772 1936 2844 1993 ὢν
2878 1941 3202 2010 ἐτόλμησας,
3243 1940 3469 2011 μελέτην
3499 1938 3628 1990 ἔθου
3656 1937 3751 2008 λῃ-

2179 2033 2422 2097 στεῦσαι,
2456 2035 2550 2084 καὶ
2578 2033 2875 2103 δυστροπίᾳ
2903 2032 2999 2104 τὴν
3040 2032 3161 2086 καθ’
3204 2032 3359 2101 ἡμῶν
3390 2030 3548 2100 ὖσριν
3583 2028 3750 2099 ηὖξη-

2177 2142 2276 2186 σας
2298 2140 2311 2154 °
2357 2124 2614 2192 οὐδεμίαν
2645 2124 2790 2194 ἔχεις
2820 2124 3165 2194 ἀναχώρησιν
3195 2126 3274 2185 εἰς
3319 2122 3415 2192 τὴν
3443 2120 3563 2173 νυνὶ
3603 2121 3753 2189 παρὰ

2179 2216 2273 2269 σοῦ
2321 2216 2819 2286 σκηνοποιουμένην
2851 2216 3181 2286 κουφότητα.
3216 2216 3364 2287 Πλὴν
3391 2214 3477 2266 ἵνα
3503 2212 3581 2283 μὴ
3619 2210 3752 2275 δόξω

520 2304 660 2357 niam
684 2320 697 2357 ε
718 2319 822 2361 nec
850 2305 1057 2359 resilire
1084 2307 1287 2375 poteris
1316 2309 1381 2361 ad
1417 2308 1560 2361 illam
1590 2323 1751 2377 quam
1779 2309 1833 2362 in
1858 2324 2074 2363 scenam

519 2396 769 2464 producis
822 2398 980 2452 nobis
1049 2398 1347 2455 levitatem.
1409 2400 1791 2454 Verumtamen
1846 2417 1916 2455 ne
1969 2417 2077 2455 non

520 2493 626 2537 tam
651 2486 981 2554 corrigendi,
1014 2502 1176 2556 quam
1210 2488 1474 2557 puniendi
1503 2503 1665 2541 causa
1686 2488 1870 2542 videar
1897 2504 2079 2558 repre-

2180 2308 2270 2359 τὸν
2309 2307 2527 2377 ἔλεγχον
2560 2309 2807 2375 ἐπάγειν,
2842 2308 2901 2359 οὐ
2933 2307 3271 2376 διορθώσεως
3314 2305 3449 2359 ἀλλὰ
3478 2304 3753 2362 κολάσεως

2176 2397 2359 2460 ἕνεκα,
2391 2398 2479 2450 ὅτε
2507 2400 2573 2468 τῇ
2597 2398 2928 2467 παντεφόρῳ
2961 2398 3087 2468 δίκῃ
3125 2398 3281 2460 δίκας
3324 2393 3753 2464 εἰσπράττεσθαι

2175 2490 2273 2557 τῆς
2299 2490 2376 2551 είς
2404 2490 2550 2559 ἡμᾶς
2578 2489 2913 2558 κακουργίας
2936 2490 3029 2542 καὶ
3052 2488 3283 2559 ὕϐρεως,
3309 2487 3383 2551 ὡς
3409 2487 3573 2549 αὐτὸς
3602 2487 3753 2555 ὁρᾷς.

518 2576 835 2629 liensionem
869 2584 1103 2643 struere,
1137 2594 1259 2631 cum
1304 2577 1533 2648 justitize
1579 2578 1758 2631 omnia
1813 2578 2076 2633 scrutanti

2182 2581 2383 2643 ἐάλως·
2428 2581 2548 2633 τότε
2594 2598 2652 2633 σε
2685 2582 2786 2649 τῆς
2835 2581 2935 2649 σῆς
2967 2580 3181 2643 δικαίας
3225 2580 3416 2649 ποινῆς
3452 2578 3597 2631 ἑκὼν
3646 2577 3757 2630 ἁδι-

515 2674 570 2718 ct
598 2667 905 2734 pervidenti
940 2668 1273 2726 satisfecisse
1328 2669 1755 2738 deprehenderis
1783 2686 1879 2738 pro
1933 2670 2071 2740 inju-

2182 2670 2375 2724 κοῦντα
2401 2672 2626 2742 ἀφίημι,
2654 2672 2810 2725 τοῦτο
2839 2672 2996 2741 μόνον
3041 2671 3308 2735 ἐπειπὼν,
3336 2670 3413 2733 ὡς
3442 2668 3757 2739 μεμνῆσθαί

516 2755 611 2810 riis
637 2764 691 2810 et
715 2760 1060 2813 contumeliis
1088 2759 1288 2828 quibus
1310 2775 1499 2813 sumus
1532 2759 1733 2821 allecti,
1765 2770 1874 2813 tum
1915 2771 2078 2815 temet

2182 2781 2239 2816 σε
2288 2764 2415 2835 χρὴ,
2469 2765 2549 2817 ὅτι
2613 2765 2686 2834 μὴ
2725 2768 2789 2834 τῇ
2826 2767 2890 2834 σῇ
2930 2765 3039 2816 τῶν
3080 2764 3296 2833 τρόπων
3334 2760 3640 2829 κακοηθείᾳ
3667 2759 3759 2813 καὶ

515 2863 614 2917 ego
648 2849 845 2918 injuria
883 2865 969 2903 me
1003 2849 1327 2905 allicientem
1358 2850 1533 2904 libens
1563 2851 1755 2905 merito
1786 2851 2081 2906 immunem

2183 2858 2469 2928 δεινότητι,
2522 2858 2643 2930 (ἐφ’
2684 2855 2764 2921 οἷς
2818 2857 2947 2919 ίσως
2986 2856 3127 2926 μέγα
3168 2852 3418 2923 φρονεῖς)
3450 2854 3516 2921 τῇ
3548 2848 3592 2903 δ’
3628 2852 3760 2919 ἠμε-

516 2939 782 2993 tlimittatn
812 2957 841 2995 a
874 2942 1159 3013 supplicio,
1185 2944 1288 2997 hoc
1314 2951 1523 2996 tantum
1564 2943 2075 3011 commonefaciens,

2182 2950 2318 3021 τέρᾳ
2386 2951 2494 3004 τῶν
2545 2949 3037 3004 ἐπιϐουλευθέντων
3097 2947 3424 3018 χρηστότητι
3484 2940 3760 3013 (Χριστοῦ

519 3032 675 3099 cujus
704 3043 918 3102 oportet
944 3034 1275 3095 meminisse,
1309 3050 1506 3103 nempe
1542 3050 1757 3103 poenam
1789 3045 1844 3089 et
1875 3037 2081 3105 suppli-

2185 3043 2293 3111 γάρ
2327 3044 2492 3112 ἐσμεν
2523 3042 2807 3113 μαθηταὶ),
2839 3041 2936 3111 τὴν
2961 3039 3234 3110 τιμωρίαν
3265 3038 3542 3106 διέφυγες.

520 3124 661 3177 cium
695 3134 747 3179 te
776 3125 1174 3196 subterfugisse
1198 3142 1307 3181 non
1340 3137 1563 3195 propter
1593 3141 1806 3181 morum
1858 3137 2073 3184 tuorum
2114 3134 2193 3187 vel
2238 3136 2590 3202 scatvitatem,
2658 3137 2742 3193 vel
2790 3136 2989 3193 malam
3041 3131 3521 3193 consuetudinem,
3590 3126 3760 3197 (Unde

518 3218 792 3286 fortassis,
826 3222 994 3275 altum
1051 3222 1243 3292 sapis,)
1274 3223 1367 3277 sed
1422 3238 1520 3292 per
1558 3233 1822 3290 nostram,
1881 3227 2079 3296 quibus
2119 3230 2486 3299 insidiabaris,
2526 3236 2847 3300 bonitatem,
2916 3233 3118 3307 quippe
3186 3231 3280 3301 qui
3338 3228 3511 3285 simus
3560 3224 3763 3282 Christi

518 3313 766 3384 discipuli
796 3325 851 3371 et
872 3324 1188 3371 sectatores.

1128 3405 1345 3463 EPIST.
1386 3406 1472 3461 IV.

867 3501 1076 3571 lgmm'o
1108 3500 1403 3572 Lophorum
1456 3500 1714 3570 episcopo.

2814 3416 3035 3473 ΕΠΙΣΤ.
3070 3414 3143 3469 Δ’.

2532 3506 2797 3574 Ἰγνατίῳ
2829 3504 3140 3573 ἐπισκόπφ
3173 3504 3409 3579 Λόγων.
3467 3545 3483 3569 ,

1770 3596 2055 3657 (Moulacut.
2094 3599 2194 3661 (ep.
2226 3598 2305 3655 25,
2327 3598 2495 3659 p.8l).

590 3678 744 3731 Dolet
777 3676 874 3731 tibi
908 3677 1052 3746 quod
1108 3676 1384 3731 inhibeant
1420 3675 1515 3730 tibi
1543 3676 1746 3745 injuste
1800 3693 1996 3747 agerc;
2032 3687 2087 3731 at

520 3770 651 3825 milii
685 3769 854 3839 magis
879 3768 1024 3837 juste
1057 3767 1239 3821 dolere
1268 3767 1449 3829 debet,
1487 3765 1633 3829 quod
1680 3781 1788 3817 non
1854 3765 2084 3834 impedi-

520 3856 690 3911 vcrim
749 3857 861 3910 lucc
935 3855 1050 3922 ipsa
1114 3854 1375 3908 exordiri.
1435 3852 1530 3906 Sin
1591 3853 1832 3906 dolorem
1903 3870 2083 3909 meum

520 3948 791 4002 occultum
822 3960 1049 3999 necesse
1076 3954 1161 3999 est
1191 3944 1366 4008 eﬂari,
1393 3948 1535 4013 quod
1565 3945 1685 4013 ipse
1721 3946 1820 3999 tibi
1857 3961 2075 4000 causam

522 4038 886 4101 cxhibuerim,
928 4036 1071 4091 unde
1102 4052 1227 4089 cum
1257 4036 1373 4089 fieri
1407 4036 1628 4090 volebas
1658 4037 1958 4105 improbus,
1989 4038 2083 4092 im-

2279 3680 2510 3745 Ἀλγεῖς,
2555 3679 2636 3732 ὃτι
2667 3695 2723 3731 σε
2752 3677 2846 3735 νῦν
2877 3676 3165 3731 ἀδικοῦντα
3196 3673 3505 3730 διακωλὺω·
3550 3672 3667 3741 ἐγὼ
3711 3664 3766 3723 δὲ

2198 3771 2396 3841 μᾶλλον
2424 3771 2517 3824 καὶ
2567 3769 2922 3840 δικαιότερον,
2952 3770 3031 3821 ὅτι
3066 3768 3139 3839 μὴ
3169 3766 3336 3819 πάλαι
3366 3765 3488 3836 μηδ’
3524 3766 3720 3836 ἄρχειν
3741 3779 3762 3800 σι

2190 3862 2444 3933 τοιαύτης
2481 3862 2750 3931 πράξεως.
2785 3862 2845 3915 Εἰ
2870 3860 2925 3913 δὲ
2963 3860 3058 3915 καὶ
3081 3858 3142 3911 τὸ
3176 3859 3306 3927 ἐμὸν
3335 3855 3568 3927 κρύφιον
3603 3854 3768 3920 ἀλγος

2191 3958 2312 4012 δέον
2358 3956 2592 4022 ἐξειπεῖν
2632 3955 2713 4008 ὅτι
2750 3972 2831 4006 σοι
2864 3954 3135 4023 παρέσχον
3166 3950 3444 4020 ἀφορμὴν,
3473 3948 3539 4001 δι’
3569 3943 3639 4017 ἦς
3667 3964 3765 3998 κα-

2192 4048 2347 4109 κῶςδ
2382 4045 2685 4116 βουληθεὶς,
2723 4043 2983 4113 ἐδυνήθης
3034 4040 3308 4111 γενέσθαι,
3353 4040 3505 4110 δρᾷς,
3541 4038 3617 4101 ὼς
3658 4035 3768 4088 τῶν

521 4132 724 4201 probus
765 4143 954 4183 revera
988 4143 1112 4183 csse
1158 4128 1353 4198 possis,
1387 4128 1538 4182 vides
1594 4138 1653 4183 ut
1706 4130 2081 4198 memetipsum

2195 4140 2304 4191 σῶν
2339 4109 2713 4207 ἀδικημάτων,
2747 4109 2908 4198 αὑτδς
2936 4109 3169 4204 ἐμαυτὸν
3200 4134 3367 4187 αἴτιον
3406 4130 3516 4201 ἐγὼ
3546 4128 3765 4199 γράφω.

522 4230 795 4275 auctorem
833 4220 940 4273 tuis
975 4219 1413 4289 improbitatibus
1440 4220 1727 4274 ascribam.
1762 4222 1900 4287 Quid
1953 4222 2089 4275 reris

524 4312 591 4364 dc
630 4325 715 4363 me
737 4310 934 4364 dicturi
966 4320 1094 4363 sunt
1128 4311 1240 4374 alii,
1276 4327 1399 4364 cum
1431 4310 1496 4364 dc
1546 4310 1654 4364 tuis
1689 4312 1847 4366 factis
1876 4313 2093 4382 ringau-

526 4416 633 4466 tur,
659 4417 835 4471 neque
870 4402 1075 4456 habent
1119 4403 1367 4456 elabendi
1415 4402 1770 4457 facultatem?
1818 4406 2091 4474 quomodo

523 4496 756 4549 laturum
786 4496 1002 4548 illorum
1037 4495 1379 4558 alﬂictiones,
1412 4512 1642 4564 quarum
1694 4506 1748 4549 tu
1809 4512 1868 4549 cs
1908 4496 2091 4549 archi-

523 4598 721 4653 tectus,
750 4603 1097 4642 communem
1158 4586 1445 4641 Dominum
1482 4590 1664 4643 reris?
1693 4590 1889 4642 Annon
1924 4590 2091 4643 infes-

522 4691 638 4735 tum
691 4680 990 4749 experiere,
1056 4679 1149 4749 qui
1202 4681 1476 4734 hominem
1532 4682 1774 4733 evcxerit
1834 4681 2094 4751 dignitate

522 4789 673 4837 eum,
726 4788 889 4843 quem
954 4788 1055 4842 par
1126 4781 1243 4826 erat
1312 4788 1439 4825 cum
1485 4772 1686 4826 inlimis
1750 4774 2093 4827 subditorum

521 4865 841 4919 accenseri?
879 4866 979 4918 hoc
1034 4865 1197 4918 modo
1248 4878 1336 4917 me
1370 4867 1422 4915 in
1476 4872 1530 4916 te
1560 4864 1857 4918 animatum
1912 4872 2090 4934 puta:

522 4958 667 5028 quod
702 4959 745 5013 si
783 4975 893 5013 non
926 4960 1161 5015 libenter
1190 4966 1245 5015 et
1276 4958 1602 5026 quantocius
1642 4958 1887 5027 improbe
1936 4974 2095 5029 agere

523 5050 810 5118 desiveris,
847 5050 984 5105 scito
1037 5050 1169 5105 mihi
1234 5049 1551 5111 incumbere
1604 5048 2005 5113 necessitatem,
2038 5059 2097 5104 ut

527 5150 581 5195 te
632 5140 852 5209 penitus
908 5156 937 5194 a
991 5139 1275 5211 meiipsius
1308 5148 1363 5194 et
1413 5139 1672 5195 Ecclesia:
1710 5140 2098 5196 communione

524 5231 857 5287 abscindam.

1140 5323 1357 5383 EPIST.
1402 5325 1463 5378 Υ.

811 5417 1030 5488 Georgio
1083 5415 1402 5475 Nicomedia
1453 5414 1815 5484 metropolilaz.

2197 4230 2261 4281 Τί
2307 4229 2372 4281 ἂν
2417 4225 2509 4283 οὖν
2539 4228 2637 4280 οἴει
2682 4228 2808 4290 τοὺς
2850 4226 3041 4289 ἄλλους
3072 4225 3248 4292 λέγειν
3282 4224 3411 4293 περὶ
3441 4220 3599 4292 ἐμοῦ,
3640 4220 3767 4273 ὅταν

2189 4326 2300 4385 τοῖς
2337 4324 2446 4383 σοῖς
2493 4319 2775 4384 ἀνιῶνται,
2825 4318 2919 4371 καὶ
2975 4318 3166 4387 φυγεῖν
3210 4316 3310 4368 οὐκ
3341 4315 3547 4384 ἔχουσι,
3600 4312 3662 4365 τὸ
3694 4308 3767 4381 μὴ

2190 4414 2474 4483 δυαρορεϊν
2493 4423 2513 4450 ο
2540 4430 2553 4478 ;
2590 4411 2705 4474 πῶς
2734 4411 2789 4462 δὲ
2815 4412 2927 4471 τοῖς
2948 4409 3187 4471 ἐκείνων,
3214 4407 3355 4478 ἆπερ
3380 4406 3541 4467 αὐτὸς
3566 4402 3761 4463 διέθου,

2193 4506 2535 4577 παθήμασιν,
2569 4508 2629 4559 οὐ
2676 4506 2767 4557 τὸν
2814 4504 2989 4557 κοινὸν
3033 4503 3307 4572 Δεσπότην
3343 4501 3595 4569 εὑρήσειν
3638 4498 3759 4551 δυσ-

2196 4599 2355 4669 μενῆ,
2415 4598 2587 4669 ἀρχὴν
2632 4598 3030 4669 ἐγχειρήσαντα
3078 4596 3263 4666 ἀνδρὶ,
3312 4587 3355 4660 ᾧ
3410 4593 3664 4660 κρεῖσσον
3699 4586 3766 4661 ἦν

2194 4692 2307 4753 τοῖς
2332 4689 2438 4741 τῶν
2475 4689 2793 4759 ἀρχομένων
2820 4687 3066 4757 ἐσχάτοις
3095 4685 3581 4750 ἀντεξετάζεσθαις
3612 4681 3767 4734 Οὕτω

2199 4799 2265 4851 με
2292 4781 2603 4851 λογίζεσθαι
2634 4782 2819 4851 νόμιζε
2855 4780 2985 4850 περὶ
3009 4779 3099 4832 σοῦ
3122 4796 3135 4809 ⁸
3168 4780 3261 4831 καὶ
3285 4778 3330 4829 εί
3360 4778 3433 4848 μὴ
3459 4777 3656 4829 θᾶττον
3676 4776 3764 4827 καὶ

2195 4873 2365 4941 ἡδέως
2419 4872 2617 4927 σαυτοῦ
2662 4873 2731 4924 τὰ
2786 4872 3100 4941 ἀδικήματα
3154 4869 3474 4939 περικόψῃς,
3523 4868 3763 4935 ἀνάγκην

2197 4959 2337 5017 εἷναί
2374 4982 2484 5034 μοι,
2507 4964 2640 5032 ἐμοῦ
2675 4981 2733 5016 τε
2767 4966 2861 5017 καὶ
2899 4964 2996 5035 τῆς
3038 4964 3166 5031 ὅλης
3204 4961 3555 5031 Ἑκκλησίας,
3589 4957 3766 5011 τέλεόν

2199 5072 2258 5111 σε
2287 5055 2562 5125 διακόψαι.

2818 5322 3041 5377 ΕΙΙΙΣΤ.
3082 5319 3161 5377 Ε’.

2818 5322 2974 5376 ΕΙΙΙΣ
3027 5361 3041 5375 .
3082 5322 3161 5377 E’.

2401 5414 2672 5483 Γεωργίῳ
2697 5322 3109 5484 mizpertaLG
3152 5410 3564 5481 Νικομηδείας.

1800 5505 2067 5557 Montarut.
2099 5507 2200 5567 (ep.
2224 5505 2304 5566 21,
2330 5519 2377 5566 p.
2414 5505 2515 5564 84).

597 5595 1067 5667 Υἰτιιιηνιποδυω
1101 5606 1155 5651 et
1203 5596 1493 5650 honestum
1531 5602 1583 5648 te
1634 5592 1950 5663 pradicant,
2004 5590 2095 5654 qui

2274 5590 2452 5645 Καλόν
2479 5608 2538 5644 σε
2568 5590 2660 5647 καὶ
2685 5591 2889 5663 ἀγαθὸν
2916 5591 2970 5645 ot
2996 5590 3223 5646 αὐτόθεν
3257 5588 3584 5661 φημίζουσιν
3604 5589 3760 5660 ἧκον.

1816 5704 2046 5761 VARI/8
2087 5700 2499 5762 LECTIONES.

604 5816 627 5844 ι
664 5802 1024 5873 ῖσ.ὀὶρχοντα.
1101 5802 1129 5841 δ
1171 5801 1255 5853 ἵσ.
1298 5796 1487 5860 κακός.

1570 5808 1592 5834 ε
1636 5796 1721 5852 ἵσ,
1749 5795 2118 5863 δυσαρεστεῖν.
