4044 6398
213 401 323 463 825

1363 396 1892 460 EPISTOLARUM
1939 396 2169 459 LIBER
2209 396 2288 459 II.

3354 387 3458 451 826

208 530 304 583 τες
328 529 340 542 ·
373 512 465 565 καὶ
497 512 543 564 οὶ
594 511 693 585 μδν
728 510 876 565 ἄλλοι
904 510 1245 581 θαυμάζουσι
1287 512 1587 582 χαίροντες.
1623 509 1778 591 "Eefl’

1888 507 1946 560 ad
1974 523 2074 565 nos
2106 523 2137 561 a
2162 505 2319 563 vobis
2357 504 2644 563 accedunt.
2680 502 2782 561 Alii
2809 500 3024 571 quidem
3049 516 3173 555 cum
3223 500 3459 556 admira‘

207 605 302 659 ὅτε
334 604 462 675 γὰρ,
496 602 787 665 ὑπνοῦντας
814 602 907 657 τοῦ
950 604 1164 673 φθόνου,
1195 605 1345 658 οὐδὲν
1383 601 1543 678 ἦττον
1573 604 1782 674 ἄνθρω-

210 713 305 753 ποι
355 699 467 757 τοῖς
516 695 785 766 ἀλλήλων,
821 696 852 765 ἢ
891 699 1001 760 τοῖς
1032 697 1231 765 αὐτῶν,
1267 698 1547 767 ήδύνονται
1588 712 1785 769 κατορ-

211 786 483 854 θώμασιν.
548 785 686 856 Ἐγὼ
734 787 789 841 δὲ
823 787 997 858 χαίρω
1031 789 1209 858 μόνον,
1248 788 1309 845 τὸ
1352 790 1648 861 θαυμάζειν
1685 792 1783 861 ἐφ-

208 878 430 946 ἐμενος.
472 879 546 932 Οὐ
586 880 695 950 γὰρ
740 880 966 949 ἠγνόουν
997 898 1054 931 σε
1076 882 1313 944 τοιοῦτον
1340 883 1492 945 ὄντα,
1522 884 1633 942 οὐδ’
1661 887 1784 943 ἀνο-

216 970 406 1040 μοίους
437 971 604 1026 πάλαι
644 974 740 1036 τὰς
770 972 991 1039 ἐλπίδας
1024 970 1171 1043 εἶχον
1203 976 1328 1043 ὅσγε
1370 977 1465 1029 καὶ
1497 976 1666 1041 θείαις
1692 994 1783 1035 τε-

212 1062 399 1126 λεταῖς
428 1067 865 1137 μυσταγωγήσας
892 1068 1122 1139 ίέρωσα·
1149 1067 1446 1138 θαυμάζειν
1469 1071 1511 1131 δ’
1539 1070 1605 1124 ἂν
1630 1067 1782 1141 οἶμαι

219 1152 574 1224 προαχθείην,
621 1157 673 1210 εί
706 1156 755 1208 τί
787 1174 880 1209 σου
931 1158 1037 1210 τῶν
1085 1159 1320 1229 τρόπων,
1352 1162 1445 1219 καὶ
1485 1160 1578 1219 τοῦ
1613 1163 1782 1230 ἔγνω·

215 1247 424 1314 σμένου
452 1246 634 1316 ήθους,
668 1246 1086 1320 ἀλλοτριώτερον
1115 1251 1485 1321 διακούσαιμι.
1514 1254 1573 1305 Εί
1595 1253 1673 1315 δὲ,
1709 1254 1781 1325 μὴ

213 1338 442 1405 φεύγειν
496 1340 594 1409 τὴν
637 1340 883 1410 ἐφορίαν,
930 1344 1013 1410 ἐφ’
1142 1343 1235 1395 νῦν
1288 1344 1554 1413 ἐτάχθης,
1602 1344 1783 1410 καλῶς

212 1427 589 1500 κατορθώσῃς,
622 1430 964 1497 λειποταξίαν
1010 1436 1209 1506 κρίνων
1244 1437 1341 1508 τὴν
1389 1438 1782 1509 ἐπαινουμένην

212 1518 385 1571 πάλαι
418 1520 645 1589 ἡσυχίαν
672 1537 685 1551 ⁸
735 1518 794 1576 εὖ
828 1526 958 1586 ῐσθι,
998 1526 1074 1589 ὼς
1103 1527 1261 1581 τοῦτο
1306 1528 1373 1582 ἂν
1413 1528 1527 1600 ἅμα
1552 1529 1777 1602 χαίρων,

214 1610 313 1663 καὶ
348 1609 441 1664 σὺν
464 1612 544 1664 ὅτι
570 1612 803 1682 μάλιστα
825 1618 1033 1688 ἐπαίνῳ
1060 1617 1426 1689 θαυμάσαιμι.

807 1909 1030 1969 sum.
1076 1911 1167 1978 cr.

512 2002 935 2087 rllﬂfthﬂOJL't‘ﬂ
995 2002 1367 2087 ᾙραίιλείας,
1408 2007 1518 2075 τῆς
1559 2010 1778 2067 ἐπανα-

283 2074 557 2144 στάσεως
603 2074 707 2138 τῆς
757 2074 907 2125 κατὰ
974 2074 1082 2141 τὴν
1145 2076 1444 2144 Ἀρμενίαν
1470 2074 1778 2137 συνιστα-

278 2136 488 2204 μέθης·

1805 1848 1852 1907 Β

1886 598 2032 653 tione
2074 597 2343 669 gaudent;
2408 597 2480 650 ita
2529 596 2677 651 enim
2713 593 2986 651 interdum
3025 591 3114 655 ﬁt,
3174 598 3233 648 ut
3283 591 3459 660 sepito

1886 690 2074 752 livore.
2115 704 2221 747 non
2248 688 2432 747 minus
2477 688 2706 747 aliorum
2740 699 2892 743 recte
2922 685 3079 741 factis
3127 701 3290 754 quam
3313 684 3456 738 suis-

1882 790 1995 842 met
2026 781 2262 849 ipsorum
2298 778 2638 848 obiectantur
2666 778 2942 833 homines.
2983 774 3094 845 Ego
3126 775 3308 831 mirari
3338 774 3461 844 qui-

1882 874 2009 931 dem
2048 873 2222 935 mitto,
2272 878 2485 929 tantum
2511 870 2740 942 gaudeo.
2772 869 2958 938 Neque
2990 867 3138 925 enim
3175 878 3248 932 te,
3283 866 3459 936 qualis

1889 980 2050 1027 eras,
2098 966 2439 1033 ignorabam,
2493 979 2594 1018 nec
2652 962 2944 1021 dissimiles
2983 961 3095 1032 jam
3140 960 3271 1015 olim
3334 973 3460 1028 spes

1884 1056 2133 1115 fovebam
2161 1074 2175 1123 ;
2205 1058 2406 1125 quippe
2428 1056 2519 1126 qui
2554 1054 2722 1111 sacris
2744 1054 3179 1108 Christianarum
3197 1050 3458 1107 institutis

1883 1149 2198 1218 episcopum
2230 1148 2500 1203 ordinavi.
2532 1147 2614 1206 Ad
2658 1146 2968 1205 mirandum
3013 1160 3164 1206 vero,
3202 1142 3456 1205 arbitror,

1883 1242 2256 1312 procederem,
2298 1241 2342 1295 si
2386 1240 2517 1309 quid
2548 1240 2878 1308 accepissem
2912 1236 3078 1296 fando
3107 1236 3457 1294 immutatum

1882 1334 1950 1387 de
1982 1333 2259 1397 moribus,
2295 1341 2350 1385 et
2388 1332 2520 1385 mihi
2570 1340 2695 1391 nota
2747 1330 2879 1389 satis
2929 1329 3266 1391 conditione,
3322 1326 3455 1385 tuis.

1883 1427 2035 1493 Quod
2061 1428 2103 1480 si
2126 1442 2236 1480 non
2275 1425 2651 1495 subterfugere
2680 1423 3037 1493 provinciam,
3072 1423 3124 1475 in
3173 1436 3276 1491 qua
3322 1435 3457 1474 con-

1882 1520 2107 1574 stitutus
2120 1533 2199 1581 es,
2230 1526 2375 1575 recte
2401 1525 2577 1573 tecum
2604 1524 2835 1577 statuas.
2863 1515 3225 1571 desertionem
3254 1509 3459 1565 ordinis

1878 1609 2201 1670 existimans
2232 1608 2508 1662 laudatam
2549 1607 2647 1661 tibi
2678 1606 2807 1659 olim
2843 1604 3323 1675 tranquillitatem.
3355 1615 3458 1654 no-

1885 1709 1997 1753 tum
2052 1699 2146 1753 tibi
2193 1698 2264 1753 sit
2292 1697 2434 1767 quod
2476 1696 2726 1749 allectum
2762 1696 2927 1750 istum
2961 1710 3084 1749 cum
3137 1693 3353 1771 gaudio,
3403 1700 3458 1746 et

1881 1808 2072 1863 magna
2116 1791 2280 1846 etiam
2311 1805 2434 1844 cum
2462 1788 2622 1843 laude
2650 1788 2968 1842 admirarer.

2497 1900 2714 1965 EPIST.
2751 1900 2840 1965 VI.

1876 1996 2076 2055 Joanni
2115 1996 2447 2055 Heracleensi
2476 1993 2818 2062 metropolitw
2842 2032 2858 2057 ,
2889 2008 3007 2053 cum
3039 2008 3131 2063 per
3155 1992 3455 2046 Armeniam

2373 2066 2594 2135 defectio
2618 2065 2930 2132 agitaretur.

1469 2244 1735 2298 Montacut.
1774 2249 1873 2315 (ep.
1903 2254 1981 2312 28,
2003 2266 2055 2314 p.
2077 2251 2181 2315 87).

298 2321 717 2393 Ἀπηλγημένας
762 2324 939 2388 λύπας
967 2325 1222 2398 ἀριθμεῖς
1266 2330 1360 2385 ἐπὶ
1390 2337 1455 2405 τῇ
1492 2340 1633 2407 φορᾷ
1673 2340 1774 2395 τῶι

212 2411 510 2481 παρόντων
536 2413 741 2480 κακῶν,
775 2414 960 2487 ὥσπερ
991 2417 1132 2470 ἑκὼν
1176 2420 1274 2483 τὰς
1303 2423 1583 2493 αἰσθήσεις
1611 2426 1781 2496 μύων,

212 2504 308 2555 καὶ
338 2504 437 2555 ούκ
468 2504 666 2557 ἐθέλων
710 2507 862 2577 ὀρᾷν.
911 2508 1122 2561 Σείεται
1156 2510 1341 2579 σχεδὸν
1373 2514 1405 2583 ή
1449 2514 1600 2567 Ἀσία
1636 2519 1783 2570 πᾶσα

213 2594 464 2662 ἐμφυλίῳ
509 2596 729 2658 στάσει,
774 2599 866 2650 καὶ
909 2600 1094 2664 πόλεις
1147 2602 1436 2674 αὔτανδροι
1466 2607 1784 2680 ὑποϐρύχιοι

214 2685 477 2755 φέρονται
507 2688 583 2757 τῷ
610 2688 785 2759 κακῷ,
820 2692 848 2747 ὁ
866 2691 925 2744 δὲ
941 2692 969 2737 d
993 2693 1092 2760 τὴν
1114 2695 1287 2765 φορὰν
1309 2698 1514 2768 ταύτην
1544 2702 1785 2772 ἐπισχεῖν

215 2778 430 2841 ἐλπίδες
452 2774 609 2849 ἦσαν,
636 2781 733 2851 οὐχ
760 2783 841 2836 ὅτι
862 2784 1011 2841 οὐδὲν
1037 2786 1338 2856 ἐπικουρεῖ,
1369 2790 1502 2844 ἀλλὰ
1528 2793 1621 2845 καὶ
1650 2795 1782 2866 πρὸς

211 2870 275 2920 τὸ
306 2869 575 2939 βάραθρον
628 2875 901 2939 συνωθῶν,
942 2878 1001 2930 οὐ
1034 2879 1208 2949 μικρά
1232 2882 1332 2935 ἐπὶ
1361 2885 1533 2956 τούτῳ
1578 2890 1781 2955 φρονεῖ.

217 2962 282 3012 Οἱ
312 2961 422 3030 γὰρ
474 2964 868 3035 καθηγούμενοι
901 2968 993 3023 τοῦ
1042 2972 1293 3041 στρατοῦ,
1328 2975 1481 3028 αὐτοὶ
1510 2978 1651 3032 κατὰ
1679 2980 1785 3033 τῶν

213 3054 497 3123 δυσμενῶν
538 3057 608 3109 τὰ
653 3058 791 3111 ὅπλα
823 3061 1009 3131 φέρειν
1051 3064 1309 3132 μεθέντες
1340 3068 1445 3134 (ὲῶ
1482 3069 1539 3121 δὲ
1566 3070 1681 3135 νῦν,
1708 3072 1785 3136 ὡς

1962 2341 2224 2395 Maerores
2279 2335 2585 2394 insensatos
2654 2350 2943 2392 enumeras
2989 2332 3457 2406 impraesentium

1888 2434 2153 2487 malorum
2186 2431 2500 2492 diii‘usione,
2567 2430 2797 2499 perinde
2847 2444 2910 2484 ac
2941 2429 2986 2483 si
3025 2443 3218 2482 sensus
3266 2427 3459 2481 volun-

1889 2527 2024 2581 tarie
2057 2526 2387 2588 occluseras,
2435 2538 2615 2592 neque
2654 2523 2873 2575 animus
2919 2528 3065 2575 esset
3093 2519 3265 2574 oculis
3299 2534 3459 2571 usur-

1895 2634 2049 2689 pare.
2094 2616 2353 2671 Universa
2387 2631 2523 2684 pene
2568 2614 2695 2668 Asia
2736 2612 2992 2667 intestina
3040 2611 3348 2665 concutitur
3371 2625 3459 2663 se-

1897 2708 2136 2771 ditione;
2171 2707 2416 2761 civitates
2450 2722 2573 2759 cum
2606 2713 2715 2759 tota
2764 2703 3063 2758 incolarum
3111 2700 3460 2756 multitudine

1887 2800 2031 2854 malo
2061 2798 2306 2853 feruntur
2336 2798 2587 2859 involuti,
2620 2807 2677 2851 et
2719 2795 2966 2851 suﬂoeati
3005 2794 3184 2848 undis.
3215 2792 3321 2858 Qui
3346 2791 3460 2846 rui-

1887 2906 2012 2944 nam
2045 2890 2188 2945 hane
2236 2899 2497 2960 concepta
2545 2904 2641 2959 spe
2684 2887 3064 2941 suiiuleiturus
3112 2884 3458 2948 credebatur,

1882 2998 1992 3037 non
2023 2981 2187 3035 modo
2214 2982 2345 3035 nihil
2378 2982 2561 3036 auxilii
2607 2990 2845 3050 pnestat,
2886 2979 2981 3034 sed
3012 2979 3063 3031 in
3100 2975 3460 3046 prmcipitium

1893 3090 1982 3129 res
2028 3074 2300 3136 deturbat,
2358 3082 2519 3141 atque
2563 3088 2681 3126 eam
2721 3073 2791 3126 ob
2836 3087 2950 3126 rem
3006 3069 3240 3137 gloriose
3292 3066 3359 3122 de
3402 3080 3462 3119 se

218 3146 360 3199 κατὰ
398 3150 497 3216 τῆς
530 3150 665 3211 ιδίας
699 3153 937 3221 κεφαλῆς
984 3154 1077 3206 καὶ
1102 3156 1284 3227 ἀρχῆς
1312 3161 1780 3231 ἐπανετείναντο),

1892 3165 2083 3220 sentit.
2140 3164 2483 3217 Exercituum
2514 3164 2784 3226 ductores,
2817 3162 3021 3217 omisso
3072 3161 3124 3213 in
3159 3160 3343 3214 hostes
3368 3172 3463 3212 ca-

216 3238 333 3290 ἀλλ’
360 3238 452 3291 οὖν
486 3242 604 3292 κατ’
636 3242 876 3312 ἀλλήλων
905 3243 1092 3314 φέρειν
1119 3247 1179 3302 τὸ
1213 3252 1602 3321 στρατιωτικὸν
1625 3254 1784 3323 ἐϐαρ-

216 3330 495 3398 ϐάρωσαν,
527 3330 648 3384 οὔτε
677 3334 907 3405 θεσμοὺς
933 3337 1128 3406 θείους,
1161 3338 1286 3393 οὔτε
1328 3342 1698 3413 ἀνθρωπίνους
1726 3348 1785 3399 ἐν

218 3421 365 3493 λόγῳ
395 3424 768 3493 ποιησάμενοι.
819 3427 942 3491 Πῶς
977 3431 1077 3487 οῐει
1103 3430 1198 3500 τὴν
1224 3432 1377 3487 πόλιν
1411 3436 1504 3491 καὶ
1532 3436 1657 3499 τοὺς
1691 3435 1759 3505 βα

218 3514 386 3579 σιλεῖς
414 3515 628 3579 αὐτοὺς,
666 3520 713 3569 εί
736 3517 913 3588 βούλει
943 3520 999 3573 δὲ
1034 3523 1125 3583 ptati
1152 3524 1317 3591 ἡμᾶς,
1359 3524 1455 3578 ἐπὶ
1482 3526 1785 3603 τηλικούτῳ

218 3606 521 3662 διακεῖσθαι
570 3610 763 3683 πάθει;
793 3613 888 3673 “Ay
925 3612 981 3673 δὲ
1011 3614 1071 3666 τὸ
1100 3616 1276 3667 κοινὸν
1318 3616 1544 3693 λωφήσῃ
1591 3620 1782 3690 κακὸν,

216 3700 460 3772 λωφήσει
490 3703 567 3766 δὲ,
624 3703 819 3772 (τοῦτο
848 3704 956 3780 γάρ
987 3706 1048 3765 τὸ
1070 3707 1201 3760 εὐθὺ
1242 3709 1340 3777 τῆς
1368 3710 1524 3782 δίκης
1561 3713 1657 3769 καὶ
1697 3712 1787 3771 λέ-

219 3810 337 3860 γειν
375 3794 680 3859 ἀναπείθει,
719 3797 811 3850 καὶ
860 3799 1088 3865 ἐννοεῖν)
1137 3802 1415 3871 οἰχήσεται
1463 3804 1658 3863 καὶτὰ
1702 3806 1787 3863 ἐν·

220 3885 486 3955 οχλοῦντα
535 3888 748 3957 ἑκάστῳ
797 3891 889 3947 καὶ
936 3890 1040 3962 ἰδίᾳ
1085 3890 1322 3963 λυπηρὰ,
1350 3894 1457 3948 τῶν
1483 3895 1663 3966 νόμων
1695 3897 1788 3957 ἐπὶ

218 3978 319 4047 τὴν
368 3978 504 4030 ἰδίαν
534 3980 686 4049 ἰσχὺν
713 3980 1131 4050 ἀνενεγκόντων,
1162 3985 1257 4038 ita).
1296 3986 1405 4039 τῶν
1424 3987 1631 4042 ἀδικεῖν
1665 3988 1784 4044 ὲπι·

218 4068 566 4140 χειρούντων,
598 4072 629 4141 ἢ
666 4074 757 4125 καὶ
784 4075 1176 4144 ἀδικησάντων,
1214 4076 1313 4145 τὴν
1340 4076 1496 4147 δίκην
1527 4080 1788 4135 ἀπαιτου-

222 4163 420 4233 μένων.
454 4164 723 4235 Ἔρρωσθ.

836 4433 1058 4487 ΕΠΙΣΤ.
1103 4433 1175 4487 Z'.

432 4520 716 4589 ’Θεοδώρῳ
748 4525 1157 4595 μητροπολίτῃ
1200 4525 1571 4593 Λαοδικείας.

1815 4524 1863 4582 D

1891 3255 2278 3325 pessendorum
2317 3270 2594 3308 armorum
2618 3264 2739 3308 actu
2774 3256 2896 3321 (nec
2924 3252 3099 3306 refero
3126 3258 3464 3320 quantopere

1891 3344 1948 3405 in
1980 3344 2262 3413 proprium
2320 3344 2562 3413 ipsorum
2616 3352 2777 3412 caput
2832 3352 2886 3396 et
2933 3341 3218 3411 imperium
3271 3338 3459 3407 conju-

1888 3442 2034 3503 rent)
2069 3439 2126 3492 in
2177 3447 2350 3497 semet
2376 3446 2588 3503 mutuo,
2651 3437 3007 3499 barbarorum
3057 3451 3233 3500 more,
3284 3441 3458 3488 castra

1891 3542 2109 3591 movent
2136 3574 2151 3599 ,
2188 3532 2263 3585 nil
2291 3532 2437 3603 leges
2472 3530 2561 3585 Dei
2590 3530 2770 3593 veriti,
2808 3529 2884 3583 nil
2932 3528 3199 3584 humanos
3241 3524 3463 3583 reveriti

1888 3640 2091 3679 mores.
2142 3622 2427 3699 Quomodo
2490 3631 2668 3691 putas,
2727 3621 2876 3686 urbs,
2930 3619 3285 3693 imperatores
3329 3615 3460 3686 ipsi,

1886 3717 2051 3781 etiam
2087 3732 2205 3781 nos,
2239 3716 2281 3769 si
2330 3715 2484 3779 velis.
2517 3714 2781 3773 allicimnr
2812 3714 2914 3769 hac
2944 3720 3094 3771 tanta
3118 3708 3468 3767 calamitate?

1887 3806 2043 3871 Quod
2082 3806 2123 3859 si
2169 3818 2456 3865 commune
2504 3803 2609 3865 hoc
2656 3802 2899 3871 quiescat
2953 3800 3179 3859 malum.
3226 3797 3454 3857 omnino

1888 3908 2070 3957 autem
2106 3897 2459 3966 conquiescat
2509 3895 2606 3961 (ita
2653 3896 2800 3953 enim
2830 3902 2889 3954 ut
2921 3893 3204 3963 loquamur
3247 3904 3470 3961 persua-

1893 3992 1985 4051 det
2007 3991 2264 4061 iustitia),
2285 3991 2445 4049 simul
2468 3991 2629 4047 etiam
2655 3988 2951 4047 evanitura:
2969 3996 3116 4053 sunt,
3136 4001 3255 4057 quae
3276 4000 3468 4055 quem-

1903 4082 2037 4137 libet
2064 4083 2324 4153 privatim
2356 4090 2554 4153 urgent
2585 4081 2931 4139 calamitates
2962 4096 2976 4145 ;
3007 4088 3247 4135 veterem
3277 4077 3385 4131 vim
3416 4085 3471 4131 et

1893 4173 2127 4227 debitam
2158 4174 2480 4228 obtinebunt
2508 4175 2651 4245 leges
2677 4189 2690 4239 ;
2719 4172 2786 4231 de
2825 4172 2890 4227 iis
2929 4171 3017 4240 qui
3052 4169 3235 4238 iniusti
3267 4167 3468 4235 aliquid

1897 4274 2202 4333 patrarunt,
2232 4275 2286 4323 et
2317 4265 2521 4340 injuste
2549 4275 2764 4335 patrare
2792 4261 3121 4325 volentibus.
3146 4259 3468 4335 supplicium

1896 4365 2158 4410 sumetur.
2197 4356 2343 4410 Vale.

2500 4445 2714 4499 EPIST.
2757 4444 2868 4498 νη.

2207 4537 2465 4591 Theodoro
2497 4536 2837 4605 metropolitw
2869 4533 3157 4587 Laodiciam.

1482 4619 1746 4672 Montaeut.
1773 4628 1877 4688 (ep.
1908 4627 1987 4687 40,
2008 4641 2058 4690 p.
2082 4627 2190 4689 98).

290 4726 351 4777 Ei
415 4724 628 4778 στάδιόν
672 4728 817 4778 ἐστιν
866 4726 894 4777 ό
942 4724 1134 4795 παρὼν
1185 4725 1318 4795 βίος,
1368 4728 1616 4781 ἐπάθλων
1657 4730 1715 4784 δὲ
1749 4733 1782 4800 ή

216 4816 427 4868 ἐκεῖθεν
474 4816 715 4868 πολιτεία
738 4835 750 4847 ο
784 4817 857 4887 μὴ
894 4815 1139 4886 θαύμαζε
1166 4819 1214 4870 εί
1245 4818 1353 4870 τῶν
1381 4819 1605 4872 δικαίων
1638 4821 1785 4886 τινὲς

217 4908 453 4960 ἐνταῦθα
500 4908 895 4979 ταλαιπωρίαις
943 4910 1260 4976 παλαίουσι,
1315 4910 1451 4965 ἀλλὰ
1505 4911 1704 4982 μᾶλλον
1737 4913 1792 4965 εἴ

214 5017 361 5061 τινες
390 4999 499 5051 τῶν
545 4999 771 5067 ἀγώνων
816 5001 909 5053 καὶ
940 5001 1117 5055 ἄθλων
1146 5002 1239 5055 καὶ
1278 5002 1470 5069 καιρὸν
1499 5004 1594 5056 καὶ
1622 5004 1787 5057 τόπον

219 5092 521 5159 στεφάνων,
545 5092 758 5161 ἡμέραν
782 5094 874 5144 καὶ
892 5094 1250 5166 ἀναρρήσεως
1277 5095 1426 5166 βῆμα
1454 5094 1786 5165 νομίζουσιν.

850 5275 1070 5329 ΕΠΙΣΤ.
1104 5278 1183 5330 ιιι.

593 5368 846 5439 ἰγνατίῳ
895 5368 1205 5436 ἐπισκόπῳ
1236 5371 1466 5441 litigator.

1961 4734 2017 4790 Si
2079 4735 2315 4790 stadium
2388 4736 2495 4789 vita
2560 4750 2800 4804 praesens
2839 4730 3048 4787 'fuerit.
3095 4724 3465 4797 prtemiorum,

1892 4841 2012 4893 qua:
2042 4835 2269 4879 ventura
2317 4834 2422 4889 est,
2451 4824 2635 4894 politia
2666 4824 2789 4877 erit.
2829 4821 2944 4875 Noli
2980 4817 3163 4872 mirari
3196 4816 3241 4870 si
3285 4814 3436 4884 justo
3463 4844 3467 4848 ~

1891 4934 2013 4973 rum
2064 4918 2227 4988 aliqui
2262 4934 2385 4972 cum
2432 4917 2667 4972 miseriis
2714 4915 2807 4967 hic
2858 4910 3250 4963 colluctentur:
3298 4902 3468 4974 magis

1899 5017 2081 5063 autem
2114 5009 2304 5072 multo,
2338 5008 2381 5063 si
2409 5008 2499 5070 qui
2534 5015 2722 5060 rentur
2768 5002 2908 5056 idem
2940 5012 3059 5052 esse
3096 5004 3310 5064 tempus
3346 5007 3468 5047 cer-

1893 5098 2156 5152 taminum
2188 5108 2241 5152 et
2263 5099 2443 5152 locum
2463 5109 2811 5154 coronarum,
2843 5090 2989 5144 diem
3019 5080 3471 5141 manifestationis

1892 5198 1947 5242 et
1972 5187 2161 5258 iudicii
2190 5187 2449 5243 tribunal.

2499 5272 2717 5329 EPIST.
2759 5269 2874 5326 Vill

2248 5368 2461 5438 lgnatio
2513 5365 2805 5435 Lopaorum
2860 5362 3119 5437 episeopo.

1450 5463 1724 5521 Montacut.
1754 5468 1854 5526 (ep.
1886 5463 1967 5529 69,
2000 5477 2050 5531 p.
2090 5462 2222 5523 120).

290 5545 586 5614 Δυσφορείς
624 5545 718 5603 καὶ
757 5544 974 5618 θρηνεῖς
1016 5547 1109 5601 καὶ
1146 5547 1216 5603 τὰ
1247 5546 1361 5605 ἄνω
1416 5548 1565 5605 κάτω
1594 5549 1788 5614 ποιεῖς,

218 5636 303 5693 ὅτι
359 5654 417 5690 σε
469 5636 677 5711 ταχέως
732 5638 904 5702 οὓτως
959 5639 1051 5697 καὶ
1102 5638 1358 5709 ἀφειδῶς,
1410 5639 1484 5704 ὡς
1519 5639 1783 5708 νομίζεις,

1971 5546 2106 5609 Male
2140 5557 2190 5603 te
2218 5543 2402 5609 habet.
2435 5540 2708 5611 deploras.
2759 5555 2975 5601 sursum
3003 5538 3255 5593 deorsum
3281 5529 3465 5583 omnia

1894 5642 2114 5706 misces.
2143 5638 2285 5710 quod
2322 5646 2374 5693 te
2419 5614 2525 5695 tam
2561 5634 2695 5697 cito,
2727 5645 2779 5697 ct
2823 5643 2929 5693 tam
2984 5630 3337 5695 vehementer
3384 5622 3468 5694 (ut

1522 5747 1753 5813 VARIA‘I
1816 5746 2220 5815 LECTIONES.

282 5840 309 5883 Il
357 5841 441 5896 i'c.
482 5834 605 5894 ὧδε.
