4004 6428
584 388 688 452 827

1734 406 1999 470 ΡΗΟΤῙΙ
2038 412 2534 479 PATBIABCHIE
2573 422 2679 484 (ΣΡ.

3731 431 3831 494 8%

582 505 745 576 reris)
777 505 899 563 sine
929 521 1185 582 respectu
1209 515 1532 573 taxaverim.
1572 515 1683 590 Ego
1724 528 1778 575 te
1831 537 1942 576 non
1975 522 2146 579 minus

2259 527 2591 601 ἔπλήξαμεν.
2639 532 2780 604 Ἐγὼ
2806 533 2863 589 δὲ
2896 535 3051 591 οὐδὲν
3080 537 3320 607 ἔλαττον,
3351 539 3435 593 ὅτι
3461 540 3697 595 σεαυτὸν
3724 558 3831 595 τοι·

584 598 800 664 incuso,
838 602 930 672 qui
980 613 1034 659 te
1073 605 1298 674 dignum
1329 608 1542 666 dederis
1588 611 1739 668 hisce
1781 615 2165 684 reprehensio-

582 690 769 757 nibus,
801 702 856 748 et
906 710 1003 749 uos
1044 696 1290 769 adegeris
1317 709 1379 755 ut
1407 701 1474 756 ad
1524 702 1627 758 ista
1681 703 1930 773 dicenda,
1963 716 2161 778 praeter

580 785 1061 852 consuetudinem,
1125 790 1533 849 accederemus.
1597 795 1653 850 Si
1720 806 1900 853 autem
1964 815 2158 856 revera

580 888 876 942 percussus
904 876 1098 943 fueris,
1125 887 1180 934 et
1212 881 1541 950 profundius
1569 889 1939 955 penetraverit
1962 905 2155 961 repre-

578 963 904 1020 hensionum
940 969 1144 1038 cuspis,
1188 979 1303 1026 tute
1335 974 1636 1033 declarabis
1665 1020 1679 1043 ,
1717 978 1846 1033 dum
1878 980 1964 1035 illa
1998 998 2157 1039 aver-

579 1056 737 1122 seris,
768 1072 889 1127 quae
922 1059 1088 1114 telum
1125 1062 1229 1119 hoc
1274 1080 1304 1119 a
1351 1066 1510 1122 nobis
1540 1078 1902 1127 extorserunt.
1939 1073 2015 1128 Ita
2041 1076 2161 1146 pla-

576 1165 696 1217 gam
756 1152 849 1207 tibi
899 1153 1186 1227 ingestam,
1224 1176 1319 1229 per
1374 1163 1466 1218 Dei
1515 1165 1942 1223 misericordiam
1974 1212 1988 1235 ,
2044 1187 2154 1226 non

574 1242 737 1299 modo
768 1252 1106 1310 persanaturi
1138 1269 1326 1309 sumus
1357 1296 1371 1319 ,
1405 1256 1501 1311 sed
1529 1258 1789 1331 deinceps
1815 1268 1866 1316 te
1899 1271 1958 1317 ut
1983 1279 2159 1319 mem-

572 1337 737 1395 brum
767 1345 937 1398 nostri
969 1348 1213 1418 corporis
1240 1351 1671 1410 confovebimus.

1177 1440 1396 1515 ξηηετκ
1464 1442 1556 1500 lx.

893 1526 1155 1584 Theodoro
1193 1534 1533 1603 melropolitw
1562 1534 1859 1594 Laodicew.

2263 619 2436 674 ούτων
2464 621 2613 688 ἀξιον
2650 624 3091 696 παρεσκεύασας,
3124 628 3219 681 καὶ
3256 630 3404 699 ἡμᾶς
3441 629 3640 697 ἐλθεῖν,
3685 629 3833 702 παρά

2259 711 2323 765 τὸ
2358 713 2622 786 ἡμέτερον
2646 711 2797 788 ἦθος,
2829 720 2911 783 είς
2946 719 3073 781 τοὺς
3102 722 3229 792 περὶ
3264 722 3323 775 σὲ
3358 722 3549 791 λόγους
3586 722 3833 792 ἠνάγκα-

2262 820 2382 867 σας.
2415 806 2477 859 Εί
2510 806 2557 859 δ’
2581 806 2807 879 ἀληθῶς
2829 809 3096 880 ἐπλήγης,
3122 812 3212 865 καὶ
3242 812 3405 883 μέχρι
3439 811 3651 883 βάθους
3669 813 3705 883 ἠ
3728 812 3833 866 τῶν

2260 895 2498 968 ἐλέγχων
2547 899 2698 970 ἀκμὴ
2742 898 2997 969 ἔφθασεν,
3033 901 3226 966 δείξεις
3250 904 3431 956 ἐκεῖνα
3461 902 3676 971 φυγὼν,
3704 902 3772 955 δι’
3798 902 3833 957 ἀ

2262 991 2323 1044 τὸ
2353 991 2503 1062 βέλος
2531 993 2857 1065 ἀφήκαμεν·
2903 994 2997 1046 καὶ
3031 992 3124 1047 σοῦ
3154 995 3254 1065 τὴν
3299 994 3514 1067 πληγὴν
3539 998 3641 1050 σὺν
3674 996 3830 1065 εὐμέ-

2261 1083 2382 1155 νείᾳ
2426 1084 2561 1138 Θεοῦ
2590 1086 2649 1138 οὐ
2685 1086 2845 1157 μόνον
2875 1085 3221 1158 ὲξιασόμεθα,
3271 1088 3407 1142 ἀλλά
3438 1088 3532 1142 καὶ
3552 1089 3615 1141 τὸ
3652 1088 3831 1141 λοιπὸν

2260 1175 2335 1240 ὡς
2366 1175 2562 1246 μέλους
2590 1177 3069 1250 ἁντιποιησὸμεθα.

2881 1442 3107 1498 ΕΠΙΣΤ.
3146 1442 3222 1496 Θθ.

2471 1531 2745 1603 Θεοδώρῳ
2775 1536 3183 1605 μητροπολίτῃ
3224 1534 3593 1601 Λαοδικείας.

1830 1658 2097 1711 Montacut.
2128 1661 2231 1725 (ep.
2258 1659 2338 1721 70,
2357 1672 2407 1721 p.
2431 1656 2565 1719 120).

645 1746 872 1803 Occasio
899 1766 1064 1817 nunc,
1098 1768 1130 1807 ο
1155 1752 1351 1821 amice,
1383 1756 1631 1824 offertur,
1661 1760 1705 1814 si
1744 1761 1860 1832 ipse
1878 1763 2137 1829 volueris,

2310 1762 2424 1817 Νῦν
2454 1760 2666 1831 καιρὸς,
2698 1752 2743 1813 ὧ
2772 1758 2913 1828 φίλε,
2942 1758 2991 1809 εί
3022 1756 3204 1827 βούλει
3236 1756 3319 1821 δὲ,
3341 1756 3438 1809 καὶ
3464 1756 3665 1809 τέκνον
3698 1757 3824 1827 ἡμέ-

462 1868 469 1879 ~
569 1848 621 1892 et
652 1848 841 1895 noster
862 1839 1005 1895 ﬁlius
1028 1843 1277 1910 exsistas,
1297 1846 1383 1900 vel
1410 1846 1633 1904 minime
1647 1851 1999 1908 reformidare
2016 1871 2155 1909 mor-

572 1933 765 1986 talium
804 1934 1002 1999 minas,
1032 1935 1160 1991 dum
1212 1937 1499 1997 immotum
1540 1952 1592 1998 te
1632 1954 1855 2014 praestes
1901 1948 2152 2003 veritatis

570 2022 855 2089 athletam,
888 2023 1092 2080 illustre
1138 2026 1362 2084 laudum
1400 2036 1730 2102 praeconium
1757 2036 1825 2091 de
1854 2038 1991 2093 cmlo
2015 2054 2149 2094 con-

571 2113 746 2181 sequi,
774 2126 828 2168 et
856 2114 1119 2170 victorem
1144 2118 1345 2175 ibidem
1369 2121 1635 2178 declarari
1663 2144 1677 2179 :
1711 2126 1795 2180 vel
1824 2126 1954 2181 dum
2000 2129 2146 2183 veri-

572 2210 740 2258 tatem
792 2206 999 2275 prodis,
1048 2216 1105 2262 et
1159 2210 1405 2279 proditor
1444 2216 1708 2281 censeris,
1752 2219 2042 2288 temporali
2082 2229 2138 2276 et

574 2296 740 2353 ﬂuida
777 2299 1051 2371 voluptate
1075 2310 1131 2358 et
1154 2302 1323 2374 gloria
1346 2305 1475 2363 frui.

1200 2395 1421 2453 EPIST.
1452 2398 1519 2453 Χ.

1251 2492 1459 2547 Eidem.

2259 1874 2435 1927 τερον,
2465 1856 2499 1926 ἦ
2530 1854 2628 1918 τὰς
2652 1852 2712 1918 ἐξ
2731 1850 3037 1923 ἀνθρώπων
3070 1850 3299 1912 ἀπειλὰς
3325 1850 3387 1904 οὐ
3416 1849 3650 1913 δεδιότα,
3681 1854 3827 1919 στερ-

2259 1950 2351 2021 pay
2381 1948 2615 2019 ὀφθῆναι
2652 1947 2749 2017 τῆς
2779 1944 3037 2016 ἀληθείας
3071 1942 3412 2014 ὑπέρμαχον,
3444 1942 3540 1995 καὶ
3568 1941 3825 2012 λαμπρᾶς

2254 2046 2438 2115 τυχεῖν
2484 2042 2586 2113 τῆς
2640 2039 2850 2094 ἐκεῖθεν
2887 2037 3165 2109 εὐφημίας
3211 2037 3306 2091 καὶ
3362 2036 3822 2108 ἀναρρήσεωςοῆ

2254 2133 2575 2205 προσκαίρῳ
2605 2132 2702 2186 καὶ
2737 2130 2936 2203 ῥεούσῃ
2963 2130 3125 2201 ἡδονῇ
3158 2129 3253 2183 καὶ
3280 2128 3410 2201 δόξῃ
3438 2128 3711 2199 προδότην
3730 2125 3823 2196 τῆς

2249 2226 2422 2281 ἀϊδίου
2453 2226 2549 2281 καὶ
2574 2218 2715 2278 εἶναι
2741 2224 2835 2276 καὶ
2860 2220 3247 2293 ὀνομάζεσθαι.

2864 2406 3090 2461 ΕΠΙΣΤ.
3142 2408 3198 2462 l'.

2887 2497 2973 2564 Τῷ
3009 2496 3190 2563 αὐτῷ.

1818 2592 2083 2644 Montacut.
2111 2593 2214 2657 (ep.
2240 2596 2320 2657 7|,
2343 2610 2392 2659 p.
2425 2595 2557 2657 120).

640 2684 698 2740 Si
758 2685 883 2743 ﬁnis
942 2689 1206 2763 doctrina:
1255 2700 1309 2748 et
1367 2692 1740 2751 institutionis
1803 2696 1875 2752 sit
1938 2699 2147 2768 pudore

568 2779 815 2848 suipsius
838 2783 1031 2849 teneri,
1051 2792 1307 2840 extrema:
1328 2784 1493 2842 fuerit
1518 2787 1898 2844 ineruditionis
1923 2806 2148 2847 necesse

567 2879 675 2936 est,
709 2872 860 2929 nullo
905 2874 1135 2930 aliorum
1193 2878 1399 2947 pudore
1458 2880 1687 2937 moveri.
1724 2881 1795 2936 At
1833 2882 2049 2953 gloriari
2077 2882 2146 2938 de

568 2962 635 3016 iis
664 2979 785 3033 qua:
828 2966 1147 3023 occultanda
1177 2970 1355 3040 potius
1383 2970 1618 3036 fuerant,
1651 2972 1912 3029 terminos
1940 2973 2152 3030 excedit

571 3056 822 3112 humanae
855 3058 1243 3130 improbitatis.

1166 3153 1385 3210 EPIST.
1440 3154 1535 3209 XI.

861 3243 1122 3301 Theodoro
1161 3249 1505 3317 metropolin
1536 3247 1830 3304 Laodiceae.

2320 2704 2383 2756 Ei
2416 2703 2567 2766 τέλος
2605 2701 2852 2765 παιδείας
2874 2701 2937 2754 τὸ
2970 2699 3163 2754 ἑαυτὸν
3188 2697 3564 2770 αίσχύνεσθαι,
3590 2697 3819 2770 ἐσχάτης

2249 2794 2604 2859 ἀπαιδευσίας
2645 2794 2706 2848 τὸ
2760 2794 2897 2865 μηδὲ
2936 2793 3064 2856 τοὺς
3107 2791 3306 2856 ἀλλους
3332 2790 3730 2863 αἰσχύνεσθαιο
3762 2791 3822 2843 τὸ

2249 2888 2305 2941 δὲ
2336 2886 2428 2941 καὶ
2459 2888 2543 2957 ἐφ’
2586 2880 2667 2949 οἷς
2711 2884 3154 2955 ὲγκαλύπτεσθαι
3196 2886 3474 2957 προσῆκεν
3497 2926 3513 2948 ,
3539 2881 3821 2951 ἐγκαλλω-

2251 2977 2527 3043 πίζεσθαι,
2555 2976 2847 3049 ὑπερόριον
2870 2977 2967 3031 καὶ
2993 2976 3093 3047 τῆς
3121 2974 3469 3047 ἀνθρωπίνης
3493 2973 3721 3035 κακίας.

2843 3153 3066 3208 ΕΠΙΣΤ.
3121 3151 3227 3207 IA'.

2470 3245 2745 3316 Θεοδώρῳ
2777 3245 3191 3317 μητροπολίτῃ
3231 3244 3607 3310 Λαοδικείας.

1820 3364 2084 3416 Montacut.
2112 3367 2215 3430 (ep.
2236 3366 2314 3429 87,
2336 3382 2386 3430 p.
2420 3366 2551 3430 I32).

636 3465 769 3533 Quae
800 3466 869 3523 de
922 3478 975 3525 te
1011 3469 1175 3526 fando
1204 3470 1531 3542 accepimus,
1557 3471 1603 3528 si
1623 3488 1749 3528 vera
1773 3483 1931 3543 sunt,
1955 3472 2139 3528 tardor

567 3558 808 3628 quidem,
846 3569 903 3615 et
945 3560 1035 3615 vix
1071 3571 1127 3616 tu
1153 3562 1327 3632 qualis
1363 3562 1459 3627 sis,
1508 3562 1792 3629 intellexi;
1836 3562 1921 3619 sin
1973 3562 2130 3629 falsa,

566 3650 691 3720 quis
721 3651 905 3709 fueras
948 3653 1017 3709 ab
1065 3652 1224 3708 initio
1265 3654 1515 3726 cognovi.
1589 3655 1646 3710 In
1691 3663 1957 3725 quantum
2010 3670 2141 3727 ergo

565 3741 741 3797 virum
772 3744 929 3800 decet
960 3760 1081 3800 esse
1102 3745 1307 3801 bonum
1347 3756 1402 3802 et
1433 3747 1746 3810 honestum,
1787 3762 1897 3802 non
1940 3749 2140 3803 malum

564 3845 621 3890 et
651 3836 1056 3909 improbum,et
1076 3855 1163 3895 me
1191 3841 1449 3911 gaudere,
1489 3857 1599 3895 non
1633 3856 1772 3912 argre
1794 3842 1959 3908 ferre,
1994 3841 2139 3911 quod

566 3939 619 3985 te
652 3931 889 3986 amicum
942 3932 1077 3987 mihi
1118 3934 1443 4001 conciliavi;
1472 3934 1527 3989 in
1560 3944 1770 3989 tantum
1823 3944 1875 3989 te
1926 3944 2142 4004 oportet

563 4022 769 4078 evitare
786 4024 896 4090 illa,
917 4040 1038 4094 quae
1060 4042 1246 4081 rumor
1262 4038 1346 4082 est
1372 4035 1425 4082 te
1448 4039 1793 4099 perpetrare;
1818 4037 1937 4082 esto
1958 4037 2141 4082 autem

564 4115 745 4171 omnis
776 4116 892 4172 haec
925 4116 1088 4183 fama,
1113 4133 1327 4188 precor,
1360 4120 1590 4175 veritate
1615 4120 1898 4175 destituta.

1161 4210 1381 4265 EPIST.
1422 4211 1535 4266 LII.

755 4296 1038 4370 Eulampio
1077 4302 1465 4374 archiepiscopo
1497 4315 1546 4358 et
1580 4302 1962 4375 scequhylaci.

2316 3473 2494 3542 Ἀπερ
2523 3469 2793 3541 ἀκούομεν
2819 3469 2949 3541 περὶ
2979 3468 3096 3535 σοῦ,
3126 3468 3176 3521 εί
3202 3467 3300 3535 μὲν
3323 3466 3495 3538 ἀληθῆ
3524 3467 3691 3531 είσιν,
3722 3466 3823 3537 ὀψὲ

2244 3566 2340 3620 καὶ
2366 3565 2518 3635 μόλις
2540 3563 2882 3634 γινώσκομεν
2905 3563 3056 3626 ὅστις
3085 3557 3162 3615 εἶ’
3188 3562 3237 3615 εί
3257 3561 3313 3614 δὲ
3338 3561 3525 3631 ψευδῆ,
3561 3561 3829 3632 ἀπαρχῆς

2244 3656 2489 3725 ἔγνωμεν
2517 3656 2625 3725 ἄρα
2664 3654 2813 3716 ὅστις
2845 3648 2915 3707 εί.
2949 3654 3101 3724 Ὀσῳ
3139 3646 3233 3706 οὖν
3259 3652 3502 3721 διαφέρει
3531 3651 3699 3705 καλὸν
3725 3651 3829 3702 καὶ

2246 3746 2447 3817 ἀγαθὸν
2498 3742 2636 3800 εἶναι
2691 3745 2784 3799 τοῦ
2833 3745 3035 3815 φαῦλον
3073 3746 3165 3799 καὶ
3206 3745 3475 3816 μοχθηρὸν
3523 3743 3780 3811 γίνεσθαι
3807 3761 3825 3777 θ

2246 3838 2390 3908 κάμὲ
2432 3837 2645 3908 χαίρειν
2696 3836 2818 3889 ἀντὶ
2868 3835 2960 3889 τοῦ
3012 3837 3321 3907 δυσφορεῖν,
3365 3836 3449 3905 ἐφ’
3490 3827 3529 3902 ᾦ
3563 3850 3622 3885 σε
3653 3833 3828 3902 φίλον

2236 3928 2597 3999 ἐποιησάμην,
2622 3928 2875 3981 τοσοῦτον
2899 3928 2980 3981 δεῖ
3003 3944 3061 3981 σε
3089 3929 3282 3995 φυγεῖν
3308 3927 3343 3980 ἀ
3368 3927 3427 3979 σέ
3452 3926 3575 3995 φασί
3602 3927 3824 3979 ποιεῖν’

2238 4020 2325 4090 εἴη
2382 4019 2474 4087 δὲ,
2531 4021 2749 4073 πάντων
2801 4019 3003 4084 ἕνεκα,
3049 4019 3151 4091 τῆς
3208 4018 3467 4090 ἀληθείας
3519 4018 3741 4088 ἣρεμος
3792 4018 3829 4088 ἡ

2238 4115 2419 4185 φήμη-

2837 4203 3063 4257 ΕΠῙΣΤ.
3116 4202 3219 4257 ῐΒ’.

2308 4296 2635 4366 Εὐλαμπίῳ
2665 4295 3114 4365 ἁρχιεπισκόπῳ
3151 4295 3245 4348 καὶ
3280 4294 3730 4362 σκευοφύλακι.

1792 4419 2059 4469 Montacut.
2094 4417 2197 4483 (ep.
2228 4414 2309 4477 95,
2340 4429 2391 4477 p.
2428 4414 2560 4474 155).

633 4518 749 4575 Νοη
786 4534 1018 4593 possunt
1051 4525 1289 4581 tenebrae
1323 4540 1429 4579 una
1462 4540 1583 4581 cum
1620 4525 1742 4581 luce
1782 4525 1994 4593 adesse,
2018 4508 2146 4581 odit'

2310 4520 2424 4574 Οὐκ
2451 4518 2625 4572 ἐθέλει
2668 4517 2747 4589 τῷ
2787 4518 2927 4587 φωτὶ
2958 4517 3331 4587 συμπαρεῖναι
3359 4516 3421 4569 τὸ
3464 4518 3664 4583 σκότος
3685 4535 3704 4550 ο
3740 4538 3838 4589 μι-

563 4610 709 4665 cnim
767 4615 970 4669 veritas
1026 4630 1375 4685 congressum
1408 4616 1698 4671 mendacii.
1732 4615 1863 4670 Post
1908 4625 2061 4670 tuum
2109 4630 2141 4669 a

563 4703 720 4759 nobis
750 4703 1073 4771 discessum,
1107 4706 1199 4776 qui
1224 4706 1436 4761 titulum
1460 4707 1724 4761 mentitur
1740 4706 1894 4761 aﬂuit
1923 4706 2141 4761 Emma-

563 4795 712 4862 nuel,
759 4796 850 4867 qui
887 4812 949 4851 ea
1005 4798 1163 4853 nobis
1194 4799 1564 4855 manifestavit
1596 4815 1717 4869 qua:
1751 4815 1850 4869 par
1901 4808 1957 4853 et
2008 4812 2138 4868 pro-

564 4889 743 4945 bubile
783 4890 884 4946 fuit
922 4902 1169 4947 acturum
1216 4893 1389 4959 illum,
1445 4903 1497 4949 et
1545 4908 1668 4964 qua:
1737 4908 1920 4948 mores
1956 4892 2132 4963 ipsius

564 4982 851 5038 decebant.

1139 5086 1352 5144 EPIST.
1414 5086 1555 5141 XIII.

866 5178 1093 5235 Antonio
1121 5178 1381 5248 Bosphori
1429 5180 1838 5248 archiepiscopo.

2245 4616 2329 4666 σεῖ
2350 4611 2407 4665 δὲ
2434 4612 2531 4664 καὶ
2556 4609 2656 4682 τὴν
2685 4609 2904 4663 σύνοδον
2930 4608 3027 4663 τοῦ
3056 4609 3287 4680 ψεύδους
3312 4610 3346 4680 ἡ
3379 4609 3632 4681 ἀλήθεια.
3668 4611 3840 4666 Μετά

2240 4704 2339 4775 τὴν
2378 4703 2478 4773 σὴν
2502 4704 2593 4771 ἀφ’
2622 4701 2780 4773 ἡμῶν
2813 4700 3184 4771 ἀναχώρησιν,
3213 4702 3243 4753 ὁ
3274 4699 3374 4770 τὴν
3411 4699 3604 4770 κλῆσιν
3626 4701 3841 4769 ψευδό-

2246 4812 2404 4867 μενος
2434 4795 2731 4864 ἐφέστηκεν
2772 4791 3143 4861 Ἐμμανουήλ,
3169 4784 3260 4845 οἷα
3282 4791 3428 4855 εἰκὸς
3456 4788 3523 4863 ἦν
3557 4793 3841 4863 πράττειν

2244 4888 2408 4942 αὑτὸν
2449 4889 2543 4941 καὶ
2594 4888 2703 4940 τῶν
2746 4886 2964 4940 οἰκείων
3006 4885 3227 4955 τρόπων
3278 4884 3476 4951 ἀξίως,
3512 4885 3846 4941 ἐπιδεικνύο

2249 4994 2427 5049 μενος.

2848 5083 3074 5139 ΕΠΙΣΤ.
3112 5086 3213 5139 Il".

2471 5174 2753 5241 Ἀντωνίῳ
2783 5176 3233 5246 ἀρχιεπισκόπῳ
3262 5176 3605 5247 Βοσφόρου.

1795 5295 2069 5347 Montacut.
2104 5296 2209 5358 (ep.
2239 5290 2320 5352 96,
2344 5304 2394 5353 p.
2426 5288 2557 5353 156).

637 5396 776 5452 Olim
798 5406 917 5453 erat
939 5398 1150 5453 Axinus
1174 5397 1462 5469 Scythicus
1485 5405 1704 5468 pontus.
1737 5395 1872 5450 Nam
1903 5397 2142 5452 advenas

564 5487 857 5554 intrantes,
881 5488 1027 5558 quod
1057 5486 1222 5542 fando
1248 5485 1529 5551 horribile,
1558 5486 1917 5541 devorabant.
1949 5486 2141 5541 Milesii

568 5596 698 5636 vero
728 5581 784 5636 in
812 5580 1084 5635 Euxinum
1109 5578 1564 5634 translormarant
1597 5594 1695 5649 per
1745 5577 2055 5633 comitatem
2087 5588 2142 5634 et

566 5672 887 5731 civilitatem
953 5672 1344 5739 introductam,
1410 5672 1651 5729 cicurata
1728 5673 2009 5730 barbarica
2089 5682 2145 5730 et

562 5763 1289 5823 bestialiconsuetudineJn
1312 5767 1566 5837 praesenti
1611 5783 1708 5837 per
1743 5776 1795 5823 te
1824 5776 2016 5823 ettuos
2044 5782 2144 5838 pro

568 5854 770 5913 virtute
814 5865 1096 5927 susceptos
1132 5858 1347 5916 labores
1415 5869 1470 5916 et
1506 5860 1804 5917 certamina
1861 5871 1917 5916 et
1963 5859 2145 5916 multi-

2316 5392 2426 5450 Ἦν
2466 5413 2599 5450 ποτε
2633 5396 2879 5462 Ἀξεινος
2923 5397 2952 5449 ὀ
2987 5394 3255 5461 Σκυθικὺς
3292 5397 3506 5459 πόντος.
3555 5394 3861 5451 Ἐποιεῖτο

2248 5488 2355 5560 γὰρ
2402 5487 2589 5560 βορὰν,
2623 5487 2851 5559 φρικτὸν
2900 5486 3169 5553 ἀκοῦσαι,
3203 5488 3297 5541 καὶ
3325 5488 3457 5551 τοὺς
3488 5486 3862 5559 ἐμπλέοντας

2247 5582 2356 5637 τῶν
2388 5580 2574 5647 ξένων.
2608 5580 2865 5652 Μιλήσιοι
2891 5581 2948 5634 δὲ
2972 5578 3353 5652 φιλανθρωπίᾳ
3384 5580 3481 5633 καὶ
3508 5580 3724 5651 ἡμέρῳ
3754 5599 3867 5636 πο-

2249 5674 2444 5746 λιτείᾳ,
2490 5675 2552 5727 τὸ
2602 5692 2663 5728 τε
2713 5675 2979 5746 θηριῶδες
3008 5674 3104 5730 καὶ
3152 5672 3425 5745 βάρϐαρον
3466 5672 3867 5745 ὲξημέρωσαν

2249 5764 2397 5839 ἦθος,
2434 5765 2527 5819 καὶ
2576 5767 2656 5830 εἰς
2700 5766 2952 5833 Εὔξεινον
2995 5767 3159 5823 αὑτὸν
3194 5765 3581 5839 μετεποίησαν.
3612 5766 3757 5823 Νῦν
3800 5769 3867 5823 δὲ

2250 5858 2338 5913 διὰ
2376 5857 2507 5925 σοῦ,
2557 5860 2808 5925 καὶτοὺς
2858 5861 2984 5924 σοὺς
3031 5858 3173 5931 ὑπὲρ
3218 5858 3423 5930 ἀρετῆς
3472 5858 3707 5927 ἀγῶνας
3755 5864 3869 5916 καί
