4004 6442
259 458 365 525 829

1410 454 1947 517 EPISTOLARUM
1986 454 2221 515 LIBER
2265 455 2347 515 ΙΙ.

3398 463 3507 529 830

259 576 460 637 πόνους
488 574 584 627 καὶ
629 573 727 644 τὴν
755 572 924 644 ἄλλην
952 574 1083 646 περὶ
1110 574 1171 628 τὸ
1199 573 1354 628 Θεῖον
1384 573 1699 644 θεραπείαν,
1730 573 1829 626 οὐκ

1936 572 2126 643 plicem
2158 571 2405 629 Numinis
2439 572 2665 637 cultum,
2694 588 2803 628 non
2835 573 3082 629 Euxinus
3112 576 3208 631 sed
3248 586 3303 633 et
3330 579 3506 638 Euse-

262 665 517 732 Εὔξεινος
553 666 733 735 μόνον,
784 665 920 719 ἀλλὰ
949 668 1044 721 καὶ
1074 666 1346 738 Εὐσεϐὴς,
1381 666 1518 737 μετά
1547 665 1641 719 τοῦ
1670 660 1829 729 εἶναι,

260 760 361 813 καὶ
384 757 709 830 ὀνομάζεται
732 758 776 813 ί.
799 759 977 830 Πόσης
1000 758 1102 812 οίει
1121 776 1208 831 με,
1236 758 1409 813 ταῦτα
1432 758 1525 812 καὶ
1549 757 1833 812 ἐννοῦοντα

260 852 357 902 καὶ
385 852 688 921 γράφοντα,
739 852 911 921 χαρᾶς
943 850 1038 903 καὶ
1076 848 1413 920 εὐφροσύνης
1459 846 1830 920 πληροῦσθαι;

259 942 324 995 Εἰ
354 943 411 996 δὲ
444 942 693 1005 καὶτοὺς
740 942 927 996 αὐτόθι
982 942 1285 1007 Ἰουδαίους,
1329 942 1409 1005 είς
1440 941 1541 1010 τὴν
1584 940 1832 1011 ὑπακοὴν

256 1033 498 1103 Χριστοῦ
526 1032 957 1103 αἰχμαλωτίσας,
982 1033 1090 1088 ἀπὸ
1111 1033 1213 1104 τῆς
1238 1034 1395 1098 σκιᾶς
1417 1032 1626 1087 καὶτοῦ
1656 1031 1833 1103 γράμ-

258 1142 456 1195 ματος,
486 1124 579 1178 ἐπὶ
616 1124 717 1196 τὴν
765 1125 946 1196 χάριν,
982 1125 1057 1188 ὡς
1086 1124 1352 1197 ἔγραψας,
1399 1125 1759 1197 μεταστήσεις
1780 1126 1825 1190 ⁸,

255 1215 474 1288 ἀπέχω,
530 1216 628 1270 καὶ
678 1215 988 1288 περισσεύω
1046 1215 1155 1270 τῶν
1211 1216 1393 1270 καλῶν
1437 1215 1669 1269 ἐλπίδων
1702 1214 1828 1278 τοὺς

255 1307 497 1379 ὡραίους
521 1308 789 1380 καρποὺς,
816 1307 882 1371 ἀς
906 1308 999 1362 ἐπὶ
1029 1308 1112 1362 σοὶ
1132 1307 1421 1373 διαπαντὸς
1456 1309 1703 1380 ἔτρεφον.

857 1424 1081 1478 ΕΠΙΣΤ.
1130 1422 1228 1479 ΙΔ’.

468 1514 734 1583 Ζαχαρίᾳ
758 1513 1166 1585 μητροπολίτῃ
1205 1511 1610 1582 Χαλκηδόνος.

1931 665 2046 729 bes,
2077 678 2200 718 cum
2228 664 2351 719 talis
2380 664 2628 731 exsistat,
2652 666 2987 722 nominatur.
3017 665 3231 733 Quanto
3256 686 3343 725 me
3372 689 3505 743 gau-

1932 750 2043 817 dio,
2078 765 2184 820 qua
2216 750 2575 820 iucunditate,
2608 753 2736 808 dum
2780 753 2882 809 hoc
2905 755 3082 825 ipsum
3118 757 3297 813 scribo
3324 762 3504 831 reple-

1931 850 2042 896 tum
2074 842 2379 897 arbitraris?
2407 841 2559 909 Quod
2613 844 2657 900 si
2687 844 2903 901 Juda‘os
2951 846 3043 916 qui
3081 848 3214 903 inibi
3260 860 3388 905 sunt
3421 868 3506 908 ca-

1931 933 2109 1002 ptivos
2149 934 2204 988 in
2232 932 2438 990 Christi
2468 935 2829 991 obedientiam
2858 938 3099 1004 duxeris,
3127 941 3193 994 ab
3219 942 3409 997 umbra
3449 952 3507 999 et

1924 1022 2124 1089 littera,
2153 1027 2604 1096 quemadmodum
2634 1028 2848 1095 scribis,
2896 1030 2949 1083 in
3003 1031 3230 1101 gratiam
3258 1042 3502 1089 transtu-

1925 1115 2075 1183 leris,
2110 1118 2376 1185 abstineo,
2412 1129 2466 1175 ct
2491 1136 2615 1175 cum
2655 1122 2986 1177 abundantia
3014 1123 3228 1191 fovebo,
3259 1136 3508 1182 maturos

1935 1207 2120 1264 illosce
2144 1211 2363 1280 optima:
2385 1213 2501 1283 spei
2529 1213 2758 1281 fructus,
2788 1230 2927 1284 quos
2954 1215 3217 1272 continuo
3245 1217 3314 1273 de
3338 1227 3509 1275 temet

1933 1300 2052 1371 ipso
2084 1303 2265 1361 foveo.

2511 1419 2730 1477 EPIST.
2772 1421 2913 1479 XIV.

2228 1509 2506 1568 Zachariae
2536 1513 2879 1570 Chalcedonis
2919 1518 3195 1587 metropol.

1490 1604 1753 1654 Montacut.
1792 1602 1894 1664 (ep.
1930 1598 2037 1663 106,
2068 1616 2115 1665 p.
2148 1601 2279 1665 151).

326 1694 392 1748 El
421 1692 533 1763 ἐγὼ
574 1692 667 1747 τὸν
714 1692 846 1763 ἐμὸν
892 1690 1171 1763 Ζαχαρίαν
1221 1689 1424 1761 ἀγνοῶ,
1465 1692 1561 1765 καὶ
1589 1686 1825 1759 ἐμαυτοῦ

2005 1686 2059 1739 Si
2101 1702 2282 1740 meum
2309 1687 2552 1757 ignorem
2600 1687 2941 1755 Zachariam,
2976 1702 3031 1747 et
3092 1694 3312 1750 meimct
3363 1696 3509 1751 oblio

248 1784 653 1855 ἐπιλέλησμαι·
681 1782 798 1854 ἀλλ’
824 1783 1002 1853 ήμῶν,
1034 1782 1109 1845 ὡς
1137 1782 1335 1847 ἔοικεν,
1363 1783 1571 1842 ἐκεῖνος
1599 1779 1694 1847 (οὐ
1724 1779 1831 1849 γάρ

247 1876 363 1946 ἔχω
384 1876 437 1931 τί
476 1874 841 1947 μετριώτερον
864 1874 1085 1945 εῖπωιι)
1119 1874 1488 1945 ἐπιλέλησται.
1522 1872 1596 1925 Οὐ
1627 1871 1733 1941 γάρ
1765 1869 1831 1923 ἂν

248 1970 405 2039 ἡμᾶς
433 1968 794 2032 ὑπετόπαζεν,
822 1966 1124 2039 ἀνθρώπων
1156 1965 1354 2034 λόγοις,
1383 1967 1481 2035 τῆς
1518 1964 1645 2035 περὶ
1670 1962 1831 2016 αὐτὸν

246 2061 444 2131 δόξης,
489 2063 555 2132 ἢν
598 2062 662 2114 ἐκ
703 2059 935 2114 παλαιοῦ
971 2059 1332 2130 φυλάττομεν,
1388 2052 1828 2127 παρασύρεσθαι.

261 2154 327 2208 '0
355 2153 413 2207 δὲ
446 2156 540 2207 καὶ
569 2152 814 2224 φοϐεῖται
842 2152 931 2207 διά
958 2152 1133 2207 ταῦτα
1164 2151 1348 2221 φόϐον,
1382 2151 1440 2203 ἐν
1468 2143 1548 2213 οἷς
1575 2148 1636 2201 οὐ
1672 2147 1830 2219 μόνον

246 2246 355 2299 οὐκ
373 2245 488 2299 ἐστι
519 2244 701 2315 φόϐος,
725 2244 838 2298 ἀλλ’
866 2245 988 2298 οὐδέ
1012 2261 1095 2307 τις
1125 2244 1312 2313 φόϐου,
1344 2245 1457 2306 τοῖς
1482 2242 1632 2312 ήμᾶς
1660 2240 1831 2309 ἐγνω-

250 2342 429 2405 κόσιν,
461 2338 704 2392 ὑπόνοια.
734 2339 800 2392 Et
822 2339 930 2409 γὰρ
962 2339 1108 2408 ἡμᾶς
1132 2340 1159 2391 ό
1186 2338 1416 2410 μακρὸς,
1453 2326 1511 2390 ὃν
1549 2340 1615 2391 ἐκ
1640 2338 1831 2402 παιδὸς

250 2432 446 2502 σχεδὸν
472 2431 719 2502 ἕγνωμέν
747 2448 828 2496 σε,
861 2431 1072 2501 χρόνος,
1111 2432 1205 2485 καὶ
1230 2433 1258 2485 ό
1282 2432 1447 2495 πολὺς
1472 2432 1567 2485 καὶ
1597 2426 1658 2486 οὐ
1686 2432 1831 2503 μέγα

250 2523 413 2585 κλέος
442 2524 583 2595 ὑπὲρ
613 2524 790 2595 ήμῶν,
824 2523 1025 2594 μᾶλλον
1046 2524 1101 2578 δὲ
1131 2523 1369 2595 Χριστοῦ
1399 2524 1492 2579 καὶ
1520 2524 1627 2577 τῶν
1664 2522 1829 2578 αὐτοῦ

252 2616 667 2686 θεσπισμάτων,
714 2615 863 2683 ἀγὼν
903 2617 997 2670 καὶ
1025 2615 1244 2688 δρόμος,
1276 2615 1431 2670 οὐπω
1460 2621 1657 2688 πεῖραν
1684 2618 1829 2687 ἐχειν

249 2708 355 2778 τῆς
399 2708 500 2778 σῆς
543 2706 912 2777 ἐνεγύμνασεν
945 2709 1168 2780 ἀρετῆς,
1199 2710 1298 2762 οὐκ
1336 2706 1453 2762 οἶδα
1479 2710 1629 2771 ὅπως
1665 2711 1830 2781 ἡμεῖς

247 2816 313 2852 τε
347 2798 469 2870 οὐχὶ
502 2801 682 2861 κακοὶ,
721 2801 861 2871 μετά
899 2800 994 2853 τοῦ
1031 2803 1281 2872 ἀνοήτου,
1311 2800 1565 2871 δόξαιμεν
1608 2802 1704 2857 ἄν·
1737 2802 1830 2855 καὶ

248 2893 302 2943 οί
325 2890 555 2955 δεδιότες
603 2893 676 2964 μή
721 2909 775 2944 τι
821 2890 1091 2963 πάθοιμεν
1117 2892 1380 2957 τοιοῦτον,
1412 2892 1474 2945 τὸ
1504 2894 1578 2963 μὴ
1614 2894 1829 2960 ἀγνοεῖν

247 2984 424 3052 ἡμᾶς,
478 2983 538 3036 οὐ
582 2984 845 3052 φυγόντες
893 2981 1007 3037 ἀλλ’
1034 2984 1157 3037 ὃτιί
1207 2984 1349 3056 πλὴν
1387 2985 1482 3037 τοῦ
1526 2986 1896 3089 χειρίστους(1

246 3077 448 3140 εἰπεῖν,
473 3076 888 3147 εὐπορήσουσιν.
926 3075 1086 3129 Ἀλλά
1111 3075 1316 3130 τούτων
1339 3093 1398 3130 τε
1426 3076 1588 3131 ἕνεκα
1611 3077 1824 3150 θάρρει,

248 3167 351 3220 καὶ
374 3168 545 3237 ἡμᾶς,
577 3167 764 3239 ὥσπερ
796 3172 909 3231 τοῖς
951 3167 1154 3232 ἀλλοις,
1185 3166 1330 3221 οὑτω
1356 3168 1454 3223 καὶ
1477 3167 1573 3222 τὸ)
1616 3168 1690 3240 μὴ
1720 3186 1828 3222 πα·-

252 3254 592 3329 ρασὺρεσθαι
611 3256 740 3320 τοὺς
756 3257 1072 3328 λογισμοὺς,
1102 3256 1194 3326 ὑφ’
1225 3256 1826 3329 ἐτέρων,ἶέπιγίνωσκε⁶

249 3349 342 3403 ῖνα
377 3348 454 3422 μὴ
483 3349 573 3404 διὰ
614 3351 764 3421 μιᾶς,
793 3350 855 3403 οὐ
886 3349 1273 3423 προσηκούσης
1304 3350 1650 3423 ὑπολήψεως,
1681 3352 1829 3422 ἡμᾶς

240 3457 310 3495 τε
350 3441 448 3495 καὶ
476 3440 679 3495 σαύτὸν
730 3441 952 3511 μᾶλλον,
1002 3442 1216 3514 ἐναιτία
1241 3442 1267 3482 ll
1319 3442 1555 3514 ποίησῃς
1585 3440 1825 3513 μεγάλῃ’

242 3533 347 3587 καὶ
375 3531 501 3596 τούς
542 3531 829 3601 ἀδελφοὺς,
857 3532 913 3586 εί
934 3548 991 3586 τι
1018 3532 1129 3603 ἄρα
1156 3533 1253 3587 καὶ
1274 3532 1617 3605 ἀνθρώπινον
1646 3533 1829 3598 αὐτοῖς

243 3623 544 3696 ὑποτρέχει
598 3623 770 3687 πάθος
794 3622 839 3691 1,
880 3626 995 3689 τοῖς
1027 3628 1141 3689 σοῖς
1183 3624 1667 3697 ἀνερεθιζομένους
1697 3641 1832 3694 προσ

241 3718 559 3789 τερήμασιν
587 3716 894 3785 ἀδελφικῶς
924 3716 1059 3788 φέρε
1101 3717 1195 3769 καὶ
1221 3716 1582 3782 διαϐάσταζε·
1629 3716 1691 3770 οὐ
1719 3716 1830 3788 γὰρ

242 3809 338 3879 ἐφ’
366 3802 447 3874 οἷς
478 3810 631 3880 ἡμᾶς
667 3808 1009 3880 εὐχαριστεῖν
1043 3809 1157 3872 δεῖ,
1206 3808 1389 3873 ἄλλοις
1426 3807 1829 3879 ἀπεχθάνεσθαι

243 3904 386 3974 χρή-
427 3902 535 3956 οὐδ’
575 3902 636 3968 ἐξ
661 3895 737 3956 ὧν
768 3902 887 3955 ἐστι
920 3902 1108 3955 λαϐεῖν
1138 3901 1414 3970 ἀπόδειξιν
1443 3900 1702 3971 λαμπρὰν
1732 3900 1828 3955 τοῦ

248 3992 556 4064 πρωτεύειν
604 3994 774 4064 ἡμᾶς,
824 3993 914 4047 διὰ
963 3992 1169 4046 τούτων
1195 3992 1486 4064 ὐφείλομεν
1528 3992 1665 4063 πρὸς
1703 3994 1830 4057 τοὺς

245 4084 461 4148 αἰτίους
489 4084 931 4155 δυσανασχετεῖν,
960 4085 1054 4138 καὶ
1081 4084 1143 4138 τὸ
1170 4085 1367 4153 ἄλογον
1401 4084 1595 4150 πάθος,
1623 4086 1704 4149 είς
1735 4083 1825 4139 εὐ-

244 4176 409 4245 λογον
442 4178 623 4240 αὐτοῖς
643 4176 940 4244 ἀπολογίαν
971 4180 1308 4247 μεταποιεῖν.
1357 4178 1517 4231 Ἀλλά
1544 4180 1634 4231 καὶ
1656 4189 1696 4217 ω
1719 4177 1827 4231 τῶν

252 4268 586 4339 εἰρημένων,
616 4268 776 4322 ἄλλον
805 4267 915 4320 ῐσθι
946 4269 1138 4322 τοῦτο’
1172 4270 1254 4323 ὅτι
1301 4271 1590 4341 ὀφείλομεν
1632 4272 1825 4341 ἡμεῖς,

1933 1794 2203 1845 νιεεοιοι·;
2233 1780 2328 1834 sed
2361 1780 2450 1835 ille
2486 1780 2592 1835 mei
2626 1785 2825 1851 (neque
2860 1784 3006 1838 enim
3040 1786 3192 1840 ell‘ari
3223 1788 3353 1857 quid
3377 1804 3502 1842 mo-

1932 1871 2173 1926 deratius
2217 1873 2463 1942 possum)
2502 1882 2557 1927 ut
2589 1874 2801 1928 videtur
2820 1876 3025 1931 oblitus
3050 1889 3167 1932 est:
3200 1895 3300 1933 nec
3328 1881 3509 1951 suspi-

1931 1973 2086 2017 retur
2115 1978 2199 2017 me
2228 1962 2367 2031 vulgi
2401 1978 2674 2027 sermone,
2707 1965 2776 2019 ab
2811 1965 2902 2020 illa
2930 1982 3091 2037 quam
3122 1967 3233 2037 jam
3265 1970 3395 2024 olim
3430 1970 3503 2025 de

1931 2074 1998 2115 eo
2049 2059 2154 2115 fovi
2196 2060 2514 2130 Opinionem
2573 2062 2929 2118 abstractum.
2981 2064 3052 2118 At
3102 2063 3191 2120 ille
3226 2066 3298 2120 ibi
3348 2067 3506 2124 valde

1931 2156 2086 2210 timet
2111 2155 2200 2209 ubi
2224 2170 2335 2208 non
2371 2162 2582 2209 tantum
2610 2172 2718 2210 non
2738 2166 2823 2210 est
2874 2158 3059 2224 timor,
3089 2159 3185 2215 sed
3217 2175 3319 2216 nec
3346 2161 3506 2216 timo-

1932 2248 2007 2303 ris
2032 2248 2228 2317 aliqua,
2259 2248 2328 2302 ab
2356 2247 2423 2303 iis
2449 2248 2542 2318 qui
2566 2263 2651 2304 me
2673 2259 2958 2315 noverant,
2992 2252 3253 2321 suspicio.
3280 2251 3335 2307 Si
3357 2252 3505 2308 enim

1930 2339 2253 2394 diuturnum
2317 2339 2448 2393 illud
2537 2347 2752 2410 tempus
2827 2340 2882 2394 in
2934 2355 3043 2411 quo
3103 2352 3158 2397 te
3212 2358 3243 2398 a
3317 2344 3508 2414 pueris

1930 2430 2178 2502 cognovi,
2206 2445 2484 2501 magnum,
2512 2438 2568 2485 et
2592 2431 2749 2501 cujus
2776 2447 2968 2502 magna
3009 2432 3196 2503 gloria,
3227 2442 3505 2490 certamen

1930 2540 2029 2594 pro
2060 2523 2240 2585 nobis,
2294 2532 2390 2577 aut
2434 2522 2654 2577 Christo
2701 2523 2907 2592 potius.
2947 2535 3289 2594 susceptum,
3341 2536 3398 2581 et
3446 2526 3504 2581 in

1930 2616 2101 2686 ipsius
2136 2615 2408 2669 mandatis
2439 2628 2652 2680 cursus,
2684 2614 2926 2669 nondum
2959 2615 3026 2671 de
3058 2625 3149 2670 tua
3190 2618 3390 2673 virtute
3415 2633 3506 2674 me

1930 2707 2306 2763 confirmatum
2360 2707 2616 2772 reddidit,
2674 2718 2827 2762 certe
2869 2724 2979 2762 non
3034 2709 3191 2764 video
3230 2711 3507 2780 quomodo

1930 2818 2060 2865 non,
2096 2817 2219 2857 cum
2260 2800 2573 2870 insipiente,
2629 2799 3002 2870 iniquissimus
3048 2801 3262 2868 videar;
3308 2812 3364 2858 et
3411 2804 3507 2874 qui

1929 2893 2246 2955 metuerint,
2272 2905 2343 2946 ne
2374 2890 2501 2960 quid
2539 2890 2645 2945 tale
2668 2891 2937 2961 patiamur
2962 2907 3083 2954 nos,
3114 2907 3179 2947 eo
3229 2893 3372 2963 quod
3401 2893 3504 2965 ipsi

1930 2999 2031 3038 nos
2054 2999 2164 3037 non
2204 2982 2536 3048 noverimus,
2567 2981 2911 3051 satisjustam
2947 2982 3227 3037 habebunt
3260 2998 3505 3052 causam,

1930 3086 1990 3130 ut
2020 3076 2163 3131 inter
2182 3074 2453 3144 pessimos
2500 3089 2588 3128 me
2618 3080 2962 3129 recenseant.
3022 3073 3128 3128 Sed
3160 3082 3219 3128 tu
3252 3073 3403 3130 hisce
3436 3075 3507 3132 de

1928 3168 2093 3223 rebus
2134 3167 2210 3222 sis
2254 3166 2722 3237 persuasissimus,
2754 3175 2809 3222 et
2856 3181 2944 3221 me
2993 3180 3290 3238 cognoscas
3316 3167 3502 3233 velim,

1926 3258 2070 3314 sicut
2114 3256 2237 3311 aliis
2276 3255 2444 3321 notis,
2499 3256 2575 3311 ita
2623 3256 2768 3326 quod
2817 3264 3056 3312 mentem
3103 3256 3363 3313 aliorsum
3409 3272 3509 3329 per

1927 3350 2062 3406 alios
2088 3348 2332 3420 pertrahi
2362 3349 2490 3403 nolo
2513 3364 2532 3402 :
2566 3349 2678 3404 noli
2708 3364 2837 3421 ergo
2865 3349 2935 3405 ob
2964 3349 3165 3405 nudam
3217 3365 3322 3405 nec
3365 3366 3502 3405 con-

1926 3456 2114 3511 gruam
2143 3440 2276 3495 satis
2311 3435 2677 3510 Suspicionem
2727 3449 2783 3495 et
2819 3455 2908 3495 me
2930 3450 2987 3494 et
3023 3448 3076 3495 te
3118 3441 3299 3512 potius
3327 3441 3508 3513 ipsum

1927 3532 2210 3605 insigniter
2246 3546 2370 3587 reos
2399 3540 2677 3596 statuere;
2710 3531 2807 3587 sed
2854 3542 2910 3587 et
2936 3531 3130 3587 fratres
3159 3532 3319 3588 etiam
3374 3549 3507 3589 nos-

1930 3633 2067 3690 tros,
2103 3624 2147 3679 si
2175 3624 2306 3694 quid
2330 3623 2572 3678 humano
2601 3638 2751 3679 more
2783 3623 3078 3694 patiantur,
3109 3626 3216 3679 tuis
3244 3624 3510 3681 excitatos

1927 3715 2358 3788 praeminentiis
2390 3713 2629 3771 fraterne
2662 3716 2892 3771 tolerato
2939 3724 2996 3770 et
3050 3716 3301 3781 sull'crto,
3326 3732 3509 3787 neque

1927 3808 2075 3862 enim
2099 3822 2198 3877 par
2222 3815 2308 3862 est
2333 3814 2394 3860 ut
2422 3805 2543 3862 aliis
2596 3821 3019 3862 succenseamus
3056 3822 3155 3878 pro
3185 3808 3252 3862 iis
3280 3808 3349 3863 de
3387 3808 3509 3877 qui-

1927 3899 2030 3955 bus
2046 3899 2203 3954 nobis
2229 3897 2451 3970 agendae
2466 3897 2792 3969 suntgratiae
2815 3916 2831 3965 ;
2872 3913 2975 3953 nec
2998 3912 3030 3954 e
3068 3898 3263 3968 quibus
3282 3898 3510 3954 demon—

1929 3991 2090 4046 strari
2142 3990 2350 4061 liquido
2402 3990 2620 4061 poterit,
2650 4005 2753 4046 nos
2799 3990 3052 4047 obtinere
3120 3990 3508 4061 principatum,

1930 4091 2183 4138 tenemur
2209 4082 2278 4138 ob
2312 4082 2401 4137 illa
2433 4098 2762 4139 succensere
2803 4082 2870 4138 iis
2908 4082 3000 4153 qui
3027 4082 3324 4153 culpabiles
3349 4092 3502 4147 sunt,

1930 4184 1994 4229 ut
2029 4174 2111 4230 sic
2139 4174 2507 4230 irrationalem
2531 4175 2839 4244 passionem
2887 4174 2941 4229 in
2973 4174 3345 4229 rationabilem
3375 4190 3509 4243 apo-

1929 4265 2125 4337 logiam
2155 4275 2575 4321 commutemus.
2610 4265 2717 4320 Sed
2753 4274 2808 4320 et
2835 4264 2979 4321 aliud
3005 4281 3036 4321 e
3061 4266 3224 4320 dictis
3259 4274 3310 4319 te
3344 4264 3509 4319 intel-

244 4361 299 4412 οἱ
340 4358 557 4413 δυνατοὶ
593 4358 665 4411 τά
698 4357 1053 4428 ἀσθενήματα
1104 4357 1213 4410 τῶν
1255 4358 1579 4412 ιίιδυνάτων1³
1629 4358 1827 4429 βαστά-

1934 4357 2102 4427 ligere
2134 4358 2319 4421 velim,
2350 4357 2454 4411 hoc
2505 4370 2725 4425 nempe,
2779 4356 2923 4425 quod
2963 4355 3227 4411 debemus
3268 4370 3371 4409 nos
3413 4355 3510 4425 qui

247 4452 400 4516 ζειν·
434 4452 529 4505 καὶ
572 4452 792 4506 πάντων
822 4450 881 4505 δὲ
919 4450 1155 4522 μάλιστα
1183 4452 1362 4505 ἐκεῖνο
1399 4451 1488 4506 διὰ
1523 4451 1639 4522 βίου
1673 4452 1831 4521 μελέ-

244 4562 351 4612 την
393 4542 550 4596 ποιοῦ
577 4558 589 4572 ·
622 4544 682 4595 τὸ
711 4544 899 4607 ποῖον;
935 4542 1057 4596 Ὅτι
1086 4543 1119 4613 ἡ
1151 4543 1339 4613 ἀγάπη
1375 4543 1474 4596 οὐκ
1505 4544 1828 4614 ἀσχημονεῖ.

259 4635 492 4707 Ἐρεὺνα
518 4636 698 4699 καλῶς
722 4636 775 4689 τί
813 4636 946 4689 ποτέ
976 4636 1093 4689 ἐστι
1123 4636 1203 4702 τὸ,
1235 4636 1335 4690 οὐκ
1364 4638 1698 4706 ἀσχημονεῖ·
1736 4635 1830 4706 βά-

244 4730 339 4791 θος
367 4731 476 4800 γάρ
498 4730 705 4797 ἄφατον
727 4731 980 4801 εὑρήσεις
1007 4730 1317 4798 ὠφειλείας.
1346 4725 1501 4794 Εἶτα,
1532 4729 1621 4783 διὰ
1649 4730 1701 4783 τί
1730 4731 1832 4784 οὐκ

241 4822 568 4891 ἀσχημονεῖ.
605 4821 727 4875 Ὀτι
764 4822 825 4874 οὐ
856 4822 1039 4891 ζητεῖ,
1086 4822 1257 4891 φησι,
1299 4822 1367 4875 τά
1423 4822 1655 4891 ἑαυτῆς·
1689 4822 1829 4875 ἀλλὰ

243 4912 342 4963 καὶ
374 4910 553 4963 πάντα
584 4910 765 4978 στέγει
798 4912 975 4965 πάντα
1013 4911 1220 4975 ἐλπίζει
1249 4918 1273 4945 ο
1297 4926 1311 4939 ’
1346 4909 1526 4980 ὑψηλὰ
1556 4910 1654 4980 μὲν
1684 4908 1823 4983 [καὶ]

238 5002 419 5056 ταῦτα
446 5002 737 5073 ἀνέχεσθαι
774 5002 937 5073 βάρη,
967 5005 1062 5056 καὶ
1092 5002 1373 5072 βελτίωσιν
1407 5003 1495 5056 ἀεὶ
1528 5004 1622 5055 καὶ
1663 5020 1827 5071 μετα-

242 5096 410 5165 ϐολὴν
455 5096 549 5149 ἐπὶ
585 5097 646 5149 τὸ
679 5099 948 5167 κρεῖττον,
991 5096 1237 5160 ἐλπίζειν
1266 5095 1361 5149 τοῦ
1390 5096 1638 5166 πλησίον.
1671 5097 1736 5150 Τί
1769 5096 1827 5150 δὲ

240 5189 396 5253 ἄλλο,
419 5181 464 5241 ὧ
488 5187 700 5243 Παύλου
724 5188 905 5257 σοφία,
936 5188 1185 5254 πλοῦτος,
1211 5188 1305 5241 καὶ
1336 5189 1517 5258 χάρις,
1539 5190 1573 5257 ἡ
1600 5188 1821 5258 ἀγάπη;

241 5279 433 5346 φησιν,
472 5278 730 5332 οὐδέποτε
761 5279 1040 5333 ἐκπίπτει.
1074 5273 1145 5329 Ὠ
1179 5276 1459 5348 μακαρίας
1489 5277 1696 5347 φωνῆς,
1730 5276 1826 5329 καὶ

245 5370 666 5441 μακαριωτέρου
714 5369 1003 5437 στόματος,
1042 5368 1138 5422 καὶ
1183 5367 1454 5438 κρείσσων
1509 5368 1821 5437 ἐγκωμίων,

244 5463 341 5515 καὶ
386 5462 687 5532 θαύματος,
735 5459 966 5533 γνώμηο
1014 5461 1292 5526 οὐδέποτε,
1325 5459 1513 5530 φησὶν,
1544 5460 1822 5514 ἐκπίπτει.

239 5554 363 5606 Κάν
398 5555 758 5618 στασιάζωσιν
787 5554 936 5609 ἄλλοι
960 5571 974 5586 ο
1031 5552 1131 5607 κᾶν
1167 5553 1403 5624 χαίρωσι
1447 5552 1680 5623 μάχαις·
1720 5553 1824 5607 κᾶν

1935 4448 2228 4503 validiores
2261 4462 2475 4511 sumus,
2524 4447 2870 4503 inﬁrmitates
2914 4447 3255 4505 infirmorum
3288 4456 3509 4518 portare

1934 4548 1991 4594 et
2019 4538 2312 4594 sustinere.
2349 4538 2622 4610 Imprimis
2655 4555 2751 4609 per
2798 4550 2926 4595 totae
2957 4541 3080 4594 vita:
3111 4556 3333 4596 cursum
3366 4541 3512 4596 illius

1934 4629 2133 4684 habeto
2174 4644 2383 4695 curam,
2413 4630 2559 4700 quod
2610 4631 2750 4685 nihil
2799 4631 3059 4687 indecore
3110 4633 3271 4687 faciat
3315 4642 3513 4687 cautus

1932 4736 2122 4787 artior;
2158 4721 2346 4777 sedulo
2407 4721 2621 4792 inquire
2654 4722 2782 4792 quid
2839 4723 2943 4778 sibi
2990 4724 3141 4786 velit.
3185 4722 3329 4777 Nihil
3381 4722 3513 4778 facit

1932 4814 2213 4879 indecore,
2247 4814 2416 4885 (certe
2446 4814 2767 4870 immensam
2791 4825 2846 4869 et
2873 4814 3229 4869 innarabilem
3259 4813 3508 4870 utilitatis

1926 4905 2174 4961 invenies
2197 4906 2671 4977 profunditatem.)
2704 4907 2975 4962 Nimirum
2995 4907 3140 4976 quod
3172 4922 3282 4961 non
3311 4906 3508 4976 quaerit

1925 5015 2047 5069 quae
2069 5014 2167 5054 sua
2193 5010 2342 5063 sunt,
2371 5000 2468 5055 sed
2508 4999 2691 5055 omnia
2723 5001 2878 5071 tegit.
2910 5008 3098 5070 sperat
3148 4999 3353 5064 omnia,
3409 5014 3505 5054 su-

1923 5091 2109 5148 blimia
2142 5101 2269 5147 sunt
2300 5093 2400 5148 ista
2446 5107 2612 5146 onera
2646 5090 2978 5158 suﬂ‘erenda,
3019 5091 3333 5148 emendatio
3358 5106 3508 5147 sem-

1925 5200 2025 5255 per
2055 5194 2110 5239 et
2135 5184 2420 5240 conversio
2452 5185 2505 5238 in
2530 5183 2725 5238 melius
2747 5182 3017 5253 speranda
3047 5192 3133 5238 est
3151 5183 3219 5239 de
3239 5183 3506 5255 proximo.

1933 5280 2071 5345 Quid
2106 5280 2253 5335 aliud
2298 5279 2415 5334 vult
2469 5278 2621 5333 Pauli
2670 5276 2962 5347 sapientia,
3013 5277 3238 5341 divitiae,
3288 5276 3509 5350 gratia?

1932 5372 2208 5440 Charitas,
2260 5371 2460 5442 inquit,
2521 5384 2802 5440 nunquam
2871 5368 3291 5425 exciditzbeata
3347 5370 3509 5439 plane

1933 5481 2059 5529 vox,
2089 5465 2257 5536 magis
2290 5465 2509 5518 beatum
2548 5478 2630 5528 os,
2667 5463 2944 5517 sententia
2976 5461 3165 5517 laudes
3193 5470 3249 5517 et
3274 5460 3507 5515 admira-

1933 5558 2139 5610 tionem
2187 5571 2404 5610 omnem
2453 5553 2742 5611 excedens.
2789 5553 3076 5624 Nunquam
3108 5554 3231 5620 ait,
3282 5552 3506 5619 excidit,

1572 5711 1812 5771 VARUE
1838 5712 2242 5771 LECTIONES.

326 5871 343 5911 ί
389 5889 458 5939 γρ
493 5872 827 5938 όνομαζέτω,
908 5875 934 5913 ε
974 5873 1059 5927 ῖσ.
1092 5874 1185 5925 καὶ
1223 5873 1283 5926 τὸ
1312 5875 1491 5947 σῶμα.

306 5943 444 5997 ἱθος.
514 5944 681 5997 11³ιον.
720 5946 804 5997 ἐκ.
885 5954 913 5985 ιι
943 5944 1369 5997 άδννατούντων.
1449 5955 1473 5985 ι

244 5960 444 6008 statim.

1595 5878 1621 5917 ιι
1654 5877 1848 5930 εἰπεῖν.

514 5952 554 5983 1³
594 5944 681 5997 lo.
720 5946 804 6000 ὲκ.
885 5954 913 5985 ³
943 5943 1405 6004 ἁδυνατούντων.’
1449 5955 1473 5985 θ
1510 5947 1687 6002 πάντα
1714 5943 1978 6003 πιστεύει.

1932 5886 1949 5915 ι
1986 5874 2074 5930 ῑσ.
2128 5873 2253 5930 ἄλλο
2270 5892 2345 5935 τι.
2425 5874 2437 5924 i
2474 5874 2571 5945 τῷ.
2650 5871 2675 5913 κ
2714 5875 2800 5930 ίσ.
2826 5875 2882 5928 ἐν
2918 5874 3091 5947 αἰτίᾳ.
3175 5872 3194 5917 ι
3238 5873 3489 5946 subrepit
