4044 6426
538 409 637 470 8'31
1659 407 1920 468 PIIOTII
1961 410 2135 469 ΡᾹἸἚ

2214 409 2459 470 iRCiI/E
2497 411 2605 469 (ΞΡ.
3686 404 3811 467 832

541 523 665 574 licet
701 517 1100 580 tumultuentur
1129 517 1240 581 alii,
1271 517 1395 571 licet
1447 517 1946 574 concertationibus
1978 535 2111 589 gau-

2213 520 2281 572 τὰ
2310 519 2498 588 πρῶτα
2524 517 2722 588 ζητῶσι
2743 533 2754 544 ·
2782 517 2884 570 κᾶν
2911 516 3100 588 φθόνος
3129 517 3313 580 αὐτοῖς
3327 514 3618 587 ἁνερεθίζῃ
3640 533 3654 546 ·
3689 517 3805 566 καὶ

537 612 719 676 deant,
769 608 896 663 licet
949 608 1198 677 primaria
1249 620 1535 676 quaarant,
1575 607 1700 663 licet
1742 609 1887 679 ipsos
1941 611 2108 665 exsti-

2206 610 2404 681 χειρῶν
2433 610 2673 679 ἄρχωσιν
2699 608 2916 662 ἀδίκωνο
2942 608 3045 660 κᾶν
3068 607 3136 661 τὰ
3162 608 3272 660 ἄνω
3304 608 3574 676 στρέφωσι
3605 608 3803 660 κάτωο

539 702 708 755 mulet
761 700 978 765 invidia,
1021 700 1144 754 licet
1186 715 1376 754 manus
1414 699 1617 766 injuste
1666 701 1930 762 violentas
1979 702 2105 778 inji-

2206 700 2459 753 οὐδέποτε
2489 702 2520 768 ἡ
2550 699 2736 770 ἀγάπη
2766 699 2864 767 τῆς
2893 697 3101 762 οίκείας
3136 697 3298 765 ἕδρας
3326 698 3420 749 καὶ
3450 697 3656 767 ἀρετῆς
3685 697 3803 748 ὲκ·-

537 795 702 856 ciaut,
733 791 857 847 licet
882 807 1079 861 susque
1112 793 1343 844 Ital‘cant
1381 791 1590 860 deque;
1624 808 1899 860 nunquam
1927 793 2105 846 chari-

2209 792 2416 856 πιπτει,
2465 791 2572 844 οὐδ’
2617 789 3006 860 ἀπογινώσκει,
3042 790 3152 843 οὐδ’
3199 787 3603 858 ἀποστρέφεται
3651 787 3803 850 τοὺς

538 897 617 941 tas
657 887 723 940 de
753 901 847 939 sua
881 885 1112 938 statione
1143 884 1413 952 dejicitur,
1453 899 1555 938 nec
1583 883 1765 942 delicit
1808 901 1838 942 a
1881 885 2103 951 virtute,

2205 887 2604 957 λελυπηκόταςο
2661 885 2776 938 ἀλλ’
2835 885 2920 936 ἀεὶ
2983 883 3285 955 προφάσεις
3339 880 3621 951 ἐπιζητεῖ,
3681 880 3799 933 καὶ

537 990 644 1026 non
664 974 937 1045 desperat,
970 990 1075 1026 non
1108 983 1390 1028 aversatur
1409 973 1682 1038 dolentes;
1715 990 1930 1045 semper
1953 992 2105 1030 occa-

2211 979 2386 1032 πάντα
2413 978 2580 1040 κινεῖ,
2615 979 2706 1029 καὶ
2741 975 3018 1046 μεθοδεύει
3039 1014 3054 1038 ,
3090 974 3158 1026 δι’
3182 967 3257 1026 ὧν
3285 974 3487 1035 αὐτοὺς
3516 973 3614 1024 καὶ
3645 973 3802 1024 ἁπο-

534 1066 714 1118 siones
742 1065 954 1132 qtuerit,
983 1079 1199 1134 semper
1229 1080 1445 1119 onmem
1487 1074 1668 1120 movet
1703 1066 1958 1136 lapidem,
1988 1082 2104 1122 om-

2211 1068 2540 1142 σκιρτῶντας
2560 1069 2638 1132 είς
2661 1068 2750 1122 τὸν
2767 1070 2964 1122 οἰκεῖον
2983 1067 3080 1136 τῆς
3101 1067 3396 1134 συναφείας
3418 1066 3511 1129 καὶ
3530 1065 3799 1126 ἐνώσεως

536 1172 657 1210 nem
687 1157 785 1210 init
816 1158 1128 1211 methodum
1163 1167 1387 1211 utcxtra
1431 1173 1490 1212 se
1516 1157 1816 1218 desultores
1864 1159 1918 1212 in
1972 1174 2100 1227 pro-

2210 1160 2547 1232 συναγελάζῃ
2604 1160 2865 1230 λειμῶνα.
2906 1159 3126 1223 Ταῦτα,
3171 1158 3357 1210 τέκνον
3405 1157 3682 1230 ἡμέτερον
3732 1155 3800 1208 ὲν

537 1249 710 1317 prium
765 1249 1166 1319 coniunctionis
1213 1259 1268 1303 et
1323 1250 1544 1304 unionis
1596 1259 1809 1319 pratum
1856 1250 2098 1304 reducat.

2208 1254 2425 1324 Κυρίῳ,
2456 1253 2688 1323 μελέτα·
2728 1252 2821 1304 καὶ
2860 1253 3069 1312 τούτοις
3109 1250 3300 1304 ἑαυτὸν
3329 1249 3588 1322 paenae,
3646 1264 3797 1301 κατ-

538 1341 678 1408 Ιιωο,
705 1357 738 1396 o
770 1342 840 1396 ﬁli
873 1343 968 1406 mi,
990 1342 1042 1396 in
1069 1341 1286 1396 Christo
1316 1343 1598 1407 meditare,
1627 1349 1680 1396 et
1717 1341 1865 1396 hisce
1898 1352 1949 1394 te
1973 1358 2102 1395 con-

2207 1345 2439 1414 επᾴδων.
2470 1344 2635 1398 Οὐδὲν
2681 1344 2810 1414 γὰρ,
2855 1342 2915 1396 εὖ
2959 1342 3086 1405 ἴσθι,
3125 1343 3233 1394 τῶν
3262 1342 3542 1408 παναρίων
3567 1340 3795 1393 τούτων

532 1433 736 1498 forma,
776 1432 870 1487 tibi
907 1433 1220 1488 concinens.
1250 1433 1408 1488 Certe
1442 1433 1580 1487 bene
1603 1434 1752 1487 noris
1791 1433 1930 1502 quod
1969 1433 2102 1486 nihil

2208 1435 2462 1506 εὑρήσεις
2493 1435 2912 1506 ὡφελιμώτερον
2932 1450 2946 1464 ’
2991 1435 3059 1487 τὰ
3087 1434 3131 1486 δ’
3161 1433 3296 1487 ἄλλα
3342 1431 3578 1503 έρρωσο,
3618 1430 3796 1500 ίερὼο

533 1526 619 1578 his
654 1526 888 1594 panariis
919 1526 1089 1596 magis
1115 1528 1245 1581 utile
1275 1526 1518 1596 reperire
1549 1527 1754 1596 poteris
1792 1546 1805 1582 :
1838 1535 2098 1582 cauerunt

1943 1542 2098 1582 erum
2208 1545 2358 1592 τατε,
2388 1527 2489 1598 τῆς
2520 1529 2674 1599 ἡμῶν
2712 1527 3144 1598 ύπερευχόμενος
3179 1526 3540 1597 μετριότητος.

531 1619 667 1682 vale,
692 1627 747 1671 et
785 1618 1034 1688 precibus
1069 1628 1308 1676 nostram
1337 1618 1762 1673 mediocritatem
1801 1620 2228 1675 commendatam
2269 1620 2425 1674 habe.

1115 1714 1330 1770 EPIST.
1387 1717 1502 1772 XV.

2809 1713 3033 1770 ΕῐΙῐΣΤ.
3073 1711 3173 1770 IE'.

1209 1807 1410 1862 Eidem.

2842 1803 2925 1870 Τῷ
2956 1803 3135 1869 αὐτῷ.

1775 1921 2039 1974 Montacut.
2075 1921 2177 1983 (ep.
2216 1919 2323 1981 107,
2356 1933 2405 1982 p.
2441 1919 2570 1982 152).

594 2019 776 2076 Gratia
807 2021 1022 2078 Christo
1055 2039 1182 2078 vero
1221 2024 1329 2087 Deo
1370 2037 1557 2081 nostro
1580 2027 1674 2097 qui
1721 2026 1778 2082 in
1835 2028 2090 2082 omnibus
2122 2035 2165 2090 Β

2261 2027 2441 2098 Χάρις
2492 2022 2714 2095 Χριστῷ
2764 2024 2843 2094 τῷ
2890 2023 3132 2094 ἀληθινῷ
3178 2023 3298 2094 Θεῷ
3341 2023 3523 2094 ἡμῶν,
3563 2021 3650 2094 τῷ
3691 2025 3792 2076 ἐπὶ

529 2129 629 2167 nos
649 2111 980 2177 consolatur,
1013 2115 1103 2186 qui
1133 2125 1352 2170 naturas
1373 2131 1665 2186 generosas
1695 2117 1741 2172 si
1769 2118 1855 2173 vel
1884 2118 2093 2188 aliqua-

2197 2121 2330 2173 πᾶσι
2363 2117 2768 2188 παρακαλοῦντι
2797 2118 2967 2187 ἡμᾶς,
2997 2117 3076 2186 τῷ
3108 2115 3326 2184 καὶτὰς
3361 2114 3624 2184 γενναίας
3673 2116 3790 2168 τῶν

531 2214 689 2262 tenus
709 2205 780 2260 ab
809 2206 991 2260 innata
1021 2207 1222 2264 virtute
1255 2208 1586 2274 exorbitent,
1620 2219 1889 2280 potestate
1906 2211 2091 2276 donat,

2195 2211 2410 2280 φύσεων
2445 2209 2645 2280 (ὲπειδ’
2675 2209 2741 2263 ἂν
2774 2208 2872 2280 τῆς
2919 2210 3127 2276 οἰκείας
3171 2207 3370 2279 ἀρετῆς
3402 2206 3601 2277 μικρὸν
3646 2207 3789 2260 ἀπο-

528 2307 586 2352 υι
606 2299 928 2367 quantocius
959 2315 1120 2356 suum
1156 2299 1368 2369 lapsum
1395 2300 1721 2373 intelligant,
1745 2311 1800 2357 et
1829 2302 1898 2356 ad
1939 2317 2091 2356 suam

2194 2301 2450 2370 κλίνωσι)
2498 2301 2689 2356 θᾶττόν
2737 2319 2798 2355 τε
2846 2302 3079 2371 συνορᾷν
3122 2297 3496 2369 δυνοιμοῦντιι³
3545 2297 3613 2354 τδ
3657 2298 3787 2356 ὀλι-

527 2387 862 2448 ιιοιιὶιίιειιεω
892 2398 946 2443 et
1003 2389 1324 2460 dignitatem
1349 2392 1757 2463 regrediantur;
1793 2393 1886 2463 qui
1927 2392 2091 2448 etiam

2197 2392 2300 2462 σθη
2309 2408 2405 2462 μα,
2434 2391 2527 2445 καὶ
2557 2391 2693 2462 πρὸς
2713 2390 2774 2442 τὸ
2793 2390 2990 2444 οἰκεῖον
3009 2393 3104 2446 καὶ
3125 2389 3344 2460 εὐγενὲς
3374 2387 3722 2461 ἐπανατρέχε
3732 2404 3785 2440 ιν

527 2495 691 2545 nunc,
721 2497 828 2535 non
857 2497 1100 2536 mearum
1137 2484 1412 2539 rationum
1446 2494 1502 2539 et
1539 2485 1871 2552 orationum,
1896 2495 1955 2541 ut
1981 2496 2095 2541 tute

2197 2485 2435 2554 ἀξίωμα.
2488 2484 2587 2546 Ὃς
2635 2481 2732 2537 καὶ
2760 2480 2875 2546 νῦν,
2915 2481 2977 2534 ού
3007 2483 3075 2553 τῇ
3113 2481 3222 2534 τῶν
3253 2480 3535 2553 ἡμετέρων
3577 2479 3785 2552 λόγων.

527 2579 704 2639 putes,
738 2570 789 2624 vi
823 2580 877 2626 et
908 2571 1300 2639 admonitione,
1331 2575 1559 2648 gratiam
1604 2576 1830 2646 largitus
1877 2585 1983 2644 est,
2037 2585 2096 2630 ut

2195 2577 2271 2641 ὡς
2319 2576 2384 2630 ἂν
2425 2575 2586 2642 αὐτὸς
2615 2573 2802 2645 φαίης,
2848 2573 3075 2641 δυνάμει
3120 2573 3216 2630 καὶ
3241 2572 3596 2646 παραινέσει·
3635 2572 3785 2626 ἀλλὰ

525 2662 658 2717 viles
686 2671 740 2718 et
767 2661 999 2718 humiles
1040 2680 1164 2720 cum
1213 2666 1476 2736 despectu
1506 2668 1717 2724 habitas
1743 2669 2096 2739 cogitationes

2195 2668 2294 2736 τῆς
2337 2666 2569 2730 οἴκοθεν,
2621 2665 2718 2720 καὶ⁸
2748 2663 2806 2731 ἐξ
2853 2663 3018 2721 αὑτοῦ
3055 2679 3138 2718 σοι
3173 2662 3656 2735 παρασχεσθείσης
3681 2678 3786 2732 μα-

525 2753 766 2821 abjicias,
792 2754 888 2809 sed
928 2753 1188 2812 facultate
1210 2765 1266 2811 et
1317 2759 1512 2814 robore
1544 2768 1648 2814 tuae
1708 2759 1881 2832 ipsius
1931 2776 2094 2830 quam

2196 2759 2504 2830 γαλονοίας,
2532 2759 2598 2828 τῇ
2629 2755 2788 2828 ῥώμῃ
2816 2756 2877 2809 τὸ
2899 2754 3114 2826 χυδαῖον
3143 2753 3241 2826 μὲν
3263 2754 3356 2811 καὶ
3379 2753 3644 2814 ταπεινὸν
3671 2754 3786 2806 τῶν

524 2845 769 2914 possides
800 2846 1282 2916 magnanimitatis.
1319 2849 1377 2904 Si
1437 2860 1616 2906 autem
1642 2852 1825 2908 innata
1847 2863 2091 2923 etappo-

2195 2850 2470 2921 λογισμῶν
2489 2849 2788 2922 ὲχαρίτωσέ
2816 2864 2877 2902 σε
2898 2846 3315 2904 διαπτύσασθαι.
3341 2847 3403 2906 Et
3427 2846 3486 2899 δὲ
3514 2845 3574 2900 τὸ
3605 2861 3783 2916 προσ-

525 2937 630 2996 sita
665 2939 899 3008 propriae
931 2939 1226 3000 voluntatis
1254 2941 1554 3012 amplitudo
1581 2960 1704 3013 quae
1747 2944 1951 3014 optima
1985 2954 2088 3009 est,

2198 2945 2330 3016 φυὲς
2357 2945 2452 2998 καὶ
2495 2943 2830 3014 κατάλληλον
2867 2942 3099 3014 μέγεθος
3126 2943 3225 3012 τῆς
3247 2940 3476 3012 ἀρίστης
3515 2938 3785 3009 προαιρέ-

527 3037 582 3082 et
615 3037 825 3086 craterae
855 3042 960 3088 tuae
990 3034 1440 3102 conversationis,
1478 3034 1597 3098 sine
1629 3035 1945 3092 diiiicultate
1999 3053 2089 3092 re~

2199 3053 2356 3100 σεως,
2391 3036 2608 3107 καὶτῆς
2641 3035 2810 3106 ἄλλης
2843 3036 3137 3102 πολιτείας,
3169 3037 3234 3088 ἐκ
3279 3033 3373 3088 τοῦ
3425 3034 3630 3106 ῥᾴστου
3677 3033 3782 3086 έπ-

525 3121 700 3184 ιὶιιιιίι,
732 3131 1006 3194 utcunque
1035 3143 1213 3190 rerum
1237 3127 1670 3198 contingentium
1692 3128 1930 3192 occasio,
1955 3131 2094 3184 mul-

2196 3129 2487 3197 ανὴγαγεν,
2508 3129 2570 3182 ὲν
2599 3121 2681 3190 οἷς
2704 3127 2824 3195 εῐης
2859 3143 2952 3196 μοι
2979 3124 3082 3179 κᾶν
3110 3123 3339 3196 μυρίους
3372 3122 3574 3186 κύϐους
3606 3124 3641 3192 η
3668 3122 3786 3175 τῶν

529 3213 694 3284 tiplici
719 3230 808 3272 me
836 3216 951 3272 alea
973 3218 1234 3288 jactatum
1263 3220 1582 3285 turbaverit,
1620 3229 1679 3276 tu
1711 3229 1890 3277 tamen
1926 3237 2097 3294 usque

2198 3219 2540 3288 πραγμάτων
2585 3218 2914 3290 ἀναῤῥίπτοι
2950 3217 3299 3288 περιπέτεια,
3336 3216 3504 3280 αὐτὸς
3549 3215 3783 3274 διαπαν-

527 3308 581 3362 in
642 3308 878 3365 immota:
936 3315 1186 3370 amicitiae
1249 3313 1591 3371 insti.utione
1661 3314 1921 3380 solidatus
1971 3332 2097 3387 per-

2196 3312 2286 3374 τὸς
2333 3315 2389 3366 ὲν
2429 3311 2714 3383 ἀκλονήτῳ
2751 3312 2852 3381 τῆς
2897 3311 3118 3382 ἀγάπης
3149 3310 3546 3378 έστηριγμένος
3570 3308 3785 3378 φρονή-

527 3403 706 3462 sistes.
741 3401 892 3469 Vale,
922 3406 992 3459 mi
1022 3406 1098 3468 iiii
1142 3407 1531 3466 sacratissime.
2123 3430 2124 3438 ‘

2123 3401 2169 3465 C
2205 3421 2361 3474 ματι.
2399 3404 2674 3477 Ἔρρωσθ,
2705 3405 2892 3460 τέκνον
2919 3402 3184 3473 ἡμέτερον
3213 3398 3528 3472 ἱερώτατον.

1107 3497 1326 3558 EPIST.
1367 3500 1511 3554 XVI.

2795 3489 3018 3556 Ειιιετ.
3045 3495 3165 3562 ις’.

848 3589 1095 3660 Gregorio
1128 3590 1404 3660 Syracusae
1430 3593 1741 3661 urcltiepisc.
2373 3593 2445 3658 Γι

2373 3590 2678 3660 Γρηγορίῳ
2701 3588 3157 3659 ἀρχιεπισκόπῳ
3185 3586 3606 3657 Συρακούσης.

1759 3688 2032 3760 Montacut.
2071 3709 2173 3772 (ep.
2209 3707 2316 3764 ιιι,
2351 3720 2398 3768 p.
2434 3705 2566 3765 ιω).

591 3802 939 3874 Quaecunque
962 3808 1439 3878 archiepiscopalis
1457 3818 1545 3864 tua
1566 3811 1827 3867 sanctitas
1849 3814 1914 3867 ad
1964 3830 2097 3869 con-

2275 3809 2414 3863 ’Όσα
2442 3808 2576 3877 πρὸς
2607 3805 2977 3875 καταρτισμὸν
2995 3805 3093 3875 τῆς
3120 3803 3214 3857 τοῦ
3253 3802 3393 3857 θεοῦ
3446 3802 3782 3872 Ἐκκλησίας

523 3895 860 3950 stitutionem
889 3897 980 3950 Dei
1006 3898 1261 3952 Ecclesiae
1298 3908 1572 3968 operatur,
1602 3901 1669 3955 ab
1697 3901 1814 3972 ipso
1832 3904 2097 3975 principio

2200 3901 2234 3970 ἠ
2264 3897 2621 3971 ἁρχιερατικὴ
2657 3895 2811 3967 ὑμῶν
2833 3895 3226 3968 διαπράττεται
3271 3893 3496 3965 ὁσιότης
3520 3934 3536 3958 ,
3565 3893 3781 3948 ἀνωθεν

523 4002 643 4040 mea
692 3988 1038 4043 mediocritas
1089 3997 1265 4042 tecum
1307 3990 1364 4043 in
1403 3990 1470 4044 iis
1515 3993 1825 4062 conspirat:
1886 4004 1946 4051 ut
1985 3997 2096 4051 ire-

2199 3993 2292 4044 καὶ
2325 3990 2561 4062 ὲξαρχῆς
2587 3993 2688 4058 τὴν
2731 3987 3008 4060 ἡμετέραν
3041 3987 3184 4058 ἔχεις
3242 3985 3645 4056 συμφωνοῦσαν
3677 4001 3780 4055 με-

522 4077 779 4146 quentius
809 4077 902 4132 tibi
942 4079 994 4132 in
1030 4080 1346 4136 memoriam
1381 4097 1640 4137 revocare
1670 4099 1780 4138 non
1818 4085 1888 4140 sit
1920 4103 2091 4156 opus;

2195 4084 2454 4154 τριότητα
2475 4097 2489 4112 ·
2519 4080 2711 4151 διόπερ
2740 4081 2800 4132 οὐ
2825 4079 2993 4132 δεῖται
3017 4077 3274 4148 συνεχοῦς
3304 4077 3396 4130 ἐπὶ
3414 4075 3630 4140 τούτοις
3647 4077 3768 4130 ὑπο

524 4184 669 4222 nunc
729 4171 988 4240 temporis
1046 4173 1336 4242 pracipue,
1395 4189 1518 4229 cum
1581 4191 1713 4231 voce
1773 4193 2093 4249 quacunque

2199 4177 2480 4246 μνήσεωςο
2518 4171 2754 4243 μάλιστά
2775 4187 2837 4239 γε
2859 4170 2972 4235 νῦν,
3005 4171 3094 4224 ὅτε
3146 4168 3330 4239 φωνῆς
3362 4169 3583 4236 ἁπάσης
3635 4168 3778 4254 λαμο

522 4261 720 4317 clarius
749 4274 804 4317 et
827 4266 1258 4321 consummatius
1286 4281 1385 4321 nos
1417 4267 1468 4322 id
1495 4267 1725 4323 doceant
1756 4287 1874 4340 qua:
1903 4282 2093 4326 mutuo

2193 4263 2457 4335 πρότερόν
2504 4279 2563 4315 τε
2620 4261 2716 4315 καὶ
2753 4261 3105 4332 τελειότερον,
3147 4258 3592 4312 ἁναδιδάσκουσιν
3627 4259 3777 4328 ἡμᾶς

520 4354 678 4409 nobis
720 4356 1086 4425 contigerunt,
1127 4375 1190 4413 ac
1234 4359 1514 4431 utriusque
1557 4372 1755 4418 statum
1803 4365 2086 4433 aequalem,

2192 4357 2260 4410 τὰ
2285 4357 2550 4434 ἀλλήλων,
2585 4357 2679 4408 καὶ
2704 4356 2784 4416 εἰς
2819 4354 2948 4422 μίαν
2981 4352 3207 4423 γνώμην
3259 4351 3441 4405 καὶτὸ
3483 4350 3618 4404 αὐτὸ
3653 4369 3777 4404 συν-

520 4447 768 4501 eumdem
813 4449 1078 4516 animum,
1127 4452 1484 4520 cogitationes
1517 4455 1735 4510 easdem
1778 4467 2086 4528 suggerant,

2191 4448 2423 4502 ἅπτουσι
2449 4448 2702 4518 φρόνημα
2723 4463 2736 4476 °
2767 4447 2855 4500 ὅτε
2889 4443 3066 4508 κοινὸς
3092 4444 3232 4516 ὑπὲρ
3252 4443 3487 4516 Χριστοῦ
3505 4441 3771 4512 διωγμὸς,

517 4538 823 4593 communis
880 4550 1062 4606 nostra
1119 4541 1172 4595 in
1237 4543 1451 4598 Christo
1507 4561 1691 4611 causa,
1755 4549 2086 4617 persecutio,

2190 4545 2286 4596 καὶ
2312 4543 2380 4596 τὰ
2412 4543 2565 4596 κοινὰ
2601 4542 2747 4612 πάθη
2779 4542 2874 4594 καὶ
2902 4541 3256 4610 ἀνιστόρητοι,
3299 4534 3380 4602 οἷς
3407 4538 3656 4592 ὲναθλεῖν
3679 4539 3771 4592 διὰ

517 4646 836 4685 communes
879 4633 1178 4701 passiones,
1219 4634 1524 4691 inetIahiies
1565 4639 1764 4710 quibus
1807 4655 2084 4695 meremur

2187 4637 2288 4707 τὴν
2320 4635 2646 4705 συντήρησιν
2673 4635 2782 4688 τῶν
2803 4632 3138 4688 δεσποτικῶν
3167 4631 3397 4685 ἐντολῶν
3445 4630 3543 4684 καὶ⁵
3586 4647 3774 4700 παρα-

515 4721 812 4776 conﬂictari
871 4734 1094 4794 propter
1149 4725 1606 4796 observationem,
1671 4740 1724 4785 et
1781 4733 2082 4787 custodiam

2191 4727 2458 4797 φυλακὴν,
2486 4726 2803 4796 ἁξιούμεθα.
2837 4727 3081 4778 Ἐντεινε
3122 4724 3301 4777 τοίνυν
3333 4724 3430 4776 καὶ
3474 4720 3773 4776 κατευοδοῦ

514 4815 892 4869 mandatorum
932 4816 1143 4871 Domini
1179 4819 1384 4873 nostri.
1429 4820 1653 4876 intende
1686 4833 1865 4877 autem
1894 4841 2081 4897 porro,

2192 4819 2514 4891 χειροθετῶν
2545 4837 2603 4871 τε
2628 4819 2722 4872 καὶ
2747 4818 3061 4888 ίεροτελῶν,
3093 4817 3188 4871 καὶ
3212 4816 3275 4869 τὸ
3308 4815 3560 4886 ποίμνιον
3586 4813 3774 4878 αὔξων

513 4917 568 4961 et
589 4914 738 4962 recto
782 4909 998 4963 tramite
1041 4909 1296 4974 incedito,
1341 4925 1534 4965 manus
1581 4913 1886 4983 imponens,
1929 4930 2084 4970 sacra

2192 4913 2287 4966 καὶ⁹
2314 4911 2599 4979 πληθύνων
2652 4910 2886 4982 Χριστοῦ
2910 4927 2924 4940 ο
2978 4909 3138 4972 ναούς
3167 4927 3225 4962 τε
3259 4908 3490 4971 σεπτοὺς
3541 4906 3775 4976 ἐγείρων

512 5013 796 5067 peragens,
823 5001 1024 5056 Christi
1041 5017 1270 5077 gregem
1300 5003 1663 5074 multiplicans
1693 5016 1748 5060 et
1785 5007 2080 5077 adaugens,

2214 5001 2284 5054 ιαὶ
2319 5000 2710 5071 τελεσιουργῶν
2730 5018 2745 5032 ο
2774 5001 2887 5054 ἀλλ’
2922 5000 3060 5053 ὥστε
3095 5010 3121 5049 (ι
3147 4999 3240 5052 καὶ
3267 5000 3480 5070 καιροῖς
3505 4996 3774 5058 τοιούτοις
3795 5017 3811 5027 ε

513 5093 714 5160 templa
761 5073 1067 5149 veneranda
1114 5105 1440 5151 construens
1473 5105 1527 5150 et
1560 5097 1852 5164 dedicans;
1891 5101 2081 5170 praeci-

2187 5094 2247 5145 ἑν
2281 5087 2361 5154 οἷς
2391 5093 2554 5161 ἱερεῖς
2583 5109 2641 5144 τε
2673 5093 2766 5144 καὶ
2799 5090 3088 5160 ἱερωσύνη,
3125 5091 3185 5143 τὸ
3207 5089 3371 5160 μέρος
3401 5086 3631 5139 ἐκείνων
3657 5084 3771 5138 τῶν

513 5196 621 5250 pue
667 5196 788 5235 cum
822 5191 1063 5253 tempora
1108 5185 1216 5239 sint
1253 5185 1553 5254 ejusmodi,
1591 5186 1642 5239 in
1678 5187 1873 5255 quibus
1901 5203 2086 5242 sacer-

2185 5181 2534 5252 τρισαθλίων,
2565 5182 2849 5252 σεσίγηται
2891 5182 2986 5236 καὶ
3013 5183 3075 5246 ἐξ
3098 5181 3401 5252 ἀνθρώπων
3421 5179 3720 5250 ἠφάνισται
3747 5194 3763 5209 ·

509 5274 666 5328 dotes
686 5282 742 5328 et
763 5276 1146 5343 sacerdotium,
1170 5294 1418 5350 magnam
1448 5289 1679 5350 partem,
1713 5281 2082 5335 miserandum

2186 5273 2329 5326 ναῶν
2365 5291 2424 5327 τε
2481 5274 2686 5345 ἐρημία
2736 5275 2830 5327 καὶ
2863 5274 3129 5345 πόρθησις
3160 5275 3281 5327 ἀντὶ
3305 5276 3405 5343 τῆς
3438 5275 3572 5342 πρὶν
3599 5273 3763 5325 εὐκο-

513 5367 566 5418 ἰιι
621 5364 843 5419 modum
899 5365 1113 5422 silentio
1170 5369 1500 5436 obruuntur,
1562 5379 1618 5424 et
1645 5386 1713 5425 ex
1769 5371 2082 5426 hominibus

2185 5366 2373 5435 σμίας,
2403 5364 2466 5418 τὸ
2513 5365 2820 5435 Ῥωμαϊκὸν
2854 5365 3074 5437 κατέχει
3105 5365 3424 5434 πολίτευμα,
3447 5363 3542 5416 καὶ
3571 5379 3765 5432 μονον-

511 5456 860 5510 ciiminantur
879 5473 893 5522 ;
914 5471 1036 5510 cum
1061 5460 1257 5528 templa
1284 5460 1482 5529 passim
1508 5461 1745 5516 desolata
1766 5462 2002 5530 jaceant,
2024 5471 2080 5515 et

2181 5459 2302 5528 ουχὶ
2355 5459 2425 5511 τὰ
2471 5457 2818 5528 Χριστιανῶν
2862 5459 2926 5510 ὲκ
2977 5457 3194 5527 βάθρων
3241 5454 3420 5510 αὐτῶν
3451 5454 3761 5524 ἀνατέτρα-

508 5547 765 5604 demolita
813 5548 921 5604 sint
940 5557 1034 5603 aut
1073 5551 1325 5620 expilata,
1372 5567 1470 5620 pro
1506 5551 1596 5605 illo
1635 5552 1825 5607 ordine
1863 5561 1921 5607 et
1958 5553 2078 5623 pul-

2183 5567 2335 5606 πταιο
2351 5545 2454 5616 οἷς,
2473 5551 2554 5614 τίς
2572 5550 2736 5616 ἀξίως
2752 5549 2908 5613 ἄλλος
2924 5551 2957 5621 ἢ
2975 5551 3241 5621 Ἱερεμίας
3259 5546 3629 5612 ὲπιστενάξειε
3672 5544 3759 5597 δυ-

1773 5709 2008 5766 νΑιιιΑι
2047 5709 2452 5767 LECTIONES.

587 5876 616 5919 ν
645 5868 743 5922 καὶ
780 5868 1184 5940 ἐνδυναμοῦντί.
1265 5883 1291 5922 ς
1340 5873 1508 5936 ἄλλως
1544 5890 1622 5928 τε.
