4044 6416
276 360 387 424 333
1436 348 1652 408 EPIST
1664 347 1823 407 οιΑ]

1926 348 1979 407 Μ
2020 348 2250 411 LIBER
2291 352 2369 411 II.
3408 365 3516 429 834

274 474 436 534 νατδς
480 469 557 523 ὢν
610 467 832 531 οἰκείοις
868 467 1082 538 θρήνοις
1126 463 1456 534 τηλικαύτης
1487 461 1720 533 ἐρημίας
1757 462 1821 514 ὲκ

1926 464 2264 526 ,(ιὶιτίιυάίηθ
2310 481 2415 535 qua
2459 467 2610 537 prius
2645 468 2888 525 Romana
2926 470 3229 541 respublica
3273 471 3518 528 florebat.

272 563 621 634 cocyqiﬁﬁaat
677 559 771 611 καὶ
812 557 1159 628 παραστῆσαι
1205 554 1467 624 μέγεθος;
1506 552 1645 606 ἀλλά
1684 551 1823 604 ταῦτι

1960 561 2012 605 et
2068 554 2516 611 Christianismus
2562 566 2767 613 tantum
2810 574 2917 614 non
2966 575 3032 614 ex
3082 560 3202 613 imis
3242 563 3523 617 subruitur

276 657 380 722 μὲν
404 654 498 707 καὶ
526 648 856 720 σιωπώμεναι
888 647 1179 718 κέκραγεν.
1206 646 1275 697 Σὺ
1308 644 1363 697 δέ
1390 660 1480 712 μοι
1521 643 1589 696 τά
1616 659 1676 694 τε
1715 640 1823 695 ἄλλι

1959 643 2347 702 fundamentis.
2381 647 2738 719 lngemisccre
2767 650 2832 704 ad
2860 651 2997 715 huic,
3029 667 3128 720 pro
3165 653 3372 707 meritis
3400 655 3523 723 quis

269 747 504 818 ἔρρωσο,
540 743 635 797 καὶ
662 744 762 808 τῆς
792 741 949 813 ήμῶν
979 737 1281 807 ύπερεύχου
1309 734 1677 805 μετριότητος.

1955 734 2093 787 alius
2143 735 2418 792 suﬂ‘ecerit
2461 754 2622 807 quam
2673 738 2954 803 Jeremias,
3008 741 3096 809 qui
3136 741 3368 809 propriis
3408 743 3522 795 suis

269 839 430 894 lessis
476 847 531 891 et
559 834 828 898 lamentis,
873 842 1033 886 taan
1073 830 1340 885 vastitatis
1377 837 1430 882 ct
1474 825 1821 882 desolationis
1866 826 2294 895 magnitudinem
2331 839 2385 883 et
2417 832 2720 900 exprimere
2760 832 2948 902 possit,
2990 840 3044 886 et
3094 833 3293 901 tragice
3329 834 3519 903 deplo-

269 934 435 989 rare?
491 931 587 987 sed
635 931 753 985 haec
796 929 1015 983 silentio
1060 941 1244 997 pressa
1288 925 1595 979 exclamant
1652 932 1854 976 tamen.
1922 916 2003 973 Tu
2036 932 2229 978 caetera
2259 925 2397 991 vale,
2424 935 2479 980 et
2509 943 2605 996 pro
2634 943 2751 981 mea
2782 926 3153 981 mediocritate
3179 926 3319 997 apud
3351 916 3517 983 Deum

268 1025 526 1096 precibus
554 1023 845 1077 intercedc.

922 1156 1093 1212 ΠΙΣΤ.
1143 1154 1245 1210 IZ'.

922 1158 1093 1212 ΠΙΣΤ.
1143 1158 1245 1210 ΙΖ’.

427 1246 691 1319 ἸγνατΙῳ
715 1158 1120 1317 μητρξπολίτῃ
1148 1244 1703 1307 Κλαυδιουπόλεως.

2514 1147 2728 1203 EPIST.
2770 1149 2923 1205 XVll.

2253 1236 2466 1307 lgnah'o
2500 1250 2723 1309 metrop.
2752 1241 3235 1309 Claudiopolitano.

1488 1356 1752 1405 Montacut.
1789 1357 1890 1420 (ep.
1922 1356 2030 1417 115,
2059 1368 2110 1418 p.
2144 1353 2278 1414 156).

340 1461 449 1519 Ἦν
488 1482 617 1518 ποτε
648 1464 879 1534 φευκτὸν
908 1465 1004 1518 καὶ
1060 1462 1289 1535 φοϐερὺν
1341 1462 1403 1517 τὸ
1430 1464 1699 1535 ἀνάθεμα,
1748 1464 1836 1517 ὅτε

263 1559 409 1613 κατά
437 1558 543 1610 τῶν
570 1557 768 1627 ἐνόχων
792 1559 890 1627 τῆς
927 1556 1200 1620 ἀσεϐείας,
1236 1558 1375 1627 ὑπὲρ
1402 1554 1510 1609 τῶν
1534 1556 1631 1625 τῆς
1678 1556 1835 1608 εὐσε-

262 1650 420 1713 ϐείας
449 1648 725 1720 κηρύκων,
756 1650 1002 1719 ἐφέρετο.
1047 1650 1163 1717 Ἀφ’
1193 1642 1253 1700 οὗ
1285 1649 1340 1701 δὲ
1388 1650 1422 1719 ἡ
1455 1648 1702 1718 τολμηρά
1743 1649 1834 1702 καὶ

2016 1461 2145 1516 Erat
2198 1461 2324 1514 olim
2393 1463 2628 1517 terribile
2678 1466 2985 1530 anathema,
3038 1475 3092 1521 et
3166 1467 3512 1539 fugiendum;

1944 1569 2139 1623 nempe
2192 1569 2314 1607 cum
2349 1570 2377 1608 a
2417 1556 2657 1611 veritatis
2690 1558 3048 1626 prreconibus,
3084 1570 3268 1613 contra
3310 1576 3429 1615 reos
3460 1572 3514 1616 et

1949 1645 2223 1715 improbos
2256 1646 2550 1702 ferebatur.
2602 1647 2676 1700 Ex
2710 1660 2816 1716 quo
2850 1664 2979 1702 vero
3035 1651 3207 1704 audax
3248 1661 3301 1705 et
3340 1652 3515 1722 impu-

261 1742 620 1813 ἀναίσχυντος
673 1742 782 1795 τῶν
840 1740 1153 1811 ἀλαστόρων
1187 1742 1435 1805 ἀπόνοια,
1482 1742 1629 1812 παρὰ
1656 1742 1823 1794 πάντα

1939 1735 2074 1791 dens
2111 1738 2400 1792 alastorum
2444 1739 2799 1807 quorumdam
2850 1740 3087 1804 vesania,
3127 1751 3312 1796 contra
3370 1744 3514 1812 leges

263 1833 466 1901 θεσμὸν
497 1832 638 1886 θεῖόν
664 1850 725 1886 τε
764 1831 860 1885 καὶ
902 1832 1264 1903 ἀνθρώπινον,
1310 1833 1405 1885 καὶ
1458 1832 1608 1902 παρὰ
1660 1834 1837 1885 πάντα

261 1926 431 1994 λόγον,
450 1924 758 1995 Ἑλληνικόν
781 1943 843 1978 τε
866 1926 960 1979 καὶ
984 1923 1279 1996 βάρϐαρον,
1298 1922 1356 1976 τδ
1375 1924 1570 1977 οἰκεῖον
1590 1924 1751 1977 άνάθε
1762 1940 1838 1993 μα

259 2012 404 2065 κατὰ
423 2013 533 2066 τῶν
554 2014 854 2084 προμάχων
881 2012 979 2083 τῆς
1008 2013 1321 2083 ὀρθοδοξίας
1353 2012 1713 2084 ἀναστρέφειν
1746 2015 1838 2066 ὲκ-

261 2104 559 2175 φρυάξατο,
584 2106 676 2159 καὶ
704 2106 801 2177 τὴν
832 2104 1165 2177 βαρϐαρικὴν
1204 2105 1400 2175 μανίαν
1451 2104 1835 2175 ἐκκλησιαστι-

259 2196 364 2265 κὴν
386 2197 728 2267 παρανομίαν
747 2196 1159 2269 ἐφιλονείκησαν
1180 2196 1616 2267 ἀπεργάσασθαι,
1638 2198 1836 2251 αὐτίκα

259 2287 360 2341 καὶ
401 2289 461 2342 τὸ
508 2290 736 2362 φρικτὸν
790 2291 965 2344 ἐκεῖνο
997 2289 1089 2343 καλ⁸
1128 2289 1318 2360 ποινῆς
1377 2290 1597 2357 ἀπάσης
1660 2289 1835 2359 πέρας

260 2375 507 2447 ἔσχατον,
541 2381 621 2442 εἰς
650 2378 853 2447 μύθους
884 2379 978 2433 καὶ
1003 2379 1229 2447 παίγνια
1260 2379 1677 2449 μεταπέπτωκε·
1705 2379 1836 2450 μᾶλ-

260 2474 352 2526 λον
384 2472 463 2539 δὲ,
490 2477 602 2537 τοῖς
644 2474 893 2527 εὐσεϐέσι
944 2475 1039 2528 καὶ
1100 2474 1315 2543 αἱρετὸν
1368 2474 1831 2545 παρεσκεύασται.

262 2562 400 2616 Οὐδὲ
428 2562 535 2631 γὰρ
564 2561 674 2615 οὐδ’
729 2564 763 2633 ή
802 2564 1100 2633 πάντολμος
1150 2563 1258 2616 τῶν
1287 2563 1497 2634 ἐχθρῶν
1552 2567 1651 2634 τῆς
1698 2564 1834 2635 ἀληα

261 2658 415 2722 θείας
433 2658 649 2729 γνώμη,
672 2657 769 2720 τὰς
799 2660 1009 2723 ποινάς,
1046 2659 1138 2711 καὶ
1167 2658 1402 2729 μάλιστα
1423 2660 1519 2721 τὰς
1545 2658 1836 2729 ἐκκλησια-

260 2750 479 2815 στικάς,
502 2752 645 2803 ποιεῖ
664 2748 919 2819 φοϐερὰς,
948 2748 1083 2801 ἀλλὰ
1104 2748 1215 2803 τῶν
1238 2749 1555 2818 πασχόντων
1580 2749 1641 2801 τὸ
1671 2748 1834 2802 ὑπεύ-

260 2841 440 2909 θυνον,
470 2842 546 2906 ὡς
574 2842 635 2895 τό
664 2859 728 2911 γε
751 2841 1040 2895 ἀνεύθυνον
1063 2842 1153 2893 καὶ
1202 2842 1282 2903 εἰς
1316 2840 1517 2911 χλεύην
1545 2841 1643 2902 τὰς
1687 2839 1833 2893 ὲκεί-

258 2953 367 2989 νων
396 2935 667 3006 τιμωρίας
690 2936 901 3006 τρέπει,
926 2934 1020 2987 καὶ
1063 2932 1184 2987 κατ’
1210 2932 1435 2986 ἐκείνων
1472 2932 1533 2985 τὸ
1560 2932 1831 3002 δικαίωμα

258 3028 359 3097 τῆς
392 3026 662 3098 τιμωρίας
694 3027 1044 3098 ἀναστρέφει,
1072 3025 1165 3078 καὶ
1200 3024 1278 3096 τῷ
1314 3026 1409 3078 ὑπ’
1446 3024 1626 3079 αὐτῶν
1655 3042 1831 3094 τιμω-

1940 1820 2131 1884 (ἰιιιηοδ
2156 1830 2370 1884 divinas
2389 1841 2444 1884 et
2468 1830 2763 1894 humanas;
2796 1840 2985 1885 contra
3004 1846 3218 1887 omnem
3247 1835 3510 1889 rationem

1938 1919 2200 1983 Graecam,
2239 1919 2542 1982 barbaram,
2588 1920 2825 1990 ipsorum
2870 1924 3158 1975 anathema
3203 1923 3256 1976 in
3310 1938 3510 1995 prapo-

1938 2019 2187 2079 gnatorcs
2242 2012 2553 2065 orthodoxa:
2609 2012 2821 2081 pietatis
2874 2012 3040 2082 jaciat
3088 2015 3408 2080 insolenter,
3453 2026 3513 2071 et

1940 2098 2153 2154 furores
2217 2100 2552 2165 barbaricos,
2604 2104 2998 2158 ecclesiasticas
3053 2109 3512 2176 transgressiones

1938 2206 2129 2261 magna
2179 2194 2531 2247 contentione
2572 2193 2846 2249 habendas
2886 2198 3253 2264 coiitenilunt;
3284 2214 3313 2252 e
3347 2201 3511 2254 vesti-

1937 2282 2023 2351 gio
2069 2282 2201 2337 illud
2250 2283 2670 2349 formidandum,
2721 2292 2772 2339 et
2823 2288 3064 2341 omnium
3120 2291 3509 2359 suppliciorum

1937 2382 2264 2439 extremum,
2308 2376 2360 2429 in
2394 2375 2630 2430 fabulam
2661 2387 2715 2430 et
2748 2376 3038 2431 ludibrium
3076 2383 3283 2435 evasit:
3330 2386 3509 2451 potius

1936 2466 2034 2519 viri
2068 2467 2141 2537 pii
2178 2467 2308 2522 illud
2340 2470 2743 2536 exoptaverint;
2787 2482 2893 2521 non
2934 2470 3077 2522 enim
3110 2472 3375 2525 sententia
3414 2490 3509 2543 per

1936 2559 2328 2613 audacissimos
2390 2560 2630 2614 veritatis
2689 2562 2871 2614 hostes
2919 2562 3022 2615 lata
3080 2580 3265 2631 punias
3317 2568 3504 2623 saltem

1933 2652 2326 2707 ecclesiasticas
2358 2652 2724 2707 formidabiles
2762 2653 2908 2711 facit.
2958 2659 3050 2713 secl
3096 2675 3276 2715 reatus
3319 2680 3506 2717 eorum

1936 2741 1989 2795 in
2020 2758 2157 2810 quos
2186 2744 2583 2813 intorquentur.
2615 2745 2772 2810 Quod
2801 2748 2843 2803 si
2869 2748 3134 2807 innocens
3162 2755 3284 2823 quis
3317 2755 3503 2818 luerit,

1934 2834 2189 2889 ridendas
2210 2836 2423 2889 illorum
2449 2852 2637 2905 poenas
2677 2844 2945 2911 propinat,
2980 2855 3035 2897 et
3062 2846 3114 2898 in
3152 2846 3506 2915 ipsorummet

1928 2925 2194 2994 judicium
2228 2937 2419 2991 mutat,
2460 2929 2530 2982 illi
2574 2943 2754 2986 autem
2800 2950 2960 3005 quem
3016 2940 3310 2993 multarunt
3350 2957 3505 2996 coro-

1933 3033 2056 3071 nam
2107 3020 2633 3089 innuarcescibilem,
2669 3034 2724 3078 et
2759 3025 3114 3083 immortalem
3151 3032 3373 3100 gloriam
3406 3050 3505 3103 pro

260 3118 511 3188 ρουμένῳ
540 3117 834 3186 στεφάνους
872 3116 1198 3187 ἀκηράτους.
1224 3116 1317 3168 καὶ
1344 3114 1611 3168 ἀθάνατον
1647 3115 1823 3183 δόξαν,

1931 3110 2210 3180 suppliciis
2249 3122 2519 3180 procurat.
2555 3112 2817 3180 Quocirca
2846 3120 3073 3189 quisque
3119 3123 3241 3192 pius
3272 3132 3326 3178 et
3378 3141 3504 3179 san-

257 3211 381 3263 ἀντὶ
414 3211 626 3278 ποινῆς,
673 3209 1065 3280 ἀπεργάζεται.
1123 3209 1200 3259 Δι’
1251 3207 1280 3259 ὃ
1331 3209 1428 3260 κα)⁵
1459 3208 1691 3272 ἕκαστος
1716 3209 1825 3263 τῶν

255 3301 498 3355 εὐσεϐῶν
526 3302 618 3355 καὶ
647 3300 840 3369 ἁγίων,
868 3301 959 3354 ὑπ’
989 3298 1164 3353 αὐτῶν
1200 3297 1650 3368 ἠλλοτριωμένων
1690 3300 1828 3370 Χρι-

254 3391 411 3458 στοῢ,
439 3393 695 3463 μυριάκις
725 3392 959 3461 αἱρεῖται
1004 3384 1533 3458 προπηλακίζεσθαι,
1566 3386 1661 3439 καὶ
1696 3384 1824 3438 ἀνα-

252 3483 644 3553 θεματίζεσθαι
674 3484 708 3555 ἢ
748 3484 862 3545 τοῖς
907 3480 1086 3534 αὐτῶν
1113 3478 1476 3549 μισοχρίστοις
1511 3478 1603 3530 καὶ
1634 3476 1825 3530 θεστυ-

253 3574 410 3643 γέσιν
446 3575 583 3645 μετὰ
628 3575 888 3645 λαμπρᾶς
923 3573 1023 3642 τῆς
1057 3571 1330 3641 εὐφημίας
1372 3569 1695 3640 κοινωνῆσαι
1732 3587 1818 3623 πο·

248 3667 610 3738 νηρεύμασιν.

852 3758 1074 3811 ΕΠΙΣΤ.
1110 3757 1220 3811 lH'.

515 3851 757 3922 Μιχαὴλ
779 3850 1185 3921 μητροπολίτῃ
1214 3847 1584 3915 Μιτυλήνης.

1931 3215 2052 3259 ctus
2096 3205 2175 3258 vir
2206 3207 2352 3260 mille
2385 3208 2561 3262 modis
2596 3211 2880 3277 optaverit,
2922 3215 3100 3281 potius
3132 3216 3200 3270 ab
3246 3218 3311 3272 iis
3346 3220 3437 3288 qui
3471 3236 3503 3275 a

1927 3294 2147 3348 Christo
2189 3296 2348 3349 alieni
2408 3306 2537 3350 sunt
2588 3300 2933 3354 contumeliis
2970 3303 3129 3365 allici,
3181 3316 3235 3358 et
3277 3308 3503 3363 anathe-

1928 3392 2072 3436 mate
2116 3383 2285 3450 feriri,
2328 3402 2488 3455 quam
2534 3403 2657 3441 cum
2706 3389 2996 3457 splendore
3038 3402 3093 3448 et
3135 3399 3393 3466 applausu
3433 3401 3501 3455 de

1926 3474 2166 3544 ipsorum
2190 3478 2557 3548 impietatibus
2575 3483 2916 3553 participare,
2946 3488 3036 3555 qui
3058 3488 3276 3544 Christo
3298 3493 3494 3557 odiosi,

1930 3576 1985 3621 et
2020 3568 2127 3622 Deo
2158 3569 2313 3624 invisi
2343 3582 2487 3626 sunt.

2488 3774 2700 3831 EPIST.
2743 3778 2929 3834 XVIII.

2244 3864 2485 3920 Michaeli
2518 3869 2790 3942 Mitylene:
2828 3875 3187 3943 metiopolitw.

1474 3958 1741 4009 Montacut.
1777 3959 1879 4025 (ep.
1914 3966 2020 4032 116,
2054 3984 2105 4033 p.
2140 3970 2270 4037 157).

321 4066 531 4137 Ὥσπερ
550 4066 673 4129 τοὺς
691 4066 785 4119 τοῦ
815 4069 1083 4121 Δεσπότου
1109 4066 1355 4137 μαθητὰς
1381 4065 1442 4119 τὸ
1470 4068 1815 4137 μισόχριστον

242 4158 359 4210 τῶν
388 4157 654 4212 Ἰουδαίων
674 4157 945 4227 συνέδριον
971 4156 1431 4225 ἀποσυναγώγους
1469 4159 1811 4227 ποιήσαντες,

1973 4076 2438 4142 Quemadmodum
2459 4085 2753 4157 discipulos
2768 4090 2975 4146 Domini
2995 4094 3163 4147 nostri
3182 4092 3488 4149 Judaeorum

1919 4166 2341 4229 Cbristiosorum
2364 4180 2673 4247 synedrium
2694 4198 2723 4236 e
2749 4185 3032 4255 synagogis
3050 4186 3351 4255 ejicientes,
3369 4188 3489 4243 illos

242 4254 494 4316 ἐκείνους
541 4253 639 4323 μὲν
692 4254 892 4323 μᾶλλον
920 4270 999 4323 τῳ
1050 4253 1363 4323 Διδασκάλῳ
1418 4253 1511 4306 καὶ¹
1567 4254 1811 4324 Δεσπότῃ

1926 4278 1983 4315 eo
2016 4263 2159 4319 facto
2181 4308 2193 4331 ,
2238 4272 2409 4339 magis
2448 4271 2712 4342 magistro
2741 4282 2795 4328 et
2830 4253 3059 4329 Domino
3081 4253 3278 4332 dedere
3321 4292 3489 4349 copu-

244 4342 692 4413 προσῳκείωσαν,
728 4342 951 4404 ἑαυτοὺς
980 4343 1035 4394 δὲ
1064 4341 1245 4393 τέλεον
1266 4343 1358 4394 καὶ
1388 4342 1485 4411 τῆς
1514 4342 1664 4407 θείας
1714 4360 1819 4413 μυ-

246 4432 581 4501 σταγωγίας,
605 4434 702 4487 καὶ
725 4433 823 4503 τῆς
848 4432 1092 4503 οὐρανῶν
1126 4432 1403 4502 βασιλείας
1428 4432 1813 4502 ἠλλοτρίωσαν.

243 4523 404 4577 υύτω
434 4525 528 4577 καὶ
574 4523 670 4576 νῦν
716 4527 765 4577 οἱ
804 4524 911 4578 τῶν
959 4523 1228 4577 Ἰουδαίων
1267 4525 1522 4593 μιμηταὶ,
1554 4525 1681 4587 τοὺς
1710 4525 1816 4578 τῶν

235 4615 557 4669 ἀποστόλων
606 4615 893 4687 ζηλωτὰς,
948 4617 1407 4685 ἀποσυναγώγους
1468 4619 1813 4688 ποιήσαντες,

240 4708 391 4777 ἡμᾶς
424 4708 522 4777 μὲν
543 4711 655 4771 τοῖς
684 4709 990 4771 θεσπεσίοις
1021 4709 1250 4772 ἐκείνοις
1271 4710 1366 4761 καὶ
1392 4709 1688 4773 αὐτόπταις
1718 4710 1812 4763 τού

238 4802 440 4867 Λόγου,
468 4800 709 4872 συνῆψαν
742 4819 801 4855 τε
837 4803 1039 4871 μᾶλλον
1075 4802 1171 4855 καὶ
1213 4804 1552 4871 συνήνωσαν.
1607 4802 1668 4856 'II
1705 4802 1812 4874 γὰρ

240 4891 494 4944 κοινωνία
544 4892 654 4945 τῶν
683 4892 872 4945 παθῶν
923 4892 1321 4963 ἀκριϐεστέραν
1353 4896 1583 4946 ποιεῖται
1610 4894 1707 4965 τὴν
1752 4896 1811 4947 ὲν

235 4978 340 5049 βίῳ
368 4981 460 5033 καὶ
498 4980 676 5033 πίστει
705 4982 1020 5050 συνάφειανο
1058 4981 1281 5045 ἑαυτοὺς
1302 4982 1357 5034 δὲ
1408 4982 1501 5035 καὶ
1530 4985 1630 5051 τῆς
1663 4983 1809 5035 ὲκεί-

234 5088 343 5123 νων
396 5072 742 5136 διδασκαλίας
774 5113 789 5138 ,
848 5076 940 5126 καί⁸
980 5075 1078 5144 τῆς
1143 5075 1417 5144 ἡμετέρας
1475 5073 1805 5144 ὀρθοδοξίας,

235 5162 488 5225 ἐλεεινῶς
514 5181 575 5216 τε
607 5165 701 5217 καὶ
729 5164 932 5228 ἀθλίως
990 5164 1324 5234 ὲναπέτεμον
1348 5180 1359 5192 ·
1416 5164 1510 5216 καὶ
1544 5164 1640 5234 τῆς
1671 5166 1807 5233 Χρι-

237 5255 469 5308 στιανῶν
493 5256 629 5319 ὅλως
663 5256 757 5311 καὶ
786 5257 1027 5327 κλήσεως
1053 5257 1147 5311 καὶ
1170 5256 1442 5320 πολιτείας
1468 5257 1566 5327 τὴν
1599 5258 1806 5310 ἑαυτῶν

236 5346 433 5414 μοῖραν
461 5345 795 5415 δικάσαντες,
820 5349 899 5410 είς
927 5350 1025 5417 τὴν
1054 5349 1162 5401 τῶν
1212 5348 1498 5413 Ἰουδαίων,
1541 5348 1635 5410 οὓς
1662 5365 1805 5417 παρ-

230 5432 533 5503 εζήλωσαν,
559 5438 651 5489 καὶ
680 5438 1073 5507 χριστομαχίαν
1103 5438 1197 5491 καὶ
1222 5438 1538 5509 μιαιφονίαν
1568 5439 1804 5509 φερόμε-

239 5539 311 5577 δοι
336 5526 780 5583 ὲκπεπτώκασιν.

1921 4352 2081 4419 latos,
2121 4365 2177 4410 at
2210 4360 2421 4428 seipsos
2480 4364 2697 4430 penitus
2743 4380 2773 4418 a
2812 4366 3019 4420 caelesti
3061 4371 3385 4440 mystagogia
3432 4381 3488 4427 ct

1919 4461 2085 4516 regno
2136 4451 2399 4506 cmlorum
2462 4455 2672 4510 alienos
2739 4458 3045 4514 reddidere.
3099 4461 3177 4514 Ad
3229 4464 3484 4517 eumdem

1916 4537 2135 4591 modum
2170 4548 2224 4593 et
2252 4557 2398 4596 nunc
2425 4542 2735 4600 Judazorum
2771 4547 3071 4603 imitatores
3116 4552 3483 4619 apostolorum

1915 4627 2117 4681 zelotas
2148 4646 2250 4684 nos
2292 4646 2322 4686 e
2351 4636 2635 4706 synagogis
2662 4637 2965 4707 ejicientes,
3002 4655 3068 4694 eo
3105 4638 3247 4695 facto
3285 4642 3483 4696 divinis

1916 4717 2039 4782 illis,
2091 4731 2147 4775 et
2202 4721 2365 4779 Verbi
2408 4727 2673 4783 incarnati
2718 4732 3117 4800 spectatoribus
3157 4748 3257 4787 nos
3314 4734 3483 4803 magis

1913 4810 2234 4878 coniunctos
2283 4816 2642 4885 adunierunt;
2688 4821 2957 4891 siquidem
3000 4838 3314 4878 communes
3356 4839 3480 4893 pas-

1911 4899 2115 4967 siones,
2168 4908 2568 4964 exactissimam
2609 4912 2731 4967 vita:
2778 4922 2833 4967 et
2874 4913 2997 4968 fidei
3037 4914 3477 4983 coniunctionem

1911 5004 2243 5061 cperantur;
2281 5008 2455 5054 semet
2484 5011 2665 5056 autem
2708 5004 2856 5073 ipsos
2891 5004 2960 5059 ab
2991 5018 3180 5058 eorum
3209 5004 3476 5072 doctrina,

1909 5092 1964 5133 et
2002 5085 2301 5143 orthodoxa
2336 5099 2521 5147 nostra
2555 5093 2679 5158 fide,
2711 5094 2970 5149 miserum
3003 5105 3058 5151 et
3107 5096 3475 5152 miserandum

1909 5169 1963 5224 in
2007 5174 2225 5229 modum
2255 5179 2631 5245 absciderunt;
2670 5190 2725 5237 et
2768 5199 2891 5237 cum
2930 5186 3162 5255 separati
3196 5197 3323 5241 sunt
3356 5203 3477 5241 om-

1906 5258 2038 5313 nino
2066 5275 2097 5315 a
2135 5263 2569 5322 Christianorum
2607 5270 2830 5325 nomine
2862 5284 2917 5326 ct
2946 5273 3130 5343 politia
3151 5316 3167 5343 ρ
3199 5274 3479 5330 iuJuda:o~

1907 5363 2027 5402 rum
2088 5362 2225 5421 quos
2282 5356 2396 5412 zelo
2455 5357 2775 5426 imitantur,
2835 5364 3229 5435 oppositionem
3285 5376 3474 5423 contra

1904 5439 2203 5585 ﬁbristum,
2256 5457 2309 5501 et
2359 5449 2637 5507 homicidii
2681 5454 3036 5525 pollutionem
3073 5458 3280 5530 abrepti
3326 5459 3475 5513 exci-

1942 5544 2117 5585 erunt.

1942 5544 2117 5590 erunt.

1598 5797 2064 5813 -—-—v—-———;———v———
