4044 6436
1684 364 1949 428 ΡΗΟΤΙῙ
1986 363 2146 425 PAT]

2248 357 2484 423 tRCHIE
2519 360 2626 421 CP.
3698 345 3802 411 836

1140 482 1360 541 EPIST.
1381 480 1525 537 XIX.

2839 470 3063 525 ΕΠΙΣΤ.
3095 469 3193 523 ΙΘ”.

879 578 1222 637 Euschemoni
1259 586 1309 633 et
1339 573 1558 644 Georgio
1592 580 1811 639 metrop.

2378 565 2735 639 Εὐσχήμονι
2763 565 2861 621 καὶ
2885 563 3155 634 Γεωρτίφ
3181 557 3674 633 μητροκολίταις.

1777 684 2043 733 Montacut.
2080 681 2182 746 (ep.
2216 683 2327 747 ηδ,
2357 698 2407 747 p.
2439 684 2573 747 166).

633 803 751 859 Non
793 800 1107 872 despondeo
1134 799 1377 854 animum
1398 838 1415 862 ,
1438 796 1568 852 dum
1599 794 1816 849 intueor
1842 800 2136 864 tempesta-

2307 796 2419 851 Οὐκ
2442 794 2656 866 ἀθυμῶ,
2689 793 2788 865 τὴν
2824 791 3071 863 χειμῶνα
3106 790 3215 844 τῶν
3252 788 3439 844 κακῶν
3466 786 3691 858 καὶτῆς
3716 804 3808 839 τν-

558 906 727 953 tatem
753 894 1052 959 malorum,
1097 901 1152 947 et
1180 888 1476 962 tyrannidis
1518 885 1918 952 intensionem;
1972 884 2135 939 audio

2248 888 2480 961 ραννίδος
2519 888 2922 956 ἐπιτεινόμενον
2953 884 3186 955 βλέπων.
3216 884 3352 946 Ταῖς
3399 881 3509 955 γὰρ
3553 882 3637 944 είς
3678 880 3807 933 Θεὸν

563 988 710 1042 enim
757 999 853 1040 vos
893 998 989 1054 per
1033 982 1193 1037 fidem
1245 980 1299 1034 in
1354 979 1466 1034 Deo
1516 987 1741 1044 certam,
1788 984 1843 1030 et
1879 975 2137 1046 pietatem

2248 979 2437 1043 ἐλπίσι,
2491 978 2587 1031 καὶ
2616 980 2681 1049 τῇ
2737 977 2990 1047 εὐσεϐείᾳ
3044 974 3334 1037 ἀνθοῦντας
3364 974 3510 1043 ὑμᾶς
3542 974 3641 1025 καὶ
3671 973 3811 1041 tapi-

563 1077 965 1133 emorescentes
1001 1082 1059 1128 et
1090 1080 1380 1127 vernantes
1415 1088 1429 1125 :
1462 1070 1573 1124 imo
1602 1068 1787 1123 laztitia
1834 1066 2040 1123 afﬁcior
2067 1080 2135 1121 eo

2248 1071 2429 1135 ξοντας
2457 1069 2673 1123 ἀκούω⁹
2709 1069 2911 1139 μᾶλλον
2939 1067 2997 1121 δὲ
3030 1067 3125 1121 καὶ
3145 1066 3343 1139 χαίρω,
3374 1067 3455 1120 ὅτι
3486 1067 3582 1119 καὶ
3614 1066 3811 1137 ὡραιο-

564 1169 709 1241 quod
740 1168 951 1221 illorum
975 1180 1186 1219 summa
1217 1163 1578 1233 impudentia,
1599 1162 1690 1232 qui
1716 1162 1957 1217 dedecus
1986 1160 2138 1215 vobis

2248 1162 2425 1232 ιέρους
2480 1164 2577 1216 καὶ
2633 1160 3037 1231 δοκιμωτέρους
3085 1160 3119 1231 ἡ
3170 1159 3278 1213 τῶν
3306 1156 3674 1228 καταισχῦναι
3722 1157 3810 1210 καὶ

564 1271 622 1316 et
655 1258 1044 1330 turpitudinem
1062 1256 1317 1310 volebant
1355 1255 1624 1313 all'ricare.
1647 1268 1744 1309 vos
1772 1260 1828 1307 et
1866 1251 2140 1322 pulchrio-

2248 1254 2618 1327 ὶσχημονῆσαι
2663 1252 3069 1308 σπουδασάντων
3092 1252 3235 1322 ὑμᾶς
3280 1250 3481 1315 ἔδειξεν
3518 1251 3811 1317 ἀναισχυνο

566 1368 653 1408 res
682 1350 933 1414 reddidit,
962 1359 1018 1404 et
1055 1348 1411 1419 probatiores.
1447 1346 1553 1401 Sed
1577 1385 1593 1411 ,
1621 1360 1654 1399 o
1685 1360 1782 1400 vos
1813 1343 1993 1408 amici,
2021 1342 2136 1407 filii,

2248 1348 2343 1403 ria.
2392 1346 2550 1411 Ἀλλ’,
2580 1340 2627 1399 ὦ
2664 1345 2807 1414 φίλοι
2839 1347 2934 1398 καὶ
2956 1346 3125 1398 τέκνα
3158 1344 3253 1397 καὶ
3278 1342 3517 1410 ἀδελφοὶ,
3548 1341 3648 1394 καὶ
3685 1340 3740 1392 εῖ
3764 1358 3812 1392 τι

568 1445 784 1507 fratres,
819 1450 875 1497 et
906 1441 950 1497 si
990 1439 1119 1510 quid
1158 1455 1357 1495 nomen
1394 1438 1541 1493 filiali
1583 1453 1769 1493 amore
1811 1446 1867 1492 et
1903 1434 2138 1493 naturali

2248 1440 2472 1512 στοργῆς
2510 1440 2605 1493 καὶ
2644 1438 2880 1509 σχέσεως
2912 1436 3149 1506 φυσικῆς
3193 1435 3520 1504 οίκειότερον
3540 1472 3555 1498 ,
3588 1433 3697 1493 ἕως
3726 1433 3811 1484 τέ-

568 1534 853 1589 affectione
886 1530 1058 1601 magis
1089 1529 1352 1584 familiare
1379 1530 1469 1594 sit,
1513 1544 1682 1598 usque
1713 1529 1779 1583 ad
1810 1529 1970 1584 finem
2003 1544 2137 1583 con-

2248 1532 2363 1595 λους
2391 1531 2510 1600 Θεῷ
2526 1530 2626 1601 τὴν
2658 1529 2830 1600 αὐτὴν
2882 1525 3303 1596 εὐγνωμοσύνην
3350 1523 3539 1578 καὶτὸ
3592 1522 3811 1593 φίλτρον

568 1633 897 1680 summatum
944 1623 998 1676 in
1046 1620 1215 1675 Deum
1269 1621 1416 1675 hunc
1471 1620 1712 1674 animum
1767 1629 1822 1674 et
1880 1620 2135 1675 affectum

568 1730 958 1772 conservemus
1004 1730 1019 1768 :
1064 1720 1121 1767 et
1152 1712 1611 1782 quemadmodum
1648 1710 1820 1766 Jobus
1854 1710 1943 1765 ille
1971 1726 2137 1782 gene-

570 1821 724 1860 rosus
751 1843 765 1869 ,
814 1804 1056 1873 ipsorum
1091 1802 1285 1856 ducem
1331 1801 1635 1865 diabolum,
1661 1816 1774 1871 :per
1814 1803 2135 1871 stupendam

573 1895 717 1948 illam
770 1892 1084 1963 patientiam
1116 1901 1171 1946 et
1199 1891 1572 1946 fortitudinem
1620 1893 1894 1962 triumpho
1947 1893 2135 1956 duxit,

572 1985 646 2041 ita
681 2000 776 2039 vos
826 1993 886 2039 ut
932 1983 1131 2039 Christi
1173 1983 1406 2053 p0pulus
1445 1984 1534 2038 ille
1578 1993 1819 2047 sanctus,
1861 1984 2143 2054 regaleque

573 2076 957 2142 sacerdotium,
996 2084 1055 2129 ut
1085 2084 1139 2130 et
1169 2075 1316 2137 olim,
1350 2075 1422 2129 ita
1450 2074 1744 2129 etiamnum
1774 2075 1970 2130 istosce
1999 2075 2143 2130 illius

573 2181 860 2237 germanos
911 2167 1275 2238 primipilares
1328 2166 1643 2237 discipulos,
1702 2182 1826 2222 cum
1883 2166 2038 2222 lessis
2088 2177 2145 2221 et

576 2258 847 2321 lamentis,
899 2272 1001 2313 nec
1051 2274 1159 2328 quo
1199 2273 1260 2314 se
1308 2258 1595 2314 conferant
1630 2260 1885 2325 scientes,
1925 2259 2144 2329 publice

576 2350 897 2422 spectandos
934 2350 1332 2405 exhibebimus.
1374 2350 1506 2405 Nam
1536 2351 1682 2421 quod
1713 2366 1808 2406 vos
1850 2352 2016 2421 probe
2042 2365 2144 2405 no-

575 2440 673 2493 stis
713 2454 868 2509 mque
918 2449 1084 2509 atque
1120 2455 1223 2510 ego
1246 2479 1261 2504 ,
1295 2440 1483 2495 brabia
1517 2450 1573 2494 et
1591 2455 1807 2496 corona:
1836 2450 2153 2511 exspectant

576 2545 690 2594 eos,
716 2532 807 2601 qui
837 2546 1005 2601 usque
1028 2534 1095 2585 ad
1122 2531 1283 2585 finem
1307 2531 1609 2586 decertant.

1176 2644 1392 2703 EPIST.
1430 2644 1547 2700 XX.

899 2737 1160 2795 Theodoro
1194 2740 1466 2808 metropol.
1502 2738 1794 2793 Laodicecz.

2240 1622 2594 1691 διασώσωμεν
2618 1637 2633 1651 ο
2657 1622 2749 1673 καὶ
2777 1621 2915 1689 ὅπερ
2957 1618 3074 1671 Ἰὼϐ
3099 1619 3126 1670 6
3164 1618 3406 1685 γενναῖος
3436 1616 3536 1685 τὴν
3562 1615 3813 1684 καθηγη-

2238 1712 2338 1784 τὴν
2367 1712 2547 1766 αὐτῶν
2584 1710 2895 1766 πεπονθότα
2921 1719 2965 1776 ι’,
3020 1709 3109 1763 διὰ
3135 1712 3233 1780 τῆς
3270 1708 3578 1778 θαυμασίας
3600 1707 3813 1775 ἐκείνης

2241 1806 2519 1875 ὑπομονῆς
2585 1804 2678 1859 καὶ
2738 1803 2990 1875 ἀνδρείας
3056 1802 3458 1874 ἐθριάμϐευσεθ
3507 1800 3672 1853 τοῦτο
3727 1802 3813 1853 καὶ

2241 1897 2538 1969 ὐμεῖς,καὶ
2564 1896 2690 1960 λαὸς
2742 1898 2895 1966 ἅγιος
2954 1895 3047 1950 τοῦ
3086 1894 3346 1967 Χριστοῦ,
3399 1894 3493 1948 καὶ
3542 1893 3813 1963 βασίλειον

2245 1992 2567 2064 ἱεράτευμα.
2604 1990 2792 2062 ῶσπερ
2833 1990 2997 2061 μέχρι
3041 1989 3157 2056 νῦν,
3178 1988 3321 2042 οὕτω
3354 1988 3448 2042 καὶ
3498 1986 3812 2049 διαπαντὸς,

2243 2085 2493 2137 τουτουσὶ
2517 2083 2641 2146 τοὺς
2670 2083 2880 2136 ἐκείνου
2908 2081 3162 2151 γνησίους
3196 2081 3288 2134 καὶ
3333 2080 3671 2152 κορυφαίους
3712 2096 3813 2150 μα-

2246 2174 2435 2246 θητὰς,
2466 2175 2823 2246 ὀδυρομένους
2848 2175 2943 2227 καὶ
2980 2172 3395 2244 ἀμηχανοῦντας
3447 2171 3808 2241 ἐπιδείξομεν.

2247 2267 2359 2321 Καὶ
2390 2266 2519 2337 γὰρ,
2546 2266 2621 2329 ὡς
2647 2266 2744 2319 καὶ
2773 2266 2931 2335 ὑμεῖς
2950 2264 3371 2329 συνεπίστασθε,
3407 2263 3517 2318 τῶν
3547 2267 3633 2327 είς
3668 2264 3814 2328 τέλος

2246 2358 2663 2431 ἀγωνιζομένων
2688 2358 2808 2412 ἐστὶ
2834 2355 2903 2413 τὰ
2933 2356 3164 2430 βραδεῖα
3195 2358 3289 2412 καὶ
3312 2357 3362 2412 οί
3396 2356 3680 2426 στέφανοι.

2862 2638 3087 2695 ΕΠΙΣΤ.
3118 2640 3203 2696 K'.

2484 2732 2761 2805 Θεοδώρῳ
2781 2735 3192 2805 μητροπολίτῃ
3226 2730 3598 2797 Λαοδικείας.

1801 2855 2070 2908 Montacnt.
2103 2858 2208 2920 (ep.
2240 2856 2350 2919 ιιο,
2379 2871 2429 2921 p.
2464 2854 2595 2918 198).

651 2966 778 3022 Scio
792 2965 1054 3036 plurimos
1071 2965 1307 3022 ﬁdelium
1333 2966 1405 3020 ita
1422 2965 1649 3021 affectos
1663 2980 1807 3032 esse,
1826 2975 1886 3021 ut
1908 2967 2146 3024 occasio-

2321 2962 2451 3020 Οίδα
2484 2964 2713 3028 πολλοὺς
2744 2963 2852 3017 τῶν
2880 2962 3092 3017 πιστῶν
3114 2961 3345 3034 ἀνδρῶν,
3383 2962 3575 3032 καιρὸν
3602 2961 3821 3033 ζητοῖμε-

580 3074 705 3114 nem
734 3074 950 3114 omnem
988 3066 1263 3128 quaerant,
1296 3074 1401 3128 qua
1431 3058 1641 3129 possint
1672 3058 1905 3130 propriae
1933 3060 2148 3115 virtutis

584 3152 791 3207 illustre
832 3151 1100 3220 quoddam
1142 3152 1418 3221 specimen
1452 3150 1746 3218 exhibere;
1801 3160 1857 3206 et
1888 3160 2149 3224 martyres

585 3243 769 3297 felices
792 3242 1106 3312 praedicare,
1137 3244 1281 3312 quod
1321 3243 1609 3298 barbaram
1638 3253 1988 3315 tyrannorum
2021 3261 2149 3300 cru-

582 3334 857 3390 delitatem
886 3336 1031 3391 nacti
1066 3337 1301 3403 fuerant,
1342 3353 1449 3408 qua
1495 3338 1707 3408 possint
1744 3337 1799 3391 in
1843 3346 2107 3393 aeternum
2132 3378 2148 3404 ,

583 3444 736 3482 suam
768 3428 1007 3498 ipsorum
1036 3430 1202 3485 animi
1231 3432 1655 3502 magnitudinem
1702 3432 1853 3502 quasi
1882 3434 2150 3487 columna:

586 3519 910 3589 insculptam
952 3521 1215 3577 stabilire.
1251 3520 1395 3576 Sane
1422 3523 1574 3578 adest
1608 3523 1725 3579 haec
1750 3524 1864 3594 ipsa
1913 3524 2149 3589 occasio,

581 3610 665 3665 vel
694 3612 867 3681 major
907 3612 1107 3682 potius,
1155 3628 1318 3683 quam
1365 3622 1614 3684 speraret
1644 3615 1807 3669 etiam
1844 3616 2150 3670 valentissi-

582 3718 720 3757 mus.
751 3702 996 3768 Conﬁdo,
1027 3713 1207 3759 autem
1238 3704 1381 3775 quod
1412 3706 1504 3775 qui
1544 3717 1740 3761 contra
1795 3714 1944 3762 tuam
1985 3723 2149 3778 gene-

582 3795 856 3849 rositatem
899 3795 1215 3863 insurrexit,
1241 3797 1509 3862 ultimam,
1539 3799 1850 3865 maximam,
1876 3808 1930 3853 et
1956 3815 2151 3869 perpe-

581 3896 674 3941 tuo
703 3889 1108 3943 memorandam
1142 3888 1524 3945 confusionem
1559 3890 1821 3956 incurret,
1862 3890 1917 3943 in
1952 3905 2154 3960 appro-

580 3976 761 4031 brium
816 3980 1049 4048 propria:
1082 3995 1207 4033 cum
1262 3979 1601 4033 inlirmitatis
1634 3988 1748 4033 tum
1779 3980 2035 4034 audaciae.
2076 3980 2153 4034 lta

584 4077 644 4122 ut
673 4069 896 4123 immota
926 4078 1016 4124 tua
1034 4069 1323 4125 formidine
1349 4070 1653 4141 perculsus,
1691 4070 1919 4125 ulterius
1948 4072 2152 4141 aliquid

582 4164 853 4212 attentare
878 4160 1131 4216 cessabit.
1158 4160 1234 4215 Ita
1257 4178 1353 4231 per
1380 4162 1520 4216 hanc
1550 4161 1764 4216 unicam
1794 4164 2152 4218 concertatio-

584 4262 733 4312 nem,
785 4248 894 4304 duo
945 4250 1157 4323 egregia
1214 4266 1550 4323 consequere
1603 4252 1876 4322 traphaaa,
1928 4266 2052 4305 cum
2096 4261 2155 4306 ut

2247 3077 2367 3125 τας,
2405 3060 2488 3129 ἐφ’
2520 3059 2580 3113 ὃν
2606 3058 2707 3128 τῆς
2732 3057 2938 3120 οίκείας
2988 3056 3190 3127 ἀρετῆς
3218 3057 3278 3110 τὸ
3337 3056 3571 3125 μέγεθος
3624 3057 3820 3109 ἐπιδεί-

2250 3154 2431 3217 ξαιντο
2452 3166 2465 3181 ·
2502 3153 2597 3205 καὶ
2630 3151 2757 3214 τοὺς
2782 3151 3065 3220 μάρτυρας
3115 3150 3520 3219 μακαρίζοντας
3543 3190 3559 3215 ,
3610 3149 3696 3201 ὃτι
3728 3166 3818 3201 τυ-

2252 3247 2460 3317 ράννων
2481 3244 2637 3315 ἔσχον
2659 3244 2916 3313 ὠμότητα
2945 3244 3044 3313 τὴν
3072 3242 3320 3313 ἀνδρείαν
3342 3242 3524 3296 αὐτῶν
3548 3243 3633 3305 είς
3657 3243 3821 3297 αἰῶνα

2252 3339 2686 3410 στηλιτεύουσαν.
2738 3337 3071 3407 Ἐφέστηκεν
3099 3330 3254 3398 οὗτος
3305 3337 3334 3389 6
3372 3335 3585 3406 καιρὸς,
3640 3338 3692 3388 εί
3733 3339 3823 3389 καὶ

2250 3433 2431 3496 πλέον,
2467 3431 2500 3501 ἢ
2530 3430 2654 3483 ὅσον
2684 3428 2749 3483 ἂν
2784 3430 2880 3481 καὶ
2908 3431 2936 3481 6
2965 3428 3342 3497 γενναιότατος
3370 3428 3570 3499 ἤλπισε
3594 3444 3611 3458 ο
3646 3428 3823 3479 πείθι-

2254 3540 2352 3592 μαι
2377 3521 2455 3586 δὲ,
2485 3521 2561 3585 ὡς
2591 3522 2898 3573 τελευταῖον
2937 3520 3032 3572 καὶ
3064 3520 3320 3588 μέγιστον
3371 3522 3468 3589 τῆς
3499 3518 3640 3582 ίδίας
3672 3519 3826 3571 ἀεὶ·

2250 3614 2419 3681 νείας,
2455 3614 2549 3667 καὶ
2579 3612 2674 3667 τοῦ
2708 3612 2961 3683 θράσους,
3001 3614 3030 3665 6
3063 3614 3129 3683 τῇ
3173 3615 3239 3684 σῇ
3278 3614 3622 3683 γενναιότητι
3654 3616 3822 3684 ὲπαρο

2253 3708 2367 3771 θεὶς
2402 3704 2847 3778 προσενεχθῆναι,
2901 3704 3227 3774 ἀείμνηστον
3260 3707 3350 3759 τὸν
3376 3706 3599 3775 ἔλεγχον
3630 3708 3819 3760 δώσει’

2253 3802 2346 3853 καὶ
2370 3800 2469 3870 τὴν
2500 3799 2599 3870 σὴν
2632 3797 2969 3869 στερρότητα
3006 3798 3403 3866 καταπλαγεὶς,
3434 3800 3531 3850 καὶ
3562 3799 3675 3851 τῶν
3726 3802 3825 3851 λοι-

2254 3890 2373 3943 πῶν
2403 3889 2809 3959 ὲκτραπήσεται
2836 3887 2936 3956 τὴν
2958 3890 3152 3957 πεῖραν
3171 3904 3187 3920 ο
3218 3886 3291 3949 ὡς
3318 3886 3435 3957 ἅμα
3471 3887 3569 3939 δύο
3617 3890 3692 3941 τὰ
3738 3890 3824 3960 μέ-

2253 3978 2415 4046 γιστά
2466 3993 2551 4039 σε,
2589 3975 2655 4028 δι’
2687 3975 2803 4039 ἑνὸς
2845 3976 3074 4044 ἀγῶνος,
3125 3976 3492 4046 κατορθῶσαι,
3537 3981 3826 4049 νικηφόρον

2253 4086 2313 4121 τε
2372 4067 2780 4140 ἀναρρηθῆναιο
2839 4067 2933 4121 καὶ
2964 4071 3074 4132 τοῖς
3109 4069 3358 4139 ἀδελφοῖς
3386 4072 3494 4123 τῶν
3519 4074 3823 4143 ἐπικρεμα-

2258 4161 2435 4231 μένων
2464 4162 2648 4214 κακῶν
2679 4160 2777 4231 τὴν
2808 4161 3131 4230 ὑπερϐολὴν,
3161 4162 3403 4225 καὶτοὺς
3428 4164 3661 4227 πολλοὺς
3688 4174 3712 4203 ι
3737 4166 3833 4217 πό-Δ

2254 4270 2403 4320 νους,
2431 4254 2581 4318 ἰδίοις
2606 4254 2810 4317 ἄθλοις,
2840 4255 3116 4323 κουφίσαι.

587 4340 757 4396 victor
780 4342 1137 4413 proclamerc,
1186 4354 1301 4400 tum
1323 4354 1384 4401 ut
1409 4346 1669 4402 fratribus
1693 4347 1957 4402 malorum
1974 4346 2405 4417 impendentium
2473 4351 2753 4421 gravitate,
2794 4358 2849 4403 et
2911 4350 3124 4409 labores
3190 4350 3408 4415 multos,
3451 4348 3694 4419 propriis
3732 4350 3828 4403 tuis

584 4438 970 4497 certaminibus
991 4441 1235 4498 allevies.

1180 4530 1401 4588 EPIST.
1425 4531 1567 4588 XXI.

1271 4622 1481 4677 Eidem.

2181 4544 2229 4599 Ι)

2854 4538 3077 4593 ΕΠΙΣΤ.
3104 4539 3235 4591 KA'.

2887 4627 2971 4693 Τῷ
3018 4626 3199 4694 αὐτῷ.

1804 4737 2072 4789 lontacut.
2106 4739 2209 4800 (ep.
2243 4736 2349 4799 ut,
2382 4753 2433 4801 p.
2468 4737 2603 4800 199).

654 4843 959 4899 Generosos
979 4844 1140 4915 plane
1157 4843 1389 4900 stadium
1405 4855 1714 4917 exspectat:
1738 4862 1902 4903 nemo
1918 4846 2146 4903 feminea

2336 4849 2605 4901 Γενναίων
2626 4846 2795 4913 ὅντως
2827 4845 3037 4918 ἀνδρῶν
3077 4846 3138 4900 τδ
3173 4846 3387 4901 στάδιον
3408 4846 3614 4900 δεῖται·
3650 4846 3830 4919 μηδεὶς

586 4934 953 4989 teneritudine
1002 4936 1295 5001 emollitus,
1344 4936 1596 4992 introeat.
1644 4938 1799 5004 Quod
1829 4938 1874 4994 si
1916 4938 2041 5010 quis
2082 4938 2146 4994 sit

2259 4944 2447 4996 είσίτω
2480 4941 2769 5013 θηλυδρίας
2794 4957 2810 4971 ·
2841 4941 2908 4994 ἂν
2962 4940 3007 4995 δ’
3036 4939 3383 5010 εἰσεπήδησε,
3446 4939 3645 4993 θᾶττον
3708 4942 3832 4992 ἀπο-

585 5023 676 5094 qui
703 5025 983 5092 exsilierit,
1006 5026 1223 5082 recedat
1252 5028 1606 5097 quantocius;
1636 5031 1720 5085 vel
1754 5046 1784 5084 a
1803 5045 1901 5085 sua
1923 5039 2146 5085 senten-

2262 5038 2441 5106 στήτω
2461 5051 2476 5066 ’
2502 5035 2537 5105 ἢ
2567 5035 2667 5106 τῆς
2691 5033 2938 5104 γνώμης,
2969 5034 3002 5105 ἦ
3032 5034 3138 5087 τῶν
3170 5033 3589 5104 παλαισμάτων.
3629 5034 3707 5087 Οὐ
3734 5034 3830 5103 γὰρ

586 5116 681 5181 tia,
711 5116 796 5170 vel
824 5132 856 5171 a
884 5119 1289 5175 colluctatione.
1320 5120 1507 5192 Neque
1544 5123 1689 5177 enim
1716 5122 1928 5177 labores
1958 5123 2146 5177 talibus

2262 5127 2371 5181 τῶν
2409 5128 2667 5180 τοιούτων
2695 5127 2745 5180 οἱ
2778 5128 2949 5180 πόνοι.
2989 5127 3149 5179 Ἀλλὰ
3181 5125 3303 5197 μηδ’
3337 5128 3364 5178 6
3397 5125 3585 5196 χρυσῷ
3612 5126 3710 5177 τὸν
3728 5124 3830 5195 βίον

586 5220 914 5278 congruunt.
953 5211 1060 5268 Sed
1094 5230 1272 5284 neque
1301 5216 1369 5271 ab
1400 5232 1533 5272 auro
1566 5219 1812 5274 onustis:
1848 5233 1949 5273 nec
1985 5218 2146 5273 ambi-

2264 5217 2639 5289 βεϐαρημένος
2663 5233 2680 5249 ·
2737 5218 2860 5289 μηδ’
2899 5220 2927 5271 6
2956 5219 3092 5290 πρὸς
3138 5220 3299 5283 κενὰς
3329 5217 3485 5284 δόξας
3520 5219 3830 5287 ιὶινεπτερω⁹

587 5300 735 5355 tione
782 5301 1002 5358 inflatis.
1060 5304 1294 5361 Omnino
1338 5310 1428 5378 qui
1471 5311 1751 5380 corporeis
1792 5311 2146 5382 voluptatibus

2260 5310 2444 5382 μένος.
2467 5311 2570 5364 Τὸν
2596 5310 2705 5382 γὰρ
2732 5311 2868 5382 πρὸς
2892 5311 2991 5374 τὰς
3020 5310 3113 5363 τοῦ
3143 5310 3391 5381 σώματος
3423 5310 3618 5380 ἡδονὰς
3637 5311 3829 5374 ἐπτοη-

587 5391 782 5458 inhiat,
814 5402 874 5447 ut
903 5396 1037 5450 mihi
1076 5405 1184 5451 stat
1215 5402 1507 5469 sententia,
1549 5417 1619 5456 ne
1662 5418 1723 5458 se
1768 5411 2061 5473 componat
2091 5403 2146 5458 ad

2260 5403 2444 5474 μένον,
2494 5403 2605 5455 οὐδ’
2642 5403 3017 5457 ἀποδύσασθαι
3073 5403 3209 5474 πρὸς
3258 5404 3349 5456 τὸν
3378 5402 3567 5471 ἀγῶνα
3609 5400 3829 5469 νομίζω.

588 5496 891 5540 certamen:
921 5486 1080 5541 velim
1107 5503 1206 5561 ego
1237 5490 1394 5564 longe
1419 5494 1709 5560 removeri,
1742 5494 1787 5549 si
1813 5510 1919 5549 non
1952 5509 2146 5565 praeve-

2269 5494 2431 5549 Ἀλλά
2465 5496 2560 5549 καὶ
2591 5494 2821 5568 εὖχομαι
2853 5497 3044 5570 πόρρω
3068 5496 3416 5560 καθεστάναι,
3448 5496 3497 5547 εἰ
3524 5495 3602 5566 μὴ
3635 5495 3833 5566 προλα-

588 5576 696 5631 niat
722 5577 790 5640 is,
813 5585 869 5631 et
902 5577 1123 5648 impleat
1148 5590 1335 5636 votum
1366 5598 1567 5639 meum.

2260 5585 2370 5638 ὁὼν
2401 5586 2720 5657 ἐπλήρωσεν
2752 5588 2811 5628 ⁸*
2836 5589 3041 5654 ἐκεῖνος
3071 5588 3166 5658 τὴν
3192 5589 3377 5658 εὐχήν.

1879 5696 2115 5755 VARI/IS
2168 5698 2575 5758 LECTIONES.

1580 5811 1625 5847 ³⁸
1661 5808 1841 5881 ἡμῶν.

652 5816 670 5841 τ
700 5807 787 5857 ῖσ.
824 5803 1114 5873 γεγονότα.
1198 5814 1219 5841 ⁸
1257 5807 1494 5861 πολλῶν.
