4044 6474
845 511 1069 568 ΕΠΙΣΤ.
1110 510 1217 565 KB’
1232 550 1246 565 .

547 607 824 678 Εὐθυμίῳ
843 605 1251 677 μητροπολίτῃ
1286 602 1583 670 Κατάνης.

1421 395 1958 459 EPISTOLARUM
1999 398 2231 459 LIBER
2278 399 2359 460 II.

3406 407 3512 474 833

2515 515 2737 574 EPIST.
2778 516 2945 573 XXII.
3018 550 3021 555 ι

2276 605 2555 678 Euthymio
2584 607 2868 667 Catanensi
2898 611 3175 681 melropol.

1478 720 1749 770 Montacut.
1786 728 1889 783 (ep.
1928 719 2036 780 148,
2068 734 2119 783 p.
2151 721 2285 786 205).

320 834 582 891 Γενέσθαι
609 833 709 905 μέν
735 829 863 901 ἐμοὶ
901 828 1117 900 σχολὴν,
1143 828 1284 881 ῶστε
1306 826 1376 882 τά
1404 825 1473 881 σά
1500 826 1828 899 διηγεῖσθαι,

235 931 564 999 ἀπεύχομαι
586 928 605 964 ί
628 942 644 958 ο
676 923 932 994 γενέσθαι
965 921 1042 987 δέ,
1071 921 1212 975 ὥστε
1242 921 1366 992 μηδ’
1396 919 1652 985 ἀκοῦσαι,
1682 937 1820 992 προ-

239 1021 464 1085 έλαϐες.
496 1020 562 1073 Τί
588 1015 682 1073 οὖν
706 1017 904 1087 αίτιᾷς,
931 1014 1013 1068 ὅτι
1042 1013 1161 1085 μηδ’
1184 1012 1329 1084 ἅπερ
1359 1013 1826 1084 ἧλπισα,ἦκουσα·

238 1116 348 1169 καὶ
388 1116 471 1168 ὅτι
515 1112 676 1183 σιγὴν
720 1110 946 1181 ἐθέμην,
993 1100 1076 1171 οἷς
1130 1107 1265 1178 μηδὲ
1309 1107 1411 1177 τὴν
1441 1106 1609 1176 ἀκοὴν
1658 1106 1830 1177 ἡδέως

236 1202 486 1274 ἠνέῳξα.
520 1201 666 1255 Ἀλλ’
703 1202 776 1266 εί,
819 1200 954 1254 διότι
991 1198 1124 1262 ὅλως
1178 1198 1276 1269 τὴν
1314 1197 1483 1269 ἀκοὴν
1520 1197 1628 1250 τῶν
1655 1197 1831 1251 τοιού-

236 1308 361 1345 των
393 1291 699 1361 ὑπέμεινα,
745 1291 845 1360 τῆς
887 1288 1014 1359 περί
1055 1286 1243 1357 φίλους
1289 1285 1583 1356 ὀλιγωρίας
1614 1284 1833 1356 γραφὴν

241 1379 438 1451 ἔνοχος
468 1379 796 1450 γράφεσθαν
828 1378 880 1432 τί
920 1379 987 1433 ἀν
1018 1378 1273 1449 δράσειαν
1320 1378 1368 1430 οί
1392 1375 1619 1430 τοιαῦτα
1646 1375 1835 1445 δεδρα-

244 1472 443 1537 κότες,
476 1471 543 1526 δι’
565 1466 641 1527 ὧν
674 1471 770 1525 καί
793 1470 921 1535 τοὺς
942 1471 1130 1540 φίλους
1159 1469 1258 1541 τῆς
1292 1467 1434 1539 ὑπὲρ
1463 1465 1643 1523 αὐτῶν
1671 1468 1728 1520 ἐν
1756 1466 1833 1537 τῷ

2001 827 2133 882 Esse
2162 828 2296 883 mihi
2329 830 2521 897 otium,
2557 844 2618 887 ut
2644 849 2732 889 res
2768 840 2890 889 tuas
2922 850 3171 890 enarrem
3196 876 3210 897 ,
3244 846 3404 906 opto;
3455 850 3508 895 at

1930 932 2001 972 ne
2032 933 2125 973 eas
2142 918 2436 989 intelligam
2453 923 2834 992 praeveniendo
2864 925 3076 979 cavisti.
3097 926 3234 991 Quid
3261 932 3507 984 causaris

1930 1026 2081 1081 ergo,
2112 1013 2256 1082 quod
2291 1029 2412 1083 quae
2456 1030 2566 1069 non
2607 1017 2927 1085 sperabam,
2979 1019 3227 1084 audiam;
3268 1030 3323 1075 et
3359 1024 3506 1092 quod

1931 1104 2148 1159 silentio
2173 1107 2485 1175 texerimus,
2506 1123 2626 1178 quae
2652 1109 2827 1165 libens
2849 1109 3011 1166 fando
3037 1128 3144 1167 non
3166 1114 3510 1183 acciperem?

1931 1192 2085 1258 Quod
2119 1194 2162 1248 si
2195 1204 2396 1261 autem,
2425 1199 2551 1267 quia
2588 1198 2752 1255 fando
2788 1204 3096 1258 necessario
3129 1207 3312 1274 accepi
3335 1247 3348 1266 .
3385 1207 3506 1277 dig-

1930 1300 2033 1339 nus
2066 1300 2185 1339 sum
2220 1289 2307 1341 cui
2346 1289 2519 1345 dicam
2556 1292 2828 1347 scribatur
2858 1301 3185 1366 contemptae
3227 1300 3502 1356 amicitia).

1929 1378 2068 1443 Quid
2095 1388 2151 1433 et
2177 1380 2251 1433 illi
2284 1380 2504 1446 faciant,
2532 1384 2623 1452 qui
2648 1384 2773 1439 talia
2802 1385 3028 1451 faciunt,
3060 1404 3181 1457 qua:
3207 1397 3263 1444 et
3294 1391 3502 1447 amicos

1930 1468 2178 1526 libertate
2212 1474 2430 1541 privent
2454 1491 2553 1545 pro
2577 1476 2708 1546 ipsis
2737 1476 2975 1544 dicendi,
3003 1488 3057 1533 et
3081 1482 3373 1539 malevolas
3399 1485 3505 1539 lin-

242 1566 436 1635 λέγειν
462 1564 776 1636 παρρησίας
795 1606 809 1629 ,
838 1562 1243 1634 ἀπεστέρησαν,
1284 1560 1383 1615 καλ⁸
1409 1559 1518 1614 τῶν
1548 1558 1829 1630 δυσμενῶς

1932 1576 2064 1631 guas
2096 1578 2207 1616 non
2248 1572 2456 1620 tantum
2488 1566 2541 1620 in
2570 1567 2735 1637 ipsos,
2760 1570 2854 1624 sed
2897 1570 2950 1624 in
2993 1586 3087 1627 eos
3112 1573 3274 1628 etiam
3306 1577 3505 1646 quibus

246 1658 490 1729 ἑχόντων
535 1655 634 1719 τὰς
670 1653 942 1723 γλώσσας,
974 1652 1035 1706 οὐ
1083 1652 1206 1705 καθ’
1238 1651 1450 1705 ἑαυτῶν
1488 1650 1668 1720 μόνον,
1694 1648 1829 1703 ἀλλά

1932 1656 2059 1712 olim
2101 1659 2394 1714 utebantur
2454 1660 2813 1727 familiariter,
2861 1674 3152 1722 exacuunt.
3197 1668 3335 1734 Quid
3375 1686 3506 1741 ergo

244 1753 352 1807 καὶ
389 1749 511 1804 κατ’
539 1748 763 1802 ἐκείνων
790 1747 844 1800 οἴ
876 1763 1009 1799 ποτε
1049 1746 1155 1801 τῶν
1188 1742 1642 1815 πεπλησιακότων
1666 1737 1828 1813 ἦσαν,

1932 1748 2279 1803 faciendum?
2332 1750 2445 1807 Hoc
2500 1755 2566 1808 ad
2605 1764 2656 1809 te
2687 1766 2895 1825 spectat
2928 1759 2983 1828 (ο
3020 1774 3131 1828 quo
3184 1768 3235 1814 te
3283 1737 3505 1817 nomine

244 1846 550 1917 ἠκόνησαν.
594 1842 660 1896 Τί
692 1837 786 1896 οὖν
815 1841 896 1894 δεῖ
923 1841 1135 1905 ποιεῖν;
1169 1838 1261 1891 σόν
1290 1839 1462 1902 ἐστιν,
1493 1830 1570 1905 (ὦ
1608 1834 1725 1899 πῶς
1770 1851 1829 1887 σε

1932 1840 2247 1909 compellem
2275 1842 2314 1910 ί)
2349 1852 2422 1904 et,
2454 1845 2583 1898 mihi
2612 1846 2914 1901 libertatem
2962 1849 3292 1916 condonare,
3340 1854 3385 1908 si
3449 1854 3503 1909 id

247 1936 577 2008 προσείπω)
625 1935 720 1989 καὶ
772 1933 1095 2004 ἡμῖν.ὐπέρ
1132 1931 1262 1992 σοῦ,
1316 1930 1417 1983 εἷθ’
1462 1929 1688 1999 ὄφελες,
1734 1928 1829 2001 τὴν

1932 1932 2211 2002 placuerit,
2239 1932 2368 1987 satis
2404 1933 2620 1989 abunde
2655 1935 2766 2003 jam
2800 1937 2928 1992 olim
2961 1937 3161 2006 habui;
3197 1950 3253 1995 et
3279 1950 3339 1995 ut
3368 1943 3501 1997 nihil

248 2030 591 2101 παρρησίαν,
616 2028 682 2099 ἢν
705 2026 946 2097 εἴχομεν,
973 2025 1283 2079 ἀποδοῦναι’
1309 2024 1403 2076 καὶ
1423 2023 1589 2093 μηδὲν
1610 2021 1829 2074 ἀκούειν

1932 2026 1998 2080 de
2035 2035 2086 2080 te
2115 2024 2329 2078 audiam
2368 2027 2511 2095 quod
2541 2027 2763 2083 minime
2793 2030 3009 2099 placet;
3045 2034 3143 2088 sed
3172 2043 3227 2088 tu
3255 2034 3320 2088 ad
3356 2036 3504 2104 prio-

243 2122 417 2193 ἀηδὲς
449 2122 579 2192 περὶ
622 2120 717 2174 σοῦ
746 2136 761 2151 ·
793 2119 928 2173 ἀλλά
976 2120 1072 2171 καὶ
1104 2117 1229 2179 τοὺς
1273 2115 1458 2178 κακῶς
1489 2130 1548 2167 σε
1577 2113 1829 2181 λέγοντας

1936 2131 2052 2170 rem
2082 2116 2532 2171 constitutionem
2566 2120 2911 2187 revolvendo,
2953 2139 3139 2180 eorum
3179 2141 3274 2183 ora
3311 2126 3404 2197 qui
3452 2137 3504 2181 te

246 2213 369 2281 νῦν,
414 2212 803 2285 ἐπιστομίσαι,
857 2213 938 2275 είς
979 2209 1079 2282 τὴν
1112 2207 1345 2281 ἀρχαίαν
1382 2204 1829 2277 ἐπαναδραμόντα

1932 2222 2077 2262 nunc
2101 2207 2365 2273 lacerant,
2399 2208 2698 2265 obturabis.

246 2306 612 2359 κατάστασιν.

846 2396 1072 2449 ΕΠῘΣΤ.
1109 2394 1237 2448 Kl".

454 2488 731 2559 Γεωργίῳ
765 2486 1175 2559 μητροπολίτῃ
1211 2482 1626 2555 Νικομηδείας.

2490 2384 2705 2441 EPIST.
2753 2388 2937 2445 XXIII.

2202 2477 2423 2548 Georgio
2458 2483 2804 2550 metropotila:
2828 2483 3233 2541 Nicomediemi.

1492 2595 1762 2645 Montacut.
1796 2587 1902 2656 (ep.
1935 2588 2046 2649 169,
2075 2604 2128 2653 p.
2156 2589 2289 2652 2%).

327 2710 457 2764 Εἴθε
483 2728 573 2780 μοι
603 2708 713 2763 τῶν
739 2709 849 2762 σῶν
872 2702 941 2778 ἦν
968 2706 1232 2780 ἐνάμιλλα
1252 2704 1429 2775 λόγων
1457 2705 1527 2758 τὰ
1553 2703 1710 2775 ἐργα⁶
1735 2701 1833 2773 οὐχ

260 2800 347 2855 ἵνα
362 2799 518 2863 κλέος
550 2798 700 2863 ὅντες
722 2796 1084 2868 ἀκεστορίδων
1125 2795 1359 2866 Γαληνὸς
1392 2794 1486 2848 καὶ
1527 2791 1828 2863 Ἱπποκρά-

2013 2700 2226 2756 Utinam
2257 2715 2325 2755 ex
2362 2715 2517 2770 aequo
2551 2702 2733 2755 verbis
2776 2702 2882 2757 tuis
2914 2718 3077 2773 opera
3112 2720 3230 2759 mea
3276 2722 3505 2778 respon-

1936 2793 2148 2860 derent,
2180 2809 2289 2848 non
2322 2802 2382 2848 ut
2408 2794 2783 2849 Acestoridum
2815 2795 3005 2865 gloria,
3031 2795 3263 2851 Galenus
3291 2808 3346 2853 et
3376 2799 3506 2870 Hip-

250 2907 359 2962 της
379 2929 397 2954 ,
431 2890 506 2955 ὡς
550 2889 711 2954 αὐτὸς
743 2889 892 2959 ἡμᾶς
925 2886 1159 2950 θειάζων
1188 2886 1440 2957 γράφεις,
1474 2881 1829 2948 ’Υπεξίσταν-

1938 2895 2206 2957 pocrates,
2236 2895 2297 2941 ut
2328 2895 2443 2940 tute
2482 2900 2573 2941 me
2601 2888 2865 2942 encomiis
2884 2903 3086 2943 ornans
3120 2889 3334 2954 scribis,
3370 2891 3505 2947 mihi

253 2981 351 3036 ταί
384 2998 478 3053 μοι
512 2981 619 3035 τῶν
667 2979 971 3052 πρωτείωνο
1006 2980 1114 3032 οὐδ’
1144 2978 1231 3031 ίνα
1268 2977 1377 3031 τῶν
1419 2975 1828 3046 Ἀσκληπιαδῶν

256 3072 321 3126 τὸ
352 3074 492 3143 μέγα
519 3074 691 3144 ὄνομα
718 3072 795 3143 τῷ
819 3073 1075 3144 ἡμετέρῳ
1096 3068 1496 3140 καταχωσθείψ
1522 3066 1635 3120 ἀλλ’
1662 3066 1735 3128 ὼς
1762 3066 1828 3119 ἀν

258 3165 402 3236 είην,
430 3167 477 3218 εί
509 3166 604 3218 καὶ
644 3166 718 3236 μὴ
755 3164 889 3236 πρὸς
910 3162 1095 3234 ἐτερόν
1123 3178 1266 3227 τινα,
1302 3160 1417 3213 ἀλλ’
1445 3154 1535 3213 οὖν
1569 3160 1626 3211 ἐν
1654 3157 1829 3228 τούτῳ

256 3272 329 3325 γε
357 3256 435 3328 τῷ
467 3256 621 3328 μέρει
656 3256 826 3327 μικρά
853 3272 938 3319 τις
974 3253 1115 3309 κατά
1148 3252 1256 3306 τῶν
1285 3249 1609 3321 σωματικῶν
1643 3247 1829 3301 παθῶν

256 3351 375 3412 τοῖς
400 3348 571 3419 φίλοις
610 3349 707 3403 κα)⁸
746 3348 1030 3412 συνάθλοις
1056 3338 1363 3417 ἐπικουρία.

848 3446 1068 3500 ΕΠΙΣΤ.
1120 3446 1244 3497 ΚΔ’.

476 3537 750 3607 Θεοδώρῳ
790 3536 1198 3608 μητροπολίτῃ
1232 3534 1604 3598 Λαοδικείας.

1935 2979 2192 3034 cedentes
2216 2978 2419 3048 primas
2457 2978 2651 3034 darent
2692 2995 2797 3035 nec
2828 2988 2887 3034 ut
2925 2980 3115 3051 ingens
3150 2981 3284 3037 illud
3319 2983 3506 3037 Ascle-

1936 3070 2215 3140 piadarum
2242 3085 2444 3125 nomen
2472 3079 2658 3125 nostro
2692 3071 2912 3125 nomine
2938 3072 3283 3138 obrueretur,
3318 3074 3413 3129 sed
3445 3083 3505 3129 ut

1934 3170 2239 3232 praestetur,
2267 3160 2391 3215 licet
2415 3176 2522 3215 non
2553 3161 2619 3216 ad
2661 3162 2807 3217 aliud
2832 3162 3133 3232 quidpiam,
3170 3163 3360 3218 saltem
3403 3165 3507 3221 hac

1936 3254 1991 3309 in
2033 3262 2185 3323 parte
2234 3253 2489 3324 exiguum
2527 3254 2659 3324 quid
2709 3255 2889 3324 quoad
2930 3256 3178 3326 corporis
3224 3256 3507 3327 passiones

1935 3345 2125 3400 amicis
2154 3353 2209 3399 et
2236 3347 2557 3416 synathletis
2586 3345 2871 3400 auxilium.

2493 3440 2710 3497 EPIST.
2754 3440 2922 3498 XXIV

2229 3533 2490 3586 Theodoro
2525 3533 2869 3603 metropolin
2903 3534 3220 3590 Laodiceno.

1489 3650 1755 3699 Montarut.
1791 3650 1892 3710 (ep.
1926 3648 2036 3709 171,
2067 3661 2118 3711 p.
2150 3647 2280 3712 ΞΗ).

346 3760 586 3834 ’Ᾱρότρῳ
618 3763 735 3833 μὲν,
768 3761 843 3825 ὼς
888 3762 921 3832 ή
960 3761 1230 3832 παροιμία
1273 3762 1460 3831 φησίν,
1490 3760 1789 3823 ἁκοντίζεις
1811 3800 1826 3825 ,

252 3852 387 3908 ἀντὶ
422 3854 515 3906 τοῦ
557 3856 834 3923 μετανοεῖν
856 3853 1270 3924 θρασυνόμενος.
1304 3852 1378 3906 Οὐ
1406 3852 1513 3921 γὰρ
1545 3851 1829 3922 μετανοίας

254 3944 377 3999 ἀλλ’
406 3945 697 4009 ἀπονοίας,
749 3946 929 4015 ἐαυτῷ
972 3946 1080 3998 τῶν
1116 3946 1471 4016 ἐσφαλμένων
1516 3943 1828 4012 ἐπιτρέπειν

252 4035 360 4107 τὴν
394 4037 745 4108 συγγνώμην.
777 4038 841 4091 Ei
869 4038 927 4090 δέ
960 4055 1043 4091 σοι
1072 4041 1165 4090 καὶ
1185 4038 1373 4109 ληρεῖν
1405 4034 1641 4104 δόξαιμι,
1674 4034 1827 4087 ἐσται

257 4143 348 4180 σοι
371 4126 471 4180 οὐκ
497 4128 575 4190 είς
604 4127 820 4197 μακρὰν
847 4128 909 4180 τὸ
933 4128 1321 4198 παροιμιῶδες,
1356 4126 1593 4197 συνεχῶς
1623 4127 1708 4179 ἐπ’
1735 4125 1831 4193 ἑρ-

255 4234 381 4287 γοις
407 4217 686 4290 ᾀδόμενον,
717 4219 877 4288 ’Ἄρτι
901 4217 1004 4286 μῦς
1034 4217 1226 4290 πίττης
1255 4218 1492 4287 γεύεται.

844 4322 1064 4375 ΕΠΙΣΤ.
1110 4320 1235 4375 KE'.

404 4414 757 4484 Εὐσχήμονι
802 4415 1250 4482 ἁοχιεπισκόπω
1284 4412 1663 4478 Καισαρείας.

2001 3760 2218 3821 Aratro.
2259 3759 2402 3828 quod
2427 3758 2728 3828 proverbiis
2757 3770 3071 3829 usurpatur,
3103 3758 3381 3830 jacularis,
3409 3758 3503 3829 qui

1933 3867 2057 3907 cum
2088 3853 2285 3908 debeas
2326 3851 2611 3920 paenitere,
2653 3852 2933 3906 audaciam
2974 3867 3156 3920 urges.
3197 3850 3309 3907 Nec
3348 3852 3495 3907 enim

1933 3946 2276 4016 paenitentis,
2307 3945 2405 3999 sed
2450 3945 2773 4001 insanientis
2807 3956 2889 4000 est
2928 3946 3141 4000 sibimet
3184 3946 3503 4016 permittere

1932 4054 2176 4093 errorum
2195 4039 2663 4093 condonationem.
2687 4038 2842 4104 Quod
2860 4039 2904 4092 si
2923 4039 3020 4092 tibi
3039 4038 3224 4092 videro
3240 4037 3495 4101 delirare,

1929 4127 1984 4181 in
2009 4136 2059 4183 te
2084 4129 2429 4198 proverbium
2467 4128 2613 4197 quod
2652 4144 2760 4181 non
2793 4128 2866 4181 ita
2918 4128 3121 4181 dudum
3155 4142 3297 4197 διξερε
3329 4127 3504 4197 jacta-

1924 4230 2038 4274 tuln
2069 4220 2355 4289 quadravit
2397 4238 2410 4273 :
2439 4221 2556 4274 Mus
2578 4221 2785 4275 scilicet
2817 4221 2992 4308 picem
3022 4220 3277 4292 gustavit.

2500 4325 2714 4378 EPIST.
2758 4324 2926 4379 XXV.

2180 4412 2523 4467 Euschemoni
2553 4416 2808 4469 Cwsarew
2837 4416 3239 4486 archiepiscopo.

1482 4524 1748 4574 Montacut.
1787 4524 1889 4587 (cp.
1924 4524 2034 4586 175,
2066 4538 2115 4587 p.
2147 4524 2283 4587 245).

331 4634 502 4692 Οὐδὲν
553 4636 886 4705 θαυμαστὸν,
944 4636 991 4688 εί
1044 4634 1118 4705 μὴ
1166 4638 1278 4698 τοῖς
1324 4634 1550 4697 δικαίοις
1593 4636 1831 4697 ἅπαντες

257 4728 575 4799 χαίρουσιν*
623 4728 739 4781 ἀλλ’
784 4730 959 4781 ἐκεῖνο
1004 4726 1315 4797 θαυμαστὸν
1352 4727 1418 4780 ἂν
1464 4722 1531 4796 ἦν
1576 4728 1672 4779 καὶ
1710 4726 1831 4780 λίαν

258 4818 508 4884 ἐνδίκως,
544 4820 592 4871 εἰ
626 4820 826 4884 πάντες
869 4820 961 4872 ὑπ’
995 4818 1292 4889 ὀφθαλμοῖς
1323 4819 1421 4887 τῆς
1461 4817 1616 4888 δίκης
1646 4817 1832 4870 ἐπολι-

254 4911 504 4965 τεύοντο.
547 4911 850 4982 Ἀγαπητδν
890 4912 934 4965 δ’
964 4912 1120 4983 ἐμοὶ,
1157 4911 1259 4964 κᾶν
1291 4912 1338 4963 οἱ
1381 4909 1596 4973 πλείους
1640 4909 1831 4980 εἴησαν

258 5006 423 5075 (ὅπερ
454 5003 553 5056 οὐκ
582 5004 732 5074 ἐστὶ)
783 5004 923 5073 φίλοι
952 5004 1042 5056 τοῦ
1082 5002 1314 5057 δικαίου.
1348 5002 1556 5071 Μερίδα
1590 5002 1688 5073 μὲν
1720 5002 1830 5073 γὰρ

254 5099 451 5169 ὀλίγην
478 5097 590 5169 ὁρῶ
623 5098 897 5168 ῥέπουσαν
940 5099 1017 5161 είς
1040 5096 1405 5165 δικαιοσύνην,
1435 5096 1496 5148 τὸ
1539 5094 1598 5148 δὲ
1629 5094 1829 5164 πλῆθος

258 5192 586 5260 ἐπισύρεται
612 5190 646 5258 ή
671 5188 872 5242 ἀδικία.
904 5188 1033 5241 Ὅτε
1070 5186 1251 5240 τοίνυν
1281 5184 1457 5249 οὕτως
1482 5184 1595 5254 ἔχει
1622 5182 1791 5237 ταῦτα
1813 5223 1827 5250 ,

257 5284 315 5337 τί
347 5283 549 5354 δήποτε
584 5280 766 5344 ἀλύεις
797 5280 860 5332 σὺ
908 5280 1004 5333 καὶ
1033 5278 1357 5350 ἀσχάλλεις,
1393 5278 1474 5330 ὅτι
1502 5276 1564 5329 τὸ
1599 5274 1827 5340 δίκαιον,

261 5369 347 5439 οἷς
382 5377 529 5429 ἐστιν
561 5374 780 5436 οἰκεῖον,
811 5371 1117 5442 ἀπονέμων,
1148 5370 1252 5424 ὑπὸ
1280 5369 1388 5423 τῶν
1416 5368 1484 5420 τά
1514 5366 1697 5420 δίκαια
1738 5382 1828 5435 μι·

266 5466 507 5521 σούντων
539 5466 638 5536 τὴν
681 5464 801 5534 ίσην
833 5462 990 5533 ὕϐριν
1022 5463 1337 5533 ὑπομένεις.
1368 5459 1685 5514 Τούνάντιον
1724 5457 1832 5527 γὰρ

263 5558 434 5631 ἐχρῆν
466 5574 525 5611 σε
560 5555 975 5628 σκυθρωπάζειν
1017 5556 1108 5607 καὶ
1146 5554 1327 5625 ζητεῖν
1352 5551 1507 5605 λύσιν
1535 5550 1713 5620 εὑρεῖν
1737 5547 1830 5601 τοῦ

2002 4634 2196 4689 Mirum
2238 4649 2347 4689 non
2381 4644 2484 4700 est,
2524 4636 2569 4690 si
2601 4638 2763 4707 justis
2788 4637 3099 4692 hominibus
3123 4638 3358 4707 plerique
3385 4655 3501 4694 om-

1929 4741 2027 4781 nes
2059 4726 2203 4781 haud
2234 4728 2393 4798 plane
2430 4728 2789 4785 delectantur.
2821 4730 2956 4784 Illud
2984 4739 3161 4784 autem
3195 4731 3500 4787 mirandum

1928 4819 2121 4890 magis,
2150 4819 2194 4874 si
2246 4829 2502 4889 tanquam
2535 4822 2590 4876 in
2617 4834 2915 4892 conspectu
2938 4822 3182 4890 justitize,
3217 4837 3409 4879 omnes
3445 4834 3503 4879 et

1930 4910 2127 4979 singuli
2159 4913 2286 4967 vita:
2310 4928 2528 4967 cursum
2559 4914 2865 4967 instituant.
2887 4913 3012 4966 Mihi
3047 4913 3244 4967 sullicit
3273 4914 3316 4967 si
3348 4914 3500 4983 plus-

1931 5000 2037 5055 culi
2075 5001 2217 5067 sint;
2251 5010 2310 5055 ut
2335 5011 2481 5057 certe
2524 5003 2681 5072 pauci
2730 5010 2859 5056 sunt
2900 5002 3051 5065 tales,
3097 5002 3189 5071 qui
3232 5003 3498 5071 justitiam

1931 5101 2335 5147 consectantur.
2369 5092 2580 5148 Partem
2604 5108 2735 5148 sane
2756 5108 2864 5146 non
2883 5107 3127 5163 magnam
3150 5094 3214 5147 ad
3232 5093 3499 5163 justitiam

1931 5184 2213 5239 colendam
2231 5199 2532 5255 propensos
2554 5183 2731 5247 video,
2753 5182 3160 5238 multitudinem
3186 5186 3251 5239 ad
3277 5201 3335 5240 se
3360 5187 3502 5257 rapit

1934 5275 2221 5346 injustitia.
2247 5274 2376 5330 Haec
2398 5276 2471 5329 ita
2500 5291 2559 5330 se
2584 5274 2806 5340 habere,
2842 5274 2971 5343 quid
3001 5282 3115 5329 tute
3144 5275 3378 5340 haesitas,
3406 5277 3496 5345 qui

1936 5381 2060 5421 cum
2095 5366 2241 5437 juste
2286 5366 2551 5435 justitiam
2596 5366 2685 5421 cui
2724 5366 2953 5421 debetur
3012 5367 3378 5425 administras.
3433 5366 3500 5419 ab

1937 5457 2042 5511 illis
2072 5457 2268 5526 quibus
2292 5457 2499 5526 justum
2538 5457 2682 5527 quod
2716 5467 2819 5520 est,
2854 5458 3100 5513 odiosum
3141 5467 3245 5522 est,
3297 5456 3500 5527 pariter

1936 5558 2184 5621 reportas
2222 5547 2630 5604 contumeliam.
2670 5548 2904 5606 Omnino
2934 5560 2984 5605 te
3011 5549 3192 5606 decuit
3225 5546 3501 5602 contrario

1580 5703 1813 5759 VARIIE
1850 5703 2258 5762 LECTIONES.

383 5860 403 5893 ι
435 5852 755 5924 ἐπεύχομαι.
