4044 6408
550 360 655 423 839
1706 350 1966 415 PIIOTII
2010 350 2128 413 PA'I

2234 349 2517 410 iARCH/E
2551 349 2663 410 ΟΡ.
3713 344 3837 411 840

552 470 715 527 modo
748 467 1007 525 aﬂectum
1040 481 1185 533 esse,
1230 474 1389 521 torvo
1408 463 1563 520 vultu
1602 478 1697 519 eos
1732 462 1962 528 intueri,
1991 469 2047 517 et
2081 460 2128 516 id

2238 458 2533 525 λυποῦντος
2578 460 2627 512 εἰ
2664 458 2714 513 οι
2756 457 2852 530 τῆς
2900 457 3057 531 δίκης
3084 456 3267 530 ἐχθροί
3312 474 3397 512 σοι
3424 458 3587 532 φίλην
3628 460 3832 532 ἐχαρί-

552 577 713 634 agere
745 560 939 615 sedqu
957 568 1017 613 ut
1045 557 1293 612 solamen
1322 555 1569 611 invenias
1597 554 1743 610 illius
1758 552 1903 624 quod
1932 562 1983 608 te
2004 567 2128 607 con-

2234 551 2390 618 ζοντο
2422 552 2693 623 γλῶσσαν.

552 656 827 709 tristatum
864 650 1072 715 reddet,
1109 649 1153 703 si
1182 648 1344 703 modo
1378 648 1562 703 hostes
1587 646 1679 716 qui
1709 661 1768 701 se
1801 645 1982 717 justus
2002 659 2131 716 pro-

554 748 793 812 ﬁtentur,
832 744 1068 814 linguam
1104 741 1200 796 tibi
1230 742 1459 795 amicam
1486 740 1671 813 largiri
1697 740 1919 795 vellent.

1117 854 1333 910 EPIST.
1376 853 1565 908 XXVI.

812 951 979 1005 Paulo
1009 949 1263 1007 Cazsaretc
1292 948 1686 1017 archiepiscopo
1712 946 1882 1017 lapso.

2816 850 3039 905 ΕΠΙΣΤ.
3082 852 3232 921 Kq'.

2232 944 2452 1008 Παύλῳ
2504 945 2775 1015 γεγονότι
2818 944 3270 1013 ἀρχιεπισκόπῳ
3308 943 3671 1013 Καισαρείας
3719 944 3830 996 καὶ

2793 1014 3232 1082 ἀποστήσαντι.

1785 1123 2057 1173 ὶιοηιαοιιι.
2093 1123 2195 1189 (ep.
2232 1128 2340 1190 175,
2370 1142 2417 1192 p.
2452 1127 2586 1192 262).

622 1236 909 1293 Arcadiam
949 1250 1040 1290 me
1068 1234 1302 1306 ﬂagitas,
1334 1234 1602 1303 quispiam
1641 1232 1870 1297 diceret,
1904 1246 2007 1286 nec
2048 1232 2128 1285 in-

2322 1236 2611 1305 Ἀρκαδίαν
2644 1252 2711 1305 με
2741 1236 2950 1300 αἰτεῖς,
2981 1236 3123 1289 εἴποι
3150 1234 3215 1289 ἄν
3259 1252 3344 1299 τις
3365 1277 3379 1301 ,
3422 1236 3517 1289 καὶ
3552 1235 3707 1305 μάλα
3745 1237 3828 1289 εί-

544 1329 711 1399 juria.
743 1327 1181 1399 proverbialiter.
1217 1328 1328 1397 Ego
1369 1336 1549 1379 autem
1597 1326 1849 1388 exhibeo,
1892 1325 1987 1379 sed
2021 1340 2128 1379 non

2236 1328 2437 1393 κότως,
2478 1332 2880 1400 παροιμιαστὴς
2910 1331 3075 1400 ἀνήρ·
3104 1328 3217 1397 ἐγὼ
3241 1330 3297 1382 δέ
3329 1347 3411 1383 σοι
3438 1329 3623 1392 δώσω,
3663 1330 3721 1381 εὖ
3758 1330 3834 1381 τὰ

547 1440 579 1477 e
626 1424 889 1491 plaustro,
917 1435 1021 1475 nec
1045 1434 1075 1473 ι
1109 1416 1328 1490 Scythis
1364 1428 1673 1473 mutuatum
1726 1419 1984 1481 verbum,
2036 1416 2128 1472 sed

2234 1420 2291 1486 ἐξ
2327 1420 2546 1490 ἁμάξης
2568 1456 2584 1487 ,
2626 1422 2746 1474 οὐδὲ
2786 1422 2886 1493 τὴν
2918 1423 3027 1475 ἀπὸ
3054 1422 3275 1474 Σκυθῶν
3305 1424 3483 1493 ῥῆσιν,
3515 1421 3634 1475 ἀλλ’
3666 1421 3831 1490 ἅπερ

547 1515 704 1585 quale
724 1522 870 1568 amet
893 1513 1151 1567 charitas.
1174 1510 1457 1581 Improbus
1475 1508 1729 1564 exstitisti
1753 1522 1877 1579 erga
1900 1509 2128 1573 amicos,

2238 1512 2305 1565 ἂν
2335 1512 2481 1580 φιλεῖ
2518 1515 2551 1582 ή
2601 1513 2850 1583 ἀλήθεια·
2880 1515 3047 1576 κακὸς
3077 1515 3263 1582 ἐγένου
3299 1514 3472 1581 φίλοις
3494 1554 3506 1576 ,
3536 1514 3635 1565 καὶ
3666 1513 3831 1566 θείου

547 1609 746 1663 divina;
785 1606 919 1677 legis
946 1606 1208 1675 proditor,
1244 1604 1417 1657 hostis
1456 1604 1684 1673 propria:
1714 1601 2079 1656 confessionis
2111 1615 2127 1655 :

2234 1604 2497 1674 προδότης
2524 1605 2814 1675 δόγματος,
2842 1605 2937 1658 καὶ
2958 1605 3055 1673 τῆς
3080 1605 3177 1673 σῆς
3204 1603 3490 1673 ὁμολογίας
3524 1603 3821 1672 πολέμιος⁸

548 1710 603 1755 et
652 1710 833 1754 tamen
882 1698 1085 1768 rogitas
1128 1710 1225 1750 cur
1268 1706 1321 1750 te
1378 1705 1439 1749 ut
1484 1695 1787 1764 improbum
1841 1692 2128 1764 diﬂugiunt

2235 1692 2354 1749 εἶτα
2409 1696 2674 1767 διερωτᾷς
2715 1697 2770 1749 τί
2809 1698 3010 1767 δήποτὲ
3053 1715 3113 1750 σε
3146 1699 3194 1749 οἱ
3243 1696 3488 1757 εὐσεϐεῖς
3529 1696 3608 1758 ὼς
3642 1696 3827 1764 ἐναγῆ

548 1790 815 1853 homines,
843 1806 945 1844 nec
988 1804 1282 1859 congressu
1328 1804 1428 1842 suo
1469 1787 1749 1841 communi
1798 1784 2127 1856 dignantur?

2234 1786 2690 1857 ἀποστρέφονται,
2723 1788 2860 1858 μηδὲ
2899 1790 2996 1857 τῆς
3028 1788 3213 1857 κοινῆς
3251 1787 3525 1852 ἀξιοῦντες
3562 1790 3828 1858 προσρή-

546 1884 811 1940 Nimirum
841 1883 963 1936 ideo
999 1883 1051 1953 (ο
1076 1897 1184 1951 quo
1214 1889 1266 1935 te
1297 1881 1453 1934 titulo
1469 1880 1590 1949 jure
1611 1879 1887 1949 designem
1910 1879 1949 1948 l)
1979 1878 2128 1948 quod

2236 1895 2409 1945 σεως;
2444 1870 2549 1945 (ὧ,
2575 1880 2627 1933 τί
2656 1896 2715 1933 σε
2739 1879 2964 1939 δικαίως
2996 1878 3279 1948 προσείπω
3297 1878 3334 1945 ;)
3363 1877 3594 1947 φοόερὸν
3617 1876 3830 1945 ἡγοῦν-

547 1977 789 2032 terribile
834 1975 1187 2037 arbitrantur,
1225 1973 1315 2027 vel
1360 1987 1458 2042 per
1492 1972 1635 2026 salvo
1676 1971 2122 2026 communionem

2234 1988 2325 2025 ται
2354 1972 2447 2025 καὶ
2494 1973 2558 2025 τὸ
2585 1972 2675 2025 διὰ
2696 1971 2792 2025 τοῦ
2846 1970 3079 2041 χαίρειν
3110 1968 3441 2039 κοινωνῆσαι
3480 1971 3592 2032 τοῖς
3628 1969 3829 2038 ἔργοις

550 2072 754 2126 habere
782 2084 905 2125 eum
938 2069 1198 2138 operibus
1229 2067 1335 2121 tuis
1364 2066 1568 2135 impiis.

2234 2081 2331 2118 σου
2350 2066 2463 2129 τοῖς
2490 2068 2764 2137 πονηροῖς.

1104 2170 1321 2227 EPIST.
1366 2168 1583 2225 XXVII.

848 2265 1125 2320 Zacharia:
1155 2262 1426 2330 metropol.
1454 2261 1820 2316 Chalcedonis.

2822 2171 3045 2224 ΕΠΙΣΤ.
3093 2173 3218 2225 ΚΖ⁹.

2442 2264 2706 2332 Ζαχαρία
2732 2266 3146 2333 μητροπολίτῃ
3176 2263 3580 2331 Χαλκηδόνος.

1789 2371 2051 2422 Montacut.
2088 2372 2193 2437 (ep.
2228 2373 2336 2436 179,
2367 2390 2417 2439 p.
2450 2374 2583 2437 267).

614 2483 735 2539 Misi
763 2484 856 2539 tibi
887 2498 1128 2537 amaram
1156 2483 1455 2553 potionem,
1495 2483 1891 2552 praeparatione
1941 2484 2127 2540 confe-

543 2579 831 2648 ctioneque
851 2594 1069 2645 novam,
1084 2576 1367 2631 stomacho
1390 2576 1777 2629 inservientem
1798 2577 2126 2641 roboranda,

544 2672 612 2726 ab
660 2670 849 2725 eadem
881 2677 997 2724 arte
1025 2684 1130 2739 qua
1177 2669 1328 2738 prius
1375 2666 1697 2737 profectam,
1748 2666 1841 2722 sed
1884 2676 2127 2739 tempore

2311 2485 2572 2557 Ἔπεμψά
2618 2503 2699 2540 σοι
2746 2488 2970 2559 πικρὰν,
3008 2490 3073 2559 τῇ
3122 2505 3181 2541 τε
3224 2492 3570 2561 κατασκευῇ,
3608 2489 3703 2542 καὶ
3756 2494 3828 2561 τῇ

2234 2577 2449 2647 ἐπινοίᾳ
2486 2577 2632 2630 νέανο
2682 2579 2775 2631 καὶ
2805 2577 3055 2649 βοήθημα
3088 2580 3437 2650 στομαχικὸν,
3477 2580 3674 2651 τέχνης
3722 2581 3830 2647 μὲν

2232 2669 2332 2739 τῆς
2381 2670 2586 2741 αὐτῆς,
2632 2670 2848 2742 ἡλικίας
2891 2672 2947 2725 δὲ
2995 2671 3395 2745 πρεσϐυτέρας.
3444 2675 3665 2728 Τούτων
3716 2678 3830 2746 τὴν

543 2763 931 2834 antiquiorem.
971 2760 1177 2815 ﬂorum
1224 2758 1747 2813 medicamentorum
1786 2759 1937 2829 prius
1967 2773 2127 2814 mane

2236 2764 2335 2835 μὲν
2364 2764 2505 2835 ὑπὲρ
2542 2765 2754 2836 ἡμέραν
2792 2766 2989 2839 ὄρθρου
3032 2769 3471 2839 προσφερόμενος
3512 2770 3659 2822 κατὰ
3694 2788 3829 2841 τρι-

545 2856 774 2925 recipies
799 2868 923 2907 cum
966 2852 1124 2905 tertia
1177 2860 1331 2920 parte
1383 2850 1502 2919 ejus
1530 2850 1675 2918 quod
1716 2863 1826 2904 una
1875 2848 2131 2926 mittitur,

545 2955 791 3002 sumatur
817 2945 871 2998 in
911 2958 1048 3013 aqua
1083 2942 1261 3012 tepida
1293 2950 1387 2994 aut
1426 2940 1725 3001 melicrato.
1775 2947 1937 3009 prout
1969 2940 2133 2994 alter-

547 3048 729 3093 utrum
772 3034 943 3105 magis
981 3033 1125 3088 ferre
1174 3032 1386 3102 possis:
1412 3040 1467 3085 et
1501 3039 1623 3100 post
1648 3030 1820 3084 amari
1852 3030 1992 3086 illius
2020 3044 2135 3085 me-

551 3128 847 3185 dicamenti
879 3126 1180 3197 potionem,
1214 3138 1398 3179 sumas
1428 3122 1658 3177 alterum
1689 3122 1814 3177 licet
1845 3137 1945 3192 per
1974 3137 2131 3177 men-

547 3234 664 3277 sem
698 3220 965 3291 integrum
990 3216 1392 3281 continuatum,
1419 3224 1588 3283 usque
1612 3212 1678 3268 ad
1710 3212 1865 3267 nucis
1892 3212 2132 3268 Ponticae

547 3311 929 3382 quantitatem,
958 3308 1130 3363 ternis
1161 3321 1324 3376 porro
1353 3306 1494 3360 bolis
1525 3304 1878 3359 distributum
1908 3304 2127 3359 sumito.

548 3403 695 3458 Illam
726 3412 853 3456 ante
891 3401 1021 3456 solis
1056 3407 1330 3463 exortum,
1358 3398 1586 3453 alteram
1611 3398 1678 3452 ad
1708 3413 1960 3452 occasum
1994 3397 2130 3452 solis

546 3505 669 3566 post
693 3509 923 3557 ccenam,
950 3491 1212 3547 stomachi
1232 3491 1543 3546 cacbexiam
1572 3490 1644 3544 ita
1670 3491 1929 3545 inmelius
1954 3489 2130 3545 refor-

547 3589 750 3653 mabis,
788 3595 843 3641 et
891 3585 1106 3640 aurium
1161 3584 1402 3639 dolorem
1447 3584 1682 3638 sedabis.
1742 3581 1860 3637 Non
1905 3597 2128 3653 possum

545 3680 641 3735 tibi
668 3677 982 3750 promittere
1019 3676 1235 3730 totalem
1266 3674 1606 3729 sanationem
1640 3692 1653 3727 :
1684 3690 1807 3727 nam
1841 3674 2017 3728 morbi
2041 3674 2127 3727 in-

547 3771 770 3827 veterati
803 3770 894 3824 vis
937 3770 1004 3824 ad
1038 3778 1251 3837 tempus
1296 3768 1461 3822 breve
1504 3776 1786 3820 sanantur.
1836 3766 2013 3835 Atque
2068 3775 2127 3819 ut

544 3866 693 3931 alibi,
725 3866 799 3920 ita
835 3863 1103 3933 imprimis
1125 3863 1181 3915 in
1214 3861 1671 3931 promissionibus
1704 3860 2127 3915 medicamenta-

546 3958 687 4013 libus
716 3957 771 4011 id
802 3956 947 4024 quod
989 3956 1246 4024 turgescit
1290 3952 1692 4021 reprobandum
1740 3967 1753 4003 :
1803 3952 1899 4005 sed
1938 3952 2123 4006 divino

548 4048 707 4103 facile
766 4046 1042 4115 aspirante
1081 4045 1282 4099 auxilio
1329 4044 1635 4116 mitigatum
1700 4044 1869 4114 magis
1924 4052 2123 4097 statum

547 4136 902 4208 consequeris
938 4145 994 4190 et
1027 4136 1422 4190 habitudinem.

1074 4234 1087 4241 4

1079 4248 1296 4303 EPIST.
1349 4249 1585 4305 XXVIII.

724 4343 1008 4411 Ettlumpio
1040 4342 1431 4411 archiepiscopo
1468 4352 1517 4397 et
1547 4342 1929 4413 sceuophylaci.

2235 2856 2501 2927 τημόριον
2529 2858 2624 2911 τοῦ
2669 2860 2977 2923 σταλέντος,
3015 2860 3169 2913 ὕδατι
3201 2860 3429 2932 χλιαρῷ,
3458 2862 3491 2932 ἢ
3524 2863 3623 2916 καὶ
3656 2864 3827 2931 μελι-

2234 2951 2445 3022 κράτῳ,
2471 2951 2547 3014 ὡς
2578 2950 2644 3005 ἂν
2738 2969 2820 3005 σοι
2850 2953 3218 3024 ἀλυπώτεροψ
3242 2954 3306 3006 τὸ
3320 2955 3398 3018 δὲ,
3423 2956 3557 3022 μετὰ
3591 2957 3693 3026 τὴν
3717 2957 3829 3023 τῆς

2233 3046 2438 3117 πικρᾶς
2471 3046 2649 3106 πόσιν,
2675 3045 2798 3100 καθ’
2819 3046 2938 3099 ὅλον
2964 3048 3186 3117 ἡμερῶν
3223 3050 3391 3116 μῆνα,
3420 3049 3679 3101 Ποντικοῦ
3719 3064 3831 3101 και-

2234 3136 2367 3209 ρύου
2404 3138 2544 3190 κατὰ
2576 3137 2843 3207 μέγεθος,
2892 3141 2949 3202 ἐς
2992 3140 3117 3209 τρία
3148 3138 3229 3209 τῷ
3257 3140 3451 3210 πληθει
3477 3140 3825 3209 ,λαμὸανωνο

2231 3224 2301 3277 τὰ
2333 3224 2453 3295 μὲν,
2499 3225 2739 3295 ἡλιακῶν
2768 3227 2954 3295 αὐγῶν
2988 3230 3375 3301 πρωῖαίτερον·
3415 3231 3477 3281 τὸ
3516 3230 3573 3283 δὲ
3603 3230 3826 3298 λοιπὸν,

2230 3314 2489 3386 δυομένου
2536 3318 2632 3369 καὶ
2689 3318 3055 3371 ὲπιδείπνιον·
3093 3320 3254 3390 τήντε
3286 3322 3633 3391 στομαχικὴν
3672 3339 3823 3392 καχ-

2230 3406 2377 3471 εξίαν
2405 3409 2497 3460 ἐπὶ
2526 3409 2586 3460 τὸ
2604 3408 2826 3478 ἄμεινον
2850 3409 2990 3474 ἕξεις
3026 3410 3431 3481 μεθισταμένην
3456 3429 3559 3479 σοι,
3597 3414 3693 3467 καὶ
3721 3414 3827 3485 τὴν

2230 3498 2324 3553 τοῦ
2338 3500 2474 3563 ὠτὸς
2494 3502 2875 3571 περιωδυνίαν.
2900 3504 3014 3556 Οὐκ
3036 3505 3102 3556 ἂν
3124 3504 3181 3558 δὲ
3203 3506 3368 3574 φαίην
3391 3508 3469 3568 εἰς
3493 3506 3826 3579 ἀπαλλαγὴν

2230 3587 2490 3659 παντελῆ*
2517 3588 2743 3660 βραχεῖά
2774 3609 2833 3644 τε
2860 3593 2970 3661 γὰρ
2999 3592 3271 3663 θεραπεία
3301 3595 3682 3665 χρονιωτέρων
3714 3600 3824 3670 ἠτ-

2228 3680 2385 3731 τᾶται
2416 3682 2760 3750 νοσημάτων,
2801 3682 2896 3735 καὶ
2939 3682 3127 3754 ὥσπερ
3173 3684 3448 3755 πανταχοῦ
3475 3726 3490 3751 ,
3522 3686 3669 3739 οὕτω
3716 3691 3825 3758 μά-

2229 3769 2385 3825 λιστα
2411 3776 2528 3835 ταῖς
2555 3776 2825 3845 ἰατρικαῖς
2855 3776 3180 3847 ὑποσχέσεσι
3207 3781 3509 3852 νεμέσητον
3539 3782 3603 3835 τὸ
3638 3784 3812 3855 ὑπέρ-

2228 3881 2407 3932 ογκον.
2499 3866 2639 3920 Ἀλλ’
2689 3864 2782 3921 οὖν
2837 3870 2939 3939 τῆς
2990 3873 3101 3924 ἄνω
3137 3874 3347 3944 ῥοπῆς,
3396 3875 3475 3937 εἰς
3522 3876 3822 3946 εὐμένειαν

2227 3957 2441 4028 ὁρώσης
2465 3999 2479 4025 ,
2509 3961 2586 4022 εις
2626 3960 2758 4013 πολὺ
2805 3963 2973 4033 ῥᾴονα
3016 3964 3530 4037 συγκαθισταμένην
3563 3984 3651 4020 σοι
3693 3968 3821 4023 διὰ-

2229 4048 2397 4103 θεσιν.

2814 4258 3037 4313 ΕΠΙΣΤ.
3074 4261 3206 4313 κη’.

2324 4348 2651 4415 Εὑλαμπίῳ
2680 4350 3129 4419 ἀρχιεπισκόπῳ
3156 4355 3254 4409 καὶ
3280 4360 3724 4427 σκευοφύλακι.

1760 4458 2027 4510 Montacut.
2062 4462 2167 4523 (ep.
2197 4460 2306 4523 ιδι,
2338 4476 2382 4525 ρ.
2422 4463 2555 4525 275).

619 4563 950 4617 Adversatur
1003 4562 1191 4616 virtuti
1224 4562 1565 4631 improbitas,
1595 4578 1698 4617 nec
1734 4564 1786 4615 in
1834 4564 2129 4618 amicitiam

544 4657 857 4712 coalescent
889 4655 1179 4725 aliquando
1210 4673 1221 4707 :
1260 4664 1486 4724 utraque
1517 4656 1796 4724 proprium
1824 4657 2130 4727 subjectum

547 4750 731 4813 habet,
787 4757 843 4802 et
872 4749 1222 4817 amplectitur
1252 4748 1337 4801 cui
1374 4747 1632 4801 innititur
1665 4766 1677 4801 :
1730 4748 1845 4801 ﬁeri
1878 4764 1987 4803 non
2032 4764 2134 4819 po-

548 4851 655 4895 test
706 4848 783 4906 ut,
833 4840 1093 4909 subjectis
1137 4838 1525 4909 pugnantibus.
1566 4853 1628 4891 ea
1682 4854 1801 4906 qum
1848 4838 2127 4902 incubant,

550 4937 796 4992 inducias
835 4943 996 5006 agant
1024 4952 1036 4987 :
1068 4934 1110 4989 si
1144 4935 1247 4989 hoc
1291 4934 1363 4988 ita
1409 4949 1468 4986 se
1504 4934 1666 4988 habet
1699 4934 1882 4989 mirari
1924 4935 2055 4999 noli,
2084 4934 2129 4989 si

548 5030 615 5091 is,
652 5030 743 5098 qui
779 5029 1023 5081 minister
1047 5036 1129 5081 est
1170 5027 1488 5096 impietatis,
1516 5028 1715 5081 bellum
1742 5027 1809 5081 iis
1844 5028 2131 5083 denuntiat

549 5136 673 5173 cum
738 5135 931 5189 magno
974 5128 1140 5183 statu,
1171 5119 1261 5188 qui
1308 5119 1562 5173 virtutem
1613 5118 1715 5187 ipsi
1772 5133 1840 5172 ex
1898 5120 2127 5174 adverso

549 5211 904 5269 constitutam
931 5220 1344 5281 representant.

1100 5326 1318 5380 EPIST.
1362 5324 1554 5379 XXIX.

817 5418 1157 5473 Eusclicmoni
1184 5419 1572 5485 archiepiscopo
1603 5414 1883 5471 Caesarem.

2305 4566 2493 4618 Ἔστιν
2516 4566 2760 4619 ἐναντίον
2799 4571 2865 4639 τῇ
2898 4569 3065 4641 ἀρετῇ
3093 4571 3125 4639 ἠ
3162 4571 3351 4631 κακία.
3386 4575 3480 4627 καὶ
3506 4575 3610 4628 οὐκ
3642 4578 3705 4627 ἂν
3734 4581 3816 4639 εἰς

2230 4656 2411 4724 φιλίαν
2444 4657 2745 4710 συνέλθοιεν
2767 4674 2781 4688 ·
2824 4660 3057 4730 ἑκατέρα
3095 4662 3150 4714 δὲ
3188 4664 3551 4735 ὑποκείμενον
3588 4670 3815 4733 οἰκεῖον,

2232 4744 2319 4813 ἐφ’
2345 4736 2389 4811 ᾧ
2414 4743 2643 4813 ἵδρυται,
2686 4745 3175 4817 καταλαμϐάνουσα
3204 4752 3316 4820 ἔχει
3338 4769 3349 4780 '
3382 4755 3483 4806 οὐκ
3512 4756 3662 4808 ἔστιν
3694 4755 3816 4822 οὖν,

2234 4841 2546 4911 μαχομένης
2575 4842 2673 4911 τῆς
2708 4843 3108 4914 ἐφιδρυμένης,
3158 4848 3482 4902 σπένδεσθαι
3521 4854 3614 4905 τὸν
3657 4854 3820 4925 ὲδράο

2229 4930 2391 4995 ζοντα
2427 4948 2441 4963 °
2471 4935 2517 4986 si
2545 4932 2602 4985 δὲ
2627 4933 2803 4999 τοῦτο,
2828 4933 2992 5005 μηδὲν
3012 4936 3323 5009 θαυμάζῃς,
3345 4942 3395 4993 εἰ
3422 4944 3449 4994 ὁ
3478 4942 3583 5011 τῆς
3614 4948 3821 5011 κακὲας

2229 5025 2527 5095 ὑπηρέτης,
2567 5026 2707 5079 κατὰ
2737 5028 2843 5080 τῶν
2870 5030 3285 5099 ἀντιπρόσωπον
3306 5034 3455 5105 αὐτῷ
3484 5035 3583 5106 τὴν
3614 5039 3823 5110 ἀρετὴν

2228 5118 2700 5190 προϐεϐλημένων,
2743 5122 2888 5191 μέγα
2909 5122 3033 5173 πνεῖ
3056 5124 3120 5175 τὸ
3142 5124 3415 5193 πολέμιον.

2826 5325 3047 5379 ΕΠΙΣΤ.
3081 5323 3211 5377 ΚΘ’.

2398 5416 2747 5485 Ε’ὺσχημόνι
2769 5415 3215 5486 ἀρχιεπισκόπῳ
3243 5416 3627 5483 Καισαρείας.

1772 5534 2036 5583 Montacut.
2073 5534 2175 5594 (ep.
2208 5532 2317 5594 186,
2348 5547 2397 5596 p.
2433 5531 2571 5595 274).

620 5637 946 5709 lmprobitas
993 5637 1190 5709 (neque
1220 5638 1322 5692 hoc
1358 5638 1605 5694 videatur
1633 5640 1733 5694 tibi
1786 5638 2121 5709 paradoxum

552 5734 703 5803 quid,
734 5748 855 5787 cum
906 5732 1038 5787 satis
1069 5741 1295 5787 testetur
1324 5748 1512 5787 verum
1552 5734 1863 5803 quotidiana
1914 5749 2010 5804 per
2040 5733 2124 5787 vi-

557 5836 664 5877 tam
695 5824 1048 5896 experientia)
1085 5826 1259 5880 sinon
1303 5827 1421 5882 velo
1456 5826 1671 5881 virtutis
1716 5842 1958 5897 oppanso
1984 5827 2127 5883 vele—

2314 5637 2378 5691 'H
2419 5637 2591 5691 κακία
2627 5636 2744 5709 (καὶ
2775 5636 2942 5707 μηδέν
2974 5654 3054 5689 σοι
3099 5636 3239 5701 δόξει
3273 5638 3595 5705 παράδοξον,
3627 5642 3660 5709 ἡ
3704 5644 3824 5711 γὰρ

2233 5731 2342 5786 τῶν
2384 5733 2442 5783 ὲν
2479 5730 2578 5801 βίῳ
2612 5732 2777 5800 πείρα
2814 5732 2993 5798 σαφῆς
3027 5730 3133 5783 τών
3170 5728 3430 5783 τοιούτων
3465 5731 3819 5801 διδάσκαλος)

2236 5826 2303 5879 ἂν
2337 5823 2469 5895 μηδὲ
2495 5823 2597 5894 τῆς
2623 5822 2823 5895 ἀρετῆς
2842 5823 3063 5877 ὑπέλθοι
3084 5825 3142 5878 τὸ
3175 5827 3381 5899 σχῆμα,
3413 5828 3643 5898 τάχιστα
3673 5828 3823 5882 διόλ-
