4044 6444
184 418 288 483 841

1334 392 1875 461 EPISTOLARUM
1912 392 2140 453 LIBER
2177 393 2261 453 II.

3303 384 3410 448 842

180 532 333 583 λυται
353 541 368 556 ⁸
403 523 479 595 μὴ
501 522 680 578 τοίνυν
710 522 907 591 ἀθύμει
932 518 1134 585 ταύτην
1153 512 1313 584 ὀρῶν,
1344 512 1408 565 τὸ
1434 510 1745 578 λεγόμενον,

1864 519 1954 570 ω’,
1984 502 2307 572 quantocius
2355 499 2669 570 dissipatur.
2706 495 2826 551 Noli
2875 496 3126 567 quocirca
3177 496 3412 568 despon-

177 618 359 689 γυμνῇ
376 619 442 686 τῇ
474 614 680 686 κεφαλῇ
698 612 1104 683 θρασυνομένην
1139 606 1234 660 καὶ
1253 602 1468 673 ἀπηρυθ
1478 598 1750 673 ριασμένῳ

178 709 454 781 προσώπῳ
498 707 639 761 κατὰ
682 706 902 759 πάντων
955 698 1377 768 ἀσελγαίνουσαν
1400 710 1415 726 ·
1464 692 1685 781 βραχὺς,
1722 692 1752 744 6

178 780 390 873 χρόνος,
423 800 515 853 καὶ
551 800 632 861 είς
687 795 980 867 διαφθορὰν
1013 790 1181 862 αὐτὴν
1225 788 1365 859 ὄψει,
1394 787 1490 838 σὺν
1533 780 1752 853 μεγάλῳ

178 898 296 968 ἤχῳ
333 891 851 965 καταστρέφουσανο
927 888 1070 959 ἔχεις
1095 886 1153 940 δὲ
1196 880 1410 937 καὶτὸν
1461 878 1753 951 Προφήτην

179 988 306 1056 ἐμοὶ
368 984 883 1057 συμφθεγγόμενονο
942 977 1123 1036 Εἶδον
1174 976 1281 1031 τὸν
1332 973 1522 1041 ἀσεόῆ
1569 972 1751 1036 ὑπερ-

177 1079 528 1149 υψσύμενον
556 1078 653 1131 καὶ
690 1074 1095 1143 ἐπαιρόμενον,
1126 1071 1206 1137 ὡς
1232 1068 1339 1134 τὰς
1370 1065 1619 1133 κέδρους
1642 1059 1749 1115 τοῦ

178 1170 459 1232 Λιϐάνου,
487 1170 588 1224 καὶ
616 1164 919 1238 παρῆλθεν
933 1175 983 1232 ιι,
1020 1165 1119 1219 καὶ
1149 1162 1278 1217 ἰδοὺ
1325 1162 1437 1216 οὐκ
1457 1156 1535 1228 ἦν
1553 1174 1567 1187 ο
1618 1154 1746 1224 ἐζή-

178 1280 339 1333 τησα
371 1263 576 1330 αὑτὸν,
616 1261 711 1316 καὶ
750 1261 863 1328 οὐχ
898 1258 1113 1326 εὑρέθη
1150 1258 1185 1309 ὁ
1219 1254 1402 1319 τόπος
1437 1248 1646 1305 αὐτοῦ.

812 1500 1032 1554 ΕΠΙΣΤ.
1069 1500 1147 1552 Λ’.

404 1596 660 1665 Ζαχαρία
696 1592 1103 1663 μητροπολίτῃ
1149 1590 1520 1658 Ἀντιοχείας.

1849 595 1979 650 dere
2006 594 2269 661 animum,
2301 594 2346 649 si
2387 593 2531 663 quod
2577 590 2684 651 dici
2721 590 2876 656 solet,
2902 599 3089 662 aperte
3137 597 3192 645 et
3215 589 3417 646 nudato

1846 686 2044 756 capite,
2097 686 2379 741 audaciam
2430 685 2573 739 illam
2623 683 2810 739 videas
2858 682 3304 750 insolescentem,
3359 688 3417 738 et

1845 775 1903 829 in
1931 786 2225 847 conspectu
2279 787 2467 833 contra
2496 791 2685 831 omnes
2725 791 2835 831 non
2884 774 3238 829 erubescente
3264 773 3416 847 vultu

1847 869 2237 924 lascivientem.
2278 868 2514 940 Tempus
2538 869 2706 924 breve
2735 868 3082 931 interveniet,
3121 882 3243 923 cum
3269 843 3417 921 illam

1855 959 2065 1015 videbis
2101 976 2227 1015 cum
2276 961 2481 1032 ingenti
2509 961 2692 1016 sonitu
2739 961 2795 1014 in
2830 960 3126 1031 perniciem
3168 959 3419 1029 praecipi-

1855 1060 2044 1106 tatam.
2101 1053 2278 1122 Atque
2322 1052 2410 1107 hic
2441 1053 2573 1107 mihi
2613 1051 3043 1109 consentientem
3089 1051 3418 1121 Prophetam

1853 1139 2048 1197 habes.
2083 1141 2224 1208 Vidi,
2264 1143 2442 1197 aiebat
2486 1143 2595 1209 ille,
2631 1143 2848 1213 impium
2885 1142 2939 1195 in
2971 1141 3181 1196 sublimi
3213 1141 3420 1196 exalta-

1850 1245 1984 1301 tum,
2036 1244 2085 1289 et
2114 1243 2367 1304 tanquam
2400 1253 2427 1290 e
2484 1237 2648 1290 cedria
2687 1236 2878 1291 Libani
2920 1235 3155 1297 elatum;
3202 1244 3419 1303 proster-

1846 1328 1991 1380 ibam
2020 1342 2159 1393 vero,
2214 1337 2262 1380 et
2292 1344 2404 1381 ecce
2433 1344 2534 1381 non
2560 1337 2712 1383 erat:
2741 1329 3038 1399 quwrebam
3076 1344 3212 1394 eum,
3238 1336 3286 1381 et
3317 1342 3420 1380 non

1857 1426 1931 1469 est
1965 1417 2202 1471 inventus
2229 1417 2369 1472 locus
2401 1419 2515 1488 ejus
2552 1419 2591 1473 ³.

2424 1508 2637 1564 EPIST.
2677 1507 2842 1562 XXX.

2132 1595 2407 1655 Zacharia:
2438 1599 2776 1667 metropolin
2802 1599 3134 1652 Autiocheno.

1413 1707 1678 1758 Montacut.
1707 1709 1811 1772 (ep.
1833 1709 1940 1771 191,
1976 1726 2023 1775 p.
2051 1714 2183 1779 289).

280 1823 323 1874 Ο
354 1821 620 1892 μακάριος
648 1820 745 1875 καὶ
775 1820 917 1883 θεῖος
951 1819 1183 1884 Παῦλος,
1210 1821 1239 1874 6
1265 1819 1375 1873 τῶν
1418 1819 1587 1873 ἐθνῶν
1618 1817 1753 1871 ἀπό-

1924 1822 2123 1879 Beatus
2173 1834 2229 1881 et
2271 1825 2488 1882 divinus
2540 1824 2758 1891 Paulus,
2818 1828 3061 1896 gentium
3120 1824 3415 1892 apostolus,

180 1914 393 1978 στολος,
429 1914 526 1967 καὶ
562 1913 661 1984 τῆς
691 1913 1014 1985 οἰκουμένης
1048 1912 1391 1978 διδάσκαλος,
1420 1914 1449 1965 6
1471 1910 1562 1965 τὸν
1588 1909 1755 1980 γύρον

179 2009 399 2061 ᾶπαντα
442 2006 544 2077 τῆς
584 2008 687 2075 γῆς
726 2004 1034 2077 περιλαϐὼν
1060 2002 1138 2076 τῷ
1166 2007 1507 2075 κηρύγματι,
1545 1994 1700 2065 οὗτος
1728 2005 1757 2055 6

177 2099 263 2170 τῷ
288 2098 523 2169 οὐρανίῳ
556 2097 862 2162 παιδευθεὶς
888 2094 1243 2167 διδασκαλείῳ
1266 2096 1359 2148 καὶ
1379 2094 1487 2149 τῶν
1512 2095 1757 2167 ἀπορρή-

177 2208 294 2245 των
320 2191 541 2245 ἐκείνων
561 2189 1059 2263 ρημάτωνιπρῶτος
1083 2188 1431 2260 ἀνθρωπίνην
1450 2187 1619 2257 ἀκοὴν
1638 2189 1756 2239 ἐπι-

180 2284 365 2351 δείξας
404 2284 689 2355 κατήκοον,
731 2282 999 2351 πολλαχοῦ
1028 2283 1153 2345 τοὺς
1185 2280 1433 2352 μαθητὰς
1474 2280 1576 2350 τῆς
1619 2279 1758 2350 μετὰ

180 2376 295 2430 τῶν
348 2374 566 2444 φαύλων
615 2373 899 2443 διατριϐῆς
948 2372 1262 2443 ἀπείργων,
1304 2370 1465 2434 αὐτὸς
1499 2371 1560 2424 ού
1598 2373 1758 2439 μόνον

184 2468 355 2537 συνῆν
377 2467 470 2519 καὶ
493 2465 971 2535 συνανεστρέφετο,
995 2464 1132 2517 ἀλλὰ
1155 2464 1247 2517 καί
1267 2461 1389 2529 τοῖς
1415 2463 1660 2532 ἀνόμοις
1681 2463 1760 2528 ὡς

183 2560 412 2628 ἄνομος
426 2558 851 2613 συνδιετιθετο.
870 2557 935 2611 Τί
951 2556 1137 2623 τοῦτο;
1166 2558 1256 2626 Μὴ
1275 2564 1382 2628 γὰρ
1399 2555 1540 2628 ἅπερ
1556 2556 1762 2627 ἑτέροις

182 2653 518 2724 ἀπέτρεπεν,
549 2648 711 2713 αὐτὸς
734 2650 857 2703 καθ’
886 2649 1076 2720 ἡδονὴν
1125 2650 1419 2720 ἔπραττεν;
1445 2648 1479 2719 ἢ
1516 2647 1626 2700 τῶν
1655 2664 1760 2717 μα-

184 2743 371 2813 θητῶν
427 2724 525 2813 μὲν
554 2742 613 2795 τὸ
651 2740 891 2810 ἀσφαλὲς
916 2740 1194 2802 διετίθετο,
1230 2738 1408 2809 ἐαυτῷ
1431 2739 1488 2792 δέ
1516 2738 1615 2807 τὴν
1640 2736 1762 2807 βλά-

184 2837 291 2908 ϐην
320 2835 635 2905 είσέφερεν;
672 2834 706 2904 ἢ
728 2833 898 2904 λήθην
930 2832 1068 2903 ἔχων
1101 2826 1175 2886 ὧν
1224 2831 1416 2893 ἄλλους
1458 2830 1759 2892 ἐπαίδευεν,

183 2927 352 2991 αὐτὸς
386 2926 643 2979 τάναντία
659 2925 918 2996 ἕστεργες
971 2924 1046 2996 μὴ
1078 2925 1287 2993 γένοιτο
1317 2922 1464 2977 Ῑάλλ’
1506 2922 1763 2992 ἑκάτερον

184 3019 395 3075 τούτοιν
445 3019 688 3089 ἀκριϐῶς
736 3018 1117 3084 συνεπίπατο,
1166 3017 1262 3070 καὶ
1314 3016 1377 3069 τὸ
1420 3015 1543 3069 καθ’
1575 3014 1764 3069 ἑαυτὸν

186 3112 421 3179 τέλειον,
456 3111 553 3166 καὶ
622 3111 759 3180 πρὸς
810 3110 1009 3165 κακίαν
1060 3110 1487 3181 ἀμετακίνητον,
1529 3110 1762 3165 καὶτῶν
1789 3165 1829 3187 η

189 3205 409 3258 πολλῶν
457 3204 517 3257 τὸ
552 3204 740 3267 ἀτελὲς
777 3204 871 3257 καὶ
901 3202 1040 3274 πρὸς
1075 3202 1144 3256 τὰ
1182 3202 1349 3273 χείρω
1388 3203 1756 3273 εύέμπτωτον.

190 3294 381 3347 Ταῦτα
400 3294 456 3347 δὲ
494 3293 674 3356 καλῶς
725 3292 879 3356 εἰδὼς
905 3296 999 3348 καὶ
1028 3294 1504 3362 συνεπιστάμενος,
1535 3292 1761 3351 ἐκείνοις

194 3388 298 3460 μὲν
341 3387 438 3452 τὰς
466 3390 530 3441 ἐκ
559 3388 671 3442 τῶν
701 3385 1013 3455 ἐπισφαλῶς
1038 3383 1295 3455 βιούντων
1330 3383 1533 3453 βλαὸἀς
1565 3382 1762 3438 ἀνακό-

192 3497 349 3534 πτων
398 3479 489 3533 καὶ
535 3477 976 3549 ἅποκρουόμενος
1011 3476 1112 3544 τῆς
1160 3475 1277 3546 μετ’
1330 3475 1507 3528 αὐτῶν
1553 3474 1763 3544 διαίτης

193 3576 296 3631 καὶ
333 3572 677 3645 ἀναστροφῆς
697 3571 990 3625 διεκώλυεν
1008 3588 1021 3601 ·
1050 3570 1240 3623 ἑαυτὸν
1266 3569 1322 3623 δὲ
1345 3570 1439 3622 καὶ
1463 3572 1542 3633 είς
1565 3570 1763 3641 μέσους

204 3670 388 3741 φέρων
428 3668 611 3738 ὴφίει,
659 3665 754 3720 καὶ
787 3663 1112 3736 ὁμορρόφιος
1139 3664 1322 3727 αὐτοῖς
1349 3662 1632 3728 πολλάκις,
1671 3663 1765 3717 καὶ

194 3762 501 3833 ὁμοδίαιτος
538 3758 933 3830 ἐχρημάτιζενο
970 3758 1032 3810 ού
1069 3756 1253 3820 δεδίως
1291 3757 1576 3826 μετασχεῖν
1609 3754 1765 3827 κηλῖ-

194 3858 290 3919 δος
313 3855 415 3924 τῆς
451 3852 581 3924 παρ’
614 3853 823 3906 αὐτῶνο
848 3849 1065 3923 θαρρῶν
1096 3849 1154 3903 δὲ
1182 3850 1275 3902 καὶ
1308 3847 1636 3920 μεταδώσειν
1665 3848 1768 3918 τῆς

196 3945 425 4015 ἐνούσης
446 3943 812 4016 καθαρότητος
826 3958 842 3976 ο
860 3940 1005 3996 οὕτω
1023 3940 1312 4012 τοιγαροῦν
1327 3943 1355 3995 6
1371 3940 1529 4005 αὐτὸς
1544 3941 1766 4007 σκοπὸς,

198 4044 236 4111 ή
263 4038 373 4092 τῶν
412 4038 617 4109 ψυχῶν,
650 4038 812 4107 φημὶ,
856 4036 1121 4107 σωτηρία,
1148 4035 1236 4089 διὰ
1264 4035 1370 4089 τῶν
1400 4035 1657 4089 ἐναντίων
1690 4035 1768 4106 τῷ

203 4132 460 4202 μακαρίῳ
502 4129 697 4200 Παύλῳ
736 4128 1086 4200 ἐπεραίνετο’
1123 4127 1286 4181 αὑτοῦ
1353 4128 1451 4198 μὲν
1502 4127 1611 4180 τῶν
1667 4128 1769 4181 οὐκ

200 4222 416 4290 εῦαγῶς
465 4221 721 4292 βιούντων
767 4220 866 4291 τὴν
915 4219 1149 4286 σύνοδον,
1202 4220 1293 4273 ἐπὶ
1334 4220 1616 4291 διορθώσει
1660 4221 1768 4273 τῶν

205 4312 474 4365 συνόντων
514 4312 577 4363 ού
622 4311 1098 4381 παραιτουμένουο
1147 4312 1274 4375 τοὺς
1302 4311 1359 4363 δὲ
1395 4311 1641 4384 μαθητὰς
1670 4313 1770 4367 οὐκ

204 4402 403 4466 ἐῶντος
432 4402 825 4473 παραπλησίως
845 4402 1125 4472 πράττειν,
1153 4400 1239 4454 ἵνα
1270 4402 1346 4471 μὴ
1378 4403 1613 4473 χρηστὸν
1637 4398 1770 4473 ἦθος

1856 1918 2043 1973 mundi
2078 1919 2287 1981 doctor,
2330 1919 2421 1989 qui
2453 1926 2594 1974 totos
2628 1926 2786 1973 terrae
2827 1919 3053 1989 angulos
3081 1918 3422 1987 praedicando

1855 2009 2277 2066 circumiitzille
2316 2011 2522 2067 caelesti
2564 2009 2875 2083 magisterio
2927 2010 3171 2074 edoctus,
3226 2018 3282 2063 et
3336 2009 3424 2063 in-

1857 2103 2242 2158 enarrabilium
2288 2118 2601 2159 sermonum
2651 2102 2925 2172 princeps,
2960 2101 3225 2155 humanas
3266 2114 3425 2153 aures

1856 2195 2142 2251 audientes
2175 2195 2404 2260 habens,
2434 2195 2619 2249 multis
2652 2194 2705 2248 in
2746 2195 2880 2249 locis
2908 2194 3203 2262 discipulos
3226 2208 3257 2246 a
3291 2208 3426 2246 con-

1856 2287 2165 2341 versatione
2191 2287 2481 2357 impiorum
2510 2284 2823 2348 excludens,
2864 2300 2973 2338 non
3004 2292 3213 2337 tantum
3242 2299 3422 2337 versa-

1857 2386 1947 2430 tus
1964 2384 2048 2430 est
2070 2375 2186 2446 ipse
2208 2392 2330 2431 cum
2352 2374 2702 2446 ejuscemodi,
2724 2375 2818 2430 sed
2838 2381 2892 2428 et
2910 2374 3022 2427 sine
3052 2375 3161 2445 lege
3189 2375 3429 2430 exsistan-

1858 2469 1993 2522 tibus
2035 2469 2173 2522 velut
2213 2467 2363 2522 exlex
2426 2466 2650 2520 convixit
2676 2467 2719 2519 ³.
2774 2465 2914 2532 Quid
2951 2467 3185 2520 autem?
3237 2469 3319 2520 An
3368 2477 3429 2522 ut

1858 2559 1977 2630 ipse
2014 2559 2245 2614 libenter
2280 2567 2481 2629 ageret,
2537 2557 2681 2627 quod
2727 2556 2946 2626 reliquis
2988 2572 3095 2611 non
3142 2558 3428 2626 permisit?

1859 2666 1929 2705 an
1968 2650 2356 2720 discipulorum
2404 2649 2684 2705 securitati
2716 2657 2773 2701 ut
2800 2648 3130 2718 provideret,
3158 2648 3273 2719 ipse
3321 2648 3429 2705 sibi

1861 2748 2120 2802 damnum
2151 2746 2356 2802 creavit
2383 2747 2497 2800 ?an
2544 2746 2744 2801 oblitus
2781 2760 2970 2800 eorum
2997 2760 3117 2815 quae
3145 2760 3431 2817 suggesse-

1862 2848 1964 2904 rat,
2000 2840 2119 2894 aliis
2152 2840 2419 2895 contraria
2453 2838 2668 2893 obivit?
2706 2838 2882 2893 absitl
2911 2845 3203 2908 utrumque
3229 2838 3433 2907 optimc

1861 2940 2105 2997 noverat,
2129 2946 2186 2985 se
2212 2930 2601 3000 perfectionem
2635 2939 2948 2984 assecutum
2994 2929 3329 2984 immobilem
3362 2929 3428 2983 ad

1863 3024 2085 3088 malum,
2115 3023 2344 3078 aliorum
2389 3020 2831 3092 imperfectiones
2876 3030 2930 3075 et
2956 3036 3117 3091 quam
3153 3020 3339 3075 labiles
3366 3019 3435 3076 ad

1864 3116 2131 3170 deteriora
2171 3134 2185 3170 :
2240 3116 2434 3170 horum
2488 3113 2742 3169 conscius
2784 3122 2839 3168 et
2884 3113 3225 3184 intelligens,
3269 3112 3435 3168 disci-

1865 3210 2004 3280 pulis
2043 3210 2279 3264 inhibuit
2312 3223 2664 3279 congressum
2702 3217 2758 3263 et
2786 3208 3253 3263 conversationem
3311 3221 3438 3261 cum

1868 3301 2130 3371 improbis
2163 3343 2178 3367 ,
2230 3300 2532 3370 praecidens
2586 3314 2783 3369 nempe
2831 3300 3027 3354 damna
3075 3308 3131 3354 et
3175 3298 3439 3353 amoliens

1867 3391 2064 3447 exinde
2124 3390 2300 3445 futura
2334 3392 2614 3462 :seipsum
2645 3390 2856 3445 medius
2878 3390 3080 3451 intulit,
3115 3389 3216 3443 sub
3250 3389 3441 3443 eodem

1870 3499 2012 3554 saepe
2065 3492 2208 3538 tecto
2240 3498 2364 3537 cum
2411 3482 2499 3547 iis,
2554 3490 2611 3537 et
2642 3480 2833 3535 eadem
2882 3495 3071 3535 mensa
3120 3479 3440 3534 familiarius

1868 3584 2156 3630 versatus:
2202 3588 2379 3644 neque
2428 3573 2574 3628 enim
2615 3572 2882 3628 maculam
2921 3573 2990 3627 ab
3028 3572 3094 3627 iis
3130 3572 3438 3626 metuebat:

1870 3666 1980 3721 imo
2011 3665 2537 3720 communicaturum
2570 3679 2629 3719 se
2650 3662 2931 3718 conlidens
2946 3663 3016 3719 de
3045 3664 3279 3733 puritate
3307 3678 3438 3718 sua:

1871 3766 2032 3827 atque
2080 3758 2154 3812 ita
2191 3756 2481 3811 contrariis
2505 3756 2608 3811 viis
2630 3756 2697 3812 ad
2730 3754 2979 3809 eumdem
3020 3754 3179 3809 ﬁnem
3213 3763 3443 3809 conten-

1870 3851 2034 3906 debat
2079 3848 2299 3915 Paulus,
2341 3863 2445 3904 nec
2490 3848 2784 3904 declinavit
2832 3847 3141 3901 convictum
3194 3846 3444 3917 improbe

1871 3941 2190 4005 viventium,
2216 3939 2287 3995 ob
2317 3939 2713 3994 correctionem
2747 3952 2934 3993 secum
2968 3937 3320 4003 versantinm,
3356 3953 3446 4008 pa-

1872 4034 1951 4088 ria
1973 4033 2258 4088 admittere
2286 4046 2395 4086 non
2423 4030 2608 4086 sinens
2644 4030 2956 4100 discipulos,
2993 4045 3065 4085 ne
3094 4028 3219 4084 boni
3265 4044 3447 4084 mores

1872 4127 2031 4182 malis
2057 4124 2559 4182 conversationibus
2587 4131 3092 4192 corrumperentur.
3139 4121 3258 4185 Quo
3317 4135 3445 4190 spe-

1874 4229 2003 4284 ctat,
2030 4219 2161 4289 quid
2180 4218 2298 4274 vult
2325 4216 2427 4275 sibi
2464 4217 2580 4271 haec
2609 4216 2785 4271 oratio
2811 4215 2834 4268 ?
2863 4223 3011 4270 certe
3033 4214 3192 4268 solvit
3210 4229 3239 4267 a
3269 4223 3447 4268 vestra

1873 4312 2206 4384 perfectione
2255 4310 2609 4380 quaastionem
2661 4307 2991 4377 propositam
3021 4326 3036 4361 ι
3069 4303 3201 4359 Nam
3231 4313 3292 4358 ut
3343 4305 3448 4357 im-

1874 4403 2099 4475 perfecti
2127 4403 2437 4459 facultatem
2461 4416 2569 4455 non
2594 4399 2867 4453 habebant
2892 4398 3062 4453 libere
3088 4412 3211 4452 cum
3241 4398 3445 4465 impro-

205 4495 405 4556 κακατς
428 4492 666 4564 ὁμιλίαις
700 4492 1173 4562 ἐνδιαφθείροιντο.
1198 4490 1343 4561 Πρὸς
1375 4492 1430 4545 τί
1459 4492 1517 4545 δέ
1547 4511 1636 4564 μοι
1667 4496 1766 4563 ἀφ-

1876 4497 1958 4552 bis
1987 4494 2249 4551 miscendi
2280 4509 2339 4549 se
2365 4507 2381 4546 :
2411 4501 2469 4547 at
2514 4490 2714 4547 Paulus
2774 4490 2981 4545 faciens
3017 4490 3160 4559 quod
3189 4489 3445 4558 prohibe-

204 4586 309 4656 ορᾷ
333 4587 362 4638 6
386 4584 565 4654 λόγος,
601 4584 697 4639 καὶ
723 4584 777 4636 τί
806 4582 1096 4654 βούλεταις
1134 4580 1172 4656 ἦ
1204 4584 1361 4653 δῆλον
1392 4585 1475 4639 ὅτι
1519 4588 1581 4640 τὺ
1629 4598 1780 4661 παρά

204 4677 307 4746 τῆς
328 4674 481 4744 ὑμῶν
508 4672 845 4743 τελειότητος
864 4672 1071 4726 διαλύει
1098 4674 1534 4744 προτεινόμενον.
1571 4680 1778 4757 ’Ὠσπερ

204 4767 319 4838 γὰρ
363 4766 464 4819 οὐκ
509 4763 580 4836 ἦν
625 4765 724 4835 μέν
775 4768 887 4829 τοῖς
920 4766 1166 4820 ἀτελέσιν
1212 4768 1299 4820 ἐπ’
1327 4767 1574 4833 ἐξουσίας
1611 4773 1775 4845 ἔχειν,

211 4860 355 4928 μετά
375 4858 483 4911 τῶν
512 4857 731 4926 φαύλων
763 4856 1267 4928 συναναφύρεσθαι·
1297 4859 1504 4925 Παῦλος
1530 4862 1588 4916 δὲ
1609 4867 1781 4935 πράτ-

204 4966 338 5012 των,
366 4950 500 5018 ὃπερ
538 4950 767 5019 ἀπεῖργε
788 4988 803 5013 ,
835 4950 929 5003 καὶ
970 4950 1469 5022 διοικονομούμενος
1516 4959 1779 5027 κατεφαί-

207 5059 352 5103 νετο,
384 5042 678 5113 κερδαίνων
708 5043 905 5113 μᾶλλον
935 5042 994 5108 ἐξ
1020 5036 1094 5096 ὧν
1118 5044 1296 5108 ἄλλοις
1337 5046 1547 5118 ὑπῆρχε
1577 5049 1639 5103 τὸ
1660 5053 1785 5105 ἐπι-

211 5134 429 5205 ζῄμιον·
475 5132 617 5186 οῦτω
658 5135 761 5205 χρὴ
798 5135 893 5187 καὶ
935 5137 1177 5205 περὶτοῦ
1223 5137 1502 5207 διορισμοῦ
1529 5139 1627 5209 τῆς
1663 5159 1784 5212 τρι-

212 5224 365 5286 ετίας
408 5222 735 5290 λογίζεσθαι,
771 5223 838 5292 ἢν
873 5226 965 5276 ἐπὶ
989 5224 1095 5278 τῶν
1114 5228 1446 5295 προσιόντων
1488 5229 1565 5299 τῷ
1600 5232 1788 5300 μονάδι

215 5312 320 5382 βίῳ
346 5314 374 5365 ὁ
412 5313 645 5383 ἀκριὸὴς
676 5313 827 5381 λόγος
860 5313 1166 5382 διωρίσατο.
1202 5315 1339 5378 Τοὺς
1387 5317 1483 5386 μὲν
1520 5318 1629 5388 γὰρ
1659 5320 1789 5372 πολ-

211 5402 340 5467 λοὺς
378 5407 470 5457 καὶ
507 5404 793 5475 δεομένους
822 5406 1282 5475 προκαθάρσεως,
1322 5407 1539 5477 ἄμεινον
1579 5410 1788 5466 ἐκεῖθεν

291 5559 312 5592 ¹
334 5558 479 5615 Psal.
504 5576 688 5627 xxxvi,
730 5562 821 5616 55.
896 5561 962 5616 ’1
1000 5564 1125 5619 Cor.
1159 5583 1235 5632 ιχ,
1276 5567 1366 5623 21.

1876 4587 1987 4651 bat,
2019 4596 2073 4640 et
2097 4587 2243 4655 quod
2285 4583 2463 4638 facere
2487 4582 2831 4644 cernebatur,
2884 4590 2943 4634 ut
2986 4578 3327 4633 lucrifaceret
3354 4592 3441 4642 eo,

1876 4678 2020 4749 quod
2046 4678 2165 4732 aliis
2212 4676 2470 4731 damnum
2513 4682 2764 4729 crearet:
2799 4674 2873 4729 ita
2906 4680 3118 4741 oportet
3142 4678 3198 4725 et
3238 4670 3305 4725 de
3350 4670 3449 4723 ιιι-ἰ·

1878 4771 2008 4827 enni
2052 4768 2428 4838 exploratione
2469 4775 2708 4822 statuere
2749 4807 2764 4832 ,
2812 4780 2975 4835 quam
3033 4762 3224 4818 statuit
3258 4770 3447 4817 exacta

1877 4862 2162 4933 disciplina
2201 4876 2326 4932 erga
2356 4858 2714 4914 monasticam
2745 4856 3140 4927 professionem
3172 4852 3444 4907 facturos:

1877 4955 2099 5020 multos,
2156 4962 2343 5023 utpote
2368 4950 2744 5022 purificatione
2776 4948 3096 5018 indigentes,
3125 4946 3317 5000 melius
3364 4954 3451 4999 est

1878 5046 2063 5101 subire
2117 5045 2262 5099 illam
2303 5043 2728 5113 explorationem
2758 5056 2773 5105 ;
2806 5047 2862 5093 at
2907 5036 2999 5107 qui
3031 5052 3091 5091 se
3118 5037 3271 5107 prius
3316 5053 3451 5107 pur-

1880 5149 2066 5211 gantes
2116 5138 2281 5193 vitam
2335 5138 2524 5191 ineunt
2573 5131 3020 5204 philosophicam,
3070 5146 3180 5185 non
3225 5146 3453 5186 necesse

1881 5234 2083 5287 habent
2131 5232 2356 5302 praecise
2390 5230 2520 5285 illud
2557 5232 2773 5298 tempus
2802 5227 3091 5283 observare
3121 5245 3133 5281 :
3188 5228 3450 5296 quemad—

1882 5323 2102 5377 modum
2157 5322 2211 5375 in
2238 5322 2307 5376 iis
2337 5322 2429 5390 qui
2457 5321 2595 5374 hanc
2627 5318 2795 5376 vitam
2847 5318 3157 5386 instituunt,
3182 5318 3350 5372 multa
3400 5326 3454 5371 et

1887 5429 2082 5484 magna
2118 5412 2423 5469 dill'erentia
2463 5410 2758 5479 invenitur,
2811 5421 2867 5467 et
2904 5411 3117 5466 diversa
3164 5418 3453 5481 eapropter

1558 5695 1792 5755 VARUE
1820 5690 2221 5753 LECTIONES.

414 5852 505 5905 ισ.
547 5852 847 5923 παρῆλθον.

465 5946 733 6009 Ρλτιιοι..
774 5946 888 6007 GR.
919 5943 1046 6007 Cll.

3135 5928 3217 5995 27
