4004 6428
627 245 736 308 843

1765 245 2023 308 ΡΗΟΤῙΙ
2065 239 2560 304 PATRIARCIUE
2601 244 2708 305 (ΣΡ.

3763 242 3861 305 8M

621 355 926 424 exploratio
980 357 1333 413 conceditur:
1385 359 1454 412 ita
1487 357 1704 427 etquod
1738 373 1832 411 cos
1854 357 2042 426 tangit,
2092 355 2182 423 qui

2292 353 2384 424 τὴν
2416 354 2738 424 δοκιμασίαν
2766 353 3108 424 ἐπιδέχεσθαι
3129 371 3143 386 ο
3175 354 3290 407 ὅσοι
3321 353 3378 407 δὲ
3419 354 3618 417 αὐτοὺς
3640 370 3857 422 προκα-

624 455 1018 515 prmponuntur
1064 455 1117 501 et
1139 448 1509 503 informationi
1539 448 1766 502 aliorum
1795 446 2184 516 preefieiuntur,

629 552 738 591 non
769 540 956 593 eadem
987 541 1273 610 prudentia
1302 551 1394 595 aut
1443 540 1669 594 facultas
1695 537 1977 593 erudiendi
2007 547 2189 591 osten-

627 629 785 684 datur
836 649 848 684 :
881 633 1132 702 quocirca
1158 642 1438 704 praestaret
1470 643 1530 687 ut
1572 630 1949 702 simpliciores.
1986 630 2120 684 nihil
2158 645 2189 685 a

629 737 727 777 suo
754 722 970 794 ingenio
1003 725 1221 792 faciant,
1246 727 1342 782 sed
1369 727 1547 781 omnia
1584 733 1767 797 agant,
1797 723 2020 780 canonis
2043 722 2188 793 judi-

627 815 773 869 cium
817 816 1092 872 intuentes
1119 827 1175 872 et
1214 833 1280 873 eo
1319 819 1691 874 collimantes:
1722 816 1993 887 praepositi
2040 832 2186 880 vero.

626 904 738 972 qui,
788 905 873 959 vel
932 920 1030 975 per
1073 923 1258 964 rerum
1299 908 1656 962 humanarum
1707 905 2094 976 experientiam
2138 914 2191 959 et

625 996 962 1060 exercitium,
998 999 1081 1052 vel
1110 1015 1208 1070 per
1248 1001 1470 1072 gratiam
1514 1010 1569 1054 et
1595 1000 1920 1070 adjutorium
1954 998 2187 1064 emleste,

628 1085 758 1139 satis
804 1085 1053 1141 instructi
1108 1100 1239 1143 sunt
1297 1090 1365 1145 ad
1412 1089 1830 1144 discernendum
1875 1088 2101 1143 affectus
2138 1096 2194 1142 et

627 1176 1011 1245 dispositiones
1044 1179 1524 1244 admittendorum,
1574 1181 1662 1248 iis,
1695 1190 1752 1235 ut
1775 1196 1894 1235 mea
1928 1180 2032 1234 fert
2067 1196 2193 1235 sen-

635 1268 824 1333 tentia,
856 1283 966 1324 non
997 1282 1080 1326 est
1110 1287 1248 1343 epus
1297 1283 1357 1328 ut
1397 1275 1616 1328 triennii
1668 1275 1931 1330 terminus
1970 1276 2191 1346 praecise

627 1359 902 1429 expleatur
926 1361 1222 1430 injunctus,
1268 1379 1372 1419 nec
1394 1380 1424 1418 a
1461 1365 1643 1436 regula
1672 1365 1888 1421 deﬁciet
1939 1369 2190 1434 multum,

625 1451 819 1518 quisic
868 1451 1431 1526 judicaverit,judicii
1456 1467 1510 1510 et
1535 1457 1880 1514 conscientia:
1929 1461 2193 1530 cujusque

625 1539 863 1594 calculus
920 1552 974 1596 et
1027 1544 1304 1612 discretio,
1345 1546 1402 1601 in
1428 1548 1494 1604 iis
1520 1551 1611 1620 qui
1641 1551 1822 1606 omnia
1849 1551 1916 1605 ad
1963 1552 2190 1606 salutem

624 1632 1003 1690 administrare
1043 1637 1232 1692 volunt
1259 1647 1314 1693 et
1355 1641 1576 1712 gratiam
1609 1643 1675 1698 de
1698 1643 1836 1698 caelo
1867 1643 2088 1714 insuper
2130 1660 2192 1699 ac

2289 447 2584 517 θάραντες,
2629 446 2798 510 οὕτως
2853 447 2990 516 πρὸς
3037 445 3128 498 τὸν
3169 445 3457 515 φιλόσοφον
3501 445 3615 514 βίον
3657 445 3862 498 διαϐαι-

2289 539 2600 602 νοῦσιν,οὑκ
2615 539 2917 608 ἀναγκαίαν
2932 537 3111 609 έχουσι
3127 537 3225 608 τὴν
3247 538 3436 608 ὁμοίαν
3456 539 3861 609 παρατήρησιν.

2291 631 2498 702 Ὥσπερ
2542 631 2599 684 δὲ
2648 631 2742 684 ἐπὶ
2768 630 2874 682 τῶν
2917 627 3249 700 προσιόντων
3287 631 3354 698 τῇ
3393 627 3672 697 φιλοσόφῳ
3720 627 3864 679 πολι-

2287 722 2408 794 τεία
2430 722 2619 794 ταύτῃ,
2651 719 2819 788 πολλὴ
2849 719 2942 771 καὶ
2968 717 3177 789 μεγάλη
3200 717 3496 788 καθορᾶται
3519 718 3554 787 ἡ
3587 717 3825 786 διαιρορά
3845 758 3859 780 ,

2291 812 2383 865 καὶ
2428 813 2514 866 διά
2560 809 2717 864 τοῦτο
2769 808 3022 879 διάφορος
3067 808 3428 876 συγχωρεῖται
3469 809 3504 877 ἡ
3550 807 3860 877 δοκιμασία,

2290 902 2429 954 οὕτω
2457 901 2549 954 καὶ
2581 900 2666 953 ἐπ’
2695 899 2874 952 αὐτῶν
2893 897 2998 951 τῶν
3029 898 3508 968 προτεταγμένων,
3533 899 3630 951 καίΙ
3660 902 3863 969 καταρς

2294 993 2573 1065 ῥυθμίζειν
2613 994 2736 1054 τοὺς
2781 991 2973 1054 ἄλλους
2999 989 3334 1062 ἀξιωμένων,
3362 993 3459 1061 οὐχ
3480 993 3515 1062 ἡ
3537 992 3676 1062 αὑτὴ
3708 991 3863 1046 δύνα-

2297 1102 2386 1154 μις
2430 1085 2524 1137 καὶ
2566 1085 2726 1152 σοφία
2774 1084 2867 1136 τοῦ
2914 1083 3289 1151 παιδαγωγεῖν
3339 1083 3736 1136 ἐπιδείκνυται.
3779 1087 3857 1136 Διὸ

2290 1175 2416 1237 τοὺς
2463 1173 2826 1245 ἀπλούστερόν
2876 1192 2991 1237 πως
3036 1173 3412 1243 διακειμένους
3445 1173 3655 1244 βέλτιον
3685 1175 3756 1227 ἂν
3783 1175 3854 1244 εἴη

2296 1266 2459 1337 μηδὲν
2503 1269 2631 1338 παρ’
2668 1268 2874 1319 ἑαυτῶν
2921 1268 3316 1335 προσεπινοεῖν,
3369 1267 3550 1320 πάντα
3586 1266 3646 1319 δὲ
3694 1272 3854 1337 πράτ-

2292 1375 2404 1411 τειν
2453 1358 2587 1428 πρὸς
2629 1357 2725 1428 τὴν
2772 1357 2866 1410 τοῦ
2914 1358 3136 1420 κανόνος
3174 1357 3354 1428 κρίσιν
3395 1357 3728 1427 ἀφορῶντας
3777 1357 3856 1410 καὶ

2293 1445 2711 1512 ἀπευθύνοντας.
2731 1449 2883 1504 Ὅσοι
2903 1449 2959 1502 δὲ
2988 1451 3096 1502 τῶν
3117 1450 3552 1520 προεστηκότων,
3576 1451 3740 1504 τοῦτο
3768 1453 3854 1519 μὲν

2292 1540 2400 1591 τῶν
2443 1541 2796 1610 ἀνθρωπίνων
2851 1540 3016 1610 πείρᾳ
3063 1539 3230 1609 πολλῇ
3283 1541 3378 1593 καὶ
3439 1543 3854 1614 συγγυμνασία-

2293 1631 2446 1684 τοῦτο
2473 1630 2528 1684 δὲ
2557 1634 2622 1700 τῇ
2657 1631 2861 1684 ἄνωθεν
2917 1635 3096 1702 χάριτι
3151 1635 3244 1686 καῖ⁵
3289 1634 3582 1703 ἐπικουρίᾳ
3605 1673 3620 1696 ,
3667 1634 3854 1692 ἱκανῶς

623 1726 942 1794 sapientiam
983 1741 1308 1800 acceperunt
1332 1710 1399 1788 ab
1424 1735 1760 1805 experientia
1791 1757 1803 1791 :
1831 1747 1886 1791 et
1912 1710 2038 1808 quid
2092 1737 2188 1792 im-

2295 1719 2484 1791 έλαχον
2513 1721 2715 1791 κρίνειν
2761 1738 2819 1774 τε
2857 1723 2952 1774 καὶ
2992 1721 3286 1790 διακρίνειν
3314 1724 3412 1786 τὰς
3442 1724 3624 1793 ὁρμάς
3656 1741 3745 1789 τε,
3774 1726 3855 1777 καὶ

620 1816 812 1882 primis
836 1833 1014 1873 causa:
1063 1821 1350 1877 mutationi
1391 1824 1552 1892 favet,
1593 1837 1647 1882 et
1676 1829 1888 1883 veniam
1931 1840 2188 1894 meretur,

624 1905 785 1973 hujus
819 1909 1079 1976 temporis
1131 1913 1456 1968 necessitate
1496 1917 1955 1988 eonstringantur,
1987 1917 2040 1971 in
2083 1933 2191 1988 quo

622 1996 854 2050 volucres
903 2009 952 2053 et
996 2001 1192 2070 vulpes,
1224 2005 1267 2058 si
1303 2006 1383 2060 vis
1410 2006 1541 2076 lupi,
1591 2008 1874 2076 dracones,
1921 2010 2187 2079 pardales,

625 2097 705 2156 et,
737 2098 796 2142 ut
820 2092 986 2146 verbo
1017 2093 1212 2161 dicam,
1232 2096 1482 2152 helluinis
1512 2101 1752 2155 moribus
1779 2101 2024 2157 homines
2051 2119 2189 2173 pra:-

622 2181 744 2246 diti,
767 2183 1003 2240 illustres
1033 2195 1088 2240 et
1116 2188 1322 2256 amplas
1351 2189 1539 2243 domos
1561 2191 1818 2257 incolunt,
1849 2193 2188 2250 etlicentiam

619 2275 721 2329 sibi
750 2287 1050 2343 assumunt,
1082 2279 1342 2349 quidquid
1367 2282 1631 2351 placuerit
1660 2285 1846 2354 agendi
1879 2300 1893 2334 :
1933 2286 2184 2357 discipuli

623 2380 750 2421 vero
780 2376 834 2421 et
892 2368 1191 2425 imitatores
1224 2370 1342 2427 Filii
1387 2374 1625 2430 hominis
1699 2393 1801 2430 non
1830 2379 2054 2432 habeant
2102 2381 2189 2434 ubi

619 2459 871 2514 reclinant
898 2464 1075 2532 capita
1103 2465 1145 2531 ³,
1168 2480 1272 2520 nec
1298 2467 1462 2522 ullius
1489 2467 1566 2522 rei
1596 2483 1756 2523 usum
1787 2470 2036 2536 liberum,
2068 2472 2186 2526 sine

617 2564 727 2617 quo
768 2550 878 2604 vita
931 2567 1042 2606 non
1074 2563 1158 2608 est
1202 2555 1404 2610 vitalis.
1453 2556 1503 2612 ls
1533 2559 1624 2627 qui
1657 2559 1820 2614 rebus
1870 2562 2190 2616 necessariis

615 2640 887 2710 privatur,
914 2643 1006 2712 qui
1035 2659 1140 2700 nec
1182 2645 1350 2701 libere
1382 2663 1562 2704 aerem
1599 2649 1806 2720 spirare
1835 2653 2185 2720 permittitur,

618 2735 892 2804 quomodo
946 2737 1015 2790 ad
1056 2736 1331 2809 integrum
1378 2741 1690 2808 triennium,
1721 2743 1974 2799 virtutem
2007 2744 2188 2800 addis-

615 2841 742 2883 cere
766 2829 1014 2885 volentes
1041 2841 1347 2900 praestruet,
1367 2844 1421 2890 et
1449 2835 1764 2891 exercitium
1788 2837 1894 2891 illis
1921 2837 2190 2892 describet

617 2915 866 2975 a’seeticre
923 2920 1164 2975 futurae?
1192 2923 1388 2980 suflicit
1434 2927 1518 2980 vel
1572 2942 1895 2996 quocunque
1921 2928 2080 2983 modo
2122 2929 2189 2983 de

619 3012 860 3082 nequitia
889 3013 1171 3084 multiplici
1194 3027 1498 3073 extractum
1521 3020 1645 3075 vita:
1673 3020 2060 3090 philosophica:
2098 3036 2189 3076 co-

619 3103 824 3172 pulare.
879 3105 977 3160 Ubi
1007 3107 1111 3161 erit
1136 3108 1265 3163 illud
1315 3111 1787 3180 phrontisterium,
1841 3113 1894 3166 in
1924 3128 2032 3182 quo
2092 3129 2190 3182 per

620 3195 915 3250 triennium
958 3198 1080 3267 quis
1111 3200 1313 3254 versari
1365 3201 1553 3271 possit,
1590 3217 1713 3256 cum
1753 3203 1952 3272 passim
1999 3203 2190 3258 diffusa

621 3289 692 3342 sit
744 3291 1097 3359 persecutio:
1151 3308 1274 3348 cum
1305 3310 1408 3350 nec
1453 3295 1510 3349 in
1550 3297 1848 3360 montibus,
1896 3297 2186 3368 speluncis,

620 3390 777 3435 terrae
829 3381 1189 3438 foraminibus
1221 3385 1338 3439 sine
1369 3386 1652 3442 vexatione
1702 3388 1884 3443 vivere
1913 3389 2017 3459 piis
2063 3405 2188 3459 per-

617 3474 904 3528 mittatur?
929 3473 1034 3530 Ubi
1063 3477 1197 3530 ordu
1238 3486 1292 3532 et
1324 3479 1666 3548 obsequium,
1708 3480 1906 3550 quibus
1939 3481 2186 3535 monachi

620 3562 828 3618 labores
873 3566 1139 3619 aseeticos
1181 3567 1437 3634 subeunt,
1468 3584 1592 3624 eum
1633 3577 1876 3625 torrente
1924 3572 2190 3625 malorum

617 3662 725 3707 tam
779 3653 986 3725 ingenti
1039 3657 1222 3711 omnia
1271 3660 1896 3728 eorripiantur?Rebus
1946 3676 2076 3716 sane
2122 3662 2189 3715 ad

614 3745 950 3800 voluntatem
983 3745 1297 3814 fluentibus,
1331 3765 1433 3806 nec
1477 3752 1652 3821 aliqua
1687 3762 1912 3822 urgente
1945 3755 2188 3807 necessi-

614 3845 756 3900 tate,
805 3848 1050 3892 exactam
1094 3840 1438 3910 disciplinam
1483 3843 1838 3912 impediente,
1883 3852 2181 3914 prmstaret,

613 3927 827 3995 opinor,
861 3928 1087 3983 formam
1117 3933 1490 4002 praescriptam
1519 3934 1822 4002 cuicunque
1852 3935 2138 3989 observare
2171 3952 2184 3986 :

616 4019 713 4074 sed
742 4035 864 4073 cum
892 4020 944 4074 in
973 4024 1259 4091 proverbio
1277 4033 1360 4077 est
1391 4042 1402 4077 :
1426 4024 1583 4078 Retro
1608 4026 1852 4093 ﬂumina,
1872 4027 2045 4078 omnia
2072 4028 2190 4078 sub-

616 4127 764 4164 versa
784 4114 906 4178 sint,
941 4115 1135 4170 melius
1179 4116 1360 4181 fuerit,
1394 4116 1449 4170 in
1478 4127 1741 4187 quantum
1781 4127 1864 4172 est
1911 4118 2186 4188 possibile,

614 4212 672 4254 et
718 4201 774 4255 in
825 4215 1086 4272 quantum
1116 4223 1205 4261 res
1242 4208 1467 4276 patitur,
1505 4210 1733 4265 salutem
1789 4211 1982 4280 quovis
2029 4210 2188 4265 modo

614 4307 927 4362 procurare,
982 4312 1143 4366 quam
1198 4299 1340 4353 nudo
1385 4300 1591 4354 nomini
1639 4310 1840 4357 exacta
1892 4301 2188 4372 disciplina:

2296 1813 2392 1874 τὰς
2437 1813 2704 1876 διαθέσεις
2753 1813 2860 1866 τῶν
2901 1813 3337 1883 εἰσαγουμένων·
3402 1817 3613 1880 τούτοις
3655 1819 3759 1870 οὐκ
3798 1819 3854 1870 ἂν

2297 1906 2379 1975 εἴη
2416 1903 2548 1956 πολὺ
2589 1905 2685 1974 τῆς
2729 1903 3021 1974 εὐθύτητος
3083 1904 3511 1974 ἀπολειπόμενον
3557 1908 3854 1977 κριτήριον,

2295 1992 2470 2066 οἶμαι,
2484 1995 2588 2050 κᾶν
2606 1998 2635 2048 ὁ
2655 1996 2750 2065 τῆς
2766 1997 3003 2067 τριετίας
3017 1997 3077 2049 οὐ
3106 2013 3169 2048 συ
3178 2012 3455 2068 μπαρεκτε
3465 1998 3630 2050 ίνοιτο
3648 1999 3853 2068 χρόνος,

2294 2090 2327 2158 ἡ
2361 2089 2460 2157 τῆς
2486 2087 2690 2150 οἰκείας
2714 2087 2938 2157 γνώμης
2963 2088 3053 2139 καὶ
3079 2086 3435 2157 συνειδήσεως
3459 2087 3642 2157 ψῆφος
3661 2090 3757 2140 καὶ
3775 2091 3858 2142 ἐπὶ

2294 2182 2361 2251 τῇ
2405 2178 2512 2232 τῶν
2557 2179 2858 2250 ἀνθρώπων
2912 2178 3152 2249 σωτηρίᾳ
3183 2179 3242 2231 οὐ
3277 2180 3434 2248 μόνον
3476 2180 3679 2232 σκοπὸν
3727 2181 3856 2233 τιθεο

2299 2272 2499 2340 μένοις,
2527 2270 2662 2324 ἀλλά
2686 2271 2780 2324 καὶ
2809 2271 2967 2340 χάριν
2995 2270 3221 2335 ἀνωθεν,
3253 2271 3348 2323 καὶ
3372 2272 3563 2340 σοφίαν
3593 2272 3655 2336 ἐξ
3669 2277 3855 2342 ἐμπει-

2299 2365 2418 2434 ρίας
2438 2364 2842 2436 προσειληφόσι.
2863 2364 2970 2416 Καὶ
2993 2364 3052 2416 τὸ
3075 2363 3139 2434 δὴ
3165 2363 3418 2434 μέγιστον
3445 2367 3538 2418 καί
3567 2367 3856 2435 ἀναγκαιό-

2294 2473 2450 2510 τατον
2481 2459 2559 2520 εἰς
2593 2457 2884 2526 μεθάθεσιν
2909 2456 3105 2520 αἰτίας,
3147 2457 3240 2509 καὶ
3262 2458 3597 2527 παραίτησιν
3624 2456 3859 2524 συγγνώ-

2298 2568 2424 2622 μης,
2455 2553 2484 2604 ὁ
2521 2551 2710 2622 παρὼν
2740 2549 2927 2620 καιρὸς
2947 2590 2961 2614 ,
2988 2549 3063 2612 ὠς
3108 2551 3177 2602 τὰ
3209 2550 3306 2619 μὲν
3354 2549 3600 2602 πετεινὰ
3631 2552 3730 2603 καί
3765 2550 3860 2615 τὰς

2294 2644 2638 2712 ἀλώπηκας,
2666 2645 2714 2697 εἰ
2746 2642 2922 2713 βούλει
2953 2642 3008 2696 δὲ
3036 2642 3129 2695 καὶ
3181 2642 3308 2705 τοὺς
3351 2641 3571 2709 λύκους,
3604 2644 3701 2695 καὶ
3748 2643 3860 2704 τοὺς

2293 2736 2612 2807 δράκοντας,
2650 2736 2746 2789 καὶ
2785 2735 2884 2798 τάς
2924 2733 3235 2804 παρδάλεις,
3269 2733 3364 2786 καὶ
3395 2733 3583 2796 ἁπλῶς
3612 2735 3744 2795 τοὺς
3775 2736 3860 2799 θη-

2297 2827 2615 2898 ριοτρόπους
2635 2827 2743 2880 τῶν
2764 2825 3065 2896 ἀνθρώπων
3081 2825 3360 2895 λαμπραῖς
3387 2825 3482 2877 καὶ
3508 2826 3859 2894 περιφανέσιν

2294 2917 2492 2980 οἰκίαις
2536 2914 2920 2985 ὲγκατοικίζει,
2972 2917 3065 2970 καὶ
3105 2916 3283 2968 πᾶσαν
3330 2915 3511 2977 αὐτοῖς
3556 2917 3864 2987 ἐλευθερῖαν

2295 3008 2552 3079 πράττειν
2584 3007 2621 3062 ἃ
2659 3007 2726 3061 ἂν
2762 3008 2984 3069 ἕλοιντο,
3025 3007 3290 3077 παρέχειο
3333 3009 3445 3068 τοῖς
3491 3006 3550 3058 δὲ
3602 3007 3865 3076 μαθηταῖς

2290 3100 2383 3152 καὶ
2401 3099 2664 3169 μιμηταῖς
2679 3097 2771 3149 τοῦ
2795 3095 2921 3149 Υἱοῦ
2941 3095 3035 3150 τοῦ
3061 3095 3370 3164 ἀνθρώπου,
3390 3096 3514 3150 οὐδ’
3529 3096 3703 3164 ἔχειν
3720 3096 3864 3149 ὅπου

2292 3190 2493 3244 κλῖναι
2519 3189 2634 3257 τὴν
2652 3187 2950 3257 κεφαλὴν,
2969 3188 3077 3241 οὐδ’
3095 3182 3167 3242 ὧν
3188 3187 3316 3240 ἄνευ
3339 3189 3458 3240 οὐδὲ
3474 3188 3574 3258 ζῇν
3608 3188 3757 3241 ἐστιν
3785 3190 3866 3239 οὐ-

2289 3282 2581 3346 δενὺς,ούδε
2589 3282 2716 3352 μίαν
2731 3281 2910 3335 ἄδειαν
2927 3280 3229 3350 ἐπιτρέπει.
3243 3279 3369 3343 Πῶς
3391 3277 3504 3343 οὖν,
3523 3282 3553 3332 ὁ
3570 3281 3664 3333 καὶ
3695 3281 3867 3332 αὐτῶν

2292 3373 2403 3425 τῶν
2436 3373 2749 3441 ἀναγκαίων
2777 3371 3237 3442 ἀπεστερημένος,
3258 3372 3349 3423 καὶ
3364 3371 3497 3440 μηδὲ
3529 3374 3680 3442 σπᾷν
3705 3373 3870 3428 6:556);

2290 3465 2380 3518 τὸν
2395 3463 2532 3536 ἀέρα
2551 3481 2870 3534 συγκεχωρη
2879 3462 3055 3532 μένος,
3072 3462 3156 3531 ἐφ’
3175 3463 3271 3515 ὅλα
3283 3461 3407 3532 τρία
3434 3461 3528 3531 ἐτη
3557 3463 3649 3514 τὸν
3677 3463 3869 3530 μαθεῖν

2291 3556 2544 3610 ἐθέλοντα
2590 3554 2688 3626 τὴν
2727 3554 2927 3626 ἀρετὴν
2961 3552 3407 3624 προκαταρτίσει,
3434 3554 3525 3605 καὶ
3563 3554 3870 3622 γυμνάτῑον

2293 3648 2438 3719 αὐτῷ
2467 3649 2564 3718 τῆς
2600 3645 2898 3718 μελλούσης
2939 3646 3224 3715 ἀσκήσεως
3264 3644 3654 3714 προδιαχήσεις
3705 3646 3870 3710 Ἀγα-

2292 3741 2463 3812 πητὸν
2490 3739 2598 3808 γὰρ
2623 3740 2714 3791 καὶ
2741 3739 3042 3808 ὁτῳδήποτε
3079 3737 3270 3806 τρόπῳ,
3311 3736 3409 3804 τῆς
3455 3734 3649 3800 πολλῆς
3714 3734 3875 3799 ἐξελ-

2292 3833 2462 3894 κύσας
2487 3848 2550 3899 γε
2579 3830 2798 3893 κακίας,
2828 3832 2897 3899 τῇ
2940 3829 3214 3896 φιλοσόφῳ
3253 3825 3496 3896 δυνηθείη
3535 3823 3646 3894 ζωῆ
3702 3825 3874 3876 ἐνδε-

2297 3924 2524 3995 σμῆσαι.
2558 3923 2668 3976 Ποῦ
2690 3922 2798 3993 γὰρ
2827 3921 2888 3974 τὸ
2953 3919 3386 3992 φροντιστήριον,
3416 3919 3466 3968 ὲν
3554 3918 3589 3985 ἡ
3613 3916 3717 3968 τοῦ
3743 3933 3880 3986 τρι-

2293 4018 2445 4080 ετοῦς
2483 4018 2674 4088 χρόνου
2704 4014 2972 4085 διατριϐὴ,
2991 4013 3204 4066 ἅπαντα
3238 4011 3332 4065 τοῦ
3362 4009 3595 4080 διωγμοῦ
3617 4011 3875 4063 καταλα-

2291 4108 2494 4170 δόντος,
2519 4107 2614 4160 καὶ
2657 4106 2776 4158 οὐδὲ
2813 4107 2924 4169 τοῖς
2979 4103 3187 4174 ὄρεσιν,
3243 4101 3276 4171 ἢ
3327 4103 3442 4162 τοῖς
3497 4098 3871 4168 σπηλαίοις-,ἦ

2289 4199 2408 4260 ταῖς
2463 4198 2622 4259 ὀπαῖς
2668 4195 2769 4264 τῆς
2811 4194 2914 4263 γῆς
2962 4190 3388 4262 ἀνεπηρεάστως
3433 4191 3728 4258 παροικεῖν
3747 4191 3870 4250 eoin;

2293 4287 2536 4350 εὐσεϐεῖς
2581 4283 3016 4355 συγχωροῦντος;
3049 4279 3151 4334 ποῦ
3201 4279 3258 4333 δὲ
3301 4280 3335 4348 ἡ
3373 4277 3509 4347 ἄλλη
3557 4278 3720 4342 τάξις
3777 4282 3871 4330 καὶ

613 4389 962 4458 adhaerendo,
1014 4393 1322 4462 proditores
1351 4395 1653 4450 animarum
1702 4397 2077 4460 humanarum,
2134 4405 2188 4449 et

2293 4377 2602 4440 ἀκολουθία,
2631 4376 2751 4430 καθ’
2793 4377 2859 4445 ἣν
2893 4375 2952 4428 τὸ
2985 4372 3270 4444 μοναδικὸν
3299 4370 3424 4432 τοὺς
3452 4372 3554 4440 τῆς
3578 4370 3866 4440 ἀσκήσας

612 4482 782 4536 malos
841 4483 1244 4554 dispensatores
1273 4486 1487 4554 prodire
1544 4505 1557 4541 :
1607 4488 1860 4557 quocirca
1919 4485 2187 4555 archiepi-

616 4572 854 4641 scopalis
884 4581 1063 4627 vestra
1092 4573 1354 4643 perfectio
1383 4589 1506 4629 cum
1532 4574 1760 4630 sufﬁciat
1783 4574 2025 4644 judicare
2071 4587 2190 4642 quae

2286 4469 2544 4522 ὑπεδύετο
2569 4467 2765 4530 πόνους
2782 4507 2797 4532 ,
2848 4465 3103 4519 ἁπάντων
3121 4463 3200 4532 τῷ
3227 4461 3474 4530 τοσούτῳ
3496 4459 3745 4529 ῥεύματι
3770 4460 3867 4511 τῶν

2286 4558 2472 4613 κακῶν
2529 4555 2994 4626 συγκεχυμένων;
3046 4551 3168 4605 Τῶν
3224 4551 3324 4620 μὲν
3371 4551 3482 4620 γὰρ
3524 4551 3869 4619 πραγμάτων

609 4665 962 4727 conveniunt,
998 4673 1051 4719 et
1092 4673 1437 4735 tempestates
1481 4667 1612 4722 istas
1654 4665 1966 4721 consideret
2009 4665 2188 4720 omnia

2292 4651 2430 4706 κατά
2468 4650 2594 4723 ῥοῦν
2653 4651 2998 4721 φερομένων,
3037 4647 3129 4700 καὶ
3165 4646 3437 4718 μηδεμιᾶς
3482 4645 3874 4714 περιστάσεως

615 4762 804 4808 contra
831 4755 1236 4810 accurationem
1259 4765 1660 4826 promoventes.
1689 4754 1912 4809 omnino
1939 4753 2009 4807 ad
2041 4762 2188 4808 tuum

2292 4745 2386 4816 τὴν
2425 4744 2708 4817 ἀκρίϐειαν
2741 4739 3238 4813 παραποδιζούσης,
3269 4737 3495 4808 ἄμεινον
3516 4732 3680 4806 οἶμαι
3711 4739 3874 4791 παντὶ

615 4845 876 4913 judicium
927 4860 1040 4900 rem
1094 4846 1356 4918 integram
1389 4846 1734 4903 deferendam
1767 4845 1962 4911 sentio,
2007 4853 2068 4898 ut
2125 4858 2188 4899 ea

613 4934 783 4988 facias
803 4944 1126 5004 potestatem
1153 4936 1564 5003 sanctiﬁcando,
1597 4952 1717 5006 qua:
1737 4934 2068 4990 conscientia
2091 4933 2186 4987 tibi

623 5039 780 5094 pura,
804 5033 898 5080 aut
921 5027 1102 5096 potius
1128 5027 1362 5098 Spiritus
1413 5027 1582 5098 gratia
1632 5041 1730 5096 per
1785 5025 2182 5080 immaculatam

607 5115 1000 5171 conscienti-am
1030 5128 1249 5187 operata
1284 5117 1632 5190 suggesseril.

2293 4839 2421 4900 τοὺς
2455 4836 2711 4899 τεθέντας
2744 4831 3106 4903 φυλάττεσθαι
3153 4831 3356 4893 τύπους
3375 4845 3390 4861 ·
3415 4831 3579 4884 ’Δνω
3600 4829 3676 4882 δὲ
3692 4843 3878 4882 xora-

2289 4930 2438 4999 μῶν,
2485 4929 2626 4998 ὡςή
2674 4924 2962 4996 παροιμία,
3017 4923 3257 4977 πάντων
3305 4919 3875 4990 ἀνατετραμμένωτ,

2292 5021 2410 5083 πῶς
2442 5020 2542 5072 οὐκ
2592 5019 2813 5088 ἄμεινον
2837 5057 2854 5080 ,
2896 5015 3020 5069 καθ’
3055 5015 3179 5068 ὅσον
3212 5007 3325 5067 οἷόν
3367 5029 3428 5065 τε
3449 5051 3466 5076 ,
3506 5015 3605 5067 καὶ
3629 5015 3702 5081 ὲφ
3749 5013 3878 5066 ὅσον

2288 5113 2561 5182 ἐγχωρεῖ,
2600 5109 2700 5180 τὴν
2761 5108 2910 5160 τῶν*
2934 5106 3206 5178 σωτηρίαν
3275 5104 3788 5174 διεικονομεῖσθαι,
3847 5104 3879 5173 ἢ

601 5201 743 5270 ψιλῷ
799 5203 876 5273 τῷ
902 5205 1003 5274 τῆς
1063 5205 1348 5274 ἀκριϐείας
1405 5205 1630 5274 ὀνόματι
1674 5203 2161 5276 περικαθημένους,
2203 5201 2467 5272 προδότας
2492 5196 2679 5267 ψυχῶν
2723 5193 3077 5265 ἀνθρωπίνων
3139 5192 3234 5245 καὶ
3272 5193 3479 5254 κακοὺς
3534 5193 3876 5262 οἰκονόμους

603 5293 1051 5364 ἀπελεγχθῆναις,
1087 5295 1165 5348 διὸ
1193 5296 1287 5350 καὶ
1314 5296 1411 5367 τὴν
1459 5296 1730 5368 ὑμετέραν
1759 5297 2146 5366 ἀρχιερατικὴν
2183 5293 2518 5360 τελειότητα,
2566 5289 2757 5358 ἱκανήν
2801 5302 2862 5339 τε
2899 5281 3062 5340 οὖσαν
3125 5283 3330 5354 κρίνειν
3388 5283 3460 5334 τὰ
3503 5281 3708 5338 δέοντα
3754 5283 3884 5334 ἐπι-

673 5454 694 5484 ⁸
736 5452 926 5508 Matth.
964 5467 1081 5520 vm,
1116 5451 1206 5510 20.

1881 5561 2113 5619 VARIIE
2158 5558 2562 5618 LECTIONES.

677 5690 712 5751 ν,
735 5682 801 5733 ῖσ
872 5679 1098 5753 ἑαυτῶν
