4044 6398
184 299 302 363 845
1338 302 1713 363 EPISTOLA]

1817 302 1872 362 M
1909 302 2144 363 LIBER
2181 301 2266 361 ΙΙ.
3302 292 3407 367 846

172 415 461 483 στάμενος,
531 413 626 466 καὶ
655 412 745 467 τὸν
808 416 996 486 καιρὸν
1035 415 1175 486 ὀρῶν
1208 416 1464 470 τάναντία
1498 417 1673 471 πάντα
1713 416 1814 485 τῆς
1852 414 2136 486 ἀκριϐείας
2183 411 2674 484 ἀναφθεγγόμενον,
2715 413 2843 484 ὅλην
2893 410 2989 466 ἐπὶ
3028 411 3110 466 σοὶ
3147 411 3239 465 τοῦ
3281 421 3407 484 προ-

169 505 425 574 κειμένου
457 503 553 574 τὴν
609 504 787 573 κρίσιν
817 506 1108 578 ἀνατίθημι
1162 509 1342 560 ἐκεῖνα
1408 507 1665 579 πράττειν
1716 507 1816 578 τὴν
1884 505 2133 571 ἐξουσίαν
2183 506 2423 579 ἀφιερῶν
2476 506 2620 580 ἆπερ
2668 507 2734 560 ἂν
2778 504 2840 559 τὸ
2865 504 3104 574 καθαρὸν
3133 506 3402 577 συνειδὸς,

173 599 375 667 μᾶλλον
417 599 475 653 δὲ
510 601 543 669 ἠ
579 600 672 653 τοῦ
720 602 874 671 ἀγίου
950 604 1263 675 Πνεύματος
1317 604 1473 674 χάρις
1520 602 1607 656 διά
1637 602 1731 655 τοῦ
1768 601 2010 673 καθαροῦ
2078 601 2376 663 συνειδότος
2437 600 2735 672 ὲνεργοῦσα
2765 598 3097 670 ἐπιτρέψειν.

768 716 992 772 ΕΠΙΣΤ.
1031 718 1158 771 ΛΑ’.

2385 712 2605 767 EPIST.
2648 712 2841 767 XXXI.

385 803 661 873 Θεοδώρῳ
704 808 1113 876 μητροπολίτῃ
1162 808 1525 874 Λαοδικείας.

2149 804 2406 859 Theodoro
2432 804 2772 872 metropolilw
2794 804 3117 859 Laodicensi.

1396 916 1666 966 Montacut.
1704 910 1941 977 (θρ.194,
1975 927 2023 976 p.
2049 912 2183 974 293).

244 1018 461 1089 Μελέτη
495 1018 594 1089 μὲν
625 1021 806 1090 μήτηρ
834 1022 1130 1092 εὐπραξίας
1154 1038 1166 1050 ·
1193 1023 1337 1093 ὁρμὴ
1368 1022 1411 1075 δ’
1440 1022 1713 1095 ἀπερίσκε⁴

1906 1016 2189 1073 Meditatio
2227 1026 2398 1072 mater
2434 1027 2518 1071 est
2559 1015 2894 1086 operationis
2936 1025 3118 1081 rectae,
3167 1015 3405 1085 impetus

167 1123 308 1170 πτος
353 1108 520 1176 ἐγγὺς
566 1109 864 1180 ἁμαρτίας.
909 1112 983 1164 Οὑ
1027 1112 1134 1182 χρὴ
1182 1111 1469 1182 τοιγαροῦν
1506 1112 1709 1181 ἀφέντα

1836 1109 2162 1179 improvisus
2189 1124 2314 1163 cum
2346 1116 2567 1178 peccato
2605 1107 2795 1162 haeret.
2828 1106 3097 1173 Quocirca
3156 1106 3404 1175 neglecto

168 1200 235 1251 τὸ
279 1200 629 1270 βουλεύεσθαι
674 1204 760 1256 ἐπ’
793 1204 970 1257 ἐκεῖνο
1005 1205 1257 1276 δραμεῖν,
1284 1205 1351 1259 δι’
1382 1197 1442 1258 οὑ
1474 1204 1611 1275 μετά
1647 1206 1713 1257 τοέ

1837 1200 2071 1257 consilio
2122 1216 2233 1255 non
2278 1207 2493 1269 oportet
2534 1194 2591 1252 in
2649 1194 2781 1253 illud
2832 1212 3176 1269 procurrere,
3236 1197 3404 1263 unde,

172 1290 370 1360 μηδὲν,
408 1284 482 1345 ὧν
526 1294 897 1365 σπουδάζομεν
932 1297 1115 1350 ἀνύειν
1162 1298 1255 1352 καὶ
1301 1298 1485 1362 ἀνοίας
1524 1297 1710 1367 ἔλεγχο

1840 1302 2204 1363 praeterquam
2254 1284 2399 1361 quod
2441 1288 2580 1344 nihil
2623 1306 2811 1345 eorum
2866 1288 3231 1361 perﬁciemus,
3285 1304 3407 1358 qua:

166 1382 509 1454 ἀλισκόμεθα
540 1385 792 1450 διδόντες.

1844 1384 2085 1439 studiose
2110 1384 2422 1455 sategimus,
2459 1382 2790 1453 insipientiae
2838 1384 3055 1455 culpam
3106 1384 3404 1439 incurrisse

1842 1473 2161 1529 videbimur.

2384 1563 2605 1619 EPIST.
2646 1562 2862 1620 XXXII.

2142 1655 2501 1725 Amphilochia
2528 1657 2868 1727 metropolitw
2905 1658 3097 1730 Cyzici.

761 1562 984 1619 ΕΠΙΣΤ.
1026 1565 1147 1618 AB’.

399 1656 746 1726 Ἀμφιλοχίῳ
794 1657 1200 1725 μητροπολίτῃ
1252 1657 1522 1718 Κυζίκου.

1390 1771 1656 1822 Montacut.
1691 1772 1793 1836 (ep.
1826 1770 1933 1829 198,
1967 1785 2014 1833 ρ.
2051 1770 2182 1832 295).

253 1870 319 1923 Ἦ
361 1869 542 1923 δικαία
567 1869 758 1934 πειθὼ,
785 1871 844 1922 οὑ
879 1870 980 1940 τῆς
1022 1870 1115 1924 τοῦ
1160 1872 1407 1941 λέγοντός
1434 1873 1550 1926 ἐστι
1578 1873 1713 1927 δυνά

1908 1870 2060 1925 Justa
2091 1870 2373 1941 persuasio
2412 1885 2521 1924 non
2548 1880 2655 1925 tam
2696 1870 2943 1941 procedit
2986 1886 3016 1925 a
3042 1870 3274 1926 dicentis
3319 1871 3405 1927 fa-

164 1980 341 2033 μεως,
382 1963 579 2033 μᾶλλον
624 1963 657 2033 ἢ
699 1962 797 2031 τῆς
824 1962 920 2016 τοῦ
959 1963 1253 2029 ἀκούοντος
1279 1964 1586 2027 διαθέσεως.
1635 1966 1711 2018 Οὑ

1838 1964 2060 2028 cultate,
2104 1978 2265 2033 quam
2310 1962 2664 2033 dispositione
2719 1962 3014 2017 audientis.
3070 1960 3206 2016 Nolo
3232 1961 3405 2017 risum

164 2054 310 2108 χοῦν
339 2056 438 2107 οὑκ
478 2054 589 2124 ἐγὼ
613 2056 821 2126 κινήσω
848 2056 1057 2124 γέλωτα
1091 2057 1183 2110 τὸν
1212 2056 1413 2127 ἀπειθῆ
1442 2057 1707 2111 νουθετῶν

1838 2070 2058 2110 movere
2108 2055 2397 2110 indocilem
2430 2055 2751 2119 informans,
2805 2048 2849 2109 si
2901 2069 3012 2108 non
3060 2069 3403 2123 persuasero,

159 2146 216 2197 εί
258 2146 332 2214 μὴ
357 2146 549 2208 πείσω,
576 2145 693 2198 ἀλλ’
724 2147 752 2198 ὁ
781 2146 1044 2212 ἀπειθῶν,
1082 2148 1196 2200 είθε
1226 2148 1458 2216 γέλωτα,
1498 2148 1631 2202 ἀλλά
1664 2148 1713 2218 μέ

1838 2147 1931 2201 sed
1956 2145 2206 2209 indoclis,
2277 2145 2485 2199 utinam
2533 2145 2703 2199 risum
2736 2144 3109 2199 tantummodo
3138 2145 3404 2212 incurrat,

162 2238 267 2290 λαὶ
290 2236 390 2307 τὴν
417 2239 651 2309 ἐσχάτην
680 2238 888 2292 ἐκεῖθεν
923 2239 1274 2312 προσοφλήσῃ
1312 2241 1603 2312 τιμωρίαν.

763 2375 984 2431 ΕΠΙΣΤ.
1026 2375 1147 2428 ΛΡ.

376 2466 647 2534 Γεωργίῳ
670 2466 1076 2535 μητροπολίτῃ
1105 2466 1512 2536 Νικομηδείας.

1836 2249 2015 2293 etnon
2045 2240 2099 2293 in
2129 2237 2312 2293 futuro
2336 2251 2592 2308 supremo
2624 2236 2888 2307 supplicio
2913 2238 3061 2291 luat!

2387 2371 2607 2428 EPIST.
2648 2371 2884 2428 XXXIII.

2146 2466 2365 2537 Georgio
2398 2466 2742 2535 metropolitce
2766 2466 3101 2520 Nicomedia.

1392 2576 1656 2626 Montacut.
1686 2577 1790 2638 (ep.
1818 2576 1927 2639 199,
1952 2592 2001 2641 p.
2036 2578 2170 2640 295).

236 2679 299 2730 El
342 2678 499 2749 δῆλόν
528 2681 697 2743 ἐστιν,
747 2680 821 2742 ὡς
850 2682 903 2733 εί
939 2698 1022 2744 τις
1068 2680 1329 2744 νουθετεῖ,
1364 2680 1522 2751 δόξης
1562 2682 1735 2751 θήραν

158 2771 729 2841 πραγματευόμενος,
786 2771 933 2838 ἄξιός
974 2774 1089 2825 ἐστι
1144 2772 1385 2843 μεγάλης
1439 2773 1730 2845 μέμψεως·

1903 2680 1958 2733 Si
2009 2690 2155 2750 patet
2210 2680 2360 2743 illud,
2395 2678 2539 2749 quod
2588 2677 2633 2732 si
2673 2677 2798 2747 quis
2838 2673 3124 2731 consilium
3174 2675 3287 2737 dat,
3335 2682 3399 2729 ut

1834 2774 2057 2845 gloriam
2096 2781 2341 2837 venetur,
2388 2769 2816 2840 reprehensione
2845 2768 3126 2822 acerbiore
3160 2767 3356 2837 dignus
3384 2787 3398 2820 :

156 2862 317 2915 οὐδὲν
346 2863 533 2916 καινὸν
561 2864 669 2917 οὐδ’
698 2863 1018 2920 ἀνέλπιστον
1062 2867 1222 2929 εἴτις
1250 2865 1515 2920 νουθετῶν
1552 2866 1713 2919 κακῶ

1833 2868 1928 2923 sed
1957 2867 2102 2937 quod
2127 2866 2248 2936 quis
2268 2881 2366 2936 pro
2395 2865 2625 2921 consilio
2654 2865 2780 2919 dato
2806 2863 2946 2917 male
2973 2862 3176 2926 audiat,
3207 2872 3262 2918 et
3304 2864 3402 2917 de»

157 2954 356 3007 ἀκούει
403 2955 496 3008 καὶ
528 2955 863 3027 διασύρεται.
901 2958 999 3012 Διά
1041 2958 1220 3023 τοῦτο,
1253 2958 1375 3029 μηδ’
1414 2958 1575 3021 αὐτὸς
1608 2958 1713 3012 θαυ

1834 2960 2061 3024 ridetur,
2094 2974 2195 3013 nec
2219 2972 2441 3020 novum,
2474 2971 2577 3011 nec
2606 2958 3041 3026 inexspectatum
3081 2966 3186 3012 est.
3248 2956 3400 3024 Quo-

160 3045 385 3117 μάσῃς,
441 3048 489 3099 εί
549 3046 851 3119 Πετρώνιος
908 3050 1323 3119 νουθετούμενος
1372 3051 1713 3122 τραχυτέρου

1838 3053 1979 3108 circa
2010 3052 2195 3106 mirari
2239 3049 2447 3113 desine,
2479 3050 2524 3105 si
2555 3048 2845 3105 Petronius
2876 3050 3186 3104 admonitus
3240 3065 3400 3120 aspe-

155 3136 358 3204 λόγους
385 3139 527 3191 κατὰ
568 3140 668 3209 τῆς
696 3142 794 3210 σῆς
835 3142 1031 3211 ἀφίησι
1063 3143 1397 3214 τελειότητος
1422 3161 1434 3173 ·
1474 3144 1608 3214 μηδὲ
1648 3144 1713 3197 διε

1831 3146 2065 3203 rioribus
2121 3143 2301 3197 verbis
2347 3152 2494 3195 tuam
2536 3140 2925 3211 perfectionem
2983 3142 3196 3212 excepit
3242 3162 3255 3196 :
3306 3142 3403 3197 sed

153 3230 354 3282 τούτου
406 3232 541 3301 μήτε
570 3233 670 3302 τῆς
709 3234 789 3297 είς
835 3235 1075 3298 ἐκεῖνον,
1118 3235 1254 3305 μήτε
1286 3236 1383 3304 τῆς
1433 3238 1511 3300 είς
1546 3237 1713 3290 ἄλλου.

1826 3241 1939 3296 noli
2000 3247 2061 3292 tu
2108 3237 2309 3292 idcirco
2359 3235 2795 3290 exhortationem
2835 3234 3099 3301 debitam,
3162 3235 3246 3289 vel
3271 3251 3399 3306 erga

152 3319 520 3389 ὃφειλομένης
565 3322 806 3392 ὑπερορᾷ
856 3324 1255 3394 παραινέσεως.
1319 3325 1470 3377 Ἐπεὶ
1511 3326 1713 3396 δόξομε·

1829 3333 2008 3393 illum,
2070 3329 2156 3383 vel
2212 3328 2380 3381 alium
2446 3326 2739 3381 omittere.
2772 3325 2849 3379 Ita
2899 3326 3045 3379 enim
3096 3325 3401 3380 videbimur

155 3412 229 3464 ἂν
284 3412 392 3482 πρὸ
431 3411 655 3466 ἐκείνων
692 3414 846 3466 αὑτοὶ
899 3416 1127 3479 ἑαυτοὺς
1174 3416 1355 3481 ἀξίους
1412 3418 1713 3485 ἀποφαίνειε

1828 3438 1929 3477 nos
1968 3420 2089 3489 ipsi,
2118 3419 2436 3489 priusquam
2462 3417 2534 3471 illi
2571 3417 2623 3471 id
2652 3416 2872 3480 faciant,
2905 3417 3096 3487 dignos
3126 3417 3386 3471 exhibere

152 3506 576 3575 ἐπιτιμήσεως.
634 3508 729 3560 καὶ
772 3506 871 3577 τὴν
924 3508 1117 3577 ἄλογον
1165 3510 1344 3565 αὑτῶν
1385 3511 1606 3583 μομφὴν
1654 3514 1713 3566 είς

1832 3510 2279 3582 reprehensione.
2314 3517 2369 3561 et
2397 3507 2791 3561 incusationem
2820 3506 3060 3575 ipsorum
3109 3506 3241 3559 alias
3294 3506 3397 3560 mi-

155 3596 342 3650 αἰτίαν
373 3600 685 3666 μεταποιεῖν
714 3597 1009 3668 ἀξιόλογον.

746 3724 972 3780 ΕΠΙΣΤ.
1014 3727 1133 3783 AA'.

151 3830 208 3882 Γ
208 3829 430 3896 εωργίφ
489 3828 914 3909 μῃτροῖτολίεῃ-
967 3832 1390 3909 Νικομηδείᾳς,
1445 3837 1725 3909 τελευτήτ

224 3914 451 3973 σᾳντος
482 3896 642 3973 αὐτῷ
669 3896 744 3973 ἐὴ
783 3896 1185 3973 ζῇύπερορίᾳί
1222 3896 1532 3970 κληρικοῦ,
1576 3896 1726 3973 paid

222 3968 341 4036 τὴν
368 3966 697 4045 γενομένην
720 3966 1009 4036 eatacta
1036 3966 1142 4025 τοῦ
1172 3966 1593 4042 πρεσϐυτέρὸῦ
1606 3993 1727 4045 χει-

214 4043 515 4108 ροτονιάν.

1828 3603 1976 3656 nime
2004 3599 2380 3655 rationabilem
2414 3598 2468 3652 in
2503 3597 2876 3651 rationabilem
2907 3595 3312 3652 transformare.

2357 3731 2574 3789 EPIST.
2618 3732 2862 3787 XXXIV.

1829 3844 2051 3911 Georgio
2112 3840 2518 3909 metropolitano
2579 3840 2899 3894 Nicomedia:
2959 3841 3110 3909 cujus
3178 3842 3394 3894 clericus

1900 3910 2114 3983 peregre
2156 3913 2294 3965 diem
2349 3910 2612 3964 clauserat
2662 3920 2982 3974 extremam,
3021 3920 3134 3979 post
3181 3913 3395 3965 ordina-

1901 3985 2092 4036 tionem
2114 3984 2277 4051 ipsius
2304 3983 2373 4036 ad
2400 3985 2832 4051 presbyteramm.

1388 4158 1650 4208 Montaeut.
1680 4160 1783 4223 (ep.
1813 4163 1922 4218 201,
1946 4178 1993 4225 p.
2027 4164 2158 4226 29h).

238 4260 572 4331 Ἐϐουλόμην
622 4259 882 4331 ἀπαρχῆς
928 4259 1026 4329 τῆς
1076 4259 1409 4330 σκυθρωπῆς
1461 4262 1719 4329 ἀγγελίας

150 4358 267 4429 (ὡς
318 4358 429 4410 είθε
467 4359 541 4429 μὴ
588 4357 780 4425 ὄφελεν
827 4358 980 4426 ἐμοῖς
1017 4355 1150 4408 ὠσὶν
1196 4355 1504 4426 ἐπελθεῖν),
1537 4356 1717 4424 λόγοις

1895 4265 2193 4334 Cupiebam
2238 4264 2306 4319 ab
2348 4275 2571 4332 accepto
2613 4278 2797 4317 amaro
2850 4262 3062 4327 nuntio,
3104 4264 3248 4333 quod
3283 4266 3390 4319 uti-

1827 4369 1953 4407 nam
2006 4352 2062 4406 in
2125 4368 2275 4406 meas
2329 4367 2491 4406 aures
2542 4367 2653 4406 non
2678 4352 2942 4415 venisset,
2981 4353 3392 4407 consulentibus

146 4451 547 4523 παρακλήσεως
606 4451 667 4504 τὸ
722 4453 781 4503 ἐν
839 4451 922 4503 σοὶ
973 4451 1239 4521 πραΰνειν
1280 4450 1478 4518 ἄλγος,
1524 4451 1617 4503 καὶ
1657 4448 1713 4503 τὸ

1822 4447 2003 4501 verbis
2058 4446 2300 4499 dolorem
2356 4454 2508 4499 tuum
2560 4444 2827 4514 mitigare,
2865 4453 2920 4499 et
2949 4445 3146 4514 quibus
3172 4460 3390 4514 possem

144 4543 353 4597 λυποῦν
396 4545 671 4614 ἀφαιρεῖν,
713 4537 800 4607 αἷς
839 4542 967 4612 ἐνῆν
1003 4559 1093 4612 μοι
1132 4542 1518 4613 παρηγορίαις.
1565 4543 1719 4595 Ἐπεὶ

142 4636 203 4689 δὲ
251 4638 372 4698 ταῖς
418 4637 560 4699 ῐσαις
614 4635 775 4698 αὑτὸς
810 4634 899 4705 (οὑ
940 4634 1046 4704 γάρ
1076 4632 1141 4687 ἂν
1174 4636 1382 4704 είποιμι
1415 4634 1575 4688 πλέον
1598 4649 1612 4663 ·
1654 4634 1715 4686 οὑ

140 4727 247 4797 τὴν
273 4726 551 4797 ἀλήθειαν,
591 4728 690 4798 τὴν
749 4727 793 4779 δ’
823 4726 1083 4779 ἀπιστίαν
1124 4725 1541 4794 εὐλαϐούμενος,
1587 4742 1716 4778 κατ-

140 4819 431 4889 ετεινόμην
455 4820 746 4889 ἀλγηδόσιν
768 4860 783 4886 ,
813 4820 907 4873 καὶ
939 4819 1040 4889 τὴν
1075 4818 1254 4890 ψυχὴν
1284 4819 1537 4889 χαλεπῶς
1575 4818 1714 4872 επα-

141 4914 312 4983 σχον)
377 4913 718 4982 ἀμϐλύτερός
781 4930 894 4977 πως
946 4912 1211 4982 κατέστην
1270 4911 1472 4980 ἑτέρων
1539 4912 1714 4975 λύπας

139 5006 421 5073 ἀφαιρεῖν,
456 4998 531 5057 ὧν
562 5004 725 5067 αὑτὸς
753 5004 1100 5074 παραμύθιον
1147 5005 1244 5073 οὑχ
1270 5002 1543 5075 εὕρισκον.
1585 5002 1713 5072 Ὀψὲ

137 5099 199 5152 δὲ
226 5098 321 5151 καὶ
354 5098 506 5169 μόλις
534 5100 661 5161 τοὺς
686 5098 976 5166 λογισμοὺς
1004 5097 1328 5167 ἀνενεγκὼν,
1362 5098 1580 5151 κάκεῖνο
1607 5098 1713 5168 πρὸ

137 5191 253 5243 τῶν
293 5190 467 5244 ἄλλων
506 5190 854 5260 ἐνθυμηθεὶς,
877 5190 952 5253 ὡς
981 5191 1062 5243 ὅτι
1093 5190 1368 5261 περίεστιν
1393 5190 1425 5259 ἡ
1454 5191 1712 5259 ἀρχιερα-

138 5280 270 5350 τικὴ
303 5282 397 5334 καὶ
426 5282 559 5349 ἁγία
584 5282 701 5352 χεὶρ
735 5282 915 5350 ἐκείνη
940 5281 1054 5347 (καὶ
1081 5281 1296 5351 περιείη
1322 5297 1384 5348 γε
1410 5280 1503 5333 ἐπὶ
1527 5280 1706 5343 πλέον,

135 5371 173 5441 ἢ
224 5371 350 5423 ὅσον
394 5371 717 5439 διεγέγονεν,
771 5373 803 5440 ἡ
837 5370 1110 5433 τοιούτους
1141 5372 1272 5441 ἡμῖν
1308 5370 1709 5424 διαπλάττουσα

135 5463 233 5513 καὶ
282 5461 658 5532 διαμυρφοῦσα
710 5462 838 5524 τοὺς
883 5462 981 5531 τῆς
1022 5463 1174 5532 ίερᾶς
1224 5463 1381 5532 ἡμῶν
1432 5462 1708 5531 ὑπηρέτας

136 5552 451 5621 ἁγιστίας),
476 5551 557 5604 ἔτι
604 5552 805 5622 μᾶλλον
857 5552 1123 5623 ἐγενόμην
1170 5551 1445 5622 ἐμαυτοῦ,
1479 5554 1572 5605 καὶ
1610 5551 1705 5605 τοῦ

133 5642 426 5713 δυσφορεῖν
459 5643 843 5713 ὑπερανέσχον,
896 5645 992 5696 καὶ
1030 5643 1165 5714 πρὸς
1195 5643 1293 5713 τὴν
1323 5642 1490 5713 αὑτὴν
1522 5641 1706 5695 λοιπὸν

133 5733 376 5788 διάθεσιν
408 5735 507 5805 τὴν
562 5736 831 5805 ὑμετέραν
873 5734 1155 5805 μεθέλκειν
1199 5735 1477 5806 ἐθάρρησα
1509 5734 1706 5789 τελειό-

1821 4538 2029 4593 solatiis
2070 4536 2414 4591 alllictionem
2470 4544 2618 4590 tuam
2669 4536 2864 4591 lenire.
2898 4536 2983 4599 ‘At
3014 4551 3139 4590 cum
3193 4536 3389 4592 iisdem

1818 4645 1920 4699 ego
1948 4630 2063 4697 ipse
2088 4628 2337 4682 hebetior
2359 4643 2535 4682 essem
2565 4628 2813 4682 redditus
2834 4628 2991 4682 malis
3021 4644 3123 4682 nec
3154 4629 3385 4681 aliorum

1820 4720 2070 4777 tristitias
2098 4719 2421 4786 auferendo,
2454 4736 2577 4774 cum
2607 4722 2723 4790 ipse
2754 4720 2891 4775 meis
2937 4720 3188 4775 solatium
3231 4735 3386 4789 repe-

1818 4814 1926 4868 rire
1948 4813 2271 4882 nequirem:
2308 4813 2381 4867 ita
2442 4815 2588 4867 enim
2638 4825 2744 4867 tam
2784 4828 2995 4867 mecum
3024 4822 3141 4867 erat
3172 4828 3383 4877 revera,

1816 4921 1886 4960 ne
1934 4905 2063 4975 quid
2101 4905 2315 4977 gravius
2362 4904 2538 4959 dicam
2591 4920 2735 4960 :nec
2766 4919 2957 4958 vereor
2979 4918 3050 4958 ne
3094 4903 3228 4957 ﬁdes
3251 4904 3386 4959 mihi

1815 5015 1924 5055 non
1962 4999 2302 5059 adhibeatur.
2336 5000 2430 5067 qui
2472 4999 2773 5065 veritatem}
2797 4997 2918 5051 dico
2955 5014 2970 5050 :
3003 5004 3165 5067 certe,
3192 5013 3385 5054 exeru-

1814 5089 1995 5145 ciabar
2039 5089 2319 5144 doloribus
2352 5098 2446 5143 :et
2501 5090 2682 5143 animo
2743 5088 2883 5142 male
2930 5086 3160 5143 allectus
3210 5104 3381 5146 eram.

1813 5180 2057 5252 Cumque
2088 5198 2207 5238 sero
2242 5198 2305 5236 ac
2328 5181 2416 5235 vix
2446 5181 2660 5235 tendent
2706 5181 2773 5234 ad
2816 5181 3060 5235 animum
3088 5181 3380 5249 redieram,

1816 5274 1948 5328 illud
1973 5274 2241 5344 imprimis
2258 5274 2561 5346 cogitabam
2600 5290 2611 5325 :
2648 5272 2823 5327 adhuc
2852 5282 3133 5344 superstes
3184 5283 3266 5329 est
3292 5290 3381 5327 ar-

1811 5364 2226 5434 cliiepiSCOpalis
2275 5373 2330 5417 et
2383 5372 2568 5417 sancta
2611 5363 2701 5416 illa
2740 5378 2937 5417 manus
2965 5363 3041 5432 (et
3078 5363 3171 5417 diu
3203 5363 3379 5418 adhuc

1812 5456 2049 5524 supersit
2073 5470 2285 5525 precor,
2315 5470 2434 5524 quae
2468 5456 2606 5510 tales
2631 5456 2788 5510 nobis
2805 5455 3028 5527 delingit
3049 5463 3104 5510 et
3132 5455 3378 5509 ellormat

1808 5545 2119 5600 sacerdotes
2136 5560 2318 5599 rerum
2344 5545 2695 5599 administros
2722 5546 3026 5615 sacrarum)
3052 5545 3221 5615 magis
3250 5560 3368 5598 me-

1810 5635 2102 5704 metipsum
2140 5634 2411 5705 recollegi,
2442 5650 2543 5689 nec
2572 5635 2801 5691 ulterius
2832 5635 3068 5707 graviter
3091 5633 3335 5704 patiebar
3357 5674 3371 5697 ,

1811 5737 1863 5783 et
1898 5728 1962 5783 ad
1994 5726 2236 5784 eamdem
2282 5742 2494 5783 mecum
2544 5729 2956 5800 dispositionem
2985 5726 3372 5800 perfectionem
