4004 6436
636 389 739 453 847

643 520 873 565 vestram
917 508 1062 565 volui
1114 504 1381 561 deducere

640 604 777 659 mihi
835 601 1155 658 occurrebat
1189 616 1203 653 :
1239 607 1420 652 tamen
1476 595 1664 650 nescio
1700 593 1829 664 quid
1858 592 1984 649 novi
2018 608 2211 663 passus

644 711 807 749 sum:
848 694 1153 749 membrum
1212 689 1484 745 divulsum
1545 686 1921 753 abstrahitur;
1982 686 2075 740 sed
2103 684 2212 740 Deo

644 787 877 849 dicatur,
907 794 961 839 et
989 799 1087 838 nos
1109 782 1200 851 qui
1225 797 1322 851 per
1352 781 1521 837 Deum
1545 779 1751 834 divitiis
1770 778 1875 833 illis
1911 778 2212 832 abundavi-

638 890 781 939 mus,
843 874 916 927 illi
968 872 1235 943 primitias
1276 870 1475 925 offerre
1530 869 1861 924 debebamus
1914 885 1925 921 :
1987 868 2207 938 antiqua

640 968 722 1020 lex
782 965 899 1020 hagc
953 964 1183 1026 obtinet,
1220 972 1280 1018 ut
1320 977 1501 1017 rerum
1526 962 1885 1032 pretiosarum
1939 959 2209 1030 primitias

643 1056 816 1111 datori
870 1064 924 1111 et
962 1054 1239 1109 communi
1284 1053 1516 1109 Domino
1574 1053 1865 1109 offeramus
1924 1071 1937 1107 :
1987 1067 2209 1123 germen

630 1149 979 1219 praeclarum,
1015 1156 1069 1202 et
1128 1146 1336 1203 fructus
1388 1146 1569 1200 ferens
1623 1155 1866 1199 maturos
1902 1143 2208 1199 diffractum

635 1250 760 1295 est:
794 1240 889 1295 sed
916 1248 1099 1293 manet
1139 1240 1311 1303 radix,
1368 1238 1689 1309 germinabit
1741 1237 1922 1291 denuo
1959 1251 2071 1290 non
2120 1236 2207 1290 in-

640 1328 837 1383 feriora
860 1346 873 1381 :
916 1330 963 1384 si
1004 1330 1051 1384 is
1074 1328 1167 1400 qui
1218 1328 1430 1383 ablatus
1460 1338 1543 1382 est
1570 1342 1803 1382 maerore
1829 1326 2048 1391 alliciat,
2074 1342 2205 1396 proq

634 1422 897 1492 germinet
922 1422 1079 1486 alios,
1126 1431 1183 1476 ut
1220 1437 1289 1477 ne
1324 1422 1395 1475 ita
1424 1421 1642 1475 demum
1687 1420 1906 1474 tristitia
1943 1420 2209 1490 percella-

635 1522 742 1579 tur,
781 1514 827 1569 si
856 1530 1034 1569 ramos
1066 1515 1326 1584 quosdam
1354 1514 1419 1569 ad
1440 1529 1497 1569 se
1525 1513 1819 1568 transferat
1842 1512 2202 1581 hortulanus;

634 1604 729 1659 sed
782 1621 879 1675 per
920 1606 1251 1676 reliquorum
1304 1604 1727 1660 oblectationem
1785 1605 1947 1660 ablati
1983 1621 2206 1660 sensum

632 1698 1011 1765 absconditum
1055 1698 1244 1753 voluit.
1285 1698 1433 1753 Abiit
1479 1698 1737 1767 praaclara
1786 1706 1841 1753 et
1875 1697 2207 1755 admirabilis

632 1791 851 1847 virtutis
901 1791 1111 1861 imago;
1160 1790 1255 1846 sed
1312 1792 1457 1847 idem
1509 1793 1687 1862 pictor
1737 1806 1958 1845 manum
2027 1792 2204 1848 adhuc

1799 346 2610 445 PIIOTII’PATRIARCH/E
2655 385 2766 446 CP.

1441 520 1454 555 :
1499 502 1587 557 ubi
1619 511 1795 557 tamen
1831 501 2052 556 absurdi
2081 500 2201 569 quid

2314 517 2479 570 τητα·
2515 502 2608 556 καί
2654 518 2709 555 τι
2751 502 2858 573 γὰρ
2888 502 3132 559 ἐνενόουν
3170 506 3281 560 τῶν
3305 506 3701 580 ἀτονιιιιτερων⁸
3746 508 3802 562 τί
3832 510 3885 563 δε

3785 397 3887 461 85.3

2310 591 2447 645 τῶν.
2473 592 2807 665 καινοτέρων
2859 594 3229 666 πεπόνθαμεν,
3264 596 3367 649 οὐκ
3422 590 3579 649 οῖδαο
3632 598 3891 669 ἀφῃρέθη

2316 684 2499 753 μέλος,
2559 684 2697 737 ἀλλά
2728 683 2849 755 Θεῷ
2900 686 3204 757 ἀφιέρωται
3232 701 3245 714 ·
3302 687 3417 740 ἀλλ’
3461 688 3726 761 ἀπαρχὴν
3786 690 3893 742 ἔδει

2309 777 2528 846 δοθῆναι
2568 776 2677 832 τῶν
2713 777 2917 842 καλῶν,
2949 772 3025 833 ὧν
3053 780 3263 834 ἐκεῖθεν
3306 780 3715 851 ὲπλουτίσαμεν
3739 797 3757 812 ο
3798 783 3893 852 ἀρ-

2310 871 2463 940 χαῖος
2485 864 2640 934 οὗτος
2686 872 2849 941 νόμος
2882 872 3139 943 ἀπαρχὰς
3184 872 3292 925 τῶν
3319 872 3517 942 τιμίων
3545 872 3630 943 τῷ
3663 873 3893 944 δωτῆρι,

2311 962 2405 1014 καὶ
2457 961 2623 1033 κοινῷ
2672 962 3004 1034 προσφέρειν
3043 965 3309 1037 Δεσπότῃ.
3364 964 3576 1027 Κλάδος
3614 964 3893 1035 εὐθαλὴς,

2309 1053 2403 1107 καὶ
2430 1054 2641 1125 καρπὸν
2669 1054 2871 1125 ὡραῖον
2901 1054 3107 1125 φέρων,
3138 1056 3473 1127 περιῄρηται
3496 1073 3513 1089 ο
3546 1048 3667 1111 ἀλλ’
3702 1057 3740 1124 ἡ
3780 1056 3895 1126 ῥίζα

2312 1146 2495 1217 μένεν
2533 1148 2668 1201 οῖσει
2699 1147 2860 1201 πάλιν
2904 1149 3003 1202 οὐκ
3037 1148 3317 1202 ἐλάττονα.
3350 1150 3412 1203 Εί
3444 1150 3501 1203 δὲ
3535 1149 3707 1202 πλέον
3740 1152 3772 1201 ό
3801 1166 3894 1200 πε-

2313 1241 2645 1312 ριῃρημένος
2670 1242 2849 1306 λυπεῖ,
2884 1241 3231 1311 βλαστανέτω
3260 1242 3354 1295 καὶ
3382 1242 3637 1306 πλείονας
3655 1258 3673 1273 ο
3707 1241 3800 1294 ἴνα
3826 1242 3893 1311 μὴ

2308 1330 2469 1384 πάλιν
2524 1329 2637 1401 έχοι
2692 1332 2947 1403 χαλεπῶς
2997 1331 3182 1399 ἀλγεῖν
3232 1332 3326 1385 τοῦ
3386 1333 3709 1402 φυτοκόμου
3765 1332 3895 1402 πρὸς

2308 1422 2503 1476 ἑαυτόν
2556 1441 2681 1477 τινα
2722 1423 2833 1477 τῶν
2882 1422 3091 1477 κλάδων
3129 1423 3532 1493 λαμϐάνοντος,
3583 1424 3708 1478 ἀλλ’
3740 1426 3802 1477 ὲν
3833 1427 3892 1495 τῇ

2306 1514 2417 1567 τῶν
2462 1514 2907 1585 ὑπολειπομένων
2956 1515 3167 1586 τέρψει,
3207 1516 3303 1569 τοῦ
3343 1516 3715 1587 ἀφῃρημένου
3771 1516 3893 1567 λαν-

2309 1604 2489 1661 θάνειν
2535 1607 2649 1676 έχοι
2677 1607 2775 1679 τὴν
2822 1606 3194 1677 συναίσθησιν.
3255 1607 3525 1677 Ἀπῆλθεν
3544 1609 3591 1676 ,ἡ
3622 1606 3779 1677 καλὴ
3810 1608 3892 1659 καὶ

2309 1696 2590 1767 θαυμασία
2614 1697 2713 1768 τῆς
2746 1698 2949 1770 ἀρετῆς
2971 1697 3167 1751 είκὼνο
3193 1697 3308 1752 ἀλλ’
3331 1700 3359 1751 ό
3390 1699 3635 1769 γραφεὺς
3678 1698 3770 1750 ἔτι
3804 1700 3892 1767 τὴν

2308 1792 2465 1860 χεῖρα
2512 1792 2690 1854 κινεῖ,
2739 1790 2835 1844 καὶ
2882 1790 3086 1862 γράψει
3137 1808 3203 1859 γε
3238 1792 3490 1856 πάντως,
3529 1792 3782 1862 ἐραστὴς
3826 1791 3891 1842 ὢν

634 1898 889 1937 exercere
927 1891 1125 1952 potest.
1158 1892 1213 1937 et
1244 1882 1335 1952 qui
1367 1882 1654 1952 praeclaras
1695 1874 1815 1952 ejus
1840 1882 1996 1939 dotes
2028 1883 2201 1954 dilige-

2308 1878 2402 1933 τοῦ
2431 1878 2634 1945 καλοῦ,
2682 1880 2867 1933 οὐκέτι
2916 1880 3082 1950 μίαν,
3124 1880 3263 1935 ἀλλά
3296 1880 3391 1933 καὶ
3420 1878 3711 1942 πλείονας.
3762 1879 3891 1930 Ἀλλ’

634 1972 748 2039 bat,
784 1973 1144 2043 proculdubio
1189 1974 1375 2044 plures
1423 1974 1557 2028 tales
1604 1973 1867 2045 imagines
1916 1973 2204 2031 describet.

634 2064 705 2120 At
764 2066 899 2119 mihi
930 2066 1147 2136 quidem
1176 2066 1302 2120 mali
1354 2066 1678 2121 medicinam
1711 2065 1839 2121 facit
1867 2066 2048 2135 istud;
2075 2076 2207 2139 puto

633 2157 932 2227 quemlibet
984 2158 1298 2230 religiosum
1320 2159 1617 2228 prudenter
1663 2168 2018 2230 sumpturum
2054 2178 2069 2214 :
2108 2162 2205 2217 sed

632 2247 886 2306 Ecclesiae
906 2264 1123 2319 corpus,
1152 2250 1217 2305 ad
1247 2250 1389 2320 quod
1418 2250 1592 2307 vocati
1623 2267 1833 2318 sumus,
1858 2269 1967 2308 non
1986 2256 2203 2325 opinor,

633 2340 1105 2412 ipsejustificabis,
1130 2358 1239 2397 non
1268 2358 1389 2398 esse
1408 2344 1505 2399 tibi
1546 2346 1939 2416 compassionis
1955 2348 2204 2403 solatium

630 2436 1028 2505 archiprazsuli.
1082 2434 1219 2490 Nam
1257 2436 1385 2507 quid
1416 2437 1540 2491 est?
1590 2446 1719 2493 ante
1745 2447 1961 2511 tempus
1991 2439 2205 2495 aufere-

630 2527 793 2584 batur
823 2544 837 2581 :
864 2537 919 2582 et
955 2528 1100 2597 quis,
1139 2544 1344 2598 quazso,
1386 2529 1579 2585 melius
1612 2530 1679 2585 de
1699 2531 2036 2601 temporibus
2055 2532 2204 2603 judi-

630 2634 779 2683 care,
812 2627 869 2675 et
904 2619 1096 2674 eadem
1145 2620 1437 2675 observare
1493 2620 1668 2685 novit,
1699 2637 1859 2691 quam
1893 2621 1960 2687 is,
1997 2622 2090 2693 qui
2115 2639 2206 2677 se-

628 2713 867 2768 cundum
916 2712 1185 2768 rationem
1233 2721 1289 2768 et
1335 2714 1584 2769 ordinem
1645 2715 1914 2785 disposuit
1980 2717 2207 2771 omnia?

631 2802 738 2857 Sed
765 2812 952 2873 raptus
975 2812 1059 2857 est
1109 2804 1167 2857 in
1215 2811 1375 2858 aetate
1416 2802 1654 2875 vigente,
1686 2814 1741 2859 et
1770 2805 1861 2875 qui
1888 2806 2025 2860 tales
2059 2807 2205 2862 exsi-

630 2904 803 2962 stunt,
826 2895 1122 2950 certamina
1152 2895 1389 2950 subeunt
1424 2895 1650 2951 viriliter
1677 2914 1690 2950 :
1722 2912 1913 2953 verum
1949 2898 2017 2954 ad
2042 2913 2205 2954 sene-

631 2997 838 3043 ctutem
890 3004 1063 3059 usque
1093 2988 1345 3059 protendi
1379 2988 1835 3059 interruptionem
1887 2991 2204 3063 plerumque

636 3080 973 3136 fortitudinis
1022 3091 1303 3152 operatur.
1345 3082 1427 3137 Ad
1454 3082 1713 3137 virtutem
1745 3084 2031 3139 nobiscum
2064 3100 2203 3141 con-

628 3172 884 3227 currebat
918 3191 931 3226 :
965 3188 1074 3227 non
1114 3181 1331 3244 oportet
1363 3174 1631 3242 invidere,
1666 3175 1709 3230 si
1756 3176 1995 3231 stadium
2037 3191 2200 3231 suum

2308 1974 2433 2042 ἐμοὶ
2467 1974 2566 2044 μὲν
2598 1973 2756 2027 τοῦτο
2788 1974 2890 2043 τῆς
2924 1974 3164 2045 ἀθυμίας
3194 1975 3487 2045 φάρμακον
3510 1988 3527 2002 ⁸
3558 1968 3729 2043 οἶμαι
3762 1972 3807 2027 δ’
3835 1974 3893 2025 ἂν

2308 2064 2441 2119 αὐτὸ
2471 2066 2654 2120 λαϐεῖν
2686 2065 2982 2138 προθύμως
3004 2108 3020 2134 ,
3053 2068 3150 2121 καὶ
3180 2066 3289 2121 τῶν
3334 2064 3723 2119 εὐσεϐούντων
3774 2064 3894 2116 ἑκα-

2310 2173 2468 2213 στονο
2502 2158 2564 2211 τὸ
2595 2158 2652 2211 δὲ
2676 2159 2854 2213 κοινὸν
2883 2160 2984 2229 τῆς
3026 2158 3355 2230 Ἐκκλησίας
3376 2199 3391 2224 ,
3422 2158 3509 2227 ἐφ’
3534 2150 3583 2225 ᾧ
3609 2174 3681 2225 γε
3714 2173 3891 2225 παρα-

2309 2247 2645 2318 κεκλήμεθα,
2675 2250 2776 2304 οὐκ
2804 2250 2874 2305 ἂν
2917 2250 3039 2320 οὐχὶ
3070 2249 3393 2315 δικαιώσαις
3433 2249 3529 2303 καὶ
3555 2249 3731 2311 αὑτὸς
3752 2291 3771 2312 ,
3802 2249 3889 2301 καὶ

2308 2340 2407 2410 τῆς
2440 2340 2540 2411 σῆς
2574 2341 2967 2412 ἀρχιερατικῆς
3001 2341 3347 2413 συμπαθείας
3380 2341 3456 2412 μὴ
3487 2340 3757 2409 γενέσθαι
3790 2359 3889 2393 τεα-

2309 2432 2595 2502 ράκλησιν.
2622 2433 2686 2485 Τί
2711 2433 2853 2505 γάρξ;
2886 2434 2994 2505 πρὸ
3023 2432 3171 2506 ὧρας
3201 2434 3416 2505 ἀπῆρεν
3439 2450 3454 2465 ·
3487 2435 3583 2487 καὶ
3609 2434 3701 2497 τίς
3733 2436 3886 2503 ἀκρε-

2308 2522 2561 2595 ϐέστερος
2603 2525 2753 2597 ὥρας
2812 2528 3099 2596 συντηρεῖν
3143 2526 3237 2580 καὶ
3290 2527 3520 2597 κρίνειν,
3560 2526 3661 2580 τοῦ
3718 2528 3886 2581 πάντα

2305 2613 2447 2683 λόγῳ
2492 2615 2589 2669 καὶ
2640 2615 2818 2688 εἱρμῷ
2854 2616 3148 2684 τάξαντος;
3187 2616 3329 2671 Ἀλλ’
3363 2620 3421 2672 ὲν
3450 2620 3603 2690 ἀκμῇ
3640 2619 3751 2689 τῆς
3777 2622 3885 2689 ηλι-

2307 2706 2459 2772 κίας,
2490 2707 2539 2760 οί
2574 2708 2803 2761 τοιοῦτοι
2840 2710 2968 2773 τοὺς
3003 2708 3199 2774 ἄθλους
3227 2710 3492 2779 γενναίως
3527 2712 3803 2782 φέρουσι·
3830 2712 3884 2763 τὺ

2304 2795 2361 2849 δὲ
2391 2798 2470 2861 είς
2508 2800 2687 2869 γῆρας
2715 2799 3122 2872 παραταθῆναι,
3157 2803 3389 2872 ὲγκοπὴ,
3433 2804 3502 2857 τά
3542 2802 3746 2867 πολλὰ,
3792 2808 3882 2870 τῖς

2306 2888 2512 2961 πολλῆς
2536 2891 2860 2945 καθίσταται
2889 2892 3287 2965 γενναιότητος.
3316 2895 3621 2967 Σύνδρομος
3653 2892 3729 2969 ἧν
3758 2897 3884 2966 πρὸς

2304 2982 2541 3054 ἀρετήν’
2575 2983 2638 3036 οὐ
2685 2984 2790 3054 χρὴ
2821 2982 3038 3053 φθονεῖν
3083 2986 3132 3038 εί
3169 2985 3233 3039 τὸ
3252 2986 3477 3041 ’στάδιον
3519 2989 3885 3059 προκατείλη-

2304 3092 2424 3143 φεν.
2472 3074 2611 3129 Ἀλλ’
2641 3070 2711 3147 ἦν
2746 3076 2857 3130 τῶν
2892 3075 3158 3149 θλιϐερῶν
3178 3079 3555 3150 παραμύθιονε
3586 3081 3651 3133 οὐ
3682 3098 3879 3134 συναπ-

2302 3167 2434 3237 ἧρεν
2475 3167 2603 3231 τοὺς
2662 3167 2856 3237 λόγους
2895 3169 2996 3241 τῆς
3033 3171 3469 3242 παρακλήσεως·
3500 3174 3595 3225 καὶ
3627 3174 3799 3227 πλέον
3833 3174 3881 3226 δὲ

628 3265 780 3335 prior
806 3265 1123 3321 confecerit.
1153 3267 1224 3321 At
1269 3267 1511 3322 solamen
1550 3278 1668 3323 erat
1701 3269 2010 3340 urgentium
2066 3268 2201 3324 allii-

2306 3260 2459 3337 έσται
2492 3260 2618 3328 νῦν,
2666 3255 2749 3325 οἷς
2776 3279 2837 3315 τε
2866 3262 2955 3316 διά
2996 3262 3112 3333 βίου
3151 3264 3421 3335 ἀνδρικῶς
3448 3265 3876 3338 ἐνεκαρτέρησε,

624 3356 867 3411 ctionum
906 3375 919 3410 :
952 3358 1049 3413 sed
1107 3372 1209 3413 nec
1241 3373 1431 3413 omnes
1459 3374 1644 3414 secum
1698 3360 1922 3415 abstulit
1959 3362 2208 3416 consola-

629 3450 792 3504 tionis
821 3450 1011 3505 modos
1037 3469 1050 3503 :
1076 3452 1184 3504 imo
1214 3450 1400 3521 plures
1430 3467 1576 3507 nunc
1615 3462 1858 3523 prastat,
1887 3462 1945 3507 et
1980 3451 2203 3522 quidem

626 3540 802 3610 primo
850 3557 949 3611 per
998 3556 1288 3612 generosas
1335 3542 1459 3597 vita:
1500 3544 1747 3601 actiones
1790 3546 2074 3600 :secundo
2109 3561 2206 3609 per

626 3632 1074 3688 intercessionem
1106 3634 1247 3706 apud
1278 3632 1448 3688 Deum
1474 3653 1488 3702 ;
1520 3644 1710 3705 utpote
1736 3637 1849 3707 jam
1875 3636 2113 3691 vicinior
2153 3636 2202 3691 ei

622 3725 819 3792 factus,
851 3736 907 3783 et
931 3728 1155 3785 cmleste
1180 3727 1558 3798 adiumentum
1586 3729 1642 3783 in
1674 3739 1859 3799 partes
1890 3744 2200 3795 assumens,

622 3833 747 3871 cum
780 3817 851 3872 ad
902 3818 1355 3885 succurrendum,
1385 3828 1501 3874 tum
1550 3819 1619 3873 ad
1667 3819 2084 3874 vindicandum.
2113 3818 2200 3874 Si-

627 3907 739 3960 lent
797 3906 945 3961 labra
988 3926 1000 3960 :
1061 3907 1301 3962 clamant
1340 3908 1605 3963 actiones.
1640 3909 1851 3980 Lingua
1897 3916 2063 3975 tacet,
2102 3910 2198 3965 sed

624 4008 815 4053 contra
842 3998 1022 4070 legum
1046 3999 1338 4055 violatores
1364 4002 1483 4071 ejus
1514 4002 1926 4073 redargutiones
1957 4003 2199 4074 ipsorum

625 4092 854 4147 consilia
905 4102 1171 4163 perpetuo
1201 4093 1496 4165 ﬂagellant,
1547 4104 1603 4150 et
1642 4096 1955 4167 religiosum
2010 4111 2201 4167 quem-

626 4181 755 4236 libet
809 4183 877 4238 ad
919 4183 1339 4241 oblectationem
1376 4186 1617 4241 excitant
1688 4196 1742 4242 et
1802 4187 2195 4243 fortitudinem.

624 4272 769 4339 Quid
798 4278 1021 4333 tandem
1055 4278 1154 4332 ?in
1186 4278 1584 4347 persecutione,
1616 4278 1931 4346 afﬂictione,
1958 4280 2194 4346 miseria,

629 4371 801 4425 vitam
837 4371 1052 4425 clausit.
1097 4372 1167 4425 At
1201 4371 1319 4426 baac
1344 4386 1430 4427 me
1461 4386 1805 4441 summOpere
1821 4372 2193 4426 consolantur.

624 4461 744 4516 Non
782 4462 928 4517 enim
958 4463 1194 4518 delictiis
1223 4462 1445 4518 atiluere
1473 4464 1625 4518 illum
1655 4465 1859 4529 decuit,
1890 4466 1983 4535 qui
2009 4465 2076 4520 ad
2107 4480 2196 4520 re-

624 4567 790 4625 gnum
822 4555 1084 4609 caelorum
1125 4555 1438 4621 anhelabat,
1466 4566 1522 4612 et
1545 4557 1689 4612 illam
1720 4557 1796 4612 ibi
1841 4557 1994 4612 adire
2026 4557 2198 4613 hatre-

618 4646 841 4699 ditatem
867 4645 1038 4700 voluit
1074 4645 1433 4701 :luctatorem
1470 4649 1755 4717 quiescere
1790 4664 1900 4703 non
1923 4650 2195 4709 decebat:

619 4750 722 4790 nec
750 4734 1034 4790 certamini
1090 4735 1424 4791 destinatum
1476 4738 1532 4791 in
1564 4739 1896 4795 umbraculis
1942 4740 2196 4795 arborum

616 4827 853 4897 paradisi
885 4826 1170 4894 recubare,
1199 4843 1263 4883 ac
1295 4827 1506 4883 dulcem
1538 4844 1790 4887 somnum
1828 4846 2027 4902 capere
2061 4851 2074 4886 :
2101 4835 2195 4889 sed

618 4918 760 4973 inter
775 4920 1095 4985 certamina,
1129 4936 1225 4991 per
1262 4920 1660 4987 tribulationes,
1687 4923 1831 4977 inter
1869 4939 2197 4995 persequen-

620 5006 757 5061 tium
781 5007 987 5077 gladios
1013 5010 1287 5080 explorari
1317 5009 1503 5066 decuit
1529 5030 1541 5065 :
1575 5022 1632 5067 et
1676 5012 1755 5068 sic
1782 5014 2072 5084 approbari
2117 5017 2192 5072 ab

619 5101 943 5169 agonotheta
967 5142 981 5165 ,
1037 5103 1237 5159 sudore
1278 5104 1589 5160 madentem
1648 5122 1679 5161 e
1701 5107 2110 5175 colluctatione,
2138 5120 2194 5166 et

617 5191 697 5243 sic
723 5192 789 5245 de
817 5208 1000 5259 cursu,
1033 5194 1312 5251 laboribus
1341 5197 1852 5264 anhelum,felicem
1876 5201 2188 5271 praedicari:

618 5279 668 5332 id
690 5281 835 5347 quod
885 5297 984 5352 ego
1016 5285 1233 5340 coronis
1263 5286 1627 5356 praetulerim:
1666 5304 1793 5342 nam
1834 5304 2051 5344 coronae
2095 5291 2194 5345 do-

617 5380 817 5426 nantur
850 5374 919 5427 ab
953 5375 1253 5431 atltlotbeta
1290 5394 1303 5429 :
1346 5379 1462 5434 haec
1504 5380 1767 5435 certantis
1820 5381 2035 5437 labores
2080 5384 2193 5437 cla-

614 5471 769 5519 mant
796 5473 852 5518 et
890 5464 1180 5521 lemniscos
1211 5484 1224 5519 :
1252 5469 1396 5525 inter
1420 5472 1631 5527 medias
1674 5481 1729 5528 et
1762 5474 1880 5529 illas
1915 5484 2191 5530 extremas

614 5556 1048 5624 persecutiones,
1110 5558 1279 5613 abivit
1327 5562 1392 5614 ad
1453 5572 1857 5618 coronatorem.
1918 5563 2192 5629 Quorsum

2307 3354 2400 3407 καὶ
2445 3356 2567 3417 ταῖς
2596 3352 2732 3423 πρὸς
2759 3353 2820 3407 τὸ
2852 3353 3006 3407 Θεῖον
3040 3355 3376 3422 έντεύξεσινσ
3412 3357 3507 3409 ἅτε
3537 3356 3598 3427 δὴ
3626 3358 3881 3429 πλησιαί-

2304 3461 2463 3514 τερον
2482 3443 2742 3513 γεγονὼς,
2774 3447 2869 3499 καὶ
2890 3445 2990 3517 τὴν
3010 3446 3223 3500 έκείθεν
3245 3448 3421 3501 ἕλκων
3447 3450 3656 3519 μᾶλλον
3690 3453 3880 3522 ῥοπὴν.

2305 3537 2384 3599 είς
2414 3536 2733 3607 ἐπικουρίαν
2766 3537 2862 3591 καὶ
2890 3537 3191 3609 ἐκδίκησιν.
3233 3541 3369 3611 Σιγᾷ
3408 3540 3475 3594 τὰ
3522 3542 3682 3612 χείλη
3705 3558 3722 3573 ·
3756 3542 3883 3595 ἀλλὰ.

2306 3628 2507 3699 βοῶσιν
2538 3630 2594 3683 αί
2623 3629 2853 3701 πράξεις
2874 3648 2889 3661 ·
2922 3632 2957 3701 ὴ
2991 3630 3213 3699 γλῶσσα
3244 3632 3382 3697 τέως
3416 3633 3612 3703 ἠρεμεῖ
3635 3650 3653 3664 θ
3689 3634 3811 3688 ἀλλ’
3841 3636 3887 3687 οἱ

2304 3721 2447 3775 κατά
2476 3720 2586 3774 τῶν
2620 3720 3092 3792 παρανομούντων
3118 3722 3331 3793 ἔλεγχοι
3359 3725 3536 3777 αὐτῶν
3563 3725 3610 3777 τ’
3654 3727 3888 3779 ἐκείνων

2302 3814 2429 3877 τοὺς
2465 3812 2762 3884 λογισμοὺς
2792 3814 3043 3871 ἀθάνατα
3077 3816 3425 3887 μαστιγοῦσι,
3460 3819 3685 3873 καὶτῶν
3719 3823 3893 3874 εὐσε-

2303 3907 2542 3963 ϐούντων
2569 3908 2800 3962 ἕκαστον
2821 3950 2836 3973 ,
2867 3911 2947 3973 είς
2979 3909 3250 3982 θυμηδίαν
3294 3913 3393 3966 καὶ
3433 3913 3679 3982 ἀνδρείαν
3728 3915 3892 3970 διανο

2303 3998 2546 4053 ιστῶσιν.
2594 4000 2660 4052 Τί
2708 3998 2923 4067 λοιπόν;
2977 4002 3036 4055 έν
3077 4001 3340 4073 διωγμοῖς
3404 4004 3491 4058 καὶ
3522 4005 3749 4075 θλὶψεσι
3795 4012 3890 4061 καὶ

2298 4091 2700 4164 ταλαιπωρίαις
2730 4093 2822 4147 τὸν
2876 4093 2989 4164 βίον
3045 4095 3303 4151 ἀπέλιπε.
3356 4098 3432 4151 Τὸ
3477 4098 3745 4167 μέγιστόν
3796 4119 3885 4169 μοι

2300 4184 2478 4253 λέγεις
2504 4185 2873 4257 παραμύθιον.
2907 4187 2982 4241 Οὐ
3011 4188 3119 4259 γὰρ
3154 4188 3261 4241 ἔδει
3288 4192 3501 4260 τρυφᾷν
3536 4192 3630 4243 τὸν
3664 4194 3766 4262 τὴν
3794 4194 3883 4262 βαι

2302 4275 2509 4330 σιλείαν
2556 4276 2666 4329 τῶν
2714 4278 2959 4349 οὐρανῶν
3002 4280 3406 4351 ἐπιζητοῦντα,
3438 4284 3538 4337 καὶ
3574 4282 3673 4335 τὸν
3712 4286 3877 4337 ἐκεῖσε

2298 4366 2500 4437 κλῆρον
2526 4366 2812 4422 διώκοντα.
2854 4370 2970 4424 Οὐκ
3010 4370 3119 4425 εδει
3149 4372 3241 4425 τὸν
3270 4372 3519 4443 ἀθλητὴν
3547 4376 3870 4445 ἡσυχάζεθ’

2298 4460 2418 4513 οὐδὲ
2448 4460 2539 4514 τὸν
2565 4461 2871 4531 ἀγωνιστὴν
2894 4462 3000 4516 ὑπὸ
3034 4466 3214 4529 σκιαῖς
3247 4466 3343 4520 καὶ
3368 4465 3620 4536 δένδροις
3648 4470 3743 4523 καὶ
3776 4486 3867 4521 πα-

2304 4551 2574 4622 ραδείσοις
2630 4552 3009 4607 ἀνεκεκλίσθαι
3050 4554 3147 4607 καὶ
3198 4555 3627 4610 ἀναπαύεσθαιο
3826 4560 3876 4610 ὲν

2304 4643 2490 4713 μέσοις
2516 4642 2623 4697 ἔδει
2656 4646 2769 4709 τοῖς
2812 4646 3039 4714 ἀγῶσιν,
3067 4646 3125 4700 ὲν
3153 4648 3340 4711 αὐτοῖς
3376 4650 3491 4711 τοῖς
3535 4654 3885 4721 πειρααμῴ,

2296 4734 2355 4786 ιν
2396 4734 2548 4804 μέσῳ
2599 4736 2699 4805 τῆς
2729 4735 2839 4789 τῶν
2886 4737 3195 4792 διωκόντων
3234 4741 3553 4809 μιαιφονίας
3597 4742 3889 4813 δοκιμάζε-

2298 4828 2444 4891 σθαι,
2491 4828 2653 4882 καλὸν
2687 4832 3090 4905 ἐμφανισθῆναι
3130 4834 3212 4906 τῷ
3255 4834 3597 4907 ἀγωνοθέτῃ,
3672 4838 3892 4907 ἱδρῶσιν

2294 4920 2607 4990 ἀθλητικοῖς
2640 4923 2724 4977 ἔτι
2772 4928 3275 4999 περισταζόμενονο
3328 4930 3608 5002 μακάριον
3659 4933 3897 5003 ὀφθῆναι

2292 5012 2402 5066 τῶν
2431 5013 2652 5087 δρόμων
2684 5016 2781 5071 καὶ
2824 5019 3089 5090 καμάτων
3121 5021 3520 5092 ἀσθμαίνοντα.
3554 5023 3740 5077 Τοῦτο
3790 5025 3899 5077 τῶν

2294 5108 2577 5176 στεφάνων
2610 5108 2723 5177 ἐγώ
2752 5128 2898 5182 φημι
2929 5112 3369 5186 μακαριώτερον.
3395 5116 3469 5168 Τὸ
3496 5116 3601 5186 μὲν
3627 5118 3745 5187 γάρ
3780 5120 3901 5171 ἐστι

2291 5198 2387 5251 τοῦ
2422 5198 2714 5255 ἀθλοθέτου
2740 5244 2756 5269 ,
2806 5205 2869 5257 τὸ
2896 5206 2953 5258 δὲ
2990 5207 3090 5275 τῆς
3121 5207 3219 5260 τοῦ
3259 5206 3683 5279 ἀγωνιζομένου
3724 5228 3905 5264 σπου-

2292 5289 2387 5360 δῆς
2418 5292 2513 5345 καὶ
2542 5292 2969 5366 εὐδοκιμήσεως.
3008 5288 3096 5351 Ἐν
3133 5300 3269 5370 αὐτῇ
3299 5302 3443 5371 μέσῃ
3481 5304 3553 5373 τῇ
3582 5302 3701 5357 τῶν
3727 5303 3908 5370 διωγ-
3986 5318 3987 5321 ‘

2297 5382 2413 5451 μῶν
2459 5385 2636 5456 ἀκμῇ,
2674 5388 2812 5457 πρὸς
2857 5388 2950 5441 τὸν
2992 5390 3318 5462 στεφοδότην
3344 5391 3700 5463 άπέδραμεν.
3736 5396 3818 5448 Τί
3859 5396 3910 5447 δὲ

2293 5476 2578 5547 ἀπέραντα
2634 5479 2865 5549 κάμνειν
2918 5480 3141 5535 ἐϐούλου
3172 5483 3264 5535 τὸν
3308 5484 3626 5555 ἀγωνιστὴν
3664 5487 3779 5539 καὶ
3842 5490 3914 5557 μὴ

2292 5566 2477 5637 τάχιον
2526 5572 2711 5639 τυχεῖν
2759 5572 2845 5641 ἐφ’
2895 5567 2940 5641 ᾧ
3006 5572 3180 5627 ταῦτα
3234 5574 3581 5647 διεκαρτέρει
3639 5580 3754 5630 xa‘t
3809 5580 3917 5632 ὑπο
3984 5574 3985 5583 “

2294 5662 2518 5732 έφερεν;
2541 5663 2786 5735 Ἐχθρῶν
2808 5667 2975 5738 εὐχήν
3000 5684 3089 5739 μοι
3115 5668 3316 5736 λέγεις,
3335 5668 3451 5722 ἀλλ’
3474 5669 3604 5740 οὐχὶ
3628 5674 3917 5741 πρόνοιαν
3982 5714 3983 5735 χ

2293 5751 2464 5819 φίλων
2490 5767 2505 5782 ’
2560 5753 2683 5807 οὐδὲ
2734 5756 2928 5824 πόνον,
2986 5759 3109 5812 οὐδὲ
3166 5759 3336 5813 ἔλεον.
3406 5760 3637 5831 Ἐξῆλθε
3696 5767 3919 5818 κοινῶν

2293 5842 2557 5913 ὀμμάτων
2596 5844 2658 5899 τὸ
2687 5847 2866 5903 κοινὸν
2896 5848 2994 5920 τῆς
3033 5850 3360 5921 Ἐκκλησίας
3391 5852 3625 5924 τέκνον,
3658 5858 3693 5909 δ

612 5646 761 5701 enim
793 5648 847 5701 in
880 5648 1149 5704 infinitam
1170 5650 1473 5722 agonistam
1491 5653 1687 5710 durare
1719 5655 1980 5725 oportuit,
2005 5670 2069 5710 ac
2083 5672 2193 5711 non

612 5739 797 5791 statim
839 5740 1023 5810 potius
1056 5741 1144 5795 illa
1206 5743 1467 5813 consequi
1494 5756 1719 5814 pr0pter
1746 5761 1810 5800 ea
1843 5761 1966 5816 quae
2002 5755 2193 5816 pertu-

610 5826 695 5895 lit,
732 5840 785 5886 ct
821 5832 897 5887 sic
923 5833 1211 5892 obduravit
1236 5834 1517 5907 {hostium
1542 5851 1675 5913 sane
1701 5838 2190 5917 t1ota-tnib_i__i§tggl
