4004 6424
107 399 219 462 849

1254 394 1785 459 EPISTOLARUM
1822 393 2053 455 LIBER
2092 394 2173 453 II.

3219 390 3337 456 850"

107 516 237 584 ἐμοὶ
269 515 364 567 καὶ
392 513 485 568 τοῦ
513 514 649 569 Θεοῦ
673 515 984 586 ἄνθρωπος·
1028 518 1143 570 ἀλλ’
1168 518 1244 580 είς
1266 512 1526 587 οὐρανὸν,
1559 514 1673 568 ἀλλ’

1777 528 1981 579 narras,
2008 528 2119 567 non
2146 511 2390 583 pavidam
2418 510 2713 563 amicorum
2737 522 2945 571 curam,
2981 523 3083 562 nec
3133 509 3332 563 tolera-

108 606 193 668 είς
220 604 314 659 τὸν
340 605 517 659 κοινὸν
562 606 861 675 Δεσπότην,
889 605 1025 661 ἀλλά
1055 606 1172 679 μετ’
1201 606 1448 675 ἀγγέλων
1480 602 1673 676 χορεύ-

110 714 243 764 σων,
290 697 408 751 ἀλλ’
433 698 733 768 ίερουργός.
773 697 841 750 Ὠ
870 698 1042 769 πόσην
1069 691 1225 767 εὖρον
1258 700 1315 750 ὲν
1352 695 1526 766 τούτῳ
1566 713 1674 750 πα-

109 785 401 855 ραψυχήνί
443 786 590 841 Ἔδει
637 787 763 858 γάρ,
809 785 917 839 ἔδει
964 787 1057 839 καὶ
1087 786 1186 857 τὴν
1222 785 1378 857 ήμῶν
1423 786 1676 857 ἀπαρχὴν

110 877 255 949 ὑπὲρ
299 878 448 947 ἱερᾶς
481 875 673 948 δόξης,
718 876 814 931 καὶ
860 879 1040 949 νόμων
1096 880 1254 948 ίερῶν
1296 878 1673 949 διωκομένων,

113 970 407 1042 ίερουργδν
438 968 558 1039 Θεῷ
605 970 1043 1040 προσταχθῆναι·
1082 970 1380 1042 ίερουργὸς,
1428 971 1677 1041 ἐμφράτ-

107 1077 222 1112 των
253 1058 391 1129 μετά
411 1058 653 1122 πλείονος
672 1060 770 1130 τῆς
800 1058 1115 1132 παρρησίας
1146 1060 1385 1130 στόματα
1413 1059 1673 1131 βεϐήλων,

111 1151 211 1203 καὶ
256 1150 489 1221 χαλινῶν
515 1150 765 1219 γλώσσας
793 1152 927 1204 κενὰ
967 1152 1332 1221 ἐπισταμένας
1360 1166 1385 1193 ι
1411 1168 1429 1184 ο
1468 1153 1675 1222 ίερουρ⁶

108 1242 231 1309 γὸς,
265 1242 371 1296 κᾶν
416 1242 491 1314 μὴ
518 1242 579 1295 τὸ
610 1244 825 1314 ἀνίερον
861 1242 1117 1314 βούλοιτο.
1151 1244 1217 1296 Τί
1267 1243 1379 1310 έτι;
1424 1242 1675 1314 Ἐπήνθει

111 1333 265 1405 αὐτῷ
296 1335 365 1388 τὰ
393 1336 487 1406 τῆς
516 1335 721 1406 ἀρετῆς
768 1337 983 1390 ἅπαντα
1002 1351 1014 1366 ·
1047 1336 1137 1389 διὰ
1164 1336 1319 1389 τοῦτο
1344 1337 1453 1407 γάρ
1482 1337 1676 1389 θᾶττον

109 1428 194 1489 είς
253 1426 354 1496 τὴν
416 1428 732 1498 ἀμάραντον
776 1429 1144 1499 ἀπεφοίτησεν
1195 1428 1291 1482 τοῦ
1348 1428 1674 1500 παραδείσου

109 1518 415 1585 πολιτείαν,
450 1520 536 1575 ἴνα
566 1521 732 1591 μηδὲν
753 1520 900 1591 αὐτῷ
928 1522 1035 1574 τῶν
1066 1520 1514 1592 κατορθωθέντων
1542 1522 1677 1575 ἀπο-

112 1615 388 1685 μαρανθῇ.
428 1614 489 1666 Ei
540 1614 647 1684 γὰρ
679 1613 851 1677 οὐδεὶς
899 1614 1008 1667 ἀπὸ
1052 1613 1227 1685 ῥύπου
1272 1612 1532 1683 καθαρὸς,
1566 1612 1677 1665 οὐδ’

108 1704 181 1757 ἂν
205 1698 386 1774 ἡμέρα
420 1706 515 1774 μία
535 1708 563 1758 ό
590 1705 700 1775 βίος
731 1705 915 1770 αὐτοῦ,
949 1707 978 1759 ὁ
1004 1705 1195 1760 θᾶττον
1221 1705 1312 1758 τδν
1339 1705 1553 1759 δίαυλον
1578 1704 1673 1759 τοῦ

110 1793 243 1875 βίου.
260 1789 513 1862 ἐξελθὼν,
543 1798 605 1849 τὸ
640 1797 891 1850 πλεῖστον
918 1796 1056 1867 ἔφθη
1079 1796 1174 1850 τοῦ
1199 1796 1368 1869 ῥύπου
1398 1796 1672 1866 ἐκφυγών.

107 1888 305 1942 Κοινὸν
331 1885 399 1960 ἦν
418 1889 526 1944 τῶν
554 1888 922 1943 εὐσεϐούντων
951 1890 1228 1961 στήριγμα
1251 1907 1265 1921 ’
1294 1889 1457 1943 καλὸν
1493 1890 1673 1952 αὐτοῖς

106 1978 439 2033 ἀπολέλοιπε
462 1981 662 2035 κανόνα
688 1982 783 2035 καὶ
815 1981 985 2034 τύπον
1013 1984 1073 2035 ὲν
1095 1983 1207 2045 τοῖς
1230 1982 1368 2051 ὑπὲρ
1394 1981 1673 2044 εὐσεϐείας

105 2071 293 2135 πόνοις
313 2074 373 2125 τὸ
390 2072 487 2143 ζῇν
511 2072 770 2128 ἐκλιπών.
794 2073 909 2126 Οὐκ
928 2067 1068 2124 εἶδεν
1088 2072 1186 2143 τὴν
1197 2072 1298 2135 τῆς
1326 2072 1669 2143 Ἐκκλησίας,

107 2163 250 2234 ὑπὲρ
291 2158 358 2235 ἦς
401 2151 642 2235 ὲνήθλεί,
674 2167 1151 2221 ἀποκατάστασιν·
1206 2166 1293 2219 διά
1340 2164 1498 2218 τοῦτο
1545 2165 1672 2218 ἀκε-

107 2257 296 2324 ραίους
326 2258 537 2311 ἐκεῖθεν
570 2256 684 2329 ἔχει
703 2259 811 2312 τῶν
841 2261 1019 2313 πόνων
1047 2259 1172 2324 τοὺς
1199 2257 1444 2329 μισθούς.
1467 2256 1541 2310 Τὸ
1562 2256 1671 2328 γὰρ

105 2346 223 2403 ἀνθ’
250 2341 324 2401 ὧν
345 2348 669 2416 ἀγωνίζεταί
692 2367 798 2415 τις,
829 2351 1168 2421 εὐφροσύνης
1204 2350 1435 2403 ἐνταῦθα
1468 2352 1670 2419 τυχεῖν,

105 2439 469 2510 ὑποτέμνεται
490 2441 591 2510 τῆς
612 2442 818 2495 ἐκεῖθεν
850 2444 1251 2513 μακαριότητος
1279 2442 1378 2505 τὰς
1416 2440 1669 2512 ἀμοιϐάς.

104 2532 224 2585 Οὐκ
252 2528 361 2585 εἶδε
390 2533 490 2603 τὴν
535 2533 979 2588 ἀποκατάστασιν
1035 2533 1315 2605 αἰσθητοῖς
1350 2534 1671 2605 ὀφθαλμοῖς,

104 2626 222 2678 ἀλλ’
255 2627 355 2697 δρᾷ
384 2627 499 2679 νυνὶ
527 2630 641 2687 τοῖς
676 2631 915 2697 νοητοῖς’
974 2627 1088 2683 ἀλλ’
1130 2629 1259 2692 ἴσως
1291 2627 1673 2699 πλησιαίτερον

103 2714 347 2783 γεγονὼς
377 2715 511 2769 Θεοῦ
534 2760 549 2782 ,
580 2718 807 2788 ταύτην,
839 2720 955 2781 τοῖς
1002 2719 1060 2771 ὲν
1091 2718 1340 2788 αἰσθήσει
1373 2717 1673 2789 στρεφομέ-

103 2825 238 2873 νοις,
274 2810 352 2861 ἔτι
386 2807 452 2861 ἂν
500 2809 608 2879 ἀρα
653 2808 929 2880 συμφέρον
960 2810 1289 2880 ἐπιταχυνετ.
1326 2811 1477 2880 Ἔχει
1504 2810 1674 2878 τάφος

103 2900 169 2951 τὸ
208 2901 399 2969 σῶμα,
452 2901 566 2953 ἀλλ’
599 2901 840 2978 οὐράνιοι
883 2901 1113 2971 θάλαμοι
1151 2902 1253 2971 τὴν
1285 2901 1498 2973 ψυχήν·
1532 2902 1567 2972 ἡ
1602 2900 1673 2973 γῆ

104 2991 206 3061 τὴν
231 2991 399 3058 κόνιν,
426 2991 539 3046 ἀλλ’
578 2991 921 3063 Ἀδραμιαῖοι
948 2994 1136 3047 κόλποι
1160 2993 1221 3047 τὸ
1242 2994 1477 3065 πνεῦμα.
1502 2994 1675 3047 Φίλων

107 3084 399 3155 ἐστερήθη,
438 3084 551 3138 ἀλλ’
584 3078 710 3156 εὗρε
738 3085 865 3147 τούς
891 3086 1205 3156 κρείττουςο
1240 3086 1463 3157 εὑρήσει
1494 3086 1551 3139 δὲ
1581 3086 1675 3139 καὶ

108 3174 206 3238 οὓς
236 3176 388 3228 ἔλιπε
440 3176 557 3247 μετ’
606 3177 807 3245 ὀλίγον,
838 3175 905 3231 ἂν
949 3176 1027 3247 τῷ
1060 3174 1200 3231 εἶναι
1246 3178 1500 3250 μείνωσιν
1534 3178 1675 3247 φίλοι
1702 3204 1745 3266 C

108 3267 269 3323 Θεοῦ.
329 3268 571 3340 Ἐχθρῶν
617 3270 840 3339 ἐξῆλθεν
886 3270 1179 3333 επιϐουλὰς
1208 3271 1503 3342 αἰσθητῶν,
1545 3288 1674 3340 νοη-

107 3359 241 3423 τῶν,
278 3359 538 3431 φανεράς,
588 3359 847 3428 ὑφάλους,
892 3359 1112 3425 ἔξωθεν,
1164 3358 1331 3423 ἔνδον,
1380 3358 1549 3422 ἀῖδείς
1585 3358 1677 3411 ὐπ’

107 3450 327 3523 ἐνέδρᾳ.
364 3446 548 3515 Εἷδεν,
594 3452 641 3504 εί
692 3452 788 3504 καὶ⁹
836 3450 912 3514 ὡς
944 3452 1004 3505 ὲν
1049 3450 1297 3522 ἐσόπτρῳ
1332 3448 1527 3521 (τοῦτο
1568 3449 1677 3521 γὰρ

108 3544 290 3610 ἔγωγε
315 3542 375 3595 τὺ
401 3543 457 3594 ὲν
483 3544 593 3606 τοῖς
613 3542 975 3612 θεοπέμπτοις
999 3541 1228 3611 ὀνείροις
1252 3542 1383 3613 δρῶ)
1410 3541 1445 3595 ἃ.
1468 3542 1674 3606 ἐπόθει,

112 3633 209 3684 καὶ
251 3625 326 3685 ὧν
388 3632 743 3697 ἀδιαλείπτως
784 3632 1056 3703 ἐγλίχετο·
1093 3629 1175 3697 οἷς
1206 3632 1304 3704 τὴν
1353 3633 1535 3703 ψυχὴν
1584 3633 1678 3686 ἀν-

110 3722 423 3792 επτέρωτο,
474 3725 569 3776 καὶ
612 3724 749 3795 πρὸς
779 3723 814 3778 ἃ.
847 3724 942 3777 καὶ
968 3722 1047 3793 τῷ
1077 3724 1262 3793 σκήνει
1313 3721 1677 3792 βαρυνόμενος

109 3816 423 3886 ἀνεφέρετο.
468 3812 620 3869 Εἷδεν
666 3816 758 3868 τὸν
812 3814 1080 3869 καλοῦντα
1108 3814 1370 3880 Βασιλέα,
1404 3815 1528 3877 τοὺς
1569 3816 1675 3867 ὐπ-

107 3908 511 3978 ηρετουμένους
537 3909 794 3979 φαιδροὺς
820 3908 1084 3975 ἀγγέλους
1110 3909 1175 3977 τῇ
1197 3906 1404 3975 κλήσει,
1429 3906 1518 3959 τὸν
1536 3906 1680 3977 ἱερὸν

108 4000 324 4052 ἐκεῖνον
373 4000 465 4051 καὶ
516 3999 769 4070 βεϐήλοις
810 3996 1083 4065 ἄψαυστον
1128 4000 1225 4052 καὶ
1264 3998 1510 4064 ἀθέατον,
1550 4001 1608 4051 ἐν
1634 3991 1679 4066 ᾧ

108 4090 509 4160 παρεπέμπετο
544 4092 703 4161 χορὸν
737 4094 839 4160 τήν
870 4091 1145 4160 ἀφραστον
1171 4091 1385 4159 ἐκείνην
1412 4092 1506 4144 καὶ
1549 4092 1674 4145 ἀτε-

108 4176 372 4246 λεύτητον
399 4179 554 4243 δόξαν
581 4181 677 4234 καὶ
702 4181 937 4251 τρυφήν.
972 4182 1035 4233 Ὢ
1062 4180 1332 4247 γλυκείων
1356 4182 1676 4246 ἀπόλαυσις,

107 4270 208 4320 καὶ
261 4268 367 4339 πρὸ
409 4271 507 4340 τῆς
553 4270 923 4334 ἀπολαύσεως,
957 4270 1281 4340 θεαμάτων
1315 4271 1359 4325 ῶ
1403 4274 1678 4343 μακαρίας

104 4360 418 4431 ἀποδημίας
436 4378 449 4391 °
478 4361 523 4415 ὣ
555 4364 712 4429 ἀξίας
738 4363 1112 4433 θαυμάζεσθαι
1139 4380 1153 4395 ⁸
1182 4364 1295 4417 ἀλλ⁹
1316 4366 1438 4435 οὐχ).
1470 4366 1678 4437 δάκρυα

106 4452 508 4520 προκαλεῖσθαι
562 4454 885 4525 ζηλοῦσθαι,
947 4454 1068 4525 οὐχὶ
1122 4456 1471 4509 πενθεῖσθαι’
1543 4457 1679 4526 μετά

1776 616 1958 662 torum
1985 604 2537 662 commiserationem.
2574 602 2655 657 Ab
2686 601 2859 656 oculis
2902 599 3147 654 omnium
3201 600 3332 660 abiit

1775 698 2028 769 publicus
2058 695 2314 752 Ecclesiae
2366 694 2508 750 ﬁlius
2536 714 2546 748 :
2570 693 2860 766 praeclarus
2888 692 2975 747 ille
3000 691 3115 759 Dei,
3152 702 3207 745 et
3232 706 3331 746 no-

1775 802 1890 849 ster
1929 793 2091 848 homo
2132 810 2145 846 :
2185 791 2278 847 sed
2307 791 2363 845 in
2385 791 2571 855 cmlos,
2599 790 2667 845 ad
2684 804 3025 846 communem
3046 786 3331 843 Dominum

1775 880 1929 949 abiit,
1952 885 2045 940 sed
2070 884 2267 939 choros
2306 898 2429 937 cum
2465 882 2671 953 angelis
2708 881 3204 943 concelebraturus,
3237 879 3333 933 sed

1775 977 2047 1032 sacerdos.
2092 975 2204 1045 Ego
2240 983 2422 1029 autem
2466 986 2729 1045 quantum
2760 974 2815 1026 in
2850 973 2956 1027 hoc
3006 986 3117 1026 uno
3156 969 3334 1027 solatii

1776 1069 2064 1124 adinvenil
2099 1068 2175 1123 Ita
2211 1068 2357 1123 enim
2390 1083 2487 1137 par
2512 1067 2610 1121 fuit
2643 1075 2701 1120 ut
2735 1064 2985 1120 sacerdos
3023 1064 3136 1119 Deo
3168 1063 3336 1118 oﬂ'er-

1777 1171 1945 1227 rctur,
1988 1160 2349 1231 primitiarum
2392 1160 2533 1223 loco,
2564 1156 3005 1227 divinislegibus,
3056 1157 3173 1225 {pro
3238 1152 3333 1207 Dei

1776 1253 1941 1325 gloria
1984 1268 2169 1323 passus
2226 1254 2657 1324 persecutionem
2697 1270 2710 1307 :
2752 1251 3002 1307 sacerdos
3054 1258 3232 1305 autem
3267 1248 3337 1313 is,

1775 1346 1867 1417 qui
1897 1360 2019 1401 cum
2068 1346 2237 1399 multa
2266 1346 2510 1399 libertate
2536 1343 2777 1413 profanis
2804 1342 3110 1397 hominibus
3144 1357 3206 1395 os
3237 1341 3335 1395 ob-

1776 1448 1984 1493 struere
2011 1447 2207 1507 potest,
2240 1446 2295 1491 et
2329 1437 2541 1491 frenum
2575 1436 2795 1507 injicere
2842 1435 3039 1506 linguis
3067 1434 3335 1489 meditan-

1777 1530 1910 1583 tium
1947 1544 2082 1583 vana
2115 1548 2128 1584 :
2160 1528 2433 1592 sacerdos,
2479 1527 2648 1582 velint
2682 1527 2855 1581 nolint
2904 1526 3137 1597 profani.
3197 1525 3333 1591 Quid

1778 1620 2036 1677 ulterius?
2073 1619 2279 1675 Virtute
2335 1620 2561 1675 ﬂorebat
2593 1620 2850 1689 undique.
2873 1617 3134 1683 Quocirca
3178 1618 3337 1672 citius

1777 1716 1904 1769 hinc
1938 1714 2102 1769 abivit
2148 1713 2215 1767 ad
2269 1710 2772 1766 immarcescibilem
2816 1709 3047 1780 paradisi
3074 1708 3336 1779 politian],

1777 1815 1835 1860 ut
1856 1821 1925 1859 ne
1959 1804 2089 1875 quid
2119 1803 2194 1857 illi
2219 1818 2250 1857 a
2274 1802 2437 1857 rectis
2467 1802 2623 1857 factis
2657 1802 3037 1856 defloresceret
3067 1818 3081 1855 :
3107 1799 3153 1854 si
3191 1799 3338 1854 enim

1777 1897 1955 1951 denuo
1986 1896 2055 1951 sit
2082 1912 2109 1949 a
2132 1894 2383 1950 sordibus
2408 1908 2596 1964 purus,
2638 1908 2707 1948 ne
2741 1892 2959 1963 quidem
2985 1892 3027 1945 si
3058 1891 3143 1945 vel
3179 1890 3343 1943 unius

1771 1985 1878 2040 diei
1909 1985 2141 2055 spatium
2162 1985 2425 2049 vinceret,
2457 1992 2602 2039 certe
2630 1983 2721 2054 qui
2748 1982 2987 2037 diuulum
3023 1981 3144 2036 vitae
3178 1996 3344 2050 quan-

1774 2077 1944 2132 tocius
1973 2076 2222 2140 cxccssit,
2259 2062 2519 2145 plurimas
2547 2074 2636 2149 ille
2665 2075 2853 2129 sordes
2889 2072 3077 2127 abluit.
3118 2071 3342 2131 Pietatis

1771 2178 1888 2223 erat
1934 2182 2222 2222 commune
2271 2168 2544 2237 quoddam
2597 2166 3071 2221 stabilimentum:
3114 2165 3343 2235 praecla-

1773 2278 1887 2316 ram
1910 2261 2039 2332 ipsis
2056 2262 2313 2331 regulam,
2341 2268 2397 2314 et
2418 2259 2641 2314 formam
2668 2259 2905 2328 reliquit,
2927 2257 3019 2329 qui
3053 2259 3107 2311 in
3136 2258 3348 2327 patien-

1771 2355 1842 2410 do
1876 2370 1976 2425 pro
2009 2353 2208 2424 pietate
2236 2354 2467 2408 excessit
2504 2367 2535 2408 e
2592 2351 2721 2407 vita.
2763 2350 3017 2405 Eeciesiae
3051 2349 3215 2413 illius,
3247 2365 3345 2418 pro

1771 2461 1877 2517 qua
1899 2446 2143 2509 certavit,
2170 2445 2563 2499 restitutionem
2592 2459 2699 2497 non
2724 2442 2857 2497 vidit
2890 2459 2904 2495 :
2935 2442 3210 2512 quocirca,
3245 2445 3345 2496 im-

1772 2534 2085 2604 permistam
2139 2534 2384 2588 laborum
2453 2532 2761 2587 mercedem
2823 2531 2879 2585 in
2950 2531 3105 2586 emlis
3158 2530 3338 2585 habet.

1773 2627 1905 2681 Nam
1948 2626 1994 2681 si
2050 2627 2509 2681 oblectamentum
2568 2624 2814 2678 laborum
2872 2622 2959 2677 bic
3002 2632 3344 2693 perceperat,

1773 2719 2081 2789 privaretur
2105 2717 2455 2773 beatitudinis
2484 2717 2682 2772 ibidem
2716 2715 3074 2770 retributione
3115 2733 3129 2769 :
3176 2714 3347 2768 oculis

1776 2810 2051 2865 sensitivis
2080 2809 2526 2864 restaurationem
2548 2822 2658 2861 non
2695 2806 2831 2861 vidit
2862 2823 2876 2858 :
2910 2805 3005 2859 sed
3040 2805 3347 2859 intellectus

1774 2902 1949 2959 oculis
1973 2917 2119 2957 nunc
2144 2901 2417 2967 intuetur;
2471 2909 2658 2970 utpote
2707 2898 2819 2952 Deo
2881 2898 3113 2953 vicinior
3149 2896 3345 2959 factus,

1775 3012 1843 3052 eo
1863 3009 2156 3066 preperare
2181 3002 2237 3048 et
2274 2992 2379 3047 illis
2405 2992 2697 3055 conducet,
2732 2990 2822 3060 qui
2853 2991 3034 3045 adhuc
3061 2997 3350 3044 versantur

1776 3086 1831 3141 in
1871 3084 2238 3142 sensibilibus.
2272 3083 2485 3154 Corpus
2539 3083 2849 3153 sepulcrum
2883 3081 3144 3149 continet,
3176 3081 3350 3136 thala-

1777 3180 1850 3233 mi
1877 3188 2056 3234 autem
2096 3177 2347 3233 cmlestes
2374 3176 2630 3241 animam,
2664 3175 2942 3246 pulverem
2980 3173 3147 3229 habet
3185 3183 3353 3240 terra,

1779 3271 2026 3341 spiritum
2057 3286 2185 3325 vero
2218 3270 2372 3324 sinus
2419 3268 2651 3323 Abrahae
2684 3285 2698 3322 :
2751 3266 3069 3337 privabatur
3138 3266 3350 3328 amicis,

1779 3363 1978 3444 reperit
2013 3363 2280 3427 meliores,
2327 3371 2383 3417 et
2421 3376 2557 3431 quos
2614 3360 2923 3429 dereliquit,
2953 3357 3099 3413 haud
3125 3358 3215 3412 diu
3246 3357 3352 3411 erit

1778 3471 1902 3510 cum
1946 3472 2134 3510 rursus
2178 3454 2437 3519 inveniet,
2467 3454 2512 3508 si
2570 3451 2991 3524 permanserint,
3047 3458 3191 3504 statu
3220 3465 3356 3519 quo,

1778 3546 1937 3600 amici
1959 3545 2055 3599 Dei
2103 3561 2117 3597 :
2147 3544 2386 3599 hostium
2417 3542 2642 3597 insidias
2662 3541 2835 3597 evasit
2872 3540 3233 3603 sensibilium,
3266 3540 3350 3593 in-

1781 3636 2191 3701 tellectualium,
2223 3644 2460 3705 apertas,
2492 3634 2753 3698 occultas,
2781 3634 3045 3699 internas,
3074 3643 3349 3693 externas.

1779 3726 2093 3781 manifestas
2129 3736 2184 3781 ct
2210 3725 2581 3781 clancularias.
2614 3722 2762 3780 Vidit
2796 3724 2907 3787 hic,
2940 3724 3034 3778 sed
3057 3732 3115 3777 ut
3140 3723 3198 3777 in
3230 3737 3353 3793 spe-

1779 3819 1901 3872 culo
1929 3816 2093 3886 (quod
2114 3826 2170 3871 et
2198 3832 2296 3887 ego
2318 3831 2417 3886 per
2434 3815 2644 3869 somnia
2667 3830 2697 3868 a
2728 3814 2842 3867 Deo
2873 3813 3119 3868 immissa
3143 3813 3348 3881 video),

1780 3922 1901 3976 qua:
1940 3905 2214 3975 cupiebat,
2266 3912 2322 3959 et
2375 3904 2635 3957 continue
2657 3903 2970 3967 anhelabat,
3005 3903 3202 3972 quibus
3232 3903 3352 3956 ani-

1782 4012 1884 4051 mae
1915 3996 2064 4050 dedit
2089 3997 2221 4059 alas,
2248 3996 2316 4050 ad
2342 4011 2463 4065 quae
2493 3995 2618 4049 licet
2658 3992 3011 4048 tabernaculo
3044 4009 3352 4064 przegrava-

1781 4097 1867 4143 tus
1919 4087 2215 4141 ferebatur.
2271 4085 2419 4141 Vidit
2456 4086 2657 4155 Regem
2720 4094 3081 4147 annuentem,
3132 4085 3359 4155 angelos

1779 4180 2022 4234 claritate
2044 4178 2371 4248 conspicuos
2399 4178 2750 4232 administros
2779 4177 3103 4243 vocationis,
3136 4192 3351 4231 sacrum

1780 4271 1952 4333 illum,
1979 4269 2223 4340 profanis
2243 4270 2526 4333 intactum,
2551 4278 2605 4325 et
2625 4268 2950 4324 invisibilem
2976 4269 3176 4333 locum,
3212 4268 3360 4321 inex-

1780 4362 2079 4432 plicabilem
2098 4362 2321 4433 gloriam
2349 4369 2404 4416 et
2424 4361 2841 4417 oblectationem
2870 4358 3351 4421 interminabilem,

1779 4471 1887 4525 quo
1915 4454 2359 4509 transferebatur.
2403 4455 2529 4508 Haec
2576 4462 2664 4508 est
2692 4454 3000 4509 dulcedinis
3055 4452 3266 4518 fruitio,
3300 4460 3357 4507 et

102 4544 381 4614 λαμπρῶν
427 4547 693 4616 ἐνταφίων
749 4547 857 4603 τῶν
901 4547 1167 4619 οὐρανίων
1223 4548 1388 4619 ἀνέϐη
1443 4550 1664 4603 πυλῶν·

1777 4548 1998 4602 visionis
2023 4547 2166 4601 illius
2192 4556 2317 4600 ante
2343 4545 2654 4600 fruitionem
2682 4563 2697 4599 :
2735 4554 2903 4609 certe,
2935 4559 3193 4601 excessus
3219 4542 3346 4597 felix

105 4637 258 4705 μετά
301 4636 560 4708 λαμπρᾶς
586 4640 682 4709 τῆς
722 4640 1003 4711 λαμπάδος
1030 4642 1129 4694 οὐκ
1156 4641 1320 4713 ὲλαίῳ
1362 4642 1507 4713 μόνῳ
1546 4661 1671 4713 φαι-

99 4726 466 4797 δρυνομένης,
500 4728 638 4782 ἀλλά
678 4729 774 4782 καὶ
825 4735 935 4795 τοῖς
967 4732 1073 4785 ἀπὸ
1098 4732 1204 4785 τῶν
1234 4732 1409 4785 ἄθλων
1458 4734 1676 4805 ἱδρῶσιν

99 4817 512 4888 ἀρδευομένης·
549 4820 609 4871 οὐ
662 4821 962 4895 παρθενείᾳ
1013 4823 1145 4895 μόνῃ
1186 4824 1673 4895 λαμπρυνομένης,

96 4909 250 4963 ἀλλὰ
303 4910 398 4962 καὶ
442 4911 741 4983 ἱερωσύνης
784 4913 1053 4985 ἀξιώματι
1110 4915 1503 4987 κλεῖςομένηςθ
1556 4918 1677 4970 οὐδὲ

95 5002 321 5063 τούτοις
362 5001 541 5070 μόνον,
576 5003 712 5056 ἀλλὰ
740 5007 834 5058 καὶ
860 5010 981 5070 ταῖς
1008 5006 1198 5070 ἄλλαις
1234 5009 1460 5077 ἀρεταῖς
1490 5009 1554 5062 δι’
1594 5003 1671 5063 ὧν

94 5094 169 5146 τὸ
198 5092 420 5162 δαψιλὲς
448 5097 545 5148 καί⁹
597 5097 821 5151 ἀένναον
859 5098 958 5168 τῆς
995 5099 1335 5169 φωτοχυσίας
1380 5100 1679 5154 κατεπλου-

92 5186 290 5257 τίσθη.
322 5186 508 5241 Ταῦτά
558 5207 648 5258 μοι
677 5191 867 5258 γέγονε
894 5191 1254 5261 ψυχαγωγία,
1286 5197 1461 5249 ταῦτα
1501 5213 1681 5267 παρα-

99 5280 339 5348 μύθιον,
374 5282 575 5351 μᾶλλον
603 5282 659 5335 δὲ
698 5284 806 5337 ἀπὸ
837 5287 935 5355 τῆς
972 5284 1325 5355 παραμυθίας
1377 5284 1680 5356 ἀρξάμενα,

94 5374 188 5434 είς
224 5376 604 5444 πνευματικὴν
636 5375 970 5447 μετέστησεν
1008 5378 1347 5448 εὐφροσύνην
1386 5378 1479 5431 καί¹
1509 5376 1677 5443 ἀγαλ-

94 5463 311 5518 λίασιν.
363 5464 544 5519 Ταῦτα
597 5467 694 5519 καὶ
747 5470 813 5538 τῇ
867 5471 933 5539 σῇ
985 5470 1344 5540 ἀρχιερατικῇ
1384 5469 1681 5536 τελειότητι

93 5556 350 5625 γινέσθω
401 5559 495 5613 καὶ
526 5562 874 5632 παραμυθία,
913 5564 1006 5618 καὶ
1056 5566 1230 5635 χαρᾶς
1265 5565 1359 5618 καὶ
1414 5562 1683 5634 θυμηδίας

1772 4648 1825 4695 et
1852 4638 2219 4701 admirandus,
2244 4652 2355 4692 non
2374 4636 2620 4708 lacrymis
2636 4636 2995 4701 decorandus,
3022 4636 3115 4691 sed
3134 4634 3357 4690 aemula-

1776 4734 1923 4787 tione
1950 4729 2276 4800 operandus,
2306 4744 2414 4782 non
2438 4727 2725 4799 lugendus.
2767 4727 2969 4782 lllustri
2988 4727 3148 4781 modo
3174 4734 3359 4779 tumu-

1775 4825 1917 4878 latus
1975 4822 2227 4876 cmlestes
2266 4820 2423 4875 sedes
2457 4819 2722 4882 ascendit,
2747 4835 2870 4873 cum
2898 4818 3143 4887 lampade
3192 4817 3357 4882 clara,

1779 4931 1887 4969 non
1909 4914 2029 4968 oleo
2050 4921 2260 4967 tantum
2278 4912 2600 4976 illuminata,
2624 4911 2716 4965 sed
2734 4910 3046 4964 certaminis
3069 4908 3360 4963 sudoribus

1778 5008 2078 5071 ditﬂuente,
2104 5021 2213 5060 non
2274 5007 2386 5060 sola
2411 5006 2722 5073 virginitate
2750 5004 2983 5067 exculta,
3040 5002 3134 5055 sed
3176 5018 3361 5055 sacer-

1777 5098 1940 5153 dotali
1967 5097 2228 5168 dignitate
2242 5110 2457 5165 quoque
2478 5094 2707 5158 diffusa;
2731 5110 2832 5148 nec
2862 5094 2980 5147 istis
3007 5094 3158 5152 solis,
3192 5093 3361 5147 sedet

1778 5190 1898 5245 aliis
1919 5191 2209 5244 virtutibus
2236 5189 2377 5242 unde
2401 5186 2744 5241 abundantia
2780 5185 3037 5254 perennis
3067 5184 3247 5238 effuso
3277 5185 3359 5237 Iu-

1783 5286 1928 5338 mine
1957 5283 2208 5337 dilatatur
2239 5300 2251 5334 :
2284 5282 2399 5335 haec
2428 5289 2556 5335 sunt
2588 5278 2702 5340 illa,
2734 5294 2855 5347 qum
2888 5278 3128 5332 animum
3175 5294 3358 5332 meum

1788 5377 2037 5430 reficiunt
2072 5392 2086 5439 ;
2118 5376 2233 5429 hare
2262 5390 2385 5444 qua:
2429 5371 2780 5430 consolantur
2810 5389 2823 5424 :
2880 5371 2989 5425 imo
3029 5370 3208 5440 potius
3234 5370 3361 5423 hinc

1793 5470 1950 5523 initio
1975 5468 2361 5523 consolationis
2389 5468 2656 5530 derivato,
2685 5467 2751 5519 ad
2780 5466 3113 5535 spiritualem
3150 5463 3357 5515 refere-

1793 5563 1951 5617 batur
1975 5562 2394 5619 oblcctationem
2416 5561 2924 5629 exaltationemque.
2952 5556 3077 5613 llaec
3106 5565 3161 5611 ct
3213 5563 3367 5609 tuam.

1404 5719 1631 5776 VARUS
1660 5718 2059 5775 LECTIONES.

174 5824 209 5858 ι
236 5817 334 5873 ισ.
361 5821 613 5891 μελετᾷν.
