4004 6456
565 481 664 548 851

1685 460 1944 543 PHOTII
1983 476 2481 544 PATRIARCHE
2522 486 2629 546 CP.

3685 493 3798 558 852

565 594 1073 667 archiepiscopalem
1114 595 1499 668 perfectionem
1555 590 1797 647 solentur
1842 612 1855 647 :
1893 592 2009 647 haec
2065 592 2109 645 in

2223 591 2495 659 ὑπόθεσις,
2525 594 2634 665 ὅσῳ
2670 592 2764 646 καὶ
2799 596 2997 663 μᾶλλον
3038 598 3118 659 εἰς
3154 596 3250 669 τὴν
3293 598 3390 671 σὴν
3419 599 3611 672 ἀνήκει
3641 602 3797 655 διδα-

566 685 745 757 gaudii
758 694 810 741 et
825 685 1203 741 consolationis
1217 690 1590 754 argumentum
1606 681 1817 747 cedant,
1837 695 2009 750 eoque
2020 695 2133 734 ma-

566 775 647 845 gis
683 776 825 845 quod
855 785 955 831 tuae
972 775 1269 846 disciplima
1290 789 1431 829 cura:
1460 764 2126 827 etinstructionitranslati

571 865 703 921 hinc
736 868 876 922 illius
900 882 985 922 res
1016 867 1270 937 praeclare
1299 865 1423 919 olim
1451 874 1612 935 gestat
1648 864 1844 919 ascribi
1872 862 2123 917 debeant.

1108 955 1324 1009 EPIST.
1363 954 1578 1008 XXXV.

836 1046 1177 1101 Euschemoni
1209 1047 1461 1101 Caesareae
1490 1046 1887 1115 archiepiscopo.

2230 682 2454 736 σκαλίαν
2496 686 2589 739 καὶ
2635 685 2901 757 σπουδὴν,
2951 688 3019 741 τὰ
3055 689 3149 742 τοῦ
3183 692 3543 760 μεταστάντος
3593 711 3797 759 κατορ-

2228 774 2471 846 θώματα.

2804 954 3022 1012 ΕΠΙΣΤ.
3068 957 3191 1013 ΛΕ’.

2384 1045 2730 1116 Εὺσχήμονι
2769 1046 2841 1116 ἀρ
2843 1050 3215 1117 χιεπισκόπῳ
3248 1054 3624 1122 Καισαρείας.
3820 1100 3843 1166 .i

1778 1153 2046 1204 Montacut.
2078 1154 2181 1216 (ep.
2214 1151 2323 1212 202,
2348 1165 2397 1213 p.
2420 1150 2553 1211 299).

632 1256 880 1327 Suscepit
924 1258 1143 1328 quidam
1190 1260 1529 1329 prophetam,
1570 1267 1664 1313 aut
1703 1259 1975 1328 iustorum
2018 1256 2114 1312 ali-

559 1362 742 1417 quem,
767 1362 834 1401 eo
861 1348 1005 1417 quod
1063 1349 1261 1403 multos
1284 1349 1435 1405 illum
1484 1346 1821 1403 admirationi
1852 1348 2115 1401 habentes

558 1436 829 1501 observat,
852 1436 942 1506 qui
974 1451 1038 1490 ex
1068 1436 1157 1490 illa
1186 1453 1281 1491 sua
1314 1436 1701 1501 admiratione,
1744 1435 1973 1507 gloriam
2005 1449 2113 1487 non

557 1526 883 1581 mediocrem
914 1527 1267 1583 venabantur.
1296 1527 1447 1581 Alius
1494 1542 1645 1596 spem
1687 1526 1945 1595 concipit,
1971 1525 2113 1595 quod

556 1617 702 1671 etali
756 1618 1120 1687 susceptione,
1170 1617 1368 1671 eximia
1417 1617 1723 1672 divitiarum
1780 1616 2113 1670 allluentium

554 1712 708 1782 copia
740 1713 1039 1767 abundabit
1080 1712 1206 1767 :vel
1235 1721 1434 1766 statum
1459 1711 1693 1781 aliquem
1736 1710 1940 1765 bonum
1990 1725 2112 1765 cor-

552 1804 795 1874 poralem
819 1813 1203 1873 consequetur.
1241 1805 1310 1857 At
1340 1818 1503 1858 nemo
1534 1804 1695 1873 plane
1736 1803 1985 1865 istorum,
2026 1802 2113 1857 vel

551 1894 816 1962 propheta:
846 1895 1131 1947 mercedem
1161 1903 1547 1962 consequetur,
1578 1894 1661 1947 vel
1682 1893 1815 1962 justi
1840 1894 1939 1946 viri
1966 1893 2115 1946 retri-

551 1984 833 2047 butionem.
865 1984 996 2050 Quis
1019 1992 1195 2039 autem
1232 1994 1552 2055 recepturus
1581 2000 1699 2040 eam
1733 1985 1856 2039 est?
1880 1983 1930 2038 Is
1951 1983 2113 2038 nimi-

549 2090 694 2141 rum,
724 2077 837 2146 qui,
864 2077 1008 2146 quod
1038 2076 1133 2131 Dei
1151 2092 1358 2142 servus,
1386 2077 1720 2146 etpropheta
1748 2075 1869 2146 quis
1889 2076 2112 2130 exsistat

550 2167 681 2235 (hoc
705 2168 849 2229 enim
880 2169 991 2223 vult
1021 2168 1171 2235 illud,
1192 2168 1260 2221 In
1288 2170 1494 2223 nomine
1515 2170 1795 2238 praphetaa,
1822 2168 1875 2220 in
1907 2167 2112 2221 nomine

542 2260 723 2331 justi),
750 2270 803 2315 et
824 2276 933 2315 non
954 2259 1334 2329 cauponando,
1367 2260 1449 2313 vel
1474 2259 1816 2313 commodum
1844 2257 2111 2327 captanda

549 2351 765 2421 recipit,
822 2358 876 2405 et
911 2366 1019 2419 quo
1071 2359 1250 2421 potest
1289 2350 1551 2419 obsequio
1573 2365 1693 2404 eam
1720 2350 2049 2414 demeretur,
2080 2364 2111 2403 e

548 2457 685 2513 pura
730 2442 1060 2497 conscientia
1106 2450 1161 2495 et
1190 2444 1425 2496 honesto
1480 2440 1683 2496 animo.
1711 2441 1890 2506 Certe,
1918 2440 2110 2512 dignus

548 2534 770 2589 omnino
798 2534 918 2589 talis
952 2534 1133 2588 divina
1156 2534 1534 2599 retributione,
1562 2542 1618 2587 et
1661 2532 2105 2587 redhostimento.

546 2624 680 2680 lllud
704 2640 884 2694 porro,
928 2624 1218 2678 Mercedem
1234 2625 1390 2695 justi,
1420 2626 1707 2679 mercedem
1738 2625 1999 2693 propheta:
2024 2642 2107 2677 re—

547 2717 699 2785 cipiet
726 2715 769 2783 ‘,
800 2716 1070 2786 duplicem
1109 2716 1271 2771 habet
1303 2717 1627 2771 sententiam
1665 2734 1676 2769 :
1712 2716 1796 2771 vel
1826 2716 1968 2769 enim
1995 2716 2109 2768 sin-

545 2823 686 2863 certe
713 2806 1103 2878 hospitalitatis
1134 2817 1189 2862 et
1219 2823 1367 2877 purae
1397 2808 1701 2862 mercedem
1732 2806 1807 2860 illi
1824 2806 2105 2876 recipient,

544 2907 696 2964 certo
728 2899 947 2961 certius,
968 2899 1061 2968 qui
1094 2899 1413 2969 prophetam
1458 2899 1539 2953 ve'l
1572 2898 1778 2968 justum
1808 2898 2105 2967 recipiunt:

2300 1254 2547 1321 Ἐδέξατό
2570 1272 2654 1319 τις
2684 1258 2992 1328 προφήτην,
3024 1258 3057 1329 ἦ
3086 1258 3221 1322 ὅλως
3250 1260 3371 1313 τινὰ
3395 1261 3503 1315 τῶν
3527 1263 3792 1327 δικαίων,

2216 1347 2297 1399 ὅτι
2338 1346 2568 1411 πολλοὺς
2599 1343 2706 1402 εἶδε
2750 1348 2841 1401 τὸν
2870 1348 3040 1420 ἄνδρα
3073 1350 3467 1420 θαυμάζοντας,
3502 1356 3598 1407 καὶ
3625 1355 3795 1420 δόξαν

2215 1437 2277 1489 οὐ
2331 1437 2530 1509 μικρὰν
2579 1438 2643 1492 ὲκ
2684 1438 2779 1492 τοῦ
2825 1439 3102 1510 θαυμάσαι
3136 1441 3501 1513 θηράσαντας.
3556 1444 3794 1515 Ἕτερος

2217 1533 2378 1588 πάλιν
2408 1534 2630 1597 ὲλπίδας
2658 1533 2893 1603 τρέφων,
2922 1532 2998 1595 ὠς
3022 1533 3087 1585 ὲκ
3126 1532 3223 1602 τῆς
3251 1532 3514 1603 ὑποδοχῆς
3544 1534 3792 1588 πλούτου

2216 1625 2590 1695 περιϐαλεῖται
2618 1624 2995 1694 λαμπρότητα,
3028 1624 3062 1693 ἦ
3091 1639 3234 1686 τινος
3257 1624 3789 1698 ἄλληςοσωματικῆς

2214 1714 2510 1778 εὐπαθείας
2567 1712 2931 1778 ὲπιτεύξεται.
2965 1712 3155 1776 Οὐδεὶς
3186 1702 3438 1783 οὐδαμῶς
3481 1715 3594 1767 τῶν
3625 1716 3791 1784 εἰρη-

2217 1805 2392 1876 μένων
2420 1804 2544 1858 οὐτε
2574 1803 2880 1872 προφήτου
2914 1804 3165 1872 μισθὸν,
3195 1802 3319 1856 οὔτε
3353 1806 3512 1871 τινὸς
3540 1805 3791 1859 δικαίου

2212 1893 2491 1963 λήψεται.
2529 1894 2626 1955 Τίς
2654 1893 2709 1946 δὲ
2741 1892 2969 1964 λήψεται
2986 1909 3002 1958 ;
3046 1892 3104 1947 Ὀ
3133 1892 3197 1946 δι’
3222 1894 3355 1948 αὐτὸ
3384 1896 3443 1948 τὸ
3467 1891 3605 1949 εἶναι
3634 1913 3784 1965 repo-

2213 1987 2388 2058 φήτην
2419 1985 2513 2039 καὶ
2542 1985 2676 2039 Θεοῦ
2722 1986 3056 2056 θεράποντα·
3090 1985 3283 2057 (τοῦτο
3318 1986 3423 2055 γάρ
3458 1988 3625 2051 ἐστιν,
3680 1990 3793 2051 Εἰς

2213 2078 2400 2146 ὄνομα
2438 2076 2767 2146 προφήτου,
2816 2076 2912 2129 καί
2947 2078 3033 2142 είς
3076 2076 3262 2144 ὄνομα
3306 2076 3535 2130 δικαίου
3557 2080 3603 2145 ·)
3638 2077 3789 2130 ἀλλὰ

2216 2169 2339 2240 μηδ’
2385 2168 2739 2240 ὲμπορίαν,ἢ
2778 2166 3035 2235 τοιαύτην
3068 2166 3189 2221 τινὰ
3237 2166 3424 2237 χρείαν
3470 2167 3563 2220 τὸν
3606 2168 3789 2237 ἄνδρα

2212 2262 2516 2332 δεχόμενος,
2559 2263 2653 2314 καὶ
2683 2262 2782 2333 τὴν
2810 2259 3039 2331 δυνατὴν
3063 2259 3360 2331 θεραπείαν
3382 2260 3459 2323 είς
3488 2261 3653 2313 αὐτὸν
3684 2276 3789 2313 κα-

2214 2354 2470 2426 θαρότητι
2512 2354 2738 2424 καρδίας
2769 2354 2862 2406 καὶ
2904 2352 3168 2423 σπουδαία
3199 2350 3389 2422 γνώμῃ
3420 2352 3786 2421 ἐνδεικνύμε-

2212 2464 2318 2510 νος.
2364 2447 2543 2513 ’Ἄξιος
2571 2445 2678 2516 γὰρ
2712 2446 2786 2508 ὡς
2827 2444 3040 2516 ἀληθῶς
3086 2444 3234 2511 ἄξιος
3270 2445 3298 2497 ὁ
3350 2444 3591 2508 τοιοῦτος
3626 2445 3787 2507 θείας

2209 2537 2551 2608 ἀντιμισθίας
2587 2537 2681 2591 καὶ
2723 2536 3061 2600 ἀντιδόσεως.
3112 2536 3186 2588 Τὸ
3227 2535 3312 2599 δὲ,
3362 2535 3593 2590 Μισθὸν
3628 2549 3788 2604 xpo—

2210 2628 2423 2697 φήτου,
2456 2627 2553 2681 καὶ
2593 2628 2817 2698 μισθὸν
2850 2627 3081 2681 δικαίου
3119 2626 3398 2695 λήψεται,
3431 2626 3615 2697 διττὴν
3666 2627 3787 2698 ἔχει

2209 2721 2306 2790 τὴν
2331 2720 2598 2773 διάνοιανο
2627 2720 2659 2789 ἢ
2689 2718 2795 2788 γὰρ
2822 2719 2904 2771 ὃτι
2930 2719 3027 2788 τῆς
3058 2716 3380 2787 εἰλικρινοῦς
3407 2719 3499 2769 καὶ
3526 2718 3785 2786 καθαρᾶς

2212 2812 2510 2881 φιλοξενίας
2538 2812 2627 2865 τὸν
2672 2811 2882 2877 μισθὸν,
2913 2811 2961 2862 οί
2992 2811 3115 2873 τοὺς
3145 2810 3447 2880 προφήτας,
3476 2810 3574 2861 καὶ
3612 2809 3784 2869 ὅλως,

2210 2901 2263 2954 οῖ
2299 2918 2447 2965 τινας
2480 2902 2588 2954 τῶν
2635 2900 2857 2954 δικαίων
2889 2898 3291 2969 ὑποδεχόμενοι,
3325 2898 3541 2961 πάντως
3576 2915 3642 2966 γε
3684 2899 3789 2967 λή-

544 3004 648 3043 nec
680 2988 888 3043 honore
926 2988 1017 3043 illo
1075 2988 1275 3059 privari
1307 2998 1551 3058 possunt,
1576 2990 1667 3058 qui
1697 2990 1889 3059 dignos
1918 3003 1977 3043 se
2018 3004 2109 3058 per

2215 2995 2422 3063 ψονται,
2451 2994 2544 3048 καὶ
2570 2995 2667 3047 οὐκ
2695 2993 2838 3047 ἔστιν
2868 2993 3064 3055 αὐτοὺς
3092 2991 3199 3044 τῶν
3220 2990 3393 3062 γερῶν
3417 2990 3785 3063 στερηθῆναι,

542 3096 633 3136 res
669 3096 702 3145 a
755 3095 813 3141 se
849 3090 1028 3152 gestas
1077 3080 1481 3152 praestiterunt;
1544 3081 1627 3136 vel
1651 3080 1792 3151 quod
1824 3081 1967 3135 illam
1997 3096 2106 3135 non

2216 3082 2290 3142 ὧν
2318 3087 2498 3153 ἀξίους
2544 3088 2769 3149 ἑαυτοὺς
2791 3127 2807 3152 ,
2838 3085 2905 3139 δι’
2937 3103 3013 3139 ων
3053 3085 3315 3156 ἔπραξαν,
3351 3083 3593 3147 ἔδειξανο
3628 3083 3665 3151 ἦ
3702 3082 3790 3137 ὅτι

541 3172 812 3244 recipient
864 3173 1183 3244 simpliciter
1225 3174 1530 3229 mercedem
1576 3173 1975 3243 hospitalitatis,
2013 3173 2106 3227 sed

541 3264 777 3318 similem
806 3273 900 3318 aut
930 3265 1193 3334 aequalem
1237 3263 1399 3334 iustis
1427 3274 1483 3319 et
1514 3264 1809 3335 prOphetis.
1853 3265 2106 3334 Magnum

541 3353 673 3423 quid
701 3353 1038 3424 hospitalitas
1068 3363 1149 3409 est
1175 3371 1189 3407 :
1223 3370 1471 3431 magnam
1498 3355 1759 3409 conducct
1782 3358 2107 3419 mercedem,

540 3446 829 3517 imprimis,
867 3446 911 3500 si
939 3446 1153 3501 honesti
1185 3456 1241 3501 et
1288 3446 1463 3517 legem
1499 3445 1595 3499 Dei
1660 3453 1929 3500 sectantes
1970 3445 2120 3499 reci-'

538 3539 780 3610 piantur.
834 3538 986 3593 Hanc
1032 3547 1090 3593 tu
1140 3538 1407 3593 rationem
1439 3538 1483 3593 si
1510 3546 1656 3601 recte
1688 3537 2007 3603 institueris,
2043 3552 2107 3592 ac

537 3638 761 3701 propter
806 3645 1008 3685 nomen
1066 3644 1129 3685 ac
1160 3630 1375 3685 titulum
1416 3644 1696 3685 servorum
1742 3627 1859 3696 Dei,
1897 3644 2005 3683 non
2036 3629 2105 3682 ob

537 3721 695 3777 aliam
736 3721 921 3787 .ullam
971 3736 1189 3776 causam
1234 3720 1471 3793 hospitio
1524 3723 1849 3793 susceperis,
1904 3724 2105 3778 oraculi

536 3809 844 3883 Evangelici
871 3821 1113 3869 mentem
1146 3815 1378 3881 tenebis,
1444 3816 1590 3871 unde
1612 3816 1953 3872 commodum
1984 3831 2103 3885 per-

535 3903 751 3972 cipies:
793 3903 921 3958 felix
967 3904 1211 3959 omnium
1268 3906 1438 3976 magis
1483 3906 1572 3963 illa
1606 3905 1902 3973 beatitudo,
1942 3921 2102 3975 quam

535 4008 657 4063 quae
686 3995 866 4049 verbis
896 3995 1095 4065 poterit
1121 3995 1242 4049 ullis
1261 3995 1543 4065 explicari.

1077 4108 1297 4164 EPlS'l‘.
1340 4109 1577 4166 XXXVI.

889 4200 1055 4257 Paulo
1085 4201 1428 4269 metropolitw
1458 4201 1745 4255 Laodicew.

2215 3178 2306 3231 ml.
2336 3170 2480 3231 οὗτοι
2526 3178 2623 3248 οὐχ
2673 3177 2860 3241 ἁπλῶς
2911 3175 3100 3245 μισθὸν
3135 3174 3461 3244 φιλοξενίας,
3509 3172 3650 3227 ἀλλὰ
3687 3173 3790 3223 τὸν

2215 3272 2328 3323 ἴσον
2356 3268 2449 3323 καὶ
2488 3268 2671 3339 ὅμοιον
2700 3271 2811 3331 τοῖς
2840 3271 3143 3339 προφήταις
3174 3267 3273 3321 καὶ
3299 3266 3523 3328 δικαίοις
3567 3264 3783 3333 ἀπολή·

2213 3361 2425 3429 ψονται.
2455 3361 2613 3428 Μέγα
2641 3360 2750 3431 γὰρ
2787 3360 3078 3430 φιλοξενία,
3108 3359 3202 3412 καὶ
3250 3355 3511 3428 μεγάλους
3549 3354 3791 3425 μισθοὺς

2214 3448 2574 3520 προξενοῦσα,
2615 3450 2708 3503 καὶ
2756 3449 2989 3520 μάλιστα
3038 3447 3343 3501 σπουδαίων
3387 3446 3631 3516 ἀνδρῶν,
3689 3447 3791 3499 καὶ

2205 3542 2344 3613 ὑπὲρ
2385 3540 2544 3595 θείων
2574 3541 2754 3610 νόμων
2785 3540 3128 3609 διωκομένων
3157 3538 3224 3609 ἥν
3257 3539 3320 3591 σὺ
3351 3535 3630 3606 κατορθῶν
3682 3536 3789 3587 καὶ

2204 3635 2285 3698 είς
2333 3633 2503 3703 ὄνομα
2534 3632 2669 3685 Θεοῦ
2705 3632 3084 3703 θεραπόντων,
3136 3629 3278 3684 ἀλλὰ
3331 3630 3404 3699 μὴ
3450 3629 3516 3682 δι’
3548 3628 3685 3681 ἄλλο
3730 3646 3787 3679 τι

2202 3723 2328 3786 τοὺς
2361 3721 2526 3776 αὐτοῦ
2560 3721 2780 3790 ξενίζων
2822 3722 3028 3792 φίλους,
3068 3721 3270 3793 μᾶλλόν
3298 3737 3359 3773 τε
3392 3721 3640 3788 συνήσεις
3681 3718 3785 3769 τὸν

2202 3814 2556 3884 εὐαγγελικδν
2602 3814 2849 3885 χρησμὸν
2873 3854 2888 3879 ,
2916 3814 3169 3868 κάκεῖθεν
3201 3814 3456 3883 εὑρήσεις
3479 3812 3532 3862 τὸ
3571 3809 3781 3879 κέρδος

2212 3904 2289 3973 (ὣ
2336 3906 2804 3976 μακαριότητοςῐ)
2854 3906 2986 3958 πολὺ
3037 3904 3222 3975 μεῖζον
3270 3904 3303 3972 ἢ
3352 3903 3484 3956 κατὰ
3509 3901 3777 3970 διήγησιν

2210 3998 2389 4052 λόγου.

2791 4108 3015 4163 ΕΠΙΣΤ.
3047 4110 3187 4175 Acr.

2467 4203 2682 4270 nae.th
2704 4202 3112 4270 μητροπολίτῃ
3140 4202 3511 4269 Λαοδικείας.

1763 4313 2025 4362 Montacut.
2056 4313 2159 4375 (ep.
2192 4312 2302 4374 206,
2337 4328 2383 4376 p.
2417 4313 2548 4377 504).

607 4410 938 4483 Defatigatus
982 4429 1101 4467 sum
1146 4428 1369 4468 serenos
1415 4414 1531 4469 dies
1572 4414 1929 4479 numerando,
1971 4415 2099 4470 dum
2126 4419 2181 4481 1)

536 4514 690 4565 tuum
718 4504 1011 4560 adventum
1043 4515 1347 4576 exspectem
1378 4508 1505 4562 :sed
1535 4507 1753 4573 sudum,
1781 4516 1840 4561 ut
1872 4507 2105 4572 videtur,

534 4605 830 4668 tempestas
856 4597 949 4652 tibi
984 4596 1299 4667 fuitzquem
1327 4614 1456 4669 ergo
1488 4600 1778 4653 terminum
1808 4600 2108 4655 sortientur

533 4698 881 4758 tempestates
914 4698 1041 4744 tuae.

1054 4798 1272 4853 EPIST.
1314 4798 1577 4855 XXXVII.
1722 4883 1728 4889 ἢ

884 4892 1057 4948 Paulo
1092 4895 1432 4963 metropolitw
1461 4896 1747 4952 Laodiceae.

2281 4418 2546 4483 Ἕκαμον,
2570 4416 2667 4479 τὰς
2692 4414 2872 4478 εὐδίας
2894 4415 3238 4485 ἀναμετρῶν,
3268 4417 3363 4468 καὶ
3383 4415 3484 4486 τὴν
3508 4414 3609 4486 σὴν
3628 4433 3793 4487 περι-

2207 4508 2538 4579 ϐλεπόμενος
2575 4507 2793 4576 ἄφιξιν⁶
2821 4506 2956 4571 ἀλλ’,
2988 4507 3061 4569 ὡς
3096 4505 3260 4569 ἔοικε,
3302 4507 3578 4576 χειμῶνες
3610 4525 3700 4560 σοι
3740 4512 3793 4561 αἱ

2204 4597 2373 4651 εὐδίαι
2401 4596 2706 4666 γεγόνασιν.
2739 4596 2833 4659 Εἰς
2876 4597 3026 4648 ποῖον
3053 4590 3147 4648 οὐν
3190 4594 3296 4665 ἄρα
3339 4595 3513 4665 πέρας
3560 4596 3632 4648 τὰ
3682 4598 3795 4649 τῶν

2204 4692 2485 4763 χειμώνων
2516 4706 2596 4742 σοι
2624 4688 3087 4759 ἀποκριθήσεται;

2796 4797 3019 4850 ΕΠΙΣΤ.
3052 4798 3169 4850 ΛΖ’.

2462 4892 2674 4954 Παύλῳ
2702 4892 3111 4959 μητροπολίτῃ
3148 4887 3520 4953 Λαοδικείας.

1760 5009 2025 5063 Montacut.
2065 5011 2163 5069 (ep.
2191 5004 2300 5067 215,
2322 5019 2369 5067 p.
2396 5004 2528 5067 317).

494 5105 500 5113 “
604 5107 661 5163 Si
692 5108 864 5164 hiems
887 5124 997 5164 non
1026 5120 1161 5175 erat,
1180 5112 1247 5166 de
1262 5127 1367 5181 qua
1386 5110 1597 5165 dicebat
1620 5108 1894 5177 Servator,
1917 5111 2098 5177 Orate,

531 5217 593 5255 ne
619 5202 741 5272 fuga
768 5209 933 5255 vestra
964 5218 1056 5269 per
1076 5202 1295 5256 hiemem
1330 5204 1421 5270 fiat
1440 5205 1482 5266 ⁸,
1507 5202 1795 5256 verborum
1821 5202 1873 5255 in
1901 5211 1953 5257 te
1980 5204 2099 5257 hie-

531 5308 672 5346 mem
707 5294 1035 5351 concitarem
1064 5311 1076 5347 ε
1106 5294 1222 5349 Νοιι
1265 5294 1391 5348 novi
1422 5310 1545 5364 ego,
1592 5294 1768 5349 dicam
1812 5310 1963 5349 more
1995 5296 2101 5350 mi-

530 5381 678 5434 nime
699 5381 880 5446 amici,
911 5392 1016 5437 tam
1054 5383 1401 5453 longinquam
1436 5383 1953 5453 peregrinationem,
1979 5400 2100 5454 qua:

527 5473 750 5543 propius
783 5476 1025 5539 accedat,
1066 5476 1132 5528 ad
1165 5476 1377 5544 antiqui
1420 5475 1565 5529 illius
1621 5477 1771 5530 corvi
1798 5476 1979 5547 fugam
2012 5478 2098 5531 in-

527 5576 737 5617 cusare.
778 5560 873 5616 Sin
917 5563 1017 5617 alae
1044 5562 1141 5617 tibi
1187 5563 1367 5617 adsint
1409 5576 1589 5627 castar,
1618 5580 1768 5633 pura:
1812 5576 1868 5619 et
1898 5565 2096 5620 velocis

528 5653 813 5720 columine,
854 5668 1071 5708 sartum.
1116 5664 1317 5710 tectum
1361 5672 1603 5711 amorem
1669 5658 1866 5724 habeo,
1921 5659 2095 5714 hiems

526 5744 685 5815 plane
717 5748 872 5802 nihili
919 5757 1022 5813 est,
1062 5764 1161 5804 nec
1199 5749 1327 5820 quid
1373 5750 1515 5805 aliud
1557 5767 1719 5821 grave
1758 5770 1767 5805 :
1812 5754 1892 5809 sin
1939 5753 2090 5809 colli-

596 5907 619 5940 ’⁸
658 5907 847 5965 Matth.
894 5926 945 5976 Χ,
980 5911 1063 5965 41.
1149 5912 1168 5941 ⁸
1202 5911 1364 5966 Marc.
1408 5928 1524 5978 λιιι,
1575 5913 1657 5967 l8.

2280 5109 2337 5159 ΕΞ
2380 5107 2455 5178 μὴ
2483 5107 2688 5178 χειμὼν
2733 5103 2821 5177 ἦν,
2873 5108 3001 5177 περὶ
3032 5101 3093 5161 οῦ
3136 5109 3165 5160 ὁ
3206 5107 3396 5175 Σωτὴρ
3429 5105 3645 5173 ἔλεγεν,
3682 5106 3799 5158 Εὕα

2206 5204 2384 5271 χεσθε
2408 5201 2494 5269 μὴ
2525 5201 2799 5270 γενέσθαι.
2826 5201 2941 5268 τὴν
2968 5200 3173 5270 φυγὴν
3199 5198 3367 5270 ὑμῶν
3398 5199 3469 5251 ὲν
3496 5198 3761 5268 χειμῶνι
3780 5214 3797 5229 ο

2204 5294 2447 5363 χειμῶνα
2478 5294 2542 5347 ἄν
2572 5312 2654 5346 σοι
2692 5293 2864 5361 λόγων
2903 5292 3127 5355 δικαίως
3158 5292 3421 5361 ὲπέγειρα
3443 5306 3457 5320 ·
3490 5291 3599 5343 οὐκ
3631 5287 3761 5343 οἶδα
3781 5330 3797 5350 ,

2204 5366 2292 5438 tot;
2327 5383 2515 5453 ἄφιλον
2552 5384 2661 5455 ἐρῶ
2698 5383 2899 5454 τρόπον
2931 5382 2964 5454 ἢ
3004 5382 3102 5453 τὴν
3132 5381 3273 5435 οὕτω
3317 5380 3541 5449 μακρὰν
3577 5381 3800 5449 (17:05:;-

2209 5478 2359 5547 μίαν,
2390 5479 2485 5529 καὶ
2513 5476 2605 5530 τοῦ
2644 5476 2872 5533 παλαιοῦ
2915 5476 3147 5545 κόρακος
3182 5476 3389 5527 ἐκείνου
3426 5473 3602 5540 ἐγγὺς
3628 5474 3801 5538 γενέ-

2208 5569 2329 5621 σθαι
2373 5570 2827 5639 φιλονικήσασαν,
2867 5566 3210 5637 αἰτιώμενος.
3278 5564 3414 5616 Ἀλλ’
3461 5567 3510 5616 εἰ
3569 5563 3681 5633 μὲν
3740 5563 3802 5615 τὸ

2205 5662 2403 5730 πτερόν
2456 5678 2536 5714 σοι
2572 5660 2672 5729 τῆς
2707 5660 2876 5729 ἁγνῆς
2923 5660 3015 5711 καὶ
3066 5658 3312 5727 καθαρᾶς
3364 5656 3458 5707 καὶ
3505 5654 3799 5723 ὁξυπόριιυ

2204 5754 2550 5824 περιστερᾶς,
2600 5754 2833 5823 ἔρρωται
2874 5754 2969 5823 τῆς
3009 5750 3246 5821 ἀγάπης,
3278 5747 3430 5801 οὐδὲν
3466 5748 3492 5799 ὀ
3528 5748 3799 5817 χειμὼν,
