4044 6412
145 511 254 573 853

1293 503 1826 567 EPIS’l‘OLARUM
1866 505 2096 568 LIBER
2131 509 2213 569 II.
2295 491 2298 494 ’

3275 516 3383 578 δῦίί

140 621 332 688 ὥσπερ
355 616 478 670 οὐδέ
507 633 558 669 τι
587 614 731 669 ἄλλο.
763 613 828 667 Ei.
851 613 908 667 δέ
938 631 1061 667 τινα
1090 612 1336 682 θραῦσιν,
1370 614 1483 668 ἀλλ’
1515 615 1614 667 οὐκ
1641 613 1707 668 ἂν

1839 617 2014 672 ionem
2056 628 2109 673 et
2137 617 2547 684 anfractionem,
2573 622 2716 691 quod
2760 638 2868 676 non
2903 633 3054 692 puto,
3090 625 3220 678 nlud
3260 643 3377 696 per-

142 709 424 779 πεισθείην
477 709 671 772 ἐκεῖνο,
729 704 1020 769 πεπόνθοι,
1064 705 1275 775 ἀνάγκη
1322 706 1472 758 κάτω
1529 707 1710 774 μένειν

140 803 249 866 ἕως
285 800 348 854 ἂν
378 800 407 851 ό
433 800 635 868 τάρσος
669 797 830 851 πάλιν
880 795 1084 851 ἄνωθεν
1115 795 1387 866 βλαστήσῃ
1411 836 1426 858 ,
1459 797 1554 849 καὶ
1588 797 1709 868 μηδ’

139 897 198 947 ἐν
219 895 373 964 εὐδίᾳ
397 893 534 963 προς
563 891 710 962 ἡμᾶς
737 891 1181 961 μετεωρίζεσθαι.
1223 891 1362 944 Ἀλλ’
1387 890 1598 962 ἔρρωσό
1623 909 1712 962 μοι

139 986 234 1038 τὸν
274 985 417 1038 θεῖον
458 984 634 1054 ἔρωτα
677 982 876 1054 μᾶλλον
921 983 1014 1036 ἐπὶ
1045 985 1158 1046 τοῖς
1187 985 1472 1056 προτέροις
1515 1001 1712 1054 πτερο-

139 1079 380 1150 φυῶν,ἧ
423 1079 550 1142 τοὺς
596 1077 838 1149 ἀρχῆθεν
867 1077 962 1131 καὶ
1008 1077 1189 1141 καλῶς
1233 1076 1712 1148 προϐεϐλημένους

138 1171 379 1242 τάρσους
407 1169 650 1242 ῥαθυμίᾳ
671 1169 1152 1241 περιθραυόμενος.

737 1283 961 1336 ΕΠΙΣΤ.
995 1283 1125 1336 All'.

403 1377 619 1441 Παύλῳ
638 1375 1049 1446 μητροπολίτῃ
1075 1373 1443 1440 Λαοδικείας.

1807 709 1936 778 peti,
1972 724 2194 764 necesse
2226 719 2312 765 est
2352 710 2605 767 deorsum
2634 721 2693 766 ut
2734 713 3020 778 consistas,
3054 715 3229 770 donec
3278 716 3378 770 alae

1809 801 2167 865 excreverint,
2205 812 2259 857 et
2296 818 2366 857 ne
2394 803 2463 858 ad
2509 819 2608 858 nos
2649 805 2891 869 advoles,
2928 820 2997 860 ne
3045 821 3142 876 per
3181 806 3377 861 sudum

1809 892 2046 962 quidem.
2075 893 2181 948 Sed
2207 894 2407 959 valeas,
2442 895 2536 950 Dei
2573 911 2818 951 amorem
2847 896 3020 968 magis
3050 897 3229 952 adhuc
3265 911 3383 950 ma-

1810 985 1995 1055 gisque
2024 984 2354 1054 adurgendo,
2385 987 2564 1056 potius
2588 1003 2749 1057 quam
2773 997 2834 1041 ut
2861 988 2960 1042 ala:
2989 1003 3110 1057 quae
3135 988 3202 1042 ab
3226 988 3384 1044 initio

1818 1075 2016 1144 Optime
2045 1086 2396 1132 excreverant
2445 1093 2542 1148 per
2579 1079 2880 1133 socordiam
2929 1079 3128 1134 collisae
3171 1078 3385 1134 diﬁ‘rin-

1820 1175 2034 1236 gantur.

2328 1280 2546 1336 EPIST.
2591 1281 2882 1337 XXXVIII.

2152 1370 2321 1426 Paulo
2348 1371 2658 1428 Laodicensi
2695 1376 3060 1445 metropolitw.

1373 1471 1635 1522 Montaeut.
1673 1473 1773 1535 (ep.
1808 1470 1918 1532 220,
1954 1485 2002 1534 p.
2034 1469 2165 1532 528).

215 1569 355 1623 Οὔτε
393 1569 518 1632 τούς
561 1570 618 1622 ἐν
658 1569 836 1638 λόγοις
881 1567 1197 1640 ἀγνώμονας
1247 1571 1554 1641 εὐεργετεῖν
1599 1567 1716 1625 οἶδα

1888 1566 1994 1622 Nec
2023 1565 2344 1622 benefacere
2376 1566 2536 1621 dictis
2563 1567 2840 1637 improbos
2869 1568 3150 1633 scio,.licet
3174 1570 3257 1638 (ut
3279 1580 3392 1624 tute

141 1649 313 1732 λόγω,
353 1661 556 1732 καίπερ
597 1664 655 1715 ἐν
686 1665 800 1725 τοῖς
833 1661 1012 1725 ἄλλοις
1044 1663 1156 1732 (ὡς
1193 1662 1258 1716 ἂν
1302 1664 1463 1726 αὐτὸς
1514 1661 1712 1732 φαίης)

144 1750 581 1822 φιλοσοφώτερον
603 1750 734 1804 αὐτὸ
757 1751 1060 1823 θεωρήσας,
1077 1753 1198 1805 οὔτε
1221 1751 1576 1816 σολοικίζουσι
1601 1751 1716 1824 (νῦν

145 1844 257 1913 γὰρ
304 1843 358 1896 εί
380 1859 508 1896 ποτε
533 1883 548 1905 ,
582 1844 772 1914 καιρὸς
803 1845 894 1897 καὶ
927 1844 1020 1898 τοῦ
1057 1846 1278 1916 παῖξαι)
1331 1846 1566 1917 συνήθης
1597 1846 1715 1917 εἰμὶ

144 1934 454 1988 πείθεσθαι·
497 1935 603 2000 ἕως
631 1935 698 1990 ἂν
729 1931 821 1990 οὖν
851 1937 1161 2007 εὐχάριστοι
1197 1938 1294 2008 μὲν
1325 1940 1376 1992 οἱ
1405 1938 1718 2010 ἀγνώμονες

145 2030 514 2084 καταστῶσιν·
553 2033 601 2084 οἱ
628 2031 683 2084 δὲ
709 2033 835 2095 τούς
864 2033 1062 2096 καλοὺς
1093 2037 1236 2103 κακῇ
1268 2036 1518 2106 προφορᾷ
1545 2035 1723 2106 ῥημά-

143 2138 260 2174 των
285 2121 620 2192 αἰκιζόμενοι
649 2122 864 2192 λόγους,
904 2123 1126 2178 Ἐλλάδα
1154 2125 1398 2194 γλῶτταν
1424 2127 1523 2197 τῆς
1555 2128 1724 2194 ἀμου-

148 2213 275 2275 σίας
303 2211 636 2277 ἀλλάξωνται
657 2254 672 2279 ,
701 2215 800 2268 οὐκ
829 2216 894 2268 ἂν
922 2215 1062 2270 ἐκών
1088 2234 1152 2285 γε
1185 2213 1324 2271 εἶναι
1353 2218 1460 2271 τῶν
1491 2221 1589 2289 τῆς
1625 2222 1722 2290 ῥη-

144 2303 341 2375 τορίας
361 2305 559 2358 καινῶν
589 2307 902 2376 μυστηρίων
930 2308 1172 2371 ἐπόπτας
1198 2309 1528 2380 ποιήσωμαι·
1553 2311 1635 2363 διὸ
1659 2312 1722 2364 σύ

152 2395 256 2462 μὲν
285 2393 383 2463 τὴν
409 2393 654 2463 γλῶτταν
697 2395 969 2459 Ἀττικαῖς
999 2395 1249 2466 μελέταις
1270 2437 1286 2462 ,
1311 2400 1338 2451 ὁ
1373 2397 1429 2450 δὲ
1455 2399 1545 2461 σὸς
1573 2397 1724 2466 φίλος

150 2486 578 2558 εὐγνωμοσύνης
607 2486 852 2550 τελεταῖς
874 2529 889 2553 ,
920 2488 1019 2558 τὴν
1050 2475 1275 2561 γνώμην
1317 2490 1586 2561 καθάρας,
1630 2493 1728 2560 σὺν

150 2577 275 2648 Θεῷ
306 2579 470 2648 φάναι
497 2579 772 2645 τεύξοισθε
802 2579 910 2634 τῶν
939 2580 1306 2651 ποθουμὲνων.

757 2790 980 2843 ΕΠΙΣΤ.
1012 2789 1132 2843 ΛΘ’.

389 2883 654 2953 Ζαχαρία
667 2883 1073 2953 μητροπολίτῃ
1096 2880 1501 2950 Χαλκηδόνος.

1819 1658 2071 1725 allirmas)
2094 1658 2185 1728 qui
2214 1658 2382 1729 magis
2403 1658 2781 1729 philosophice
2801 1674 2917 1713 rem
2937 1661 3317 1730 complecteris
3334 1661 3387 1714 in

1822 1749 1938 1803 aliis
1969 1765 1982 1801 :
2015 1763 2192 1818 neque
2209 1747 2574 1803 solmcismum
2602 1749 3011 1811 admittentibus
3034 1750 3201 1820 (nunc
3225 1751 3392 1813 enim,

1825 1840 1868 1893 si
1898 1838 2056 1906 alias,
2087 1838 2302 1896 occasio
2330 1837 2547 1909 iocandi
2587 1838 2948 1909 ministratur)
2974 1840 3108 1894 mihi
3151 1842 3206 1895 in
3246 1856 3396 1894 more

1825 1931 2045 2000 ponitur
2087 1931 2464 2001 obtemperare
2497 1948 2510 1986 :
2545 1932 2787 2001 quandiu
2818 1932 2951 2003 grati
2987 1933 3272 1997 exsistant,
3306 1933 3398 2002 qui

1821 2032 1951 2077 sunt
1979 2032 2088 2078 tam
2119 2038 2379 2092 perverse
2411 2023 2612 2090 allecti,
2643 2032 2703 2078 ut
2731 2032 2786 2078 et
2816 2023 2956 2078 male
2984 2023 3262 2093 productis
3283 2039 3400 2077 ver-

1824 2116 1910 2171 bis
1943 2116 2247 2173 orationem
2276 2116 2500 2184 laedant,
2531 2118 2608 2173 ita
2645 2128 2706 2172 ut
2751 2118 2986 2189 linguam
3019 2117 3261 2174 Graecam
3297 2119 3400 2172 illie

1817 2207 1970 2262 terati
2005 2216 2335 2276 permutent,
2389 2209 2536 2263 haud
2580 2225 2679 2280 ego
2713 2210 2943 2264 libenter
2971 2210 3256 2264 admittam
3299 2226 3398 2265 eos

1820 2314 2084 2356 novorum
2110 2299 2391 2368 rhetorica:
2418 2302 2803 2370 mysteriorum
2829 2311 3080 2371 epoptas.
3113 2301 3193 2355 Tu
3226 2303 3400 2372 igitur

1819 2390 2054 2460 linguam
2081 2399 2227 2448 tuam
2255 2391 2664 2447 Atticismorum
2689 2394 3155 2457 meditationibus,
3186 2395 3418 2450 amicus.

1820 2487 2002 2544 autem
2035 2489 2160 2535 tuus
2199 2481 2357 2537 bonae
2393 2484 2766 2555 dispositionis
2804 2485 3098 2556 mysteriis,
3133 2486 3225 2540 ubi
3275 2487 3396 2540 ania

1823 2586 1970 2626 mum
2006 2573 2386 2642 purgaveritis,
2413 2588 2537 2629 cum
2573 2575 2718 2629 bono
2745 2573 2859 2629 Deo
2889 2575 3303 2644 consequemini
3343 2575 3403 2636 id

1825 2660 1969 2730 quod
2001 2661 2410 2732 concupiscitis.

2373 2795 2590 2850 EPIST.
2627 2795 2864 2852 XXXIX.

2073 2889 2348 2944 Zachariae
2379 2889 2721 2958 metropolin
2748 2889 3118 2945 Chalcedonis.

1387 2999 1652 3049 Montacut.
1681 3003 1780 3064 (ep.
1805 3003 1914 3064 221,
1950 3017 1996 3065 p.
2031 3004 2172 3067 529.)

228 3099 462 3170 Γράφεις
483 3103 630 3172 ἡμᾶς
672 3096 915 3169 γραφὴν,
948 3098 1014 3167 ἢν
1044 3068 1148 3149 κάν
1182 3093 1370 3165 ἐτέρου
1404 3095 1728 3166 γράφοντος,

154 3190 370 3253 δίκαιος
411 3190 570 3253 αὐτὸς
603 3185 745 3261 ἦσθα
775 3188 967 3242 τοῦτον
1014 3186 1230 3240 διώκειν
1267 3188 1454 3240 ἀδίκου
1492 3192 1727 3260 γραφῆς⁹

1901 3099 2085 3154 Dicam
2109 3101 2267 3155 nobis
2293 3101 2566 3167 inscribis,
2589 3118 2752 3172 quam
2785 3103 2829 3157 si
2856 3102 3003 3158 alius
3027 3099 3404 3171 inscripseratv

1829 3191 1897 3246 de
1933 3193 2028 3247 lite
2060 3193 2259 3263 injuste
2303 3194 2565 3248 intentata
2597 3194 2746 3247 illum
2791 3209 2901 3248 non
2936 3192 3211 3248 immerito
3245 3206 3408 3246 accu-
3467 3257 3471 3266 Ι

158 3281 258 3335 καὶ
279 3282 509 3351 γράφεις
538 3267 851 3349 ἀπολογίαν,
892 3279 1118 3349 μηδενός
1152 3295 1211 3330 σε
1237 3277 1524 3342 διώξαντος
1555 3279 1728 3349 δίκην·

1836 3299 2014 3350 sares;
2043 3294 2097 3338 et
2133 3286 2435 3355 apologiam
2478 3286 2674 3340 scribis
2699 3287 2854 3350 dicae,
2891 3300 3016 3340 cum
3049 3293 3102 3340 te
3133 3299 3294 3339 nemo
3321 3298 3410 3338 ac-

159 3373 256 3426 καί
295 3389 377 3425 τοι
415 3371 710 3441 συγγνώμη
756 3372 903 3424 πᾶσα
953 3373 1046 3422 καὶ
1076 3368 1361 3435 ἀπολογία,
1408 3369 1603 3439 μακρῷ
1657 3369 1734 3438 τῷ

163 3463 354 3534 μέτρω
374 3464 472 3533 τῆς
500 3461 829 3531 κατηγορίας
866 3460 1144 3528 διέστηκεν
1165 3474 1177 3486 ·
1222 3459 1280 3510 οὐ
1310 3458 1418 3526 γὰρ
1446 3457 1612 3520 ἐστιν,
1638 3458 1738 3512 οὐκ

158 3557 311 3608 ἐστιν
351 3554 500 3607 ἔλεον
531 3555 702 3606 αἰτεῖν
725 3592 740 3616 ,
769 3551 866 3604 καὶ
888 3550 1045 3618 λόγον
1079 3549 1429 3619 ἀδικημάτων
1461 3551 1734 3611 ἀπαιτεῖν.

161 3645 310 3698 ὥστε
349 3645 424 3716 μὴ
456 3645 719 3715 πρότερον
751 3643 928 3696 αἰτίαν
961 3641 1098 3712 ἔχων
1118 3659 1132 3672 ’
1163 3636 1321 3712 εὗρες
1358 3641 1738 3711 ἀπολογούμεο

162 3754 277 3801 νος,
333 3736 400 3789 δι’
458 3730 532 3790 ὧν
586 3737 814 3790 σεαυτὸν
883 3736 1240 3806 μακροτάτων
1302 3735 1476 3804 λόγων
1533 3734 1741 3799 ἔδειξας

163 3826 473 3898 χρεώστην·
495 3827 593 3880 οὐκ
615 3827 1032 3896 ἐπεκαλεσάμην
1053 3827 1209 3888 ὅλωςο
1238 3828 1332 3877 καὶ
1361 3825 1468 3878 τῶν
1488 3825 1740 3878 Αἰσώπου

161 3919 342 3988 λόγων
370 3919 523 3973 οὐδὲν
565 3918 937 3992 μετριωτέραν
975 3918 1087 3988 ὁρῶ
1128 3919 1225 3987 τὴν
1263 3917 1577 3985 ἀπολογίαν.
1628 3918 1741 3986 Οὐχ

161 4011 435 4080 ἥμαρτον,
463 4005 618 4080 οἶμαι
667 4011 760 4062 καὶ
793 4009 902 4060 τῶν
937 4010 1017 4069 είς
1063 4007 1360 4077 Σωκράτην
1401 4008 1742 4077 ἐμπαροινη-

168 4108 381 4158 σάντων
429 4106 921 4176 ἀναισχυντοτέραν
952 4104 1064 4175 ὁρῶ
1101 4103 1203 4174 τὴν
1238 4102 1572 4174 κατηγορίαν
1601 4120 1613 4134 ·
1647 4103 1743 4154 καὶ

167 4198 310 4267 ὑπὲρ
343 4198 440 4268 μὲν
472 4197 668 4250 σαυτοῦ
707 4199 786 4259 εἰς
819 4196 958 4268 ἀέρα
988 4196 1159 4265 δέρων
1189 4196 1530 4258 ἐπύκτευσας
1555 4236 1569 4262 ,
1618 4193 1742 4247 καθ’

168 4291 331 4362 ἡμῶν
379 4291 434 4343 δὲ
475 4293 599 4358 ὀξὺν
653 4291 750 4360 μὲν
796 4290 890 4348 καὶ
943 4288 1173 4359 σφοδρὸν
1212 4290 1300 4340 τὸν
1351 4287 1585 4359 δρόμον,
1625 4287 1742 4340 ἀλλ’

170 4381 448 4451 ἐπισφαλῆ
503 4384 598 4436 καί
658 4381 894 4435 ἀναίτιον
962 4379 1302 4451 διηγώνισαι.
1348 4380 1412 4433 Ἦ
1467 4381 1576 4450 γὰρ
1633 4380 1742 4434 τῶν

167 4474 407 4527 ἐπαίνων
449 4473 676 4546 αὖξησις
711 4476 771 4528 οὐ
821 4477 982 4545 μόνον
1025 4475 1176 4528 οὐδὲν
1206 4475 1625 4547 παραιτεῖσθαι,
1669 4469 1744 4530 ὧν

169 4564 482 4636 ὐϐρίσμεθα
505 4605 520 4630 ,
548 4565 685 4618 ἀλλά
712 4566 804 4618 καὶ
831 4566 922 4617 ἐπὶ
959 4565 1020 4622 τὸ
1051 4565 1235 4633 μεῖζον
1273 4564 1395 4632 ἄγει
1434 4564 1502 4616 τὰ
1545 4565 1745 4636 ἐγκλή-

1839 3383 2024 3450 cuset;
2055 3383 2201 3430 certe
2233 3376 2390 3429 venia
2418 3391 2579 3445 quam
2604 3376 2918 3447 longissime
2957 3376 3024 3430 ab
3063 3375 3409 3429 accusatione

1839 3468 2193 3536 distinguitur
2237 3484 2250 3520 :
2289 3483 2398 3522 non
2452 3474 2632 3537 potest
2667 3467 3096 3522 miscricordiam
3131 3474 3407 3534 expetere,

1839 3558 1931 3630 qui
1961 3559 2222 3613 rationem
2256 3560 2425 3631 exigit
2456 3567 2691 3629 accepta:
2721 3559 2957 3630 injuriae,
2986 3558 3090 3612 nisi
3116 3558 3268 3628 prius
3289 3572 3411 3611 rea-

1841 3657 1954 3701 tum
1984 3657 2349 3702 contraxerat.
2398 3647 2480 3702 Tu
2524 3649 2826 3719 apologiam
2864 3647 3227 3713 contexendo,
3259 3662 3411 3700 reum

1844 3749 1894 3793 te
1925 3738 2128 3808 prodis,
2154 3747 2208 3792 et
2247 3738 2581 3808 longissimae
2616 3739 2844 3792 rationis
2876 3735 3168 3792 reddenda:
3201 3734 3413 3788 debito-

1842 3846 1979 3885 rem.
2018 3830 2254 3886 Omnino
2293 3842 2344 3886 te
2394 3848 2502 3886 non
2548 3833 2836 3902 appellavi,
2893 3817 3413 3901 apologiam'nihilo

1843 3923 2259 3977 moderatiorem
2310 3922 2499 3993 {Esopi
2546 3925 2743 3978 fabulis
2791 3924 2997 3978 video:
3035 3922 3228 3991 opinor
3269 3920 3415 3980 haud

1845 4016 2080 4086 deliqui,
2130 4015 2532 4071 accusationem
2581 4016 2884 4070 institutam
2917 4015 3080 4069 video
3117 4013 3416 4067 vehemen-

1846 4109 2062 4173 tiorem,
2091 4124 2253 4177 quam
2293 4108 2507 4162 illorum
2539 4118 2675 4173 erat,
2698 4107 2789 4177 qui
2821 4107 2875 4160 in
2909 4091 3189 4164 Socratem
3219 4105 3418 4161 debac-

1844 4201 2164 4255 chabantur.
2210 4201 2290 4254 Tu
2332 4216 2461 4271 ergo
2501 4215 2682 4255 aerem
2726 4200 3023 4253 verberans
3071 4213 3170 4267 pro
3221 4197 3414 4266 teipsu,

1846 4299 2129 4363 concertas
2161 4291 2420 4346 adversus
2445 4307 2552 4355 mc,
2581 4306 2744 4346 cursu
2774 4290 2968 4353 veloci,
2995 4289 3090 4345 sed
3117 4288 3329 4342 lubrico
3360 4295 3417 4341 et

1848 4385 2054 4436 incerto
2096 4382 2424 4436 contendisti
2472 4382 2648 4435 valide
2683 4399 2695 4433 :
2730 4381 3102 4449 laudationum
3148 4378 3416 4448 siquidem

1847 4471 2216 4527 exercseentia
2246 4489 2352 4526 non
2388 4472 2550 4526 modo
2569 4471 2707 4532 nihil
2732 4479 2954 4526 excusat
2981 4470 3338 4524 contumelias
3365 4469 3418 4530 in

1848 4579 1935 4618 me
1957 4565 2148 4634 iactas,
2175 4565 2268 4620 sed
2291 4564 2665 4618 accusationes
2695 4564 2970 4620 institutas
2999 4563 3230 4633 adauget
3276 4560 3420 4614 Con-

170 4673 341 4726 ματα.
391 4656 654 4710 Πίπτουσι
690 4657 786 4727 μὲν
829 4655 936 4724 γὰρ
971 4655 1232 4725 γεωργοὶ,
1261 4655 1354 4708 καὶ
1394 4654 1617 4734 ναῦται,
1651 4656 1734 4708 acati

1849 4657 2040 4712 cidunt
2074 4655 2273 4722 coloni,
2313 4666 2529 4720 nautae,
2580 4656 2816 4719 milites,
2867 4671 3140 4724 caupones
3168 4671 3181 4706 :
3208 4653 3252 4706 si
3297 4653 3420 4722 quis

171 4747 533 4818 στρατιῶται,
596 4748 692 4802 καὶ
751 4746 1192 4819 παλιγκάπηλον
1249 4747 1361 4800 ἀλλ’
1400 4749 1493 4803 ὲάν
1545 4764 1629 4810 τις
1681 4747 1743 4800 τὸ

167 4839 399 4892 ἐκείνων
430 4838 631 4909 πτῶμα
689 4840 828 4911 φίλῳ
857 4840 1116 4912 ἀληθείας
1143 4839 1434 4910 περιάπτοι
1461 4879 1475 4902 ,
1518 4839 1551 4909 ἢ
1582 4855 1745 4908 στρα-

167 4929 343 5000 τηγῷ,
380 4930 413 5001 ἢ
444 4931 691 5002 ἀρχιερεῖ
720 4933 875 4998 Θεοῦ,
916 4933 949 5003 ἢ
992 4933 1176 4994 ἁπλῶς
1217 4931 1371 5002 ἀνδρὶ
1399 4932 1507 4986 τῶν
1536 4930 1744 4984 πολλῶν

169 5022 291 5082 ταῖς
317 5021 545 5089 ἀρεταῖς
567 5021 627 5074 τὸ
651 5021 926 5094 ἐξαίρετον
943 5023 1143 5092 ἔχοντι,
1173 5022 1356 5092 βαϐαὶ,
1383 5022 1566 5092 ἡλίκον
1593 5015 1745 5084 οὗτος

168 5109 259 5164 διὰ
308 5112 560 5182 μηχανῆς
599 5114 1020 5176 κατασκευάζων
1053 5114 1344 5182 ἀποφαίνει
1375 5112 1434 5166 τὸ
1462 5111 1742 5183 ἀτόπημα.

173 5203 335 5257 Οὕτω
363 5207 480 5268 τοῖς
507 5205 770 5274 ἐπαίνοις,
797 5206 873 5269 ὡς
897 5207 1158 5264 ἀνωτάτω
1185 5209 1366 5278 φέρων
1391 5208 1560 5278 ἡμᾶς.
1584 5209 1663 5272 είς
1691 5209 1749 5261 τὸ

174 5294 480 5366 βαθύτατον
525 5297 757 5370 ἔρριψας
776 5315 789 5327 ·
843 5298 1042 5369 ἄνδρας
1073 5301 1404 5374 ἐπηρεάζειν
1440 5303 1585 5371 ἡμᾶς
1608 5341 1622 5364 ,
1653 5303 1750 5354 καὶ

172 5388 367 5450 κακῶς
405 5391 579 5443 ποιεῖν
600 5430 616 5456 ,
650 5387 1006 5460 αἰτιώμενος,
1041 5389 1120 5454 οἷς
1162 5393 1316 5445 οὐδὲν
1347 5392 1524 5454 αἰτίας
1558 5392 1746 5445 διαπὲ-

174 5498 424 5552 πρακται
443 5496 456 5510 ο
496 5481 590 5534 καὶ
613 5481 735 5535 τότε
774 5483 1078 5553 συμφοραῖς
1105 5482 1344 5552 μυρίαις,
1377 5485 1470 5537 καὶ
1493 5484 1553 5536 τὸ
1582 5483 1748 5552 βαρύ-

176 5590 362 5633 τατον.
387 5573 529 5644 ὑπὲρ
550 5573 824 5644 ἀληθείας,
845 5575 1164 5644 περιαντλου
1173 5575 1385 5644 μένους,
1411 5575 1504 5627 καὶ
1523 5574 1748 5640 πάντας,

179 5663 290 5716 τῶν
326 5662 518 5718 παθῶν
546 5663 624 5734 τῷ
658 5665 911 5736 μεγέθει,
934 5665 1029 5719 καὶ¹
1058 5667 1255 5728 αὐτοὺς
1286 5668 1412 5730 τοὺς
1441 5664 1752 5734 ἐπιτιθεμέ-

182 5770 310 5816 νους
338 5756 420 5818 εἰς
443 5755 593 5811 ἔλεον
622 5756 899 5822 ἕλκοντας.
927 5759 1022 5822 Τίς
1054 5760 1162 5828 γὰρ
1193 5761 1221 5812 ὁ
1253 5761 1364 5820 τοῖς
1391 5757 1750 5829 τηλικούτοις,

181 5842 245 5898 οὐ
274 5842 418 5912 λέγω
447 5843 656 5916 θλίψεις
697 5848 946 5914 ἐπινοῶν,
976 5847 1110 5900 ἀλλά
1144 5848 1217 5918 μὴ
1253 5847 1358 5902 καὶ,
1379 5849 1578 5917 σφόδρα
1620 5864 1752 5917 καμ-

185 5935 480 6010 “ﬁam”!
505 5940 605 5994 οὐκ
631 5940 830 6009 ἄδικος,
866 5942 962 5996 οὐκ
987 5941 1155 6011 ὠμὸς,
1185 5942 1244 5994 οὐ
1268 5941 1354 5993 τὸν
1388 5942 1507 5994 νοῦν
1542 5944 1630 5995 καὶ
1659 5943 1754 6011 τὴν

1846 4764 2036 4804 eorum
2053 4749 2236 4818 lapsus
2251 4756 2377 4804 ante
2394 4747 2672 4803 veritatem
2701 4756 2869 4812 amat,
2895 4746 3020 4802 duci
3041 4746 3123 4799 vel
3144 4744 3420 4800 sacerdoti

1849 4841 1942 4896 Dei
1969 4840 2258 4911 appendat,
2293 4846 2386 4898 aut
2408 4840 2712 4910 cuicunque
2742 4839 2943 4893 virtute
2969 4836 3248 4908 praestanti
3275 4835 3417 4898 viro,

1848 4946 2020 5000 papa),
2055 4947 2217 5001 quam
2246 4932 2539 4995 absurdum
2571 4931 2658 4985 ille
2699 4939 2756 4985 et
2795 4929 3160 4990 machinatur,
3215 4937 3270 4982 et
3308 4943 3424 4981 ma-

1848 5023 2056 5076 chinari
2092 5024 2474 5085 convincitur:
2521 5032 2579 5077 tu
2603 5023 2683 5076 sic
2711 5021 2965 5075 laudibus
2993 5035 3080 5074 me
3111 5019 3168 5073 in
3191 5019 3424 5074 sublime

1850 5113 2104 5174 ell‘erens,
2137 5113 2190 5167 in
2223 5114 2551 5184 profundum
2575 5112 2796 5184 mergis,
2816 5126 3048 5165 causans
3064 5126 3153 5165 me
3169 5110 3425 5165 homines

1851 5208 2113 5261 conviciis
2146 5207 2357 5262 allicere
2400 5217 2456 5261 et
2497 5207 2554 5260 in
2601 5221 2666 5261 eo
2712 5204 3053 5271 malefacere,
3102 5205 3195 5275 qui
3240 5212 3424 5260 tamen

1852 5309 2006 5355 extra
2053 5299 2267 5370 culpam
2323 5315 2462 5364 sum,
2507 5299 2600 5368 qui
2649 5297 2954 5352 innumeris
3001 5297 3422 5360 calamitatibus.

1853 5392 1998 5462 quod
2031 5391 2218 5447 dolens
2247 5391 2389 5455 dico,
2413 5405 2513 5460 pro
2542 5389 2774 5446 veritate
2816 5389 3131 5452 exhaurior,
3171 5389 3264 5460 qui
3303 5403 3422 5444 om-

1852 5487 2006 5540 nium
2041 5484 2322 5556 passiones
2353 5483 2616 5554 gravitate
2639 5484 2890 5550 vicerim,
2921 5493 2978 5539 et
3003 5484 3150 5556 ipsos
3173 5481 3424 5541 inimicos

1853 5577 1989 5630 mihi
2028 5575 2354 5631 insultantes
2400 5576 2455 5629 in
2497 5576 2928 5632 misericordiam
2973 5576 3234 5632 ﬂexerint.
3290 5572 3425 5638 Quis

1855 5669 2072 5735 talibus,
2096 5683 2208 5724 non
2238 5667 2411 5724 dicam
2442 5669 2762 5726 aﬂlictiones
2785 5670 3119 5741 excogitans,
3137 5683 3246 5721 non
3271 5664 3426 5718 valde

1857 5760 2186 5827 inﬂectetur,
2217 5761 2262 5816 si
2303 5761 2561 5832 injustus,
2591 5763 2814 5829 crudus,
2860 5761 3116 5822 crudelis.
3162 5758 3428 5814 barbarus

1860 5867 1964 5905 non
1997 5849 2084 5911 sit,
2119 5850 2163 5903 si
2191 5866 2298 5904 non
2323 5867 2539 5905 omnem
2569 5853 2643 5906 illi
2678 5851 2998 5906 rationalem
3040 5859 3092 5903 et
3125 5850 3425 5902 humanum

1859 5955 2077 5996 sensum
2103 5948 2338 6012 potestas
2367 5959 2476 6000 non
2503 5939 2937 6014 exspectoravit?
2962 5938 3037 5994 lla
3068 5941 3156 6006 sit,
3183 5938 3424 6012 inqnics,
