4004 6430
573 401 680 465 855
1681 393 1942 455 ΡΗΟΤΙΙ
1980 391 2154 450 PATF

2233 392 2476 452 lRCH/E
2513 396 2621 455 (ΞΡ.
3687 386 3814 454 856

573 520 670 575 sed
700 529 753 575 te
785 518 1025 588 oportuit
1054 532 1140 571 me
1169 524 1418 572 vocatum
1457 510 1721 568 consolari
1756 529 1769 564 :
1801 518 1913 573 aut,
1946 508 2135 561 saltem

2238 510 2398 577 φύσιν
2432 510 2724 582 βάρϐαρος,
2758 513 2820 563 ού
2846 512 3025 564 πᾶσαν
3054 507 3456 581 περιῃρημένος
3481 506 3710 576 λογικήν
3744 523 3814 558 τε

574 610 630 663 in
670 610 945 676 secundis,
984 609 1168 663 sinon
1212 606 1370 671 illud,
1413 602 1726 674 permittere
1760 610 1821 655 ut
1853 599 2062 654 avolem
2105 613 2136 652 e

2237 602 2331 655 καὶ¹
2352 602 2721 674 ἀνθρωπίνην,
2754 602 2893 672 μετά
2917 602 3017 672 τῆς
3038 602 3319 670 δυνάμεως
3347 599 3634 670 αἶσθησινς
3663 596 3814 652 εἷεν.

574 702 827 771 vestigio.
858 701 1060 757 Horum
1092 707 1345 753 neutrum
1397 710 1520 750 cum
1568 694 1844 755 succedat,
1887 706 1984 745 cur
2024 705 2135 744 non

2249 692 2387 744 Ἀλλ’
2425 691 2533 745 εδει
2566 708 2649 757 σε,
2679 692 2844 762 φησὶ,
2879 689 3386 761 μετακαλεσάμενόν
3429 706 3497 759 με
3534 688 3815 759 ψυχαγω-

572 810 665 850 me
707 796 933 849 summis
977 791 1133 847 malis
1169 790 1470 859 immergat,
1511 797 1566 841 et
1596 784 1813 841 vivendi
1852 783 2035 839 odium
2074 798 2137 836 ac

2236 781 2421 851 γῆσαιο
2451 779 2483 851 ἦ
2509 783 2559 834 εἰ
2590 782 2665 851 μὴ
2694 780 2851 833 τοῦτο
2870 820 2885 847 ,
2915 780 2975 833 τὸ
3004 778 3136 847 γοῦν
3163 777 3437 847 δεύτερον,
3465 776 3815 849 ὡρμημένον

575 884 826 938 timorem
868 880 1066 937 faciat?
1107 882 1225 945 Ast,
1270 895 1303 934 o
1354 880 1516 939 bone,
1562 886 1621 931 tu
1668 884 1724 930 et
1780 874 2043 938 virtuose,
2089 872 2135 927 si

2235 873 2520 943 ἐπιτρέψαι
2548 872 2991 943 παραγενέσθαι*
3018 871 3080 924 τδ
3105 871 3163 924 δὲ
3197 870 3488 941 μηδέτερον
3525 868 3814 939 προϐῆναι

575 974 811 1043 ignoras,
843 972 986 1043 quod
1014 987 1101 1026 me
1122 970 1568 1042 persequentium
1598 967 1751 1023 furor
1771 967 1827 1021 in
1850 982 1936 1021 me
1959 965 2136 1022 eﬂ‘un-

2234 969 2457 1032 τούτων,
2492 966 2608 1029 πῶς
2634 965 2694 1019 ού
2726 968 2841 1029 τοῖς
2867 967 3113 1035 ἐσχάτοις
3146 982 3213 1035 με
3244 962 3552 1033 περιϐάλλει
3578 961 3809 1023 κακοξ,

575 1063 743 1129 ditur,
776 1064 819 1117 si
852 1078 987 1132 quas
1030 1070 1248 1116 struunt
1294 1062 1496 1129 ubique
1534 1059 1635 1115 soli
1684 1067 1740 1114 et
1776 1058 1874 1113 sali
1913 1057 2135 1112 insidias

2234 1057 2483 1130 καὶιπρδς
2518 1061 2672 1129 μῖσος
2708 1058 2908 1126 ἀπάγει
2936 1057 3032 1111 καὶ
3065 1055 3232 1110 αὐτοῦ
3254 1055 3348 1109 τοῦ
3379 1054 3511 1125 ζῇν;
3557 1052 3733 1117 Ἀλλ’,
3762 1045 3811 1105 ὧ

575 1154 714 1209 forte
755 1154 823 1209 ad
854 1154 988 1207 alios
1032 1161 1325 1223 praetextus
1360 1160 1677 1206 convertere
1712 1149 1890 1219 possis
1931 1150 2134 1202 oratio-

2235 1152 2367 1204 καλὲ
2411 1151 2503 1204 καὶ⁵
2544 1151 2744 1219 ἀγαθὲ,
2775 1153 2825 1204 εἰ
2874 1150 2971 1221 μὲν
2998 1149 3237 1218 ἠγνόεις,
3267 1148 3365 1217 ὅση
3406 1146 3526 1199 καθ’
3559 1144 3730 1213 ἡμῶν
3772 1143 3810 1204 ἡ

574 1261 721 1307 nem.
752 1246 893 1315 quod
924 1254 1039 1299 tute
1064 1244 1159 1299 tibi
1200 1253 1413 1298 struere
1454 1243 1711 1306 volueris,
1755 1249 1811 1295 et
1848 1255 1959 1295 non
2000 1239 2133 1293 insi-

2234 1242 2387 1311 κοινὴ
2416 1241 2523 1295 τῶν
2548 1241 2850 1295 διωκόντων
2894 1240 3118 1310 κέχυται
3151 1239 3343 1299 λύσσα,
3380 1237 3472 1288 καὶ
3504 1234 3624 1296 οἵας
3656 1250 3810 1283 παν-

570 1337 801 1400 mulare,
838 1352 959 1392 cum
984 1335 1127 1405 quod
1170 1334 1364 1406 diligar
1394 1349 1505 1388 non
1543 1331 1818 1386 redamem
1858 1350 1873 1386 :
1910 1339 1966 1385 at
2009 1345 2132 1386 cum

2233 1333 2398 1403 ταχοῦ
2448 1333 2551 1402 γῆς
2600 1330 2785 1402 σχεδὸν
2844 1330 2938 1385 καὶ
2992 1328 3292 1399 θαλάσσης,
3345 1326 3443 1389 τὰς
3500 1322 3810 1383 ἐπιϐουλὰς

571 1430 907 1499 experientia
946 1431 1061 1484 haec
1101 1429 1263 1493 scias,
1292 1438 1347 1482 et
1374 1426 1571 1481 litteris
1595 1441 1657 1480 ea
1695 1425 1897 1495 tragice
1947 1438 2131 1492 perse-

2238 1424 2444 1488 ίστῶσι,
2470 1425 2563 1477 καὶ
2582 1424 2649 1475 τά
2675 1422 2887 1492 ἔνεδρα,
2916 1422 3058 1489 τάχα
3086 1421 3153 1474 ἂν
3179 1421 3259 1482 εἰς
3295 1416 3459 1477 ἄλλας
3485 1413 3808 1485 προφάσεις

570 1521 771 1590 quaris,
803 1530 917 1575 tum
966 1520 1185 1575 demum
1226 1534 1445 1575 causam
1491 1517 1753 1574 sciscitari
1795 1531 1893 1571 cur
1933 1525 1986 1570 te
2023 1531 2133 1569 non

2234 1515 2389 1584 ἔσχες
2418 1513 2572 1583 λόγον
2615 1514 2905 1584 ἀναφέρειν
2926 1552 2941 1577 ,
2971 1505 3048 1565 ὧν
3078 1509 3329 1574 ἐϐούλου,
3363 1508 3462 1576 τὴν
3491 1505 3806 1575 ἀποτυχίαν

569 1608 897 1673 advocarim,
935 1623 1038 1662 nec
1091 1608 1377 1661 annuerim
1419 1613 1480 1660 ut
1508 1605 1758 1669 accedas,
1797 1618 1921 1659 cum
1948 1603 2001 1657 id
2035 1618 2134 1657 cu-

2234 1606 2329 1658 καὶ
2359 1604 2773 1667 ἐπαιτιᾶσθαιγ,
2812 1605 2896 1656 ὃτι
2941 1602 3014 1673 μὴ
3048 1601 3259 1671 στέργω
3300 1599 3693 1669 στεργόμενος⁶
3739 1593 3807 1647 τὸ

566 1714 746 1769 per-es;
779 1715 888 1753 non
933 1708 1017 1754 est
1066 1698 1311 1753 hominis.
1350 1711 1567 1752 causam
1609 1709 1738 1750 vere
1783 1694 2131 1762 requirentis,

2232 1697 2289 1751 δὲ
2312 1697 2406 1750 καὶ
2429 1695 2716 1764 γινώσκειν
2741 1695 2875 1765 αὐτῇ
2906 1694 3072 1763 πείρᾳ
3090 1689 3283 1757 ταῦτα,
3308 1689 3404 1743 καὶ
3426 1685 3805 1759 ἐπιτραγῳδεῖν

569 1789 665 1844 sed
695 1790 979 1844 veritatem
1026 1788 1097 1842 ob
1145 1787 1333 1842 oculos
1359 1794 1667 1841 versantem
1716 1783 2037 1855 negligentis
2076 1792 2131 1836 et

2234 1791 2337 1843 κάν
2364 1792 2475 1851 τοῖς
2507 1788 2859 1859 γράμμασιν,
2894 1781 3013 1839 εἷτα
3045 1783 3226 1853 ζητεῖν
3263 1780 3439 1834 αἰτίαν
3472 1778 3675 1847 ἄλλην,
3710 1776 3804 1828 διὰ

569 1888 860 1950 praetextus
888 1878 1263 1950 excogitantis,
1314 1893 1413 1948 per
1465 1891 1601 1946 quos
1637 1890 1746 1929 non
1790 1873 2129 1943 impudenter

2231 1883 2283 1936 τί
2331 1878 2407 1951 μὴ
2458 1844 2857 1950 μέὲάτὲέμπτάᾴ
2903 1894 2962 1930 σε
3011 1844 3393 1943 πεποίημεθα,
3444 1870 3565 1940 μηδ’
3597 1844 3802 1920 ⁷ἐλθεῖν

568 1972 803 2026 videaris
832 1986 921 2025 me
949 1979 1006 2025 et
1051 1971 1119 2025 de
1150 1970 1294 2039 iusta
1327 1983 1489 2022 causa
1523 1975 1773 2022 tractare.
1823 1963 1931 2018 Sed
1970 1978 2129 2018 scena

2228 1972 2519 2044 ὲζητηκότι
2547 1969 2969 2040 κατενεύσαμεν·
3000 1967 3062 2020 ού
3093 1964 3377 2037 ζητοῦντός
3410 1962 3557 2014 ἐστιν
3587 1960 3799 2021 αἰτίαν,

568 2071 624 2117 et
653 2064 922 2117 theatrum
949 2063 1003 2116 in
1035 2077 1134 2116 nos
1158 2069 1489 2116 commotum
1520 2060 1592 2113 ita
1615 2056 1861 2112 consedit
1885 2072 1898 2109 :
1934 2064 2128 2110 extera

2227 2061 2363 2118 ἀλλὰ
2391 2061 2488 2134 τὴν
2515 2060 2883 2132 ἀληθεστάτην
2928 2057 3022 2112 καὶ
3052 2056 3157 2127 πρὸ
3185 2054 3479 2125 ὀφθαλμῶν
3501 2048 3800 2120 παρορῶν-

567 2153 712 2221 quod
744 2153 954 2215 attinet,
981 2151 1321 2207 sedulitatem
1351 2151 1509 2205 video
1541 2149 1818 2219 pueriliter
1843 2147 2123 2214 libantem;

2225 2173 2317 2221 τος
2337 2197 2352 2221 ,
2382 2155 2477 2209 καὶ
2507 2152 2809 2225 προφάσεις
2857 2147 3352 2219 ἐκμηχανωμένου,
3386 2146 3455 2199 δι’
3485 2137 3559 2197 ὧν
3592 2143 3650 2195 ού
3696 2140 3800 2209 μὶν

566 2244 931 2313 dejectionem
982 2244 1035 2297 in
1095 2243 1263 2297 risum
1316 2256 1527 2295 versam
1578 2240 1841 2310 lacrymas
1897 2238 2124 2292 chorum

2226 2244 2319 2303 οὖν
2350 2247 2449 2300 ούκ
2475 2244 2698 2315 ἔχοντας
2729 2242 2908 2296 αἰτίαν
2939 2241 3140 2307 δόξαις,
3183 2239 3286 2292 ούκ
3321 2238 3387 2292 ἂν
3416 2233 3797 2304 ἀναισχύντως

564 2334 832 2391 comicum
867 2336 1189 2389 cantitantes
1221 2351 1235 2387 :
1267 2348 1393 2387 nam
1428 2346 1548 2402 quae
1581 2330 1925 2401 contigerunt
1970 2329 2127 2399 plan-

2226 2339 2345 2393 λίαν
2377 2337 2565 2400 κακῶς
2607 2335 2755 2407 ἡμᾶς
2801 2334 2995 2386 εἰπεῖν.
3058 2330 3197 2384 Ἀλλ’
3245 2331 3281 2398 ἡ
3332 2327 3431 2398 μὲν
3474 2326 3604 2395 περὶ
3640 2324 3797 2393 ἡμᾶς

564 2442 713 2497 gere,
752 2433 807 2480 et
855 2424 921 2479 ad
969 2427 1271 2495 passiones,
1317 2422 1560 2486 morbos,
1607 2419 1879 2474 fortunam
1921 2418 2125 2474 referre

2228 2429 2419 2501 σκηνὴ,
2450 2430 2544 2483 καὶ
2577 2427 2637 2481 τὸ
2667 2425 2892 2496 θέατρον
2915 2465 2930 2489 ,
2963 2422 3215 2491 τοιαύτην
3247 2419 3405 2490 ἔλαχε
3448 2414 3550 2487 τὴν
3580 2412 3796 2467 ὑποϐά-

562 2519 757 2573 anima:
782 2516 1042 2571 indicium
1074 2523 1157 2570 est
1180 2513 1530 2585 deplorantis,
1562 2521 1619 2567 et
1645 2513 1854 2567 sincere
1877 2520 2124 2581 satagen-

2225 2519 2379 2590 θρανο
2407 2522 2474 2571 τὰ
2503 2517 2549 2572 δ’
2574 2516 2728 2582 ἄλλα,
2772 2512 3004 2584 σπουδὴν
3036 2511 3145 2580 δρῶ
3176 2507 3363 2563 παιδία
3395 2502 3793 2573 σπενδομὲνην,

562 2610 653 2675 tis,
696 2618 756 2664 ut
796 2609 949 2675 labes
987 2616 1293 2662 contractas
1328 2606 1589 2660 eluat:at
1636 2602 1921 2669 alllrmare,
1978 2604 2122 2658 hunc

2224 2610 2318 2664 καὶ
2354 2610 2652 2679 κατήφειαν
2702 2606 2936 2675 γέλωτι,
2976 2603 3072 2655 καὶ
3113 2600 3358 2670 κωμικὸν
3398 2596 3558 2668 χορὸν
3592 2595 3795 2665 ᾅδοντα

558 2700 891 2769 deliquisse,
948 2698 1113 2753 alium
1159 2712 1283 2751 eum
1327 2695 1619 2749 defendere
1670 2702 1997 2758 conantem,
2052 2707 2122 2747 ne

2220 2703 2449 2773 δάκρυα.
2480 2699 2556 2752 Τὸ
2587 2698 2685 2769 μὲν
2717 2697 2823 2765 γὰρ
2852 2692 3135 2765 ὀδύρεσθαι
3161 2691 3231 2744 τὰ
3256 2688 3665 2760 συμϐεϐηκότα,
3694 2687 3792 2740 καὶ

557 2792 732 2847 dicam
766 2809 780 2846 :
813 2792 1084 2857 Quorsum
1142 2797 1194 2842 te
1246 2787 1487 2858 exagitas
1537 2800 1632 2853 pro
1667 2785 1807 2847 alio,
1857 2784 1989 2853 quid
2033 2798 2121 2838 res

2221 2795 2359 2864 πρὸς
2388 2791 2532 2861 πάθη
2562 2790 2657 2843 καὶ
2692 2788 2880 2850 νόσους
2912 2786 3008 2839 καὶ
3039 2784 3211 2853 τύχας
3242 2782 3631 2851 καταφεύγειν,
3684 2781 3790 2848 ψυ-

554 2900 827 2954 ργοεροιυαι
859 2882 1003 2947 illius
1039 2890 1091 2936 te
1145 2878 1468 2949 respiciunt,
1510 2876 1601 2946 qui
1665 2892 1772 2931 non
1801 2878 2115 2932 relationem

2220 2884 2323 2956 χ’ἡς
2355 2886 2501 2936 ἐστιν
2526 2878 2949 2951 ὀλοφυρομένης,
2976 2876 3072 2931 καὶ
3103 2872 3509 2943 σπουδαζούσης
3541 2870 3787 2940 ἀληθῶς·

553 2975 719 3029 habet
750 2974 815 3029 ad
856 2972 945 3028 te?
975 2970 1236 3026 Permitte
1274 2969 1423 3022 illum
1452 2968 1623 3022 reatui
1654 2983 1755 3022 suo
1798 2986 1811 3022 :
1847 2978 1903 3023 et
1929 2968 1975 3022 si
2019 2967 2117 3023 tibi

2219 2978 2272 3030 εί
2298 2994 2350 3030 τι
2380 2975 2475 3029 καὶ
2508 2972 2839 3045 προσείληφε
2878 2970 2987 3023 τῶν
3018 2968 3251 3039 κηλίδων
3281 2963 3675 3034 ἀπονίψασθαι.
3716 2962 3789 3014 Ίὺ

552 3065 818 3135 torqueri,
855 3061 1151 3126 verberari,
1179 3061 1291 3131 pati
1320 3076 1441 3130 quae
1466 3060 1686 3132 dignum
1717 3069 1801 3115 est
1827 3076 1951 3115 eum
1977 3060 2112 3131 pati,

2216 3068 2261 3122 δ’
2300 3067 2459 3121 ἄλλον
2488 3066 2585 3136 μὲν
2617 3064 2796 3131 λέγειν
2826 3061 2915 3115 τὸν
2939 3058 3298 3130 ἀμαρτηκότα
3317 3098 3332 3121 ,
3373 3058 3563 3126 ἓτερον
3596 3054 3655 3107 δὲ
3699 3054 3792 3105 τὸν

552 3154 644 3223 qui
689 3153 742 3207 in
783 3162 835 3208 te
878 3151 1135 3207 malitiem
1176 3150 1438 3214 exercuit,
1506 3159 1562 3205 et
1633 3149 1887 3203 virtutem
1945 3149 2113 3219 ipsam

2218 3158 2359 3229 ύπέρ
2395 3156 2604 3210 ἐκείνου
2642 3154 2889 3221 λέγοντα,
2938 3150 3027 3204 ἵνα
3078 3150 3155 3220 μὴ
3197 3149 3340 3217 λέγω
3378 3147 3536 3209 τέως.
3578 3144 3647 3202 Ἐξ
3697 3140 3792 3196 οὖν

550 3241 897 3297 contumeliis
933 3238 1111 3293 aﬂecit
1158 3256 1171 3291 :
1225 3253 1295 3293 ne
1334 3239 1537 3309 aliquid
1581 3238 1888 3307 huiusmodi
1934 3242 2115 3310 profe-

2219 3250 2358 3319 ὑπὲρ
2389 3246 2575 3318 ἐτέρου
2616 3246 2836 3308 κόπτεις
2875 3243 3132 3308 σεαυτύν;
3178 3242 3231 3294 τί
3272 3240 3329 3293 δέ
3371 3255 3453 3293 σοι
3497 3237 3653 3307 μέλει
3694 3236 3790 3288 τοῦ

549 3350 664 3389 ram
707 3335 783 3402 (in
836 3333 1058 3388 ludicris
1103 3330 1246 3386 serio
1291 3330 1558 3401 agendum
1606 3346 1717 3385 non
1765 3331 1890 3399 est),
1935 3339 2113 3384 tamen

2216 3339 2355 3394 κατὰ
2386 3337 2551 3411 μηδέν
2598 3354 2680 3389 σοι
2710 3336 3109 3406 προσήκοντος;
3137 3334 3238 3388 Ἔα
3270 3331 3456 3385 τοῦτον
3488 3334 3547 3384 ἐν
3577 3331 3790 3391 αἰτίαις

548 3440 843 3496 οοηετυιιῐη
885 3432 989 3490 δεῖν
1026 3431 1085 3476 ιη
1118 3421 1175 3476 id
1205 3437 1395 3477 omnes
1450 3420 1739 3485 amrmemo
1791 3420 2111 3490 sapiemiam
2214 3429 2376 3499 εἶναι,
2403 3431 2497 3485 καὶ
2524 3433 2571 3485 εί
2600 3431 2656 3483 δέ
2682 3447 2764 3482 σοι
2791 3427 3204 3497 στρεϐλοῦσθαι,
3235 3426 3329 3480 καὶ
3357 3423 3790 3495 μαστιγοῦσθαι,

547 3516 692 3571 illam
725 3517 936 3579 decere,
972 3518 1109 3573 tales
1137 3516 1424 3571 admittere
1443 3514 1738 3586 apologias,
1773 3529 1907 3583 quas
1933 3514 2115 3569 suavis

2213 3526 2308 3580 καὶ
2327 3525 2578 3594 πάσχειν,
2595 3523 2630 3578 ἃ
2651 3524 2877 3593 πάσχειν
2904 3521 3072 3587 ἄξιος,
3097 3520 3263 3575 κακὸν
3283 3520 3410 3591 περὶ
3434 3519 3489 3571 σὲ
3516 3518 3790 3587 φανέντα,

547 3605 637 3659 ille
667 3605 1059 3675 Aristophanes
1089 3616 1150 3661 ut
1183 3604 1501 3675 coryphaeus
1531 3612 1694 3658 texat.
1723 3605 1793 3658 At
1822 3604 1964 3659 enim
1999 3620 2109 3658 non

2212 3618 2305 3671 καὶ
2333 3614 2532 3687 μικροῦ
2561 3614 2661 3685 τὴν
2688 3613 2888 3685 ἀρετὴν
2918 3613 3294 3683 ἐνυϐρίσαντα.
3329 3611 3448 3663 Ἰνα
3478 3608 3571 3662 οὖν
3605 3607 3789 3676 μηδὲν

547 3701 630 3746 est
661 3693 766 3747 hoc
790 3693 1114 3763 iucundum.
1151 3704 1427 3762 utcunque
1458 3708 1554 3763 per
1588 3693 1734 3763 ipsas
1759 3694 1956 3765 gratias
1980 3694 2111 3749 Phi-

2211 3706 2317 3760 τῶν
2345 3705 2601 3760 τοιούτων
2646 3704 2788 3771 λέγω
2822 3703 2993 3773 (ἴσως
3030 3703 3139 3772 γάρ
3178 3700 3299 3754 οὐδὲ
3341 3701 3420 3753 δεῖ
3456 3695 3792 3758 σπουδάζειν

544 3782 817 3837 listionem
857 3785 1058 3839 referat
1098 3803 1110 3838 :
1142 3786 1273 3841 illud
1320 3794 1500 3839 autem
1533 3800 1744 3840 summe
1790 3785 2111 3841 delectabile

2210 3802 2268 3853 ἐν
2298 3798 2591 3866 παικτοϊς),
2619 3796 2733 3851 ἀλλ’
2755 3797 2931 3849 ἐκεῖνο
2952 3794 3168 3857 πάντως
3197 3794 3370 3845 εἰπεῖν
3394 3788 3785 3863 πρεπωδέστα-

541 3871 819 3927 ludentem
849 3884 1137 3928 contexere
1164 3874 1483 3945 apologiam,
1509 3884 1763 3944 tanquam
1790 3876 1845 3930 in
1872 3892 1930 3930 re
1952 3877 2109 3932 valde

2208 3906 2319 3956 τον,
2352 3890 2427 3952 ὡς
2447 3888 2664 3958 ἐκείνης
2696 3886 2813 3939 ἐστὶ
2833 3889 2932 3957 τῆς
2955 3885 3166 3953 σοφίας,
3190 3883 3442 3944 τοιαύτας
3466 3881 3641 3948 φέρειν
3666 3880 3781 3941 τὰς

540 3962 682 4017 seria
719 3973 774 4016 et
806 3964 1083 4032 splendide
1112 3966 1255 4035 iusta
1288 3967 1454 4036 :quin
1485 3965 1685 4020 ollerrc
1710 3966 2105 4036 juramentum,

2209 3981 2536 4049 ἀπολογίας,
2592 3973 2661 4050 ἦς
2722 3976 3117 4048 Ἀριστοφάνης
3168 3976 3197 4028 ὁ
3257 3974 3423 4036 καλὸς
3476 3971 3790 4040 κορυφαῖος

540 4060 598 4106 et
626 4053 910 4119 sciscitari,
932 4070 1000 4109 an
1027 4055 1220 4126 aliquis
1248 4058 1337 4119 sit,
1362 4058 1454 4127 qui
1479 4072 1604 4112 cum
1628 4074 1767 4114 unus
1790 4060 2107 4128 captaverit,

2213 4072 2567 4140 καθέστηκεν.
2603 4068 2744 4123 Ἀλλ’
2767 4067 2920 4123 οὔπω
2945 4067 3101 4121 τοῦτο
3123 4065 3334 4137 χαρίεν,
3360 4063 3455 4117 καί
3475 4080 3555 4115 τοι
3578 4061 3649 4133 νὴ
3681 4060 3794 4131 τὴν

539 4144 708 4199 alium
752 4147 910 4216 culpa
941 4150 1112 4203 teneri
1151 4149 1362 4219 iustum
1405 4159 1578 4220 putet.
1609 4148 1769 4205 Certe
1801 4160 1953 4206 tuum
1998 4152 2105 4209 hoc

2215 4164 2390 4235 χάριν,
2422 4160 2789 4216 Φιλιστιώνιον
2821 4160 2880 4212 ὅν
2901 4175 2915 4190 ο
2956 4158 3071 4213 ἀλλ’
3106 4160 3281 4211 ἐκεῖνο
3310 4154 3697 4227 χαριέστατον,
3732 4154 3796 4205 τὸ

537 4237 915 4307 philosophice
936 4251 1277 4311 usurpatum,
1302 4259 1411 4297 non
1437 4243 1595 4299 modo
1618 4243 1938 4313 sapientiam
1964 4243 2108 4301 Aris-

2217 4254 2476 4319 παίξαντα
2512 4252 2611 4323 τὴν
2648 4251 2974 4319 ἀπολογίαν,
3010 4251 3084 4314 ὡς
3124 4251 3216 4301 ἐπὶ
3250 4247 3368 4301 λίαν
3405 4245 3798 4313 ἐσπουδασμέ-

538 4329 902 4400 t0phaneam,
951 4343 1002 4388 et
1053 4334 1293 4389 universi
1341 4335 1537 4405 poetici
1570 4336 1803 4406 generis,
1858 4346 2004 4393 artes
2050 4347 2106 4393 et

2217 4365 2340 4411 νοις,
2369 4346 2464 4398 καὶ
2507 4344 2569 4398 τὸ
2596 4343 2802 4398 δίκαιον
2825 4341 3077 4413 λαμπρὸν
3105 4338 3589 4408 ἐπιδεδειγμένοις,
3617 4338 3798 4406 ὅρκον

536 4422 825 4478 methodos
859 4425 1099 4481 novitate
1124 4442 1222 4480 sua
1251 4426 1507 4482 obscurat
1545 4444 1558 4480 :
1597 4428 1738 4497 quod
1772 4428 1818 4482 si
1857 4428 2097 4484 oblatum

2218 4457 2263 4494 τε
2296 4440 2545 4507 ἐπάγειν,
2576 4436 2674 4491 καὶ
2700 4433 3175 4499 διαπυνθάνεσθαι,
3214 4433 3290 4496 ὡς
3317 4432 3406 4502 ἀρ’
3429 4433 3551 4483 ἐστι
3577 4448 3667 4492 τις
3702 4432 3799 4481 ἁν-

533 4526 647 4566 non
679 4524 821 4568 esset
853 4515 1252 4585 juramentum,
1288 4533 1374 4572 me
1401 4518 1457 4571 in
1489 4518 1844 4575 admiratione
1875 4520 2097 4577 comicae

2215 4530 2437 4601 ὶρὼπων
2455 4571 2470 4594 ,
2499 4528 2659 4584 ἄλλου
2702 4526 3047 4590 πταίσαντος,
3077 4524 3262 4594 ἓτερον
3290 4522 3389 4591 τὴν
3419 4520 3580 4591 δίκην
3613 4518 3796 4586 ἀξιῶν

532 4601 762 4658 lusionis
789 4614 845 4659 et
867 4606 1168 4681 dramatum
1198 4607 1391 4663 sistere
1424 4609 1736 4665 voluissem.
1775 4612 1908 4666 Cum
1943 4630 2096 4679 vero,

2213 4620 2554 4693 πράττεσθαι.
2599 4620 2673 4673 Οὐ
2716 4619 2824 4688 γάρ
2865 4616 2963 4688 τὴν
3004 4613 3427 4685 Ἀριστοφάνους
3471 4612 3643 4682 μόνον
3698 4628 3794 4663 σο-

530 4695 675 4763 quod
702 4711 811 4749 non
840 4699 1079 4766 Oportuit
1108 4698 1244 4763 ﬁeri,
1276 4699 1419 4755 Deus
1448 4701 1588 4771 jocis
1620 4702 1975 4760 intermedius
2004 4721 2097 4761 ve-

2214 4716 2353 4783 φίαν,
2393 4713 2527 4773 ἀλλά
2560 4711 2653 4765 καὶ
2694 4709 2892 4772 παντὸς
2935 4708 3147 4761 ἐκείνου
3187 4705 3280 4759 τοῦ
3316 4706 3534 4773 γένους,
3579 4706 3795 4773 τέχνας

532 4784 674 4847 niat,
706 4796 851 4840 certe
880 4787 970 4857 qui
1002 4788 1283 4843 veritatem
1314 4805 1423 4845 non
1457 4790 1574 4844 vult
1608 4791 1820 4880 dicere,
1850 4810 2005 4848 reum
2044 4805 2099 4851 te

2216 4807 2405 4869 πάσας,
2435 4804 2531 4858 καὶ
2556 4803 2734 4864 πάσας
2768 4800 3047 4871 μεθόδους,
3072 4802 3138 4870 τῇ
3171 4797 3595 4867 καινοπρεπεία,
3620 4797 3797 4848 τοῦτο

528 4875 700 4945 culpae
740 4888 973 4948 peracta:
1023 4896 1134 4935 non
1163 4891 1405 4953 peraget,
1451 4883 1548 4937 sed
1594 4899 1695 4939 nec
1716 4875 1890 4939 vonini
1941 4888 2098 4957 culpa

2219 4898 2263 4967 ἰὴ
2296 4897 2356 4949 τὸ
2381 4897 2472 4949 σὸν
2503 4895 2913 4965 ἀποκρύπτεται
2940 4893 3319 4963 φιλοσόφημα’
3352 4889 3469 4942 ἀλλ’
3499 4891 3552 4940 εἰ
3587 4887 3696 4957 μὲν
3726 4883 3800 4959 ἧν

526 4975 761 5038 eximet;
820 4976 1125 5042 usquedum
1153 4975 1440 5046 perspicue
1468 4976 1639 5047 magis
1677 4987 1915 5032 mentem
1946 4986 2090 5033 tuam

2219 4989 2280 5058 ιὴ
2325 4987 2741 5059 προτεθειμένος
2768 4986 2960 5054 ὅρκος,
3000 4985 3165 5055 μέχρι
3207 4984 3299 5036 τοῦ
3333 4981 3648 5051 θαυμάζειν
3692 4981 3800 5051 τὴν

525 5074 625 5129 per
655 5062 820 5116 verba
857 5073 945 5117 tua
966 5065 1306 5120 intellexerit.
1340 5066 1624 5121 Neminem
1654 5068 1803 5135 olim,
1834 5069 2089 5136 arbitror,

2219 5080 2444 5150 ιωμικὴν
2493 5077 2733 5141 παιδιὰν,
2776 5075 3010 5145 ἐμαυτὸν
3055 5075 3256 5128 ἐδίδουν
3292 5074 3358 5127 ἂν
3400 5074 3597 5126 καὶτὰ
3649 5073 3800 5143 δρα-

527 5153 719 5208 similis
735 5155 947 5224 iocandi
971 5160 1163 5214 modus
1183 5168 1335 5213 reatu
1356 5161 1579 5224 exemit,
1601 5160 1761 5231 idque
1780 5170 2095 5217 constanter

2221 5188 2361 5225 ιατα.
2396 5170 2552 5225 Ἐπεὶ
2580 5168 2638 5222 δὲ
2671 5169 2764 5223 καὶ
2789 5168 2941 5231 Θεὸς,
2971 5167 3031 5218 ού
3059 5166 3181 5219 δέον
3210 5164 3359 5235 μέσῳ
3389 5164 3618 5225 παιδιᾶς
3646 5184 3802 5236 συμ-

525 5259 626 5314 ego
657 5246 885 5314 aﬂirmo,
926 5250 1002 5303 uti
1041 5257 1093 5304 et
1139 5251 1415 5305 neminem
1446 5266 1567 5305 esse
1601 5253 1773 5322 culpa:
1799 5253 2092 5307 obnoxium

2221 5258 2569 5331 τροτέθειται,
2626 5259 2841 5327 ἀνάγκη
2905 5256 2998 5309 καὶ
3064 5256 3139 5326 μὴ
3208 5255 3534 5325 βουλόμενον
3595 5256 3802 5324 λέγειν

522 5346 745 5405 propter
777 5340 997 5408 iocandi
1032 5357 1189 5395 usum
1213 5381 1228 5407 ,
1266 5340 1379 5410 qui,
1412 5356 1535 5395 cum
1577 5342 1716 5397 alius
1748 5358 1931 5396 revera
1966 5357 2091 5413 pec-

2221 5350 2403 5421 τάληθῆ
2426 5391 2441 5414 ,
2472 5348 2653 5418 ένοχον
2689 5348 2786 5416 μὲν
2830 5342 2921 5400 οὖν
2950 5349 3418 5418 προηγησαμένης
3456 5348 3647 5411 αίτίας
3685 5351 3802 5402 οὐκ

522 5428 749 5495 caverit,
799 5439 1074 5485 mereatur
1102 5448 1293 5501 poenas
1337 5432 1542 5498 subire,
1581 5443 1671 5488 aut
1719 5433 1915 5489 rationi
1966 5436 2088 5490 red-

2219 5440 2260 5491 ὶν
2308 5456 2366 5490 σε
2415 5440 2601 5508 φαίην,
2634 5437 2744 5490 οὐδ’
2790 5436 2855 5490 ἂν
2889 5436 3047 5489 πάλιν
3094 5436 3374 5497 παντελῶς
3410 5438 3800 5503 ἀνυπαίτιον,

520 5513 713 5572 dende:
759 5520 1065 5589 subiacere.
1126 5521 1237 5577 Nec
1265 5524 1407 5578 inter
1440 5524 1651 5593 iudices
1696 5536 1944 5597 repertus
1985 5538 2087 5594 cst,

2226 5548 2299 5593 ως
2324 5531 2389 5584 ἂν
2416 5530 2513 5601 τὴν
2550 5528 2646 5601 σὴν
2674 5527 2912 5583 διάνοιαν
2932 5568 2949 5595 ,
2982 5527 3072 5581 διὰ
3099 5526 3205 5581 τῶν
3246 5528 3352 5582 σῶν
3380 5530 3576 5599 φωνῶν
3597 5572 3612 5597 ,
3667 5532 3802 5586 λευ-

1808 5684 2040 5742 VARl/E
2083 5686 2483 5744 LMITIONES.

587 5802 617 5845 Υ
660 5796 743 5850 ϊσ.
789 5798 864 5868 μὴ
907 5800 1293 5856 ἐπαιτίαισθαι.
