4004 6426
158 349 271 411 85⁵1

1310 360 1849 426 EPISTOLARUM
1888 366 2116 428 LIBER
2156 371 2239 431 II.

3293 376 3398 441 858

154 456 385 531 κότερον
422 462 809 535 ἀναμάθωμεν.
848 466 969 520 Ὅτι
999 465 1057 521 δὲ
1088 468 1280 524 οὐδένα
1309 471 1438 524 ποτὲ
1471 471 1581 526 τῶν
1612 473 1716 533 πώ-

1826 478 1917 547 qui
1956 479 2249 536 absolverit
2284 496 2408 536 eum
2455 481 2543 536 cui
2586 481 2709 538 talis
2756 497 2919 539 scena
2964 484 3219 551 obvenit,
3263 506 3395 559 pro-

152 569 291 609 ποτε
336 554 638 627 ἀνθρώπων
664 559 699 627 ἡ
750 558 989 631 τοιαύτη·
1014 562 1204 618 παιδιὰ
1248 564 1403 634 δίκης
1432 565 1724 636 ἐρρύσατο,

150 645 250 700 καὶ
284 646 519 717 μάλιστα
545 648 612 703 ἂν
650 650 1186 725 διαϐεϐαιωσαίμην
1220 656 1310 710 καὶ
1337 655 1413 720 ὡς
1446 658 1544 710 οὐκ
1575 659 1726 713 ἐστὶν

148 736 333 802 οὐδεὶς
356 739 473 793 ’τῶν⁹
507 741 927 811 ἡμαρτηκότων,
956 745 1021 799 ἐκ
1053 745 1149 800 τοῦ
1190 747 1427 813 παίζειν,
1462 748 1539 812 ὡς
1566 748 1725 813 ἄλλος

151 830 256 898 μὲν
288 830 552 902 ἥμαρτεν,
583 832 738 895 ἀλλος
769 834 824 887 δὲ
858 836 958 899 τὰς
988 839 1179 903 ποινὰς
1219 841 1321 894 ούκ
1361 840 1478 894 ἔστι
1518 842 1726 908 δίκαιος

147 920 397 991 ὑπέχειν,
439 922 514 993 μὴ
564 923 843 991 δεδωκὼς,
874 926 940 990 ἃς
964 921 1162 997 ὦφλεν,
1206 932 1438 996 εὐθύνας
1463 950 1475 962 ·
1511 934 1572 987 ού
1616 935 1723 1007 μὴν

144 1011 269 1066 ἀλλ’
308 1013 430 1067 οὐδὲ
462 1015 571 1071 τῶν
612 1018 905 1088 κρινόντων
937 1022 1021 1090 εἴη
1056 1022 1123 1077 ἀν
1150 1041 1234 1087 τις
1263 1024 1420 1090 ὅλως,
1450 1025 1509 1090 ὃς
1536 1028 1719 1098 ἀφῆκε

145 1104 241 1156 τὸν
269 1105 528 1176 τοιαύτην
552 1109 759 1180 σκηνὴν
778 1111 898 1164 ἀντὶ
918 1113 1011 1165 τοῦ
1040 1114 1244 1169 στένειν
1268 1118 1353 1186 ἐφ’
1380 1112 1461 1182 οἷς
1481 1119 1719 1190 ἥμαρτε,

144 1196 585 1266 προδεδληκότα.
617 1202 728 1255 Καί
768 1220 880 1272 μοι,
919 1205 1057 1277 πρὸς
1093 1207 1263 1279 αὐτῆς
1290 1209 1468 1281 δίκης,
1506 1212 1602 1265 καὶ
1643 1212 1721 1265 le-

146 1288 263 1357 ρῶν
288 1289 547 1360 ἀληθείας
574 1293 794 1363 ὀργίων,
819 1294 981 1364 papa;
1008 1297 1105 1369 τὴν
1130 1299 1353 1372 σκηνὴν,
1379 1301 1476 1354 καὶ
1500 1303 1567 1357 τὰ
1589 1302 1721 1358 ὄντα

142 1376 323 1447 λέγων
372 1380 529 1451 (ἐμοὶ
582 1382 694 1451 γὰρ
745 1384 945 1453 μᾶλλον
980 1387 1311 1460 οἰκειότερον
1355 1390 1499 1461 ἤπερ
1539 1391 1721 1457 ἄλλοις

140 1471 373 1525 τοιαῦτα
402 1474 751 1546 προτείνειν),
778 1476 889 1547 ἄρα
918 1479 1120 1549 φήσαις
1144 1480 1230 1546 ἂν,
1267 1482 1458 1553 ἐνοχῆς
1484 1484 1607 1537 εἶπε
1634 1484 1715 1539 δι-

141 1564 308 1627 καίας
336 1565 500 1630 αύτδς
521 1578 571 1631 ι,
607 1571 719 1634 τὸν,
750 1568 932 1635 εἴτις,
964 1571 1104 1643 ὑπὲρ
1140 1566 1215 1628 ὧν
1247 1573 1521 1644 ὲξυϐρίσοι
1541 1616 1556 1640 ,
1587 1577 1718 1630 ταύ-

138 1672 245 1726 την
282 1656 384 1725 τὴν
423 1658 521 1728 σὴν
561 1660 996 1731 προϐαλλόμενον
1036 1663 1440 1733 δικαιολογίαν;
1473 1667 1587 1721 ἀλλ’
1616 1669 1717 1723 ούκ

140 1747 211 1801 ἂν
241 1748 428 1818 φαίης,
483 1749 593 1802 οὐδ’
624 1750 691 1805 ἂν
718 1753 905 1823 φαίης.
949 1754 1110 1811 Ἀλλὰ
1152 1757 1325 1811 ταῦτα
1357 1758 1455 1829 μὲν
1480 1799 1495 1824 ,
1534 1761 1621 1814 ἵνα
1653 1778 1713 1814 τε

141 1839 221 1909 μὴ
251 1838 513 1912 δὼεωμεν
556 1822 890 1913 ὀρκωθέντες
938 1848 1097 1918 σιγᾷν
1118 1888 1133 1911 ,
1181 1849 1276 1903 καὶ
1307 1822 1375 1903 τά
1404 1822 1573 1922 ψεύδη
1608 1854 1716 1924 πρὸ
1745 1822 1787 1877 Β

136 1932 240 1997 τῆς
280 1931 539 2002 ἀληθείας
587 1936 772 2003 τιμᾷν·
807 1938 901 1989 καὶ¹
936 1937 1020 1991 ἵνα
1073 1939 1272 2009 μᾶλλον
1324 1941 1592 2014 ἐπιγνῷς,
1640 1946 1717 2010 ὡς

138 2020 314 2089 ⁴ἡδέως
350 2039 442 2087 τε,
495 2024 587 2076 καὶ
631 2024 691 2077 ού
734 2026 1056 2097 παρέργως,
1090 2032 1189 2101 τὴν
1224 2032 1324 2102 σὴν
1375 2033 1716 2107 ἀνελεξάμην

139 2112 452 2184 ἐπιστολήνο
486 2115 553 2168 δι’
574 2115 602 2168 ὃ
628 2117 722 2170 καὶ
746 2118 843 2190 τὴν
873 2120 971 2190 σὴν
1008 2122 1398 2195 γραμματικὴν
1429 2126 1716 2193 ἀκρίϐειαν

139 2199 427 2271 παραινῶ,
478 2204 672 2275 μηκέτι
723 2206 783 2259 τὸ
836 2208 987 2279 ῥῆμα
1042 2209 1202 2264 τοῦτο
1255 2211 1439 2284 δοτικῇ
1489 2218 1715 2272 συντάσ-

144 2309 261 2345 σειν
279 2331 295 2354 ,
327 2294 465 2365 πλὴν
494 2298 543 2349 εἰ
592 2298 665 2367 μή
677 2317 758 2352 πω
794 2304 1299 2375 περιπεποιημένην
1324 2306 1358 2377 ἡ
1385 2306 1564 2363 ἔννοια
1590 2309 1717 2364 σύνο

140 2385 299 2451 ταξιν
344 2387 638 2459 ἀπαιτοίη·
670 2392 791 2444 τότε
836 2392 947 2464 γὰρ
985 2394 1162 2459 ἔξεστι
1197 2398 1292 2450 καὶ
1332 2400 1467 2469 πρὸς
1497 2399 1716 2472 δοτικὴν

139 2475 470 2543 ἀποδιδόναι,
494 2478 760 2551 δηλοῦντα
782 2484 862 2555 τῷ
884 2485 1047 2557 λόγῳ,
1066 2488 1143 2552 ὡς
1171 2490 1290 2560 ούχί
1320 2507 1379 2544 σε
1404 2498 1713 2562 παραινεῖν,

139 2567 331 2637 ἕτερον
356 2569 413 2622 δὲ
442 2572 528 2626 διὰ
559 2575 657 2643 τῆς
691 2578 1066 2646 παραινέσεως
1085 2620 1100 2643 ,
1128 2583 1190 2635 τό
1221 2600 1305 2636 σοι
1344 2585 1514 2638 ποιῶν
1546 2604 1714 2659 κεχα-

144 2660 432 2729 ρισμένον,
459 2667 744 2737 προῆγμαι
784 2668 1027 2737 βελτιοῦν
1046 2690 1060 2702 -
1093 2675 1190 2727 καὶ
1231 2676 1295 2748 δὴ
1326 2679 1421 2732 καὶ
1449 2680 1511 2732 τὸ
1538 2681 1716 2750 δίκην

141 2750 246 2819 ὑφ’
276 2752 481 2821 ἐτέρου
537 2759 971 2828 εἰσπράττεται,
998 2766 1120 2819 ἀντὶ
1161 2768 1257 2820 τοῦ
1302 2771 1438 2838 παρ’
1473 2771 1713 2842 ἑτέρου,

141 2846 613 2914 παραφυλακτέον.
664 2851 922 2925 Βάρϐαρα
960 2856 1189 2930 μὲνγὰρ
1214 2861 1274 2913 ού
1318 2862 1462 2930 λέγω
1492 2866 1557 2919 τὰ
1603 2883 1715 2919 τοι-

140 2934 305 2989 αῦτα’
338 2938 648 3012 βαρϐαρικά
674 2944 759 3011 δὲ,
796 2950 893 3000 καὶ
919 2950 1081 3015 αὐτὸς
1109 2956 1360 3026 συνήσεις
1391 2959 1710 3030 ἐπιστήσας·

139 3030 180 3084 ἂ
209 3033 303 3085 καὶ
324 3036 423 3105 τὴν
456 3038 746 3110 ἐπιστολὴν
770 3045 1100 3119 κεκαλλιεπη
1111 3050 1278 3121 μένην
1303 3049 1488 3120 οὖσαν,
1526 3057 1714 3111 ύπενόο

1828 576 2012 639 pterea
2041 573 2184 641 quod
2218 572 2399 628 doleat
2438 589 2497 628 se
2542 589 2795 644 peccasse
2831 593 2846 631 :
2875 577 3007 646 quin
3040 588 3092 632 te
3124 593 3251 647 rego
3300 597 3398 650 per

1820 662 2087 732 justitiam
2132 665 2323 735 ipsam,
2354 681 2449 735 per
2497 681 2650 721 sacra
2676 667 2919 724 veritatis
2948 669 3096 740 orgia
3120 711 3134 737 ,
3164 671 3392 728 detrahe

1826 758 1969 813 hanc
2002 773 2244 824 scenam,
2281 774 2393 813 rem
2427 768 2487 813 ut
2514 769 2597 815 est
2627 762 2847 817 enuntia
2874 763 3043 831 (certe
3086 762 3256 832 magis
3286 767 3393 821 mei

1826 848 2051 905 interest
2095 866 2258 920 quam
2296 850 2523 905 aliorum
2574 852 2715 907 hanc
2744 854 3110 909 conditionem
3147 855 3389 926 oti’erre),

1826 940 1989 1012 igitur
2008 943 2157 997 dices
2181 945 2324 1013 juste
2345 953 2499 998 reatu
2526 944 2698 999 teneri
2728 945 2877 1001 illum
2921 948 3035 1016 qui,
3059 964 3159 1018 pro
3186 948 3395 1003 calum-

1823 1034 1929 1089 niis
1958 1050 1990 1089 a
2036 1051 2096 1091 se
2138 1035 2374 1101 inﬂictis,
2410 1047 2561 1092 tuam
2597 1038 2738 1094 hanc
2785 1039 2843 1093 in
2886 1042 3123 1095 medium
3155 1042 3393 1111 proferet

1822 1127 2259 1193 accusationem;
2287 1130 2382 1184 sed
2407 1146 2475 1185 ne
2506 1130 2706 1186 dixeris
2734 1131 2808 1186 ita
2829 1172 2843 1194 ,
2876 1133 3005 1187 licet
3044 1133 3115 1187 ita
3160 1134 3383 1189 dixeris.

1822 1220 1951 1274 Haec
1988 1227 2169 1274 autem
2200 1219 2486 1286 hactenus,
2518 1238 2587 1277 ne
2614 1224 2799 1279 videar
2822 1224 3105 1294 adjuratus
3144 1226 3383 1288 siluisse.

1820 1321 1877 1366 et
1900 1311 2240 1365 mendacium
2269 1315 2571 1382 praetulisse
2598 1315 2833 1380 veritati,
2852 1325 2908 1371 et
2928 1325 2986 1371 ut
3015 1317 3197 1372 adhuc
3217 1319 3387 1389 magis

1820 1418 2080 1474 agnoscas
2108 1420 2270 1475 quam
2308 1406 2549 1475 jucunde
2577 1423 2680 1463 nec
2707 1408 3075 1478 perfunctorie
3102 1409 3387 1478 epistolam

1820 1503 1967 1548 tuam
1998 1495 2241 1567 legerim,
2273 1496 2329 1552 in
2357 1514 2461 1568 qua
2488 1501 2948 1568 grammaticalem
2974 1510 3122 1556 tuam
3163 1516 3387 1555 accura-

1822 1585 2021 1639 tionem
2037 1586 2218 1651 laudo,
2240 1590 2550 1658 neutiquam
2572 1592 2673 1647 hoc
2693 1594 2919 1648 verbum
2946 1593 3127 1648 dativo
3155 1594 3387 1661 conjun-

1818 1678 2076 1749 gendum,
2117 1680 2221 1735 nisi
2249 1681 2339 1735 ubi
2370 1697 2564 1736 sensus
2591 1684 2838 1754 syntaxin
2879 1686 3119 1754 requirat
3151 1686 3386 1747 circum—

1818 1767 2126 1822 locutionis.
2168 1767 2379 1825 Licebit
2414 1771 2490 1825 ita
2554 1787 2679 1826 cum
2732 1772 2929 1843 dativo,
2963 1775 3222 1843 jungere,
3266 1789 3386 1828 ser-

1816 1876 1976 1916 mone
2002 1861 2223 1924 docens,
2256 1864 2403 1930 quod
2437 1877 2543 1916 non
2577 1871 2635 1917 ut
2662 1872 2714 1918 te
2736 1863 2971 1929 laudem,
3006 1865 3098 1919 sed
3128 1874 3189 1919 ut
3220 1866 3386 1920 alium

1816 1961 1907 2008 tua
1941 1968 2104 2008 causa
2132 1952 2412 2007 meliorem
2453 1952 2671 2007 reddam
2706 1993 2721 2018 ,
2758 1952 2823 2006 Et
2861 1963 3009 2007 certe
3049 1954 3180 2007 illud
3229 1954 3385 2024 δίκην

1816 2045 1907 2114 ὑφ’
1930 2044 2117 2113 ἑτέρου
2140 2045 2523 2115 εἰσπράττεται
2552 2060 2652 2113 pro
2679 2046 2807 2115 παρ’
2840 2044 3052 2117 ἐτέρου,
3083 2046 3384 2099 cavendum

1814 2148 1900 2194 est
1927 2139 2128 2204 dicere;
2156 2138 2382 2193 barbara
2403 2154 2511 2194 non
2546 2138 2735 2192 dixero
2768 2138 3075 2207 hujusmodl
3104 2146 3160 2191 at
3188 2137 3385 2191 barba-

1815 2232 1947 2297 rica,
1992 2246 2113 2300 qua:
2158 2231 2462 2299 epistolam,
2490 2231 2637 2300 quod
2682 2230 2981 2301 intelligere
3026 2239 3204 2299 potes,
3251 2229 3386 2284 alias

1813 2322 2062 2378 scitulam
2087 2322 2475 2377 adulterarum.
2504 2322 2609 2376 Sed
2628 2321 2744 2376 haec
2764 2320 3046 2375 hactenus.
3096 2320 3206 2391 Ego
3237 2330 3386 2377 certe

1814 2430 1995 2469 meum
2034 2413 2350 2469 Zachariam
2377 2430 2487 2470 non
2525 2429 2671 2469 nunc
2706 2414 2939 2485 primum
2968 2412 3191 2484 incipio,
3242 2416 3385 2470 Deus

1815 2508 2058 2575 meliora,
2081 2508 2168 2563 vel
2200 2523 2444 2579 parcere,
2466 2508 2545 2563 vel
2568 2524 2680 2563 non
2704 2508 2931 2562 ulterius
2954 2507 3147 2578 punire
3169 2507 3381 2571 desino,

1814 2616 1917 2657 nec
1944 2601 2087 2672 quod
2121 2602 2338 2657 morbos
2358 2610 2414 2656 et
2444 2604 2725 2672 passiones
2762 2602 3050 2667 declinem,
3090 2601 3383 2662 fortunam,

1814 2702 1871 2748 et
1893 2693 2247 2759 calamitates,
2289 2693 2515 2749 insidias
2544 2703 2601 2749 et
2642 2694 2909 2765 nequitias
2955 2693 3251 2746 Phalaridis
3282 2692 3387 2746 illis

1813 2803 1924 2842 non
1956 2788 2138 2841 minus
2170 2787 2585 2854 tolerabiliores,
2628 2788 2725 2842 sed
2756 2786 3016 2841 animitus
3059 2787 3386 2840 insidentem

1813 2888 1868 2935 et
1895 2880 2176 2950 antiquum
2202 2879 2455 2935 allectum
2478 2894 2824 2945 conservans,
2850 2878 3210 2948 amicitiaeque
3258 2893 3388 2948 ergo

1812 2987 1948 3027 mea:
1980 2973 2207 3029 sincera:
2257 2981 2315 3028 et
2351 2988 2501 3043 pura:
2531 2987 2642 3027 non
2670 2973 2961 3035 oblitus,et
2987 2980 3216 3040 paterno
3236 2984 3390 3023 more

1813 3063 2133 3133 amplector,
2172 3070 2228 3118 et
2256 3078 2412 3119 sacro
2444 3073 2710 3118 veneratu
2761 3064 2941 3119 foveo.
2976 3064 3099 3119 Non
3142 3063 3389 3132 quod‘tn

143 3126 320 3181 θευεν.
365 3130 505 3184 Ἀλλ’
537 3133 629 3186 ἐπὶ
675 3137 925 3191 τοσοῦτον
958 3142 1056 3210 μὲν
1087 3161 1278 3200 ταυτα.
1325 3148 1466 3217 Ἐγὼ
1506 3150 1565 3204 δὲ
1604 3153 1711 3205 Ζα-

1818 3154 2028 3216 scribis,
2056 3154 2226 3207 errori
2256 3153 2485 3223 pristino
2509 3153 2796 3217 insultans.
2820 3170 3008 3210 verum
3036 3172 3161 3213 cum
3188 3156 3391 3209 immo-

140 3222 338 3312 χαρίαν
380 3224 471 3275 τὸν
504 3225 635 3295 ἐμὸν
674 3228 773 3281 ούκ
806 3231 1105 3302 ἀρχόμενος
1138 3236 1254 3303 νῦν,
1294 3240 1497 3309 ἄπαγε,
1533 3244 1711 3312 φείδε-

141 3310 293 3405 σθαι,
331 3313 451 3367 οὐδὲ
481 3315 573 3368 τοῦ
604 3318 854 3383 κολάζειν
891 3328 1273 3397 πεπαυμένος,
1302 3332 1422 3385 ούδὲ
1457 3310 1712 3405 δυσωπη-

140 3400 258 3465 θεὶς
299 3405 485 3466 νόσους
520 3410 613 3461 καὶ
659 3412 803 3483 πάθη
843 3415 938 3468 καὶ
966 3416 1135 3487 τύχας
1185 3421 1279 3474 καὶ
1326 3400 1708 3495 περιστάσεις,

135 3586 227 3649 δος
268 3589 625 3663 ἀνεκτοτέρας
656 3596 960 3664 δεικνύσας,
994 3602 1129 3657 ἀλλὰ
1167 3606 1267 3677 τὴν
1305 3607 1543 3678 ἔμφυτον
1586 3586 1710 3682 ἐμοὶ

135 3682 234 3733 καὶ
266 3682 499 3752 ἀρχαίαν
527 3686 806 3752 διασὼζων
829 3693 1056 3766 γνώμην
1077 3736 1092 3759 ,
1122 3699 1217 3752 καὶ
1244 3700 1304 3753 τὸ
1346 3702 1583 3772 καθαρὸν
1615 3704 1709 3757 καὶ

134 3772 414 3843 ἀκήρατον
447 3779 577 3849 περὶ
608 3782 735 3845 τοὺς
782 3784 949 3855 ἐμοὺς
994 3789 1094 3842 ούκ
1126 3791 1549 3863 ἐπιλελησμένος
1583 3794 1706 3863 φίλ-

136 3880 290 3934 τρον,
324 3868 418 3921 καὶ
444 3872 885 3943 περιπτύσσομαι
910 3880 1215 3947 πατρικῶς,
1244 3885 1336 3938 καὶ
1365 3885 1709 3954 ἐναγκαλίζο-

1820 3253 1935 3299 tum
1959 3252 2369 3312 permanentem
2402 3242 2623 3313 diligam
2661 3252 2717 3298 et
2760 3243 2816 3297 in
2848 3245 3149 3299 visceribus
3183 3244 3385 3299 Christi

1818 3336 2073 3406 recipiam
2110 3351 2232 3391 cum
2264 3336 2458 3406 gaudio
2496 3336 2866 3401 accedentem,
2908 3338 2979 3392 ita
3023 3338 3202 3393 omnia
3241 3339 3389 3407 peri-

1817 3428 1937 3483 cula
1967 3429 2035 3483 de
2063 3428 2278 3483 sublimi
2307 3428 2570 3499 despicio,
2606 3446 2710 3486 nec
2750 3431 3074 3501 tragicarum
3118 3430 3390 3484 narratio-

1686 3551 1711 3563 -
1815 3534 1946 3573 num
1981 3534 2120 3573 onus
2160 3525 2439 3582 onustum,
2477 3534 2666 3574 verum
2703 3528 2940 3573 mentem
2983 3517 3290 3588 propriam,
3331 3525 3385 3569 et

1817 3611 2053 3665 animam
2087 3612 2433 3666 tenebrarum
2478 3610 2720 3666 materia:
2768 3611 3102 3675 immersam,
3152 3608 3391 3663 defaeca-

1818 3712 1949 3767 tam,
1995 3703 2048 3756 in
2103 3718 2213 3773 quo
2269 3705 2535 3759 stabilitas
2583 3702 2711 3757 vita:
2760 3701 3052 3757 immobilis
3106 3702 3388 3765 consistat,

1817 3793 2101 3864 Splendido
2144 3811 2269 3850 cum
2312 3805 2571 3866 apparatu
2615 3796 2743 3850 hinc
2774 3794 3249 3850 transmittendam
3292 3806 3392 3861 op-

1818 3896 1949 3948 tem,
1986 3886 2055 3942 ad
2088 3886 2364 3954 caelestem
2397 3903 2652 3943 coronam
2684 3887 3075 3957 recipiendam.

139 3975 244 4029 μαι
294 3960 655 4031 ἱεροπρεπῶςο
692 3963 816 4019 οὔτε
859 3968 937 4038 τῷ
989 3970 1158 4024 πάλαι
1200 3976 1478 4043 σφαλέντι,
1508 3977 1585 4041 ὡς
1637 3978 1702 4031 οὺ
1742 3978 2008 4050 γράφεις,
2037 3976 2413 4047 ἐπεμϐαίνων,
2451 3978 2546 4031 καὶ
2583 3977 2676 4030 τὸν
2742 3977 2994 4030 ἄσειστον
3057 3976 3394 4045 διαμεμενη-

138 4053 280 4106 κότα
330 4055 569 4125 στέργων
618 4058 712 4111 καὶ
764 4063 1248 4134 κατασπαζόμενος
1285 4069 1342 4122 ὲν
1378 4070 1708 4141 σπλάγχνοις
1745 4069 1985 4141 Χριστοῦ
2042 4071 2137 4124 καὶ
2160 4070 2386 4141 δέχομαι
2416 4071 2719 4142 προσίοντα
2770 4068 3002 4139 χαίρων,
3056 4069 3152 4121 καὶ
3181 4069 3391 4130 πάντας

136 4144 419 4208 κινδύνους
456 4147 758 4219 ύπερορῶν,
790 4152 851 4204 ού
885 4157 1158 4223 τραγικῶν
1192 4161 1321 4227 ἡμῖν
1349 4160 1704 4234 διηγημάτων
1733 4164 1938 4230 ἄγοντα
1969 4164 2189 4234 φόρτον,
2218 4162 2355 4216 ἀλλά
2392 4163 2482 4216 τὸν
2543 4164 2746 4216 οἰκεῖον
2786 4160 2945 4224 νοῦν,
2979 4159 3076 4214 καὶ
3134 4159 3236 4230 τὴν
3264 4160 3393 4212 ἐαυ-

134 4236 233 4289 τοῦ
256 4236 455 4307 ψυχὴν.
488 4241 790 4309 προστύλου
830 4245 1008 4316 πάσης
1037 4248 1231 4318 ἀχλύος
1261 4252 1493 4323 φέροντα
1534 4255 1811 4327 καθαράν
1844 4257 1903 4307 ὲν
1943 4249 2066 4328 ᾗτδ
2113 4254 2331 4324 βέϐαιόν
2394 4271 2457 4307 τε
2534 4254 2630 4307 καὶ
2669 4251 3070 4321 ἀμετακίνητον
3111 4251 3200 4303 διὰ
3276 4250 3392 4321 βίου

137 4330 335 4401 ἔχοντά
380 4348 439 4384 τε
472 4334 565 4387 καὶ
604 4335 992 4408 ἱδρυσάμενον,
1041 4346 1151 4408 τοῖς
1183 4346 1389 4400 ἐκεῖθεν
1420 4351 1706 4420 στεφάνοις
1737 4350 2013 4422 λαμπρὸν,
2040 4351 2309 4421 λαμπρῶς
2343 4349 2576 4420 εὔχομαι
2609 4347 3108 4419 παραπεμφθῆναι·

743 4449 968 4504 ΕΠΙΣΤ.
1002 4452 1091 4506 Μ’.

2414 4459 2635 4517 EPIST.
2682 4460 2797 4514 XL.

393 4537 610 4603 Παύλῳ
637 4544 1050 4610 μητροπολίτῃ
1095 4545 1461 4615 Λαοδικείας.

1870 4535 1879 4544 ’
2169 4552 2341 4608 Paulo
2370 4554 2714 4623 metropolita:
2742 4554 3041 4610 Laodicem.

1370 4659 1633 4711 Montaeut.
1661 4662 1765 4726 (ep.
1798 4665 1907 4721 222.
1938 4678 1987 4727 p.
2014 4664 2146 4725 552).

209 4747 276 4799 Οἱ
315 4746 578 4816 δράπεται
600 4790 616 4816 ,
646 4749 772 4813 τούς
800 4769 929 4805 ποτε
968 4753 1068 4824 τὴν
1101 4755 1299 4826 πρᾶξιν
1328 4759 1710 4830 αἰτιωμένους,

138 4839 424 4902 πείθοντες
455 4840 907 4910 συνδραπετεύειν
930 4886 945 4911 ,
975 4847 1034 4899 ού
1069 4847 1227 4917 μόνον
1259 4850 1489 4916 οὐδενὸς,
1519 4845 1594 4906 ὧν
1631 4855 1714 4906 aio

136 4933 390 4995 τιῶνται,
423 4934 694 5001 ἀφίενται,
730 4936 865 4990 ἀλλὰ
893 4940 986 4991 καὶ
1019 4939 1212 5010 διπλῆς
1240 4943 1417 5007 αἰτίας
1449 4946 1588 5013 σφᾶς
1614 4947 1714 4999 αύ-

134 5024 291 5086 τούς,
329 5023 526 5092 μᾶλλον
552 5025 607 5079 δὲ
647 5028 956 5101 πολλαπλῆς
983 5031 1202 5101 ἐνόχους
1245 5034 1604 5093 δεικνύουσιν.
1635 5039 1711 5091 Ού

133 5114 252 5181 γὰρ
306 5113 340 5182 ἡ
399 5117 653 5170 κοινωνία
706 5117 800 5171 τοῦ
863 5120 1192 5193 ἀδικήματος
1245 5123 1344 5196 τὴν
1398 5126 1712 5199 ἐλευθερίαν

134 5205 595 5274 πραγματεύεται
622 5207 700 5278 τῷ
732 5210 1075 5282 κατάρχοντι,
1110 5214 1224 5268 ἀλλ’
1262 5218 1294 5287 ἡ
1324 5217 1434 5270 τῶν
1469 5220 1713 5290 παραζηι

132 5295 383 5350 λούντων
435 5298 699 5369 μίμησις,
746 5302 973 5374 αὔξησίς
1019 5309 1166 5362 ἐστιν
1211 5310 1565 5382 ἀδυσώπητος
1618 5312 1714 5367 τοῦ

133 5385 383 5455 ὲξαρχῆς
423 5387 580 5457 ἀδική
592 5406 794 5459 ματος,
830 5392 1141 5459 λιποταξίου
1177 5398 1334 5471 δίκην
1376 5401 1588 5471 δφλων,
1623 5406 1715 5459 καὶ

133 5477 346 5546 φυγὰς,
379 5479 471 5531 καὶ
508 5481 783 5552 ἀρχηγὸς,
819 5487 911 5535 καὶ
942 5486 1143 5540 πείθων
1173 5489 1366 5553 ἀλλους
1401 5494 1712 5562 μιμεῖσθαι,

134 5571 238 5623 καί
264 5570 328 5622 τὸ
370 5570 687 5642 βαρύτερον,
724 5576 818 5627 καὶ
840 5576 965 5640 τοὺς
989 5578 1132 5644 ὅσοις
1156 5576 1223 5651 ἦν
1266 5583 1299 5652 ὴ
1325 5583 1548 5653 τοιαύτη
1578 5586 1711 5655 πρᾶ-

1892 4763 2150 4836 Fugitivi,
2184 4762 2453 4818 actionem
2484 4762 2629 4817 illam
2666 4762 2960 4831 aliquando
2996 4760 3385 4829 vituperantes,

1824 4873 1930 4911 una
1962 4872 2145 4911 secum
2187 4871 2305 4911 esse
2338 4855 2592 4927 fugitivos
2616 4854 2903 4912 induxere.
2952 4854 3028 4907 illi
3072 4868 3183 4905 non
3232 4854 3394 4908 modo

1819 4948 1975 5003 liberi
2006 4956 2133 5002 sunt
2161 4947 2230 5002 ab
2268 4946 2356 5001 illa
2386 4948 2540 5016 culpa
2560 4985 2574 5008 ,
2604 4944 2699 4999 sed
2731 4944 2933 5013 duplici
2984 4960 3041 4998 se
3077 4953 3171 4998 aut
3201 4945 3394 4999 multi-

1819 5042 1943 5111 plici
1987 5051 2140 5095 reatu
2176 5040 2471 5110 praedicant
2504 5040 2677 5093 teneri
2709 5056 2723 5091 :
2757 5038 2879 5091 Non
2910 5038 3054 5092 enim
3086 5040 3395 5096 communi-

1818 5135 1963 5189 catio
2004 5133 2214 5203 injuria:
2248 5134 2551 5189 libertatem
2590 5140 2847 5202 procurat
2882 5146 3000 5186 eam
3042 5132 3393 5202 auspicandi,

1823 5225 1917 5279 sed
1950 5224 2175 5278 imitatio
2213 5223 2352 5277 male
2377 5221 2650 5293 agentium
2674 5219 2728 5273 in
2760 5220 3085 5276 immensum
3111 5232 3395 5292 acceptum

1823 5316 2058 5377 crimen;
2095 5329 2218 5369 nam
2257 5314 2502 5368 desertor
2531 5311 2758 5375 ordinis,
2788 5311 3070 5383 fugitivus,
3117 5313 3393 5383 princeps,

1821 5420 1876 5466 et
1905 5410 2170 5465 inducens
2196 5407 2330 5461 alios
2370 5415 2473 5469 est,
2504 5414 2560 5458 et
2598 5406 2741 5476 quod
2773 5406 2992 5477 gravius
3039 5415 3142 5471 est,
3173 5421 3266 5460 eos
3303 5405 3395 5474 qui

1821 5503 1906 5557 illa
1939 5510 2175 5572 patrare,
2205 5498 2519 5569 priusquam
2558 5498 2984 5569 captivarentur,
3016 5499 3351 5567 dejerasscnt
3378 5514 3392 5550 :

1822 5591 2022 5646 vitlesis
2052 5602 2253 5655 autem,
2277 5590 2495 5658 vidcsis,
2525 5591 2764 5663 inquam.
2791 5592 2922 5648 quin
2942 5590 3184 5647 videritis
3211 5589 3394 5660 potius

1409 5702 1639 5761 VARle
1682 5700 2084 5766 LECTIONES.

220 5810 247 5839 α
293 5798 381 5851 ἴσ.
414 5794 551 5852 εἶναι
579 5801 759 5853 αὐτόν.
