4004 6432
618 468 725 535 859

1748 482 2010 543 ΡΗΟΤΙΙ
2046 484 2550 550 PATRIARCH/E
2602 490 2711 550 CP.

3732 493 3832 556 860

599 596 793 636 omnes
823 580 1099 652 (comitem
1149 584 1316 650 enim,
1348 586 1578 651 consilii,
1610 586 1749 659 fuga:
1776 600 1881 646 tuae
1907 592 2152 647 comitem

2265 595 2367 663 ξις,
2407 598 2537 668 πρὶν
2562 597 3147 667 ὑπανδραποδισθῆναι,
3184 598 3328 667 μέγα
3354 601 3557 673 ὅρκιον.
3590 599 3738 671 Ὅρα
3773 603 3834 673 δὴ

597 671 805 725 socium
844 673 1081 745 adjungo
1108 675 1450 746 discipulum)
1485 678 1613 746 quid
1643 680 1718 733 sis
1742 681 2004 745 dicturus,
2040 698 2165 738 cum

596 764 739 817 ratio
763 764 840 819 tui
884 765 1009 821 facti
1038 782 1068 821 a
1100 776 1151 821 te
1174 768 1437 838 exigetur.
1461 770 1569 823 Sed
1588 772 1707 825 vale
1733 790 1746 827 :
1774 788 1875 827 nec
1903 773 2163 845 deinceps

594 854 805 926 fugitivi
845 858 1084 911 animum
1122 867 1467 930 mentemque
1506 862 1647 927 fove,
1703 880 1805 918 nec
1847 866 1981 920 alios
2051 883 2157 921 una

595 945 784 1018 fugere
811 948 1010 1002 allicito
1038 966 1052 1002 :
1083 957 1139 1003 et
1171 952 1407 1007 terribile
1434 951 1696 1021 judicium
1730 956 1883 1019 illud,
1913 972 1977 1011 ac
2007 957 2163 1013 inde-

595 1038 865 1106 clinabile,
903 1042 1039 1097 ultra
1079 1044 1553 1101 comminationem
1593 1063 1703 1102 non
1739 1050 2017 1119 procedet.

2264 688 2469 752 λοιπὸν,
2513 690 2635 761 ὅρα,
2690 689 2888 759 μᾶλλον
2930 689 2988 743 δὲ
3031 693 3287 761 συνορᾶτε
3334 692 3559 764 (δίδωμι
3603 697 3715 763 γάρ
3761 713 3841 748 σοι

2265 774 2519 827 κοινωνὸν
2544 776 2643 842 τῆς
2674 775 2867 846 βουλῆς
2901 777 2994 829 τὸν
3034 780 3256 848 γνήσιον
3294 782 3396 852 τῆς
3438 785 3621 853 φυγῆς
3671 782 3834 854 μαθη-

2263 866 2383 936 τὴν)
2414 866 2534 919 τίνα
2567 866 2780 937 μέλλεις
2802 868 2961 936 λόγον
2986 869 3147 938 ἔχειν,
3173 870 3261 923 ὅτε
3284 889 3342 924 σε
3367 872 3478 927 τῶν
3503 873 3835 943 τηλικούτων

2263 957 2363 1020 τὰς
2389 957 2618 1021 εὐθύνας
2657 959 2945 1030 βουληθείη
2980 960 3079 1031 μὲν
3116 964 3449 1033 πράττεσθαι
3475 966 3528 1018 1).
3572 966 3718 1017 Ἀλλ’
3756 966 3838 1038 Eg,-

2266 1053 2431 1120 ρωσο·
2461 1053 2557 1106 καὶ
2603 1054 2799 1124 μηκέτι
2843 1055 2980 1125 μήτε
3015 1056 3078 1108 σὺ
3117 1057 3393 1128 δραπέτην
3426 1059 3517 1129 ἔχε
3549 1059 3841 1129 λογισμὸν,

598 1131 738 1201 μήτε
783 1131 1136 1203 δραπετεύειν
1189 1134 1381 1199 ἄλλους
1436 1137 1703 1208 ὑπόθελγε
1730 1156 1742 1168 ”
1804 1142 1898 1195 καὶ⁴
1946 1142 2012 1195 τὰ
2064 1143 2165 1212 τῆς
2200 1142 2442 1213 ἀφύκτου
2474 1145 2567 1198 καὶ
2589 1145 2826 1216 φοϐερᾶς
2855 1147 3011 1217 δίκης
3044 1151 3123 1212 είς
3150 1150 3317 1219 μόνας
3372 1152 3611 1216 ἀπειλὰς
3673 1152 3843 1207 διαλέ-

593 1216 771 1278 λυται.

1123 1341 1337 1399 EPlST.
1376 1344 1514 1401 XLI.

841 1431 1116 1490 Zachariae
1141 1438 1484 1507 metropolin
1518 1437 1875 1496 Chalcedonis.

2857 1315 3080 1407 animi
3119 1354 3255 1406 MA'.

2491 1443 2754 1510 Ζαχαρίᾳ
2781 1442 3200 1511 ςμητροπολίτῃ
3232 1443 3643 1511 Χαλκηδόνος.

1819 1554 2082 1605 Montacut.
2122 1557 2221 1618 (ep.
2259 1554 2371 1614 225,
2402 1567 2451 1615 p.
2479 1552 2608 1615 533).

664 1643 878 1709 Inveni,
906 1647 1122 1716 Opinor,
1158 1652 1437 1720 sanguinis
1493 1654 1840 1722 ablationem,
1882 1660 2010 1714 licet
2076 1676 2172 1729 per

591 1742 858 1799 :estatem,
912 1737 988 1790 tui
1017 1741 1262 1808 corporis
1311 1741 1613 1798 habiludiui
1661 1762 1971 1818 congruam.
2015 1748 2169 1815 Quod

2362 1653 2554 1729 Εὗρον,
2598 1653 2773 1728 οἶμαι,
2820 1657 2918 1730 τὴν
2969 1659 3063 1712 τοῦ
3101 1661 3332 1729 αἵματος
3379 1663 3698 1732 ἀφαίρεσιν,
3755 1667 3838 1719 καὶ

2280 1750 2464 1821 θερίας
2496 1749 2679 1821 οὔσης,
2704 1753 2769 1821 τῇ
2810 1750 2901 1802 τοῦ
2936 1750 3181 1820 σώματός
3227 1770 3318 1805 σου
3357 1753 3599 1807 διαθέσει
3640 1760 3837 1826 συμφέ-

592 1828 842 1895 quamvis
888 1829 958 1882 sit
982 1841 1171 1885 contra
1199 1834 1510 1901 Opinionem
1547 1839 1880 1894 medicorum
1905 1841 1995 1911 qui
2021 1859 2152 1898 num

2281 1860 2493 1912 ρουσαν.
2523 1843 2585 1896 Εἰ
2616 1842 2671 1895 δὲ
2700 1842 2848 1913 παρὰ
2872 1841 3028 1906 δόξαν
3063 1844 3180 1897 ἐστὶ
3200 1845 3309 1897 τῶν
3345 1844 3439 1897 νῦν
3472 1847 3828 1911 ὲπιπολαζὰν-

592 1915 798 1985 ubique
830 1918 1130 1985 abundant,
1174 1938 1280 1977 non
1308 1934 1388 1978 est
1429 1929 1759 1996 paradoxum
1798 1943 1998 1989 tamen.
2035 1933 2152 1989 Nam

2278 1950 2383 1985 των
2418 1932 2635 2003 ίατρῶν,
2672 1931 2969 2003 παράδοξον
3015 1934 3189 1989 οὐδέν.
3235 1929 3328 1997 Οἷς
3356 1936 3465 2006 γὰρ
3508 1938 3600 1990 ἵνα
3652 1940 3727 2009 μὴ
3754 1941 3835 1992 νυν

589 2022 659 2060 ne
678 2007 812 2063 alios
863 2009 1104 2078 ipsorum
1146 2029 1358 2070 errores
1394 2034 1706 2089 persequar,
1748 2024 1943 2091 quibus
1979 2025 2171 2095 hippa-

589 2098 667 2154 ris
696 2100 926 2155 habetur
970 2104 1289 2175 polygonum
1320 2127 1334 2174 ;
1363 2113 1551 2166 seselis
1579 2154 1594 2177 ,
1630 2114 1941 2171 lierculeum
2003 2134 2170 2187 pana-

588 2203 681 2243 ces
704 2232 718 2256 ,
750 2192 839 2260 qui
873 2194 1184 2251 batrachion
1210 2215 1430 2267 parvum
1456 2205 1820 2260 chelidonium
1853 2218 2080 2278 putant;
2113 2220 2169 2267 et

586 2296 687 2351 pro
709 2284 886 2354 peplio
916 2287 1244 2359 tithymallus
1265 2294 1528 2363 habetur;
1556 2300 1752 2368 quibus
1800 2306 2167 2376 potamogiton

586 2381 671 2427 est
687 2374 1027 2446 leimonium;
1075 2391 1128 2436 et
1164 2385 1317 2453 niger
1351 2389 1679 2445 chamazleon
1722 2404 1971 2465 tanquam
1989 2398 2163 2465 albus;

585 2466 676 2534 qui
700 2483 798 2536 pro
834 2484 1099 2528 anemone
1126 2477 1413 2545 proferunt
1438 2497 1782 2553 argemonem
1818 2505 1831 2553 ;
1867 2490 2009 2560 apud
2029 2507 2165 2561 quos

583 2556 811 2615 inﬁnita:
835 2561 1123 2619 herbarum
1162 2573 1370 2637 species
1388 2582 1441 2627 et
1474 2584 1681 2631 natura:
1713 2556 2014 2650 peregrinis
2034 2556 2163 2638 sub-

585 2650 832 2705 serviunt
855 2658 1208 2724 temporibus,
1243 2662 1449 2727 usibus,
1475 2668 1788 2725 nominibus
1825 2689 1837 2725 :
1872 2687 1995 2727 nam
2042 2690 2163 2744 quae

578 2738 691 2809 jam
749 2743 877 2806 dixi,
910 2761 1020 2814 pra:
1045 2751 1295 2807 manibus
1349 2764 1495 2821 sunt,
1542 2772 1660 2827 quae
1707 2761 1823 2816 sine
1864 2767 2161 2832 quaastione

583 2840 729 2884 certa
755 2833 1025 2891 debebant
1055 2854 1174 2894 csse
1212 2842 1296 2896 vel
1345 2844 1433 2908 iis,
1463 2848 1553 2915 qui
1579 2865 1608 2901 a
1648 2862 1806 2919 portu
1834 2855 2158 2911 medicinam

583 2919 905 2978 salutat-unt.
934 2925 1075 2991 Quid
1129 2930 1413 2997 mirum,si
1468 2936 1833 3003 phlebotomia
1870 2943 1967 2997 tibi
2027 2961 2159 3000 con-

582 3014 788 3069 ducens
821 3019 888 3072 ab
918 3019 1021 3074 illis
1055 3021 1347 3091 deputetur
1388 3027 1562 3082 aliena
1592 3030 1615 3082 ?
1655 3032 1734 3085 Tu
1791 3034 1835 3088 si
1870 3037 2155 3094 consilium

585 3122 765 3163 meum
790 3111 1096 3179 admiseris,
1142 3132 1263 3171 cum
1291 3118 1433 3175 bono
1478 3122 1609 3189 Deo,
1659 3125 1874 3184 illorum
1927 3132 2151 3200 pudore,

580 3201 915 3270 experientia
946 3204 1291 3275 profuturum
1353 3211 1621 3270 invenies.

1136 3490 1355 3548 EPIST.
1387 3493 1552 3550 XLII.

850 3579 1091 3637 Michaeli
1148 3585 1421 3656 Mitylene:
1467 3593 1833 3659 metropolitw.

2277 2025 2375 2087 τὰς
2416 2024 2580 2087 ἄλλοις
2612 2024 2790 2079 αὐτῶν
2843 2026 2971 2094 περὶ
3014 2025 3112 2097 τὴν
3158 2027 3356 2096 τέχνην
3409 2030 3749 2099 ἁμαρτάδας,
3793 2035 3836 2085 οἰ

2278 2132 2369 2183 μοι
2396 2104 2561 2184 λέγω,
2595 2115 2707 2168 ἀλλ’
2752 2116 3010 2186 ίππουρὶς
3043 2117 3143 2187 μὲν
3179 2117 3461 2187 νομίζεται
3510 2122 3575 2173 τὸ
3624 2122 3833 2190 πολύγο-

2274 2224 2364 2260 νον
2392 2223 2406 2238 ·
2454 2206 2661 2270 σέσελις
2694 2206 2749 2258 δὲ
2786 2206 2846 2258 τὸ
2887 2207 3179 2277 ἡράκλειον
3210 2211 3484 2273 πάνακεῳ
3537 2215 3637 2264 καὶ
3671 2208 3753 2265 οἷα
3777 2216 3829 2283 δὴ

2275 2298 2567 2369 βατράχων
2603 2300 2661 2352 τὸ
2686 2299 2907 2371 μικρὸν,
2943 2300 3189 2370 κρίνεται
3230 2301 3559 2371 χελιδόνιον·
3608 2307 3702 2357 καὶ
3728 2308 3829 2358 ἀντι

2277 2390 2375 2461 μὲν
2408 2391 2657 2457 πεπλίου,
2702 2391 3028 2461 τιθύμαλλος
3048 2410 3062 2425 ·
3100 2393 3175 2454 ὠς
3229 2397 3648 2463 ποταμογείτων
3677 2397 3751 2457 δὲ,
3776 2399 3828 2448 τὺ

2269 2481 2586 2551 λειμώνιον·
2620 2482 2767 2534 καὶὸ
2806 2482 2905 2551 μὲν
2959 2482 3129 2551 μέλας
3160 2484 3495 2553 χαμαιλέων,
3532 2486 3613 2548 ὡς
3654 2487 3826 2550 λευκὲς

2271 2562 2795 2643 παραλαμϐάνεται·
2835 2572 2956 2626 ἀντὶ
2986 2572 3043 2625 δὲ
3097 2573 3194 2643 τῆς
3232 2575 3540 2644 ἀνεμώνης,
3586 2579 3620 2646 ἡ
3669 2577 3821 2647 ἀργε-

2271 2662 2459 2732 μώνη⁶
2508 2663 2601 2716 καὶ
2633 2663 2841 2733 μυρίων
2927 2663 3102 2717 ἄλλων
3142 2664 3329 2732 φύσεις
3374 2665 3621 2734 βοτανῶν
3673 2668 3820 2732 ξένοις

2268 2753 2598 2823 ὑπηρετοῦσι
2650 2755 2742 2805 καὶ
2782 2756 3011 2825 καιροῖς,
3049 2755 3144 2807 καὶ
3186 2757 3420 2826 χρείαις,
3456 2759 3556 2811 καὶ
3588 2760 3815 2827 ὀνόματι.

2268 2844 2472 2915 (Ταῦτα
2500 2844 2563 2914 δὴ
2590 2844 2759 2896 ταῦτα
2790 2844 2858 2898 τὰ
2911 2846 3197 2916 πρόχειρα,
3238 2848 3333 2899 καὶ
3374 2846 3411 2901 ἃ
3448 2849 3591 2917 μηδὲ
3638 2854 3742 2912 τοῖς
3770 2854 3815 2903 ἐν

2275 2936 2569 3007 προθύροις
2604 2937 2851 3008 ἰατρικῆς
2890 2938 3164 3009 προσῆκον
3198 2934 3265 3009 ἦν
3310 2941 3367 2992 ὲν
3427 2942 3817 3011 ἀμφισϐητήσει

2264 3029 2662 3099 καθίστασθαι.)
2736 3030 2799 3082 Τί
2863 3028 3175 3097 θαυμαστὸν
3246 3033 3346 3085 κᾶν
3396 3034 3429 3102 ἡ
3486 3034 3816 3103 φλεϐοτομία,

2259 3118 2524 3190 χρειώδης
2569 3120 2704 3174 οὖσά
2761 3138 2864 3186 σοι,
2930 3122 3139 3186 τούτοις
3190 3126 3475 3196 νομισθείη
3532 3126 3815 3192 ξενίζουσα,

2261 3209 2422 3272 αὐτὸς
2445 3208 2500 3262 δὲ
2536 3210 2633 3281 τὴν
2665 3211 2973 3282 συμϐουλὴν
3002 3212 3309 3283 δεχόμενος,
3336 3216 3434 3268 σὺν
3480 3215 3601 3286 Θεῷ
3627 3218 3815 3287 Σωτῆρι

2260 3301 2446 3369 φάναι,
2484 3302 2576 3354 καὶ
2626 3302 2717 3355 τὸν
2760 3302 2981 3373 ἔλεγχον
3031 3304 3273 3371 ἐκείνων,
3302 3310 3368 3378 τῇ
3402 3309 3595 3380 πείρᾳ,
3632 3311 3722 3361 καὶ
3760 3312 3810 3361 τὸ

2260 3392 2348 3446 σὸν
2382 3392 2631 3463 εὑρήσεις
2660 3393 2869 3464 κέρδος.

2835 3512 3060 3567 ΕΠΙΣΤ.
3104 3512 3235 3567 MB’.

2507 3601 2750 3670 Μιχαὴλ
2773 3606 3185 3674 μητροπολίτῃ
3218 3608 3593 3673 Μιτυλήνης.

1799 3706 2059 3756 Montacut.
2090 3706 2194 3769 (ep.
2226 3707 2336 3771 225,
2364 3723 2414 3771 p.
2443 3711 2580 3774 55L).

642 3788 773 3854 Quae
802 3797 860 3845 tu
877 3807 1072 3862 passus
1094 3809 1152 3850 es
1177 3811 1209 3850 a
1237 3803 1699 3867 persecutoribus,
1745 3806 1835 3860 alii
1888 3807 2027 3861 forte
2055 3822 2148 3860 ex-

572 3880 768 3935 cedere
807 3884 1059 3939 solatium
1116 3886 1326 3954 dicent,
1388 3906 1486 3962 ego
1514 3908 1637 3947 cum
1672 3904 1761 3950 tua
1819 3898 1958 3952 bona
1991 3901 2151 3955 venia

570 3970 799 4024 dixerim
839 3973 996 4028 laude
1027 3977 1175 4030 omni
1208 3980 1413 4047 majora
1442 3996 1561 4036 esse
1604 4000 1618 4037 :
1670 3996 1972 4053 opportune
2023 4004 2150 4060 ergo

570 4061 1023 4118 considerandum
1056 4076 1141 4121 est
1175 4079 1357 4123 utrum
1392 4070 1533 4126 inter
1578 4090 1672 4128 eos
1713 4076 1844 4130 velis
1877 4094 1998 4132 esse
2048 4081 2142 4150 qui

569 4151 941 4219 miseratione,
973 4170 1040 4208 an
1107 4156 1363 4214 felicitate
1382 4163 1745 4233 excipiuntur.
1777 4164 1972 4221 Sicum
1996 4181 2147 4240 grato

569 4242 750 4295 animo
772 4246 993 4313 patiaris
1015 4247 1146 4318 (scio
1165 4253 1308 4320 quod
1330 4254 1408 4307 sic
1428 4256 1697 4327 patieris),
1722 4260 1952 4328 optarim
1970 4263 2150 4326 adhuc

567 4332 737 4401 magis
787 4342 1001 4391 tuarum
1040 4341 1355 4407 passionum
1399 4356 1453 4399 et
1505 4362 1826 4404 coronarum
1876 4354 2143 4424 particeps

566 4422 683 4475 ﬁeri
720 4440 733 4476 :
771 4424 877 4490 sin,
903 4429 1045 4496 quod
1106 4432 1388 4501 deprecor,
1448 4452 1549 4491 nec
1575 4438 1795 4494 elferam
1826 4461 1838 4508 ;
1874 4444 1999 4513 quia
2052 4461 2139 4500 me

565 4515 795 4584 ineptire
821 4534 1140 4587 persuasum
1179 4524 1351 4579 habeo
1378 4543 1394 4594 ;
1425 4528 1598 4583 dicam
1625 4536 1932 4590 communia
1964 4538 2153 4594 denuo‘

564 4606 675 4662 sint
720 4618 811 4664 tua
868 4627 1080 4668 mecum
1148 4619 1467 4686 certamina,
1551 4626 2144 4697 remunerationesque.

561 4698 712 4756 Vale.

1060 4793 1283 4851 EPIST.
1319 4796 1503 4853 XLIII.

942 4886 1185 4943 Michaeli
1220 4890 1562 4959 metropolitw
1592 4893 1889 4968 Mitt/tenes.

2165 4913 2216 4969 Ι)

2325 3808 2407 3861 Τά
2440 3809 2537 3879 μὲν
2569 3812 2647 3874 είς
2677 3812 2736 3864 σὲ
2762 3812 2868 3865 τῶν
2894 3813 3195 3867 διωκόντων
3240 3816 3411 3887 πάθη,
3455 3818 3602 3877 ἄλλος
3639 3823 3703 3874 ἄν
3726 3838 3809 3887 τις

2248 3898 2391 3951 είποι
2422 3900 2589 3969 μείζω
2628 3903 2984 3975 παραμυθίας
3010 3922 3023 3936 ⁸
3057 3905 3166 3973 ἐγὼ
3212 3907 3269 3959 δὲ
3332 3909 3429 3961 σοῦ
3482 3911 3799 3980 βουλομένου

2248 3990 2411 4060 φαίην
2436 3990 2502 4044 ἂν
2524 3992 2693 4061 μείζω
2727 3994 3020 4063 εὐφημίας.
3057 3997 3199 4067 ’Ὦρα
3229 3994 3323 4051 οὖν
3375 4000 3689 4054 ἐπισκοπεῖν
3732 4021 3809 4066 σε,

2248 4082 2474 4151 πότερον
2523 4084 2589 4138 ἂν
2622 4084 2760 4137 ἕλοιο
2789 4085 2897 4139 τῶν
2948 4087 3152 4157 σφόδρα
3211 4090 3577 4160 ὲλεουμένων,
3627 4096 3659 4163 ἦ
3706 4096 3811 4148 τῶν

2249 4178 2452 4249 σφόδρα
2486 4180 2965 4251 μακαριζομένων,
2998 4179 3157 4237 εἶναι.
3196 4185 3293 4238 Ἂν
3328 4188 3427 4256 μὲν
3461 4192 3576 4257 γὰρ
3604 4192 3821 4262 εὐχαρίσ

2247 4285 2386 4333 στως
2413 4271 2598 4340 φέρεις
2638 4268 2773 4341 (οἶδα
2795 4272 2839 4325 δ’
2892 4274 2973 4326 ὃτι
3005 4276 3237 4345 φέροις),
3295 4277 3529 4349 εὔχομαί
3563 4298 3658 4333 σου
3716 4284 3815 4334 τῶν

2248 4364 2546 4430 στεφάνων,
2584 4365 2679 4416 καὶ
2711 4366 2819 4416 τῶν
2852 4365 3057 4430 παθῶν,
3100 4368 3193 4418 ἐπὶ
3232 4367 3391 4422 πλέον
3450 4372 3809 4440 κοινωνῆσαι·

2247 4452 2314 4505 ἂν
2343 4452 2385 4505 δ’
2416 4456 2550 4525 ὅπερ
2600 4455 2909 4525 ἀπεύχομαι
2937 4498 2950 4520 ,
2982 4456 3097 4509 ἀλλ’
3144 4458 3243 4510 οὐκ
3271 4458 3337 4511 ἂν
3380 4460 3494 4530 ἐρῶ
3525 4478 3540 4490 ·
3596 4466 3691 4515 καὶ
3723 4464 3821 4532 γάρ

2246 4542 2549 4614 πέπεισμαι
2608 4546 3059 4617 ματαιολογήσειν
3086 4562 3099 4575 ·
3139 4547 3221 4600 διό
3275 4566 3366 4616 μοι
3420 4550 3590 4603 πάλιν
3630 4554 3816 4621 εἴησαν

2249 4637 2422 4700 κοινὰ,
2458 4638 2553 4691 καὶ
2576 4640 2625 4690 οί
2654 4632 2829 4703 ἆθλοι,
2858 4639 2947 4691 καὶ
2984 4639 3051 4692 τὰ
3079 4638 3302 4693 ἔπαθλα.
3353 4642 3635 4713 Ἐρῤωσο.

2832 4814 3056 4868 ΕΠΙΣΤ.
3092 4813 3221 4869 Ml".

2490 4904 2731 4972 Μιχαὴλ
2764 4905 3169 4973 μητροπολίτῃ
3194 4907 3568 4975 Μιτυλήνης.

1782 5009 2045 5061 Montacut.
2072 5012 2177 5077 (ep.
2205 5015 2314 5078 227,
2350 5032 2401 5079 p.
2438 5019 2570 5083 554).

627 5078 777 5133 Alius
802 5089 1016 5151 Optaret
1039 5094 1250 5141 tuarum
1285 5104 1611 5147 coronarum
1650 5095 2009 5166 participare;
2040 5101 2133 5156 sed

556 5182 663 5221 non
696 5177 815 5224 tuas
834 5174 1133 5241 passiones,
1158 5194 1221 5233 ac
1261 5197 1359 5249 pro
1382 5182 1578 5251 pietate
1612 5187 1906 5242 certamina
1924 5191 2132 5248 subire:

552 5258 692 5314 mihi
744 5260 1074 5321 honorandae
1106 5278 1234 5323 sunt
1283 5273 1569 5341 passiones
1619 5284 1745 5341 tua}.
1791 5277 1915 5332 licet
1970 5297 2131 5337 nemo

553 5366 719 5406 manu
753 5363 967 5411 extenta
993 5360 1155 5428 capiti
1191 5378 1311 5417 meo
1342 5379 1597 5420 coronam
1635 5368 1899 5441 imponat.
1938 5372 2129 5428 Virum

554 5449 845 5513 tantopere
891 5451 1257 5506 aemulandum
1283 5467 1337 5509 et
1367 5456 1599 5524 felicem,
1634 5469 1742 5516 tam
1771 5462 2031 5520 illustrem
2082 5478 2136 5522 et

554 5538 913 5605 conspicuum
966 5543 1023 5597 in
1077 5544 1208 5614 ipsis
1272 5550 1575 5615 pathemasi
1627 5555 1965 5626 despondere
2026 5573 2131 5612 non

557 5626 713 5684 decet
732 5633 1206 5692 animumJlerum
1232 5640 1377 5695 enim
1408 5647 1778 5717 praesentium,
1813 5649 1939 5705 licet
1970 5650 2130 5721 legis—

2315 5105 2504 5169 Ἀλλος
2534 5106 2599 5160 ἄν
2627 5124 2711 5170 τις
2736 5107 2958 5177 ηύξαιτο
2985 5111 3168 5178 τυχεῖν
3204 5107 3486 5174 στεφάνων
3520 5107 3631 5158 τῶν
3683 5109 3803 5170 σῶν,

2238 5196 2364 5250 ἄνευ
2395 5196 2484 5249 τοῦ
2505 5197 2573 5250 τὰ
2610 5198 2678 5251 σὰ
2705 5198 2873 5268 πάθη,
2906 5200 2997 5251 καὶ
3031 5200 3155 5261 τοὺς
3189 5198 3313 5259 σοὺς
3348 5197 3486 5266 ὑπὲρ
3525 5196 3801 5258 εὐσεϐείας

2238 5286 2454 5353 ἄθλους,
2505 5289 2777 5344 ὑπελθεῖν.
2825 5289 2978 5359 Ἐμοὶ
3005 5290 3059 5341 δὲ
3100 5289 3260 5358 τίμια
3297 5287 3366 5339 τά
3431 5286 3581 5353 πάθη
3604 5287 3674 5340 τὰ
3712 5287 3797 5350 σὰ,

2237 5379 2339 5432 κᾶν
2371 5381 2535 5450 μήπω
2555 5399 2637 5444 τις
2658 5380 2910 5434 ἐκτείνων
2938 5379 3034 5449 τὴν
3067 5381 3244 5450 χεῖρα,
3272 5377 3573 5445 στεφάνους
3595 5381 3659 5447 τῇ
3685 5379 3790 5445 ἐμῇ

2236 5471 2527 5541 προσάπτῃ
2580 5475 2810 5543 κεφαλῇ.
2857 5474 2931 5526 Οὐ
3004 5474 3102 5534 δεῖ,
3175 5469 3483 5539 τοιγαροῦν,
3570 5469 3796 5537 ἀθυμεῖν

2232 5560 2375 5614 οὓτω
2411 5561 2649 5631 ζηλωτὸν
2678 5564 2769 5615 καὶ
2805 5564 3093 5633 μακάριον,
3120 5563 3211 5614 καὶ
3243 5565 3300 5613 εν
3331 5562 3515 5624 αὐτοῖς
3540 5563 3652 5622 τοῖς
3680 5577 3795 5611 κιν-

2229 5651 2427 5716 δύνοις,
2468 5654 2563 5706 καὶ
2604 5654 2716 5715 τοῖς
2761 5654 3068 5724 παθήμασι,
3119 5653 3483 5721 ἀναφανέντα,
3526 5650 3638 5704 καῖ’
3662 5652 3794 5704 {rva-

1855 5788 2090 5846 VARl/E
2122 5790 2525 5849 LECTlONES.

633 5890 662 5931 ιι
688 5890 772 5943 to.
812 5894 839 5945 ὁ
864 5892 993 5958 Θεδς
1022 5896 1479 5970 εἰσπράττεσθαι.
