4004 6426
143 455 239 520 831

1301 461 1834 526 EPISTOLARUM
1872 461 2103 523 LIBER
2124 492 2125 495 η
2146 461 2223 521 [Ι.

3263 459 3372 521 86Ξ

144 570 456 639 λάμψαντα.
487 571 568 625 Τὰ
591 572 690 642 μὲν
707 573 814 645 γὰρ
841 576 1090 639 ἐνταῦθα,
1115 578 1219 634 κᾶν
1241 582 1566 649 νομοθετῶν,
1600 579 1702 633 κᾶν

1813 574 2054 638 latorum,
2096 571 2499 642 praphetarum,
2534 584 2720 641 regum
2748 566 2983 640 piorum,
3022 568 3262 624 virorum
3284 587 3377 625 ve-

144 661 463 733 προφητῶν,
495 664 598 717 κᾶν
631 664 870 720 εὐσεϐῶν
916 667 1198 738 βασιλέων,
1247 673 1351 726 κᾶν
1387 673 1563 738 ἄλλως
1615 674 1708 728 ἀν-

143 752 290 824 δρῶν
312 753 567 825 ἀληθείας
602 756 789 825 φίλων,
838 759 1035 830 σιγῷεν
1074 760 1290 817 ἅπαντα
1320 764 1389 817 τὰ
1437 766 1705 835 στόματα,

140 842 240 915 τὴν
266 845 324 897 ἐν
355 844 539 908 αὐτοῖς
572 847 1019 916 ἐκτραγῳδοῦντα
1064 852 1401 922 ματαιότητα
1420 868 1433 881 ⁸
1467 853 1584 907 ἀλλ’
1614 851 1708 907 οὖν

140 938 298 1007 ὁρᾷς,
346 938 490 999 ὅπως
521 941 584 1008 τῇ
624 938 861 1008 διηνεκεῖ
886 941 1069 1011 ρεύσει
1113 943 1207 996 καὶ
1264 944 1556 1017 μεταϐολῇ,
1610 947 1710 1001 οὐκ

140 1028 340 1098 ἠρέμει
403 1027 796 1098 ἀλλοιούμενα*
838 1030 952 1083 ἀλλ’
992 1031 1103 1085 ἄνω
1134 1034 1230 1086 καὶ
1278 1034 1428 1089 κάτω
1481 1035 1709 1105 φέρεται

139 1117 273 1181 δόξα
300 1119 469 1184 πᾶσα,
505 1120 599 1173 καὶ
634 1119 882 1186 πλοῦτος,
913 1121 1007 1174 καὶ
1034 1122 1212 1192 τύχαι,
1254 1126 1349 1178 καὶ
1389 1125 1710 1197 λαμπρότη-

137 1224 256 1274 τες,
287 1211 382 1263 καὶ
410 1211 561 1264 οὐδέν
582 1213 698 1265 ἐστι
727 1213 835 1266 τῶν
852 1214 1153 1284 παρόντων,
1176 1216 1312 1287 ὅπερ
1337 1218 1427 1274 τὸν
1459 1220 1709 1290 σώφρονα

138 1300 269 1353 νοῦν
298 1301 743 1372 ἐπισπασάμενον
777 1301 1108 1371 ὕποθὲλξειε.
1153 1308 1273 1361 Τῶν
1307 1308 1364 1362 δὲ
1406 1310 1609 1376 ἐκεῖθε,
1642 1312 1711 1365 τά

137 1408 200 1445 τε
228 1394 367 1448 ἄλλα
412 1396 551 1463 ὑπὲρ
582 1396 831 1468 διήγησιν
879 1398 1065 1464 ὄντων,
1114 1402 1208 1453 καὶ
1257 1402 1335 1473 τῷ
1368 1402 1711 1476 ἀναλλοιὼτῳ

139 1486 237 1537 καὶ
268 1485 554 1559 ἀρῤεύστῳ
582 1488 679 1559 τὴν
705 1490 813 1542 τῶν
840 1490 1061 1560 ἀγαθῶν
1084 1492 1380 1548 ἀπόλαυσιν
1401 1500 1511 1558 τοῖς
1541 1496 1710 1562 ἀξίοις

140 1580 565 1648 παρεχομένων·
594 1580 676 1645 τίς
705 1583 838 1653 πρὸς
866 1585 934 1637 τὰ
973 1586 1149 1639 ἐκεῖθε
1180 1587 1279 1650 τὰς
1318 1590 1539 1654 ἐλπίδας
1570 1590 1709 1661 ἔχων

140 1671 463 1741 ἱσταμένας,
496 1673 588 1726 καὶ
630 1676 752 1739 τοὺς
807 1677 1117 1748 ὀφθαλμοὺς
1149 1681 1551 1750 ἡνεῳγμένους,
1596 1685 1710 1747 τοῖς

137 1760 381 1833 παροῦσι
450 1767 641 1829 κακοῖς
681 1771 1037 1837 συμπεσεῖτα,
1065 1770 1291 1841 ὀνείροις
1327 1771 1417 1825 ἴσα
1442 1772 1705 1841 λυποῦσι,

135 1856 236 1909 καὶ
282 1856 612 1927 ἐξαθυμήσει
668 1862 800 1925 τοῖς,
857 1862 924 1915 δι’
969 1855 1043 1916 ὧν
1098 1863 1214 1918 ἔστι
1267 1865 1700 1937 λαμπρύνεσθαι,

1808 663 1982 718 ritatis
2009 662 2303 717 amantium
2328 670 2468 727 acta,
2490 662 2671 715 omnia
2686 661 2910 715 omnino
2937 676 3027 715 ora
3059 661 3373 727 reticerem,

1808 769 1870 809 ea
1894 762 1976 809 est
1995 753 2253 819 conditio,
2284 761 2344 806 ut
2380 767 2531 806 suam
2589 752 2905 807 {utilitatem
2946 753 3150 824 tragice
3206 770 3377 823 expo-

1808 856 1940 901 nant
1974 865 1988 900 :
2017 862 2199 901 annon
2228 846 2382 902 vides
2424 855 2485 901 ut
2512 846 2659 900 ﬂuxu
2688 840 2948 901 continuo
2995 854 3049 901 et
3078 847 3379 901 mutatione

1809 936 2111 990 alterantur
2133 937 2252 991 sine
2274 952 2459 1004 sensu,
2508 954 2708 1008 susque
2759 938 2935 1008 deque
2987 938 3157 992 fertur
3213 940 3378 1009 gloria

1808 1027 2005 1093 omnis,
2036 1028 2254 1093 divitiae,
2282 1028 2529 1095 fortunae,
2563 1031 2903 1100 splendores,
2941 1046 3044 1083 nec
3084 1031 3379 1100 quidquam

1809 1117 1865 1171 in
1916 1118 2076 1172 rebus
2100 1119 2475 1187 praesentibus,
2500 1121 2644 1189 quod
2675 1128 2913 1175 mentem
2976 1120 3211 1174 sobriam
3260 1122 3381 1175 alli-

1810 1208 1919 1263 ciat
1970 1216 2065 1263 aut
2091 1210 2159 1264 ad
2205 1226 2263 1265 se
2285 1212 2495 1266 trahat?
2523 1211 2651 1277 Quae
2686 1213 2743 1266 in
2767 1212 2916 1267 caelis
2939 1222 3085 1278 sunt,
3112 1230 3235 1268 cum
3258 1230 3378 1268 om-

1808 1314 1934 1355 nem
1987 1301 2252 1357 excedant
2327 1304 2764 1373 explicationem,
2820 1305 3214 1369 inalterabilia,
3278 1322 3382 1360 nec

1809 1391 1955 1446 ﬂuxa
1992 1395 2447 1463 sunt;atqueita
2493 1402 2751 1450 aeternam
2802 1404 3059 1466 praestant
3113 1397 3379 1450 bonorum

1809 1483 2120 1539 fruitionem
2149 1485 2212 1539 iis
2237 1486 2326 1555 qui
2359 1498 2636 1540 merentur
2681 1488 2909 1557 :ecquis
2949 1496 3053 1556 est,
3101 1488 3188 1541 cui
3239 1487 3381 1542 oculi

1811 1588 1938 1630 sunt
1963 1576 2135 1645 aperti
2176 1586 2424 1645 respectu
2453 1578 2730 1632 stabilium
2764 1578 2978 1632 illorum
3018 1594 3139 1648 quae
3161 1595 3382 1648 speran-

1810 1673 1902 1719 tur
1928 1666 2020 1729 ibi,
2043 1681 2165 1720 cum
2194 1667 2349 1722 malis
2376 1672 2740 1737 prasentibus
2769 1676 3060 1743 coincidet,
3084 1691 3204 1744 qua:
3229 1677 3382 1730 simi-

1811 1758 1882 1813 lia
1930 1767 2059 1813 sunt
2098 1759 2381 1815 insomniis
2410 1761 2653 1817 dolorem
2687 1764 3102 1822 inferentibus?
3144 1768 3275 1833 Quis
3326 1768 3383 1822 in

1811 1851 1993 1905 medio
2037 1851 2403 1906 certaminum
2468 1856 2900 1925 contristabitur,
2946 1860 3089 1912 unde
3150 1876 3247 1929 par
3301 1870 3383 1915 est

135 1945 549 2017 ἀγωνίσμασιν;
581 1950 834 2019 Ἀμεινον
863 1952 976 2018 οῦν,
1003 1949 1177 2025 οἶμαι,
1208 1957 1304 2009 καὶ
1339 1959 1586 2028 κρεῖττον
1618 1960 1706 2012 λό-

1813 1958 1931 1997 eum
1983 1942 2359 2012 magniﬁcari?
2386 1942 2652 2010 Quocirca
2692 1958 2968 2017 ,ιιι-αδδιδι,
3010 1950 3262 2014 arbitror,
3331 1959 3385 2004 et

135 2053 239 2104 γου
274 2038 497 2102 παντὸς,
530 2041 588 2093 ἐν
615 2041 843 2113 ὀνείροις
887 2042 1079 2114 ἔχοντα
1109 2046 1177 2099 τὰ
1202 2046 1388 2117 χείρω,
1430 2048 1537 2102 τῶν
1585 2051 1707 2103 καθ’

136 2128 292 2201 ῦπαρ
312 2131 552 2199 ἀγαθῶν,
586 2136 678 2187 καὶ
710 2135 1107 2206 ἁνεκλαλήτων,
1131 2138 1190 2191 ἐν
1212 2138 1508 2193 ἀπολαύσει
1549 2142 1708 2209 γενέ-

138 2220 269 2274 σθαι
300 2221 375 2292 μὴ
411 2224 671 2296 ληγούσῃ,
702 2226 734 2296 ἦ
774 2226 1003 2298 ὀνείροις
1054 2230 1226 2300 μικρὰ
1269 2231 1364 2284 καὶ
1401 2232 1710 2304 πρόσκαιρα

136 2313 509 2383 πλανηθέντα,
555 2318 651 2370 καὶ
700 2318 985 2386 παίξαντα,
1018 2320 1126 2374 τῶν
1170 2322 1464 2393 ἀδιαδόχων
1518 2327 1711 2397 πειρᾶ-

136 2403 266 2459 σθαι
294 2406 495 2461 κακῶν.

725 2544 946 2600 ΕΠΙΣΤ.
993 2547 1123 2602 ΜΔΖ

380 2655 731 2726 Ἆμφιλοχίῳ
759 2661 1169 2731 μητροπολίτῃ
1217 2663 1492 2724 Κυζίκου.

1808 2035 1999 2105 majori
2030 2050 2153 2089 cum
2214 2041 2424 2091 ratione
2468 2039 2822 2108 conjunctum
2877 2050 2981 2103 est,
3040 2042 3225 2111 pejora
3285 2057 3386 2111 pro

1808 2127 2092 2182 insomniis
2142 2128 2345 2182 habere
2376 2129 2846 2211 vigilantem,vero
2898 2134 3039 2188 bona
3092 2134 3385 2189 ineﬂ'abilia

1812 2227 1996 2274 etnon
2030 2219 2381 2274 didundenda
2408 2236 2504 2290 per
2534 2222 2855 2293 l'ruitionem
2886 2226 3166 2294 consequi,
3223 2240 3385 2293 quam

1813 2318 2172 2384 somniorum,
2214 2322 2427 2393 exigua,
2477 2322 2814 2390 temporalia,
2856 2321 3117 2386 errantia,
3149 2321 3388 2375 ludentia

1804 2409 1947 2464 bona
1975 2409 2281 2481 eligentem,
2311 2412 2471 2465 malis
2508 2412 3004 2467 interminabilibus
3052 2422 3384 2483 permutare.

2344 2550 2566 2605 EPIST.
2606 2550 2793 2605 XLIV.

2124 2667 2483 2737 Amphilochia
2524 2667 2698 2738 Cyzici
2743 2666 3103 2735 metropolitaz.

1367 2797 1630 2849 Montacut.
1658 2800 1761 2863 (ep.
1782 2800 1893 2864 207,
1915 2816 1964 2864 p.
1991 2803 2125 2865 504).

205 2883 273 2937 Oi
308 2883 407 2952 μὲν
431 2884 579 2937 ἄλλοι
612 2885 704 2939 τοῦ
753 2888 1037 2953 Πλάτωνος
1087 2891 1233 2960 λόγοι
1287 2894 1378 2946 τοῦ
1429 2896 1705 2951 πολιτικοῦ

131 2972 299 3044 λόγου
330 2978 603 3045 πεφύκασι
633 2979 927 3050 γνώμονες,
962 2984 1099 3054 πλὴν
1145 2987 1200 3037 εί
1233 3005 1285 3039 τι
1327 2990 1446 3042 κατ’
1480 2990 1709 3062 ἐκλογὴν

1912 2900 2104 2955 Caeteri
2167 2900 2409 2955 Platonis
2463 2914 2745 2954 sermones
2821 2914 3119 2971 gnomoncs
3168 2897 3386 2967 quidam

1816 3003 1943 3047 sunt
1976 2991 2179 3061 politici
2211 2990 2497 3055 sermonis,
2538 2990 2637 3045 nisi
2676 2990 2818 3060 quod
2841 2991 3131 3043 verborum
3194 2987 3389 3040 electio

129 3068 418 3139 ὀνομάτων
439 3070 652 3139 ἐνιαχοῦ
673 3089 819 3143 παρη
828 3074 1074 3145 μέληται·
1100 3078 1158 3129 αί
1192 3078 1247 3131 δὲ
1268 3079 1455 3133 τούτου
1486 3084 1705 3136 ἐπιστο-

129 3159 151 3180 Ἇ
173 3178 184 3180 -
199 3165 212 3180 \
259 3163 279 3180 9
301 3179 332 3180 εκ
441 3179 450 3180 κ
524 3162 547 3173 ~
624 3165 636 3177 ε
721 3164 733 3180 ι
857 3165 873 3180 ι
992 3168 1005 3180 ι
1298 3173 1309 3180 .
1418 3172 1443 3180 -
1490 3175 1502 3180 -

1814 3098 2211 3152 nonnunquam
2246 3082 2558 3153 negligitur.
2590 3082 2660 3135 At
2697 3082 2939 3152 epistola:
2976 3080 3095 3149 ejus
3130 3094 3194 3132 ex
3231 3093 3387 3147 aequo

129 3159 225 3213 λαὶ
259 3163 371 3214 ἴσον
400 3179 458 3214 τε
490 3162 587 3231 τῆς
621 3164 825 3217 ἐκείνου
857 3165 1188 3238 λογιότητος,
1226 3173 1320 3225 κα)⁵
1353 3172 1445 3226 τοῦ
1487 3175 1706 3228 ἐπιστο-

1813 3174 2054 3229 fortassis
2087 3173 2385 3239 deﬁciunt,
2417 3189 2539 3228 cum
2579 3174 2650 3227 ab
2677 3174 2845 3243 ipsius
2883 3172 3211 3236 conditione,
3275 3178 3389 3222 tum

128 3251 356 3323 λιμαίου
384 3253 556 3305 τύπου
587 3254 989 3313 ἀπολείπονται.
1024 3262 1089 3313 Αἱ
1118 3261 1174 3314 δέ
1198 3280 1262 3330 γε
1306 3264 1400 3318 τοῦ
1461 3266 1702 3337 Ἀριστο-

126 3341 342 3407 τέλους,
370 3343 478 3397 τῶν
530 3346 627 3415 μὲν
656 3347 828 3400 ἄλλων
876 3352 1041 3404 αὑτοῦ
1074 3355 1417 3423 γραμμάτων
1447 3359 1553 3411 εἰσί
1582 3377 1701 3423 πως

124 3431 565 3505 λογωδέστεραιο
601 3438 736 3510 πλὴν
785 3441 903 3494 οὐδὲ
958 3446 1074 3508 ταῖς
1112 3446 1481 3513 Πλατωνικαῖς
1526 3451 1708 3517 ἐξισά-

126 3520 311 3587 ζουσι.
340 3525 709 3595 Δημοσθένους
742 3529 796 3582 δὲ
827 3533 873 3583 οί
900 3531 999 3601 μὲν
1031 3534 1180 3587 ἄλλοι
1218 3536 1390 3603 πόνοι,
1422 3539 1513 3592 καὶ
1541 3540 1706 3610 ρητό-

128 3632 251 3686 ρων
288 3617 382 3669 καὶ
412 3623 674 3689 κριτικῶν
706 3624 1002 3693 ἐγκωμίοις
1035 3627 1300 3699 πληροῦσι
1333 3630 1402 3683 τὰ
1438 3632 1703 3703 στόματα.

124 3710 253 3770 Τὰς
304 3706 590 3777 ἐπιστολάς
630 3715 707 3780 δὲ,
764 3717 915 3769 οὐδὲν
974 3721 1230 3789 ἀμείνους
1296 3724 1553 3795 εὑρήσεις
1600 3727 1709 3782 τῶν

127 3804 446 3868 Πλάτωνος.
483 3806 634 3862 Τίσιν
668 3808 759 3862 οὖν
782 3812 1085 3877 ἐπιστολαῖς
1130 3816 1437 3887 ὁμιλητέον,
1481 3820 1575 3873 καὶ
1600 3821 1709 3874 τίσι

124 3888 675 3967 τδνέπιγνωσθὲντα
706 3903 839 3972 ημῖν
887 3903 975 3957 διὰ
1013 3906 1111 3975 τῆς
1147 3908 1342 3979 τέχνης
1384 3913 1709 3981 χαρακτῆρα

125 3990 543 4060 ἐφαρμόζοντες
598 3994 697 4063 τὴν
748 3997 1055 4064 γυμνασίαν
1114 4000 1515 4071 συλλεξόμεθα;
1556 4004 1712 4057 Ἔστι

128 4086 243 4154 μὲν
272 4085 367 4137 καὶ
403 4084 530 4138 ἄλλο
578 4086 783 4156 πλῆθος
842 4089 1067 4160 ἄπειρον
1092 4108 1107 4122 ο
1146 4091 1286 4161 ἔχεις
1335 4094 1401 4158 δ’,
1461 4095 1547 4149 ἵνα
1579 4096 1714 4168 μηδέ

128 4178 356 4247 μακρὸν
405 4174 552 4249 ⁴ᾕσοι
612 4179 673 4231 τὸ
719 4179 817 4250 τῆς
852 4184 1158 4251 γυμνασίας
1215 4186 1448 4253 στάδιον,
1512 4187 1609 4253 τὰς
1635 4191 1715 4251 εἰς

122 4268 380 4337 Φάλαριν
413 4271 636 4336 ἐκεῖνον,
670 4269 842 4341 οἶμαι,
881 4272 971 4325 τὸν
1008 4271 1427 4342 Ἀκραγαντῖνον
1450 4277 1712 4348 τύραννον

1808 3282 1839 3321 a
1868 3267 2040 3322 forma
2070 3267 2373 3337 epistolari.
2394 3267 2703 3321 Aristotelis
2741 3274 2921 3320 autem
2954 3265 3070 3319 fere
3116 3273 3243 3318 sunt
3282 3278 3390 3316 ca:-

1809 3360 1939 3414 teris
1964 3360 2082 3429 ejus
2113 3360 2373 3430 operibus
2417 3360 2783 3414 accuratiores
2816 3376 2829 3413 ;
2868 3363 2941 3426 et}
2981 3367 3161 3411 tamen
3215 3355 3392 3409 Plato-

1810 3454 1961 3508 nicas
1996 3468 2107 3507 non
2133 3463 2433 3523 exaequant.
2504 3450 2879 3507 Demosthenis
2914 3466 3078 3519 opera
3099 3458 3293 3503 cmtera
3338 3454 3394 3500 et

1811 3551 2091 3604 rhetorum
2122 3560 2177 3604 et
2199 3550 2511 3605 criticorum
2542 3567 2637 3605 ora
2674 3552 2933 3620 implent;
2963 3548 3055 3602 sed
3087 3547 3258 3600 nihilo
3276 3560 3392 3598 me-

1813 3640 1977 3695 liores
2029 3656 2192 3709 quam
2228 3640 2469 3696 Platonis
2515 3643 2635 3710 ejus
2663 3641 2919 3711 epistolas
2944 3637 3207 3709 reperies.
3230 3637 3389 3702 Quae-

1813 3749 1938 3786 nam
1970 3733 2132 3803 igitur
2151 3732 2393 3802 epistolae
2417 3734 2760 3787 lectitandae:
2794 3740 2849 3786 et
2882 3747 2911 3785 a
2947 3730 3146 3800 quibus
3184 3728 3394 3783 exerci-

1814 3826 1948 3879 tium
1970 3824 2370 3889 adhibebimus,
2396 3834 2456 3879 ut
2483 3824 2857 3887 artiﬁciosum,
2890 3838 3049 3893 quem
3080 3821 3391 3883 didicimus,

1815 3918 2135 3971 charactera
2165 3918 2580 3986 exprimamus?
2616 3917 2775 3971 Certe
2842 3914 3032 3985 ingens
3077 3922 3162 3968 est
3207 3928 3393 3967 earum

1818 4023 2077 4062 numerus
2116 4025 2130 4061 :
2161 4009 2329 4063 habes
2364 4017 2568 4073 autem,
2601 4024 2670 4061 ne
2701 4007 3004 4078 elongatius
3029 4006 3125 4059 tibi
3154 4004 3392 4058 stadium

1817 4099 1969 4171 ﬁgas,
2010 4101 2272 4171 epistolas
2297 4117 2418 4172 qua:
2455 4100 2759 4155 Phalaridis
2794 4115 2913 4155 csse
2954 4099 3209 4153 dicuntur
3225 4097 3395 4151 Acra-

1817 4192 2023 4262 gantini
2072 4190 2309 4262 Tyranni
2364 4200 2420 4246 et
2457 4191 2655 4261 quibus
2694 4189 2842 4243 Bruti
2885 4190 3257 4243 Romanorum
3288 4187 3392 4240 du-

1819 4284 1898 4337 cis
1930 4298 2129 4338 nomen
2161 4284 2533 4353 praescribitur
2566 4302 2579 4337 :
2614 4292 2668 4338 et
2697 4283 2788 4352 qui
2819 4279 2965 4351 apud
3033 4281 3394 4349 imperatores

125 4360 557 4430 ἀναφερομένας
595 4363 901 4425 ἐπιστολὰς,
948 4364 1039 4416 καὶ
1089 4360 1175 4426 αἷς
1202 4365 1456 4436 Βροῦτος,
1490 4371 1518 4420 6
1574 4369 1709 4421 Ῥω-

1817 4374 2173 4445 philosophus
2208 4384 2342 4441 erat,
2394 4374 2637 4445 sophista
2670 4375 2811 4444 apud
2834 4374 3045 4444 vulgus,
3080 4371 3392 4426 Libanium.

127 4454 321 4525 μαίων
357 4453 680 4524 στρατηγὸς,
700 4456 1088 4524 ἐπιγράφεταιο
1113 4458 1207 4510 καὶ
1238 4460 1327 4511 τὸν
1348 4461 1406 4512 ἐν
1434 4460 1712 4529 βασιλεῦσι

123 4546 455 4615 φιλόσοφον,
485 4548 578 4600 καὶ
608 4548 703 4607 τὸν
724 4550 982 4619 σοφιστὴν
1003 4553 1059 4604 ὲν
1084 4553 1202 4614 ταῖς
1230 4553 1511 4618 πλείσταις
1541 4555 1710 4608 Λιϐά-

123 4657 276 4692 νιον.
314 4639 374 4691 Εἰ
406 4638 461 4691 δὲ
494 4638 672 4708 βούλει
721 4641 817 4694 σὺν
852 4641 929 4712 τῷ
985 4645 1316 4715 χαρακτῆρι,
1378 4647 1471 4699 καὶ
1504 4646 1714 4701 πολλῶν

122 4731 321 4784 ἄλλων
376 4731 471 4783 καὶ
523 4732 775 4800 μεγάλων
825 4734 1073 4800 συλλέξαι
1121 4738 1386 4807 ὠφέλειαν
1413 4779 1427 4800 ,
1483 4741 1714 4811 ἀρκήσει

124 4840 226 4876 σοι
254 4823 536 4887 Βασίλειος
570 4826 598 4877 ό
623 4825 850 4893 γλυκὺς,
875 4828 968 4881 καὶ
992 4830 1020 4881 ό
1048 4829 1296 4895 κάλλους,
1324 4832 1378 4884 εἴ
1405 4850 1489 4896 τις
1532 4834 1708 4899 ἄλλος,

121 4914 387 4984 ἐργάτης
417 4915 738 4986 Γρηγόριος,
757 4920 849 4972 καὶ
871 4922 902 4991 ἡ
930 4922 1146 4990 ποικίλη
1164 4924 1373 4994 καὶτῆς
1394 4925 1663 4995 ἡμετέρας
1688 4937 1711 4965 ο

122 5005 319 5075 αὐλῆς
367 5006 544 5076 μοῦσα
586 5008 850 5080 Ἰσίδωρος
875 5028 888 5040 °
944 5013 1002 5076 ὃς
1040 5015 1228 5086 ὥσπερ
1260 5016 1454 5084 λόγων,
1483 5018 1624 5071 οὕτω
1655 5019 1712 5071 δὲ

121 5099 241 5153 καὶ
271 5099 553 5171 ἱερατικῆς
598 5106 691 5155 καὶ
712 5104 1019 5175 ἀσκητικῆς
1050 5108 1328 5172 πολιτείας
1385 5109 1565 5162 κανών
1597 5114 1715 5164 ἐστι

122 5192 508 5263 χρηματίζειν
530 5195 824 5268 ἀξιόχρεως
844 5216 857 5230 '
882 5203 975 5253 καὶ
1018 5204 1069 5255 εἴ
1098 5221 1180 5265 τις
1225 5203 1410 5274 ἕτερος
1443 5206 1579 5273 μετά
1610 5206 1709 5273 τῆς

120 5283 341 5353 ὁμοίας
386 5287 779 5357 προαιρέσεως,
811 5290 909 5360 τὴν
959 5294 1180 5346 ἐκείνων
1215 5294 1358 5348 ἰδέαν
1392 5297 1510 5357 ταῖς
1550 5294 1710 5358 ἰδίαις

122 5375 460 5441 ἐπιστολαῖς
484 5380 858 5453 ἐνεδυναμώθη
907 5384 1321 5455 μορφώσασθαι.
1370 5418 1379 5429 ι

1820 4468 1974 4535 Quod
2005 4468 2178 4521 siuna
2209 4483 2332 4522 cum
2361 4469 2636 4537 epistolari
2671 4469 3006 4531 charactere,
3044 4480 3227 4520 rerum
3263 4463 3397 4517 mul-

1820 4572 2001 4618 tarum
2047 4570 2103 4617 et
2157 4576 2478 4633 magnarum
2520 4563 2812 4616 utilitatem
2861 4561 3144 4629 acquirere
3187 4556 3394 4626 cupias,

1823 4654 2054 4710 sufficiat
2084 4655 2265 4710 suavis
2310 4655 2419 4721 ille,
2450 4655 2497 4709 si
2554 4656 2677 4723 quis
2708 4655 2865 4716 alius,
2890 4652 3120 4707 Basilius
3158 4668 3171 4703 :
3228 4658 3283 4703 et
3313 4648 3398 4701 in-

1823 4754 1907 4802 ter
1936 4763 2128 4802 onmes
2160 4748 2465 4817 praecipuus
2499 4747 2923 4817 pulchritudinis
2958 4744 3152 4799 artifex
3195 4741 3398 4811 Grego-

1820 4841 1934 4896 rius
1968 4859 1981 4895 :
2008 4850 2063 4896 et
2084 4842 2288 4896 variata
2319 4840 2406 4894 illa
2433 4840 2622 4895 lsidori
2656 4856 2834 4901 musa,
2882 4838 2996 4908 qui,
3022 4846 3082 4891 ut
3108 4851 3230 4899 nos,
3278 4850 3397 4888 mo-

1819 4934 2028 4989 nachus
2062 4933 2181 4987 fuit.
2219 4934 2312 4988 llle
2341 4942 2399 4987 ut
2436 4933 2718 4996 orationis,
2784 4932 2857 4984 ita
2896 4943 3111 4999 quoque
3147 4927 3396 4982 sacerdoo

1819 5026 1939 5080 talis
1956 5035 2011 5080 et
2029 5026 2277 5080 ascetica:
2316 5026 2441 5080 vita:
2462 5040 2638 5079 canon
2663 5021 2983 5093 dignissime
3025 5018 3342 5074 inscribitur
3378 5037 3393 5072 :

1820 5120 1907 5174 his
1933 5119 2214 5190 adjungas,
2272 5120 2315 5174 si
2349 5119 2439 5190 qui
2487 5117 2574 5171 alii
2642 5116 2772 5179 sint,
2819 5114 2909 5183 qui
2958 5114 3149 5167 eodem
3190 5112 3396 5174 animo,

1816 5225 2005 5265 eorum
2072 5211 2245 5266 ideam
2279 5251 2294 5278 ,
2344 5209 2580 5281 propriis
2650 5209 2762 5263 suis
2836 5206 3080 5278 epistolis
3167 5220 3396 5275 expres-

1819 5313 2033 5358 serunt.

1404 5567 1632 5624 VARle
1672 5565 2075 5624 LECTIONES.

224 5754 245 5783 ι
287 5745 371 5796 ῗιν.
401 5744 691 5816 ὑμετέρας.
