4004 6484
1098 532 1203 587 ΕΡΙ
1213 530 1319 586 ST.
1353 530 1514 586 XLV.

842 623 1033 680 Joanni
1072 623 1415 692 metropolin
1448 620 1740 677 Heraclew.

1646 360 1911 475 ῙἮΟΤΙΙ
1946 404 2449 472 ΡΑΤΒΙΑΒΟΗΕ
2484 403 2595 466 CP.

2116 532 2164 587 Α

2778 516 3005 571 ΕΠΙΣΤ.
3060 513 3197 571 ME'.

2406 613 2653 683 Ἰωάννῃ
2675 610 3084 682 μητροπολίτῃ
3130 608 3504 678 Ἡρακλείας.

1730 724 1996 775 Montacut.
2022 722 2110 787 (ep
2148 724 2258 786 218,
2283 739 2333 789 p.
2360 724 2496 785 324).

582 825 807 882 Videtur
854 823 990 879 mihi
1023 821 1273 879 Christus
1306 822 1448 878 Deus
1494 830 1548 878 et
1585 822 1701 877 Rex
1743 830 1932 876 noster
1960 833 2084 875 cum

508 920 602 984 sit,
628 930 685 975 et
715 918 975 974 Dominus
997 933 1183 973 rerum
1211 918 1609 983 exsistentium,
1630 924 1854 988 propter
1886 915 2087 971 multas

508 1014 642 1067 alias
672 1010 1077 1081 inexplicabiles
1105 1025 1320 1076 causas,
1345 1018 1399 1064 et
1424 1010 1623 1065 mentis
1649 1010 1907 1065 intuitum
1938 1018 2089 1064 tran-

510 1105 858 1169 scendentes,
887 1120 987 1174 per
1011 1104 1349 1159 voluntatem
1376 1104 1558 1174 potius
1594 1104 1905 1173 passionem
1956 1104 2087 1157 sub—

502 1194 662 1258 ;iisse,
701 1201 756 1247 et
778 1208 887 1247 non
915 1208 1014 1262 per
1041 1193 1339 1263 potentiam
1370 1191 1671 1247 absolutam
1697 1193 1862 1247 totius
1892 1193 2085 1247 mundi

515 1284 746 1339 salutem
770 1293 1060 1353 ,operatus.
1096 1284 1370 1356 Imprimis
1413 1285 1483 1340 ob
1533 1285 1635 1339 hoc
1673 1285 1873 1354 ipsum,
1907 1293 1969 1339 ut
2018 1285 2088 1339 ita

511 1391 790 1446 magnum,
826 1375 1086 1430 eximium
1124 1386 1181 1432 et
1224 1392 1491 1447 apparens
1529 1377 1779 1432 solatium
1810 1376 1878 1430 iis
1911 1376 2003 1446 qui
2035 1376 2091 1430 in

514 1467 617 1523 hac
648 1470 755 1523 vita
788 1470 1118 1540 afﬂiguntur,
1165 1478 1222 1524 et
1273 1478 1513 1523 extrema
1558 1468 1738 1523 omnia
1776 1468 2087 1539 patiuntur,

513 1560 846 1629 relinqueret
880 1576 1007 1616 suas
1050 1560 1224 1629 ipsius
1267 1560 1570 1628 passiones,
1599 1567 1653 1613 et
1696 1566 1927 1614 mortem
1961 1573 2093 1615 eon-

514 1653 879 1707 tumeliosam.
908 1651 1035 1708 Haec
1057 1662 1112 1707 tu
1137 1652 1385 1717 intuitus,
1412 1652 1597 1707 laetare
1626 1652 1827 1722 potius,
1850 1668 1915 1708 eo
1947 1653 2093 1723 quod

514 1742 741 1810 habeas,
776 1758 968 1799 servus
1001 1759 1125 1799 cum
1156 1744 1250 1808 sis,
1276 1744 1329 1797 in
1358 1744 1558 1814 quibus
1582 1745 1899 1816 magistrum
1935 1754 2086 1800 tuum

516 1832 749 1889 imiteris
780 1850 795 1888 :
826 1834 938 1888 noli
976 1848 1340 1899 murmurare,
1386 1834 1457 1889 ob
1492 1833 1582 1888 illa
1608 1850 1728 1904 quae
1771 1836 1966 1890 cedent
1995 1834 2091 1890 tibi

519 1926 578 1980 in
609 1934 991 1997 argumentum
1023 1941 1372 1992 coronarum,
1405 1927 1452 1983 si
1485 1943 1516 1983 a
1544 1928 1792 1984 veritatis
1820 1928 2090 1995 hostibus,

521 2016 649 2075 licet
674 2017 862 2073 invitis
896 2018 1299 2074 contribuleris.

2119 2164 2188 2179 —

2269 818 2425 889 Ἐμοὶ
2457 818 2557 887 μὲν
2586 816 2750 881 δοκεῖ,
2794 815 2890 868 καὶ
2929 814 2998 868 δι’
3039 813 3206 877 ἄλλας
3235 811 3439 874 πολλὰς
3486 811 3773 882 ἀρρῆτους

2186 927 2268 974 τε,
2313 911 2402 964 καὶ
2437 910 2576 981 ὑπὲρ
2609 907 2767 974 νοῦν,
2795 907 3026 979 θεωρίας
3048 947 3063 972 ,
3106 906 3198 960 τὸν
3223 906 3457 978 Χριστὸν
3488 905 3585 957 καὶ
3631 903 3772 956 Θεὸν

2188 1004 2366 1076 ἡμῶν,
2399 1002 2652 1066 Βασιλέα,
2707 1004 2803 1055 καὶ
2834 1000 2927 1053 τοῦ
2952 1000 3153 1063 παντὸς
3184 998 3499 1069 ὑπάρχοντα
3532 997 3774 1067 Κύριον,

2187 1097 2255 1150 δι’
2285 1096 2534 1149 ἑκουσίου
2572 1094 2773 1166 μᾶλλον
2797 1093 3142 1165 παθήματος,
3189 1091 3327 1145 ἀλλά
3362 1091 3436 1163 μὴ
3466 1090 3773 1161 δεσποτικῇ

2190 1188 2282 1244 καὶ
2308 1187 2669 1259 αὐτοκράτορι
2700 1186 2939 1255 ἐξουσίᾳ,
2971 1184 3070 1257 τὴν
3100 1185 3443 1255 παγκόσμιον
3489 1184 3777 1253 σωτηρίαν

2190 1280 2632 1350 ἀπεργάσασθαιο
2655 1279 2806 1332 οὐδὲν
2840 1278 2898 1331 δὲ
2922 1272 3103 1348 ἦττον,
3130 1272 3307 1346 οἶμαι,
3342 1276 3436 1329 καὶ
3465 1275 3553 1328 διὰ
3585 1275 3755 1328 τοῦτο

2191 1375 2266 1438 ὼς
2297 1373 2364 1428 ἂν
2407 1372 2640 1443 μάλιστα
2673 1372 2815 1441 μέγα
2840 1369 2935 1422 καὶ
2968 1368 3137 1437 σαφὲς
3178 1367 3521 1439 παραμύθιον
3560 1370 3679 1430 τοῖς
3717 1369 3779 1421 ἐν

2194 1465 2294 1536 βίῳ
2316 1462 2752 1534 ταλαιπωροῦσι,
2788 1463 2883 1515 καὶ
2910 1460 2977 1513 τὰ
3027 1460 3230 1530 ἔσχατα
3274 1460 3569 1529 πάσχουσι,
3602 1476 3776 1512 κατα-

2191 1554 2368 1609 λείποι
2399 1554 2469 1608 τὰ
2507 1554 2683 1607 οἰκεῖα
2734 1552 2904 1623 πάθη,
2938 1552 3033 1606 καὶ
3065 1552 3157 1603 τὸν
3207 1550 3573 1603 ἐπονείδιστον
3606 1549 3776 1604 αὐτοῦ

2193 1647 2444 1703 θάνατον.
2497 1646 2643 1717 Πρὸς
2667 1645 2702 1699 ἀ
2734 1644 2828 1698 καὶ
2859 1644 2923 1696 σὺ
2960 1642 3200 1712 ἀφορῶν,
3234 1644 3393 1713 χαῖρε
3425 1642 3653 1712 μᾶλλον,
3694 1635 3775 1705 οἷς

2194 1741 2358 1812 ἔχεις,
2392 1742 2420 1793 ὁ
2451 1738 2659 1799 διοῦ).ος
2714 1734 2997 1807 μιμεῖσθαι
3044 1734 3137 1787 τὸν
3177 1734 3481 1805 δεσπότην*
3524 1734 3666 1787 ἀλλά
3700 1734 3777 1805 μὴ

2193 1834 2450 1904 δυσφόρει
2477 1832 2615 1902 πρὸς
2643 1830 2744 1894 τὰς
2762 1829 2871 1882 τῶν
2900 1827 3178 1899 στεφάνων
3208 1826 3517 1890 ὑποθέσεις,
3544 1827 3653 1881 ὑπὸ
3668 1828 3776 1878 τῶν

2192 1929 2291 1998 τῆς
2336 1926 2595 1997 ἀληθείας
2638 1923 2870 1996 ἐχθρῶν,
2918 1924 3013 1977 καὶ
3063 1921 3332 1987 ἀκόντων,
3382 1918 3777 1991 παιδοτριὸοῶ

2200 2039 2383 2094 μενος.

1585 2260 1817 2312 SERIES
1851 2263 2184 2316 SECUNDA.
2211 2293 2273 2306 —
2294 2268 2379 2319 AD
2406 2266 2715 2317 ΑΒΒΑΤΕε.

1088 2384 1302 2440 EPIST.
1327 2385 1528 2443 ‘XLVI.

876 2473 1031 2530 Saba:
1060 2476 1405 2533 Pissadorum
1436 2481 1755 2552 Iwgumeno-

2763 2396 2989 2451 sum.
3046 2398 3195 2464 Μετ’.

2464 2489 2624 2557 Σάϐᾳ
2657 2489 2969 2560 ἡγουμένῳ
2996 2488 3117 2542 τῶν
3146 2489 3493 2544 Πισσάδων.

1737 2578 2003 2627 Montacut.
2034 2580 2136 2642 (ep.
2172 2579 2249 2641 15,
2282 2593 2390 2643 pag.
2412 2579 2494 2643 76)

594 2660 671 2715 De
698 2669 785 2715 tua
810 2660 1169 2733 dispositione
1192 2676 1248 2720 et
1276 2677 1469 2723 natura
1506 2670 1635 2739 quid
1667 2672 1843 2727 dicam
1890 2676 2096 2731 nescio.

524 2750 647 2806 Vidi
676 2752 895 2821 quidem
924 2767 1023 2823 ego
1054 2763 1109 2808 te
1147 2756 1455 2824 pelliculam
1498 2760 1749 2815 indutum
1797 2763 2014 2830 ovilem,
2046 2773 2103 2819 et

521 2843 772 2935 perinde,
814 2845 959 2914 quod
1002 2845 1092 2899 illa
1141 2847 1445 2918 tegebatur,
1488 2850 1715 2935 simple;
1775 2854 2099 2921 arbitrabar,

526 2934 647 2989 sine
690 2935 917 2999 malitia,
961 2936 1168 2992 Christi
1210 2956 1383 3011 igrege
1438 2942 1681 3011 dignum.
1718 2944 1887 3017 Vulgo
1919 2957 2103 3003 autem

525 3027 706 3092 aiunt,
739 3029 937 3097 pellem
968 3030 1116 3084 illam
1143 3033 1362 3102 vulpem
1410 3036 1705 3107 obtegere;
1738 3054 1859 3109 quae
1890 3050 2104 3095 mortua

527 3127 586 3172 et
610 3119 813 3174 olentia
842 3121 1018 3176 nutrit
1039 3137 1290 3194 corpora,
1319 3126 1625 3195 cuiusmodi
1647 3144 1844 3199 nempe
1878 3131 1933 3187 in
1959 3142 2104 3187 cretu

527 3209 829 3279 putrefacta
866 3213 1255 3277 ecclesiastico,
1288 3217 1628 3275 dmmonibus
1663 3222 1920 3291 pabulum
1944 3233 2105 3293 atque

529 3317 722 3358 eorum
753 3304 1016 3360 ministris
1048 3305 1203 3362 ﬁunt.
1242 3308 1354 3379 Ego
1394 3320 1543 3367 certe
1580 3323 1633 3368 te
1666 3315 1847 3370 audivi
1883 3317 2105 3388 longum

530 3409 775 3449 errorem
803 3396 1215 3466 praedicantem,
1257 3399 1625 3458 frttstraneum
1662 3421 1905 3461 errorem
1954 3418 2106 3463 tuum

532 3485 905 3553 deplorantem
935 3527 951 3553 ,
1001 3490 1285 3561 antiquum
1342 3494 1552 3550 scilicet
1616 3512 1855 3553 errorem
1931 3508 2107 3555 tuum.

532 3577 706 3633 Aiunt
751 3588 956 3648 autem,
1006 3584 1260 3639 eumdem
1293 3594 1348 3641 te
1390 3588 1570 3643 adhuc
1608 3604 1790 3645 errare
1833 3606 2106 3660 errorem;

533 3684 711 3739 neque
735 3672 895 3728 aliter
923 3673 1180 3730 allectum
1208 3692 1373 3747 quam
1420 3678 1598 3735 insani
1642 3680 1995 3752 Corybantes.
2050 3684 2110 3740 In

533 3758 725 3816 faciem
754 3772 810 3827 tu
844 3778 945 3818 nos
973 3766 1324 3833 benedixisti,
1350 3778 1658 3825 servatores
1685 3773 1988 3842 appellasti,
2018 3774 2112 3844 qui

535 3861 591 3907 te
618 3853 687 3908 de
725 3862 894 3924 puteo
940 3857 1266 3926 perditionis
1330 3860 1777 3934 deeeptionisque
1831 3865 1977 3921 illius
2016 3883 2111 3923 ex-

541 3944 831 4000 traximus:
855 3956 939 4001 ast
958 3948 1013 4001 in
1034 3949 1287 4005 absentes
1305 3950 1460 4005 aiunt
1480 3962 1532 4007 te
1554 3968 1654 4010 nos
1674 3956 2111 4025 obmurmurare,
2139 3940 2183 4001 (ἶ

539 4042 734 4088 etnon
768 4051 930 4090 secus
970 4053 1133 4106 quam
1164 4040 1219 4093 in
1260 4055 1425 4096 scena
1465 4043 1644 4098 solent
1695 4046 1962 4104 lascivire.
2004 4050 2113 4106 Re-

540 4123 769 4178 cordare
842 4141 913 4179 an
987 4127 1105 4183 hac
1160 4130 1383 4189 omnino
1436 4131 1847 4203 Christianum,
1914 4143 2115 4197 nedum

541 4214 872 4268 monachum
896 4215 1143 4273 deceant.
1176 4220 1333 4284 Quod
1365 4222 1409 4277 si
1439 4221 1556 4278 haec
1585 4228 1952 4283 commentitia
1982 4231 2112 4299 sint,

541 4302 825 4372 deplorare
887 4321 976 4361 me
1022 4318 1234 4378 oportet
1282 4314 1704 4382 oggannientes,
1740 4320 1881 4387 quod
1941 4321 2114 4390 deﬁcit

541 4405 776 4461 sanctus,
806 4398 1167 4469 depauperata
1197 4412 1271 4457 est
1304 4405 1497 4473 veritas
1542 4425 1577 4461 a
1612 4408 1737 4477 ﬁliis
1766 4410 2034 4467 hominum
2053 4414 2074 4446 ⁸
2095 4432 2115 4470 :

543 4486 627 4541 sin
654 4503 775 4557 qua:
803 4491 1187 4547 renuntiantur
1215 4510 1343 4549 vera
1365 4507 1510 4561 sunt,
1548 4498 1779 4554 deﬂendi
1799 4502 1960 4571 plane
1988 4515 2117 4561 sunt

542 4588 881 4648 peccatores,
943 4597 1010 4637 eo
1055 4585 1200 4653 quod
1252 4586 1415 4641 stulta
1462 4588 1714 4659 loquatur
1758 4594 1938 4649 omnis
1974 4597 2115 4665 apud

542 4671 849 4739 proximum
873 4689 1053 4740 suum,
1102 4685 1158 4731 et
1196 4678 1353 4733 labiis
1385 4680 1592 4737 dolosis
1628 4685 1925 4741 osculatur.
1955 4687 2117 4744 Omni

543 4772 725 4817 autem
748 4765 911 4820 modo
939 4757 1235 4823 dolendum
1263 4779 1348 4826 est
1387 4772 1521 4827 mihi
1554 4791 1569 4828 :
1602 4774 1670 4828 ad
1703 4791 1884 4832 meum
1913 4782 2117 4835 etenim

543 4867 600 4909 et
641 4856 844 4913 Christi
875 4876 1095 4932 gregem
1137 4874 1405 4934 spectant,
1455 4867 1628 4922 velint
1670 4870 1868 4933 nolint,
1932 4872 2120 4930 infecti

546 4947 716 5019 lepra,
761 4961 815 5007 et
859 4968 983 5009 cum
1015 4953 1183 5013 Paulo
1230 4959 1298 5016 de
1349 4962 1483 5033 ipsis
1523 4970 1794 5038 angimur,
1843 4976 2122 5041 utcunque

547 5041 709 5097 simul
739 5058 905 5100 sensu
932 5049 1077 5118 tangi
1113 5050 1311 5109 nolint.

1096 5138 1319 5199 EPIST.
1356 5144 1573 5205 XLVII.

1005 5232 1294 5293 Theoctisto
1361 5241 1667 5314 Itegumeno.

2273 2678 2386 2729 υύκ
2420 2672 2515 2729 οἶδ’
2546 2676 2574 2728 ὅ
2605 2692 2657 2728 τι
2689 2675 2783 2727 καὶ
2812 2672 2952 2727 εἴπω
2980 2676 3110 2745 περὶ
3141 2678 3240 2746 τῆς
3266 2675 3421 2745 ὑμῶν
3452 2674 3769 2739 διαθέσεως.

2213 2765 2354 2835 Ἐγὼ
2386 2768 2484 2837 μὲν
2510 2767 2619 2838 γὰρ
2656 2762 2796 2820 εἶδον
2834 2765 3110 2837 προϐάτου
3165 2783 3223 2819 σε
3253 2766 3417 2837 δορὰν
3453 2768 3774 2837 περικείμε-

2201 2876 2311 2925 νον,
2344 2858 2437 2911 καὶ
2472 2858 2691 2912 ἐδόκουν
2742 2857 2953 2912 ἁπλοῦν
2992 2859 3087 2910 καὶ
3125 2858 3356 2922 ἄκακον,
3386 2859 3485 2927 τῆς
3526 2856 3773 2927 Χριστοῦ

2202 2948 2403 3019 ἀγέλης
2437 2948 2584 3013 ἀξιον
2611 2945 2749 3004 εἶναι
2771 2947 2833 3001 τὸ
2855 2948 3285 3018 καλυπτόμενον.
3314 2949 3379 3001 Οἱ
3405 2948 3462 3001 δέ
3491 2965 3655 3017 φασι,
3680 2948 3775 3018 τὴν

2202 3041 2364 3112 δορὰν
2411 3041 2673 3095 ἀλώπεκα
2722 3039 3025 3111 κρύπτεινο
3084 3039 3118 3110 ἢ
3173 3038 3346 3110 νεκρά
3393 3040 3487 3093 καὶ
3538 3039 3779 3093 ὀδωδότα

2203 3132 2398 3203 τρέφει
2447 3130 2475 3171 ά
2506 3131 2754 3201 σώματα,
2801 3131 2903 3184 ὅσα
2952 3129 3046 3183 τοῦ
3085 3128 3540 3200 ἐκκλησιαστικοῦ
3591 3130 3781 3183 διασα·

2204 3226 2375 3278 πέντα
2405 3223 2771 3294 πληρώματος
2824 3223 3046 3293 δαίμοσι
3082 3222 3254 3293 τροφὴ
3302 3222 3395 3274 καὶ
3426 3224 3541 3286 τοῖς
3600 3223 3781 3275 αὐτῶν

2206 3314 2503 3387 θεράπουσι
2534 3314 2762 3384 γίνεται.
2794 3314 2907 3367 Καὶ
2940 3310 3051 3383 ἐγὼ
3085 3311 3183 3382 μὲν
3225 3312 3422 3381 ἤκουόν
3464 3328 3521 3363 σε
3569 3309 3781 3380 πλάνην

2206 3407 2434 3476 λέγοντα
2462 3406 2703 3480 μακρὰν,
2735 3406 2830 3459 καὶ
2861 3407 3094 3475 ματαίαν
3122 3402 3331 3474 πλάνην
3364 3402 3782 3473 ἀπολοφυρόμε·

2210 3516 2321 3568 νον,
2351 3500 2451 3570 τὴν
2482 3499 2650 3552 πάλαι
2687 3515 2781 3551 σου
2823 3497 3052 3567 πλάνην.
3094 3496 3159 3551 Οἱ
3189 3495 3247 3549 δὲ
3278 3498 3340 3549 σέ
3371 3513 3531 3565 φασιν
3563 3495 3784 3565 ἐκείνην

2209 3594 2289 3647 ἔτι
2317 3590 2784 3664 περιπλανᾶσθαι,
2817 3588 2981 3659 μηδὲν
3011 3586 3231 3639 ἔλαττον
3254 3586 3363 3639 τῶν
3387 3586 3786 3657 κορυϐαντιῶν-

2210 3702 2319 3737 των
2347 3681 2711 3751 διακείμενον.
2743 3679 2854 3733 Καὶ
2891 3678 2955 3730 σὺ
3003 3677 3103 3746 μὲν
3134 3677 3279 3729 κατὰ
3308 3676 3598 3747 πρόσοικον
3627 3679 3783 3747 ἡμᾶς

2209 3774 2487 3847 ηὐλόγεις,
2538 3773 2632 3827 καί⁵
2666 3770 2917 3840 σωτῆρας
2948 3770 3095 3837 ἡμᾶς
3126 3766 3449 3837 ὡμολόγεις,
3481 3768 3556 3819 ὅτι
3588 3767 3643 3819 σὲ
3676 3767 3778 3819 τοῦ

2215 3867 2404 3938 βόθρου
2426 3868 2526 3937 τῆς
2557 3863 2914 3935 παρατροπῆς
2936 3859 3152 3931 ἐκείνης
3178 3860 3273 3913 καὶ
3292 3860 3499 3928 ἀπάτης
3524 3858 3777 3911 ἀνειλκύ-

2217 3973 2422 4029 σαμεν·
2454 3958 2503 4011 οἱ
2529 3955 2589 4009 δέ
2619 3955 2680 4009 σὲ
2714 3972 2899 4023 φασιν,
2933 3952 3186 4007 ἀπόντων
3220 3952 3402 4022 ἡμῶν,
3438 3950 3787 4019 καταγογγύ-

2216 4047 2331 4114 ζειν
2363 4049 2521 4118 ὃμοια
2552 4049 2663 4110 τοῖς
2706 4046 2799 4099 ἐπὶ
2844 4046 3050 4115 σκηνῆς
3109 4043 3519 4112 ἀσελγαίνοντα.
3576 4043 3789 4096 Ἑννόει

2214 4144 2278 4211 δὴ
2317 4140 2491 4195 ταῦτα
2517 4141 2567 4192 εί
2596 4138 2735 4201 ὅλως
2760 4136 3125 4207 Χριστιανῶν,
3157 4137 3230 4206 μή
3254 4154 3307 4189 τι
3329 4152 3392 4204 γε
3423 4136 3791 4207 μοναζόντων,

2215 4234 2435 4289 δύναται
2473 4229 2631 4287 εἶναι.
2676 4230 2817 4284 Ἀλλ’
2849 4230 2899 4283 εί
2950 4229 3057 4299 ’μέν
3091 4228 3394 4283 ἐπλάσαντο
3446 4228 3639 4290 ταῦτα,
3667 4228 3791 4280 66;}-

2220 4326 2407 4398 ρεσθαί
2461 4341 2529 4394 με
2576 4324 2657 4377 δεῖ
2713 4322 2822 4375 τῶν
2870 4320 3258 4385 κατειπόντων,
3305 4321 3395 4373 ὅτι
3430 4321 3795 4374 ἐκλέλοιπεν

2217 4418 2407 4485 ὅσιος,
2437 4417 2526 4471 ὅτι
2547 4415 2941 4486 ὠλιγώθησαν
2970 4416 3029 4467 αὶ
3058 4414 3332 4481 ἀλήθειαι
3360 4414 3479 4467 ἀπὸ
3505 4413 3627 4467 τῶν
3646 4413 3797 4467 υἱῶν

2216 4510 2336 4565 τῶν
2389 4510 2751 4580 ἀνθρώπω*
2819 4510 2869 4562 εἰ
2934 4508 2979 4561 δ’
3017 4506 3193 4578 ἀληθῆ
3241 4508 3309 4560 τὰ
3368 4507 3797 4576 ἀπηγγελμένα,

2219 4605 2437 4676 θρηνεῖν
2480 4603 2723 4673 προσῆκε
2790 4602 2918 4665 τοὺς
2955 4601 3379 4672 ἡμαρτηκότας,
3440 4600 3524 4652 ὅτι
3591 4601 3799 4669 μάταια

2220 4696 2372 4749 λαλεῖ
2404 4696 2633 4757 ἕκαστος
2675 4692 2813 4764 πρὸς
2847 4692 2938 4746 τὸν
2963 4692 3191 4763 πλησίον
3241 4690 3429 4751 αὐτοῦ,
3473 4691 3571 4743 καὶ
3601 4690 3801 4752 δολίοις

2221 4787 2651 4859 περιπτύσσεται
2682 4784 2909 4856 χείλεσι.
2939 4784 3165 4847 Πάντως
3194 4783 3250 4835 δέ
3276 4782 3359 4835 δεῖ
3385 4798 3456 4853 με
3500 4781 3765 4837 ἀνιᾶσθαι
3785 4798 3799 4812 ’

2219 4879 2472 4949 τῆςέμῆς
2498 4879 2605 4949 γὰρ
2635 4879 2729 4931 καὶ
2750 4874 2985 4946 Χριστοῦ
3019 4875 3274 4945 ποίμνης,
3315 4874 3423 4927 κᾶν
3456 4874 3534 4944 μὴ
3564 4873 3803 4944 βούλων-

2220 4990 2331 5037 ται,
2360 4970 2538 5024 καὶτὰ
2556 4968 2923 5039 λεπρωθέντα,
2940 4967 3035 5020 καὶ
3064 4967 3191 5036 περ)⁸
3216 4966 3394 5019 αὐτῶν
3421 4965 3563 5036 μετὰ
3584 4966 3802 5020 Παύλου

2221 5059 2684 5131 διαμεριμνῶμεν,
2710 5057 2814 5111 κᾶν
2844 5056 2917 5128 μὴ
2942 5057 3136 5110 θέλωσι
3164 5055 3637 5111 συναισθάνεσθαι.

2797 5148 3038 5202 ἘΠΙΣΤ.
3072 5147 3206 5202 MZ'.

2672 5238 3006 5305 Θεοκτίστῳ
3024 5237 3355 5310 ἡγουμένῳ.

1776 5353 2041 5407 Montaeut.
2067 5360 2171 5423 (ep.
2205 5359 2285 5419 52,
2318 5371 2368 5419 p.
2400 5352 2503 5414 94)-

622 5436 868 5497 Virtutes
886 5441 1081 5511 lauda;
1113 5459 1296 5501 coram
1327 5464 1457 5505 vero
1483 5461 1538 5507 ct
1572 5454 1624 5507 in
1659 5454 1796 5511 facie
1828 5457 2124 5528 discipulos

555 5546 627 5586 ne
679 5531 888 5597 laudes,
940 5535 1033 5603 qui
1082 5548 1382 5607 sequuntur
1430 5558 1557 5610 cas;
1602 5545 1877 5619 instigare,
1920 5557 1976 5603 et
2030 5551 2124 5605 ad-

555 5622 783 5691 hortari,
816 5625 949 5680 boni
972 5627 1153 5698 operis
1192 5645 1319 5701 pars
1362 5644 1475 5703 est;
1516 5636 1737 5695 laudare
1782 5655 1986 5707 coram,
2022 5656 2125 5696 nec

663 5738 687 5771 ⁸
736 5740 878 5795 Psal.
905 5758 983 5809 χι,
1011 5741 1067 5796 2.

2315 5455 2562 5510 Ἐπαίνει
2588 5451 2688 5513 τὰς
2715 5450 2915 5521 ἀρετάς
2936 5465 2951 5479 ·
2987 5448 3062 5519 μὴ
3092 5447 3339 5519 θαύμαζε
3364 5447 3419 5501 δὲ
3446 5447 3590 5501 κατά
3622 5449 3807 5519 πρόσ-

2223 5566 2371 5603 ωπον
2399 5547 2525 5609 τοὺς
2562 5543 2687 5607 σοὺς
2734 5541 2980 5613 μαθητὰς
3022 5541 3304 5611 μετιόντας
3350 5540 3542 5605 αὑτάς.
3592 5539 3668 5594 Τὸ
3702 5542 3810 5610 μὲν

2224 5641 2350 5710 γάρ,
2378 5632 2661 5708 προτροπὴ
2691 5636 2784 5690 καὶ
2823 5631 3190 5704 παράκλησις,
3229 5631 3594 5704 ἁγαθοεργίας
3654 5632 3809 5698 ἐστί,

1820 5817 2046 5877 γιιιιιιε
2088 5816 2492 5878 LECTIONES.

665 5878 693 5921 τι
732 5880 817 5935 ἵσ.
851 5882 1065 5938 σκέπει.
