4044 6398
248 380 358 444 865
1402 371 1837 433 EPISTOLABI

1974 368 2208 432 LIBER
2243 369 2329 430 II.
3367 363 3477 427 865

246 501 309 552 τὸ
352 496 433 561 δὲ,
483 492 579 549 καὶ
634 491 694 545 σὲ
746 488 1034 551 κολακείας
1070 486 1169 559 οὐχ
1216 486 1398 557 ἵστησι
1449 484 1685 557 μακρὰν,
1720 483 1816 539 καὶ

1942 497 1973 537 e
2002 482 2290 537 submovet
2321 479 2482 552 longe
2519 479 2588 536 ab
2622 477 2955 539 adulatione,
2986 484 3043 530 et
3079 488 3202 531 cum
3245 473 3482 529 admira-

253 589 391 661 πρὸς
418 588 595 657 οἴησιν
616 583 745 646 τοὺς
771 579 1233 652 Θαυμασθένταςῆ
1258 578 1527 649 μαλακίαν
1545 577 1637 631 τοῦ
1659 577 1813 630 τόνου

1939 572 2065 628 ηἰοηε
2098 572 2363 637 laudatos,
2390 571 2477 626 vel
2504 571 2572 626 ad
2597 569 2681 625 sui
2710 569 3026 639 opinionem
3050 565 3366 637 perducere,
3396 564 3485 619 vel

247 656 348 752 τῆς
383 656 587 749 ἀρετῆς
632 673 823 727 εἴωθεν
850 670 1157 742 ὑποχαλᾷν·
1204 669 1272 752 δι’
1296 662 1372 723 ὧν
1408 668 1468 722 τὸ
1491 666 1661 736 γλυκὺ
1704 666 1814 722 τῶν

1939 663 2133 717 ιίηυιίε
2161 672 2349 717 tonum
2395 662 2452 716 in
2480 661 2765 716 mollitiem
2811 659 2978 714 animi
3023 658 3267 712 relaxare
3303 656 3483 719 solet;

251 745 395 829 κάτά
422 745 554 825 θεὸν
592 766 771 821 πόνων
807 767 1056 835 πέφυκεν
1079 745 1494 835 ἐπικαταῤῥείν,
1524 760 1616 815 καὶ
1641 760 1697 814 αί
1716 758 1815 831 τῆς

1939 756 2046 810 ιίηο
2065 754 2125 810 Iit
2166 764 2227 810 ut
2257 755 2502 809 laborum
2545 754 2843 809 secundum
2903 750 3073 806 Deum
3107 758 3487 819 susceptorum

252 864 457 936 σαρκὸς
485 857 973 931 ἀναζωπυροῦνται
997 856 1207 927 ἡδοναί.

1939 845 2149 900 lulcedo
2197 844 2419 908 deﬂuat,
2465 853 2523 901 et
2569 844 2750 899 carnis
2798 842 3122 908 excitentur,
3167 839 3318 895 velut
3363 838 3488 910 igne

1923 937 2122 1004 alllato,
2154 937 2477 1008 voluptates.

2465 1024 2690 1082 EPIST.
2731 1022 2961 1079 XLVIII.

2417 1118 2678 1173 Theodoro
2731 1117 3035 1188 hegumeno.

852 1033 1080 1088 ΕΠΙΣΤ.
1112 1032 1257 1087 Mﬂ'.

708 1126 982 1195 Θεοδώρῳ
1030 1124 1359 1195 ἡγουμένῳ.

1442 1229 1709 1280 Montacut.
1745 1228 1848 1291 (ep.
1873 1225 1981 1286 142,
2014 1242 2060 1290 p.
2094 1226 2225 1289 199).

323 1336 435 1406 Ούχ
463 1335 492 1388 6
517 1333 579 1388 τὸ
611 1329 787 1405 ῥεῦμα
835 1330 944 1385 τῶν
971 1329 1147 1399 λόγων
1197 1329 1256 1383 ἐν
1293 1326 1516 1398 γλώσσῃ
1553 1323 1817 1398 πηγάζων

1988 1321 2105 1377 Non
2130 1331 2214 1378 est
2238 1321 2328 1377 ille
2352 1321 2541 1377 statim
2568 1336 2733 1375 manu
2757 1326 3043 1391 promptus
3065 1317 3369 1383 habendus,
3398 1316 3491 1387 qui

250 1429 379 1501 ἤδη,
416 1427 509 1481 καὶ
552 1427 710 1496 χεῖρα
751 1423 1111 1495 δραστήριοςο
1167 1419 1358 1490 ὥσπερ
1407 1418 1517 1471 οὐδ’
1547 1418 1576 1470 ό
1620 1416 1817 1487 πράξει

1939 1422 2190 1469 orrenles
2235 1414 2548 1478 verborum,
2582 1413 2767 1483 lingua
2809 1411 2974 1466 veluti
3011 1409 3161 1465 fonte
3206 1410 3492 1465 immittit:

252 1520 493 1592 κρατῶν,
524 1518 615 1571 καὶ
634 1515 733 1586 τὴν
761 1514 868 1568 τῶν
897 1513 1157 1585 ῥημάτων
1188 1510 1362 1565 πειθὼ
1385 1509 1819 1580 σοϐαρευομένην

1945 1515 1995 1561 ta
2041 1520 2146 1560 nec
2190 1505 2352 1560 rebus
2395 1505 2562 1576 gestis
2605 1504 2783 1559 clarus
2808 1543 2824 1569 ,
2876 1504 3168 1558 verborum
3219 1501 3495 1557 suadelam

246 1610 505 1683 ἐχειτοῖς
528 1607 753 1679 χείλεσι.
792 1605 903 1658 Καὶ
932 1603 1102 1657 πολλὰ
1145 1601 1244 1673 μὲν
1296 1601 1475 1663 ἄλλοις
1495 1599 1668 1653 είπεῖν
1712 1597 1820 1670 ἔχω

1939 1597 2083 1653 abiis
2106 1612 2227 1652 cum
2257 1613 2449 1667 pompa
2495 1597 2825 1653 insidentem
2874 1610 3090 1665 semper
3124 1595 3307 1649 habet.
3336 1592 3495 1664 Apud

252 1701 350 1754 καὶ
398 1695 714 1753 παντοδαπά
759 1693 1178 1766 παραδείγματα
1202 1708 1217 1722 ·
1255 1692 1393 1763 πρὸς
1419 1691 1478 1744 σὲ
1511 1690 1570 1744 δὲ
1596 1691 1821 1760 γράφων

1939 1689 2080 1755 alios,
2102 1705 2202 1762 ego
2232 1690 2417 1746 multis
2445 1691 2552 1745 hoc
2581 1689 2809 1744 effatum
2855 1698 2911 1743 et
2948 1687 3340 1759 multiplicibus
3368 1701 3498 1757 pro-

250 1790 345 1846 τὸν
376 1789 729 1861 όμηρίζοντα,
760 1786 818 1840 ἓν
844 1784 1127 1850 ὑποδείξας
1150 1785 1340 1856 ἀρκεῖν
1367 1782 1631 1854 ἡγοῦμαι.
1651 1782 1821 1853 Λιμὸς

1939 1783 2059 1837 bare
2079 1796 2297 1852 possem
2330 1781 2593 1850 exemplis
2618 1798 2632 1835 :
2664 1780 2759 1836 sed
2786 1794 2909 1835 cum
2937 1781 3004 1834 ad
3035 1778 3367 1845 te,scribam,
3403 1776 3500 1847 qui

252 1882 440 1938 ἐπόνει
470 1880 533 1934 τὸ
566 1878 978 1951 στρατιωτικὸν,
1008 1879 1058 1930 οἱ
1089 1876 1187 1948 τὴν
1222 1874 1320 1948 σὴν
1363 1876 1564 1947 Τροίαν
1605 1874 1823 1946 πολιορ-

1939 1872 2395 1929 Homerizantium
2422 1889 2565 1929 unus
2588 1888 2670 1938 es,
2701 1873 2922 1927 unicum
2963 1871 3008 1926 si
3049 1885 3354 1942 suggeram,
3381 1869 3502 1924 suf-

253 1971 478 2033 κοῦντες
503 1967 931 2041 περιεκάθηντο·
965 1967 1059 2020 καὶ
1108 1968 1137 2020 6
1178 1966 1277 2037 μὲν
1339 1966 1626 2028 Ὀδυσσεὺς
1678 1964 1823 2019 σίτον

253 2064 534 2134 αἰτήσων,
588 2060 724 2132 πρὸς
761 2062 943 2114 Ἀνιον
997 2058 1391 2112 ἀπεστέλλετο·
1432 2057 1655 2129 ἐθάρρει
1714 2057 1823 2128 γὰρ

254 2154 422 2210 αὑτοῦ
444 2156 507 2224 τῇ
535 2152 757 2226 γλώσσῃ
796 2152 855 2205 τὸ
896 2149 1176 2221 Ἀχαικόν.
1218 2150 1277 2202 '0
1326 2148 1382 2201 δὲ
1410 2147 1823 2220 παραγεγονὼς,

255 2247 397 2299 ἔπεα
426 2244 740 2313 νιφάδεσσιν
772 2241 989 2295 ἐοικότα
1020 2239 1370 2311 χειμερίοισι,
1404 2239 1629 2292 πλεῖστα
1652 2241 1823 2310 ἐπομ-

257 2335 495 2407 ϐρήσας,
524 2333 623 2388 καὶ
646 2331 855 2396 τούτοις
885 2330 1236 2393 κατακλύσας
1285 2329 1377 2382 τὸν
1419 2328 1725 2400 ἄνθρωπον,
1764 2332 1825 2383 ού

241 2427 441 2499 μόνον,
478 2418 552 2479 ὧν
612 2424 839 2496 ἤλπισεν
864 2464 881 2490 ,
927 2422 1081 2476 οὐδὲν
1136 2418 1506 2492 ἐγεώργησεν,
1552 2420 1688 2474 ἀλλὰ
1731 2422 1829 2475 καὶ

254 2518 486 2592 ὀχληρὸς
509 2512 649 2571 εἶναι
674 2514 851 2582 δόξας,
881 2513 1221 2587 ὑπέστρεψεν
1240 2529 1255 2543 ⁸
1289 2514 1493 2586 ἄπορον
1513 2525 1537 2553 θ
1556 2514 1657 2586 τὴν
1684 2513 1829 2586 ζωὴν

255 2614 373 2676 τοῖς
406 2612 485 2675 εἰς
513 2610 677 2664 αὑτὸν
709 2609 966 2679 κεχηνόσι
990 2607 1381 2679 ποιησάμενος.
1412 2608 1745 2680 Παλαμήδης
1772 2607 1829 2660 δὲ

257 2699 472 2763 ἐκεῖνος
501 2693 672 2769 (οἶδας
698 2696 788 2751 τὸν
826 2695 1137 2768 ἄνθρωπον,
1171 2697 1295 2750 ὅσον
1339 2697 1636 2761 Ὀδυσσέως
1676 2698 1829 2767 ἀφω-

259 2788 506 2863 νότερος)
555 2789 657 2860 τὴν
720 2788 1021 2860 πρεσϐείαν
1097 2789 1237 2860 μετά
1282 2790 1376 2843 τὸν
1414 2788 1570 2859 λιγὺν
1625 2790 1831 2844 ἐκεῖνον

260 2882 543 2954 ἀγορητὴν
591 2880 900 2952 ἐθάρρησεν
938 2879 1308 2934 ὑποδύσασθαι
1332 2895 1348 2912 ο
1379 2880 1475 2935 καὶ
1510 2879 1831 2935 καταλαϐὼν

1928 1962 2198 2019 lecturum
2216 1964 2470 2018 arbitror.
2490 1964 2655 2019 Fame
2683 1962 2964 2017 laborabat
2988 1962 3260 2016 exercitus
3283 1957 3500 2029 Troiam

1929 2055 2551 2112 circumobsidentium:
2591 2054 2832 2125 Ulysses,
2867 2053 3202 2109 frumentum
3242 2053 3502 2123 impetra-

1931 2160 2109 2213 turus,
2136 2152 2203 2203 ad
2231 2149 2439 2204 Anium
2484 2148 2738 2203 mittitur.
2772 2147 2994 2219 Lingua:
3028 2148 3177 2204 enim
3213 2148 3333 2217 ejus
3369 2161 3505 2201 con-

1932 2238 2174 2293 ﬁdebant
2218 2237 2416 2293 Grazci.
2475 2238 2571 2293 Ille
2629 2238 2724 2293 ubi
2774 2238 2977 2293 Anium
3038 2237 3279 2303 advenit,
3338 2237 3504 2291 verba

1931 2330 2212 2401 grandinis
2237 2341 2332 2385 aut
2356 2330 2500 2387 nivis
2522 2331 2693 2385 instar
2721 2329 3033 2400 depluebat,
3079 2339 3245 2399 atque
3269 2328 3375 2384 illis
3402 2328 3506 2383 ho-

1933 2421 2137 2477 minem
2164 2421 2463 2478 inundabat
2485 2439 2502 2489 ;
2528 2422 2625 2478 sed
2657 2436 2771 2477 non
2802 2422 2964 2477 modo
2996 2420 3136 2475 nihil
3158 2435 3350 2475 eorum
3382 2434 3505 2489 qua:

1933 2514 2188 2584 sperabat
2232 2514 2490 2581 obtinuit,
2527 2529 2716 2569 verum
2768 2513 3030 2568 molestus
3060 2514 3111 2568 ei
3144 2512 3292 2567 visus
3323 2511 3505 2565 inanis

1934 2620 2188 2661 reversus
2209 2617 2329 2673 est;
2363 2614 2418 2661 et
2436 2606 2604 2661 vitam
2638 2605 2757 2660 sine
2785 2604 2987 2670 fructu,
3021 2604 3139 2659 sine
3188 2603 3337 2659 victu
3380 2602 3505 2656 red-

1934 2700 2074 2755 didit
2104 2698 2305 2755 Graecis
2331 2699 2424 2769 qui
2471 2699 2527 2753 in
2574 2698 2728 2752 illum
2771 2697 3072 2752 inhiabant.
3104 2695 3305 2751 Verum
3353 2694 3507 2749 Pala-

1936 2791 2123 2845 medes
2145 2790 2233 2860 (de
2256 2805 2365 2859 quo
2392 2788 2558 2844 fando
2590 2789 2812 2856 audisti,
2845 2788 3026 2843 minus
3054 2786 3328 2844 ex5titisse
3355 2785 3506 2841 illum

1935 2896 2097 2950 quam
2145 2880 2369 2951 Ulysses
2412 2888 2568 2944 erat,
2627 2880 2930 2951 loquacem)
2982 2879 3328 2950 legationem,
3386 2886 3510 2949 post

260 2975 356 3031 τὸν
391 2976 597 3038 Ἀνιον,
627 2972 1020 3044 ἐργαζόμενον,
1048 2967 1168 3025 εἷπε
1196 2971 1294 3042 μὲν
1326 2972 1511 3027 οὐδέν·
1543 2972 1831 3028 ἀποϐαλὼν

1939 2972 2089 3027 illum
2117 2973 2450 3028 rhetoricum
2477 2973 2922 3039 declamatorem,
2953 2973 3108 3028 obire
3137 2987 3341 3037 ausus;
3383 2987 3507 3026 cum

262 3067 323 3122 δὲ
372 3065 436 3119 τδ
494 3066 733 3135 ἱμάτιον,
769 3064 1023 3127 κοινωνὸς
1060 3062 1156 3116 τοῦ
1208 3062 1376 3132 ἔργου
1407 3065 1636 3133 ἐγίνετο.
1686 3066 1837 3119 Ἐπεὶ

264 3160 323 3215 δὲ
359 3159 497 3227 μετά
521 3159 648 3223 τοὺς
674 3158 894 3223 πόνους,
917 3156 976 3209 τὸ
996 3157 1209 3210 δεῖπνον
1235 3156 1442 3222 ἐκάλει,
1463 3155 1542 3227 τῷ
1566 3157 1837 3229 ἀνθρώπῳ

270 3250 633 3322 συνηρίστησε
656 3265 671 3280 ο
724 3247 821 3302 καὶ
847 3250 968 3301 τότε
1011 3248 1184 3318 βραχὺ
1216 3249 1369 3318 ῥῆμα
1413 3249 1752 3319 προήνεγκεν
1780 3248 1826 3317 ι,

266 3340 343 3406 ὡς
363 3337 465 3413 ἧκε
496 3344 642 3394 σῖτον
669 3340 912 3410 αἰτήσων
941 3337 1178 3410 στρατῷ,
1205 3338 1345 3409 φίλῳ
1362 3340 1457 3391 καὶ
1480 3337 1834 3409 λιμώττοντυ

273 3432 572 3504 καὶζτυχὼν
602 3431 768 3503 ἀπῄει
790 3430 1020 3501 χαίρων,
1053 3428 1149 3483 καὶ
1168 3430 1350 3500 φέρων
1379 3430 1494 3492 τοῖς
1522 3429 1835 3500 ὁμοφύλοις,

269 3523 394 3578 ἀντὶ
421 3523 619 3591 λόγων,
651 3522 750 3593 τὴν
784 3521 1072 3589 ὠφέλειαν.
1103 3522 1215 3575 Καὶ
1244 3522 1308 3574 σὺ
1338 3520 1519 3574 τοίνυν
1554 3520 1631 3592 μὴ
1660 3522 1838 3574 πάντα

271 3614 467 3687 θάρρει
494 3617 607 3678 τοῖς
644 3612 823 3683 λόγοις
842 3628 855 3643 ο
885 3611 1059 3683 βραχὺ
1084 3610 1194 3683 γὰρ
1221 3611 1382 3683 ἔργον
1410 3612 1673 3680 σιγῶντος
1701 3610 1839 3687 μετά

272 3707 565 3773 συνέσεως,
611 3706 859 3777 μακροὺς
903 3704 1243 3776 ἐπιστομίζει
1310 3706 1500 3773 λόγους
1551 3703 1839 3770 πολλάκις,

276 3798 373 3853 καὶ
393 3799 549 3853 οὐδὲν
575 3798 688 3852 τῶν
710 3798 923 3867 ψόφων.
954 3799 1049 3851 καὶ
1068 3796 1178 3851 τῶν
1208 3796 1440 3868 ἀσήμων
1455 3795 1650 3866 φωνῶν
1678 3795 1840 3851 πλέον

272 3891 445 3966 ἔχειν,
473 3892 863 3947 ἐπιδείκνυσιν.

854 4168 1075 4224 ΕΠΙΣΤ.
1113 4168 1247 4224 ΜΘ’.

914 4258 999 4324 Τῷ
1024 4257 1204 4323 αὐτῷ.

1938 3065 2092 3136 operi
2147 3065 2422 3120 intentum
2473 3066 2679 3121 rustico
2743 3065 3043 3122 invenisset
3080 3065 3315 3129 Anium,
3372 3064 3511 3118 nihil

1938 3172 2163 3227 prorsus
2196 3158 2350 3225 dixit,
2405 3157 2500 3213 sed
2548 3167 2710 3213 exuta
2756 3169 2931 3224 veste,
2975 3158 3126 3229 operi
3175 3174 3235 3213 se
3277 3158 3513 3213 accinxit

1939 3248 2141 3303 laboris
2171 3248 2400 3303 socium.
2428 3247 2566 3302 Cum
2596 3248 2750 3302 ﬁnito
2776 3264 2941 3319 opere
2961 3250 3029 3303 ad
3050 3263 3262 3304 cceuam
3286 3263 3512 3303 vocare-

1939 3350 2051 3407 tur,
2113 3342 2350 3397 caanavit
2382 3358 2490 3397 una
2534 3361 2547 3396 :
2596 3352 2652 3397 et
2705 3343 2846 3396 inter
2902 3343 3229 3419 castrandum
3270 3340 3515 3395 breviter

1942 3434 2196 3504 exposuit
2260 3434 2527 3490 adventus
2592 3435 2678 3489 sui
2730 3449 2988 3501 causam,
3057 3443 3118 3488 ut
3177 3432 3515 3488 frumentum

1941 3522 2208 3576 exercitui
2239 3522 2577 3592 impetraret,
2608 3523 2749 3577 fame
2800 3523 2963 3576 nimis
3008 3538 3170 3593 quam
3220 3522 3513 3577 laboranti.

1938 3610 2061 3679 Quo
2089 3612 2403 3684 impetrato,
2435 3614 2592 3668 laetus
2634 3615 2963 3681 revertitur;
3017 3629 3116 3684 pro
3137 3614 3340 3681 verbis,
3378 3629 3517 3669 con-

1942 3703 2231 3759 tribulibus
2270 3703 2382 3759 suis
2415 3704 2707 3759 utilitatem
2735 3704 2939 3760 ferens.
2986 3702 3107 3759 Noli
3157 3720 3299 3775 ergo,
3325 3713 3383 3758 tu
3426 3705 3517 3760 ni-

1941 3796 2112 3851 mium
2165 3797 2349 3852 verbis
2399 3796 2566 3853 ﬁdere
2608 3816 2623 3853 :
2659 3812 2787 3852 nam
2846 3797 3187 3853 taciturnitas
3233 3795 3517 3867 prudentis

1944 3887 2045 3942 viri
2082 3888 2233 3960 logos
2272 3889 2461 3960 longos
2514 3903 2657 3959 saepe
2699 3888 2918 3943 obturat
2951 3906 2964 3941 :
3016 3902 3231 3942 necnon
3263 3886 3517 3942 omnibus

1939 3979 2285 4035 manifesrum
2340 3980 2489 4046 facit,
2534 3997 2657 4037 esse
2713 3981 2832 4037 illos
2885 3979 3076 4035 inanes
3124 3980 3410 4050 strepitus,
3462 3989 3518 4036 et

1942 4080 2137 4141 praeter
2178 4088 2343 4128 voces
2369 4073 2527 4128 nihil.

2503 4177 2723 4235 EPIST.
2766 4178 2957 4234 XLIX.

2609 4272 2829 4342 ‘Eidem.

1502 4374 1766 4426 Moutacut.
1794 4376 1897 4442 (ep.
1919 4377 2029 4444 145,
2052 4395 2103 4445 p.
2130 4384 2260 4447 200).

344 4472 458 4545 Τὴν
487 4470 745 4525 Αἰσώπου
774 4486 1020 4539 γνωμην,
1058 4470 1125 4539 ἢν
1162 4468 1413 4522 ἀπέδωκε
1433 4509 1449 4535 ,
1479 4470 1837 4541 διερωτήσαν-

2014 4481 2203 4553 Αὲεορί
2235 4484 2582 4552 sententiam,
2606 4501 2769 4556 quam
2800 4485 3016 4543 Chiloni
3043 4487 3309 4559 Spartano
3339 4486 3514 4543 inter-

274 4583 369 4629 τος
408 4563 504 4617 τοῦ
535 4560 966 4632 Λακεδαιμονίου
1011 4561 1281 4625 Χείλωνος
1322 4560 1403 4632 (ἐξ
1431 4554 1505 4615 ὧν
1532 4563 1641 4633 γὰρ
1666 4564 1837 4628 ποθεῖς

1945 4572 2158 4641 roganti
2192 4573 2437 4642 protulit,
2468 4590 2577 4629 non
2618 4554 2782 4631 modo
2837 4554 3100 4647 apposite
3118 4588 3173 4633 et
3216 4577 3516 4648 prudenter

278 4656 560 4727 ναμάτων,
588 4652 681 4706 τὸν
714 4653 811 4723 τῆς
844 4651 1218 4724 παραινέσεως
1246 4668 1329 4705 σοι
1360 4651 1533 4721 κιρνῶ
1554 4656 1849 4726 κρατῆρα),

280 4751 359 4820 μὴ
386 4748 547 4819 μόνον
577 4746 850 4815 εὐστόχως
878 4745 971 4799 καὶ
1016 4744 1194 4814 σοφῶς
1231 4744 1554 4814 εἰρημένην,
1592 4744 1726 4800 ἀλλὰ
1755 4746 1853 4800 καὶ

277 4839 707 4914 χρησιμωτάτην
759 4838 881 4892 λίαν
914 4837 1123 4908 νόμιζε.
1167 4836 1324 4889 Ἐστι
1362 4835 1494 4908 γὰρ,
1542 4835 1714 4902 ἐστιν,
1762 4838 1851 4891 ἐπ’

279 4931 464 4987 αὐτῶν
492 4931 603 4985 τῶν
639 4929 983 5001 πραγμάτων
1034 4928 1162 4982 ίδεῖν
1188 4927 1459 4998 ἐναργῶς,
1512 4927 1588 4991 ῶς
1619 4930 1647 4980 6
1673 4929 1848 5000 ᾶρῤη-

278 5040 373 5087 τος
406 5026 432 5065 ⁸
484 5024 580 5077 καὶ
614 5022 971 5085 ἀναλλοίωτος
1015 5019 1160 5085 νοῦς,
1201 5004 1415 5090 ἐπαίρει
1452 5018 1552 5089 μὲν
1602 5020 1849 5091 συνεχῶς

283 5117 442 5189 (ὅπερ
461 5118 670 5179 ἐκεῖνος
708 5115 931 5185 ἔφησεν)
962 5114 1041 5178 είς
1071 5113 1204 5183 ὕψος
1231 5113 1262 5152 h
1301 5112 1561 5166 ταπεινά·
1598 5112 1830 5182 κατάγει

281 5208 339 5261 δὲ
372 5210 453 5271 είς
497 5207 882 5277 ταπεινότητα,
925 5206 1003 5261 τὰη
1033 5205 1245 5275 ὑψηλάο
1284 5204 1380 5258 καὶ
1422 5203 1583 5258 τοῦτο
1613 5205 1851 5275 συνεχῶς

282 5298 639 5369 διαμελετῶν,
670 5297 775 5351 κᾶν
803 5297 916 5351 ἀνω
935 5297 1098 5368 δοκῇς
1122 5297 1362 5360 ἐστάναι,
1390 5295 1580 5353 σκόπει
1609 5294 1678 5348 τὰ
1702 5296 1853 5348 κάτω

286 5393 385 5445 καὶ
412 5390 646 5444 ταπεινά
667 5406 681 5419 ·
717 5389 806 5442 ἵνα
839 5387 914 5459 μὴ
958 5387 1171 5459 ἀθρόον,
1218 5387 1310 5441 καὶ
1344 5386 1475 5454 παρ’
1505 5385 1725 5448 ἐλπίδας
1754 5403 1854 5439 πε·

287 5482 422 5549 σὼν,
457 5484 539 5546 είς
567 5480 889 5553 ἀμηχανίαν
916 5479 1051 5543 ὅλως
1076 5480 1371 5548 καταστῇς,
1416 5477 1510 5531 καί⁸
1557 5476 1855 5546 ίλιγγιῶντι

1946 4663 2236 4732 prolatam,
2291 4666 2387 4721 sed
2432 4667 2597 4723 valde
2645 4670 2986 4724 commodam
3037 4669 3303 4724 arbitrare
3357 4670 3440 4740 (ut
3481 4684 3516 4724 e

1945 4755 2156 4824 rivulis,
2206 4758 2405 4827 quibus
2451 4760 2761 4839 oblectaris,
2825 4761 3213 4817 admonitionis
3264 4761 3363 4816 tibi
3412 4776 3514 4832 po-

1948 4846 2131 4902 culum
2158 4850 2469 4921 propinam)
2520 4852 2678 4908 Certe
2715 4868 2746 4908 e
2785 4868 2845 4909 re
2888 4855 3004 4922 ipsa
3051 4852 3336 4909 manifeste
3390 4854 3516 4909 licet

1948 4934 2408 5003 animadvertere,
2434 4941 2581 5011 quod
2606 4941 2760 4996 ﬁrma
2785 4951 2841 4996 et
2882 4941 3109 4995 immota
3159 4956 3313 4997 mens
3342 4956 3515 5012 smpe-

1945 5040 2175 5083 numero
2226 5031 2421 5086 attollit
2469 5031 2960 5101 «quemadmodum
3006 5030 3099 5086 ille
3158 5029 3515 5103 loquebatur)

1946 5116 2169 5173 humilia
2205 5118 2261 5173 in
2293 5120 2546 5186 sublime,
2577 5129 2634 5175 et
2657 5120 2915 5190 deprimit
2956 5120 3207 5176 sublimia
3242 5121 3298 5175 in
3331 5120 3516 5176 humi-

1947 5208 2180 5264 litatem.
2225 5210 2343 5267 Hoc
2390 5222 2483 5267 tuo
2510 5213 2693 5268 animo
2718 5213 2965 5269 recolens
2996 5228 3161 5285 saepe,
3193 5214 3319 5270 licet
3338 5215 3394 5269 in
3416 5230 3514 5270 ex-

1948 5300 2097 5355 celso
2122 5302 2298 5357 elatus
2325 5304 2588 5358 exsistere
2617 5303 2873 5371 videaris,
2923 5321 3043 5377 quae
3065 5306 3317 5362 deorsum
3364 5318 3514 5369 sunt,

1950 5390 2198 5458 intuere;
2232 5408 2299 5449 ne
2332 5404 2531 5464 praeter
2555 5396 3015 5467 exspectationem
3062 5407 3229 5464 tuam,
3255 5397 3433 5452 subito
3460 5403 3519 5451 et
3564 5420 3573 5425 -

1951 5479 2242 5536 confertim
2289 5482 2604 5541 deturbatus
2658 5483 2915 5555 excidas,
2980 5494 3035 5542 et
3076 5499 3186 5557 quo
3236 5491 3288 5539 te
3336 5493 3519 5538 vertas

1554 5627 1789 5692 VARl/E
1828 5632 2223 5690 LECTIONES.

410 5806 433 5837 ε
463 5794 717 5863 ἄσπορον.
835 5793 855 5835 ἲ
896 5810 1059 5865 προσ.
1172 5795 1197 5833 Β
1230 5791 1486 5864 ἄρρητός.
1596 5792 1625 5833 ιι
1658 5790 1747 5845 τά.
