  <div class='ocr_page' id='page_1' title='image "/cluster/home/n/w/nwhite01/storage/ocr_20150623/102/hvd.32044012543948/441.png"; bbox 0 0 4044 6454; ppageno 0'>
   <div class='ocr_carea' id='block_1_1' title="bbox 586 289 2154 358">
    <p class='ocr_par' dir='ltr' id='par_1_1' title="bbox 586 289 2154 354">
     <span class='ocr_line' id='line_1_1' title="bbox 586 289 2154 354; baseline 0 -1"><span class='ocrx_word' id='word_1_1' title='bbox 586 289 689 354; x_wconf 84' lang='lat'><strong>867</strong></span> <span class='ocrx_word' id='word_1_2' title='bbox 1750 290 2013 353; x_wconf 87' lang='grc' dir='ltr'><strong>ΡΠΟΤΙῙ</strong></span> <span class='ocrx_word' id='word_1_3' title='bbox 2051 292 2154 353; x_wconf 87' lang='grc' dir='ltr'><strong>ΡΑ¹</strong></span> 
     </span>
    </p>
   </div>
   <div class='ocr_carea' id='block_1_2' title="bbox 2257 289 3840 358">
    <p class='ocr_par' dir='ltr' id='par_1_2' title="bbox 2257 293 3840 358">
     <span class='ocr_line' id='line_1_2' title="bbox 2257 293 3840 358; baseline 0.002 -6"><span class='ocrx_word' id='word_1_4' title='bbox 2257 294 2549 354; x_wconf 69' lang='grc' dir='ltr'><strong>ΙΑΒΟΗᾹΞ</strong></span> <span class='ocrx_word' id='word_1_5' title='bbox 2581 296 2694 358; x_wconf 89' lang='lat' dir='ltr'><strong>CP.</strong></span> <span class='ocrx_word' id='word_1_6' title='bbox 3727 293 3840 356; x_wconf 82' lang='lat'><strong>868</strong></span> 
     </span>
    </p>
   </div>
   <div class='ocr_carea' id='block_1_3' title="bbox 581 399 2154 478">
    <p class='ocr_par' dir='ltr' id='par_1_3' title="bbox 581 399 2147 472">
     <span class='ocr_line' id='line_1_3' title="bbox 581 399 2147 472; baseline 0 -16"><span class='ocrx_word' id='word_1_7' title='bbox 581 401 821 462; x_wconf 87' lang='lat' dir='ltr'><strong>nescius.</strong></span> <span class='ocrx_word' id='word_1_8' title='bbox 850 399 1042 456; x_wconf 86' lang='lat' dir='ltr'><strong>similis</strong></span> <span class='ocrx_word' id='word_1_9' title='bbox 1077 400 1171 456; x_wconf 83' lang='lat' dir='ltr'><strong>ﬁas</strong></span> <span class='ocrx_word' id='word_1_10' title='bbox 1209 401 1542 472; x_wconf 83' lang='lat' dir='ltr'><strong>vertiginoso</strong></span> <span class='ocrx_word' id='word_1_11' title='bbox 1583 408 1637 456; x_wconf 90' lang='lat' dir='ltr'><strong>et</strong></span> <span class='ocrx_word' id='word_1_12' title='bbox 1675 399 2027 465; x_wconf 89' lang='lat' dir='ltr'><strong>circumacto,</strong></span> <span class='ocrx_word' id='word_1_13' title='bbox 2075 402 2147 456; x_wconf 89' lang='lat' dir='ltr'><strong>ita</strong></span> 
     </span>
    </p>
   </div>
   <div class='ocr_carea' id='block_1_4' title="bbox 2257 399 3832 478">
    <p class='ocr_par' dir='ltr' id='par_1_4' title="bbox 2257 405 3832 478">
     <span class='ocr_line' id='line_1_4' title="bbox 2257 405 3832 478; baseline 0 -21"><span class='ocrx_word' id='word_1_14' title='bbox 2257 406 2344 458; x_wconf 74' lang='grc' dir='ltr'><strong>καὶ</strong></span> <span class='ocrx_word' id='word_1_15' title='bbox 2389 406 2814 478; x_wconf 85' lang='grc' dir='ltr'>περιδινουμένῳ</span> <span class='ocrx_word' id='word_1_16' title='bbox 2848 406 3061 469; x_wconf 78' lang='grc' dir='ltr'>ἐοικὼς,</span> <span class='ocrx_word' id='word_1_17' title='bbox 3113 407 3328 476; x_wconf 88' lang='grc' dir='ltr'>γέλωτα</span> <span class='ocrx_word' id='word_1_18' title='bbox 3378 406 3476 476; x_wconf 82' lang='grc' dir='ltr'><strong>μὲν</strong></span> <span class='ocrx_word' id='word_1_19' title='bbox 3519 405 3777 474; x_wconf 77' lang='grc' dir='ltr'><strong>κινήσεις</strong></span> <span class='ocrx_word' id='word_1_20' title='bbox 3811 406 3832 443; x_wconf 77' lang='grc' dir='ltr'><strong>ῑ</strong></span> 
     </span>
    </p>
   </div>
   <div class='ocr_carea' id='block_1_5' title="bbox 586 489 2154 569">
    <p class='ocr_par' dir='ltr' id='par_1_5' title="bbox 586 492 2154 564">
     <span class='ocr_line' id='line_1_5' title="bbox 586 492 2154 564; baseline 0.001 -18"><span class='ocrx_word' id='word_1_21' title='bbox 586 504 646 548; x_wconf 89' lang='lat' dir='ltr'><strong>ut</strong></span> <span class='ocrx_word' id='word_1_22' title='bbox 694 494 864 548; x_wconf 89' lang='lat' dir='ltr'><strong>risum</strong></span> <span class='ocrx_word' id='word_1_23' title='bbox 916 508 1140 548; x_wconf 83' lang='lat' dir='ltr'><strong>moveas</strong></span> <span class='ocrx_word' id='word_1_24' title='bbox 1169 492 1310 564; x_wconf 74' lang='lat' dir='ltr'><strong>(qua:</strong></span> <span class='ocrx_word' id='word_1_25' title='bbox 1357 502 1440 548; x_wconf 90' lang='lat' dir='ltr'><strong>est</strong></span> <span class='ocrx_word' id='word_1_26' title='bbox 1497 492 1830 563; x_wconf 87' lang='lat' dir='ltr'><strong>deploranda</strong></span> <span class='ocrx_word' id='word_1_27' title='bbox 1873 493 2154 548; x_wconf 85' lang='lat' dir='ltr'><strong>hominum</strong></span> 
     </span>
    </p>
   </div>
   <div class='ocr_carea' id='block_1_6' title="bbox 2257 489 3843 569">
    <p class='ocr_par' dir='ltr' id='par_1_6' title="bbox 2263 489 3843 569">
     <span class='ocr_line' id='line_1_6' title="bbox 2263 489 3843 569; baseline 0 -21"><span class='ocrx_word' id='word_1_28' title='bbox 2263 499 2279 566; x_wconf 91' lang='lat'><strong>(</strong></span> <span class='ocrx_word' id='word_1_29' title='bbox 2314 489 2358 548; x_wconf 82' lang='grc' dir='ltr'><strong>ὦ</strong></span> <span class='ocrx_word' id='word_1_30' title='bbox 2391 496 2555 565; x_wconf 80' lang='grc' dir='ltr'><strong>φύσις</strong></span> <span class='ocrx_word' id='word_1_31' title='bbox 2590 499 2895 569; x_wconf 88' lang='grc' dir='ltr'>ἀνθρώπων</span> <span class='ocrx_word' id='word_1_32' title='bbox 2923 499 3168 567; x_wconf 83' lang='grc' dir='ltr'>τάλαινα)</span> <span class='ocrx_word' id='word_1_33' title='bbox 3201 501 3314 561; x_wconf 86' lang='grc' dir='ltr'>τοῖς</span> <span class='ocrx_word' id='word_1_34' title='bbox 3356 515 3416 551; x_wconf 88' lang='grc' dir='ltr'><strong>σε</strong></span> <span class='ocrx_word' id='word_1_35' title='bbox 3445 495 3544 550; x_wconf 85' lang='grc' dir='ltr'><strong>νῦν</strong></span> <span class='ocrx_word' id='word_1_36' title='bbox 3575 497 3635 549; x_wconf 81' lang='grc' dir='ltr'>ὲν</span> <span class='ocrx_word' id='word_1_37' title='bbox 3669 497 3843 549; x_wconf 84' lang='grc' dir='ltr'>κολα-</span> 
     </span>
    </p>
   </div>
   <div class='ocr_carea' id='block_1_7' title="bbox 585 587 2154 664">
    <p class='ocr_par' dir='ltr' id='par_1_7' title="bbox 585 587 2154 659">
     <span class='ocr_line' id='line_1_7' title="bbox 585 587 2154 659; baseline -0.001 -17"><span class='ocrx_word' id='word_1_38' title='bbox 585 587 851 659; x_wconf 86' lang='lat' dir='ltr'><strong>conditio)</strong></span> <span class='ocrx_word' id='word_1_39' title='bbox 880 588 946 644; x_wconf 92' lang='lat' dir='ltr'><strong>iis</strong></span> <span class='ocrx_word' id='word_1_40' title='bbox 979 589 1074 659; x_wconf 85' lang='lat' dir='ltr'><strong>qui</strong></span> <span class='ocrx_word' id='word_1_41' title='bbox 1109 604 1206 658; x_wconf 90' lang='lat' dir='ltr'><strong>per</strong></span> <span class='ocrx_word' id='word_1_42' title='bbox 1229 588 1599 642; x_wconf 79' lang='lat' dir='ltr'><strong>adulationem</strong></span> <span class='ocrx_word' id='word_1_43' title='bbox 1659 603 1804 642; x_wconf 90' lang='lat' dir='ltr'><strong>nunc</strong></span> <span class='ocrx_word' id='word_1_44' title='bbox 1835 597 1887 642; x_wconf 86' lang='lat' dir='ltr'><strong>te</strong></span> <span class='ocrx_word' id='word_1_45' title='bbox 1937 588 2154 642; x_wconf 87' lang='lat' dir='ltr'><strong>beatum</strong></span> 
     </span>
    </p>
   </div>
   <div class='ocr_carea' id='block_1_8' title="bbox 2257 587 3843 664">
    <p class='ocr_par' dir='ltr' id='par_1_8' title="bbox 2257 589 3843 664">
     <span class='ocr_line' id='line_1_8' title="bbox 2257 589 3843 664; baseline -0.001 -22"><span class='ocrx_word' id='word_1_46' title='bbox 2257 589 2378 660; x_wconf 81' lang='grc' dir='ltr'>κείᾳ</span> <span class='ocrx_word' id='word_1_47' title='bbox 2411 591 2828 660; x_wconf 79' lang='grc' dir='ltr'><strong>μακαρίζουσιν,</strong></span> <span class='ocrx_word' id='word_1_48' title='bbox 2853 590 3043 664; x_wconf 84' lang='grc' dir='ltr'>ῶσπερ</span> <span class='ocrx_word' id='word_1_49' title='bbox 3068 591 3246 663; x_wconf 87' lang='grc' dir='ltr'>λύπην</span> <span class='ocrx_word' id='word_1_50' title='bbox 3271 593 3422 662; x_wconf 78' lang='grc' dir='ltr'>ἡμῖν,</span> <span class='ocrx_word' id='word_1_51' title='bbox 3455 592 3572 652; x_wconf 86' lang='grc' dir='ltr'>τοῖς</span> <span class='ocrx_word' id='word_1_52' title='bbox 3602 589 3661 642; x_wconf 78' lang='grc' dir='ltr'>ἐν</span> <span class='ocrx_word' id='word_1_53' title='bbox 3688 589 3843 660; x_wconf 75' lang='grc' dir='ltr'>παῤ-</span> 
     </span>
    </p>
   </div>
   <div class='ocr_carea' id='block_1_9' title="bbox 581 679 2154 755">
    <p class='ocr_par' dir='ltr' id='par_1_9' title="bbox 581 679 2154 750">
     <span class='ocr_line' id='line_1_9' title="bbox 581 679 2154 750; baseline 0 -17"><span class='ocrx_word' id='word_1_54' title='bbox 581 680 878 750; x_wconf 67' lang='grc' dir='ltr'>ρταξιίἰοοηι</span> <span class='ocrx_word' id='word_1_55' title='bbox 922 699 936 734; x_wconf 85' lang='lat'><strong>:</strong></span> <span class='ocrx_word' id='word_1_56' title='bbox 983 680 1142 735; x_wconf 88' lang='lat' dir='ltr'><strong>nobis</strong></span> <span class='ocrx_word' id='word_1_57' title='bbox 1197 689 1377 734; x_wconf 89' lang='lat' dir='ltr'><strong>autem</strong></span> <span class='ocrx_word' id='word_1_58' title='bbox 1429 679 1672 734; x_wconf 82' lang='lat' dir='ltr'><strong>dolorem</strong></span> <span class='ocrx_word' id='word_1_59' title='bbox 1736 695 2014 750; x_wconf 81' lang='lat' dir='ltr'><strong>procures,</strong></span> <span class='ocrx_word' id='word_1_60' title='bbox 2065 680 2154 748; x_wconf 89' lang='lat' dir='ltr'><strong>qui</strong></span> 
     </span>
    </p>
   </div>
   <div class='ocr_carea' id='block_1_10' title="bbox 2257 679 3842 755">
    <p class='ocr_par' dir='ltr' id='par_1_10' title="bbox 2261 681 3842 755">
     <span class='ocr_line' id='line_1_10' title="bbox 2261 681 3842 755; baseline 0.001 -23"><span class='ocrx_word' id='word_1_61' title='bbox 2261 682 2427 753; x_wconf 77' lang='grc' dir='ltr'>ρησίᾳ</span> <span class='ocrx_word' id='word_1_62' title='bbox 2461 683 2896 753; x_wconf 77' lang='grc' dir='ltr'>συμϐουλεύουσι</span> <span class='ocrx_word' id='word_1_63' title='bbox 2928 685 2999 737; x_wconf 90' lang='grc' dir='ltr'><strong>τά</strong></span> <span class='ocrx_word' id='word_1_64' title='bbox 3034 684 3278 755; x_wconf 75' lang='grc' dir='ltr'>χρηστάο</span> <span class='ocrx_word' id='word_1_65' title='bbox 3309 681 3486 736; x_wconf 79' lang='grc' dir='ltr'>πολλὰ</span> <span class='ocrx_word' id='word_1_66' title='bbox 3508 681 3567 736; x_wconf 78' lang='grc' dir='ltr'>δὲ</span> <span class='ocrx_word' id='word_1_67' title='bbox 3601 696 3842 747; x_wconf 77' lang='grc' dir='ltr'>καταγι-</span> 
     </span>
    </p>
   </div>
   <div class='ocr_carea' id='block_1_11' title="bbox 581 769 2154 846">
    <p class='ocr_par' dir='ltr' id='par_1_11' title="bbox 581 769 2154 842">
     <span class='ocr_line' id='line_1_11' title="bbox 581 769 2154 842; baseline -0.001 -17"><span class='ocrx_word' id='word_1_68' title='bbox 581 772 753 826; x_wconf 91' lang='lat' dir='ltr'><strong>libere</strong></span> <span class='ocrx_word' id='word_1_69' title='bbox 780 787 927 826; x_wconf 90' lang='lat' dir='ltr'><strong>nunc</strong></span> <span class='ocrx_word' id='word_1_70' title='bbox 965 771 1166 839; x_wconf 89' lang='lat' dir='ltr'><strong>optima</strong></span> <span class='ocrx_word' id='word_1_71' title='bbox 1200 771 1298 825; x_wconf 92' lang='lat' dir='ltr'><strong>tibi</strong></span> <span class='ocrx_word' id='word_1_72' title='bbox 1348 770 1708 842; x_wconf 82' lang='lat' dir='ltr'><strong>suggerimus.</strong></span> <span class='ocrx_word' id='word_1_73' title='bbox 1754 769 1821 824; x_wconf 86' lang='lat' dir='ltr'><strong>Et</strong></span> <span class='ocrx_word' id='word_1_74' title='bbox 1880 778 2154 839; x_wconf 78' lang='lat' dir='ltr'><strong>utcunque</strong></span> 
     </span>
    </p>
   </div>
   <div class='ocr_carea' id='block_1_12' title="bbox 2257 769 3840 846">
    <p class='ocr_par' dir='ltr' id='par_1_12' title="bbox 2257 772 3840 846">
     <span class='ocr_line' id='line_1_12' title="bbox 2257 772 3840 846; baseline -0.002 -19"><span class='ocrx_word' id='word_1_75' title='bbox 2257 773 2480 827; x_wconf 83' lang='grc' dir='ltr'>νώσκων</span> <span class='ocrx_word' id='word_1_76' title='bbox 2539 774 2730 830; x_wconf 76' lang='grc' dir='ltr'>ἑαυτὸν</span> <span class='ocrx_word' id='word_1_77' title='bbox 2761 775 2860 844; x_wconf 78' lang='grc' dir='ltr'>τῆς</span> <span class='ocrx_word' id='word_1_78' title='bbox 2911 776 3184 846; x_wconf 81' lang='grc' dir='ltr'><strong>προτέρας</strong></span> <span class='ocrx_word' id='word_1_79' title='bbox 3246 774 3356 828; x_wconf 86' lang='grc' dir='ltr'><strong>τῶν</strong></span> <span class='ocrx_word' id='word_1_80' title='bbox 3417 772 3840 843; x_wconf 72' lang='grc' dir='ltr'><strong>παραινούντων</strong></span> 
     </span>
    </p>
   </div>
   <div class='ocr_carea' id='block_1_13' title="bbox 583 861 2159 932">
    <p class='ocr_par' dir='ltr' id='par_1_13' title="bbox 583 861 2159 932">
     <span class='ocr_line' id='line_1_13' title="bbox 583 861 2159 932; baseline -0.001 -16"><span class='ocrx_word' id='word_1_81' title='bbox 583 871 755 918; x_wconf 80' lang='lat' dir='ltr'><strong>temet</strong></span> <span class='ocrx_word' id='word_1_82' title='bbox 783 871 911 917; x_wconf 89' lang='lat' dir='ltr'><strong>tunc</strong></span> <span class='ocrx_word' id='word_1_83' title='bbox 937 864 1291 918; x_wconf 79' lang='lat' dir='ltr'><strong>vehementer</strong></span> <span class='ocrx_word' id='word_1_84' title='bbox 1319 862 1560 927; x_wconf 87' lang='lat' dir='ltr'><strong>incuses,</strong></span> <span class='ocrx_word' id='word_1_85' title='bbox 1590 861 1713 931; x_wconf 85' lang='lat' dir='ltr'><strong>quia</strong></span> <span class='ocrx_word' id='word_1_86' title='bbox 1746 869 2032 932; x_wconf 86' lang='lat' dir='ltr'><strong>suspectos</strong></span> <span class='ocrx_word' id='word_1_87' title='bbox 2058 862 2159 916; x_wconf 60' lang='lat' dir='ltr'><strong>ali-</strong></span> 
     </span>
    </p>
   </div>
   <div class='ocr_carea' id='block_1_14' title="bbox 583 953 2159 1024">
    <p class='ocr_par' dir='ltr' id='par_1_14' title="bbox 583 953 2159 1024">
     <span class='ocr_line' id='line_1_14' title="bbox 583 953 2159 1024; baseline -0.001 -16"><span class='ocrx_word' id='word_1_88' title='bbox 583 954 803 1023; x_wconf 84' lang='lat' dir='ltr'><strong>quando</strong></span> <span class='ocrx_word' id='word_1_89' title='bbox 827 953 1064 1008; x_wconf 82' lang='lat' dir='ltr'><strong>habebas</strong></span> <span class='ocrx_word' id='word_1_90' title='bbox 1083 970 1177 1009; x_wconf 92' lang='lat' dir='ltr'><strong>eos</strong></span> <span class='ocrx_word' id='word_1_91' title='bbox 1204 954 1297 1024; x_wconf 90' lang='lat' dir='ltr'><strong>qui</strong></span> <span class='ocrx_word' id='word_1_92' title='bbox 1323 955 1463 1009; x_wconf 88' lang='lat' dir='ltr'><strong>bene</strong></span> <span class='ocrx_word' id='word_1_93' title='bbox 1507 954 1832 1017; x_wconf 85' lang='lat' dir='ltr'><strong>suadebant,</strong></span> <span class='ocrx_word' id='word_1_94' title='bbox 1867 953 2002 1007; x_wconf 82' lang='lat' dir='ltr'><strong>nihil</strong></span> <span class='ocrx_word' id='word_1_95' title='bbox 2032 953 2159 1008; x_wconf 89' lang='lat' dir='ltr'><strong>inde</strong></span> 
     </span>
    </p>
   </div>
   <div class='ocr_carea' id='block_1_15' title="bbox 2259 864 3912 937">
    <p class='ocr_par' dir='ltr' id='par_1_15' title="bbox 2259 864 3912 937">
     <span class='ocr_line' id='line_1_15' title="bbox 2259 864 3912 937; baseline 0.001 -20"><span class='ocrx_word' id='word_1_96' title='bbox 2259 864 2584 934; x_wconf 73' lang='grc' dir='ltr'>ὑπεροψίας,</span> <span class='ocrx_word' id='word_1_97' title='bbox 2616 866 2766 920; x_wconf 80' lang='grc' dir='ltr'>οὐδὲν</span> <span class='ocrx_word' id='word_1_98' title='bbox 2789 866 2951 920; x_wconf 84' lang='grc' dir='ltr'>πλέον</span> <span class='ocrx_word' id='word_1_99' title='bbox 2985 867 3226 930; x_wconf 80' lang='grc' dir='ltr'>ἀνύσεις,</span> <span class='ocrx_word' id='word_1_100' title='bbox 3257 866 3398 937; x_wconf 85' lang='grc' dir='ltr'>πλὴν</span> <span class='ocrx_word' id='word_1_101' title='bbox 3417 866 3534 931; x_wconf 78' lang='grc' dir='ltr'>τοῦ,</span> <span class='ocrx_word' id='word_1_102' title='bbox 3569 865 3680 918; x_wconf 75' lang='grc' dir='ltr'><strong>τῶν</strong></span> <span class='ocrx_word' id='word_1_103' title='bbox 3712 881 3842 918; x_wconf 83' lang='grc' dir='ltr'>και-</span> <span class='ocrx_word' id='word_1_104' title='bbox 3901 873 3912 883; x_wconf 91' lang='grc'><em>’</em></span> 
     </span>
    </p>
   </div>
   <div class='ocr_carea' id='block_1_16' title="bbox 2259 955 3509 1028">
    <p class='ocr_par' dir='ltr' id='par_1_16' title="bbox 2259 955 3509 1028">
     <span class='ocr_line' id='line_1_16' title="bbox 2259 955 3509 1028; baseline 0.002 -20"><span class='ocrx_word' id='word_1_105' title='bbox 2259 955 2368 1027; x_wconf 88' lang='grc' dir='ltr'><strong>ρῶν</strong></span> <span class='ocrx_word' id='word_1_106' title='bbox 2390 957 2566 1010; x_wconf 88' lang='grc' dir='ltr'>ὀπίσω</span> <span class='ocrx_word' id='word_1_107' title='bbox 2595 959 3051 1028; x_wconf 82' lang='grc' dir='ltr'>μεταγινώσκειν,</span> <span class='ocrx_word' id='word_1_108' title='bbox 3077 959 3171 1012; x_wconf 76' lang='grc' dir='ltr'><strong>καὶ</strong></span> <span class='ocrx_word' id='word_1_109' title='bbox 3199 959 3509 1028; x_wconf 78' lang='grc' dir='ltr'>δυσφορεῖν.</span> 
     </span>
    </p>
   </div>
   <div class='ocr_carea' id='block_1_17' title="bbox 588 1046 3840 1124">
    <p class='ocr_par' dir='ltr' id='par_1_17' title="bbox 588 1046 3840 1124">
     <span class='ocr_line' id='line_1_17' title="bbox 588 1046 3840 1124; baseline 0.002 -24"><span class='ocrx_word' id='word_1_110' title='bbox 588 1048 793 1101; x_wconf 82' lang='lat' dir='ltr'><strong>referes</strong></span> <span class='ocrx_word' id='word_1_111' title='bbox 822 1046 1197 1113; x_wconf 86' lang='lat' dir='ltr'><strong>emolumenti,</strong></span> <span class='ocrx_word' id='word_1_112' title='bbox 1228 1056 1435 1101; x_wconf 90' lang='lat' dir='ltr'><strong>tantum</strong></span> <span class='ocrx_word' id='word_1_113' title='bbox 1495 1054 1619 1116; x_wconf 91' lang='lat' dir='ltr'><strong>post</strong></span> <span class='ocrx_word' id='word_1_114' title='bbox 1665 1046 1903 1101; x_wconf 87' lang='lat' dir='ltr'><strong>oblatam</strong></span> <span class='ocrx_word' id='word_1_115' title='bbox 1961 1046 2305 1102; x_wconf 89' lang='lat' dir='ltr'><strong>occasionem</strong></span> <span class='ocrx_word' id='word_1_116' title='bbox 2369 1051 2694 1122; x_wconf 80' lang='lat' dir='ltr'><strong>neglectam,</strong></span> <span class='ocrx_word' id='word_1_117' title='bbox 2750 1051 3127 1124; x_wconf 70' lang='lat' dir='ltr'><strong>paenitentiam</strong></span> <span class='ocrx_word' id='word_1_118' title='bbox 3194 1052 3398 1108; x_wconf 81' lang='lat' dir='ltr'><strong>frustra</strong></span> <span class='ocrx_word' id='word_1_119' title='bbox 3459 1066 3612 1123; x_wconf 82' lang='lat' dir='ltr'><strong>ages,</strong></span> <span class='ocrx_word' id='word_1_120' title='bbox 3671 1061 3840 1120; x_wconf 87' lang='lat' dir='ltr'><strong>atque</strong></span> 
     </span>
    </p>
   </div>
   <div class='ocr_carea' id='block_1_18' title="bbox 583 1141 1068 1211">
    <p class='ocr_par' dir='ltr' id='par_1_18' title="bbox 583 1141 1068 1211">
     <span class='ocr_line' id='line_1_18' title="bbox 583 1141 1068 1211; baseline -0.006 -14"><span class='ocrx_word' id='word_1_121' title='bbox 583 1144 727 1197; x_wconf 80' lang='lat' dir='ltr'><strong>feres</strong></span> <span class='ocrx_word' id='word_1_122' title='bbox 764 1141 1068 1211; x_wconf 68' lang='lat' dir='ltr'><strong>aegerrime.</strong></span> 
     </span>
    </p>
   </div>
   <div class='ocr_carea' id='block_1_19' title="bbox 1204 1227 1521 1284">
    <p class='ocr_par' dir='ltr' id='par_1_19' title="bbox 1204 1227 1521 1284">
     <span class='ocr_line' id='line_1_19' title="bbox 1204 1227 1521 1284; baseline 0 -2"><span class='ocrx_word' id='word_1_123' title='bbox 1204 1227 1418 1284; x_wconf 78' lang='lat' dir='ltr'><strong>EPIST.</strong></span> <span class='ocrx_word' id='word_1_124' title='bbox 1459 1228 1521 1282; x_wconf 92' lang='lat' dir='ltr'><strong>L.</strong></span> 
     </span>
    </p>
   </div>
   <div class='ocr_carea' id='block_1_20' title="bbox 645 1320 2078 1392">
    <p class='ocr_par' dir='ltr' id='par_1_20' title="bbox 645 1320 2078 1392">
     <span class='ocr_line' id='line_1_20' title="bbox 645 1320 2078 1392; baseline 0.001 -17"><span class='ocrx_word' id='word_1_125' title='bbox 645 1321 864 1375; x_wconf 82' lang='lat' dir='ltr'><strong>Nicolao</strong></span> <span class='ocrx_word' id='word_1_126' title='bbox 913 1325 1196 1392; x_wconf 76' lang='lat' dir='ltr'><strong>Iwgumeno</strong></span> <span class='ocrx_word' id='word_1_127' title='bbox 1231 1323 1537 1376; x_wconf 74' lang='lat' dir='ltr'><strong>monasterii</strong></span> <span class='ocrx_word' id='word_1_128' title='bbox 1565 1320 1748 1378; x_wconf 87' lang='lat' dir='ltr'><strong>Sancti</strong></span> <span class='ocrx_word' id='word_1_129' title='bbox 1781 1322 2078 1392; x_wconf 86' lang='lat' dir='ltr'><strong>Nicephori.</strong></span> 
     </span>
    </p>
   </div>
   <div class='ocr_carea' id='block_1_21' title="bbox 2874 1234 3225 1291">
    <p class='ocr_par' dir='ltr' id='par_1_21' title="bbox 2874 1234 3225 1291">
     <span class='ocr_line' id='line_1_21' title="bbox 2874 1234 3225 1291; baseline 0.003 -2"><span class='ocrx_word' id='word_1_130' title='bbox 2874 1234 3103 1289; x_wconf 85' lang='grc' dir='ltr'><strong>ΕΠΙΣΤ.</strong></span> <span class='ocrx_word' id='word_1_131' title='bbox 3141 1235 3225 1291; x_wconf 89' lang='lat' dir='ltr'><strong>N&#39;.</strong></span> 
     </span>
    </p>
   </div>
   <div class='ocr_carea' id='block_1_22' title="bbox 2253 1322 3828 1396">
    <p class='ocr_par' dir='ltr' id='par_1_22' title="bbox 2253 1322 3828 1396">
     <span class='ocr_line' id='line_1_22' title="bbox 2253 1322 3828 1396; baseline 0.001 -20"><span class='ocrx_word' id='word_1_132' title='bbox 2253 1323 2525 1387; x_wconf 76' lang='grc' dir='ltr'><strong>Νικολάῳ</strong></span> <span class='ocrx_word' id='word_1_133' title='bbox 2561 1323 2872 1393; x_wconf 59' lang='grc' dir='ltr'>ἡγουμένῳ</span> <span class='ocrx_word' id='word_1_134' title='bbox 2896 1322 3091 1393; x_wconf 82' lang='grc' dir='ltr'>μονῆς</span> <span class='ocrx_word' id='word_1_135' title='bbox 3115 1323 3223 1379; x_wconf 77' lang='grc' dir='ltr'>τοῦ</span> <span class='ocrx_word' id='word_1_136' title='bbox 3247 1325 3422 1396; x_wconf 80' lang='grc' dir='ltr'>ἁγίου</span> <span class='ocrx_word' id='word_1_137' title='bbox 3452 1327 3828 1395; x_wconf 60' lang='grc' dir='ltr'>Νικηφόρον.</span> 
     </span>
    </p>
   </div>
   <div class='ocr_carea' id='block_1_23' title="bbox 1807 1428 2568 1493">
    <p class='ocr_par' dir='ltr' id='par_1_23' title="bbox 1807 1428 2568 1493">
     <span class='ocr_line' id='line_1_23' title="bbox 1807 1428 2568 1493; baseline 0.004 -16"><span class='ocrx_word' id='word_1_138' title='bbox 1807 1428 2075 1478; x_wconf 76' lang='lat' dir='ltr'><strong>Montacut.</strong></span> <span class='ocrx_word' id='word_1_139' title='bbox 2100 1433 2205 1492; x_wconf 83' lang='lat' dir='ltr'><strong>(ep.</strong></span> <span class='ocrx_word' id='word_1_140' title='bbox 2226 1428 2334 1489; x_wconf 77' lang='lat'><strong>159,</strong></span> <span class='ocrx_word' id='word_1_141' title='bbox 2355 1444 2407 1493; x_wconf 91' lang='lat' dir='ltr'><strong>p.</strong></span> <span class='ocrx_word' id='word_1_142' title='bbox 2435 1431 2568 1491; x_wconf 77' lang='lat' dir='ltr'><strong>2l5).</strong></span> 
     </span>
    </p>
   </div>
   <div class='ocr_carea' id='block_1_24' title="bbox 651 1529 2226 1600">
    <p class='ocr_par' dir='ltr' id='par_1_24' title="bbox 651 1529 2226 1600">
     <span class='ocr_line' id='line_1_24' title="bbox 651 1529 2226 1600; baseline -0.003 -12"><span class='ocrx_word' id='word_1_143' title='bbox 651 1533 872 1588; x_wconf 81' lang='lat' dir='ltr'><strong>Amicus</strong></span> <span class='ocrx_word' id='word_1_144' title='bbox 921 1541 1004 1588; x_wconf 88' lang='lat' dir='ltr'><strong>est</strong></span> <span class='ocrx_word' id='word_1_145' title='bbox 1046 1547 1132 1586; x_wconf 90' lang='lat' dir='ltr'><strong>res</strong></span> <span class='ocrx_word' id='word_1_146' title='bbox 1177 1530 1525 1595; x_wconf 88' lang='lat' dir='ltr'><strong>necessaria;</strong></span> <span class='ocrx_word' id='word_1_147' title='bbox 1575 1529 1762 1600; x_wconf 91' lang='lat' dir='ltr'><strong>quidni</strong></span> <span class='ocrx_word' id='word_1_148' title='bbox 1813 1530 2000 1584; x_wconf 91' lang='lat' dir='ltr'><strong>enim?</strong></span> <span class='ocrx_word' id='word_1_149' title='bbox 2056 1529 2150 1584; x_wconf 91' lang='lat' dir='ltr'><strong>sed</strong></span> <span class='ocrx_word' id='word_1_150' title='bbox 2186 1541 2226 1596; x_wconf 77' lang='grc' dir='ltr'><strong>Β</strong></span> 
     </span>
    </p>
   </div>
   <div class='ocr_carea' id='block_1_25' title="bbox 2339 1532 3840 1606">
    <p class='ocr_par' dir='ltr' id='par_1_25' title="bbox 2339 1532 3840 1606">
     <span class='ocr_line' id='line_1_25' title="bbox 2339 1532 3840 1606; baseline 0.005 -22"><span class='ocrx_word' id='word_1_151' title='bbox 2339 1533 2660 1600; x_wconf 83' lang='grc' dir='ltr'>Ἀναγκαῖος</span> <span class='ocrx_word' id='word_1_152' title='bbox 2686 1533 2784 1603; x_wconf 88' lang='grc' dir='ltr'><strong>μὲν</strong></span> <span class='ocrx_word' id='word_1_153' title='bbox 2827 1534 2857 1586; x_wconf 91' lang='grc' dir='ltr'><strong>ὀ</strong></span> <span class='ocrx_word' id='word_1_154' title='bbox 2887 1532 3041 1603; x_wconf 80' lang='grc' dir='ltr'>φίλος</span> <span class='ocrx_word' id='word_1_155' title='bbox 3063 1549 3078 1565; x_wconf 89' lang='grc'><strong>·</strong></span> <span class='ocrx_word' id='word_1_156' title='bbox 3109 1534 3228 1600; x_wconf 90' lang='grc' dir='ltr'><strong>πῶς</strong></span> <span class='ocrx_word' id='word_1_157' title='bbox 3256 1535 3364 1604; x_wconf 84' lang='grc' dir='ltr'>γὰρ</span> <span class='ocrx_word' id='word_1_158' title='bbox 3387 1537 3448 1589; x_wconf 77' lang='grc' dir='ltr'><strong>οὗ</strong></span> <span class='ocrx_word' id='word_1_159' title='bbox 3471 1554 3485 1603; x_wconf 89' lang='grc'><strong>;</strong></span> <span class='ocrx_word' id='word_1_160' title='bbox 3533 1539 3840 1606; x_wconf 71' lang='grc' dir='ltr'>ἀναγκαιὼ</span> 
     </span>
    </p>
   </div>
   <div class='ocr_carea' id='block_1_26' title="bbox 582 1622 2154 1700">
    <p class='ocr_par' dir='ltr' id='par_1_26' title="bbox 582 1622 2154 1696">
     <span class='ocr_line' id='line_1_26' title="bbox 582 1622 2154 1696; baseline -0.003 -16"><span class='ocrx_word' id='word_1_161' title='bbox 582 1625 752 1696; x_wconf 86' lang='lat' dir='ltr'><strong>magis</strong></span> <span class='ocrx_word' id='word_1_162' title='bbox 777 1624 1118 1680; x_wconf 87' lang='lat' dir='ltr'><strong>necessarius</strong></span> <span class='ocrx_word' id='word_1_163' title='bbox 1153 1638 1334 1678; x_wconf 79' lang='lat' dir='ltr'><strong>sermo</strong></span> <span class='ocrx_word' id='word_1_164' title='bbox 1363 1622 1522 1693; x_wconf 87' lang='lat' dir='ltr'><strong>justi.</strong></span> <span class='ocrx_word' id='word_1_165' title='bbox 1571 1622 1826 1692; x_wconf 89' lang='lat' dir='ltr'><strong>Optaram</strong></span> <span class='ocrx_word' id='word_1_166' title='bbox 1874 1631 2154 1691; x_wconf 86' lang='lat' dir='ltr'><strong>utramque</strong></span> 
     </span>
    </p>
   </div>
   <div class='ocr_carea' id='block_1_27' title="bbox 2257 1622 3839 1700">
    <p class='ocr_par' dir='ltr' id='par_1_27' title="bbox 2259 1623 3839 1700">
     <span class='ocr_line' id='line_1_27' title="bbox 2259 1623 3839 1700; baseline 0.006 -26"><span class='ocrx_word' id='word_1_167' title='bbox 2259 1639 2416 1692; x_wconf 89' lang='grc' dir='ltr'>τερος</span> <span class='ocrx_word' id='word_1_168' title='bbox 2448 1623 2505 1676; x_wconf 84' lang='grc' dir='ltr'>δὲ</span> <span class='ocrx_word' id='word_1_169' title='bbox 2531 1625 2560 1675; x_wconf 97' lang='lat'><strong>6</strong></span> <span class='ocrx_word' id='word_1_170' title='bbox 2599 1623 2695 1677; x_wconf 76' lang='grc' dir='ltr'><strong>τοῦ</strong></span> <span class='ocrx_word' id='word_1_171' title='bbox 2753 1624 2964 1678; x_wconf 85' lang='grc' dir='ltr'>δικαίου</span> <span class='ocrx_word' id='word_1_172' title='bbox 3009 1626 3186 1694; x_wconf 89' lang='grc' dir='ltr'>λόγος.</span> <span class='ocrx_word' id='word_1_173' title='bbox 3233 1627 3499 1698; x_wconf 76' lang='grc' dir='ltr'>Εύχομαι’</span> <span class='ocrx_word' id='word_1_174' title='bbox 3543 1630 3839 1700; x_wconf 73' lang='grc' dir='ltr'>ἀμφότερα</span> 
     </span>
    </p>
   </div>
   <div class='ocr_carea' id='block_1_28' title="bbox 576 1714 2160 1788">
    <p class='ocr_par' dir='ltr' id='par_1_28' title="bbox 576 1714 2160 1788">
     <span class='ocr_line' id='line_1_28' title="bbox 576 1714 2160 1788; baseline -0.002 -15"><span class='ocrx_word' id='word_1_175' title='bbox 576 1732 903 1774; x_wconf 89' lang='lat' dir='ltr'><strong>concurrere</strong></span> <span class='ocrx_word' id='word_1_176' title='bbox 955 1717 1010 1770; x_wconf 90' lang='lat' dir='ltr'><strong>in</strong></span> <span class='ocrx_word' id='word_1_177' title='bbox 1063 1731 1129 1771; x_wconf 92' lang='lat' dir='ltr'><strong>eo</strong></span> <span class='ocrx_word' id='word_1_178' title='bbox 1185 1731 1286 1788; x_wconf 89' lang='lat' dir='ltr'><strong>pro</strong></span> <span class='ocrx_word' id='word_1_179' title='bbox 1348 1730 1457 1786; x_wconf 90' lang='lat' dir='ltr'><strong>quo</strong></span> <span class='ocrx_word' id='word_1_180' title='bbox 1507 1714 1818 1780; x_wconf 89' lang='lat' dir='ltr'><strong>intercedis,</strong></span> <span class='ocrx_word' id='word_1_181' title='bbox 1869 1715 2160 1770; x_wconf 86' lang='lat' dir='ltr'><strong>amicitiam</strong></span> 
     </span>
    </p>
   </div>
   <div class='ocr_carea' id='block_1_29' title="bbox 577 1805 2158 1881">
    <p class='ocr_par' dir='ltr' id='par_1_29' title="bbox 577 1805 2158 1881">
     <span class='ocr_line' id='line_1_29' title="bbox 577 1805 2158 1881; baseline -0.004 -14"><span class='ocrx_word' id='word_1_182' title='bbox 577 1827 774 1881; x_wconf 88' lang='lat' dir='ltr'><strong>nempe</strong></span> <span class='ocrx_word' id='word_1_183' title='bbox 805 1820 860 1865; x_wconf 89' lang='lat' dir='ltr'><strong>et</strong></span> <span class='ocrx_word' id='word_1_184' title='bbox 903 1809 1189 1879; x_wconf 82' lang='lat' dir='ltr'><strong>justitiam.</strong></span> <span class='ocrx_word' id='word_1_185' title='bbox 1237 1809 1315 1863; x_wconf 90' lang='lat' dir='ltr'><strong>lta</strong></span> <span class='ocrx_word' id='word_1_186' title='bbox 1365 1807 1513 1862; x_wconf 91' lang='lat' dir='ltr'><strong>enim</strong></span> <span class='ocrx_word' id='word_1_187' title='bbox 1545 1823 1665 1862; x_wconf 92' lang='lat' dir='ltr'><strong>cum</strong></span> <span class='ocrx_word' id='word_1_188' title='bbox 1707 1807 1902 1877; x_wconf 88' lang='lat' dir='ltr'><strong>gaudio</strong></span> <span class='ocrx_word' id='word_1_189' title='bbox 1957 1805 2158 1877; x_wconf 85' lang='lat' dir='ltr'><strong>gratiﬁ-</strong></span> 
     </span>
    </p>
   </div>
   <div class='ocr_carea' id='block_1_30' title="bbox 577 1899 2159 1970">
    <p class='ocr_par' dir='ltr' id='par_1_30' title="bbox 577 1899 2159 1970">
     <span class='ocr_line' id='line_1_30' title="bbox 577 1899 2159 1970; baseline -0.003 -12"><span class='ocrx_word' id='word_1_190' title='bbox 577 1905 742 1958; x_wconf 89' lang='lat' dir='ltr'><strong>cabor</strong></span> <span class='ocrx_word' id='word_1_191' title='bbox 799 1902 993 1957; x_wconf 92' lang='lat' dir='ltr'><strong>amico.</strong></span> <span class='ocrx_word' id='word_1_192' title='bbox 1029 1901 1128 1956; x_wconf 87' lang='lat' dir='ltr'><strong>Sin</strong></span> <span class='ocrx_word' id='word_1_193' title='bbox 1177 1900 1232 1956; x_wconf 91' lang='lat' dir='ltr'><strong>id</strong></span> <span class='ocrx_word' id='word_1_194' title='bbox 1267 1901 1469 1964; x_wconf 89' lang='lat' dir='ltr'><strong>minus,</strong></span> <span class='ocrx_word' id='word_1_195' title='bbox 1504 1914 1616 1954; x_wconf 91' lang='lat' dir='ltr'><strong>non</strong></span> <span class='ocrx_word' id='word_1_196' title='bbox 1643 1899 1754 1970; x_wconf 86' lang='lat' dir='ltr'><strong>jam</strong></span> <span class='ocrx_word' id='word_1_197' title='bbox 1784 1914 1884 1969; x_wconf 86' lang='lat' dir='ltr'><strong>ego</strong></span> <span class='ocrx_word' id='word_1_198' title='bbox 1937 1899 2159 1969; x_wconf 89' lang='lat' dir='ltr'><strong>culpan-</strong></span> 
     </span>
    </p>
   </div>
   <div class='ocr_carea' id='block_1_31' title="bbox 577 1992 2159 2063">
    <p class='ocr_par' dir='ltr' id='par_1_31' title="bbox 577 1992 2159 2063">
     <span class='ocr_line' id='line_1_31' title="bbox 577 1992 2159 2063; baseline -0.001 -15"><span class='ocrx_word' id='word_1_199' title='bbox 577 1996 698 2058; x_wconf 89' lang='lat' dir='ltr'><strong>dus,</strong></span> <span class='ocrx_word' id='word_1_200' title='bbox 721 1995 882 2049; x_wconf 87' lang='lat' dir='ltr'><strong>sedis</strong></span> <span class='ocrx_word' id='word_1_201' title='bbox 911 1993 1310 2063; x_wconf 89' lang='lat' dir='ltr'><strong>quiamicitiam</strong></span> <span class='ocrx_word' id='word_1_202' title='bbox 1339 1993 1601 2062; x_wconf 86' lang='lat' dir='ltr'><strong>disjunxit</strong></span> <span class='ocrx_word' id='word_1_203' title='bbox 1637 2007 1666 2046; x_wconf 89' lang='lat' dir='ltr'><strong>a</strong></span> <span class='ocrx_word' id='word_1_204' title='bbox 1704 1993 1933 2063; x_wconf 90' lang='lat' dir='ltr'><strong>justitia.</strong></span> <span class='ocrx_word' id='word_1_205' title='bbox 1965 1992 2159 2047; x_wconf 87' lang='lat' dir='ltr'><strong>Animo</strong></span> 
     </span>
    </p>
   </div>
   <div class='ocr_carea' id='block_1_32' title="bbox 579 2083 2159 2153">
    <p class='ocr_par' dir='ltr' id='par_1_32' title="bbox 579 2083 2159 2153">
     <span class='ocr_line' id='line_1_32' title="bbox 579 2083 2159 2153; baseline -0.001 -14"><span class='ocrx_word' id='word_1_206' title='bbox 579 2095 726 2139; x_wconf 89' lang='lat' dir='ltr'><strong>certe</strong></span> <span class='ocrx_word' id='word_1_207' title='bbox 744 2084 890 2140; x_wconf 85' lang='lat' dir='ltr'><strong>haud</strong></span> <span class='ocrx_word' id='word_1_208' title='bbox 913 2083 1074 2152; x_wconf 79' lang='lat' dir='ltr'><strong>feres,</strong></span> <span class='ocrx_word' id='word_1_209' title='bbox 1093 2101 1178 2140; x_wconf 90' lang='lat' dir='ltr'><strong>me</strong></span> <span class='ocrx_word' id='word_1_210' title='bbox 1195 2093 1461 2139; x_wconf 86' lang='lat' dir='ltr'><strong>amantem</strong></span> <span class='ocrx_word' id='word_1_211' title='bbox 1479 2099 1600 2138; x_wconf 89' lang='lat' dir='ltr'><strong>eum</strong></span> <span class='ocrx_word' id='word_1_212' title='bbox 1617 2083 1850 2152; x_wconf 89' lang='lat' dir='ltr'><strong>justitia,</strong></span> <span class='ocrx_word' id='word_1_213' title='bbox 1867 2084 1913 2138; x_wconf 90' lang='lat' dir='ltr'><strong>ei</strong></span> <span class='ocrx_word' id='word_1_214' title='bbox 1936 2083 2024 2153; x_wconf 91' lang='lat' dir='ltr'><strong>qui</strong></span> <span class='ocrx_word' id='word_1_215' title='bbox 2043 2083 2159 2138; x_wconf 90' lang='lat' dir='ltr'><strong>sine</strong></span> 
     </span>
    </p>
   </div>
   <div class='ocr_carea' id='block_1_33' title="bbox 577 2175 2159 2251">
    <p class='ocr_par' dir='ltr' id='par_1_33' title="bbox 577 2175 2159 2251">
     <span class='ocr_line' id='line_1_33' title="bbox 577 2175 2159 2251; baseline 0 -21"><span class='ocrx_word' id='word_1_216' title='bbox 577 2193 641 2230; x_wconf 86' lang='lat' dir='ltr'><strong>ea</strong></span> <span class='ocrx_word' id='word_1_217' title='bbox 677 2177 873 2251; x_wconf 82' lang='lat' dir='ltr'><strong>diligit,</strong></span> <span class='ocrx_word' id='word_1_218' title='bbox 927 2194 1039 2232; x_wconf 89' lang='lat' dir='ltr'><strong>non</strong></span> <span class='ocrx_word' id='word_1_219' title='bbox 1077 2177 1341 2248; x_wconf 69' lang='lat' dir='ltr'><strong>praeferri.</strong></span> <span class='ocrx_word' id='word_1_220' title='bbox 1373 2175 1516 2241; x_wconf 82' lang='lat' dir='ltr'><strong>Quin</strong></span> <span class='ocrx_word' id='word_1_221' title='bbox 1554 2177 1686 2244; x_wconf 90' lang='lat' dir='ltr'><strong>scio,</strong></span> <span class='ocrx_word' id='word_1_222' title='bbox 1714 2177 1856 2246; x_wconf 90' lang='lat' dir='ltr'><strong>quod</strong></span> <span class='ocrx_word' id='word_1_223' title='bbox 1899 2177 2002 2231; x_wconf 90' lang='lat' dir='ltr'><strong>hoc</strong></span> <span class='ocrx_word' id='word_1_224' title='bbox 2031 2186 2159 2230; x_wconf 87' lang='lat' dir='ltr'><strong>ante</strong></span> 
     </span>
    </p>
   </div>
   <div class='ocr_carea' id='block_1_34' title="bbox 578 2271 2158 2342">
    <p class='ocr_par' dir='ltr' id='par_1_34' title="bbox 578 2271 2158 2342">
     <span class='ocr_line' id='line_1_34' title="bbox 578 2271 2158 2342; baseline 0 -17"><span class='ocrx_word' id='word_1_225' title='bbox 578 2271 710 2328; x_wconf 85' lang='lat' dir='ltr'><strong>illud</strong></span> <span class='ocrx_word' id='word_1_226' title='bbox 729 2274 912 2328; x_wconf 89' lang='lat' dir='ltr'><strong>animo</strong></span> <span class='ocrx_word' id='word_1_227' title='bbox 935 2273 1162 2338; x_wconf 76' lang='lat' dir='ltr'><strong>recolas,</strong></span> <span class='ocrx_word' id='word_1_228' title='bbox 1185 2273 1328 2342; x_wconf 91' lang='lat' dir='ltr'><strong>quod</strong></span> <span class='ocrx_word' id='word_1_229' title='bbox 1349 2273 1492 2328; x_wconf 90' lang='lat' dir='ltr'><strong>haud</strong></span> <span class='ocrx_word' id='word_1_230' title='bbox 1514 2272 1607 2327; x_wconf 90' lang='lat' dir='ltr'><strong>tibi</strong></span> <span class='ocrx_word' id='word_1_231' title='bbox 1627 2273 1837 2326; x_wconf 87' lang='lat' dir='ltr'><strong>libitum</strong></span> <span class='ocrx_word' id='word_1_232' title='bbox 1859 2280 1960 2335; x_wconf 91' lang='lat' dir='ltr'><strong>est,</strong></span> <span class='ocrx_word' id='word_1_233' title='bbox 1978 2280 2038 2324; x_wconf 91' lang='lat' dir='ltr'><strong>ut</strong></span> <span class='ocrx_word' id='word_1_234' title='bbox 2057 2286 2158 2340; x_wconf 74' lang='lat' dir='ltr'><strong>ego</strong></span> 
     </span>
    </p>
   </div>
   <div class='ocr_carea' id='block_1_35' title="bbox 579 2361 2159 2436">
    <p class='ocr_par' dir='ltr' id='par_1_35' title="bbox 579 2361 2159 2436">
     <span class='ocr_line' id='line_1_35' title="bbox 579 2361 2159 2436; baseline -0.002 -17"><span class='ocrx_word' id='word_1_235' title='bbox 579 2366 673 2436; x_wconf 90' lang='lat' dir='ltr'><strong>qui</strong></span> <span class='ocrx_word' id='word_1_236' title='bbox 698 2365 826 2419; x_wconf 92' lang='lat' dir='ltr'><strong>olim</strong></span> <span class='ocrx_word' id='word_1_237' title='bbox 856 2364 911 2418; x_wconf 90' lang='lat' dir='ltr'><strong>in</strong></span> <span class='ocrx_word' id='word_1_238' title='bbox 938 2365 1122 2418; x_wconf 79' lang='lat' dir='ltr'><strong>futuro</strong></span> <span class='ocrx_word' id='word_1_239' title='bbox 1143 2364 1350 2434; x_wconf 91' lang='lat' dir='ltr'><strong>judicio</strong></span> <span class='ocrx_word' id='word_1_240' title='bbox 1367 2379 1559 2434; x_wconf 74' lang='lat' dir='ltr'><strong>pmnas</strong></span> <span class='ocrx_word' id='word_1_241' title='bbox 1578 2363 1810 2434; x_wconf 90' lang='lat' dir='ltr'><strong>pendam</strong></span> <span class='ocrx_word' id='word_1_242' title='bbox 1833 2377 1933 2433; x_wconf 90' lang='lat' dir='ltr'><strong>pro</strong></span> <span class='ocrx_word' id='word_1_243' title='bbox 1951 2361 2159 2432; x_wconf 89' lang='lat' dir='ltr'><strong>judicio</strong></span> 
     </span>
    </p>
   </div>
   <div class='ocr_carea' id='block_1_36' title="bbox 579 2457 2154 2530">
    <p class='ocr_par' dir='ltr' id='par_1_36' title="bbox 579 2457 2154 2530">
     <span class='ocr_line' id='line_1_36' title="bbox 579 2457 2154 2530; baseline -0.003 -14"><span class='ocrx_word' id='word_1_244' title='bbox 579 2477 682 2516; x_wconf 90' lang='lat' dir='ltr'><strong>nec</strong></span> <span class='ocrx_word' id='word_1_245' title='bbox 711 2474 890 2530; x_wconf 66' lang='lat' dir='ltr'><strong>aequo,</strong></span> <span class='ocrx_word' id='word_1_246' title='bbox 919 2475 1022 2514; x_wconf 85' lang='lat' dir='ltr'><strong>nec</strong></span> <span class='ocrx_word' id='word_1_247' title='bbox 1045 2465 1219 2524; x_wconf 87' lang='lat' dir='ltr'><strong>recto,</strong></span> <span class='ocrx_word' id='word_1_248' title='bbox 1251 2467 1307 2514; x_wconf 90' lang='lat' dir='ltr'><strong>et</strong></span> <span class='ocrx_word' id='word_1_249' title='bbox 1333 2459 1421 2514; x_wconf 89' lang='lat' dir='ltr'><strong>ille</strong></span> <span class='ocrx_word' id='word_1_250' title='bbox 1442 2457 1643 2528; x_wconf 88' lang='lat' dir='ltr'><strong>duplici</strong></span> <span class='ocrx_word' id='word_1_251' title='bbox 1669 2472 1829 2528; x_wconf 79' lang='lat' dir='ltr'><strong>pcena</strong></span> <span class='ocrx_word' id='word_1_252' title='bbox 1865 2457 2154 2528; x_wconf 87' lang='lat' dir='ltr'><strong>plectatur.</strong></span> 
     </span>
    </p>
   </div>
   <div class='ocr_carea' id='block_1_37' title="bbox 580 2549 2151 2623">
    <p class='ocr_par' dir='ltr' id='par_1_37' title="bbox 580 2549 2151 2623">
     <span class='ocr_line' id='line_1_37' title="bbox 580 2549 2151 2623; baseline -0.003 -15"><span class='ocrx_word' id='word_1_253' title='bbox 580 2555 844 2608; x_wconf 68' lang='lat' dir='ltr'><strong>Nimirum</strong></span> <span class='ocrx_word' id='word_1_254' title='bbox 903 2553 1047 2623; x_wconf 85' lang='lat' dir='ltr'><strong>quod</strong></span> <span class='ocrx_word' id='word_1_255' title='bbox 1100 2551 1303 2622; x_wconf 80' lang='lat' dir='ltr'><strong>injuste</strong></span> <span class='ocrx_word' id='word_1_256' title='bbox 1361 2550 1490 2606; x_wconf 85' lang='lat' dir='ltr'><strong>fecit</strong></span> <span class='ocrx_word' id='word_1_257' title='bbox 1551 2551 1821 2621; x_wconf 86' lang='lat' dir='ltr'><strong>primum;</strong></span> <span class='ocrx_word' id='word_1_258' title='bbox 1889 2549 2151 2613; x_wconf 90' lang='lat' dir='ltr'><strong>secundo,</strong></span> 
     </span>
    </p>
   </div>
   <div class='ocr_carea' id='block_1_38' title="bbox 577 2641 2156 2715">
    <p class='ocr_par' dir='ltr' id='par_1_38' title="bbox 577 2641 2156 2715">
     <span class='ocr_line' id='line_1_38' title="bbox 577 2641 2156 2715; baseline -0.003 -16"><span class='ocrx_word' id='word_1_259' title='bbox 577 2647 723 2715; x_wconf 84' lang='lat' dir='ltr'><strong>quod</strong></span> <span class='ocrx_word' id='word_1_260' title='bbox 755 2661 877 2700; x_wconf 90' lang='lat' dir='ltr'><strong>cum</strong></span> <span class='ocrx_word' id='word_1_261' title='bbox 906 2644 1171 2715; x_wconf 88' lang='lat' dir='ltr'><strong>justitiam</strong></span> <span class='ocrx_word' id='word_1_262' title='bbox 1196 2643 1476 2708; x_wconf 80' lang='lat' dir='ltr'><strong>violasset,</strong></span> <span class='ocrx_word' id='word_1_263' title='bbox 1517 2651 1574 2697; x_wconf 91' lang='lat' dir='ltr'><strong>et</strong></span> <span class='ocrx_word' id='word_1_264' title='bbox 1603 2643 1814 2697; x_wconf 84' lang='lat' dir='ltr'><strong>solutus</strong></span> <span class='ocrx_word' id='word_1_265' title='bbox 1855 2650 2004 2696; x_wconf 86' lang='lat' dir='ltr'><strong>esset</strong></span> <span class='ocrx_word' id='word_1_266' title='bbox 2047 2641 2156 2696; x_wconf 91' lang='lat' dir='ltr'><strong>cri-</strong></span> 
     </span>
    </p>
   </div>
   <div class='ocr_carea' id='block_1_39' title="bbox 578 2733 2156 2806">
    <p class='ocr_par' dir='ltr' id='par_1_39' title="bbox 578 2733 2156 2806">
     <span class='ocr_line' id='line_1_39' title="bbox 578 2733 2156 2806; baseline -0.001 -16"><span class='ocrx_word' id='word_1_267' title='bbox 578 2739 746 2801; x_wconf 88' lang='lat' dir='ltr'><strong>mine,</strong></span> <span class='ocrx_word' id='word_1_268' title='bbox 779 2738 939 2792; x_wconf 83' lang='lat' dir='ltr'><strong>aliam</strong></span> <span class='ocrx_word' id='word_1_269' title='bbox 969 2752 1086 2792; x_wconf 90' lang='lat' dir='ltr'><strong>rem</strong></span> <span class='ocrx_word' id='word_1_270' title='bbox 1135 2735 1397 2806; x_wconf 89' lang='lat' dir='ltr'><strong>injustam</strong></span> <span class='ocrx_word' id='word_1_271' title='bbox 1450 2733 1805 2805; x_wconf 86' lang='lat' dir='ltr'><strong>perpetravit,</strong></span> <span class='ocrx_word' id='word_1_272' title='bbox 1838 2733 1984 2803; x_wconf 89' lang='lat' dir='ltr'><strong>quod</strong></span> <span class='ocrx_word' id='word_1_273' title='bbox 2032 2747 2156 2789; x_wconf 89' lang='lat' dir='ltr'><strong>cum</strong></span> 
     </span>
    </p>
   </div>
   <div class='ocr_carea' id='block_1_40' title="bbox 578 2825 1943 2901">
    <p class='ocr_par' dir='ltr' id='par_1_40' title="bbox 578 2825 1943 2901">
     <span class='ocr_line' id='line_1_40' title="bbox 578 2825 1943 2901; baseline -0.005 -15"><span class='ocrx_word' id='word_1_274' title='bbox 578 2845 798 2901; x_wconf 62' lang='lat' dir='ltr'><strong>poenam</strong></span> <span class='ocrx_word' id='word_1_275' title='bbox 825 2831 976 2885; x_wconf 87' lang='lat' dir='ltr'><strong>luere</strong></span> <span class='ocrx_word' id='word_1_276' title='bbox 999 2830 1286 2889; x_wconf 89' lang='lat' dir='ltr'><strong>debuerat,</strong></span> <span class='ocrx_word' id='word_1_277' title='bbox 1327 2825 1405 2880; x_wconf 93' lang='lat' dir='ltr'><strong>illi</strong></span> <span class='ocrx_word' id='word_1_278' title='bbox 1435 2841 1544 2880; x_wconf 90' lang='lat' dir='ltr'><strong>non</strong></span> <span class='ocrx_word' id='word_1_279' title='bbox 1576 2835 1692 2880; x_wconf 87' lang='lat' dir='ltr'><strong>erat</strong></span> <span class='ocrx_word' id='word_1_280' title='bbox 1721 2825 1943 2881; x_wconf 83' lang='lat' dir='ltr'><strong>inﬂicta.</strong></span> 
     </span>
    </p>
   </div>
   <div class='ocr_carea' id='block_1_41' title="bbox 1189 2916 1536 2974">
    <p class='ocr_par' dir='ltr' id='par_1_41' title="bbox 1189 2916 1536 2974">
     <span class='ocr_line' id='line_1_41' title="bbox 1189 2916 1536 2974; baseline -0.006 -2"><span class='ocrx_word' id='word_1_281' title='bbox 1189 2917 1406 2974; x_wconf 86' lang='lat' dir='ltr'><strong>EPIST.</strong></span> <span class='ocrx_word' id='word_1_282' title='bbox 1449 2916 1536 2971; x_wconf 86' lang='lat' dir='ltr'><strong>LI.</strong></span> 
     </span>
    </p>
   </div>
   <div class='ocr_carea' id='block_1_42' title="bbox 686 3009 2033 3085">
    <p class='ocr_par' dir='ltr' id='par_1_42' title="bbox 686 3009 2033 3085">
     <span class='ocr_line' id='line_1_42' title="bbox 686 3009 2033 3085; baseline -0.007 -15"><span class='ocrx_word' id='word_1_283' title='bbox 686 3016 945 3070; x_wconf 84' lang='lat' dir='ltr'><strong>Dorotlteo</strong></span> <span class='ocrx_word' id='word_1_284' title='bbox 997 3016 1281 3085; x_wconf 73' lang='lat' dir='ltr'><strong>hegumrno</strong></span> <span class='ocrx_word' id='word_1_285' title='bbox 1316 3013 1619 3066; x_wconf 81' lang='lat' dir='ltr'><strong>monasterii</strong></span> <span class='ocrx_word' id='word_1_286' title='bbox 1657 3009 2033 3064; x_wconf 83' lang='lat' dir='ltr'><strong>Cedronorttm.</strong></span> 
     </span>
    </p>
   </div>
   <div class='ocr_carea' id='block_1_43' title="bbox 2263 1711 3837 1790">
    <p class='ocr_par' dir='ltr' id='par_1_43' title="bbox 2263 1711 3837 1790">
     <span class='ocr_line' id='line_1_43' title="bbox 2263 1711 3837 1790; baseline 0.004 -22"><span class='ocrx_word' id='word_1_287' title='bbox 2263 1715 2590 1785; x_wconf 81' lang='grc' dir='ltr'>συνδραμεῖν</span> <span class='ocrx_word' id='word_1_288' title='bbox 2627 1717 2767 1787; x_wconf 82' lang='grc' dir='ltr'>ὑπὲρ</span> <span class='ocrx_word' id='word_1_289' title='bbox 2789 1711 2851 1770; x_wconf 74' lang='grc' dir='ltr'>οὗ</span> <span class='ocrx_word' id='word_1_290' title='bbox 2882 1719 3229 1788; x_wconf 72' lang='grc' dir='ltr'>πρεσϐεύεις,</span> <span class='ocrx_word' id='word_1_291' title='bbox 3265 1721 3361 1772; x_wconf 76' lang='grc' dir='ltr'><strong>καὶ</strong></span> <span class='ocrx_word' id='word_1_292' title='bbox 3385 1721 3484 1790; x_wconf 83' lang='grc' dir='ltr'>τὴν</span> <span class='ocrx_word' id='word_1_293' title='bbox 3513 1721 3722 1790; x_wconf 78' lang='grc' dir='ltr'>φιλίαν,</span> <span class='ocrx_word' id='word_1_294' title='bbox 3744 1723 3837 1774; x_wconf 74' lang='grc' dir='ltr'><strong>καὶ</strong></span> 
     </span>
    </p>
   </div>
   <div class='ocr_carea' id='block_1_44' title="bbox 2259 1809 3839 1886">
    <p class='ocr_par' dir='ltr' id='par_1_44' title="bbox 2259 1809 3839 1886">
     <span class='ocr_line' id='line_1_44' title="bbox 2259 1809 3839 1886; baseline 0.004 -24"><span class='ocrx_word' id='word_1_295' title='bbox 2259 1810 2358 1880; x_wconf 84' lang='grc' dir='ltr'>τὴν</span> <span class='ocrx_word' id='word_1_296' title='bbox 2384 1809 2753 1882; x_wconf 88' lang='grc' dir='ltr'>δικαιοσύνην.</span> <span class='ocrx_word' id='word_1_297' title='bbox 2788 1809 2945 1863; x_wconf 76' lang='grc' dir='ltr'>Οὕτω</span> <span class='ocrx_word' id='word_1_298' title='bbox 2976 1813 3085 1881; x_wconf 82' lang='grc' dir='ltr'><strong>γὰρ</strong></span> <span class='ocrx_word' id='word_1_299' title='bbox 3116 1811 3183 1865; x_wconf 83' lang='grc' dir='ltr'>ἂν</span> <span class='ocrx_word' id='word_1_300' title='bbox 3207 1812 3378 1882; x_wconf 71' lang='grc' dir='ltr'>ἡδέως</span> <span class='ocrx_word' id='word_1_301' title='bbox 3415 1813 3554 1885; x_wconf 80' lang='grc' dir='ltr'>φίλῳ</span> <span class='ocrx_word' id='word_1_302' title='bbox 3585 1818 3839 1886; x_wconf 86' lang='grc' dir='ltr'>χαρισαί-</span> 
     </span>
    </p>
   </div>
   <div class='ocr_carea' id='block_1_45' title="bbox 2263 1898 3838 1976">
    <p class='ocr_par' dir='ltr' id='par_1_45' title="bbox 2263 1898 3838 1976">
     <span class='ocr_line' id='line_1_45' title="bbox 2263 1898 3838 1976; baseline 0.006 -23"><span class='ocrx_word' id='word_1_303' title='bbox 2263 1918 2392 1972; x_wconf 89' lang='grc' dir='ltr'>μην.</span> <span class='ocrx_word' id='word_1_304' title='bbox 2427 1902 2490 1954; x_wconf 87' lang='grc' dir='ltr'>Εί</span> <span class='ocrx_word' id='word_1_305' title='bbox 2525 1902 2570 1953; x_wconf 85' lang='grc' dir='ltr'>δ’</span> <span class='ocrx_word' id='word_1_306' title='bbox 2620 1898 2734 1967; x_wconf 78' lang='grc' dir='ltr'>οὖν,</span> <span class='ocrx_word' id='word_1_307' title='bbox 2771 1903 2968 1974; x_wconf 82' lang='grc' dir='ltr'>μηκέτι</span> <span class='ocrx_word' id='word_1_308' title='bbox 3013 1905 3184 1975; x_wconf 76' lang='grc' dir='ltr'>ἡμᾶς.</span> <span class='ocrx_word' id='word_1_309' title='bbox 3241 1904 3376 1958; x_wconf 89' lang='grc' dir='ltr'><strong>ἀλλά</strong></span> <span class='ocrx_word' id='word_1_310' title='bbox 3413 1907 3504 1959; x_wconf 75' lang='grc' dir='ltr'>τὸν</span> <span class='ocrx_word' id='word_1_311' title='bbox 3535 1907 3838 1976; x_wconf 77' lang='grc' dir='ltr'>διχάσαντα</span> 
     </span>
    </p>
   </div>
   <div class='ocr_carea' id='block_1_46' title="bbox 2258 1992 3830 2066">
    <p class='ocr_par' dir='ltr' id='par_1_46' title="bbox 2258 1992 3830 2066">
     <span class='ocr_line' id='line_1_46' title="bbox 2258 1992 3830 2066; baseline 0.004 -21"><span class='ocrx_word' id='word_1_312' title='bbox 2258 1993 2358 2063; x_wconf 82' lang='grc' dir='ltr'><strong>τὴν</strong></span> <span class='ocrx_word' id='word_1_313' title='bbox 2416 1992 2609 2046; x_wconf 80' lang='grc' dir='ltr'>ἑαυτοῦ</span> <span class='ocrx_word' id='word_1_314' title='bbox 2669 1993 2849 2062; x_wconf 78' lang='grc' dir='ltr'>φιλίαν</span> <span class='ocrx_word' id='word_1_315' title='bbox 2914 1995 3015 2064; x_wconf 81' lang='grc' dir='ltr'>τῆς</span> <span class='ocrx_word' id='word_1_316' title='bbox 3066 1995 3453 2066; x_wconf 84' lang='grc' dir='ltr'>δικαιοσύνης,</span> <span class='ocrx_word' id='word_1_317' title='bbox 3513 1999 3830 2052; x_wconf 86' lang='grc' dir='ltr'>αίτιαιτέον.</span> 
     </span>
    </p>
   </div>
   <div class='ocr_carea' id='block_1_47' title="bbox 2260 2085 3835 2160">
    <p class='ocr_par' dir='ltr' id='par_1_47' title="bbox 2260 2085 3835 2160">
     <span class='ocr_line' id='line_1_47' title="bbox 2260 2085 3835 2160; baseline 0.003 -21"><span class='ocrx_word' id='word_1_318' title='bbox 2260 2086 2482 2148; x_wconf 83' lang='grc' dir='ltr'>Πάντως</span> <span class='ocrx_word' id='word_1_319' title='bbox 2515 2085 2643 2157; x_wconf 82' lang='grc' dir='ltr'>γὰρ,</span> <span class='ocrx_word' id='word_1_320' title='bbox 2676 2085 2784 2139; x_wconf 83' lang='grc' dir='ltr'>οὐδ’</span> <span class='ocrx_word' id='word_1_321' title='bbox 2825 2086 2985 2150; x_wconf 73' lang='grc' dir='ltr'>αὐτὸς</span> <span class='ocrx_word' id='word_1_322' title='bbox 3011 2087 3212 2160; x_wconf 71' lang='grc' dir='ltr'>Ϊάνέξῃ,</span> <span class='ocrx_word' id='word_1_323' title='bbox 3241 2088 3342 2158; x_wconf 80' lang='grc' dir='ltr'><strong>ἐμὲ</strong></span> <span class='ocrx_word' id='word_1_324' title='bbox 3387 2088 3650 2156; x_wconf 80' lang='grc' dir='ltr'>φιλοῦντα</span> <span class='ocrx_word' id='word_1_325' title='bbox 3697 2091 3835 2160; x_wconf 82' lang='grc' dir='ltr'><strong>μετά</strong></span> 
     </span>
    </p>
   </div>
   <div class='ocr_carea' id='block_1_48' title="bbox 2257 2177 3833 2252">
    <p class='ocr_par' dir='ltr' id='par_1_48' title="bbox 2257 2177 3833 2252">
     <span class='ocr_line' id='line_1_48' title="bbox 2257 2177 3833 2252; baseline 0.004 -22"><span class='ocrx_word' id='word_1_326' title='bbox 2257 2177 2358 2246; x_wconf 79' lang='grc' dir='ltr'><strong>τῆς</strong></span> <span class='ocrx_word' id='word_1_327' title='bbox 2409 2177 2780 2248; x_wconf 85' lang='grc' dir='ltr'>δικαιοσύνης,</span> <span class='ocrx_word' id='word_1_328' title='bbox 2832 2178 2926 2231; x_wconf 82' lang='grc' dir='ltr'>τοῦ</span> <span class='ocrx_word' id='word_1_329' title='bbox 2976 2181 3144 2250; x_wconf 74' lang='grc' dir='ltr'>χωρὶς</span> <span class='ocrx_word' id='word_1_330' title='bbox 3187 2180 3392 2250; x_wconf 87' lang='grc' dir='ltr'>ταύτης</span> <span class='ocrx_word' id='word_1_331' title='bbox 3433 2182 3833 2252; x_wconf 73' lang='grc' dir='ltr'>ἀγαπηθέντος,</span> 
     </span>
    </p>
   </div>
   <div class='ocr_carea' id='block_1_49' title="bbox 2264 2267 3832 2342">
    <p class='ocr_par' dir='ltr' id='par_1_49' title="bbox 2264 2267 3832 2342">
     <span class='ocr_line' id='line_1_49' title="bbox 2264 2267 3832 2342; baseline 0.006 -23"><span class='ocrx_word' id='word_1_332' title='bbox 2264 2267 2340 2338; x_wconf 82' lang='grc' dir='ltr'>μὴ</span> <span class='ocrx_word' id='word_1_333' title='bbox 2372 2267 2784 2339; x_wconf 72' lang='grc' dir='ltr'>προκρίνεσθαι.</span> <span class='ocrx_word' id='word_1_334' title='bbox 2850 2270 3059 2323; x_wconf 78' lang='grc' dir='ltr'>Ἐκεῖνο</span> <span class='ocrx_word' id='word_1_335' title='bbox 3087 2270 3144 2323; x_wconf 86' lang='grc' dir='ltr'><strong>δέ</strong></span> <span class='ocrx_word' id='word_1_336' title='bbox 3193 2289 3306 2342; x_wconf 89' lang='grc' dir='ltr'>μοι,</span> <span class='ocrx_word' id='word_1_337' title='bbox 3348 2274 3440 2325; x_wconf 77' lang='grc' dir='ltr'><strong>καὶ</strong></span> <span class='ocrx_word' id='word_1_338' title='bbox 3483 2274 3592 2342; x_wconf 79' lang='grc' dir='ltr'><strong>πρὸ</strong></span> <span class='ocrx_word' id='word_1_339' title='bbox 3622 2273 3832 2338; x_wconf 86' lang='grc' dir='ltr'>τούτου,</span> 
     </span>
    </p>
   </div>
   <div class='ocr_carea' id='block_1_50' title="bbox 2259 2358 3835 2438">
    <p class='ocr_par' dir='ltr' id='par_1_50' title="bbox 2259 2358 3835 2438">
     <span class='ocr_line' id='line_1_50' title="bbox 2259 2358 3835 2438; baseline 0.004 -23"><span class='ocrx_word' id='word_1_340' title='bbox 2259 2359 2318 2416; x_wconf 81' lang='grc' dir='ltr'>εὖ</span> <span class='ocrx_word' id='word_1_341' title='bbox 2352 2358 2448 2416; x_wconf 82' lang='grc' dir='ltr'>οἶδ’</span> <span class='ocrx_word' id='word_1_342' title='bbox 2476 2365 2578 2428; x_wconf 82' lang='grc' dir='ltr'>ὅτι,</span> <span class='ocrx_word' id='word_1_343' title='bbox 2609 2363 2912 2432; x_wconf 80' lang='grc' dir='ltr'>σκοπήσαις</span> <span class='ocrx_word' id='word_1_344' title='bbox 2935 2381 2950 2394; x_wconf 70' lang='grc' dir='ltr'>θ</span> <span class='ocrx_word' id='word_1_345' title='bbox 2975 2366 3050 2429; x_wconf 83' lang='grc' dir='ltr'>ὡς</span> <span class='ocrx_word' id='word_1_346' title='bbox 3079 2365 3180 2418; x_wconf 86' lang='grc' dir='ltr'><strong>οὐκ</strong></span> <span class='ocrx_word' id='word_1_347' title='bbox 3225 2366 3291 2420; x_wconf 79' lang='grc' dir='ltr'>ἂν</span> <span class='ocrx_word' id='word_1_348' title='bbox 3336 2366 3593 2437; x_wconf 80' lang='grc' dir='ltr'>θελήσαις</span> <span class='ocrx_word' id='word_1_349' title='bbox 3635 2369 3743 2438; x_wconf 76' lang='grc' dir='ltr'>ἐμέ</span> <span class='ocrx_word' id='word_1_350' title='bbox 3785 2388 3835 2422; x_wconf 83' lang='grc' dir='ltr'><strong>τι</strong></span> 
     </span>
    </p>
   </div>
   <div class='ocr_carea' id='block_1_51' title="bbox 2257 2454 3835 2530">
    <p class='ocr_par' dir='ltr' id='par_1_51' title="bbox 2257 2454 3835 2530">
     <span class='ocr_line' id='line_1_51' title="bbox 2257 2454 3835 2530; baseline 0.004 -22"><span class='ocrx_word' id='word_1_351' title='bbox 2257 2455 2414 2526; x_wconf 87' lang='grc' dir='ltr'>δίκην</span> <span class='ocrx_word' id='word_1_352' title='bbox 2461 2454 2696 2525; x_wconf 77' lang='grc' dir='ltr'>ὀφείλειν</span> <span class='ocrx_word' id='word_1_353' title='bbox 2740 2458 2972 2522; x_wconf 75' lang='grc' dir='ltr'>ἐκεῖθεν,</span> <span class='ocrx_word' id='word_1_354' title='bbox 3020 2458 3121 2528; x_wconf 83' lang='grc' dir='ltr'>τῆς</span> <span class='ocrx_word' id='word_1_355' title='bbox 3164 2458 3265 2511; x_wconf 83' lang='grc' dir='ltr'><strong>οὑκ</strong></span> <span class='ocrx_word' id='word_1_356' title='bbox 3295 2457 3486 2530; x_wconf 78' lang='grc' dir='ltr'>ὀρθῆς,</span> <span class='ocrx_word' id='word_1_357' title='bbox 3537 2459 3660 2513; x_wconf 77' lang='grc' dir='ltr'>οὐδὲ</span> <span class='ocrx_word' id='word_1_358' title='bbox 3718 2459 3835 2529; x_wconf 72' lang='grc' dir='ltr'>ἴσης</span> 
     </span>
    </p>
   </div>
   <div class='ocr_carea' id='block_1_52' title="bbox 2258 2548 3834 2622">
    <p class='ocr_par' dir='ltr' id='par_1_52' title="bbox 2258 2548 3834 2622">
     <span class='ocr_line' id='line_1_52' title="bbox 2258 2548 3834 2622; baseline 0.004 -20"><span class='ocrx_word' id='word_1_359' title='bbox 2258 2548 2517 2618; x_wconf 88' lang='grc' dir='ltr'>κρίσεως,</span> <span class='ocrx_word' id='word_1_360' title='bbox 2549 2550 2755 2604; x_wconf 83' lang='grc' dir='ltr'>ἐκεῖνόν</span> <span class='ocrx_word' id='word_1_361' title='bbox 2787 2567 2846 2603; x_wconf 91' lang='grc' dir='ltr'><strong>τε</strong></span> <span class='ocrx_word' id='word_1_362' title='bbox 2895 2550 3091 2614; x_wconf 77' lang='grc' dir='ltr'>διπλᾶς</span> <span class='ocrx_word' id='word_1_363' title='bbox 3137 2551 3362 2622; x_wconf 81' lang='grc' dir='ltr'>ὑπέχειν</span> <span class='ocrx_word' id='word_1_364' title='bbox 3407 2553 3617 2616; x_wconf 79' lang='grc' dir='ltr'>ποινὰς,</span> <span class='ocrx_word' id='word_1_365' title='bbox 3652 2555 3749 2608; x_wconf 80' lang='grc' dir='ltr'>τοῦ</span> <span class='ocrx_word' id='word_1_366' title='bbox 3779 2573 3834 2608; x_wconf 85' lang='grc' dir='ltr'><strong>τε</strong></span> 
     </span>
    </p>
   </div>
   <div class='ocr_carea' id='block_1_53' title="bbox 2257 2633 3834 2714">
    <p class='ocr_par' dir='ltr' id='par_1_53' title="bbox 2257 2633 3834 2714">
     <span class='ocr_line' id='line_1_53' title="bbox 2257 2633 3834 2714; baseline 0.004 -24"><span class='ocrx_word' id='word_1_367' title='bbox 2257 2635 2479 2709; x_wconf 86' lang='grc' dir='ltr'>πρώτου</span> <span class='ocrx_word' id='word_1_368' title='bbox 2509 2638 2847 2710; x_wconf 79' lang='grc' dir='ltr'>ἀδικήματος</span> <span class='ocrx_word' id='word_1_369' title='bbox 2869 2655 2884 2670; x_wconf 77' lang='grc' dir='ltr'><strong>ο</strong></span> <span class='ocrx_word' id='word_1_370' title='bbox 2923 2639 3020 2692; x_wconf 78' lang='grc' dir='ltr'><strong>καὶ</strong></span> <span class='ocrx_word' id='word_1_371' title='bbox 3060 2637 3177 2704; x_wconf 76' lang='grc' dir='ltr'>τοῦ,</span> <span class='ocrx_word' id='word_1_372' title='bbox 3227 2640 3312 2709; x_wconf 75' lang='grc' dir='ltr'><strong>ἐφ’</strong></span> <span class='ocrx_word' id='word_1_373' title='bbox 3405 2642 3501 2712; x_wconf 78' lang='grc' dir='ltr'>τὴν</span> <span class='ocrx_word' id='word_1_374' title='bbox 3531 2642 3689 2714; x_wconf 83' lang='grc' dir='ltr'>δίκην</span> <span class='ocrx_word' id='word_1_375' title='bbox 3719 2644 3834 2696; x_wconf 82' lang='grc' dir='ltr'>δια-</span> 
     </span>
    </p>
   </div>
   <div class='ocr_carea' id='block_1_54' title="bbox 2258 2727 3834 2802">
    <p class='ocr_par' dir='ltr' id='par_1_54' title="bbox 2258 2727 3834 2802">
     <span class='ocr_line' id='line_1_54' title="bbox 2258 2727 3834 2802; baseline 0.001 -21"><span class='ocrx_word' id='word_1_376' title='bbox 2258 2728 2507 2798; x_wconf 83' lang='grc' dir='ltr'>φθείρας,</span> <span class='ocrx_word' id='word_1_377' title='bbox 2555 2729 2650 2783; x_wconf 74' lang='grc' dir='ltr'>κα¹ι</span> <span class='ocrx_word' id='word_1_378' title='bbox 2703 2727 2909 2796; x_wconf 85' lang='grc' dir='ltr'>φυγὼν,</span> <span class='ocrx_word' id='word_1_379' title='bbox 2945 2727 3196 2799; x_wconf 88' lang='grc' dir='ltr'>δεύτερον</span> <span class='ocrx_word' id='word_1_380' title='bbox 3239 2729 3505 2802; x_wconf 87' lang='grc' dir='ltr'>ἀδίκημα,</span> <span class='ocrx_word' id='word_1_381' title='bbox 3554 2731 3635 2802; x_wconf 83' lang='grc' dir='ltr'>τῷ</span> <span class='ocrx_word' id='word_1_382' title='bbox 3681 2730 3834 2802; x_wconf 82' lang='grc' dir='ltr'>δίκην</span> 
     </span>
    </p>
   </div>
   <div class='ocr_carea' id='block_1_55' title="bbox 2259 2822 3386 2894">
    <p class='ocr_par' dir='ltr' id='par_1_55' title="bbox 2259 2822 3386 2894">
     <span class='ocr_line' id='line_1_55' title="bbox 2259 2822 3386 2894; baseline 0.002 -20"><span class='ocrx_word' id='word_1_383' title='bbox 2259 2823 2554 2889; x_wconf 71' lang='grc' dir='ltr'>ὀφείλοντι,</span> <span class='ocrx_word' id='word_1_384' title='bbox 2591 2822 2742 2892; x_wconf 81' lang='grc' dir='ltr'>παρὰ</span> <span class='ocrx_word' id='word_1_385' title='bbox 2765 2822 2860 2874; x_wconf 81' lang='grc' dir='ltr'><strong>τοῦ</strong></span> <span class='ocrx_word' id='word_1_386' title='bbox 2892 2823 3102 2887; x_wconf 72' lang='grc' dir='ltr'>λαϐεῖν,</span> <span class='ocrx_word' id='word_1_387' title='bbox 3133 2824 3386 2894; x_wconf 72' lang='grc' dir='ltr'>ἤνεγκεν.</span> 
     </span>
    </p>
   </div>
   <div class='ocr_carea' id='block_1_56' title="bbox 2876 2916 3270 2971">
    <p class='ocr_par' dir='ltr' id='par_1_56' title="bbox 2876 2916 3270 2971">
     <span class='ocr_line' id='line_1_56' title="bbox 2876 2916 3270 2971; baseline 0.003 -2"><span class='ocrx_word' id='word_1_388' title='bbox 2876 2916 3108 2971; x_wconf 83' lang='grc' dir='ltr'>ΕΠΙΣΤ.</span> <span class='ocrx_word' id='word_1_389' title='bbox 3140 2917 3270 2970; x_wconf 84' lang='lat' dir='ltr'><strong>NA’.</strong></span> 
     </span>
    </p>
   </div>
   <div class='ocr_carea' id='block_1_57' title="bbox 2438 3009 3664 3081">
    <p class='ocr_par' dir='ltr' id='par_1_57' title="bbox 2438 3009 3664 3081">
     <span class='ocr_line' id='line_1_57' title="bbox 2438 3009 3664 3081; baseline 0.002 -19"><span class='ocrx_word' id='word_1_390' title='bbox 2438 3009 2711 3078; x_wconf 80' lang='grc' dir='ltr'><strong>Δωροθέῳ</strong></span> <span class='ocrx_word' id='word_1_391' title='bbox 2741 3011 3054 3081; x_wconf 74' lang='grc' dir='ltr'>ἡγουμένῳ</span> <span class='ocrx_word' id='word_1_392' title='bbox 3087 3009 3281 3081; x_wconf 80' lang='grc' dir='ltr'>μονῆς</span> <span class='ocrx_word' id='word_1_393' title='bbox 3305 3011 3664 3080; x_wconf 72' lang='grc' dir='ltr'>Κεδρώνων.</span> 
     </span>
    </p>
   </div>
   <div class='ocr_carea' id='block_1_58' title="bbox 1805 3125 2578 3191">
    <p class='ocr_par' dir='ltr' id='par_1_58' title="bbox 1805 3125 2578 3191">
     <span class='ocr_line' id='line_1_58' title="bbox 1805 3125 2578 3191; baseline 0.001 -16"><span class='ocrx_word' id='word_1_394' title='bbox 1805 3126 2074 3176; x_wconf 79' lang='lat' dir='ltr'><strong>Montacut.</strong></span> <span class='ocrx_word' id='word_1_395' title='bbox 2111 3125 2216 3186; x_wconf 91' lang='lat' dir='ltr'><strong>(ep.</strong></span> <span class='ocrx_word' id='word_1_396' title='bbox 2237 3125 2346 3186; x_wconf 89' lang='grc'>220,</span> <span class='ocrx_word' id='word_1_397' title='bbox 2370 3140 2419 3188; x_wconf 91' lang='lat' dir='ltr'><strong>p.</strong></span> <span class='ocrx_word' id='word_1_398' title='bbox 2445 3127 2578 3191; x_wconf 70' lang='grc'><strong>344).</strong></span> 
     </span>
    </p>
   </div>
   <div class='ocr_carea' id='block_1_59' title="bbox 651 3228 2138 3302">
    <p class='ocr_par' dir='ltr' id='par_1_59' title="bbox 651 3228 2138 3302">
     <span class='ocr_line' id='line_1_59' title="bbox 651 3228 2138 3302; baseline -0.002 -18"><span class='ocrx_word' id='word_1_399' title='bbox 651 3231 732 3284; x_wconf 91' lang='lat' dir='ltr'><strong>Tu</strong></span> <span class='ocrx_word' id='word_1_400' title='bbox 763 3230 979 3300; x_wconf 88' lang='lat' dir='ltr'><strong>quidem</strong></span> <span class='ocrx_word' id='word_1_401' title='bbox 1016 3229 1226 3302; x_wconf 86' lang='lat' dir='ltr'><strong>plangis</strong></span> <span class='ocrx_word' id='word_1_402' title='bbox 1253 3240 1306 3286; x_wconf 87' lang='lat' dir='ltr'><strong>et</strong></span> <span class='ocrx_word' id='word_1_403' title='bbox 1329 3229 1664 3300; x_wconf 82' lang='lat' dir='ltr'><strong>laerymaris,</strong></span> <span class='ocrx_word' id='word_1_404' title='bbox 1696 3244 1762 3284; x_wconf 90' lang='lat' dir='ltr'><strong>eo</strong></span> <span class='ocrx_word' id='word_1_405' title='bbox 1814 3228 1958 3300; x_wconf 87' lang='lat' dir='ltr'><strong>quod</strong></span> <span class='ocrx_word' id='word_1_406' title='bbox 1984 3243 2012 3282; x_wconf 93' lang='lat' dir='ltr'><strong>a</strong></span> <span class='ocrx_word' id='word_1_407' title='bbox 2045 3243 2138 3282; x_wconf 63' lang='lat' dir='ltr'><strong>no~</strong></span> 
     </span>
    </p>
   </div>
   <div class='ocr_carea' id='block_1_60' title="bbox 584 3319 2148 3391">
    <p class='ocr_par' dir='ltr' id='par_1_60' title="bbox 584 3319 2148 3391">
     <span class='ocr_line' id='line_1_60' title="bbox 584 3319 2148 3391; baseline -0.003 -14"><span class='ocrx_word' id='word_1_408' title='bbox 584 3334 699 3378; x_wconf 91' lang='lat' dir='ltr'><strong>stro</strong></span> <span class='ocrx_word' id='word_1_409' title='bbox 727 3323 855 3378; x_wconf 93' lang='lat' dir='ltr'><strong>olim</strong></span> <span class='ocrx_word' id='word_1_410' title='bbox 881 3323 936 3376; x_wconf 91' lang='lat' dir='ltr'><strong>in</strong></span> <span class='ocrx_word' id='word_1_411' title='bbox 963 3322 1182 3378; x_wconf 89' lang='lat' dir='ltr'><strong>Christo</strong></span> <span class='ocrx_word' id='word_1_412' title='bbox 1199 3337 1382 3377; x_wconf 88' lang='lat' dir='ltr'><strong>amore</strong></span> <span class='ocrx_word' id='word_1_413' title='bbox 1397 3323 1754 3391; x_wconf 87' lang='lat' dir='ltr'><strong>scparabare;</strong></span> <span class='ocrx_word' id='word_1_414' title='bbox 1797 3329 1945 3375; x_wconf 89' lang='lat' dir='ltr'><strong>recte</strong></span> <span class='ocrx_word' id='word_1_415' title='bbox 1976 3319 2108 3374; x_wconf 81' lang='lat' dir='ltr'><strong>facis</strong></span> <span class='ocrx_word' id='word_1_416' title='bbox 2135 3337 2148 3373; x_wconf 94' lang='lat'>:</span> 
     </span>
    </p>
   </div>
   <div class='ocr_carea' id='block_1_61' title="bbox 584 3413 2156 3482">
    <p class='ocr_par' dir='ltr' id='par_1_61' title="bbox 584 3413 2156 3482">
     <span class='ocr_line' id='line_1_61' title="bbox 584 3413 2156 3482; baseline -0.001 -15"><span class='ocrx_word' id='word_1_417' title='bbox 584 3430 693 3467; x_wconf 90' lang='lat' dir='ltr'><strong>non</strong></span> <span class='ocrx_word' id='word_1_418' title='bbox 737 3413 883 3467; x_wconf 83' lang='lat' dir='ltr'><strong>enim</strong></span> <span class='ocrx_word' id='word_1_419' title='bbox 954 3422 1037 3467; x_wconf 87' lang='lat' dir='ltr'><strong>est</strong></span> <span class='ocrx_word' id='word_1_420' title='bbox 1092 3415 1272 3467; x_wconf 91' lang='lat' dir='ltr'><strong>minus</strong></span> <span class='ocrx_word' id='word_1_421' title='bbox 1345 3429 1468 3468; x_wconf 91' lang='lat' dir='ltr'><strong>cum</strong></span> <span class='ocrx_word' id='word_1_422' title='bbox 1527 3413 1728 3468; x_wconf 83' lang='lat' dir='ltr'><strong>virtute</strong></span> <span class='ocrx_word' id='word_1_423' title='bbox 1779 3413 2156 3482; x_wconf 90' lang='lat' dir='ltr'><strong>conjunctum,</strong></span> 
     </span>
    </p>
   </div>
   <div class='ocr_carea' id='block_1_62' title="bbox 578 3505 2155 3575">
    <p class='ocr_par' dir='ltr' id='par_1_62' title="bbox 578 3505 2155 3575">
     <span class='ocr_line' id='line_1_62' title="bbox 578 3505 2155 3575; baseline -0.003 -14"><span class='ocrx_word' id='word_1_424' title='bbox 578 3506 778 3561; x_wconf 88' lang='lat' dir='ltr'><strong>amoris</strong></span> <span class='ocrx_word' id='word_1_425' title='bbox 806 3507 1069 3575; x_wconf 88' lang='lat' dir='ltr'><strong>jacturam</strong></span> <span class='ocrx_word' id='word_1_426' title='bbox 1097 3506 1323 3574; x_wconf 84' lang='lat' dir='ltr'><strong>deﬂere;</strong></span> <span class='ocrx_word' id='word_1_427' title='bbox 1352 3515 1406 3560; x_wconf 93' lang='lat' dir='ltr'><strong>et</strong></span> <span class='ocrx_word' id='word_1_428' title='bbox 1440 3521 1547 3560; x_wconf 91' lang='lat' dir='ltr'><strong>non</strong></span> <span class='ocrx_word' id='word_1_429' title='bbox 1588 3506 1752 3560; x_wconf 87' lang='lat' dir='ltr'><strong>modo</strong></span> <span class='ocrx_word' id='word_1_430' title='bbox 1790 3505 1930 3559; x_wconf 85' lang='lat' dir='ltr'><strong>velle</strong></span> <span class='ocrx_word' id='word_1_431' title='bbox 1961 3519 2155 3559; x_wconf 90' lang='lat' dir='ltr'><strong>emen-</strong></span> 
     </span>
    </p>
   </div>
   <div class='ocr_carea' id='block_1_63' title="bbox 578 3598 2158 3669">
    <p class='ocr_par' dir='ltr' id='par_1_63' title="bbox 578 3598 2158 3669">
     <span class='ocr_line' id='line_1_63' title="bbox 578 3598 2158 3669; baseline -0.003 -15"><span class='ocrx_word' id='word_1_432' title='bbox 578 3601 730 3664; x_wconf 84' lang='lat' dir='ltr'><strong>dare,</strong></span> <span class='ocrx_word' id='word_1_433' title='bbox 761 3616 948 3654; x_wconf 89' lang='lat' dir='ltr'><strong>verum</strong></span> <span class='ocrx_word' id='word_1_434' title='bbox 994 3600 1190 3654; x_wconf 84' lang='lat' dir='ltr'><strong>acerbe</strong></span> <span class='ocrx_word' id='word_1_435' title='bbox 1235 3599 1401 3663; x_wconf 82' lang='lat' dir='ltr'><strong>ierre,</strong></span> <span class='ocrx_word' id='word_1_436' title='bbox 1437 3599 1582 3669; x_wconf 94' lang='lat' dir='ltr'><strong>quod</strong></span> <span class='ocrx_word' id='word_1_437' title='bbox 1631 3598 1925 3668; x_wconf 91' lang='lat' dir='ltr'><strong>aliquando</strong></span> <span class='ocrx_word' id='word_1_438' title='bbox 1972 3598 2158 3667; x_wconf 86' lang='lat' dir='ltr'><strong>lapsus</strong></span> 
     </span>
    </p>
   </div>
   <div class='ocr_carea' id='block_1_64' title="bbox 579 3690 2156 3763">
    <p class='ocr_par' dir='ltr' id='par_1_64' title="bbox 579 3690 2156 3763">
     <span class='ocr_line' id='line_1_64' title="bbox 579 3690 2156 3763; baseline -0.004 -15"><span class='ocrx_word' id='word_1_439' title='bbox 579 3694 824 3749; x_wconf 83' lang='lat' dir='ltr'><strong>invaluit.</strong></span> <span class='ocrx_word' id='word_1_440' title='bbox 846 3693 1078 3746; x_wconf 88' lang='lat' dir='ltr'><strong>Tantum</strong></span> <span class='ocrx_word' id='word_1_441' title='bbox 1107 3690 1273 3747; x_wconf 78' lang='lat' dir='ltr'><strong>abest</strong></span> <span class='ocrx_word' id='word_1_442' title='bbox 1314 3701 1373 3746; x_wconf 91' lang='lat' dir='ltr'><strong>ut</strong></span> <span class='ocrx_word' id='word_1_443' title='bbox 1394 3707 1493 3763; x_wconf 81' lang='lat' dir='ltr'><strong>ego</strong></span> <span class='ocrx_word' id='word_1_444' title='bbox 1515 3692 1896 3746; x_wconf 88' lang='lat' dir='ltr'><strong>alienationem</strong></span> <span class='ocrx_word' id='word_1_445' title='bbox 1919 3690 2156 3760; x_wconf 87' lang='lat' dir='ltr'><strong>priorem</strong></span> 
     </span>
    </p>
   </div>
   <div class='ocr_carea' id='block_1_65' title="bbox 577 3781 2158 3855">
    <p class='ocr_par' dir='ltr' id='par_1_65' title="bbox 577 3781 2158 3855">
     <span class='ocr_line' id='line_1_65' title="bbox 577 3781 2158 3855; baseline -0.003 -17"><span class='ocrx_word' id='word_1_446' title='bbox 577 3787 904 3855; x_wconf 80' lang='lat' dir='ltr'><strong>vituperem,</strong></span> <span class='ocrx_word' id='word_1_447' title='bbox 935 3793 1158 3854; x_wconf 88' lang='lat' dir='ltr'><strong>propter</strong></span> <span class='ocrx_word' id='word_1_448' title='bbox 1202 3783 1486 3854; x_wconf 79' lang='lat' dir='ltr'><strong>praesentis</strong></span> <span class='ocrx_word' id='word_1_449' title='bbox 1529 3782 1832 3837; x_wconf 74' lang='lat' dir='ltr'><strong>concordiae</strong></span> <span class='ocrx_word' id='word_1_450' title='bbox 1872 3781 2158 3836; x_wconf 79' lang='lat' dir='ltr'><strong>sincerita-</strong></span> 
     </span>
    </p>
   </div>
   <div class='ocr_carea' id='block_1_66' title="bbox 2339 3221 3831 3300">
    <p class='ocr_par' dir='ltr' id='par_1_66' title="bbox 2339 3221 3831 3300">
     <span class='ocr_line' id='line_1_66' title="bbox 2339 3221 3831 3300; baseline 0.005 -24"><span class='ocrx_word' id='word_1_451' title='bbox 2339 3224 2412 3277; x_wconf 83' lang='grc' dir='ltr'><strong>Σὺ</strong></span> <span class='ocrx_word' id='word_1_452' title='bbox 2451 3225 2550 3295; x_wconf 79' lang='grc' dir='ltr'><strong>μὲν</strong></span> <span class='ocrx_word' id='word_1_453' title='bbox 2582 3225 2820 3298; x_wconf 75' lang='grc' dir='ltr'>ὀλοφύρῃ</span> <span class='ocrx_word' id='word_1_454' title='bbox 2872 3227 2966 3280; x_wconf 78' lang='grc' dir='ltr'><strong>καὶ</strong></span> <span class='ocrx_word' id='word_1_455' title='bbox 3020 3226 3238 3297; x_wconf 84' lang='grc' dir='ltr'>θρηνεῖς</span> <span class='ocrx_word' id='word_1_456' title='bbox 3263 3226 3350 3297; x_wconf 77' lang='grc' dir='ltr'><strong>ἐφ’</strong></span> <span class='ocrx_word' id='word_1_457' title='bbox 3403 3221 3485 3291; x_wconf 76' lang='grc' dir='ltr'><strong>οἷς</strong></span> <span class='ocrx_word' id='word_1_458' title='bbox 3538 3228 3709 3282; x_wconf 81' lang='grc' dir='ltr'>πάλαι</span> <span class='ocrx_word' id='word_1_459' title='bbox 3746 3231 3831 3300; x_wconf 75' lang='grc' dir='ltr'>τῆς</span> 
     </span>
    </p>
   </div>
   <div class='ocr_carea' id='block_1_67' title="bbox 2261 3316 3831 3387">
    <p class='ocr_par' dir='ltr' id='par_1_67' title="bbox 2261 3316 3831 3387">
     <span class='ocr_line' id='line_1_67' title="bbox 2261 3316 3831 3387; baseline 0 -18"><span class='ocrx_word' id='word_1_460' title='bbox 2261 3316 2420 3387; x_wconf 82' lang='grc' dir='ltr'>ἡμῶν</span> <span class='ocrx_word' id='word_1_461' title='bbox 2449 3317 2506 3368; x_wconf 84' lang='grc' dir='ltr'>ὲν</span> <span class='ocrx_word' id='word_1_462' title='bbox 2530 3317 2720 3387; x_wconf 80' lang='grc' dir='ltr'>Κυρίῳ</span> <span class='ocrx_word' id='word_1_463' title='bbox 2742 3317 2962 3386; x_wconf 82' lang='grc' dir='ltr'>ἀγάπης</span> <span class='ocrx_word' id='word_1_464' title='bbox 2992 3316 3267 3370; x_wconf 85' lang='grc' dir='ltr'>διίστασο’</span> <span class='ocrx_word' id='word_1_465' title='bbox 3293 3317 3388 3370; x_wconf 78' lang='grc' dir='ltr'>καὶ</span> <span class='ocrx_word' id='word_1_466' title='bbox 3418 3317 3600 3381; x_wconf 85' lang='grc' dir='ltr'>καλῶς</span> <span class='ocrx_word' id='word_1_467' title='bbox 3634 3322 3831 3381; x_wconf 81' lang='grc' dir='ltr'>ποιεῖς·</span> 
     </span>
    </p>
   </div>
   <div class='ocr_carea' id='block_1_68' title="bbox 2260 3409 3832 3481">
    <p class='ocr_par' dir='ltr' id='par_1_68' title="bbox 2260 3409 3832 3481">
     <span class='ocr_line' id='line_1_68' title="bbox 2260 3409 3832 3481; baseline -0.003 -16"><span class='ocrx_word' id='word_1_468' title='bbox 2260 3412 2383 3465; x_wconf 79' lang='grc' dir='ltr'>οὐδὲ</span> <span class='ocrx_word' id='word_1_469' title='bbox 2411 3409 2566 3463; x_wconf 76' lang='grc' dir='ltr'>τοῦτο</span> <span class='ocrx_word' id='word_1_470' title='bbox 2597 3410 2706 3480; x_wconf 82' lang='grc' dir='ltr'><strong>γὰρ</strong></span> <span class='ocrx_word' id='word_1_471' title='bbox 2731 3409 2951 3462; x_wconf 78' lang='grc' dir='ltr'>ἔλαττον</span> <span class='ocrx_word' id='word_1_472' title='bbox 2971 3410 3080 3464; x_wconf 88' lang='grc' dir='ltr'><strong>τῶν</strong></span> <span class='ocrx_word' id='word_1_473' title='bbox 3110 3410 3284 3464; x_wconf 79' lang='grc' dir='ltr'>ἄλλων</span> <span class='ocrx_word' id='word_1_474' title='bbox 3316 3413 3396 3473; x_wconf 86' lang='grc' dir='ltr'>εἰς</span> <span class='ocrx_word' id='word_1_475' title='bbox 3437 3411 3642 3481; x_wconf 76' lang='grc' dir='ltr'>ἀρετῆς</span> <span class='ocrx_word' id='word_1_476' title='bbox 3671 3410 3832 3477; x_wconf 71' lang='grc' dir='ltr'>λόγων</span> 
     </span>
    </p>
   </div>
   <div class='ocr_carea' id='block_1_69' title="bbox 2263 3502 3833 3574">
    <p class='ocr_par' dir='ltr' id='par_1_69' title="bbox 2263 3502 3833 3574">
     <span class='ocr_line' id='line_1_69' title="bbox 2263 3502 3833 3574; baseline 0.001 -19"><span class='ocrx_word' id='word_1_477' title='bbox 2263 3504 2487 3574; x_wconf 85' lang='grc' dir='ltr'>ἀγάπης</span> <span class='ocrx_word' id='word_1_478' title='bbox 2542 3503 2745 3574; x_wconf 78' lang='grc' dir='ltr'>ζημίαν</span> <span class='ocrx_word' id='word_1_479' title='bbox 2779 3502 3088 3574; x_wconf 88' lang='grc' dir='ltr'>ὀδύρεσθαι,</span> <span class='ocrx_word' id='word_1_480' title='bbox 3140 3505 3238 3557; x_wconf 76' lang='grc' dir='ltr'>καὶ</span> <span class='ocrx_word' id='word_1_481' title='bbox 3299 3503 3373 3574; x_wconf 81' lang='grc' dir='ltr'>μὴ</span> <span class='ocrx_word' id='word_1_482' title='bbox 3425 3505 3584 3574; x_wconf 76' lang='grc' dir='ltr'>μόνον</span> <span class='ocrx_word' id='word_1_483' title='bbox 3639 3504 3833 3557; x_wconf 78' lang='grc' dir='ltr'>ἐθέλειν</span> 
     </span>
    </p>
   </div>
   <div class='ocr_carea' id='block_1_70' title="bbox 2262 3595 3831 3669">
    <p class='ocr_par' dir='ltr' id='par_1_70' title="bbox 2262 3595 3831 3669">
     <span class='ocr_line' id='line_1_70' title="bbox 2262 3595 3831 3669; baseline 0.002 -22"><span class='ocrx_word' id='word_1_484' title='bbox 2262 3595 2581 3666; x_wconf 77' lang='grc' dir='ltr'>ὀρθοῦσθαι,</span> <span class='ocrx_word' id='word_1_485' title='bbox 2612 3595 2750 3650; x_wconf 83' lang='grc' dir='ltr'><strong>ἀλλά</strong></span> <span class='ocrx_word' id='word_1_486' title='bbox 2784 3598 2875 3649; x_wconf 68' lang='grc' dir='ltr'><strong>καὶ</strong></span> <span class='ocrx_word' id='word_1_487' title='bbox 2901 3596 3112 3668; x_wconf 84' lang='grc' dir='ltr'>πικρῶς</span> <span class='ocrx_word' id='word_1_488' title='bbox 3136 3597 3341 3664; x_wconf 84' lang='grc' dir='ltr'>ἀλγεῖν,</span> <span class='ocrx_word' id='word_1_489' title='bbox 3376 3598 3457 3650; x_wconf 84' lang='grc' dir='ltr'>ὅτι</span> <span class='ocrx_word' id='word_1_490' title='bbox 3483 3598 3583 3667; x_wconf 76' lang='grc' dir='ltr'>τὴν</span> <span class='ocrx_word' id='word_1_491' title='bbox 3612 3598 3831 3669; x_wconf 83' lang='grc' dir='ltr'>ἀρχὴνὴ</span> 
     </span>
    </p>
   </div>
   <div class='ocr_carea' id='block_1_71' title="bbox 2261 3689 3830 3763">
    <p class='ocr_par' dir='ltr' id='par_1_71' title="bbox 2261 3689 3830 3763">
     <span class='ocr_line' id='line_1_71' title="bbox 2261 3689 3830 3763; baseline 0.004 -22"><span class='ocrx_word' id='word_1_492' title='bbox 2261 3689 2469 3752; x_wconf 80' lang='grc' dir='ltr'>πτῶσις</span> <span class='ocrx_word' id='word_1_493' title='bbox 2517 3690 2844 3760; x_wconf 81' lang='grc' dir='ltr'>ἐκράτησεν.</span> <span class='ocrx_word' id='word_1_494' title='bbox 2902 3689 3043 3758; x_wconf 88' lang='grc' dir='ltr'><strong>Ἐγὼ</strong></span> <span class='ocrx_word' id='word_1_495' title='bbox 3087 3691 3144 3744; x_wconf 85' lang='grc' dir='ltr'><strong>δὲ</strong></span> <span class='ocrx_word' id='word_1_496' title='bbox 3199 3691 3452 3744; x_wconf 76' lang='grc' dir='ltr'>τοσοῦτον</span> <span class='ocrx_word' id='word_1_497' title='bbox 3506 3693 3702 3763; x_wconf 85' lang='grc' dir='ltr'>ἀπέχω</span> <span class='ocrx_word' id='word_1_498' title='bbox 3744 3693 3830 3747; x_wconf 73' lang='grc' dir='ltr'><strong>τοῦ</strong></span> 
     </span>
    </p>
   </div>
   <div class='ocr_carea' id='block_1_72' title="bbox 2259 3777 3832 3856">
    <p class='ocr_par' dir='ltr' id='par_1_72' title="bbox 2259 3777 3832 3856">
     <span class='ocr_line' id='line_1_72' title="bbox 2259 3777 3832 3856; baseline 0.005 -26"><span class='ocrx_word' id='word_1_499' title='bbox 2259 3777 2576 3849; x_wconf 75' lang='grc' dir='ltr'>μέμψασθαί</span> <span class='ocrx_word' id='word_1_500' title='bbox 2596 3797 2645 3832; x_wconf 91' lang='grc' dir='ltr'><strong>τι</strong></span> <span class='ocrx_word' id='word_1_501' title='bbox 2672 3780 2774 3848; x_wconf 73' lang='grc' dir='ltr'>τῆς</span> <span class='ocrx_word' id='word_1_502' title='bbox 2797 3781 2925 3851; x_wconf 67' lang='grc' dir='ltr'>πρὶν</span> <span class='ocrx_word' id='word_1_503' title='bbox 2948 3782 3238 3852; x_wconf 85' lang='grc' dir='ltr'>διχονοίας,</span> <span class='ocrx_word' id='word_1_504' title='bbox 3263 3783 3351 3835; x_wconf 78' lang='grc' dir='ltr'><strong>διὰ</strong></span> <span class='ocrx_word' id='word_1_505' title='bbox 3367 3785 3466 3854; x_wconf 82' lang='grc' dir='ltr'>τὴν</span> <span class='ocrx_word' id='word_1_506' title='bbox 3488 3785 3832 3856; x_wconf 78' lang='grc' dir='ltr'>καθαρότητα</span> 
     </span>
    </p>
   </div>
   <div class='ocr_carea' id='block_1_73' title="bbox 579 3871 2154 3949">
    <p class='ocr_par' dir='ltr' id='par_1_73' title="bbox 579 3871 2154 3941">
     <span class='ocr_line' id='line_1_73' title="bbox 579 3871 2154 3941; baseline -0.002 -12"><span class='ocrx_word' id='word_1_507' title='bbox 579 3887 711 3941; x_wconf 89' lang='lat' dir='ltr'><strong>tem,</strong></span> <span class='ocrx_word' id='word_1_508' title='bbox 757 3885 852 3930; x_wconf 90' lang='lat' dir='ltr'><strong>aut</strong></span> <span class='ocrx_word' id='word_1_509' title='bbox 894 3883 956 3928; x_wconf 90' lang='lat' dir='ltr'><strong>ut</strong></span> <span class='ocrx_word' id='word_1_510' title='bbox 1013 3875 1164 3929; x_wconf 84' lang='lat' dir='ltr'><strong>tarde</strong></span> <span class='ocrx_word' id='word_1_511' title='bbox 1209 3875 1422 3928; x_wconf 85' lang='lat' dir='ltr'><strong>veniam</strong></span> <span class='ocrx_word' id='word_1_512' title='bbox 1476 3873 1793 3935; x_wconf 88' lang='lat' dir='ltr'><strong>concedam,</strong></span> <span class='ocrx_word' id='word_1_513' title='bbox 1849 3881 1905 3926; x_wconf 89' lang='lat' dir='ltr'><strong>ut</strong></span> <span class='ocrx_word' id='word_1_514' title='bbox 1961 3871 2154 3941; x_wconf 81' lang='lat' dir='ltr'><strong>gratias</strong></span> 
     </span>
    </p>
   </div>
   <div class='ocr_carea' id='block_1_74' title="bbox 2257 3871 3830 3949">
    <p class='ocr_par' dir='ltr' id='par_1_74' title="bbox 2257 3871 3830 3949">
     <span class='ocr_line' id='line_1_74' title="bbox 2257 3871 3830 3949; baseline 0.006 -26"><span class='ocrx_word' id='word_1_515' title='bbox 2257 3874 2354 3941; x_wconf 81' lang='grc' dir='ltr'>τῆς</span> <span class='ocrx_word' id='word_1_516' title='bbox 2388 3871 2484 3924; x_wconf 83' lang='grc' dir='ltr'>νῦν</span> <span class='ocrx_word' id='word_1_517' title='bbox 2506 3873 2780 3941; x_wconf 81' lang='grc' dir='ltr'>ὁμονοίας,</span> <span class='ocrx_word' id='word_1_518' title='bbox 2840 3875 2873 3945; x_wconf 79' lang='grc' dir='ltr'>ἢ</span> <span class='ocrx_word' id='word_1_519' title='bbox 2905 3874 3044 3946; x_wconf 80' lang='grc' dir='ltr'>πρὸς</span> <span class='ocrx_word' id='word_1_520' title='bbox 3077 3876 3408 3948; x_wconf 86' lang='grc' dir='ltr'>συγγνώμην</span> <span class='ocrx_word' id='word_1_521' title='bbox 3442 3878 3648 3949; x_wconf 78' lang='grc' dir='ltr'>βραδὺς</span> <span class='ocrx_word' id='word_1_522' title='bbox 3678 3875 3830 3944; x_wconf 75' lang='grc' dir='ltr'>εἶναι,</span> 
     </span>
    </p>
   </div>
   <div class='ocr_carea' id='block_1_75' title="bbox 585 3961 2159 4022">
    <p class='ocr_par' dir='ltr' id='par_1_75' title="bbox 585 3961 2159 4022">
     <span class='ocr_line' id='line_1_75' title="bbox 585 3961 2159 4022; baseline -0.004 0"><span class='ocrx_word' id='word_1_523' title='bbox 585 3969 785 4022; x_wconf 64' lang='lat' dir='ltr'><strong>divinae</strong></span> <span class='ocrx_word' id='word_1_524' title='bbox 817 3965 1177 4019; x_wconf 78' lang='lat' dir='ltr'><strong>Providentia:</strong></span> <span class='ocrx_word' id='word_1_525' title='bbox 1218 3965 1400 4019; x_wconf 90' lang='lat' dir='ltr'><strong>omnia</strong></span> <span class='ocrx_word' id='word_1_526' title='bbox 1442 3962 1856 4018; x_wconf 86' lang='lat' dir='ltr'><strong>administrandi</strong></span> <span class='ocrx_word' id='word_1_527' title='bbox 1909 3961 2159 4016; x_wconf 82' lang='lat' dir='ltr'><strong>ferendas</strong></span> 
     </span>
    </p>
   </div>
   <div class='ocr_carea' id='block_1_76' title="bbox 582 4052 2156 4124">
    <p class='ocr_par' dir='ltr' id='par_1_76' title="bbox 582 4052 2156 4124">
     <span class='ocr_line' id='line_1_76' title="bbox 582 4052 2156 4124; baseline -0.005 -12"><span class='ocrx_word' id='word_1_528' title='bbox 582 4059 683 4112; x_wconf 90' lang='lat' dir='ltr'><strong>tibi</strong></span> <span class='ocrx_word' id='word_1_529' title='bbox 713 4071 973 4111; x_wconf 90' lang='lat' dir='ltr'><strong>asseram.</strong></span> <span class='ocrx_word' id='word_1_530' title='bbox 995 4054 1098 4119; x_wconf 85' lang='lat' dir='ltr'><strong>Qui</strong></span> <span class='ocrx_word' id='word_1_531' title='bbox 1119 4054 1265 4109; x_wconf 90' lang='lat' dir='ltr'><strong>enim</strong></span> <span class='ocrx_word' id='word_1_532' title='bbox 1285 4064 1401 4108; x_wconf 91' lang='lat' dir='ltr'><strong>tum</strong></span> <span class='ocrx_word' id='word_1_533' title='bbox 1419 4052 1816 4124; x_wconf 77' lang='lat' dir='ltr'><strong>proﬁtebantur</strong></span> <span class='ocrx_word' id='word_1_534' title='bbox 1837 4052 2156 4116; x_wconf 86' lang='lat' dir='ltr'><strong>amicitiam,</strong></span> 
     </span>
    </p>
   </div>
   <div class='ocr_carea' id='block_1_77' title="bbox 580 4147 2149 4218">
    <p class='ocr_par' dir='ltr' id='par_1_77' title="bbox 580 4147 2149 4218">
     <span class='ocr_line' id='line_1_77' title="bbox 580 4147 2149 4218; baseline -0.004 -14"><span class='ocrx_word' id='word_1_535' title='bbox 580 4151 716 4204; x_wconf 84' lang='lat' dir='ltr'><strong>satis</strong></span> <span class='ocrx_word' id='word_1_536' title='bbox 764 4147 1134 4203; x_wconf 83' lang='lat' dir='ltr'><strong>numerabiles</strong></span> <span class='ocrx_word' id='word_1_537' title='bbox 1195 4161 1514 4218; x_wconf 82' lang='lat' dir='ltr'><strong>generosam</strong></span> <span class='ocrx_word' id='word_1_538' title='bbox 1569 4160 1699 4200; x_wconf 91' lang='lat' dir='ltr'><strong>sane</strong></span> <span class='ocrx_word' id='word_1_539' title='bbox 1766 4151 2004 4199; x_wconf 89' lang='lat' dir='ltr'><strong>mentem</strong></span> <span class='ocrx_word' id='word_1_540' title='bbox 2065 4152 2149 4197; x_wconf 89' lang='lat' dir='ltr'><strong>te-</strong></span> 
     </span>
    </p>
   </div>
   <div class='ocr_carea' id='block_1_78' title="bbox 2255 3963 3832 4042">
    <p class='ocr_par' dir='ltr' id='par_1_78' title="bbox 2255 3963 3832 4042">
     <span class='ocr_line' id='line_1_78' title="bbox 2255 3963 3832 4042; baseline 0.005 -25"><span class='ocrx_word' id='word_1_541' title='bbox 2255 3963 2396 4017; x_wconf 84' lang='grc' dir='ltr'>ῶστε</span> <span class='ocrx_word' id='word_1_542' title='bbox 2421 3965 2516 4018; x_wconf 72' lang='grc' dir='ltr'><strong>καὶ</strong></span> <span class='ocrx_word' id='word_1_543' title='bbox 2536 3965 2769 4035; x_wconf 85' lang='grc' dir='ltr'>χάριτας</span> <span class='ocrx_word' id='word_1_544' title='bbox 2786 3968 2850 4037; x_wconf 85' lang='grc' dir='ltr'>τῇ</span> <span class='ocrx_word' id='word_1_545' title='bbox 2879 3968 3056 4020; x_wconf 72' lang='grc' dir='ltr'>πάντα</span> <span class='ocrx_word' id='word_1_546' title='bbox 3088 3968 3268 4038; x_wconf 75' lang='grc' dir='ltr'>σοφῶς</span> <span class='ocrx_word' id='word_1_547' title='bbox 3288 3987 3355 4021; x_wconf 87' lang='grc' dir='ltr'><strong>πε</strong></span> <span class='ocrx_word' id='word_1_548' title='bbox 3366 3971 3635 4042; x_wconf 78' lang='grc' dir='ltr'>ριαγούσῃ</span> <span class='ocrx_word' id='word_1_549' title='bbox 3671 3989 3832 4040; x_wconf 80' lang='grc' dir='ltr'>προσ-</span> 
     </span>
    </p>
   </div>
   <div class='ocr_carea' id='block_1_79' title="bbox 2253 4055 3831 4134">
    <p class='ocr_par' dir='ltr' id='par_1_79' title="bbox 2253 4055 3831 4134">
     <span class='ocr_line' id='line_1_79' title="bbox 2253 4055 3831 4134; baseline 0.005 -26"><span class='ocrx_word' id='word_1_550' title='bbox 2253 4055 2504 4126; x_wconf 90' lang='grc' dir='ltr'>ομολογῶ</span> <span class='ocrx_word' id='word_1_551' title='bbox 2540 4060 2791 4128; x_wconf 79' lang='grc' dir='ltr'>προνοίᾳ,</span> <span class='ocrx_word' id='word_1_552' title='bbox 2838 4059 2933 4112; x_wconf 88' lang='grc' dir='ltr'><strong>καί</strong></span> <span class='ocrx_word' id='word_1_553' title='bbox 2972 4060 3032 4113; x_wconf 86' lang='grc' dir='ltr'><strong>σέ</strong></span> <span class='ocrx_word' id='word_1_554' title='bbox 3085 4077 3226 4130; x_wconf 82' lang='grc' dir='ltr'>φημι</span> <span class='ocrx_word' id='word_1_555' title='bbox 3266 4061 3398 4116; x_wconf 85' lang='grc' dir='ltr'>δεῖν.</span> <span class='ocrx_word' id='word_1_556' title='bbox 3435 4062 3560 4115; x_wconf 85' lang='grc' dir='ltr'><strong>Τῶν</strong></span> <span class='ocrx_word' id='word_1_557' title='bbox 3584 4065 3698 4134; x_wconf 78' lang='grc' dir='ltr'>γὰρ</span> <span class='ocrx_word' id='word_1_558' title='bbox 3718 4065 3831 4118; x_wconf 77' lang='grc' dir='ltr'>τότε</span> 
     </span>
    </p>
   </div>
   <div class='ocr_carea' id='block_1_80' title="bbox 2259 4150 3831 4226">
    <p class='ocr_par' dir='ltr' id='par_1_80' title="bbox 2259 4150 3831 4226">
     <span class='ocr_line' id='line_1_80' title="bbox 2259 4150 3831 4226; baseline 0.003 -23"><span class='ocrx_word' id='word_1_559' title='bbox 2259 4150 2432 4218; x_wconf 84' lang='grc' dir='ltr'>φίλων</span> <span class='ocrx_word' id='word_1_560' title='bbox 2474 4150 2832 4221; x_wconf 78' lang='grc' dir='ltr'>εὐαρίθμητοι</span> <span class='ocrx_word' id='word_1_561' title='bbox 2902 4152 3000 4222; x_wconf 81' lang='grc' dir='ltr'>μὲν</span> <span class='ocrx_word' id='word_1_562' title='bbox 3042 4151 3369 4206; x_wconf 84' lang='grc' dir='ltr'>διεσώσαντο</span> <span class='ocrx_word' id='word_1_563' title='bbox 3399 4153 3463 4207; x_wconf 79' lang='grc' dir='ltr'><strong>τὸ</strong></span> <span class='ocrx_word' id='word_1_564' title='bbox 3506 4156 3610 4225; x_wconf 70' lang='grc' dir='ltr'>τῆς</span> <span class='ocrx_word' id='word_1_565' title='bbox 3661 4156 3831 4226; x_wconf 65' lang='grc' dir='ltr'>ψυχῆς</span> 
     </span>
    </p>
   </div>
   <div class='ocr_carea' id='block_1_81' title="bbox 576 4236 2154 4318">
    <p class='ocr_par' dir='ltr' id='par_1_81' title="bbox 576 4236 2150 4305">
     <span class='ocr_line' id='line_1_81' title="bbox 576 4236 2150 4305; baseline -0.005 -7"><span class='ocrx_word' id='word_1_566' title='bbox 576 4259 746 4299; x_wconf 89' lang='lat' dir='ltr'><strong>nuere</strong></span> <span class='ocrx_word' id='word_1_567' title='bbox 783 4261 796 4298; x_wconf 90' lang='lat'><strong>:</strong></span> <span class='ocrx_word' id='word_1_568' title='bbox 839 4248 1062 4296; x_wconf 81' lang='lat' dir='ltr'><strong>caeteros</strong></span> <span class='ocrx_word' id='word_1_569' title='bbox 1091 4239 1176 4294; x_wconf 89' lang='lat' dir='ltr'><strong>vel</strong></span> <span class='ocrx_word' id='word_1_570' title='bbox 1214 4239 1581 4293; x_wconf 83' lang='lat' dir='ltr'><strong>adulationem</strong></span> <span class='ocrx_word' id='word_1_571' title='bbox 1626 4236 1908 4292; x_wconf 89' lang='lat' dir='ltr'><strong>simulasse</strong></span> <span class='ocrx_word' id='word_1_572' title='bbox 1940 4245 2150 4305; x_wconf 88' lang='lat' dir='ltr'><strong>tempus</strong></span> 
     </span>
    </p>
   </div>
   <div class='ocr_carea' id='block_1_82' title="bbox 2257 4236 3831 4318">
    <p class='ocr_par' dir='ltr' id='par_1_82' title="bbox 2257 4239 3831 4318">
     <span class='ocr_line' id='line_1_82' title="bbox 2257 4239 3831 4318; baseline 0.004 -24"><span class='ocrx_word' id='word_1_573' title='bbox 2257 4244 2474 4311; x_wconf 82' lang='grc' dir='ltr'>εὐγενές</span> <span class='ocrx_word' id='word_1_574' title='bbox 2502 4259 2514 4271; x_wconf 81' lang='lat'><strong><em>°</em></strong></span> <span class='ocrx_word' id='word_1_575' title='bbox 2548 4239 2653 4297; x_wconf 88' lang='grc' dir='ltr'><strong>τῶν</strong></span> <span class='ocrx_word' id='word_1_576' title='bbox 2686 4243 2743 4295; x_wconf 88' lang='grc' dir='ltr'>δὲ</span> <span class='ocrx_word' id='word_1_577' title='bbox 2789 4243 3013 4312; x_wconf 88' lang='grc' dir='ltr'>λοιπῶν,</span> <span class='ocrx_word' id='word_1_578' title='bbox 3053 4246 3180 4308; x_wconf 77' lang='grc' dir='ltr'>τοὺς</span> <span class='ocrx_word' id='word_1_579' title='bbox 3217 4244 3318 4316; x_wconf 82' lang='grc' dir='ltr'>μὲν</span> <span class='ocrx_word' id='word_1_580' title='bbox 3344 4248 3372 4299; x_wconf 91' lang='grc' dir='ltr'><strong>ὀ</strong></span> <span class='ocrx_word' id='word_1_581' title='bbox 3404 4248 3831 4318; x_wconf 75' lang='grc' dir='ltr'>ὲπικρεμασθεὶς</span> 
     </span>
    </p>
   </div>
   <div class='ocr_carea' id='block_1_83' title="bbox 577 4329 2147 4402">
    <p class='ocr_par' dir='ltr' id='par_1_83' title="bbox 577 4329 2147 4402">
     <span class='ocr_line' id='line_1_83' title="bbox 577 4329 2147 4402; baseline -0.006 -13"><span class='ocrx_word' id='word_1_582' title='bbox 577 4333 815 4389; x_wconf 84' lang='lat' dir='ltr'><strong>convicit</strong></span> <span class='ocrx_word' id='word_1_583' title='bbox 866 4351 881 4389; x_wconf 90' lang='lat'><strong>:</strong></span> <span class='ocrx_word' id='word_1_584' title='bbox 936 4331 1221 4402; x_wconf 84' lang='lat' dir='ltr'><strong>quosdam,</strong></span> <span class='ocrx_word' id='word_1_585' title='bbox 1281 4331 1426 4401; x_wconf 92' lang='lat' dir='ltr'><strong>quod</strong></span> <span class='ocrx_word' id='word_1_586' title='bbox 1490 4329 1618 4384; x_wconf 91' lang='lat' dir='ltr'><strong>dum</strong></span> <span class='ocrx_word' id='word_1_587' title='bbox 1676 4329 1971 4398; x_wconf 81' lang='lat' dir='ltr'><strong>experirer,</strong></span> <span class='ocrx_word' id='word_1_588' title='bbox 2036 4342 2147 4380; x_wconf 90' lang='lat' dir='ltr'><strong>non</strong></span> 
     </span>
    </p>
   </div>
   <div class='ocr_carea' id='block_1_84' title="bbox 579 4417 2150 4488">
    <p class='ocr_par' dir='ltr' id='par_1_84' title="bbox 579 4417 2150 4488">
     <span class='ocr_line' id='line_1_84' title="bbox 579 4417 2150 4488; baseline -0.004 -9"><span class='ocrx_word' id='word_1_589' title='bbox 579 4425 912 4488; x_wconf 87' lang='lat' dir='ltr'><strong>metuebam,</strong></span> <span class='ocrx_word' id='word_1_590' title='bbox 966 4420 1194 4476; x_wconf 87' lang='lat' dir='ltr'><strong>audacia</strong></span> <span class='ocrx_word' id='word_1_591' title='bbox 1242 4420 1542 4475; x_wconf 84' lang='lat' dir='ltr'><strong>exarmavit</strong></span> <span class='ocrx_word' id='word_1_592' title='bbox 1585 4419 1640 4472; x_wconf 92' lang='lat' dir='ltr'><strong>in</strong></span> <span class='ocrx_word' id='word_1_593' title='bbox 1681 4417 2044 4482; x_wconf 88' lang='lat' dir='ltr'><strong>contrarium;</strong></span> <span class='ocrx_word' id='word_1_594' title='bbox 2095 4427 2150 4472; x_wconf 90' lang='lat' dir='ltr'><strong>et</strong></span> 
     </span>
    </p>
   </div>
   <div class='ocr_carea' id='block_1_85' title="bbox 577 4507 2149 4581">
    <p class='ocr_par' dir='ltr' id='par_1_85' title="bbox 577 4507 2149 4581">
     <span class='ocr_line' id='line_1_85' title="bbox 577 4507 2149 4581; baseline -0.006 -11"><span class='ocrx_word' id='word_1_595' title='bbox 577 4527 759 4570; x_wconf 89' lang='lat' dir='ltr'><strong>tamen</strong></span> <span class='ocrx_word' id='word_1_596' title='bbox 804 4514 1008 4568; x_wconf 82' lang='lat' dir='ltr'><strong>factum</strong></span> <span class='ocrx_word' id='word_1_597' title='bbox 1058 4519 1163 4580; x_wconf 87' lang='lat' dir='ltr'><strong>est,</strong></span> <span class='ocrx_word' id='word_1_598' title='bbox 1192 4520 1253 4566; x_wconf 88' lang='lat' dir='ltr'><strong>ut</strong></span> <span class='ocrx_word' id='word_1_599' title='bbox 1289 4511 1381 4581; x_wconf 92' lang='lat' dir='ltr'><strong>qui</strong></span> <span class='ocrx_word' id='word_1_600' title='bbox 1421 4526 1544 4566; x_wconf 92' lang='lat' dir='ltr'><strong>cum</strong></span> <span class='ocrx_word' id='word_1_601' title='bbox 1595 4509 1703 4564; x_wconf 88' lang='lat' dir='ltr'><strong>illis</strong></span> <span class='ocrx_word' id='word_1_602' title='bbox 1745 4516 1932 4570; x_wconf 90' lang='lat' dir='ltr'><strong>staret,</strong></span> <span class='ocrx_word' id='word_1_603' title='bbox 1967 4508 2038 4562; x_wconf 93' lang='lat' dir='ltr'><strong>ab</strong></span> <span class='ocrx_word' id='word_1_604' title='bbox 2084 4507 2149 4561; x_wconf 91' lang='lat' dir='ltr'><strong>il-</strong></span> 
     </span>
    </p>
   </div>
   <div class='ocr_carea' id='block_1_86' title="bbox 573 4607 2148 4677">
    <p class='ocr_par' dir='ltr' id='par_1_86' title="bbox 573 4607 2148 4677">
     <span class='ocr_line' id='line_1_86' title="bbox 573 4607 2148 4677; baseline -0.008 -12"><span class='ocrx_word' id='word_1_605' title='bbox 573 4612 749 4665; x_wconf 92' lang='lat' dir='ltr'><strong>lorum</strong></span> <span class='ocrx_word' id='word_1_606' title='bbox 804 4607 1117 4677; x_wconf 89' lang='lat' dir='ltr'><strong>suspicione</strong></span> <span class='ocrx_word' id='word_1_607' title='bbox 1172 4621 1284 4660; x_wconf 90' lang='lat' dir='ltr'><strong>non</strong></span> <span class='ocrx_word' id='word_1_608' title='bbox 1335 4614 1480 4660; x_wconf 86' lang='lat' dir='ltr'><strong>esset</strong></span> <span class='ocrx_word' id='word_1_609' title='bbox 1533 4620 1732 4676; x_wconf 89' lang='lat' dir='ltr'><strong>purus;</strong></span> <span class='ocrx_word' id='word_1_610' title='bbox 1802 4617 1991 4657; x_wconf 88' lang='lat' dir='ltr'><strong>verum</strong></span> <span class='ocrx_word' id='word_1_611' title='bbox 2051 4615 2148 4670; x_wconf 90' lang='lat' dir='ltr'><strong>per</strong></span> 
     </span>
    </p>
   </div>
   <div class='ocr_carea' id='block_1_87' title="bbox 573 4692 2148 4768">
    <p class='ocr_par' dir='ltr' id='par_1_87' title="bbox 573 4692 2148 4768">
     <span class='ocr_line' id='line_1_87' title="bbox 573 4692 2148 4768; baseline -0.008 -11"><span class='ocrx_word' id='word_1_612' title='bbox 573 4701 883 4757; x_wconf 88' lang='lat' dir='ltr'><strong>istiusmodi</strong></span> <span class='ocrx_word' id='word_1_613' title='bbox 935 4708 1178 4768; x_wconf 86' lang='lat' dir='ltr'><strong>tempora</strong></span> <span class='ocrx_word' id='word_1_614' title='bbox 1236 4697 1506 4752; x_wconf 89' lang='lat' dir='ltr'><strong>sinceram</strong></span> <span class='ocrx_word' id='word_1_615' title='bbox 1557 4694 1855 4749; x_wconf 89' lang='lat' dir='ltr'><strong>amicitiam</strong></span> <span class='ocrx_word' id='word_1_616' title='bbox 1920 4692 2148 4748; x_wconf 88' lang='lat' dir='ltr'><strong>viriliter</strong></span> 
     </span>
    </p>
   </div>
   <div class='ocr_carea' id='block_1_88' title="bbox 573 4785 2144 4859">
    <p class='ocr_par' dir='ltr' id='par_1_88' title="bbox 573 4785 2144 4859">
     <span class='ocr_line' id='line_1_88' title="bbox 573 4785 2144 4859; baseline -0.006 -11"><span class='ocrx_word' id='word_1_617' title='bbox 573 4807 962 4853; x_wconf 85' lang='lat' dir='ltr'><strong>conservasse,</strong></span> <span class='ocrx_word' id='word_1_618' title='bbox 1037 4799 1096 4844; x_wconf 89' lang='lat' dir='ltr'><strong>et</strong></span> <span class='ocrx_word' id='word_1_619' title='bbox 1153 4788 1525 4859; x_wconf 87' lang='lat' dir='ltr'><strong>dispositionis</strong></span> <span class='ocrx_word' id='word_1_620' title='bbox 1583 4787 1799 4842; x_wconf 87' lang='lat' dir='ltr'><strong>laudem</strong></span> <span class='ocrx_word' id='word_1_621' title='bbox 1875 4785 2144 4856; x_wconf 80' lang='lat' dir='ltr'><strong>egregiam</strong></span> 
     </span>
    </p>
   </div>
   <div class='ocr_carea' id='block_1_89' title="bbox 573 4863 2148 4948">
    <p class='ocr_par' dir='ltr' id='par_1_89' title="bbox 573 4863 2148 4948">
     <span class='ocr_line' id='line_1_89' title="bbox 573 4863 2148 4948; baseline -0.006 -10"><span class='ocrx_word' id='word_1_622' title='bbox 573 4885 758 4947; x_wconf 91' lang='lat' dir='ltr'><strong>habet,</strong></span> <span class='ocrx_word' id='word_1_623' title='bbox 790 4893 845 4937; x_wconf 90' lang='lat' dir='ltr'><strong>et</strong></span> <span class='ocrx_word' id='word_1_624' title='bbox 875 4881 1182 4936; x_wconf 83' lang='lat' dir='ltr'><strong>luturorum</strong></span> <span class='ocrx_word' id='word_1_625' title='bbox 1223 4879 1344 4934; x_wconf 89' lang='lat' dir='ltr'><strong>sine</strong></span> <span class='ocrx_word' id='word_1_626' title='bbox 1381 4863 1548 4932; x_wconf 88' lang='lat' dir='ltr'><strong>dubio</strong></span> <span class='ocrx_word' id='word_1_627' title='bbox 1596 4878 1813 4948; x_wconf 84' lang='lat' dir='ltr'><strong>pignus,</strong></span> <span class='ocrx_word' id='word_1_628' title='bbox 1841 4885 1896 4930; x_wconf 91' lang='lat' dir='ltr'><strong>et</strong></span> <span class='ocrx_word' id='word_1_629' title='bbox 1921 4884 2148 4945; x_wconf 66' lang='lat' dir='ltr'><strong>praeter-</strong></span> 
     </span>
    </p>
   </div>
   <div class='ocr_carea' id='block_1_90' title="bbox 569 4967 2143 5046">
    <p class='ocr_par' dir='ltr' id='par_1_90' title="bbox 569 4967 2143 5046">
     <span class='ocr_line' id='line_1_90' title="bbox 569 4967 2143 5046; baseline -0.007 -15"><span class='ocrx_word' id='word_1_630' title='bbox 569 4978 766 5032; x_wconf 84' lang='lat' dir='ltr'><strong>itorum</strong></span> <span class='ocrx_word' id='word_1_631' title='bbox 807 4975 1088 5046; x_wconf 81' lang='lat' dir='ltr'><strong>apologia,</strong></span> <span class='ocrx_word' id='word_1_632' title='bbox 1134 4987 1256 5042; x_wconf 63' lang='lat' dir='ltr'><strong>quae</strong></span> <span class='ocrx_word' id='word_1_633' title='bbox 1296 4970 1501 5025; x_wconf 89' lang='lat' dir='ltr'><strong>nullam</strong></span> <span class='ocrx_word' id='word_1_634' title='bbox 1541 4968 1701 5023; x_wconf 81' lang='lat' dir='ltr'><strong>aliain</strong></span> <span class='ocrx_word' id='word_1_635' title='bbox 1750 4967 1991 5037; x_wconf 87' lang='lat' dir='ltr'><strong>requirat</strong></span> <span class='ocrx_word' id='word_1_636' title='bbox 2022 4967 2143 5021; x_wconf 82' lang='lat' dir='ltr'><strong>exi-</strong></span> 
     </span>
    </p>
   </div>
   <div class='ocr_carea' id='block_1_91' title="bbox 567 5058 2144 5140">
    <p class='ocr_par' dir='ltr' id='par_1_91' title="bbox 567 5058 2144 5140">
     <span class='ocr_line' id='line_1_91' title="bbox 567 5058 2144 5140; baseline -0.007 -17"><span class='ocrx_word' id='word_1_637' title='bbox 567 5069 826 5140; x_wconf 78' lang='lat' dir='ltr'><strong>gentiam,</strong></span> <span class='ocrx_word' id='word_1_638' title='bbox 851 5067 945 5122; x_wconf 89' lang='lat' dir='ltr'><strong>sed</strong></span> <span class='ocrx_word' id='word_1_639' title='bbox 972 5081 1097 5121; x_wconf 91' lang='lat' dir='ltr'><strong>eum</strong></span> <span class='ocrx_word' id='word_1_640' title='bbox 1151 5064 1301 5118; x_wconf 90' lang='lat' dir='ltr'><strong>omni</strong></span> <span class='ocrx_word' id='word_1_641' title='bbox 1334 5064 1516 5126; x_wconf 89' lang='lat' dir='ltr'><strong>venia,</strong></span> <span class='ocrx_word' id='word_1_642' title='bbox 1562 5061 1630 5116; x_wconf 91' lang='lat' dir='ltr'><strong>de</strong></span> <span class='ocrx_word' id='word_1_643' title='bbox 1673 5060 1869 5114; x_wconf 89' lang='lat' dir='ltr'><strong>inertia</strong></span> <span class='ocrx_word' id='word_1_644' title='bbox 1911 5059 1966 5112; x_wconf 92' lang='lat' dir='ltr'><strong>in</strong></span> <span class='ocrx_word' id='word_1_645' title='bbox 1999 5058 2144 5128; x_wconf 87' lang='lat' dir='ltr'><strong>judi-</strong></span> 
     </span>
    </p>
   </div>
   <div class='ocr_carea' id='block_1_92' title="bbox 567 5151 2144 5226">
    <p class='ocr_par' dir='ltr' id='par_1_92' title="bbox 567 5151 2144 5226">
     <span class='ocr_line' id='line_1_92' title="bbox 567 5151 2144 5226; baseline -0.007 -10"><span class='ocrx_word' id='word_1_646' title='bbox 567 5162 712 5216; x_wconf 90' lang='lat' dir='ltr'><strong>cium</strong></span> <span class='ocrx_word' id='word_1_647' title='bbox 767 5160 810 5214; x_wconf 90' lang='lat' dir='ltr'><strong>si</strong></span> <span class='ocrx_word' id='word_1_648' title='bbox 857 5167 1102 5223; x_wconf 87' lang='lat' dir='ltr'><strong>vocetur,</strong></span> <span class='ocrx_word' id='word_1_649' title='bbox 1141 5157 1296 5226; x_wconf 69' lang='lat' dir='ltr'><strong>5apud</strong></span> <span class='ocrx_word' id='word_1_650' title='bbox 1347 5153 1583 5210; x_wconf 90' lang='lat' dir='ltr'><strong>tribunal</strong></span> <span class='ocrx_word' id='word_1_651' title='bbox 1622 5153 1786 5207; x_wconf 90' lang='lat' dir='ltr'><strong>nullis</strong></span> <span class='ocrx_word' id='word_1_652' title='bbox 1827 5151 2144 5206; x_wconf 88' lang='lat' dir='ltr'><strong>muneribus</strong></span> 
     </span>
    </p>
   </div>
   <div class='ocr_carea' id='block_1_93' title="bbox 565 5244 2141 5319">
    <p class='ocr_par' dir='ltr' id='par_1_93' title="bbox 565 5244 2141 5319">
     <span class='ocr_line' id='line_1_93' title="bbox 565 5244 2141 5319; baseline -0.005 -13"><span class='ocrx_word' id='word_1_653' title='bbox 565 5249 1024 5318; x_wconf 88' lang='lat' dir='ltr'><strong>corrumpendum</strong></span> <span class='ocrx_word' id='word_1_654' title='bbox 1049 5257 1199 5302; x_wconf 89' lang='lat' dir='ltr'><strong>recte</strong></span> <span class='ocrx_word' id='word_1_655' title='bbox 1227 5255 1286 5302; x_wconf 91' lang='lat' dir='ltr'><strong>et</strong></span> <span class='ocrx_word' id='word_1_656' title='bbox 1318 5246 1536 5319; x_wconf 84' lang='lat' dir='ltr'><strong>egregie</strong></span> <span class='ocrx_word' id='word_1_657' title='bbox 1578 5244 1780 5301; x_wconf 84' lang='lat' dir='ltr'><strong>factum</strong></span> <span class='ocrx_word' id='word_1_658' title='bbox 1813 5245 1867 5299; x_wconf 90' lang='lat' dir='ltr'><strong>in</strong></span> <span class='ocrx_word' id='word_1_659' title='bbox 1887 5245 2141 5315; x_wconf 72' lang='lat' dir='ltr'><strong>praesenti</strong></span> 
     </span>
    </p>
   </div>
   <div class='ocr_carea' id='block_1_94' title="bbox 566 5340 2143 5413">
    <p class='ocr_par' dir='ltr' id='par_1_94' title="bbox 566 5340 2143 5413">
     <span class='ocr_line' id='line_1_94' title="bbox 566 5340 2143 5413; baseline -0.002 -17"><span class='ocrx_word' id='word_1_660' title='bbox 566 5344 745 5413; x_wconf 88' lang='lat' dir='ltr'><strong>ipsum</strong></span> <span class='ocrx_word' id='word_1_661' title='bbox 787 5356 888 5412; x_wconf 91' lang='lat' dir='ltr'><strong>per</strong></span> <span class='ocrx_word' id='word_1_662' title='bbox 939 5354 1000 5397; x_wconf 87' lang='lat' dir='ltr'><strong>se</strong></span> <span class='ocrx_word' id='word_1_663' title='bbox 1055 5341 1326 5397; x_wconf 88' lang='lat' dir='ltr'><strong>honorem</strong></span> <span class='ocrx_word' id='word_1_664' title='bbox 1381 5351 1438 5397; x_wconf 89' lang='lat' dir='ltr'><strong>et</strong></span> <span class='ocrx_word' id='word_1_665' title='bbox 1481 5340 1891 5398; x_wconf 88' lang='lat' dir='ltr'><strong>venerationem</strong></span> <span class='ocrx_word' id='word_1_666' title='bbox 1951 5353 2143 5395; x_wconf 91' lang='lat' dir='ltr'><strong>conse-</strong></span> 
     </span>
    </p>
   </div>
   <div class='ocr_carea' id='block_1_95' title="bbox 485 5444 782 5504">
    <p class='ocr_par' dir='ltr' id='par_1_95' title="bbox 485 5444 782 5504">
     <span class='ocr_line' id='line_1_95' title="bbox 485 5444 782 5504; baseline -0.007 -16"><span class='ocrx_word' id='word_1_667' title='bbox 485 5459 506 5474; x_wconf 69' lang='grc' dir='ltr'><strong>ε</strong></span> <span class='ocrx_word' id='word_1_668' title='bbox 565 5444 782 5504; x_wconf 84' lang='lat' dir='ltr'><strong>quetur.</strong></span> 
     </span>
    </p>
   </div>
   <div class='ocr_carea' id='block_1_96' title="bbox 2256 4333 3828 4407">
    <p class='ocr_par' dir='ltr' id='par_1_96' title="bbox 2256 4333 3828 4407">
     <span class='ocr_line' id='line_1_96' title="bbox 2256 4333 3828 4407; baseline 0.006 -22"><span class='ocrx_word' id='word_1_669' title='bbox 2256 4333 2420 4402; x_wconf 80' lang='grc' dir='ltr'>φόὄος</span> <span class='ocrx_word' id='word_1_670' title='bbox 2452 4333 2638 4401; x_wconf 79' lang='grc' dir='ltr'>ἀφεῖλε</span> <span class='ocrx_word' id='word_1_671' title='bbox 2682 4333 2778 4405; x_wconf 81' lang='grc' dir='ltr'><strong>τὴν</strong></span> <span class='ocrx_word' id='word_1_672' title='bbox 2826 4336 3056 4407; x_wconf 76' lang='grc' dir='ltr'>ἀρετήν’</span> <span class='ocrx_word' id='word_1_673' title='bbox 3097 4337 3228 4400; x_wconf 80' lang='grc' dir='ltr'>τοὺς</span> <span class='ocrx_word' id='word_1_674' title='bbox 3256 4337 3312 4390; x_wconf 83' lang='grc' dir='ltr'>δὲ</span> <span class='ocrx_word' id='word_1_675' title='bbox 3349 4338 3644 4404; x_wconf 85' lang='grc' dir='ltr'>κολακείας</span> <span class='ocrx_word' id='word_1_676' title='bbox 3679 4343 3828 4405; x_wconf 73' lang='grc' dir='ltr'>ὄντας</span> 
     </span>
    </p>
   </div>
   <div class='ocr_carea' id='block_1_97' title="bbox 2256 4424 3825 4504">
    <p class='ocr_par' dir='ltr' id='par_1_97' title="bbox 2256 4424 3825 4504">
     <span class='ocr_line' id='line_1_97' title="bbox 2256 4424 3825 4504; baseline 0.005 -26"><span class='ocrx_word' id='word_1_677' title='bbox 2256 4426 2554 4497; x_wconf 83' lang='grc' dir='ltr'>πρόσωπον</span> <span class='ocrx_word' id='word_1_678' title='bbox 2586 4425 2814 4497; x_wconf 78' lang='grc' dir='ltr'>ῆλεγξεν</span> <span class='ocrx_word' id='word_1_679' title='bbox 2837 4429 2866 4479; x_wconf 91' lang='lat'><strong>6</strong></span> <span class='ocrx_word' id='word_1_680' title='bbox 2911 4427 3129 4499; x_wconf 85' lang='grc' dir='ltr'>καιρός·</span> <span class='ocrx_word' id='word_1_681' title='bbox 3161 4431 3287 4493; x_wconf 80' lang='grc' dir='ltr'>τοὺς</span> <span class='ocrx_word' id='word_1_682' title='bbox 3310 4430 3386 4491; x_wconf 85' lang='grc' dir='ltr'><strong>δὲ,</strong></span> <span class='ocrx_word' id='word_1_683' title='bbox 3431 4424 3494 4497; x_wconf 83' lang='grc' dir='ltr'>ὧ,</span> <span class='ocrx_word' id='word_1_684' title='bbox 3542 4434 3711 4504; x_wconf 85' lang='grc' dir='ltr'>μέχρι</span> <span class='ocrx_word' id='word_1_685' title='bbox 3739 4435 3825 4488; x_wconf 76' lang='grc' dir='ltr'><strong>τοῦ</strong></span> 
     </span>
    </p>
   </div>
   <div class='ocr_carea' id='block_1_98' title="bbox 2258 4518 3826 4594">
    <p class='ocr_par' dir='ltr' id='par_1_98' title="bbox 2258 4518 3826 4594">
     <span class='ocr_line' id='line_1_98' title="bbox 2258 4518 3826 4594; baseline 0.005 -24"><span class='ocrx_word' id='word_1_686' title='bbox 2258 4518 2512 4586; x_wconf 85' lang='grc' dir='ltr'>γενέσθαι</span> <span class='ocrx_word' id='word_1_687' title='bbox 2566 4519 2690 4590; x_wconf 86' lang='grc' dir='ltr'>μηδ’</span> <span class='ocrx_word' id='word_1_688' title='bbox 2750 4520 3082 4591; x_wconf 78' lang='grc' dir='ltr'>ἐλπιζομένη</span> <span class='ocrx_word' id='word_1_689' title='bbox 3132 4523 3306 4594; x_wconf 87' lang='grc' dir='ltr'>τόλμα</span> <span class='ocrx_word' id='word_1_690' title='bbox 3370 4527 3463 4579; x_wconf 78' lang='grc' dir='ltr'>καὶ</span> <span class='ocrx_word' id='word_1_691' title='bbox 3502 4527 3826 4591; x_wconf 73' lang='grc' dir='ltr'>ἀπεναντίας</span> 
     </span>
    </p>
   </div>
   <div class='ocr_carea' id='block_1_99' title="bbox 2259 4609 3826 4690">
    <p class='ocr_par' dir='ltr' id='par_1_99' title="bbox 2259 4609 3826 4690">
     <span class='ocr_line' id='line_1_99' title="bbox 2259 4609 3826 4690; baseline 0.008 -30"><span class='ocrx_word' id='word_1_692' title='bbox 2259 4609 2583 4681; x_wconf 77' lang='grc' dir='ltr'>ἱσταμένους</span> <span class='ocrx_word' id='word_1_693' title='bbox 2607 4629 2619 4642; x_wconf 92' lang='grc'><strong>·</strong></span> <span class='ocrx_word' id='word_1_694' title='bbox 2649 4613 2746 4664; x_wconf 75' lang='grc' dir='ltr'>καὶ</span> <span class='ocrx_word' id='word_1_695' title='bbox 2779 4613 3116 4678; x_wconf 77' lang='grc' dir='ltr'>συνέϐαινεν,</span> <span class='ocrx_word' id='word_1_696' title='bbox 3163 4617 3211 4666; x_wconf 84' lang='grc' dir='ltr'><strong>εί</strong></span> <span class='ocrx_word' id='word_1_697' title='bbox 3255 4615 3348 4668; x_wconf 77' lang='grc' dir='ltr'><strong>καὶ</strong></span> <span class='ocrx_word' id='word_1_698' title='bbox 3393 4619 3702 4686; x_wconf 72' lang='grc' dir='ltr'>συνέϐαινε,</span> <span class='ocrx_word' id='word_1_699' title='bbox 3735 4621 3826 4690; x_wconf 68' lang='grc' dir='ltr'><strong>τὴν</strong></span> 
     </span>
    </p>
   </div>
   <div class='ocr_carea' id='block_1_100' title="bbox 2256 4700 3824 4773">
    <p class='ocr_par' dir='ltr' id='par_1_100' title="bbox 2256 4700 3824 4773">
     <span class='ocr_line' id='line_1_100' title="bbox 2256 4700 3824 4773; baseline 0.006 -23"><span class='ocrx_word' id='word_1_700' title='bbox 2256 4701 2377 4768; x_wconf 87' lang='grc' dir='ltr'>μετ’</span> <span class='ocrx_word' id='word_1_701' title='bbox 2409 4700 2636 4752; x_wconf 74' lang='grc' dir='ltr'>ἐκείνων</span> <span class='ocrx_word' id='word_1_702' title='bbox 2661 4700 2842 4770; x_wconf 74' lang='grc' dir='ltr'>ἔχοντι</span> <span class='ocrx_word' id='word_1_703' title='bbox 2893 4701 3069 4765; x_wconf 83' lang='grc' dir='ltr'>τάξιν,</span> <span class='ocrx_word' id='word_1_704' title='bbox 3104 4704 3239 4773; x_wconf 78' lang='grc' dir='ltr'>μηδὲ</span> <span class='ocrx_word' id='word_1_705' title='bbox 3269 4704 3367 4773; x_wconf 75' lang='grc' dir='ltr'>τῆς</span> <span class='ocrx_word' id='word_1_706' title='bbox 3396 4705 3626 4758; x_wconf 80' lang='grc' dir='ltr'>ἐκείνων</span> <span class='ocrx_word' id='word_1_707' title='bbox 3657 4709 3824 4761; x_wconf 74' lang='grc' dir='ltr'>καθαο</span> 
     </span>
    </p>
   </div>
   <div class='ocr_carea' id='block_1_101' title="bbox 2255 4787 3825 4867">
    <p class='ocr_par' dir='ltr' id='par_1_101' title="bbox 2255 4787 3825 4867">
     <span class='ocr_line' id='line_1_101' title="bbox 2255 4787 3825 4867; baseline 0.007 -28"><span class='ocrx_word' id='word_1_708' title='bbox 2255 4787 2434 4858; x_wconf 87' lang='grc' dir='ltr'>ρεύειν</span> <span class='ocrx_word' id='word_1_709' title='bbox 2476 4789 2741 4858; x_wconf 68' lang='grc' dir='ltr'>ὑποψίαςο</span> <span class='ocrx_word' id='word_1_710' title='bbox 2790 4789 2852 4842; x_wconf 87' lang='grc' dir='ltr'><strong>τὸ</strong></span> <span class='ocrx_word' id='word_1_711' title='bbox 2883 4789 2941 4842; x_wconf 82' lang='grc' dir='ltr'>δὲ</span> <span class='ocrx_word' id='word_1_712' title='bbox 2972 4792 3030 4843; x_wconf 81' lang='grc' dir='ltr'>ἐν</span> <span class='ocrx_word' id='word_1_713' title='bbox 3083 4791 3261 4862; x_wconf 88' lang='grc' dir='ltr'>καιρῷ</span> <span class='ocrx_word' id='word_1_714' title='bbox 3295 4794 3523 4865; x_wconf 84' lang='grc' dir='ltr'>τοιούτῳ</span> <span class='ocrx_word' id='word_1_715' title='bbox 3582 4799 3825 4867; x_wconf 69' lang='grc' dir='ltr'>καθαρὰν</span> 
     </span>
    </p>
   </div>
   <div class='ocr_carea' id='block_1_102' title="bbox 2252 4877 3825 4952">
    <p class='ocr_par' dir='ltr' id='par_1_102' title="bbox 2252 4877 3825 4952">
     <span class='ocr_line' id='line_1_102' title="bbox 2252 4877 3825 4952; baseline 0.003 -21"><span class='ocrx_word' id='word_1_716' title='bbox 2252 4877 2406 4931; x_wconf 76' lang='grc' dir='ltr'>οὔπω</span> <span class='ocrx_word' id='word_1_717' title='bbox 2433 4880 2527 4933; x_wconf 80' lang='grc' dir='ltr'><strong>καὶ</strong></span> <span class='ocrx_word' id='word_1_718' title='bbox 2555 4879 2804 4948; x_wconf 83' lang='grc' dir='ltr'>ἀνδρείαν</span> <span class='ocrx_word' id='word_1_719' title='bbox 2838 4879 3211 4944; x_wconf 75' lang='grc' dir='ltr'>ἐπιδείξασθαι</span> <span class='ocrx_word' id='word_1_720' title='bbox 3240 4882 3341 4952; x_wconf 84' lang='grc' dir='ltr'>τὴν</span> <span class='ocrx_word' id='word_1_721' title='bbox 3367 4881 3572 4950; x_wconf 71' lang='grc' dir='ltr'>φιλίαν,</span> <span class='ocrx_word' id='word_1_722' title='bbox 3605 4886 3704 4938; x_wconf 74' lang='grc' dir='ltr'><strong>καὶ</strong></span> <span class='ocrx_word' id='word_1_723' title='bbox 3731 4886 3825 4951; x_wconf 76' lang='grc' dir='ltr'>τῆς</span> 
     </span>
    </p>
   </div>
   <div class='ocr_carea' id='block_1_103' title="bbox 2251 4969 3822 5041">
    <p class='ocr_par' dir='ltr' id='par_1_103' title="bbox 2251 4969 3822 5041">
     <span class='ocr_line' id='line_1_103' title="bbox 2251 4969 3822 5041; baseline 0.001 -20"><span class='ocrx_word' id='word_1_724' title='bbox 2251 4969 2535 5040; x_wconf 85' lang='grc' dir='ltr'>παρούσης</span> <span class='ocrx_word' id='word_1_725' title='bbox 2565 4971 2682 5022; x_wconf 75' lang='grc' dir='ltr'>ἐστὶ</span> <span class='ocrx_word' id='word_1_726' title='bbox 2733 4969 3029 5032; x_wconf 86' lang='grc' dir='ltr'>διαθέσεως</span> <span class='ocrx_word' id='word_1_727' title='bbox 3057 4969 3334 5040; x_wconf 79' lang='grc' dir='ltr'>ἐγκώμιον</span> <span class='ocrx_word' id='word_1_728' title='bbox 3385 4971 3561 5041; x_wconf 85' lang='grc' dir='ltr'>μέγα·</span> <span class='ocrx_word' id='word_1_729' title='bbox 3595 4973 3691 5026; x_wconf 75' lang='grc' dir='ltr'><strong>καὶ</strong></span> <span class='ocrx_word' id='word_1_730' title='bbox 3720 4970 3822 5025; x_wconf 87' lang='grc' dir='ltr'><strong>τῶν</strong></span> 
     </span>
    </p>
   </div>
   <div class='ocr_carea' id='block_1_104' title="bbox 2255 5061 3821 5134">
    <p class='ocr_par' dir='ltr' id='par_1_104' title="bbox 2255 5061 3821 5134">
     <span class='ocr_line' id='line_1_104' title="bbox 2255 5061 3821 5134; baseline 0 -18"><span class='ocrx_word' id='word_1_731' title='bbox 2255 5061 2558 5131; x_wconf 86' lang='grc' dir='ltr'>μελλόντων</span> <span class='ocrx_word' id='word_1_732' title='bbox 2599 5062 2700 5115; x_wconf 82' lang='grc' dir='ltr'><strong>οὐκ</strong></span> <span class='ocrx_word' id='word_1_733' title='bbox 2741 5061 2940 5133; x_wconf 82' lang='grc' dir='ltr'>ἔχουσα</span> <span class='ocrx_word' id='word_1_734' title='bbox 2987 5062 3284 5133; x_wconf 80' lang='grc' dir='ltr'>δισταγμὸν</span> <span class='ocrx_word' id='word_1_735' title='bbox 3319 5063 3524 5134; x_wconf 75' lang='grc' dir='ltr'>ἐγγύηο</span> <span class='ocrx_word' id='word_1_736' title='bbox 3577 5068 3674 5118; x_wconf 76' lang='grc' dir='ltr'><strong>καὶ</strong></span> <span class='ocrx_word' id='word_1_737' title='bbox 3723 5067 3821 5118; x_wconf 80' lang='grc' dir='ltr'><strong>τῶν</strong></span> 
     </span>
    </p>
   </div>
   <div class='ocr_carea' id='block_1_105' title="bbox 2250 5153 3819 5226">
    <p class='ocr_par' dir='ltr' id='par_1_105' title="bbox 2250 5153 3819 5226">
     <span class='ocr_line' id='line_1_105' title="bbox 2250 5153 3819 5226; baseline 0.003 -19"><span class='ocrx_word' id='word_1_738' title='bbox 2250 5153 2707 5225; x_wconf 84' lang='grc' dir='ltr'>παρεληλυθότων</span> <span class='ocrx_word' id='word_1_739' title='bbox 2740 5154 3027 5223; x_wconf 89' lang='grc' dir='ltr'>ἀπολογία,</span> <span class='ocrx_word' id='word_1_740' title='bbox 3080 5155 3349 5225; x_wconf 79' lang='grc' dir='ltr'>μηδεμιᾶς</span> <span class='ocrx_word' id='word_1_741' title='bbox 3392 5157 3490 5225; x_wconf 84' lang='grc' dir='ltr'>μὲν</span> <span class='ocrx_word' id='word_1_742' title='bbox 3519 5156 3689 5226; x_wconf 78' lang='grc' dir='ltr'>ἄλλης</span> <span class='ocrx_word' id='word_1_743' title='bbox 3715 5159 3819 5211; x_wconf 80' lang='grc' dir='ltr'>δεο-</span> 
     </span>
    </p>
   </div>
   <div class='ocr_carea' id='block_1_106' title="bbox 2254 5247 3818 5321">
    <p class='ocr_par' dir='ltr' id='par_1_106' title="bbox 2254 5247 3818 5321">
     <span class='ocr_line' id='line_1_106' title="bbox 2254 5247 3818 5321; baseline 0.003 -22"><span class='ocrx_word' id='word_1_744' title='bbox 2254 5248 2389 5319; x_wconf 82' lang='grc' dir='ltr'>μένη</span> <span class='ocrx_word' id='word_1_745' title='bbox 2419 5247 2816 5319; x_wconf 80' lang='grc' dir='ltr'>περιστάσεως,</span> <span class='ocrx_word' id='word_1_746' title='bbox 2848 5247 2984 5300; x_wconf 82' lang='grc' dir='ltr'>ἀλλὰ</span> <span class='ocrx_word' id='word_1_747' title='bbox 3025 5248 3119 5300; x_wconf 74' lang='grc' dir='ltr'><strong>καὶ</strong></span> <span class='ocrx_word' id='word_1_748' title='bbox 3161 5264 3222 5299; x_wconf 91' lang='grc' dir='ltr'><strong>συ</strong></span> <span class='ocrx_word' id='word_1_749' title='bbox 3241 5249 3462 5321; x_wconf 76' lang='grc' dir='ltr'>γγνώμῃ</span> <span class='ocrx_word' id='word_1_750' title='bbox 3500 5252 3650 5321; x_wconf 74' lang='grc' dir='ltr'>πάσῃ</span> <span class='ocrx_word' id='word_1_751' title='bbox 3677 5252 3818 5304; x_wconf 78' lang='grc' dir='ltr'>δικά-</span> 
     </span>
    </p>
   </div>
   <div class='ocr_carea' id='block_1_107' title="bbox 2249 5338 3817 5414">
    <p class='ocr_par' dir='ltr' id='par_1_107' title="bbox 2249 5338 3817 5414">
     <span class='ocr_line' id='line_1_107' title="bbox 2249 5338 3817 5414; baseline 0.001 -20"><span class='ocrx_word' id='word_1_752' title='bbox 2249 5343 2438 5407; x_wconf 83' lang='grc' dir='ltr'>ζουσα,</span> <span class='ocrx_word' id='word_1_753' title='bbox 2467 5340 2567 5411; x_wconf 84' lang='grc' dir='ltr'>τὴν</span> <span class='ocrx_word' id='word_1_754' title='bbox 2627 5339 2826 5410; x_wconf 85' lang='grc' dir='ltr'>ἀργίαν</span> <span class='ocrx_word' id='word_1_755' title='bbox 2848 5380 2861 5404; x_wconf 94' lang='grc'><strong>,</strong></span> <span class='ocrx_word' id='word_1_756' title='bbox 2910 5338 2969 5403; x_wconf 77' lang='grc' dir='ltr'>ἐξ</span> <span class='ocrx_word' id='word_1_757' title='bbox 3004 5340 3418 5410; x_wconf 70' lang='grc' dir='ltr'>ἀδωροφορητου</span> <span class='ocrx_word' id='word_1_758' title='bbox 3450 5342 3543 5395; x_wconf 82' lang='grc' dir='ltr'>τοῦ</span> <span class='ocrx_word' id='word_1_759' title='bbox 3579 5343 3817 5414; x_wconf 62' lang='grc' dir='ltr'>βήματος</span> 
     </span>
    </p>
   </div>
   <div class='ocr_carea' id='block_1_108' title="bbox 2247 5432 3819 5510">
    <p class='ocr_par' dir='ltr' id='par_1_108' title="bbox 2247 5432 3819 5510">
     <span class='ocr_line' id='line_1_108' title="bbox 2247 5432 3819 5510; baseline -0.001 -22"><span class='ocrx_word' id='word_1_760' title='bbox 2247 5435 2343 5489; x_wconf 77' lang='grc' dir='ltr'>τοῦ</span> <span class='ocrx_word' id='word_1_761' title='bbox 2387 5434 2656 5506; x_wconf 84' lang='grc' dir='ltr'>παρόντος</span> <span class='ocrx_word' id='word_1_762' title='bbox 2698 5432 3126 5504; x_wconf 84' lang='grc' dir='ltr'>κατορθώματος</span> <span class='ocrx_word' id='word_1_763' title='bbox 3156 5435 3293 5505; x_wconf 82' lang='grc' dir='ltr'>αὐτῇ</span> <span class='ocrx_word' id='word_1_764' title='bbox 3342 5435 3464 5488; x_wconf 78' lang='grc' dir='ltr'>καθ’</span> <span class='ocrx_word' id='word_1_765' title='bbox 3491 5437 3695 5510; x_wconf 67' lang='grc' dir='ltr'>ἑαυτὴν</span> <span class='ocrx_word' id='word_1_766' title='bbox 3760 5438 3819 5490; x_wconf 81' lang='grc' dir='ltr'><strong>τὸ</strong></span> 
     </span>
    </p>
   </div>
   <div class='ocr_carea' id='block_1_109' title="bbox 2250 5527 3453 5600">
    <p class='ocr_par' dir='ltr' id='par_1_109' title="bbox 2250 5527 3453 5600">
     <span class='ocr_line' id='line_1_109' title="bbox 2250 5527 3453 5600; baseline 0 -18"><span class='ocrx_word' id='word_1_767' title='bbox 2250 5528 2537 5599; x_wconf 84' lang='grc' dir='ltr'>αἱδέσιμόν</span> <span class='ocrx_word' id='word_1_768' title='bbox 2567 5545 2625 5581; x_wconf 86' lang='grc' dir='ltr'><strong>τε</strong></span> <span class='ocrx_word' id='word_1_769' title='bbox 2660 5529 2753 5583; x_wconf 83' lang='grc' dir='ltr'><strong>καὶ</strong></span> <span class='ocrx_word' id='word_1_770' title='bbox 2775 5527 3086 5594; x_wconf 82' lang='grc' dir='ltr'>ἀξιόπιστον</span> <span class='ocrx_word' id='word_1_771' title='bbox 3109 5529 3453 5600; x_wconf 76' lang='grc' dir='ltr'>χρηματίζει.</span> 
     </span>
    </p>
   </div>
   <div class='ocr_carea' id='block_1_110' title="bbox 1873 5644 2542 5704">
    <p class='ocr_par' dir='ltr' id='par_1_110' title="bbox 1873 5644 2542 5704">
     <span class='ocr_line' id='line_1_110' title="bbox 1873 5644 2542 5704; baseline 0.003 -2"><span class='ocrx_word' id='word_1_772' title='bbox 1873 5645 2103 5703; x_wconf 75' lang='lat' dir='ltr'><strong>VARle</strong></span> <span class='ocrx_word' id='word_1_773' title='bbox 2137 5644 2542 5704; x_wconf 79' lang='lat' dir='ltr'><strong>LECTIONES.</strong></span> 
     </span>
    </p>
   </div>
   <div class='ocr_carea' id='block_1_111' title="bbox 673 5743 1229 5817">
    <p class='ocr_par' dir='ltr' id='par_1_111' title="bbox 673 5743 1229 5817">
     <span class='ocr_line' id='line_1_111' title="bbox 673 5743 1229 5817; baseline -0.004 -19"><span class='ocrx_word' id='word_1_774' title='bbox 673 5748 686 5786; x_wconf 81' lang='grc' dir='ltr'><strong>ί</strong></span> <span class='ocrx_word' id='word_1_775' title='bbox 727 5743 936 5816; x_wconf 77' lang='grc' dir='ltr'>κινήσις</span> <span class='ocrx_word' id='word_1_776' title='bbox 1038 5743 1051 5792; x_wconf 84' lang='lat' dir='ltr'><strong>i</strong></span> <span class='ocrx_word' id='word_1_777' title='bbox 1100 5743 1229 5817; x_wconf 60' lang='grc' dir='ltr'>μέν.</span> 
     </span>
    </p>
   </div>
  </div>
