4044 6396
223 251 329 313 869
1369 239 1905 301 EPISTOLARUM
1939 240 2167 301 LIBER
2209 241 2292 299 II.
3358 241 3462 303 870
3518 295 3537 307 .

781 352 1005 406 ΕΠΙΣΤ.
1049 351 1175 404 ΝΒ’.
1826 358 1871 410 Α

1826 358 1871 410 Α
2488 344 2711 400 EPIST.
2756 344 2865 400 ιιι.

865 445 946 509 Τῷ
975 441 1151 507 αὐτῷ.

2574 439 2774 493 Eidem.

1440 545 1705 593 Montacut.
1741 543 1841 605 (ep.
1869 542 1978 602 9.50,
2002 558 2049 605 p.
2076 542 2208 604 Siti).

292 651 365 703 Τὸ
408 650 507 721 μὲν
532 648 703 718 οῶρον
756 644 983 713 γνησίας
1028 645 1246 714 ἀγάπης
1273 657 1286 671 '
1324 639 1385 695 τὺ
1424 641 1480 693 δὲ
1510 643 1567 692 ἐν
1613 639 1792 710 καιρῷ

1971 640 2165 695 Munus
2211 640 2280 693 ab
2326 653 2511 693 amore
2544 648 2627 693 est
2667 656 2931 710 genuino;
2977 650 3033 695 at
3084 641 3189 697 hoc
3224 651 3466 712 tempore

220 741 448 809 τοιούτῳ
475 739 743 811 διαπύρου
772 738 939 790 πόθου
958 752 971 763 ⁸
1005 735 1067 788 τὸ
1098 735 1156 788 δὲ
1180 733 1277 788 καὶ
1304 731 1639 803 τηλικούτων
1670 733 1795 784 ἐπι-

1898 733 2121 787 missum
2157 732 2367 786 ardenti
2395 732 2665 786 desiderio
2695 751 2709 785 :
2742 733 2837 787 sed
2884 734 3048 788 tantis
3080 733 3332 804 periculis
3364 735 3465 789 im-

221 830 589 904 κρεμαμένων
639 828 902 882 κινδύνων
943 822 1283 897 μαρτυρικοῦ
1328 823 1490 893 ζήλου
1518 837 1534 854 ο
1576 820 1691 874 ἀνθ’
1719 815 1794 872 ὧν

1898 824 2264 893 pendentibus
2313 824 2555 894 martyrii
2604 824 2738 877 zelo.
2803 825 2908 877 Pro
2938 840 3046 894 quo
3096 824 3237 880 Deus
3280 837 3467 881 noster

219 923 459 995 Χριστὸς
488 924 516 975 ό
548 920 683 983 Θεὸς
715 919 894 989 ἡμῶν,
929 918 1024 971 καὶ
1057 915 1216 987 ἡμῶν
1253 914 1550 984 σιγώντων,
1589 915 1669 978 εἰς
1702 913 1793 965 τὸν

1904 915 2175 979 Christus,
2208 915 2367 991 nobis
2396 916 2722 982 tacentibus,
2773 916 2827 969 in
2875 916 3025 987 regni
3072 916 3153 971 sui
3182 927 3383 972 sortem
3414 928 3467 973 te

222 1017 390 1072 αὑτοῦ
424 1034 483 1069 σε
514 1015 612 1086 τῆς
644 1013 918 1083 βασιλείας
952 1010 1393 1081 ἐναπογράφεται
1443 1008 1663 1078 κλῆρον.
1692 1004 1792 1073 Εῖη

1899 1007 2235 1062 transmittat
2267 1026 2281 1063 :
2324 1016 2414 1062 tua
2453 1018 2635 1063 autem
2665 1010 2950 1078 praesentia
2994 1012 3172 1066 futura
3204 1021 3287 1067 est
3330 1012 3464 1067 mihi

220 1108 265 1160 δ’
288 1109 423 1178 ἡμῖν
446 1106 540 1160 καὶ
569 1108 602 1175 ὴ
635 1104 703 1176 σὴ
732 1103 1004 1176 παρουσία
1039 1103 1177 1173 μετὰ
1207 1101 1464 1171 λαμπρᾶς
1505 1098 1598 1151 καὶ
1625 1095 1793 1167 μεγᾶ⁴

1896 1113 2019 1151 cum
2070 1098 2267 1153 illustri
2318 1107 2371 1153 et
2420 1099 2646 1153 notabili
2693 1100 2887 1165 salute,
2935 1112 2989 1157 et
3035 1118 3131 1173 spe
3171 1118 3345 1167 sacra,
3379 1103 3462 1158 cui

222 1200 322 1269 λης
350 1200 450 1269 τῆς
480 1198 779 1268 σωτηρίας,
803 1198 898 1249 καὶ
938 1195 1048 1248 τῶν
1084 1193 1242 1264 ἱερῶν
1269 1191 1521 1256 ἐλπίδων,
1552 1183 1693 1258 αἷςή
1726 1185 1794 1274 σὴ

1893 1187 2071 1241 anima
2126 1197 2218 1242 tua
2260 1197 2445 1243 sancta
2490 1189 2742 1261 atligitur,
2790 1206 2899 1245 non
2944 1208 3041 1262 per
3098 1194 3465 1264 procrastina-

224 1289 486 1359 πανιερὸς
516 1288 663 1357 ψυχὴ
696 1287 1050 1358 προσανέχει·
1106 1283 1271 1355 μηδὲν
1301 1281 1381 1345 εἰς
1413 1278 1683 1340 ἀναόολὰς
1718 1274 1802 1327 ἔτι

1718 1274 1802 1327 ἔτι
1898 1280 2098 1336 tionem
2126 1281 2349 1352 rejecta,
2377 1282 2473 1338 sed
2504 1283 2680 1355 reipsa
2724 1285 3017 1355 conspicuo
3056 1284 3286 1339 ﬁrmata.

221 1382 505 1451 ὡρημένον
544 1380 569 1417 κ
601 1379 717 1433 ἀλλ’
769 1381 852 1432 ἐπ’
891 1378 1070 1442 αὐτοῖς
1101 1375 1284 1447 ἔργοις
1310 1374 1369 1427 τὸ
1406 1371 1625 1444 βέὅαιον
1654 1369 1796 1440 λαμ·
2204 1374 2207 1377 ·

226 1472 383 1542 πρῶς
405 1471 808 1542 καθορώμενον.

1808 1658 1877 1672 —

1109 1791 1342 1842 SERIES
1380 1792 1649 1842 TERTIA.
1674 1815 1734 1827 —
1764 1791 1851 1841 AD
1883 1786 2218 1838 Μινωίδος
2256 1782 2587 1834 CLEBICOS.

811 1934 1034 1988 ΕΠΙΣΤ.
1077 1936 1201 1988 NI".

2530 1924 2746 1980 EPIST.
2781 1919 2912 1975 Liii.

506 2026 774 2097 Γεωργίῳ
796 2026 1050 2092 διακόνῳ
1074 2028 1171 2081 καὶ
1194 2027 1513 2096 ξενοδόχῳ.
1825 2017 1872 2076 Β

1825 2017 1872 2076 Β
2214 2022 2431 2090 Georgio
2459 2019 2681 2071 diacono
2714 2024 2760 2068 et
2795 2011 3156 2081 hospitalario.

1447 2158 1709 2208 Monlacut.
1747 2160 1848 2221 (ep.
1885 2159 1963 2217 45,
2000 2171 2047 2218 p.
2087 2153 2214 2217 100).

312 2283 369 2335 '0
400 2280 509 2333 τῶν
534 2279 864 2351 άπορῤήτων
890 2278 1133 2347 ἐπόπτης
1158 2278 1251 2331 καὶ
1278 2278 1653 2347 μυσταγωγὸς,
1697 2278 1794 2349 τὴν

1976 2273 2178 2326 Rerum
2276 2275 2608 2323 secretarum
2674 2264 2948 2333 inspector
3028 2269 3083 2315 et
3139 2256 3462 2329 propalator,

227 2376 399 2449 μέθην
421 2374 609 2446 πόρρω
632 2372 766 2425 θεοῦ
799 2370 1076 2441 βασιλείας
1101 2371 1382 2425 ἐθεάσατο.
1413 2372 1475 2423 Ei
1506 2368 1596 2424 οὖν
1629 2371 1792 2442 μέθυ-

1898 2363 2216 2417 ebrietatem
2244 2373 2273 2412 a
2324 2371 2491 2427 regno
2541 2354 2635 2407 Dei
2680 2353 2954 2407 submovit
2996 2353 3176 2422 longe.
3229 2351 3382 2416 Quod
3421 2365 3466 2405 st

227 2488 313 2523 σοι
344 2466 620 2540 βασιλείαν
676 2463 813 2517 Θεοῦ
871 2464 930 2515 ού
982 2462 1468 2533 κληρονομήσουσι,
1499 2463 1551 2516 τί
1601 2480 1682 2516 σοι
1735 2462 1795 2516 τὸ

1896 2454 2032 2510 ebrii
2060 2452 2153 2506 Dei
2182 2464 2401 2520 regnum
2436 2462 2542 2501 non
2589 2443 3003 2507 baereditabunt,
3033 2442 3161 2511 quid
3210 2441 3307 2495 tibi
3340 2456 3468 2510 pro-

222 2534 437 2629 ὄφελος,
461 2559 544 2611 ὅτι
571 2556 678 2608 τῶν
709 2555 881 2609 ἄλλων
912 2554 1192 2624 ἁμαρτιῶν
1221 2553 1403 2617 δοῦλος
1424 2594 1439 2619 ,
1474 2555 1546 2617 ώς
1591 2555 1791 2624 λέγεις,

1898 2546 2039 2609 dest,
2081 2541 2125 2595 si
2154 2539 2335 2609 (quod
2377 2534 2575 2605 aﬂ'ers)
2607 2534 2836 2588 aliorum
2887 2542 3233 2602 peccatorum
3276 2546 3466 2585 servus

222 2622 287 2703 ού⁴
308 2651 568 2718 γέγοναςς
605 2644 712 2697 Καί
742 2662 826 2699 τοι
870 2622 979 2698 τῶν
1003 2622 1279 2696 άδυνάτων
1304 2643 1420 2695 ἐστὶ
1447 2643 1648 2712 τυφλοῦ
1666 2622 1793 2696 *κει-

1893 2652 2006 2691 non
2039 2632 2308 2689 exsistas?
2331 2631 2428 2685 Est
2464 2629 2608 2683 enim
2638 2626 2995 2698 impossibile,
3019 2640 3142 2680 cum
3174 2623 3310 2678 ratio
3343 2622 3465 2691 (via:

226 2742 393 2812 μένου
421 2743 486 2810 τῇ
523 2738 659 2809 μέθῃ
682 2736 776 2790 τοῦ
804 2734 1227 2806 καθοδηγοῦντος
1253 2735 1511 2804 λογισμοῦ
1535 2737 1628 2789 καὶ
1654 2735 1793 2806 ἀμύ-

1895 2734 2007 2789 dux
2039 2747 2159 2802 quae
2206 2745 2327 2785 esse
2372 2727 2559 2782 debuit
2586 2735 2641 2779 et
2668 2724 2915 2794 ,injurias
2942 2720 3290 2793 propulsare)
3324 2734 3465 2774 czeca

223 2810 426 2897 νοντος,
464 2829 539 2901 μὴ
569 2829 732 2882 παντὶ
781 2828 1140 2899 προσπταίειν
1198 2827 1329 2897 λίθῳ
1369 2828 1459 2881 τὸν
1484 2829 1789 2899 ἄνθρωπον,

1896 2823 2169 2881 exstiterit
2202 2836 2301 2892 per
2344 2819 2683 2883 ebrietatem,
2714 2832 2824 2870 non
2855 2816 2923 2870 ad
2964 2828 3182 2869 onmem
3233 2810 3463 2883 lapidem

225 2926 318 2978 και
346 2923 420 2995 μὴ
450 2920 645 2985 παντὸς
679 2919 884 2983 πάθους
914 2920 1233 2990 προκεῖσθαι
1262 2920 1609 2990 ἀνδράποδον.

1896 2916 2194 2983 oliendere,
2219 2928 2330 2967 non
2369 2910 2659 2981 cujuslibet
2684 2924 2899 2962 servum
2929 2923 2987 2963 se
3020 2907 3296 2964 exhibere,

820 3033 1043 3085 ΕΠΙΣΤ.
1074 3033 1197 3085 ΝΔ’.

2490 3023 2714 3081 EPIST.
2755 3023 2884 3080 LIV.

857 3121 939 3187 Τῷ
967 3122 1154 3193 αὐτῷ.

2600 3117 2807 3171 Eidem.

1067 3237 1195 3292 Htec
1214 3241 1434 3309 epistola
1472 3258 1607 3295 nunc
1626 3241 1854 3311 qurestio
1886 3237 2021 3294 CCII
2052 3237 2293 3290 editionis
2321 3244 2530 3288 nostrte.

791 3354 1020 3408 eum.
1057 3354 1183 3406 NE'.
1704 3324 1707 3327 ⁴
1811 3363 1856 3418 c

1704 3324 1707 3327 ’
1811 3363 1856 3418 c
2513 3346 2731 3401 EPIST.
2766 3346 2870 3400 LV.

403 3446 687 3511 Θεοφάνει
711 3443 968 3508 διακόνῳ
1005 3444 1104 3497 καὶ
1146 3446 1609 3513 πρωτονοταρίῳ.

2177 3440 2471 3509 Theophani
2501 3441 2719 3492 diacono
2760 3448 2807 3489 et
2834 3437 3207 3505 protonolario.

1445 3550 1709 3601 Montacut.
1751 3552 1852 3615 (ep.
1884 3552 1963 3613 85,
1997 3565 2046 3613 p.
2083 3548 2215 3605 129)-

300 3642 507 3710 ’Δλγεῖς
535 3645 616 3698 ὅτι
649 3644 861 3699 ἁκούων
905 3644 922 3682 1
955 3648 1035 3709 εἰς
1072 3648 1219 3717 ἡμᾶς
1252 3648 1501 3718 ἥμαρτες
1524 3666 1540 3682 ·
1585 3649 1786 3717 μᾶλλον

1966 3647 2119 3701 Dolet
2147 3643 2245 3698 tibi
2274 3642 2419 3712 quod
2449 3640 2653 3694 invitus
2700 3639 2756 3692 in
2802 3652 2889 3692 me
2928 3637 3236 3708 deliquisti;
3280 3639 3460 3709 potius

223 3735 282 3788 δὲ
306 3736 386 3788 ὅτι
404 3736 831 3807 τυραννούμενος
852 3738 946 3790 καὶ
970 3738 1205 3810 πληγαῖς
1222 3740 1304 3803 εἰς
1331 3742 1524 3811 πεῖραν
1562 3740 1787 3811 προκεί-

1893 3741 2037 3811 quod
2087 3738 2363 3809 tyrannice
2409 3733 2745 3803 compulsus,
2804 3740 2857 3785 et
2910 3730 3080 3801 plagis
3128 3730 3347 3787 inﬂictis
3394 3734 3461 3787 ad

227 3843 409 3897 μενος,
437 3827 597 3896 μέχρι
628 3826 878 3898 γλώσσης
910 3829 1070 3898 μόνον
1100 3830 1200 3902 τὴν
1251 3832 1402 3901 ἰσχὺν
1458 3831 1637 3885 αὐτῶν
1688 3832 1788 3901 τῆς

1897 3830 2247 3887 tentationem
2295 3824 2560 3891 subditus,
2605 3824 2782 3894 lingua
2810 3830 2968 3876 tenus
3018 3830 3245 3889 tantum,
3301 3839 3462 3893 quam

225 3918 350 3987 βίας
378 3918 676 3982 ἐπέδειξας,
707 3919 830 3972 ἀνά)
843 3937 979 3973 ωτον
1002 3923 1121 3984 ταῖς
1157 3920 1407 3991 βασάνοις
1444 3925 1787 3994 συντηρήσας

1894 3926 2002 3981 vim
2044 3922 2295 3979 habuerit
2331 3936 2519 3976 eorum
2556 3919 2832 3982 violentia,
2875 3918 3145 3982 docuisti;
3179 3921 3461 3975 tormentis

223 4011 323 4081 τὴν
354 4010 607 4066 διάνοιαν.
634 4013 743 4065 Καὶ
761 4012 818 4065 τί
843 4012 909 4065 ἂν
934 4013 1061 4067 ἄλλο
1089 4017 1295 4087 ταύτης
1323 4017 1531 4085 γένοιτο
1552 4017 1653 4087 τῆς
1678 4035 1785 4071 πα-

1896 4018 2116 4073 interim
2144 4015 2369 4071 animun
2396 4028 2508 4068 non
2542 4011 2987 4067 succumbenlem
3027 4012 3463 4069 custodiens.‘Et

224 4101 490 4172 ραψυχίας
520 4102 883 4173 παραμύθιον,
940 4104 1025 4157 ὅτι
1050 4106 1288 4178 τοσούτῳ
1325 4106 1513 4179 πλήθει
1541 4108 1786 4181 φοϐερῶν

1896 4108 2171 4178 quodnam
2216 4104 2359 4159 aliud
2407 4101 2659 4157 solatium
2720 4099 2905 4153 haberi
2972 4108 3185 4168 poterat
3234 4100 3462 4169 hujusce

224 4193 476 4263 βασάνων
504 4194 601 4265 τὴν
633 4194 726 4247 τοῦ
764 4194 1067 4259 συνειδότος
1120 4198 1300 4268 κρίσιν
1350 4200 1451 4253 ούκ
1497 4200 1788 4267 ἐθόλωσας,

1887 4198 2171 4270 praesentis
2221 4195 2411 4259 animi,
2462 4194 2605 4264 quod
2647 4207 2716 4246 ne
2747 4206 2847 4261 per
2895 4200 3100 4245 tantam
3134 4193 3460 4247 terribilium

220 4286 344 4339 οὐδὲ
367 4287 464 4355 τῆς
493 4286 692 4350 κακίας
718 4286 829 4339 τῶν
852 4286 1186 4358 βιαζομένων
1206 4290 1436 4360 ὄργανον
1459 4292 1669 4361 ἐγένου,
1697 4292 1791 4346 καί

1889 4301 2160 4345 terrorum
2213 4285 2615 4341 multitudinem
2681 4281 3027 4337 conscientia)
3063 4290 3167 4335 tuae
3193 4282 3459 4351 judicium

221 4395 305 4431 τοι
335 4379 639 4432 πολυειδέσι
679 4380 772 4433 καὶ
805 4380 1169 4450 πολυτρόποις
1203 4383 1429 4449 αίκίαις,
1457 4384 1571 4437 ἀλλ’
1611 4386 1670 4438 οὐ
1697 4385 1792 4439 δαο

1886 4376 2199 4440 foedaveris,
2236 4389 2340 4429 nec
2389 4372 2797 4442 improbitatum
2838 4370 2948 4424 vim
2989 4371 3341 4424 inserentium
3375 4372 3461 4423 in-

222 4468 457 4537 κτύλοις,
488 4472 839 4540 κρουόμενος.
873 4470 998 4535 Πῶς
1026 4470 1084 4524 δὲ
1122 4474 1284 4544 ἡμεῖς
1323 4475 1423 4528 οὐκ
1450 4475 1517 4530 ἂν
1547 4475 1793 4544 συγγνώ-

1888 4476 2253 4525 strumentum
2306 4472 2359 4519 te
2424 4462 2746 4534 priestitisti,
2827 4471 3103 4531 utcunque
3170 4464 3460 4517 tormentis

222 4580 333 4633 μης
364 4562 459 4615 καὶ
482 4561 537 4614 εῐ
559 4579 611 4614 τι
642 4562 844 4633 ταύτης
873 4564 1222 4637 ὑψηλότερον,
1256 4566 1377 4638 οὐχὶ
1404 4568 1499 4621 καὶ
1531 4568 1627 4621 σὺν
1656 4585 1787 4638 προ·
1818 4595 1819 4601 η

1892 4562 2185 4617 multarum
2221 4556 2524 4628 specierum
2551 4565 2607 4610 et
2640 4556 2939 4620 variarum,
2979 4572 3088 4611 non
3120 4556 3328 4621 leviter,
3366 4567 3460 4611 aut

219 4650 391 4721 θυμία
440 4668 498 4704 σε
544 4652 690 4719 ἄξιον
736 4653 1109 4725 ψηφιούμεθα,
1145 4658 1225 4711 ὅτι
1272 4660 1473 4729 ῥήματι
1503 4666 1543 4687 ³³
1577 4658 1671 4711 καὶ
1698 4657 1788 4729 βίᾳ

1889 4654 2057 4725 digito
2086 4661 2247 4706 tenus
2278 4659 2451 4704 tortus
2494 4648 2661 4703 fuisti.
2692 4648 2803 4703 Nos
2827 4658 3007 4703 autem
3039 4649 3310 4718 quomodo
3347 4665 3458 4706 non

216 4742 581 4814 παρασύρεις,
632 4745 708 4808 ὡς
751 4746 831 4809 εὶς
856 4746 917 4799 τὸ
947 4751 1055 4801 πᾶν
1088 4750 1181 4802 καὶ
1210 4749 1349 4803 ἑκὼν
1372 4748 1786 4822 ἐξημαρτηκὼς,

1887 4756 1943 4802 te
1976 4743 2135 4799 venia
2165 4743 2408 4813 dignum,
2448 4750 2541 4796 aut
2568 4743 2612 4796 si
2640 4742 2772 4812 quid
2797 4741 2954 4796 venia
2984 4741 3336 4795 excellentius
3366 4743 3458 4801 sit.

214 4838 388 4901 οὕτως
431 4839 623 4892 ἑαυτὸν
673 4841 1073 4909 ἐταπείνωσας;
1113 4844 1343 4898 καὶτῶν
1375 4846 1655 4917 ἡμετέρων
1688 4849 1787 4915 ρη-

1889 4850 1944 4896 et
1977 4838 2196 4910 quidem
2239 4836 2594 4919 libentissime
2623 4837 2999 4899 decernamus,
3030 4844 3090 4887 ut
3127 4843 3367 4889 torrente
3395 4852 3458 4889 ac

217 4933 405 4999 μάτων
425 4929 527 4983 οὐκ
550 4930 710 5000 ἔχεις,
738 4927 912 5002 οἶμαι,
947 4936 1136 5005 χρείαν
1161 4936 1449 5005 μανθάνειν
1470 4936 1530 4989 τὸ
1548 4935 1781 5007 βέϐαιον.

1887 4935 2144 4991 violentia
2182 4934 2237 4988 in
2278 4942 2646 4988 transversum
2680 4940 2853 4995 actus,
2887 4930 2941 4983 in
2987 4928 3305 4984 offensionis
3327 4948 3458 5001 pec-

230 5019 421 5089 Ἦμείς
443 5019 549 5089 γὰρ
581 5019 836 5073 τοσοῦτον
860 5022 1137 5094 ἀπέχομεν
1189 5042 1242 5077 τι
1293 5024 1400 5078 τῶν
1441 5025 1621 5095 ἀηδῶν
1654 5028 1783 5096 περὶ

1887 5038 2069 5085 catum
2099 5026 2376 5091 incideris,
2412 5025 2517 5095 jubi
2556 5034 2608 5079 te
2650 5023 2825 5077 taliter
2870 5021 3203 5088 humiliasti,
3256 5034 3317 5078 ut
3345 5040 3453 5078 non

215 5110 311 5163 σοῦ
340 5110 709 5181 διανοηθῆναι,
738 5112 820 5165 ὅτι
857 5114 954 5166 καὶ
983 5115 1208 5179 πολλοὺς
1235 5116 1426 5180 ἄλλους
1446 5117 1656 5188 ἀφορᾷν
1702 5120 1782 5183 εἰς

1888 5120 1959 5175 sit
1990 5118 2108 5182 tibi,
2143 5116 2356 5186 opinor,
2380 5130 2536 5185 opus,
2566 5130 2596 5167 a
2621 5112 2778 5167 nobis
2802 5114 3165 5167 constantiam
3197 5114 3456 5169 edoceri?

216 5202 278 5255 σὲ
312 5201 753 5273 προτρεπόμεθα.
786 5203 858 5258 Σὺ
886 5204 941 5256 δὲ
974 5205 1203 5277 ἔρρωσο,
1236 5207 1330 5261 καὶ
1360 5200 1561 5279 ἀρετῆς
1586 5210 1783 5279 ἐπιμε-

1886 5210 2045 5265 Certe
2081 5218 2289 5263 tantum
2323 5207 2478 5262 abest
2508 5214 2567 5260 ut
2595 5221 2698 5259 nos
2726 5204 2929 5273 aliquid
2977 5206 3283 5263 acerbitatis
3311 5208 3363 5261 in
3403 5218 3453 5263 te

212 5292 330 5360 λοῦ,
353 5294 420 5346 δι’
451 5290 519 5366 ἦς
549 5295 922 5366 τελειούμεθα,
954 5300 1048 5353 καὶ
1067 5300 1133 5353 δι’
1175 5302 1243 5372 ἢν
1276 5301 1335 5355 σὲ
1357 5300 1466 5355 τῶν
1492 5300 1659 5372 φίλων
1688 5304 1781 5356 καὶ

1888 5313 2212 5368 Statuamus,
2253 5309 2311 5356 ut
2351 5299 2663 5369 plerosque,
2720 5306 2770 5353 te
2808 5296 3030 5363 intueri,
3088 5308 3342 5370 tanquam
3398 5298 3449 5351 in

1472 5499 1702 5555 VARUE
1746 5498 2145 5557 LECTIONES.

321 5669 349 5707 ι
390 5668 475 5724 lo‘.
515 5671 947 5743 ἀπηωρημένων.
1071 5670 1085 5711 ¹
1125 5674 1289 5729 ἄκων.
1404 5688 1439 5714 ω
1466 5673 1685 5745 ρύματι.
