4004 6456
614 384 714 453 871
1776 373 2036 435 ΡΗΟΤΙΙ
2077 368 2579 433 ΡΑΤΒΙΑΒΩΗᾸΞ
2613 368 2718 427 CP.
3741 354 3835 417 8Ἱὲ

610 496 919 567 exemplum
957 494 1280 565 iubeamus;
1336 499 1395 546 tu
1442 496 1621 545 autem
1662 486 1803 552 vale,
1843 495 1899 541 et
1928 485 2180 540 virtutem

2281 481 2392 535 τῶν
2426 481 2652 549 γνησίων
2680 476 3024 532 θεραπόντων
3054 475 3219 531 πάλαι
3241 474 3320 545 τῷ
3349 470 3493 545 χορῷ
3514 467 3836 536 συγκατελέ-

612 605 743 645 cura
770 603 867 658 per
895 602 1054 656 quam
1101 597 1566 644 consummamur,
1606 587 1662 633 et
1686 587 1905 648 propter
1930 593 2090 647 quam
2119 587 2171 631 te
2277 573 2465 645 ξαμεν.

609 684 719 753 jam
749 682 877 736 olim
903 679 1203 732 amicorum
1230 676 1354 730 albo
1380 683 1436 728 et
1463 672 1699 745 genuino
1742 686 1986 727 nieorum
2015 670 2173 725 fami-

532 806 533 811 η
614 774 828 829 liarium
853 771 1022 831 choro
1048 766 1428 837 ascripsimus.

1200 876 1421 933 EPIST.
1450 874 1586 932 LVI.

2870 883 3095 936 ΕΠΙΣΤ.
3126 881 3269 948 NG".

909 973 1129 1045 Georgio
1153 973 1393 1039 diacono,
1428 981 1477 1027 et
1504 969 1868 1042 hospitalario.

2561 978 2611 1029 Γ
2614 975 2829 1045 εωργὶῳ
2853 974 3107 1039 διακόνῳ
3134 972 3233 1026 καὶ
3267 970 3589 1039 ξενοδόχῳ.

1840 1083 2089 1132 Montacut
2133 1084 2233 1148 (ep.
2269 1088 2347 1149 88,
2382 1103 2430 1152 p.
2470 1089 2598 1151 132).

686 1180 1036 1237 Melanthium
1068 1179 1270 1242 ferunt,
1292 1180 1561 1252 tragoediae
1582 1189 1877 1246 auctorem,
1902 1188 2007 1234 tam
2023 1196 2169 1235 vora-

2360 1184 2657 1239 Μελάνθιόν
2682 1200 2836 1254 φασι,
2866 1182 2957 1236 τὸν
2986 1183 3294 1253 τραγῳδίας
3334 1180 3640 1251 ὑποκριτὴν
3661 1222 3675 1241 ,
3715 1181 3838 1238 οὕτω

616 1289 732 1329 cem
790 1272 977 1336 fuisse,
1025 1279 1086 1324 ut
1134 1269 1419 1333 indoleret,
1456 1260 1601 1339 quod
1643 1269 1795 1341 cycni
1840 1269 2034 1323 collum
2072 1282 2182 1322 non

2287 1281 2385 1349 τῆς
2437 1277 2742 1348 ὁψοφαγίας
2796 1277 2943 1345 ἥττω
2986 1276 3261 1342 γενέσθαι,
3286 1274 3424 1328 ὥστε
3477 1275 3574 1326 καὶ
3602 1274 3836 1342 ἀθυμεῖν,

620 1366 862 1428 haberet,
912 1371 971 1417 ut
1014 1377 1174 1433 quam
1220 1361 1478 1415 diuturno
1518 1370 1761 1429 tempore
1809 1358 2051 1413 ciborum
2085 1374 2183 1429 per

2287 1371 2407 1449 ἐπεὶ
2430 1370 2503 1441 μὴ
2533 1369 2730 1422 κύκνου
2760 1366 2851 1420 τὸν
2878 1366 3143 1437 τράχηλον
3172 1361 3316 1435 εἶχεν
3338 1382 3353 1395 ⁸
3379 1365 3466 1417 ἴνα
3496 1365 3576 1426 ὡς
3609 1363 3837 1417 πλεῖστον

618 1466 804 1529 guttur
848 1456 1293 1512 descendentium
1324 1455 1598 1523 voluptate
1629 1452 1899 1507 frueretur
1930 1468 1944 1503 :
1978 1452 2023 1507 si
2059 1461 2180 1506 tuo-

2287 1462 2475 1533 χρόνον
2502 1460 2608 1514 τῶν
2644 1460 2728 1513 διὰ
2758 1458 2850 1512 τοῦ
2881 1456 3075 1525 λαιμοῦ
3104 1458 3353 1528 ῥεόντων,
3382 1455 3479 1508 καὶ
3515 1456 3621 1524 τῆς
3651 1456 3837 1508 ἐκεῖθεν

620 1566 740 1605 rum
794 1550 1070 1619 particeps
1106 1547 1479 1603 conviviorum
1508 1545 1682 1611 ﬂeret,
1726 1545 1919 1615 opinor
1946 1560 2070 1599 eum
2100 1544 2183 1597 in-

2285 1552 2501 1623 ἡδονῆς,
2535 1548 2803 1621 ἀπολαύῃ.
2860 1548 2923 1600 Εἰ
2977 1546 3035 1599 δὲ
3064 1548 3157 1599 σοῦ
3202 1546 3311 1598 τῶν
3340 1546 3575 1599 δείπνων
3617 1546 3837 1612 ἐγεγόνει

620 1597 873 1698 dolentia:
914 1597 1035 1697 sua;
1054 1650 1109 1696 et
1159 1639 1433 1695 mmstitiae
1454 1637 1755 1693 remedium
1804 1636 1946 1690 illius
1970 1636 2184 1691 habitu-

2284 1597 2557 1705 κοινωνός,
2584 1637 2735 1711 οἶμαι
2755 1597 2821 1693 ἓν
2841 1638 3002 1693 αὑτὸν
3031 1638 3123 1690 καί¹
3150 1638 3252 1707 τῆς
3278 1637 3516 1705 ἀθυμίας
3548 1597 3693 1705 μέγα
3718 1597 3838 1704 ἐξάρ-

622 1748 763 1797 rum,
820 1740 875 1787 et
926 1732 1341 1802 deprecaturum
1382 1744 1453 1783 ne
1498 1735 1686 1797 guttur
1737 1728 1791 1781 in
1837 1728 2057 1796 antiqua
2088 1743 2185 1781 sua

2290 1751 2461 1805 μακον
2490 1733 2751 1803 ἐξευρεῖν,
2779 1731 2869 1785 καὶ
2903 1728 3239 1799 ἀπεύχεσθαι
3268 1729 3399 1799 μηδὲ
3431 1731 3510 1790 εἰς
3551 1730 3615 1781 τὸ
3638 1730 3838 1798 ἀρχαῖον

622 1823 888 1878 subsistat
919 1822 1276 1892 longitudine,
1304 1834 1373 1873 ne
1398 1818 1630 1873 multum
1662 1816 1920 1887 temporis
1947 1816 2186 1870 insume-

2286 1828 2458 1898 μῆκος
2484 1826 2580 1878 τὸν
2610 1824 2810 1894 αὐχένα
2843 1822 3135 1891 διαμένειν,
3179 1822 3264 1874 ἵνα
3307 1823 3380 1891 μὴ
3422 1820 3621 1890 συχνὸν
3679 1821 3838 1873 ἀναλί-

623 1922 707 1968 ret
739 1929 771 1967 a
801 1921 889 1966 tua
918 1927 1113 1967 mensa
1136 1920 1192 1966 et
1211 1912 1403 1967 eduliis
1427 1912 1534 1965 tuis
1561 1910 1861 1965 abstinens.
1888 1908 2028 1975 Quid
2060 1925 2187 1980 ergo

2285 1936 2404 1972 σκοι
2438 1917 2624 1988 χρόνον
2649 1914 2747 1984 τῆς
2772 1914 2869 1983 σῆς
2898 1911 3179 1983 τραπέζης
3207 1912 3300 1965 καὶ
3326 1910 3435 1964 τῶν
3490 1910 3603 1963 σῶν
3634 1911 3837 1980 ἐδεσμά-

623 2004 976 2058 faciendum?
1008 2004 1167 2058 Certe
1196 2017 1409 2072 semper
1436 2008 1491 2056 et
1518 2002 1718 2073 ubique
1741 2000 1820 2056 Ne
1848 2002 1975 2071 quid
2006 2001 2183 2069 nimia,

2284 2027 2392 2063 των
2449 2006 2792 2076 ἀνεχόμενος.
2850 2003 2915 2057 Τί
2967 2002 3059 2055 οὖν
3108 2002 3188 2054 δεῖ
3224 2003 3430 2067 ποιεῖν;
3461 2001 3742 2071 Πανταχοῦ
3770 2005 3835 2070 τὸ,

621 2095 885 2165 Optimum
916 2093 1241 2149 existimare.

2288 2098 2491 2169 Μηδὲν
2517 2098 2690 2167 ἄγαν,
2714 2094 3117 2165 ὑπολαμϐάνειν
3139 2093 3450 2164 κράτιστον.

1252 2205 1470 2261 EPIST.
1501 2205 1657 2261 LVII.

2873 2206 3097 2261 ΕΠΙΣΤ.
3132 2208 3256 2260 NZ'.

1322 2298 1529 2354 Eidem.

2918 2298 3003 2364 Τῷ
3047 2297 3224 2363 αὐτῷ.

1099 2418 1133 2443 ⁸
1863 2411 2129 2463 Montacut.
2165 2414 2269 2478 (ep.
2304 2412 2381 2470 89,
2415 2425 2465 2474 p.
2502 2408 2633 2471 133).
2773 2420 2787 2450 ι

695 2506 919 2563 Divitias
950 2522 1119 2573 amas,
1147 2506 1355 2562 idcirco
1397 2507 1654 2563 virtutem
1706 2523 1816 2562 non
1840 2523 2008 2565 amas.
2047 2509 2183 2563 Nam

2371 2508 2531 2579 Ἐρᾷς
2580 2501 2905 2577 χρημάτων
2954 2502 3043 2555 διὰ
3096 2501 3273 2567 τοῦτο,
3317 2501 3520 2573 ἀρετῆς
3562 2501 3662 2553 οὐκ
3710 2503 3832 2574 ἐρᾷς.

622 2602 790 2672 impio
866 2619 1071 2669 amore,
1124 2601 1429 2656 laudandus
1487 2617 1640 2656 amor
1696 2602 1875 2657 omnis
1917 2602 2183 2656 bonorum

2293 2601 2495 2671 Ἔρωτι
2518 2598 2625 2668 γὰρ
2659 2596 2881 2661 κακίας,
2904 2596 2933 2648 ὁ
2956 2594 3065 2647 τῶν
3100 2594 3277 2647 καλῶν
3305 2596 3446 2665 ἔρως
3474 2594 3835 2647 ὲναποσϐἐννυ-

624 2696 1011 2767 exstinguitur.
1048 2696 1144 2749 Sin
1199 2696 1439 2751 avaritia:
1477 2694 1748 2749 ﬂammam
1781 2696 2105 2751 exstinxeris
2133 2705 2186 2750 et

2288 2709 2399 2746 ται.
2440 2692 2501 2744 Ei
2530 2690 2585 2743 δέ
2627 2706 2689 2759 γε
2714 2689 2813 2761 τὴν
2842 2688 3016 2757 φλόγα
3039 2686 3139 2757 τῆς
3161 2685 3477 2751 πλεονεξίας
3516 2686 3831 2749 ἀποσϐέσεις,

624 2787 808 2856 spinas
864 2787 1179 2858 cupiditatis
1228 2786 1387 2841 simul
1440 2786 1761 2851 combures,
1812 2792 1927 2839 tum
1977 2785 2187 2841 facilius

2291 2784 2383 2837 ml.
2405 2783 2503 2845 τὰς
2530 2782 2770 2845 ἀκάνθας
2796 2782 2895 2850 τῆς
2928 2778 3289 2849 φιλαργυρίας
3336 2778 3669 2849 συμφλέξεις
3690 2818 3705 2842 ,
3730 2780 3835 2849 ῥᾷον

624 2880 821 2934 animae
860 2888 963 2933 tua:
1013 2879 1171 2933 tellus
1224 2893 1383 2932 suum
1428 2878 1705 2947 proprium
1748 2875 1984 2930 fructum
2026 2876 2188 2932 faciet

2293 2878 2324 2947 ἡ
2354 2876 2447 2946 τῆς
2475 2875 2651 2944 ψυχῆς
2672 2875 2882 2946 ἄρουρα
2906 2876 2995 2927 τὸν
3022 2875 3216 2927 οἰκεῖον
3252 2875 3485 2945 καρπὸν,
3507 2873 3609 2943 τὴν
3636 2873 3836 2943 ﬁlerun-

626 2970 915 3042 pullulare,
967 2942 1472 3039 eleemosynam,et
1522 2942 1575 3021 te
1606 2967 1807 3037 alioqui
1856 2982 1979 3022 cum
2021 2968 2191 3022 haedis

2255 2946 2259 2992 I'
2293 2942 2458 3034 σύνην
2490 2942 2887 3035 ἀνήαϐλαστήσει
2909 2980 2922 2994 ·
2951 2965 3043 3018 καὶ
3079 2965 3138 3017 σὲ
3180 2966 3302 3018 ἀντὶ
3326 2942 3420 3017 τοῦ
3449 2942 3592 3035 μετά
3612 2965 3716 3018 τῶν
3742 2964 3836 3035 ἐρξ-

628 3060 918 3115 locandum
972 3068 1116 3113 inter
1170 3059 1353 3113 ovium
1414 3072 1605 3129 greges
1634 3058 1957 3113 translatum
2017 3058 2188 3114 dabit.

2290 3073 2405 3125 φων
2433 3055 2707 3125 τετάχθαι,
2736 3057 2816 3120 είς
2839 3055 2937 3127 τὴν
2962 3056 3072 3109 τῶν
3102 3055 3392 3127 προϐάτων
3444 3057 3650 3126 ἀγέλην
3703 3073 3837 3127 μετα-

624 3151 777 3207 Vale.

2290 3150 2494 3219 στήσει.
2534 3149 2803 3221 Ἐρρωσο.

1143 3264 1359 3319 EPIST.
1436 3263 1617 3319 LVIII.

2879 3261 3099 3315 ΕΠΙΣΤ.
3133 3261 3263 3315 NII'.

943 3358 1161 3429 Georgio
1191 3360 1411 3413 diacono
1441 3367 1488 3412 et
1519 3357 1886 3427 hospitalario.

2560 3354 2833 3425 Γεωργιῳ
2859 3352 3114 3418 διακόνῳ
3138 3352 3235 3406 καὶ
3267 3351 3593 3419 ξενοδόχῳ.

1857 3463 2123 3514 Montacut.
2160 3464 2261 3526 (ep.
2293 3464 2374 3525 9i,
2407 3478 2455 3526 p.
2496 3465 2603 3531 155)

696 3567 797 3634 Qui
815 3567 956 3637 apud
1003 3565 1218 3622 Graecos
1260 3566 1517 3622 videntur
1564 3564 1859 3635 sapientes,
1882 3563 2188 3628 materiam,

2365 3566 2475 3637 Τὴν
2505 3566 2655 3638 ὓλην,
2686 3569 2733 3621 οί
2761 3567 2892 3637 παρ’
2933 3567 3157 3637 Ἕλλησι
3194 3567 3480 3631 δοκοῦντες
3522 3566 3659 3623 εἶναι
3688 3570 3838 3637 σοφοὶ.

629 3661 747 3715 sive
789 3659 985 3730 hylam,
1014 3658 1276 3729 impensis
1322 3658 1508 3713 multis
1538 3665 1593 3712 et
1621 3657 1795 3728 longis
1826 3656 2190 3720 sermonibus,

2296 3656 2523 3720 πολλοὺς
2580 3662 2675 3711 καὶ
2726 3658 2995 3728 μεγάλους
3044 3658 3420 3722 ἀναλώσαντες
3469 3659 3676 3728 λόγους,
3709 3661 3843 3729 μόλις

628 3751 718 3804 vix
748 3749 963 3805 tandem
1009 3758 1238 3820 potuere
1268 3752 1372 3819 (ut
1419 3748 1638 3819 ipsimet
1677 3747 1874 3819 aiunt)
1914 3749 2065 3803 tardo
2094 3748 2195 3804 be-

2297 3748 2543 3817 ίσχυσαν,
2574 3749 2671 3818 (ὡς
2690 3748 2845 3801 αὐτοί
2875 3750 3030 3819 φασι)
3056 3751 3191 3818 νόθῳ
3214 3758 3242 3786 ιι
3281 3752 3376 3803 καὶ
3418 3752 3634 3804 ἀσθενεῖ
3676 3770 3847 3822 παρα-

628 3842 739 3896 beti
791 3851 848 3897 et
926 3841 1156 3897 inﬁrmae
1214 3840 1411 3895 rationi
1481 3841 1832 3911 persuadere,
1879 3842 2023 3911 quod
2050 3841 2196 3897 aliud

2299 3840 2494 3909 στῆσαι
2524 3841 2787 3913 λογισμῷ,
2820 3842 2897 3905 ὡς
2945 3842 3074 3896 ἄλλο
3104 3860 3157 3895 τι
3204 3842 3338 3896 οὖσα
3388 3845 3529 3915 παρὰ
3564 3845 3733 3897 πάντα
3782 3846 3850 3899 τὰ

631 3935 719 3989 illa
753 3942 922 3999 esset,
949 3943 1007 3989 et
1046 3934 1321 3989 diversum
1357 3935 1426 3989 ab
1450 3934 1724 3999 omnibus,
1755 3934 2036 4004 perpetuis
2059 3928 2202 3989 alte-’

2295 3931 2445 3998 ὄντα,
2475 3934 2569 3986 καὶ
2596 3933 2949 4004 ἀλλοιουμένη
2971 3933 3253 4005 διηνεκῶς,
3281 3937 3377 3987 καὶ
3403 3936 3612 4006 ῥέουσα,
3639 3936 3853 3989 πάντων

632 4027 938 4081 rationibus
966 4026 1206 4092 subdita,
1227 4026 1389 4091 ﬂuxa,
1419 4026 1606 4090 ﬂuida,
1634 4026 1875 4081 omnium
1902 4026 2196 4082 formarum

2300 4025 2414 4077 ἐστὶ
2444 4026 2553 4077 τῶν
2588 4024 2758 4079 ὄντων
2783 4026 3028 4096 δεκτική.
3066 4027 3127 4078 El
3156 4026 3213 4079 δὲ
3238 4027 3295 4079 σέ
3320 4027 3522 4097 συνέϐη
3556 4027 3675 4081 κατ’
3725 4029 3856 4081 ἐκεί-

633 4119 932 4187 receptiva.
1006 4117 1064 4172 Si
1104 4127 1157 4173 te
1207 4127 1320 4172 tum
1378 4117 1636 4188 temporis
1684 4118 1832 4172 nasci
1871 4117 2194 4189 contigerat,

2298 4132 2422 4179 νους
2469 4116 2721 4185 γενέσθαι
2766 4119 2892 4180 τοὺς
2931 4117 3177 4188 καιροὺς,
3208 4119 3371 4188 μόνον
3422 4121 3607 4183 αὐτοῖς
3638 4121 3853 4188 ἐπιγνω-

634 4220 691 4263 tu
733 4209 1075 4265 solummodo
1119 4210 1173 4263 in
1240 4210 1457 4264 illorum
1521 4210 1767 4264 notitiam
1801 4209 2114 4276 deveniens,
2163 4226 2196 4265 a

2301 4210 2470 4272 σθεὶς,
2502 4210 2718 4264 πάντων
2745 4209 2811 4263 ἂν
2841 4210 2950 4263 τῶν
2985 4210 3215 4282 μακρῶν
3249 4212 3476 4265 ἐκείνων
3496 4253 3510 4277 ,
3556 4213 3855 4283 ἀπήλλαξας

632 4299 818 4354 multis
853 4300 1050 4372 .longis
1105 4300 1382 4355 laboribus
1429 4309 1487 4355 et
1530 4298 2003 4379 defatigationibus
2050 4302 2195 4371 ipsos

2299 4302 2493 4363 αὐτοὺς
2514 4302 2691 4355 πόνων
2716 4302 2809 4355 καὶ
2829 4304 3112 4372 καμάτων.
3137 4303 3327 4366 Οὐδεὶς
3350 4304 3480 4373 γὰρ,
3512 4298 3694 4374 οἶμαι,
3727 4306 3858 4358 οὐδέ-

633 4392 788 4447 l‘acile
817 4392 1120 4447 liberasses.
1171 4390 1341 4447 Nemo
1377 4392 1543 4457 enim,
1568 4392 1783 4463 opinor,
1815 4402 1870 4447 te
1907 4392 2197 4462 aliquando

2300 4393 2430 4446 ποτέ
2458 4409 2540 4457 σε,
2569 4393 2679 4446 οὐδ’
2710 4394 2767 4447 ἐν
2792 4394 3004 4463 ἀκαρεῖ,
3031 4394 3129 4465 τὴν
3151 4394 3319 4465 αὐτὴν
3344 4394 3534 4464 ἔχοντα
3582 4384 3856 4463 κατείληφε

633 4482 1014 4552 deprehendit,
1042 4498 1113 4537 ne
1141 4498 1240 4552 per
1262 4492 1596 4538 momentum
1632 4483 1689 4537 in
1708 4484 1897 4539 eadem
1928 4484 2200 4539 sententia

2300 4484 2525 4554 γνώμην
2546 4500 2561 4516 σ
2597 4484 2733 4537 ἀλλά
2763 4486 2954 4555 ῥέοντά
2975 4504 3034 4539 τε
3064 4488 3169 4551 ἀεὶ,
3199 4487 3292 4539 καὶ
3339 4485 3752 4554 ἀλλοιούμενον,
3780 4488 3855 4538 καὶ

634 4582 983 4640 manentem;
1017 4576 1114 4631 sed
1138 4573 1465 4629 deﬂuentem
1493 4590 1727 4646 semper,
1757 4574 2124 4638 immutatum,
2146 4582 2203 4629 et

2301 4574 2411 4628 τῶν
2450 4578 2978 4647 παρατυγχανόντων
3007 4580 3306 4647 γινόμενον,
3334 4576 3431 4629 καὶ
3482 4577 3627 4648 πρὸς
3662 4577 3858 4631 ἄπαντα

634 4667 993 4736 praesentibus
1026 4666 1349 4737 implicitum
1384 4677 1439 4722 et
1464 4668 1531 4722 ad
1559 4667 1743 4722 omnia
1762 4668 2201 4734 transﬁguratum

2305 4666 2703 4738 μορφοὺμενον,
2756 4671 2851 4722 καὶ
2881 4670 2956 4732 ὼς
2998 4670 3175 4739 οἰκείᾳ
3220 4671 3399 4740 μορφῇ
3441 4670 3545 4741 τὴν
3598 4669 3856 4741 ἀμορφίαν

633 4766 689 4811 et
725 4758 968 4817 foeditate
1007 4767 1262 4830 tanquam
1311 4760 1530 4832 propria
1565 4757 1967 4830 pulchritudine
2019 4756 2204 4813 excul-

1220 4776 1262 4815 [ιι
1311 4760 1530 4832 propria
1565 4757 1967 4830 pulchritudine
2019 4756 2204 4813 excul-
2302 4758 2801 4831 καλλωπιζόμενον.

638 4860 773 4907 ιυω.

1221 4957 1441 5014 EPIST.
1479 4956 1617 5012 LIX.

2884 4951 3105 5004 ΕΠΙΣΤ.
3132 4952 3257 5005 NO’.

777 5048 1025 5121 Gregorio
1054 5053 1274 5107 diacono
1304 5062 1366 5106 ,ει
1408 5050 1730 5105 chartulario
1758 5050 2060 5106 Amasiano.
2344 5047 2358 5097 λ

2344 5044 2647 5114 Γρηγορίῳ
2674 5043 2931 5110 διακόνῳ
2959 5044 3070 5129 καὶ⁹
3092 5048 3506 5115 χαρτουλαρίῳ
3558 5048 3638 5113 τῷ
3678 5051 3823 5120 Ἅμα-

2971 5130 3180 5166 alarm.

3018 5132 3159 5181 ιανῳ
3166 5153 3180 5167 .

1868 5229 2131 5281 Montacut.
2172 5237 2275 5294 (ep.
2310 5230 2388 5291 99,
2421 5245 2472 5293 p.
2509 5231 2621 5292 141)

710 5322 885 5379 Audio
914 5327 1177 5394 quosdam
1237 5342 1304 5382 ex
1360 5328 1683 5384 adversariis
1728 5344 1915 5400 pacem
1968 5330 2202 5383 circum-

2389 5331 2596 5384 Ἀκούω
2646 5344 2797 5395 τινας
2840 5332 2950 5386 τῶν
2993 5333 3249 5385 ἐναντίων
3304 5334 3526 5403 εἰρήνην
3552 5340 3854 5407 περιαγγελ-

640 5419 987 5485 aununtiare,
1020 5428 1076 5473 et
1118 5420 1473 5489 simpliciores
1501 5424 1709 5488 conari,
1757 5434 1815 5477 ut
1842 5424 1945 5478 hoc
1974 5423 2196 5477 nomine

2306 5423 2440 5489 λειν,
2475 5423 2571 5476 καὶ
2597 5425 2722 5486 τοὺς
2744 5424 3138 5495 ἁπλουστέρους
3168 5426 3464 5495 ἐπιχειρεῖν
3493 5429 3663 5501 ταύτῃ
3687 5430 3854 5483 δελεά-

642 5517 914 5571 incscatos
957 5515 1218 5586 capiant:
1269 5528 1665 5589 verumtamen,
1740 5519 1783 5575 si
1815 5534 2000 5590 pacem
2053 5518 2199 5573 illam

2306 5516 2420 5580 ζειν
2451 5518 2517 5586 τῇ
2540 5517 2900 5589 προσηγορίᾳ.
2943 5516 3081 5571 Ἀλλ’
3120 5520 3168 5572 εἰ
3202 5520 3302 5590 μὲν
3332 5523 3397 5593 ἦν
3417 5524 3446 5577 ό
3482 5520 3682 5593 Κύριος
3708 5523 3853 5576 δίδω-

1910 5671 2144 5730 VARle
2184 5669 2584 5728 LECTIONES.

752 5832 783 5863 τι
823 5824 911 5879 Ia.
953 5823 1060 5878 νωθ
1070 5824 1165 5895 pip.
