4004 6424
223 302 333 368 873

1380 304 1915 367 EPISTOLARUM
1951 307 2180 366 LIBER
2219 306 2280 365 ΙΙ
2290 356 2302 368 .

3343 292 3450 361 874

198 433 309 480 σιν,
340 415 442 469 οὐκ
465 413 707 478 ἐκείνους
741 414 822 468 δεῖ
847 412 1287 486 περιαγγέλλειν,
1305 413 1440 467 ἀλλὰ
1467 413 1598 484 παρ’
1620 414 1775 484 ἡμῶν

1884 431 2039 483 quam
2071 417 2163 472 dat
2206 416 2466 470 Dominus
2493 412 2840 477 denuntiant,
2878 427 3176 482 congruum
3217 427 3327 468 non
3364 419 3450 467 cst

194 506 404 576 ταύτην
429 505 737 573 ὀφείλουσιν
761 506 1144 576 ἐκμανθάνειν.
1208 504 1270 558 Εἰ
1298 506 1355 557 δὲ
1408 505 1477 576 ἢν
1522 505 1773 560 καθελεῖν

194 598 364 661 αὐτὸς
386 597 646 668 ἐλήλυθεν
670 597 781 673 χ(οὐ
804 599 912 668 γὰρ
936 593 1148 667 ἦλθον,
1180 596 1766 668 φησὶν,βαλεῖνείρήο

192 705 335 757 νην,
366 689 529 744 ἀλλὰ
544 688 887 758 μάχαιραν),
924 692 1157 744 ίστωσαν
1181 690 1263 743 ὅτι
1284 689 1765 761 χριστομαχοῦσιν,

194 780 304 833 ὑπὸ
330 781 413 851 τῷ
430 782 531 852 τῆς
553 782 773 853 εἰρήνης
800 782 1050 853 ὀνόματι,
1080 785 1179 853 τὴν
1199 783 1321 835 κατ’
1357 781 1523 835 αὐτοῦ
1556 781 1771 851 πολιορ-

193 872 322 925 κίαν
343 872 690 937 ἀνιστῶντες.

839 1094 1061 1148 ΕΠΙΣΤ.
1092 1094 1165 1147 Ξ¹.

831 1180 916 1245 Τῷ
959 1181 1139 1247 αὐτῷ.

1446 1294 1713 1343 Montacut.
1751 1292 1854 1356 (ep.

268 1384 336 1438 El’
361 1402 447 1448 τις
491 1385 769 1455 δοξολογία
796 1425 812 1448 ,
878 1390 933 1443 εἴ
979 1408 1063 1454 τις
1114 1391 1454 1464 εὐχαριστία,
1480 1393 1684 1461 ταύτην
1716 1392 1772 1458 ἐξ

188 1475 321 1544 ὅλης
342 1476 520 1545 ψυχῆς
551 1476 669 1547 Θεῷ
693 1479 1010 1551 ἀνατίθημι,
1036 1482 1116 1535 ὅτι
1155 1500 1220 1551 με
1252 1483 1518 1546 τοιαύταις
1539 1484 1773 1552 ἡμέραις

192 1568 387 1637 ἄρχειν
424 1568 727 1638 ἀνθρώπων
774 1571 833 1623 οὐ
870 1572 1271 1643 συνεχώρησεν,
1331 1576 1440 1629 οὐδ’
1476 1575 1771 1644 ὀφθαλμοῖς

192 1662 402 1714 ἐπιδεῖν
434 1662 605 1725 πάθος
630 1663 1038 1736 ἀπαράκλητον,
1070 1670 1127 1720 ὲν
1170 1665 1259 1732 αἷς
1300 1669 1469 1737 τάφος
1509 1668 1606 1737 μὲν
1654 1669 1772 1721 ἀντὶ

191 1754 405 1817 πόλεως
450 1756 483 1824 ἡ
515 1755 945 1824 Κωνσταντίνου,
971 1758 1166 1828 θρῆνος
1188 1760 1243 1813 δὲ
1284 1762 1407 1814 ἀντὶ
1430 1761 1770 1832 ψαλμῳδίας,

188 1844 255 1894 οὐ
285 1846 385 1907 τὰς
406 1819 581 1909 οἰκίας
618 1846 798 1915 μόνον,
830 1819 965 1902 ἀλλά
1146 1819 1250 1915 τὰς
1302 1819 1768 1923 ἐκκλησίάςιέχειῖ
1800 1819 1846 1882 Β

192 1934 307 1985 τῶν
339 1933 438 2002 μὲν
469 1935 774 2008 ὁλοκλήρων
805 1941 882 2002 εἰς
917 1940 1108 2011 ἔδαφος
1151 1944 1422 2012 κειμένων
1449 1944 1646 2014 θέαμα,
1672 1963 1773 2013 φα-

196 2027 304 2088 σὶν,
333 2025 590 2090 ἐλεεινὸν,
616 2032 708 2082 καὶ
743 2031 1045 2102 διηγεῖσθαι
1076 2035 1258 2102 μεῖζον
1284 2037 1539 2099 πίστεως
1568 2037 1676 2090 τῶν
1718 2038 1773 2091 δὲ

190 2112 277 2182 τῷ
302 2115 545 2186 μεγίστῳ
574 2118 728 2189 μέρει
756 2125 1257 2193 κατενηνεγμένων,
1289 2129 1382 2180 καὶ
1429 2128 1654 2197 μηδενὸς
1679 2128 1772 2182 τοῦ

192 2204 408 2266 πάθους
442 2206 748 2275 κρείττονος
803 2213 1127 2283 γενομένου·
1178 2217 1313 2269 ἀλλά
1347 2218 1439 2270 καὶ
1466 2218 1634 2289 αὐτῆς
1675 2220 1774 2289 τῆς

192 2295 322 2361 γῆς,
350 2296 427 2366 τῷ
454 2299 712 2370 ἀφορήτῳ
743 2302 888 2373 σάλῳ
944 2305 1038 2359 καὶ
1066 2307 1261 2378 κλόνῳ,
1293 2312 1371 2373 εἰς
1427 2311 1565 2381 μέρη
1606 2310 1775 2364 πολλά

195 2392 754 2464 συγκαταρῥαγείσης
780 2437 795 2461 ,
837 2398 931 2451 καὶ
984 2400 1052 2453 τά
1104 2400 1162 2468 ὲξ
1206 2403 1401 2467 αἰῶνος
1442 2404 1543 2474 τῆς
1570 2406 1775 2468 πόλεως

192 2478 374 2549 πάθη,
404 2480 481 2548 τῷ
537 2483 753 2551 μεγέθει
805 2486 914 2539 τῶν
958 2491 1146 2543 κακῶν
1195 2494 1613 2566 ἀποκρυψάσης.
1660 2499 1774 2550 Νῦν

195 2568 305 2636 μὲν
332 2572 440 2641 γάρ
468 2574 535 2627 τὰ
556 2578 795 2644 ἐμαυτοῦ
828 2579 987 2649 μόνον
1013 2584 1220 2650 σκοπῶ,
1245 2585 1339 2638 καὶ
1369 2590 1447 2651 εἰς
1474 2591 1653 2643 ἐκεῖνά
1686 2607 1776 2660 μοι

192 2661 271 2713 τὰ
302 2664 401 2731 τῆς
430 2666 710 2734 φροντίδος
740 2672 834 2721 καὶ
859 2674 959 2741 τῆς
995 2673 1234 2739 ἀγωνίας
1260 2678 1623 2733 ἀποτείνεται.
1643 2681 1775 2733 Τότε

190 2752 255 2805 δὲ
286 2755 501 2826 ἀνάγκη
525 2758 751 2829 τρέμειν
771 2758 861 2831 ἧν,
891 2764 986 2817 καὶ
1007 2764 1148 2836 ὑπὲρ
1173 2768 1281 2821 τῶν
1303 2770 1507 2839 ἑτέροις
1529 2771 1776 2840 ἁμαρτα-

192 2846 468 2915 νομένων,
506 2851 599 2903 καὶ
662 2855 774 2915 τοῖς
821 2856 1046 2908 ἐκείνων
1104 2857 1390 2929 παθήμασι
1455 2863 1777 2935 πικρότερον

192 2937 590 3007 ἀποδύρεσθαι,
626 2944 719 2995 καὶ
751 2944 961 3013 μήποτε
984 2947 1060 3016 τῷ
1083 2948 1248 3017 κοινῷ
1283 2959 1307 2985 ο
1355 2949 1463 3002 τῶν
1510 2948 1777 3021 ἀδικημά-

192 3048 310 3082 των
342 3030 611 3105 [δεδιέναι]
656 3035 841 3108 κοινὴν
870 3038 947 3107 τῷ
1000 3039 1194 3110 πλήθει
1228 3038 1327 3111 τὴν
1357 3042 1646 3111 τιμωρίαν,
1684 3041 1778 3094 καὶ

1886 522 1944 567 ιιι
1974 513 2304 567 annuntient
2340 512 2435 575 illi,
2466 512 2560 567 sed
2612 528 2641 565 a
2673 510 2831 566 nobis
2858 511 2999 565 hanc
3039 517 3321 580 acceptam
3349 510 3448 566 de-

1880 604 2011 658 bent
2036 618 2352 675 agnoscere.
2392 604 2512 669 Sin,
2547 617 2709 673 quam
2757 609 2817 656 ut
2860 600 3093 666 tolleret,
3134 599 3250 668 ipse
3277 600 3447 655 adve-

1875 696 1958 752 nit
2014 697 2170 764 (nam
2206 695 2329 749 Non
2358 697 2492 762 veni,
2533 695 2762 759 dicebat,
2800 693 2889 765 qui
2910 708 3095 762 pacem
3128 693 3330 756 darem,
3358 692 3448 747 sed

1874 797 1929 843 ut
1960 790 2195 859 gladium
2214 788 2282 856 ⁸),
2303 787 2476 842 sciant
2501 796 2613 841 tum
2643 786 2787 856 quod
2814 794 3004 841 contra
3029 783 3308 841 Christum
3328 783 3449 837 bel-

1876 882 1990 935 lum
2020 890 2234 953 gerunt,
2280 888 2356 940 et.
2398 878 2499 933 sub
2540 887 2807 947 praetextu
2846 876 3015 948 pacis,
3049 875 3331 932 obsidione
3360 874 3448 929 in-

1880 976 2116 1030 stituunt
2140 974 2290 1028 illum
2329 974 2566 1045 cingere.

2492 1082 2713 1141 EPIST.
2746 1082 2859 1138 LX.

2583 1176 2787 1231 Eidem.

1891 1288 1998 1348 ιοο,
2034 1303 2083 1351 ρ.
2121 1288 2250 1352 tte).

1960 1388 2015 1443 Si
2070 1406 2190 1460 quae
2268 1387 2549 1459 doxologia
2587 1425 2601 1446 ,
2648 1383 2692 1438 si
2745 1384 3071 1439 eucharistia
3111 1384 3309 1454 aliquid
3352 1383 3444 1441 sit.

1879 1484 2023 1538 illam
2051 1498 2149 1553 ego
2174 1491 2284 1537 toto
2312 1485 2493 1537 animo
2524 1484 2575 1537 in
2613 1484 2782 1537 Deum
2811 1481 3009 1543 refero,
3041 1478 3185 1548 quod
3223 1491 3309 1530 me
3335 1490 3447 1529 non

1882 1586 1965 1632 est
2012 1591 2208 1647 passus
2265 1576 2581 1630 hominibus
2624 1588 2861 1646 prmesse
2913 1586 3037 1626 cum
3089 1568 3315 1639 imperio
3353 1580 3450 1636 per

1882 1669 2014 1721 tales
2044 1666 2182 1731 dies,
2207 1680 2311 1721 nec
2342 1666 2513 1720 oculis
2538 1664 2787 1719 contueri
2811 1661 3198 1718 inconsolabile
3222 1658 3445 1721 malum,

1880 1774 2004 1811 cum
2024 1773 2133 1810 non
2157 1756 2348 1812 civitas
2379 1757 2471 1811 sed
2509 1757 2819 1827 sepulcrum
2850 1754 3074 1809 exsistat
3105 1750 3449 1806 Constantini

1876 1851 2023 1913 urbs,
2057 1849 2377 1904 lamentatio
2430 1864 2554 1902 cum
2602 1863 2702 1917 pro
2737 1844 3069 1915 psalmodiis,
3100 1858 3212 1897 non
3258 1842 3450 1897 domos

1874 1952 2086 1997 tantum
2114 1943 2373 2013 privatas.
2411 1942 2507 1996 sed
2543 1950 2598 1996 et
2622 1939 2878 1995 ecclesias
2910 1943 3139 2005 occupet
3177 1947 3451 2004 :quarum

1874 2035 2150 2090 nonnulla:
2178 2051 2208 2089 e
2270 2033 2643 2089 fundamentis
2685 2032 2935 2093 subruta;
2966 2028 3083 2082 solo
3127 2035 3450 2096 aequantur;

1874 2128 2241 2183 miserandum
2264 2126 2439 2182 cuivis
2470 2123 2863 2195 spectaculum,
2900 2132 2957 2177 et
2991 2120 3137 2192 quod
3174 2127 3454 2173 narratum

1876 2219 2034 2274 fidem
2066 2234 2177 2273 non
2215 2218 2455 2272 inveniat
2486 2234 2499 2269 :
2532 2217 2652 2271 aliae
2682 2226 2864 2270 autem
2900 2214 3137 2269 maxima
3159 2227 3227 2267 ex
3270 2218 3454 2281 parte,

1879 2310 2011 2365 licet
2038 2310 2186 2364 nulla
2216 2308 2400 2363 clades
2438 2307 2787 2372 desolaverit,
2837 2305 3050 2359 ruinam
3101 2312 3286 2358 tamen
3335 2316 3465 2371 spe-

1876 2412 2065 2459 ctent:
2098 2417 2198 2456 nec
2220 2402 2307 2457 vel
2348 2416 2457 2455 una
2504 2400 2860 2456 ecclesiarum
2895 2407 3047 2454 extra
3092 2394 3455 2451 calamitatem

1877 2494 2020 2548 hanc
2051 2494 2227 2563 posita
2285 2492 2586 2556 subsistat,
2633 2492 2730 2546 sed
2779 2500 2834 2545 et
2867 2490 2983 2560 ipsa
3012 2489 3191 2554 tellus,
3216 2500 3452 2543 concus-

1877 2586 2031 2641 sione
2086 2594 2142 2640 et
2172 2594 2408 2639 tremore
2445 2583 2791 2647 intolerabili,
2823 2583 2877 2637 in
2908 2582 3107 2637 multas
3130 2589 3313 2651 partes
3341 2579 3455 2635 dis-

1877 2678 2051 2731 siluit:
2108 2677 2253 2731 unde
2301 2676 2390 2729 illa
2439 2686 2655 2745 quoque
2703 2674 2900 2744 quibus
2942 2673 3071 2728 olim
3099 2672 3217 2727 haec
3263 2670 3458 2725 civitas

1878 2776 2032 2830 malis
2083 2774 2496 2829 conflictabatur
2540 2788 2641 2844 pro
2689 2771 2854 2826 nullis
2896 2769 3151 2825 habenda
3199 2775 3349 2822 sunt.
3396 2765 3459 2819 ιιι

1876 2867 2130 2938 praesenti
2170 2880 2257 2920 res
2296 2881 2444 2919 meas
2472 2874 2685 2919 tantum
2728 2862 3001 2933 speculor,
3035 2860 3092 2914 in
3129 2874 3223 2915 eas
3247 2874 3375 2912 cura
3405 2864 3462 2910 et

1877 2961 2185 3015 sollicitudo
2216 2975 2334 3014 mea
2362 2960 2543 3015 omnis
2589 2958 2784 3013 fertur.
2832 2954 2989 3022 Quod
3032 2952 3080 3009 si
3122 2959 3304 3007 autem
3335 2964 3461 3005 cum

1880 3050 2110 3120 imperio
2131 3066 2310 3105 essem
2344 3065 2633 3104 necessum
2684 3048 2964 3113 haberem,
2993 3055 3049 3100 et
3078 3058 3181 3115 pro
3220 3040 3343 3095 aliis
3390 3039 3460 3093 ti-

193 3123 361 3174 αὐτοὶ
385 3123 669 3190 δοκοῦντες
695 3131 1048 3198 προεστάναι,
1075 3131 1467 3200 συνδιενεγκεῖν
1492 3135 1780 3188 καταδικα-

1890 3155 2039 3195 mere
2075 3141 2451 3211 peccantibus,
2483 3148 2539 3195 et
2571 3138 2958 3194 vehementius
2995 3148 3186 3191 eorum
3212 3129 3463 3186 afﬂictio-

194 3214 424 3284 σθῶμεν
444 3232 459 3246 ⁸
488 3211 564 3271 ὧν
588 3218 868 3285 ἁπάντων,
892 3222 1221 3290 ἀνθρώπινοι
1252 3224 1372 3295 μὲν,
1408 3226 1482 3288 ὠς
1508 3228 1784 3297 ἐνόμισαν,

194 3305 513 3372 ὲπιὸουλαὶ,
548 3311 682 3375 Θεὸς
712 3311 789 3377 δὲ,
820 3315 886 3384 τῇ
915 3314 1093 3385 οἰκείᾳ
1142 3315 1323 3385 χάριτι
1362 3317 1455 3370 καὶ
1485 3319 1789 3390 φιλανθρω-

193 3397 327 3467 πίᾳ,
360 3400 652 3471 ἐρρύσατο.

1892 3232 2053 3285 uibus
2115 3231 2429 3293 condolere,
2476 3238 2532 3285 et
2568 3237 2813 3283 metuere
2849 3241 2921 3281 ne
2967 3240 3066 3297 per
3109 3228 3459 3294 peccatorum

1893 3323 2228 3383 societatem,
2258 3329 2315 3376 et
2352 3338 2474 3388 nos,
2526 3322 2618 3391 qui
2669 3320 2917 3375 videmur
2947 3315 3156 3372 eisdem
3198 3325 3457 3383 praeesse,

1894 3414 1961 3468 ad
2002 3414 2325 3484 supplicium
2368 3428 2659 3468 commune
2708 3411 3175 3466 condemnemur:
3225 3404 3293 3459 ab
3342 3401 3462 3457 istis

190 3506 304 3545 nos
339 3493 593 3548 omnibus
654 3494 957 3562 hominum,
987 3513 1108 3567 qua:
1153 3499 1479 3554 videbantur
1530 3501 1981 3573 conspirationes,
2014 3504 2161 3559 Deus
2187 3513 2368 3559 autem
2439 3518 2651 3566 revera,
2690 3516 2721 3555 e
2785 3514 2883 3555 sua
2924 3497 3093 3570 gratia
3129 3504 3185 3551 et
3216 3491 3461 3548 bonitate

191 3583 472 3639 liberavit.

822 3676 1047 3729 ΕΠΙΣΤ.
1086 3676 1204 3733 EA’.

843 3770 930 3834 Τῷ
972 3771 1152 3837 αὐτῷ.

2484 3678 2703 3736 EPIST.
2730 3679 2864 3733 LXI.

2555 3772 2760 3827 Eidem.

1457 3892 1727 3945 Montacut.
1767 3895 1871 3959 (ep.
1909 3894 2015 3955 ιοι,
2048 3909 2098 3955 ρ.
2138 3891 2263 3954 ιιι).

286 3988 435 4058 Ἐγὼ
471 3990 569 4061 μὲν
599 3990 698 4045 οὐκ
718 3991 785 4044 ἂν
809 3993 975 4064 φαίην
1006 3994 1159 4058 δίκας
1200 3996 1417 4051 τίνουσα
1441 4009 1469 4049 Ρ
1498 4001 1597 4070 τὴν
1624 4002 1779 4053 πόλιν

191 4086 310 4137 τῶν
335 4086 414 4147 είς
446 4086 596 4155 ἡμᾶς
621 4086 999 4154 ἀδικημάτων.
1030 4089 1151 4141 ἀντὶ
1190 4089 1397 4155 πόλεως
1432 4092 1784 4164 πολυάνδριον

190 4176 461 4242 γενέσθαι
477 4194 490 4206 ·
519 4178 774 4248 παραινῶ
798 4178 855 4232 δὲ
882 4181 1014 4249 μηδὲ
1035 4181 1135 4249 τὴν
1159 4182 1310 4251 ὑμῶν
1336 4184 1590 4256 ὁσιότητα
1612 4186 1784 4239 ταῦτα

192 4267 429 4318 ἐννοεῖν.
458 4266 614 4327 Τίνες
665 4266 775 4337 γὰρ
833 4270 1029 4338 ἡμεῖς,
1067 4272 1114 4321 εἰ
1155 4273 1246 4323 καὶ
1292 4274 1640 4346 πεπόνθαμεν
1675 4277 1784 4329 ἀδι-

194 4359 411 4425 ήγητα,
444 4356 532 4409 ἵνα
578 4357 908 4428 τηλικαύτην
941 4360 1109 4429 ὀργὴν
1138 4362 1561 4434 ἐκκαλεσώμεθα
1615 4366 1778 4432 Θεοῦ;

192 4446 383 4508 ἄλλως
405 4464 463 4498 τε
498 4445 555 4498 δὲ
597 4447 689 4499 καὶ
717 4448 837 4499 τότε
861 4489 875 4511 ,
908 4448 1067 4501 πλέον
1102 4451 1400 4520 πάσχοντες
1440 4452 1587 4526 [vim]
1616 4457 1673 4508 ἐν
1704 4452 1785 4518 οἷς

194 4539 410 4590 ἐκεῖνοι
441 4538 731 4608 πάσχουσι,
789 4539 866 4608 τῷ
902 4539 1067 4610 κοινῷ
1104 4542 1253 4613 νόμῳ
1314 4546 1410 4615 τῆς
1446 4548 1785 4616 συμπαθείας

194 4630 301 4681 καὶ
337 4629 577 4696 φύσεως,
602 4630 634 4699 ἦ
661 4633 716 4683 ἐν
743 4627 823 4694 οἷς
855 4633 1034 4686 αὐτῶν
1064 4635 1422 4705 δεδρακότων,
1449 4640 1783 4711 ἐπάσχομεν.

194 4722 267 4773 ΕΞ
326 4719 395 4782 δ’,
428 4721 648 4773 ὅτιτῶν
688 4723 792 4777 ἀνὰ
840 4724 937 4795 τὴν
982 4725 1295 4797 Ῥωμαϊκὴν
1330 4731 1505 4799 ἀρχὴν
1561 4732 1789 4803 Ἐκκλη-

196 4812 347 4865 σιῶν
371 4812 472 4883 τὴν
491 4812 647 4877 δόξαν
674 4816 987 4886 ἀπέκειρον,
1010 4821 1102 4871 καὶ
1126 4821 1205 4882 είς
1225 4821 1292 4873 τὰ
1319 4822 1425 4873 τῶν
1448 4824 1790 4893 Χριστιανῶν

197 4908 490 4975 μυστήρια
543 4904 954 4975 ἐξωρχήσαντο,
996 4912 1091 4962 καὶ
1145 4912 1419 4981 ἀρχιερεῖς
1476 4915 1568 4967 καὶ
1628 4916 1790 4984 ἱερεῖς

193 4997 369 5059 Θεοῦ,
406 4997 609 5066 θρόνων
631 5002 724 5051 καὶ
761 4999 1117 5073 Ἐκκλησιῶν,
1145 5006 1291 5074 πάσῃ
1322 5009 1533 5075 μηχανῇ
1568 5010 1660 5060 καὶ
1684 5010 1790 5062 πά-

198 5105 275 5158 σῃ
316 5087 429 5158 βίᾳ,
472 5087 743 5158 ἐξήλασαν
767 5108 781 5121 °
805 5093 898 5145 καὶ
924 5095 981 5145 ὲν
1011 5094 1188 5165 καιρῴ
1210 5097 1659 5166 Χριστιανισμοῡ,
1691 5101 1791 5161 τὰς

212 5177 497 5247 Ἐλλήνων
559 5180 789 5249 πράξεις
846 5186 1320 5255 παρῤησιάσασθαι
1352 5190 1790 5258 παρεσκεύασαν,

198 5271 346 5338 σιγῇ
389 5271 602 5343 βαθείᾳ,
654 5272 853 5342 μᾶλλον
909 5277 963 5328 δὲ
1026 5284 1371 5352 καταστροφῇ
1435 5282 1634 5351 τελείᾳ,
1692 5283 1791 5345 τὰς

329 5428 351 5457 ⁸
376 5427 565 5483 Matth.
600 5445 654 5491 ιι,
694 5429 783 5483 54.

1963 4001 2077 4070 Ego
2106 4008 2254 4054 certe
2281 3998 2424 4051 haud
2451 3994 2701 4060 dixerim,
2742 3994 2935 4054 urbem
2988 3993 3045 4047 in
3094 3990 3463 4065 sepulcretum

1896 4093 2194 4156 redactam,
2231 4092 2284 4145 in
2312 4091 2610 4145 vindictam
2639 4104 2830 4143 eorum
2867 4085 3047 4157 quiin
3107 4100 3195 4150 me
3265 4083 3467 4153 injuste

1901 4186 2190 4247 fecerunt;
2218 4194 2311 4237 aut
2349 4184 2538 4237 hortor
2572 4190 2719 4236 tuam
2748 4179 3089 4235 sanetitatem
3121 4185 3183 4231 ut
3216 4177 3467 4231 eamdem

1892 4277 2078 4331 foveas
2108 4291 2319 4330 mecum
2347 4274 2680 4344 opinionem.
2711 4271 2946 4338 Quinam
2971 4269 3116 4325 enim
3151 4284 3250 4323 nos
3278 4282 3471 4322 sumus

1886 4369 2014 4423 licet
2059 4367 2204 4437 passi
2258 4364 2678 4436 inexplicabilia,
2712 4373 2773 4418 ut
2812 4371 3016 4417 tantam
3052 4377 3083 4415 a
3112 4360 3219 4415 Deo
3253 4360 3468 4413 iracun-

1885 4458 2029 4512 diam
2062 4456 2429 4510 devocemus:
2461 4463 2607 4507 certe
2637 4452 2856 4523 quidem
2890 4451 2948 4506 in
3000 4450 3067 4504 iis
3094 4465 3215 4518 quae
3263 4449 3467 4518 patitur

1887 4549 2099 4611 civitas,
2152 4555 2207 4601 et
2262 4560 2365 4601 nos
2410 4545 2571 4615 plane
2601 4543 2997 4614 compatimur,
3035 4541 3337 4597 secundum
3396 4539 3469 4592 le-

1894 4655 2013 4711 gem
2052 4648 2260 4693 natura:
2291 4646 2347 4691 et
2376 4636 2775 4707 compassionis
2823 4634 3108 4697 naturalis,
3152 4634 3276 4703 plus
3305 4647 3469 4700 quam

1893 4748 1990 4803 per
2021 4732 2107 4785 illa
2137 4730 2495 4801 patiebamur,
2526 4746 2647 4799 qua:
2673 4744 2703 4783 a
2729 4728 2941 4783 civibus
2959 4741 3146 4780 smnus
3173 4725 3336 4793 passi.
3372 4723 3469 4778 Sin

1895 4834 2077 4877 autem
2134 4822 2435 4875 facinorum
2494 4836 2683 4874 eorum
2739 4834 2929 4889 pmnas
2966 4818 3139 4880 luant,
3197 4832 3295 4886 per
3344 4832 3467 4885 quae

1894 4914 2121 4985 gloriam
2154 4912 2249 4967 Dei
2284 4922 2340 4965 et
2366 4912 2730 4966 Ecclesiarum
2758 4912 2810 4964 in
2854 4908 3223 4963 totoRomano
3240 4909 3468 4978 imperio

1895 5006 2194 5075 positarum
2241 5005 2596 5058 attonderunt
2623 5044 2637 5067 ,
2682 5010 2737 5056 et
2776 5001 3109 5056 insultarunt
3162 5002 3472 5069 petulanter

1893 5098 2333 5151 Christianorum
2390 5094 2688 5165 mysteriis,
2723 5094 3031 5163 episcopos,
3092 5101 3149 5146 et
3180 5091 3273 5145 Dei
3301 5107 3474 5145 sacer-

1894 5188 2069 5250 dotes,
2106 5189 2182 5241 nil
2214 5203 2322 5241 non
2351 5186 2661 5249 molientes,
2695 5184 2893 5237 nullam
2926 5184 3035 5237 vim
3059 5198 3169 5237 non
3198 5182 3473 5236 intentan-

1897 5288 1999 5345 tes,
2032 5281 2099 5334 de
2133 5278 2344 5333 tlironis
2382 5286 2437 5332 et
2475 5275 2735 5330 Ecclesiis
2762 5276 2875 5331 suis
2904 5275 3110 5345 eiectos
3138 5275 3470 5345 abegerunt:

1470 5586 1701 5640 VARIIE
1746 5584 2151 5643 LECTIONES.

338 5756 361 5783 °
401 5749 465 5803 ισ
530 5748 624 5800 καὶ
652 5747 881 5800 δεδιέναι
910 5748 1116 5816 μήποτε
1149 5748 1224 5819 τῷ
1271 5746 1505 5818 κοινῷ...

465 5843 734 5904 ΡΛΤΒΟΙ..
776 5843 891 5906 GR.
936 5843 1062 5905 Cll.

1621 5757 1649 5796 Ρ
1691 5748 1773 5802 ῐσ.
1808 5748 2079 5802 τίνουσαν.
