4004 6432
551 293 657 356 875

1686 292 1947 352 PHOTII
1986 292 2490 355 PATRIARCIUE
2529 296 2635 357 CP.

3696 291 3821 356 876

541 417 598 463 et
629 406 721 463 ubi
749 406 1064 464 Christiana
1110 406 1376 477 professio
1405 406 1639 477 vigebat,
1668 420 1908 476 paganas
1951 404 2109 459 aetio-

2225 409 2379 471 θείας
2405 408 2625 471 τελετάς
2656 408 2749 461 καὶ
2780 410 2850 462 τά
2880 409 3083 478 φρικτά
3118 407 3554 479 παραδεδωκότες
3588 407 3775 478 δργια
3802 422 3820 435 ·

539 514 641 553 nes
697 499 989 556 Iicentiose
1047 499 1249 567 patrari
1306 507 1677 553 curaverunt:
1733 497 1950 550 silentio
1991 510 2118 565 pro-

534 591 729 653 fundo,
776 590 960 661 potius
999 589 1343 644 subversioni
1397 587 1674 658 plenariaa,
1725 586 1993 641 sacriﬁcia
2038 585 2122 640 di-

2215 502 2282 556 ἂν
2309 497 2402 555 οὖν
2425 502 2513 555 διά
2533 500 2707 555 ταῦτα
2734 501 2889 564 δίκας
2916 499 3352 570 είσπράττωνται
3384 499 3477 552 τοῦ
3505 500 3684 569 τολμή
3696 516 3825 567 μα-

2215 610 2325 661 τος,
2356 595 2493 667 πρὸς
2516 596 2676 651 τοῦτο
2704 596 2803 651 οὐκ
2830 596 2898 650 ἂν
2924 594 3190 664 δυναίμην
3218 593 3395 657 ἄλλως
3419 592 3560 664 ἔχειν
3589 592 3824 661 διισχυ-

536 684 685 747 vina,
717 692 772 737 et
804 681 1114 738 veneranda
1150 682 1239 735 illa
1268 681 1415 753 orgia
1466 680 1770 735 tradidere:
1808 680 1851 733 si
1899 679 1970 734 ob
2004 679 2109 733 hau

2216 688 2473 758 ρίσασθαι
2498 730 2513 756 ,
2578 690 2773 761 μέχρις
2803 689 2869 743 ἂν
2918 686 2981 741 τὸ
3008 687 3123 759 ἔχει
3150 698 3178 738 σι
3205 687 3607 757 δικαιωτήριον,
3660 685 3825 740 ἄλλα

535 776 719 829 omnia
773 790 964 844 poenas
1022 773 1176 827 luant
1220 773 1477 837 audaciae,
1514 774 1653 828 nihil
1690 782 1773 828 est
1810 773 1953 843 quod
1988 787 2117 842 pro-

532 866 791 920 nuntiare
825 881 924 936 ego
969 882 1215 936 possum,
1250 866 1425 920 donec
1454 865 1623 919 multa
1672 864 1755 919 his
1785 864 1989 935 majora
2015 878 2111 918 eos

534 967 881 1027 perpetrasse
900 957 1164 1027 judicium
1194 957 1324 1012 illud
1356 960 1413 1011 in
1440 955 1593 1011 cmlis
1628 964 2000 1025 repra-sentet.

1095 1068 1319 1125 EPIST.
1349 1069 1507 1124 LXII.

854 1160 1077 1231 Georgio
1106 1162 1330 1215 diacono
1360 1171 1408 1214 et
1438 1162 1743 1215 cubiclusio.

2212 780 2337 834 τινὰ
2366 781 2588 852 μείζονα
2611 782 2711 851 τῆς
2736 780 3071 850 τηλικαύτης
3106 779 3315 850 τόλμης
3348 777 3824 850 ἐξημαρτηκότας

2217 870 2637 939 παραστήσειεν.

2827 1066 3049 1118 ΕΠΙΣΤ.
3083 1064 3203 1116 EB‘.

2396 1158 2666 1228 Γειῳγίφ
2694 1161 2954 1225 διακόνῳ
2995 1160 3091 1213 καὶ
3124 1159 3616 1225 κουόουκλεισίφ.

1762 1270 2027 1320 Montacut.
2068 1270 2169 1331 (ep.
2211 1267 2317 1327 104,
2352 1282 2398 1329 p.
2438 1268 2568 1332 149).

604 1367 877 1420 Denuntio
914 1367 1036 1433 tibi,
1103 1370 1407 1425 amicorum
1473 1371 1697 1441 Optime,
1738 1386 1807 1425 ne
1856 1370 2113 1439 deinceps

532 1457 739 1510 amicus
794 1456 952 1514 nobis
1008 1458 1329 1514 nomineris.
1380 1456 1536 1514 Nunc
1565 1460 1710 1513 enim
1756 1457 1997 1527 intelligo
2027 1472 2113 1511 me

533 1560 651 1615 prre
698 1545 910 1599 cunctis
968 1546 1291 1602 mortalibus
1321 1546 1375 1601 in
1426 1548 1571 1603 veris
1613 1548 1802 1603 amicis
1851 1532 2113 1603 habendis

532 1639 997 1695 infelicissimum.
1058 1640 1241 1697 Bonus
1315 1643 1407 1697 ille
1464 1654 1519 1699 et
1574 1643 1747 1699 ﬁdelis
1800 1658 2117 1700 meonomus
2147 1672 2191 1728 Β

531 1731 839 1785 communis
885 1730 1093 1785 amicus
1121 1731 1244 1801 (hei
1268 1733 1403 1787 mihi
1433 1733 1525 1802 qui
1554 1733 1657 1787 hoc
1681 1733 1801 1789 dico
1832 1743 1886 1788 et
1913 1732 2110 1799 scribo,

529 1820 649 1891 ipso
680 1820 901 1875 interim
940 1822 1199 1892 tacente).
1229 1838 1315 1877 me
1346 1824 1554 1889 relicto,
1598 1826 1883 1896 temporali
1918 1825 2110 1891 amico,

529 1929 631 1984 pro
686 1928 795 1977 me,
844 1922 907 1967 ut
959 1913 1198 1979 videtur,
1244 1925 1477 1972 aeternos
1514 1916 1719 1973 amicos
1767 1920 2110 1987 permutavit.

530 2002 649 2059 Non
682 2004 830 2058 enim
873 2004 984 2073 pali
1014 2006 1193 2074 potuit
1251 2016 1459 2061 tantam
1496 2010 1750 2063 virtutem
1783 2009 1874 2063 tali
1904 2018 2111 2079 tempo—

527 2109 651 2148 rum
683 2096 1094 2165 opportunitate
1147 2098 1418 2153 obtinere.
1451 2100 1642 2153 Timon
1685 2100 1772 2153 ille
1797 2100 1939 2169 apud
1967 2100 2111 2153 anti—

530 2201 697 2254 quos,
728 2186 1073 2255 improbitate
1098 2188 1377 2243 hominum
1403 2189 1985 2247 fortassisintolerabili
2004 2208 2113 2247 mo-

534 2288 645 2340 tus,
680 2278 981 2347 prudenter
1013 2279 1193 2350 egisse
1248 2280 1467 2349 quidem
1510 2282 1661 2337 visus
1708 2294 1959 2351 est,cum
2013 2301 2112 2354 pro

530 2369 904 2438 philanthropo
932 2370 1325 2440 misanthropus
1356 2373 1544 2430 haberi
1577 2376 1807 2430 volebat.
1840 2376 1949 2447 Ego
1973 2380 2112 2432 mul-

532 2469 587 2513 to
622 2460 839 2528 quidem
892 2461 1096 2517 rectius
1146 2461 1391 2527 videbor,
1438 2480 1538 2535 pro
1582 2466 1778 2520 affectu
1827 2484 1935 2537 quo
1968 2483 2107 2533 sum,

531 2548 839 2617 misophilus
901 2550 1310 2607 nominandus:
1369 2569 1495 2609 nam
1559 2571 1683 2611 cum
1733 2558 1877 2613 inter
1908 2559 2112 2613 amicos

530 2642 668 2694 mira
694 2641 917 2711 quidem
968 2644 1187 2698 virtutis
1236 2645 1593 2702 admiratione
1637 2648 1742 2702 frui
1779 2650 2012 2715 viderer,
2043 2650 2111 2706 de

532 2731 793 2787 fruitione
837 2733 1159 2804 gaudebam,
1190 2744 1246 2789 et
1275 2737 1462 2791 statim
1493 2753 1618 2793 cum
1662 2740 1847 2794 dolore
1888 2740 2106 2806 acerbo,

532 2824 678 2885 inde,
732 2825 878 2894 quod
918 2842 1003 2881 me
1040 2828 1181 2881 male
1227 2828 1412 2895 habet,
1453 2832 1751 2898 exturbor;
1790 2833 1863 2886 ita
1903 2841 1961 2888 ut
1989 2834 2110 2904 qui-

530 2934 749 2987 cunque
781 2918 873 2973 ille
904 2929 987 2973 est
1012 2921 1104 2989 qui
1140 2920 1301 2975 telum
1329 2924 1433 2977 hoc
1466 2924 1519 2977 in
1543 2939 1629 2978 me
1654 2926 1969 2990 amentavit,
1996 2925 2109 2981 sive

2302 1367 2655 1436 ’Δπαγορεύω
2688 1384 2791 1432 σοι,
2813 1367 2981 1436 φίλων
3002 1369 3215 1439 ἄριστε,
3252 1367 3446 1438 μηκέτι
3475 1364 3631 1435 φίλον
3658 1365 3819 1435 ἠμέ-

2220 1474 2375 1529 τερον
2398 1459 2781 1529 ὀνομάζεσθαι.
2827 1461 2944 1515 Νῦν
2997 1460 3108 1529 γάρ
3153 1460 3324 1528 ἔγνων
3375 1458 3633 1529 ἐμαυτὸν,
3672 1457 3820 1526 περὶ¹

2220 1552 2345 1614 τοὺς
2370 1551 2767 1623 ἀληθεστάτους
2794 1554 3003 1623 φίλους,
3027 1552 3245 1608 πάντων
3264 1550 3568 1623 ἀνθρώπων
3598 1551 3817 1604 δυστυ-

2220 1636 2500 1705 χέστατον.
2548 1640 2605 1692 '0
2626 1640 2787 1703 καλὸς
2814 1642 2947 1711 ἡμῖν
2966 1642 3060 1694 καὶ
3090 1639 3280 1703 πιστός
3302 1640 3606 1708 οἰκονόμος,
3630 1641 3661 1693 ό
3688 1655 3815 1691 xor.-

2217 1726 2305 1791 νὸς
2335 1728 2487 1796 φίλος
2518 1730 2592 1797 (of
2628 1747 2718 1800 μοι
2748 1730 2891 1799 λέγω
2918 1730 3012 1783 καὶ
3040 1730 3236 1800 γράφω
3267 1729 3525 1797 σιγῶντος
3559 1728 3813 1795 ἐκείνου)

2216 1810 2388 1865 λιπὼν
2417 1816 2562 1883 ἡμᾶς
2594 1816 2720 1879 τοὺς
2749 1818 3140 1887 προσκαίρους,
3168 1818 3285 1871 ἀνθ’
3309 1818 3488 1887 ἡμῶν,
3518 1816 3599 1879 ὡς
3629 1816 3812 1878 ἔοικε,

2214 1906 2339 1969 τοὺς
2371 1908 2620 1973 αἰωνίους
2656 1909 2841 1978 φίλους
2861 1910 3162 1981 ἠλλάξατο·
3188 1910 3376 1982 ὥσπερ
3403 1913 3502 1965 ούκ
3530 1911 3812 1980 ἀνεχόμε-

2216 2014 2303 2060 νος
2333 1999 2536 2069 ἀρετὴν
2588 2000 2860 2071 τοσαύτην
2898 2004 3112 2072 καιροῖς
3143 2001 3405 2064 τοιούτοις
3434 2002 3811 2072 ἐμπολιτεύε-

2216 2090 2358 2143 σθαι.
2409 2091 2467 2143 Ὀ
2502 2092 2601 2161 μὲν
2620 2088 2712 2145 οὖν
2738 2092 2969 2157 παλαιὸς
2999 2095 3207 2155 ἐκεῖνος
3229 2093 3440 2163 Τίμων,
3465 2093 3810 2165 μοχθηρίαις

2214 2183 2434 2245 ἀτόποις
2452 2182 2549 2236 ἀνθ
2558 2183 2754 2254 ρώπων
2770 2184 2899 2248 ἴσως
2914 2186 3237 2256 περιτυχὼν,
3255 2185 3402 2253 ἔδοξέ
3412 2203 3465 2239 τι
3486 2187 3649 2254 σοφὸν
3674 2188 3805 2239 ἐπι-

2212 2276 2404 2339 τελεῖν,
2425 2276 2546 2330 ἀντὶ
2564 2276 3015 2345 φιλανθρώπου,
3058 2276 3498 2347 μισάνθρωπος,
3534 2279 3634 2332 καὶ
3659 2275 3804 2332 εἶναι

2213 2368 2307 2419 καὶ
2334 2368 2714 2437 ὀνομάζεσθαι.
2755 2367 2895 2437 Ἐγὼ
2923 2368 2979 2422 δὲ
3011 2369 3188 2439 πολλῷ
3224 2370 3291 2423 ἂν
3314 2371 3544 2439 φανείην
3586 2371 3801 2423 δικαιό-

2212 2475 2368 2529 τερα,
2400 2455 2574 2529 οἶμαι,
2602 2459 3091 2532 διαπραττόμενος,
3113 2461 3228 2515 ἀνθ’
3257 2456 3425 2533 οὗπέρ
3456 2462 3599 2532 είμι,
3619 2465 3802 2531 μισό-

2211 2553 2392 2619 εριλος
2422 2550 2675 2619 γενέσθαι
2706 2552 3106 2623 διανοούμενος.
3121 2552 3233 2622 Τῆς
3250 2554 3358 2625 γὰρ
3383 2555 3442 2607 ὲν
3463 2554 3643 2623 φίλοις
3671 2554 3801 2607 θαυο

2215 2642 2427 2713 μαστῆς
2456 2642 2651 2713 ἡλίκης
2685 2644 2890 2715 ἀρετῆς
2936 2644 3232 2699 ἀπολαύειν
3290 2646 3625 2717 ἀρχόμενος,
3681 2648 3796 2716 ἅμα

2217 2731 2319 2803 μὲν
2365 2732 2541 2804 χαίρω
2598 2733 2699 2803 τῆς
2746 2734 3134 2801 ἀπολαύσεως,
3171 2736 3287 2806 ἅμα
3315 2737 3373 2790 δὲ
3429 2736 3554 2790 λίαν
3584 2737 3795 2807 πικρῶς

2209 2823 2509 2894 ἀνιώμενος
2537 2865 2552 2889 ,
2602 2825 2808 2897 ταύτης
2845 2827 3047 2891 ἀθλίως
3085 2827 3421 2899 ἐλαύνομαιο
3486 2827 3683 2900 ὥσπερ
3712 2830 3793 2883 ἴνα

2214 2916 2373 2986 μόνον
2402 2916 2618 2990 λυπήσῃ
2678 2919 2772 2972 καὶ
2822 2919 2922 2989 τὴν
2957 2919 3310 2991 συναίσθησιν
3367 2920 3479 2974 τῶν
3524 2922 3793 2991 ἀλγεινῶν

534 3026 600 3061 ex
634 3009 838 3063 invidia
895 3011 1011 3066 sive
1065 3012 1286 3068 aliunde
1337 3026 1538 3083 motus,
1572 3016 1623 3071 id
1664 3020 1771 3088 egit
1805 3028 2015 3074 tantum
2051 3029 2109 3075 ut

2213 3007 2482 3078 ἀφόρητον
2515 3010 2795 3082 ἑπαφήσῃ,
2836 3008 2928 3064 διά
2971 3010 3129 3065 τοῦτο
3186 3011 3350 3083 μόνον
3387 3013 3493 3083 τῆς
3534 3015 3794 3084 τοιαύτης

531 3100 821 3165 cruciaret,
850 3110 905 3155 et
948 3102 1015 3157 de
1048 3104 1325 3174 voluptate
1377 3108 1634 3161 extremis
1664 3110 1817 3178 quasi
1848 3110 2107 3165 labeculis

532 3189 973 3275 degustaremus.
1007 3193 1171 3249 Extra
1218 3212 1306 3251 me
1336 3199 1515 3267 rapior
1552 3200 1620 3254 ab
1664 3200 1729 3255 iis
1766 3218 1887 3271 qua:
1907 3202 2102 3273 patior,

530 3297 635 3334 nec
667 3290 750 3335 est
797 3284 941 3351 quod
987 3283 1164 3338 dicam
1192 3286 1357 3351 aliud,
1391 3304 1559 3357 quam
1588 3291 1731 3360 quod
1747 3293 1971 3349 omnino
1998 3293 2106 3348 mei

530 3388 639 3425 non
692 3374 768 3429 sis
813 3376 1095 3445 misertus,
1126 3394 1227 3434 nec
1256 3396 1377 3435 cum
1428 3382 1483 3437 in
1515 3383 1767 3439 exsilium
1811 3386 2103 3457 relegarer,

529 3476 633 3517 nec
668 3479 791 3518 cum
819 3466 873 3519 in
899 3466 1116 3523 vincula
1148 3471 1474 3541 eonjicerer,
1504 3489 1607 3529 nec
1656 3475 1713 3528 in
1742 3476 1922 3545 aliqua
1956 3493 2105 3533 mea-

531 3569 649 3609 rum
680 3555 877 3625 quibus
904 3560 1203 3617 exbaurior
1246 3564 1589 3619 miseriarum
1617 3582 1633 3619 :
1675 3566 1726 3620 in
1775 3568 1926 3621 nullo
1957 3569 2103 3639 ipso-

528 3664 655 3702 rum
686 3650 982 3716 emollitus,
1046 3668 1246 3726 magno
1303 3656 1509 3727 impetu
1554 3659 1789 3713 amicum
1827 3670 2104 3731 arreptum

528 3756 673 3795 ame
723 3744 995 3810 avulsisti,
1049 3748 1143 3815 qui
1200 3749 1356 3814 abiit,
1408 3751 1684 3806 stimulum
1738 3754 1994 3807 acerbum
2049 3763 2105 3809 et

524 3832 876 3888 inflexibilem
900 3835 1081 3890 medio
1107 3852 1229 3892 meo
1249 3838 1399 3893 cordi
1430 3840 1677 3911 infigens.
1725 3842 1831 3897 Sed
1857 3842 2104 3899 fortassis

458 3991 473 4007 λ
524 3925 673 3977 haud
701 3925 1023 3981 diuturnum
1063 3930 1168 3984 erit
1206 3939 1441 4001 tempus,
1466 3942 1521 3986 et
1544 3934 1763 4002 penitus
1799 3934 1903 3989 hoc
1929 3936 2101 3990 conﬁ-

524 4019 632 4071 ciet
653 4018 835 4088 (istud
870 4021 1016 4075 enim
1061 4024 1256 4089 solum,
1283 4035 1472 4095 utpote
1503 4027 1556 4080 in
1593 4028 1759 4081 tantis
1785 4029 1962 4094 malis,
2002 4045 2103 4084 nos

524 4109 829 4183 refrigerat)
856 4121 911 4168 et
938 4114 1004 4168 ad
1056 4115 1420 4171 desideratum
1467 4120 1625 4174 nobis
1667 4120 1993 4175 exturbabit.
2020 4120 2101 4175 Tu

524 4209 727 4267 autem,
756 4217 788 4257 ο
814 4202 938 4257 vita:
966 4220 1101 4259 meae
1136 4207 1378 4261 solamen
1418 4208 1611 4273 solum,
1659 4211 1805 4265 vale:
1839 4226 1926 4265 me
1956 4227 2097 4276 ama,

523 4291 808 4360 exsequias
840 4308 961 4347 mea
990 4296 1109 4350 vice
1154 4296 1379 4367 perfice,
1426 4309 1585 4369 prout
1611 4300 1838 4371 dignum
1868 4311 1958 4356 tua
1986 4304 2098 4357 vir-

2212 3099 2406 3170 ήδονῆς
2434 3102 2578 3171 ἡμᾶς
2607 3103 2907 3170 γεύσαντος
2944 3103 3062 3169 τοῦ,
3092 3104 3241 3168 ὅστις
3269 3104 3401 3158 ποτὲ
3448 3107 3606 3159 ἑστιν
3648 3110 3790 3161 ἐκεῖ·

2212 3208 2299 3253 νος
2356 3195 2385 3245 ό
2440 3193 2756 3263 τηλικοῦτον
2811 3195 2933 3249 καθ’
2962 3196 3120 3266 ἡμῶν
3174 3196 3337 3267 ῥίψας
3361 3196 3424 3250 τὸ
3456 3198 3635 3267 βέλος,
3683 3200 3789 3252 εἴτε

2212 3283 2423 3352 φθόνος,
2449 3285 2557 3339 εἴτε
2584 3286 2761 3356 ψῆφος
2787 3288 2941 3358 άλλη.
2973 3288 3256 3359 Ἐξάγοιμι
3284 3289 3392 3360 γὰρ
3425 3291 3535 3344 ὑπὸ
3572 3291 3668 3345 τοῦ
3692 3294 3791 3346 πά-

2212 3377 2357 3443 θους,
2390 3377 2485 3431 καὶ
2512 3378 2615 3432 οὐκ
2642 3378 2752 3447 ἔχω
2778 3378 2832 3432 τί
2886 3378 3027 3431 είπω
3060 3379 3201 3449 πλὴν
3225 3381 3306 3433 ὅτι
3337 3380 3414 3451 μὴ
3449 3381 3788 3451 κατελέησας

2209 3471 2242 3540 η
2252 3470 2379 3539 μᾶς,
2410 3470 2548 3541 μήτε
2574 3470 2674 3539 τῆς
2701 3470 3018 3543 ὑπερορίας,
3051 3474 3186 3542 μήτε
3219 3471 3322 3541 τῆς
3348 3472 3627 3542 φυλακῆς,
3653 3475 3787 3543 μήτε

2208 3562 2318 3615 τῶν
2372 3562 2547 3615 ἄλλων
2600 3562 2871 3631 χαλεπῶν,
2911 3556 2992 3624 οἷς
3018 3563 3108 3615 τὸν
3137 3562 3251 3629 βίον
3292 3563 3783 3633 περιαντλούμεθα.

2222 3656 2358 3709 Ὑπὸ
2398 3655 2624 3726 μηδενὸς
2645 3656 2852 3711 τούτων
2878 3656 3239 3727 δυσωπηθεὶς,
3267 3656 3448 3710 λαὸὼν
3473 3658 3669 3729 ἀθρόον
3693 3659 3786 3710 καὶ

2208 3747 2512 3811 διασπάσας
2566 3746 2659 3817 ἀφ’
2715 3748 2872 3819 ἡμῶν
2895 3749 2988 3801 τὸν
3037 3748 3190 3817 φίλον
3216 3750 3428 3819 οἴχεται
3478 3750 3668 3819 πικρὸν
3689 3753 3783 3801 καὶ

2209 3841 2581 3913 ἀπαραίτητον
2605 3841 2745 3895 κατὰ
2772 3842 2945 3912 μέσης
2967 3843 3138 3913 αὐτῆς
3179 3842 3412 3913 καρδίας
3451 3843 3506 3895 τὸ
3552 3844 3776 3913 κέντρον

2209 3935 2479 4005 ἐμπήξας.
2517 3933 2656 3987 Ἀλλ’
2679 3936 2812 3998 ῐσως
2843 3936 2904 3989 ού
2970 3936 3135 4000 πολὺς
3168 3937 3364 4007 χρόνος
3419 3938 3506 3990 καὶ
3553 3937 3777 3998 τελείως

2208 4024 2411 4092 ταύτην
2444 4024 2869 4094 διεργασάμενος
2908 4023 3097 4095 (τοῦτο
3116 4024 3223 4094 γὰρ
3246 4023 3323 4088 ὡς
3357 4026 3418 4077 ὲν
3443 4023 3782 4093 τηλικούτοις

2207 4117 2398 4178 κακοῖς
2421 4116 2568 4186 ἡμᾶς
2601 4115 2763 4185 μόνον
2792 4114 3079 4184 ἀναψύχει)
3120 4115 3255 4185 πρὸς
3306 4114 3401 4168 τὸν
3448 4114 3785 4183 ποθούμενον

2207 4207 2486 4260 ἀπελάσει.
2519 4206 2591 4259 Σὺ
2618 4205 2696 4272 δὲ,
2732 4204 2777 4258 ὥ
2800 4223 2892 4275 μοι
2924 4206 3108 4257 λοιπὸν
3126 4204 3219 4258 τοῦ
3257 4204 3372 4275 βίου
3407 4204 3785 4275 παραμύθιον,

2206 4299 2416 4369 ἔρρωσο
2440 4338 2455 4363 ,
2505 4298 2599 4350 καί
2635 4314 2702 4367 με
2730 4296 2904 4365 φίλει*
2951 4297 3046 4350 κα)⁸
3083 4297 3183 4366 τὴν
3213 4296 3365 4348 ὁσίαν
3420 4297 3643 4366 ἐκείνῳ,
3671 4297 3764 4349 άνθ

523 4393 636 4437 tute
667 4394 723 4437 et
746 4385 908 4451 [illius
941 4388 1179 4443 amicitia
1225 4367 1502 4455 fuerit,'et
1530 4407 1651 4447 meo
1673 4367 1821 4448 vloco
1854 4395 2099 4465 cognatis

2213 4367 2379 4459 ἡμῶν,
2410 4386 2572 4453 ἀξίως
2604 4387 2701 4456 τῆς
2735 4388 2837 4459 σῆς
2858 4386 3059 4456 ἀρετῆς
3078 4388 3174 4440 καὶ
3203 4386 3305 4456 τῆς
3334 4387 3555 4440 ἐκείνου
3581 4388 3783 4456 φιλίας,

519 4486 573 4528 et
604 4474 852 4532 allinibus
883 4487 939 4533 et
962 4480 1281 4551 tibimetipsi
1310 4493 1529 4537 curator
1560 4495 1616 4540 et
1640 4496 1904 4555 patronus
1964 4503 2101 4543 con-

519 4564 764 4630 stitutus,
781 4567 951 4622 alleva
977 4584 1227 4640 magnam
1243 4572 1443 4629 doloris
1468 4576 1897 4647 partem.Neque
1926 4579 2095 4645 enim,

520 4657 742 4723 Opinor,
777 4658 1005 4715 facultas
1039 4670 1147 4730 est,
1176 4664 1433 4719 defuncto
1460 4669 1637 4722 amico
1667 4670 1884 4725 aliunde
1912 4673 2095 4740 cpitu-

2198 4478 2458 4543 ἐπιτέλει,
2510 4478 2609 4531 καλ⁸
2629 4477 2738 4531 τῶν
2765 4478 3043 4547 συγγενῶν
3080 4479 3174 4533 καὶ
3203 4480 3424 4532 οἰκείων
3474 4479 3599 4533 ἀνθ’
3628 4480 3783 4551 ἡμῶν

2198 4569 2291 4622 καὶ⁵
2315 4566 2514 4622 σαυτοῦ
2545 4569 2857 4639 προστάτης
2902 4568 2997 4622 καὶ⁵
3048 4568 3302 4639 κηδεμὼν
3353 4570 3782 4641 καθιστάμενος,

2194 4661 2418 4732 κούφιζε
2447 4662 2509 4715 τὸ
2537 4662 2673 4715 πολὺ
2697 4661 2792 4715 τοῦ
2822 4660 3028 4724 πάθους
3064 4678 3078 4693 ·
3127 4660 3256 4715 άλλο
3291 4663 3401 4731 γὰρ
3430 4664 3590 4743 οὐδέν
3636 4666 3785 4717 ἐστιν

516 4743 640 4800 lari.
676 4746 839 4803 Certe
887 4751 1041 4821 plura
1075 4768 1163 4808 me
1211 4756 1449 4811 scribere
1508 4759 1780 4814 volentem
1809 4762 2094 4819 inhibuere

2213 4750 2347 4824 »ίμαι
2376 4754 2453 4825 τῷ
2475 4754 2711 4825 κειμένῳ
2736 4756 3187 4822 συνεισενεγκεῖν.
3214 4753 3277 4808 El
3303 4756 3350 4807 δ’
3371 4756 3456 4807 ἔτι
3492 4757 3590 4809 καὶ
3619 4756 3783 4809 πλέον

515 4836 765 4910 lacrymae
784 4842 1144 4911 profusiores.

1135 5042 1355 5098 EPIST.
1384 5044 1567 5103 LXIII.

1031 5132 1294 5190 Damiano
1316 5143 1632 5195 xenodocho.

2202 4846 2394 4918 ἤθελον
2423 4848 2655 4919 γράφειν
2677 4886 2692 4910 ,
2725 4845 2860 4899 ἀλλά
2897 4846 3253 4916 σφοδρότερον
3288 4846 3416 4916 ρἑν
3449 4847 3687 4918 ἐπέσχεν
3715 4850 3784 4901 τὸ

2200 4939 2438 5008 δάκρυον
2468 4938 2568 5007 τὴν
2621 4938 2859 5007 γραφήν.

2792 5050 3015 5102 ΕΠΙΣΤ.
3047 5049 3163 5102 ΞΡ.

2650 5137 2922 5208 Δαμιανῷ
2957 5137 3298 5206 ιξενοδόχῳ.

1740 5252 2007 5306 Montacut.
2047 5261 2149 5324 (ep.
2187 5260 2296 5318 112,
2332 5271 2379 5319 p.
2414 5254 2545 5314 155)-

578 5324 716 5379 Cum
776 5334 921 5379 tacet
959 5330 1052 5396 qui
1109 5332 1358 5403 injuriam
1414 5338 1636 5407 patitur,
1690 5342 1862 5396 multo
1917 5346 2087 5417 magis

2257 5345 2331 5397 Τὸ
2360 5342 2517 5411 σιγᾷν
2578 5336 2953 5405 ἀδικούμενον,
3011 5337 3234 5407 μείζονα
3289 5336 3401 5388 τῶν
3436 5335 3780 5390 ἀδικούντων

502 5414 833 5469 allicientem
894 5424 1207 5481 convincit:
1254 5440 1403 5499 patet
1432 5432 1576 5485 enim
1610 5434 1754 5502 quod
1806 5436 1909 5490 nisi
1934 5414 2085 5494 sum-

2213 5437 2420 5490 ποιεῖται
2471 5431 2564 5484 τὸν
2611 5430 2851 5499 ἔλεγχον
2878 5428 3035 5497 δῆλον
3078 5427 3189 5499 γὰρ
3231 5427 3308 5490 ὡς
3338 5429 3387 5480 εἰ
3421 5428 3498 5501 μὴ
3522 5431 3781 5500 μεγάλην

504 5519 651 5558 mam
680 5514 736 5560 et
767 5506 1201 5579 inexplicabilem
1229 5520 1480 5590 injuriam
1506 5522 1862 5595 irrogantium
1887 5527 2081 5583 crude-

2219 5528 2304 5580 ινὰ
2358 5525 2449 5579 καὶ
2503 5523 2911 5594 ἀνυπέρΰλητον
2951 5521 3059 5576 τῶν
3120 5522 3461 5577 ἀδικούντων
3502 5523 3778 5593 ὡμότητα

582 5679 611 5720 ς
643 5671 729 5727 τοι.
772 5672 907 5728 ἐκεῖ.
1772 5621 2005 5678 VARUE
2038 5621 2449 5679 LECTIONES.
