4080 6420
247 320 352 383 877

1402 309 1937 370 EPISTOLARUM
1977 308 2207 370 LIBER
2249 309 2331 369 II.

3383 306 3489 371 878

249 427 678 498 κατεγίνωσκεν,
710 426 810 481 οὐκ
836 424 901 480 ἂν
927 425 1086 496 ἀφεὶς
1104 425 1165 479 τὸ
1193 425 1365 479 κινεῖν
1390 426 1479 478 ἐπ’
1511 424 1678 490 ἔλεον,
1702 425 1818 479 ἀντὶ

1925 424 2131 477 litatem
2166 423 2410 487 sentiret,
2444 436 2550 475 non
2584 436 2645 475 ea
2691 420 2983 487 omisisset,
3017 437 3139 494 qua
3169 437 3390 480 movere
3419 421 3487 480 ad

247 522 438 576 τούτου
467 537 527 574 τε
557 518 653 573 καὶ
675 517 782 572 τῶν
809 517 1033 571 δικαίων
1055 516 1251 584 λόγων,
1271 517 1369 586 τὴν
1393 516 1602 585 σιωπὴν
1630 514 1821 582 ἐστερ-

246 630 343 682 γεν
366 630 380 643 ·
415 611 528 667 ἀλλ’
558 614 588 664 6
622 612 721 682 μὲν
745 608 1011 680 δυστυχὴς
1038 611 1243 673 ἐκεῖνος
1282 609 1377 661 καὶ
1420 608 1587 678 πένης
1612 607 1821 677 ἀνθρω-

246 724 373 771 πος,
413 704 542 775 περὶ
575 698 636 758 οῦ
658 703 754 759 καὶ
782 703 912 773 πρὶν
939 700 1175 773 ἔγραψα,
1201 701 1514 772 ἠδικηκέναι
1551 702 1650 771 μὲν
1676 702 1820 779 ὑμᾶς

245 797 501 868 ὁμολογεῖ
523 837 539 861 ,
574 793 672 850 καὶ
727 795 836 846 τῶν
890 794 1240 864 ἀδικημάτων
1300 794 1399 848 οὐκ
1453 793 1667 857 ἄλλους,
1702 793 1819 847 ἀλλ’

248 887 394 957 ὑμᾶς
424 884 690 954 ἐπάγεται
745 883 1051 954 μάρτυρας.
1090 883 1285 951 Κύριοι
1316 884 1425 955 γὰρ
1470 883 1565 937 νῦν
1605 883 1820 947 ἀξιοῦτε

246 978 501 1048 γενέσθαι
522 971 598 1031 ὧν
624 977 900 1048 τυραννίδι
924 976 1018 1032 καὶ
1043 975 1133 1046 βίᾳ
1162 975 1259 1047 τὴν
1281 974 1528 1043 ἐξουσίαν
1559 974 1818 1047 προειλή-

246 1088 407 1141 φατε.
454 1070 676 1125 ’Δνίατα
701 1068 757 1122 δὲ
790 1072 986 1132 νοσεῖν,
1013 1069 1106 1123 καὶ
1130 1068 1414 1139 κρείττους
1435 1065 1573 1122 εἷναι
1596 1067 1818 1138 διορθώ-

247 1175 385 1222 σεως
413 1157 508 1213 καὶ
534 1158 923 1229 μεταμελείας,
948 1157 1102 1211 οὔπω
1124 1158 1434 1227 κατέγνωκε
1459 1176 1474 1191 ·
1504 1158 1591 1212 διὰ
1637 1156 1816 1221 τοῦτο,

246 1251 341 1303 καὶ
368 1248 554 1319 φίλους
576 1252 909 1320 περινοστεῖ,
942 1250 1037 1305 καὶ
1066 1250 1259 1318 λόγους
1294 1250 1591 1319 φθέγγεται
1646 1250 1812 1304 ἐλεει-

245 1340 389 1402 νοὺς,
423 1340 515 1392 καὶ
542 1338 650 1409 πρὸ
680 1338 901 1402 τούτων,
926 1339 1116 1409 ὥσπερ
1149 1341 1433 1412 ἱκετηρίαν
1454 1382 1469 1406 ,
1516 1341 1646 1397 αὐτὸ
1678 1359 1813 1413 προ-

243 1429 405 1481 τείνει
463 1430 523 1481 τὸ
575 1428 817 1482 δίκαιον
870 1429 970 1482 οὐκ
1027 1431 1086 1483 ὲν
1121 1434 1235 1494 τοῖς
1270 1432 1467 1497 ἔξωθεν
1488 1434 1812 1504 κριτηρίοις,

244 1519 361 1571 ἀλλ’
389 1521 448 1571 ἐν
476 1519 661 1589 μέᾶοις
690 1519 883 1590 φίλοις,
919 1522 1014 1575 καὶ
1035 1522 1128 1575 ἐπὶ
1151 1521 1247 1576 τοῦ
1276 1522 1517 1593 βήματος
1540 1525 1639 1594 τῆς
1662 1525 1816 1595 ὑμῶν

246 1611 631 1682 συνειδήσεως.
662 1614 727 1666 El
756 1613 801 1667 δ’
828 1614 909 1667 ἔτι
946 1614 1111 1686 μηδὲν
1143 1616 1379 1686 χρηστὸν
1426 1616 1560 1686 μηδέ
1606 1617 1815 1671 δίκαιον

245 1704 378 1773 περὶ
402 1703 565 1758 αὑτὸν
616 1706 927 1777 ἐννοήσητε,
966 1707 1088 1777 μηδ’
1128 1707 1352 1761 ἐκείνων
1384 1707 1533 1777 αὐτῷ
1583 1709 1814 1779 ἐκστῆτε

242 1793 281 1848 ἃ
308 1795 620 1866 τυραννίδος
652 1795 814 1866 νόμος
848 1796 1013 1851 αὑτοῦ
1044 1798 1143 1867 μὲν
1179 1799 1447 1869 ἥρπασεν,
1480 1799 1607 1868 ὑμῖν
1636 1798 1693 1851 δὲ
1735 1801 1820 1852 ἐν·

243 1888 536 1958 εχείρισεν,
577 1889 713 1951 ίστε,
748 1889 824 1953 ὡς
849 1890 986 1960 ὅπερ
1013 1891 1218 1954 ἐκεῖνος
1248 1892 1275 1944 6
1301 1891 1389 1960 ὑφ’
1421 1890 1572 1960 ὑμῶν
1602 1890 1817 1944 ἀδικού-

247 1997 410 2049 μενος
438 1982 615 2033 είπεῖν
669 1980 798 2034 καθ’
818 1981 972 2052 ὑμῶν
994 1981 1318 2052 ἐφυλάξατο,
1344 1982 1497 2035 αὐτοὶ
1532 1983 1655 2037 καθ’
1695 1985 1820 2038 ἐαυ-

240 2069 375 2134 τῶν,
396 2069 484 2124 διά
520 2071 628 2124 τῶν
655 2070 855 2143 ιργων,
888 2071 951 2125 τδ
982 2071 1287 2142 χειρίστους
1330 2071 1634 2142 ἀνθρώπων
1677 2066 1815 2127 εἶναι

246 2161 466 2216 πάντων
489 2161 851 2234 ἐψηφίσασθε.

849 2360 1076 2415 ΕΠΙΣΤ.
1106 2360 1222 2414 ΞΔ’.

454 2451 759 2523 Γρηγορίῳ
782 2451 1040 2509 διακόνῳ
1072 2451 1169 2505 καί
1203 2454 1601 2521 χαρτυλαρίῳ.

1920 518 2348 574 misericordiam
2396 526 2640 588 possent,
2675 532 2778 572 nec
2830 517 3106 574 silentium
3160 521 3488 591 praetulisset

1916 612 2077 680 iusta:
2132 607 2454 680 injuriarum
2497 610 2875 679 deplorationi.
2921 610 3083 666 Miser
3109 621 3290 667 autem
3325 612 3412 668 ille
3434 621 3491 668 et

1918 715 2140 770 pauper,
2200 699 2255 753 in
2307 700 2463 768 cujus
2496 701 2819 770 jampridem
2869 716 3032 756 causa
3076 702 3143 757 ad
3194 709 3246 755 te
3280 702 3490 758 litteras

1919 790 2064 858 dedi,
2094 790 2295 847 fatetur
2320 800 2374 846 te
2400 792 2653 862 injuriam
2686 792 2955 859 intulisse,
2977 793 3297 864 iniuriarum
3326 810 3489 865 porro

1922 883 2195 939 illatarum
2255 883 2402 939 haud
2448 885 2583 940 alios
2633 894 2799 940 testes
2841 900 3002 954 quam
3060 886 3294 956 teipsum
3336 886 3489 941 citat.

1918 976 2207 1031 Dominum
2261 991 2449 1030 earum
2484 990 2662 1030 rerum
2714 976 2900 1031 haberi
2943 984 2995 1030 te
3027 976 3109 1031 vis
3163 977 3486 1048 legitimum,

1917 1083 2054 1137 quas
2079 1068 2195 1138 iper
2227 1068 2338 1122 vim
2384 1076 2440 1122 et
2480 1067 2817 1139 tyrannidem
2851 1068 3002 1137 prius
3046 1068 3335 1122 abstulisti.
3370 1067 3489 1123 Non

1918 1168 2101 1215 tamen
2128 1162 2415 1231 desperato
2440 1161 2628 1215 morbo
2648 1161 2822 1216 teneri
2847 1170 2919 1225 te,
2937 1160 3019 1215 vel
3051 1161 3358 1222 incurabili,
3388 1175 3491 1215 nec

1917 1253 2238 1323 pmnitentia
2287 1253 2628 1325 corrigendo,
2674 1251 2984 1307 arbitratur.
3036 1252 3243 1307 Idcirco
3287 1251 3489 1321 passim

1915 1344 2119 1399 amicos
2177 1344 2309 1411 adit,
2372 1360 2653 1401 sermones
2708 1344 2840 1400 serit
2914 1343 3272 1408 miserabiles,
3314 1352 3490 1414 atque

1916 1436 2164 1508 inprimis
2190 1438 2281 1508 jus
2340 1437 2517 1508 ipsum
2558 1438 2964 1508 deprecatorem
3007 1436 3168 1492 oﬂ‘ert
3198 1451 3212 1489 :
3237 1450 3339 1491 nec
3371 1450 3489 1490 rem

1918 1528 2065 1599 apud
2104 1528 2343 1585 forensia
2395 1530 2686 1584 tribunalia
2724 1538 2939 1594 tractat,
2995 1529 3089 1586 sed
3119 1528 3309 1584 amicis
3344 1528 3493 1583 arbi-

1919 1622 2043 1687 tris,
2073 1630 2129 1676 et
2176 1622 2243 1675 ad
2282 1621 2519 1676 tribunal
2552 1621 2901 1676 conscientia:
2932 1630 3060 1675 tute.
3111 1620 3169 1675 Si
3193 1620 3371 1675 adhuc
3412 1619 3491 1673 nil

1921 1711 2231 1774 humanius,
2272 1710 2409 1764 nihil
2452 1725 2574 1764 cum
2604 1710 2812 1779 justitia
2867 1712 3239 1780 conjunctum,
3274 1719 3487 1765 statuas

1924 1802 1981 1856 in
2009 1802 2113 1857 hac
2142 1802 2262 1872 ejus
2315 1817 2500 1867 causa,
2545 1816 2648 1855 nec
2676 1800 2871 1857 cedere
2902 1801 3039 1857 velis
3086 1801 3490 1870 possessionem

1923 1908 2110 1948 eorum
2135 1908 2384 1964 quaa‘per
2435 1893 2800 1964 tyrannidem,
2831 1907 2939 1947 non
2970 1892 3166 1963 legem,
3200 1891 3488 1955 abstulisti,

1923 1986 2084 2052 scias,
2121 1986 2266 2055 quod
2311 1992 2586 2055 utcunque
2615 1985 2704 2039 ille
2734 1999 2896 2054 quem
2923 1993 2978 2039 tu
3032 1997 3325 2055 pauperem
3353 1982 3490 2038 aﬂ‘e-

1923 2075 2043 2129 cisti
2073 2074 2290 2143 injuria,
2321 2074 2375 2127 id
2403 2090 2512 2128 non
2541 2083 2731 2129 contra
2755 2084 2809 2128 te
2835 2073 3053 2140 dixerit,
3095 2081 3264 2128 temet
3307 2080 3490 2126 tamen

1922 2169 2113 2216 contra
2158 2171 2210 2216 te
2266 2162 2523 2226 sciscere,
2560 2177 2656 2231 per
2684 2178 2746 2217 ea
2792 2177 2913 2232 qua:
2950 2171 3254 2231 perpetras,
3288 2175 3410 2216 esse
3438 2170 3499 2215 te

1921 2253 2178 2307 nimirum
2209 2254 2451 2309 omnium
2484 2254 2764 2309 hominum
2804 2253 3221 2323 nequissimum.

2482 2367 2695 2422 EPIST.
2746 2367 2928 2421 LXIV.

2232 2458 2481 2529 Gregorio
2515 2460 2736 2513 diacono
2766 2468 2815 2513 et
2848 2458 3191 2512 chartulario.

1468 2543 1732 2596 Montacut.
1771 2546 1874 2611 (ep.
1910 2550 2020 2609 115,
2051 2563 2100 2611 p.
2133 2550 2265 2613 155),

328 2650 763 2720 Ἀναθεμάτισαν
790 2650 939 2721 ἡμᾶς
964 2648 1178 2721 χρόνοις
1213 2652 1465 2722 μακροῖς,
1513 2653 1662 2706 πᾶσα
1689 2652 1816 2707 σύν-

242 2744 363 2807 οδος
385 2742 661 2813 αἱρετικὴ,
692 2741 787 2796 καὶ¹
818 2742 927 2795 πᾶν
956 2742 1345 2813 Είκονομάχων
1375 2743 1651 2815 συνέδριον
1675 2762 1690 2776 ·
1719 2748 1817 2817 οὐχ

243 2836 395 2906 ἡμᾶς
447 2834 504 2887 δὲ
533 2834 691 2904 μόνον
710 2874 727 2899 ,
756 2833 892 2886 ἀλλὰ
939 2834 1037 2887 καὶ⁸
1067 2833 1282 2905 πατέρα
1314 2835 1410 2889 καὶ
1440 2836 1582 2890 θεῖον
1629 2838 1820 2907 ἡμέτε-

245 2946 362 3001 ρον,
431 2927 628 2998 ἄνδρας
676 2926 1014 2997 ὁμολογητὰς
1058 2927 1316 2997 Χριστοῦ,
1375 2930 1468 2984 καὶ
1517 2931 1817 3001 ἀρχιερέων

248 3016 631 3087 σεμνολόγημα
650 3021 665 3036 ’
690 3015 807 3070 ἀλλ’
842 3015 1361 3088 ἀναθεματίσαντες,
1397 3021 1477 3082 είς
1501 3020 1593 3074 τὸν
1634 3022 1821 3092 ἀρχιεο

252 3108 473 3178 ρατικὸν
514 3107 701 3180 θρόνον
757 3108 907 3179 ἡμᾶς
963 3109 1241 3179 ἀνήγαγον
1291 3112 1491 3183 καὶμὴ
1544 3112 1819 3179 Θέλοντας·

246 3199 790 3269 ἀναθεματιζὲτωσαν
832 3201 1123 3271 τοιγαροῦν
1160 3202 1254 3255 καὶ
1292 3202 1388 3256 νῦν
1437 3204 1486 3255 οί
1532 3205 1825 3276 παραπλη-

250 3292 382 3355 σίως
411 3292 638 3354 ἐκείνοις
666 3292 777 3347 τῶν
801 3294 1150 3347 Δεσποτικῶν
1176 3294 1403 3350 ἐντολῶν
1427 3296 1792 3367 ἀλογήσαντες
1808 3338 1823 3359 ,

1992 2654 2352 2710 Anathemate
2385 2670 2487 2710 nos
2520 2656 2869 2725 perculerunt
2911 2654 3229 2725 jamdudum
3258 2655 3495 2726 synodus

1921 2748 2198 2813 haeretica,
2229 2757 2285 2803 et
2326 2748 2613 2802 universus
2651 2747 3132 2803 lconomachorum
3162 2761 3490 2812 consessus;

1921 2854 2025 2894 nec
2065 2853 2167 2893 nos
2208 2848 2442 2902 tantum,
2475 2838 2570 2893 sed
2619 2847 2674 2892 et
2703 2846 2910 2907 patrem
2944 2846 3000 2891 et
3037 2844 3290 2907 patruum
3330 2836 3493 2891 etiam

1923 2939 2192 2993 nostrum,
2226 2931 2373 2985 viros
2406 2929 2609 2985 Christi
2638 2929 3004 2996 confessores,
3031 2938 3085 2984 et
3111 2931 3493 3001 episcoporum

1922 3022 2167 3093 gloriam,
2214 3022 2308 3078 sed
2347 3032 2526 3078 tamen
2565 3022 3081 3077 anathematizatum
3133 3023 3189 3078 in
3234 3024 3495 3079 thronum

1921 3115 2438 3185 archiepiscopalem
2486 3115 2824 3171 intruserunt
2872 3130 2982 3170 non
3021 3116 3333 3181 volentem;
3364 3130 3496 3169 ana-

1924 3206 2199 3272 themate,
2279 3221 2428 3261 nunc
2494 3208 2656 3261 etiam
2725 3222 2836 3261 non
2898 3207 3077 3262 minus
3120 3207 3318 3262 feriant
3384 3207 3494 3270 illi.

1926 3298 2139 3352 Domini
2177 3299 2430 3354 mandata
2460 3298 2719 3353 facientes
2745 3299 2919 3364 ﬂocci,
2961 3300 3056 3355 sed
3092 3310 3148 3355 et
3185 3308 3492 3371 transgres-

246 3384 343 3437 καὶ
393 3382 744 3454 παρανομίας
796 3385 1016 3457 ἁπάσης
1066 3385 1325 3440 πλατεῖαν
1376 3385 1478 3458 τὴν
1511 3388 1686 3460 πύλην
1736 3388 1818 3442 καλ

1928 3388 2063 3442 sioni
2091 3388 2395 3459 cuicunque
2417 3390 2715 3458 spatiosum
2756 3399 2808 3443 et
2845 3390 3082 3458 amplum
3122 3400 3339 3459 portum
3364 3406 3494 3461 ape-

245 3472 555 3544 εὐρύχωρον
580 3473 1040 3538 ἀναπετάσαντες,
1071 3474 1158 3528 ἵνα
1181 3475 1275 3529 καὶ
1304 3476 1456 3529 αὐτοὶ
1481 3477 1587 3531 ἀπὸ
1617 3481 1719 3550 γῆς
1741 3480 1820 3541 είς

244 3564 346 3634 τὴν
394 3565 643 3636 οὐράνιον
680 3566 828 3637 ἡμᾶς
860 3564 1139 3637 βασιλείαν
1169 3567 1263 3622 καὶ
1294 3567 1586 3634 ὀκνοῦντας
1638 3569 1826 3624 ἀναϐι-

244 3655 504 3711 σάσωσιν.

870 3749 1094 3803 ΕΠΙΣΤ.
1124 3749 1240 3803 EE’.

456 3840 728 3911 Γεωργίῳ
753 3840 1013 3904 διακόνῳ
1041 3843 1144 3896 καὶ
1169 3843 1611 3913 ὀρφανοτρόφῳ.

1929 3481 2152 3547 rientes,
2206 3482 2260 3535 in
2305 3497 2428 3536 eum
2461 3481 2626 3535 tinem
2681 3490 2742 3536 ut
2762 3496 2848 3536 me
2899 3482 2966 3537 de
3000 3483 3223 3538 terrain
3271 3482 3491 3539 cmieste

1925 3588 2149 3645 regnum
2188 3575 2577 3630 transmittant.

2517 3748 2737 3805 EPIST.
2773 3749 2930 3805 LXV.

2198 3838 2418 3910 Georgio
2440 3839 2664 3894 diacono
2690 3851 2738 3894 et
2768 3842 3209 3910 orphanatropho.

1475 3959 1738 4009 Montacut.
1776 3959 1878 4021 (ep.
1912 3955 2021 4015 156,
2054 3970 2102 4017 p.
2136 3952 2265 4015 189).

313 4056 378 4109 Ei
403 4056 502 4125 μὲν
528 4056 636 4110 ἀπὸ
662 4057 762 4127 τῆς
792 4060 1019 4130 γνώμης
1054 4060 1259 4132 κρίνεις
1280 4063 1347 4115 τὰ
1374 4062 1693 4132 πράγματα,
1722 4062 1818 4116 καὶ

1998 4057 2277 4127 Siquidem
2305 4056 2375 4111 ab
2402 4055 2707 4112 intentione
2734 4056 2802 4111 de
2832 4056 2993 4111 rebus
3024 4057 3161 4112 actis
3184 4056 3413 4127 iudicas,
3438 4062 3494 4112 et

240 4149 468 4210 σκοπεῖς
488 4149 587 4218 τὴν
617 4148 939 4219 προαίρεσιν
968 4150 1132 4219 (οὕτω
1157 4152 1214 4204 δὲ
1236 4153 1503 4221 προσῆκε,
1533 4153 1629 4205 καὶ
1658 4152 1817 4205 θείων

1923 4149 2261 4221 propositum
2284 4148 2598 4203 consideres
2616 4149 2779 4219 (quod
2802 4163 2899 4217 par
2922 4157 3006 4203 est
3026 4147 3223 4213 facere,
3250 4148 3495 4219 quando-

241 4240 510 4312 χρησμῶν
532 4242 681 4295 ἐστιν
707 4243 741 4311 η
765 4241 989 4313 ψῆφος),
1021 4241 1164 4311 ἔχεις
1195 4244 1361 4312 ἡμᾶς,
1390 4245 1438 4295 εἰ
1461 4244 1536 4312 μὴ
1559 4242 1816 4312 φορτικὸν

1922 4222 2143 4310 quidem
2167 4239 2243 4293 ita
2267 4237 2450 4293 divina
2476 4239 2795 4308 pracipiant
2820 4239 3084 4303 oracula),
3100 4239 3267 4293 babes
3285 4248 3338 4293 et
3368 4254 3493 4306 nos,

239 4336 442 4398 είπεῖν,
468 4332 739 4404 λαμπρῶς
764 4333 859 4386 ἐπὶ
889 4332 972 4386 σοὶ
1005 4333 1468 4400 στεφανωθέντας.
1518 4335 1580 4386 Εἰ
1609 4334 1664 4386 δὲ
1704 4336 1817 4397 τοῖς

1923 4346 1993 4386 ne
2046 4329 2174 4400 quid
2200 4328 2415 4401 gravius
2442 4328 2639 4391 dicam,
2676 4329 2954 4399 splendide
2981 4344 3012 4383 a
3036 4337 3089 4383 te
3126 4337 3415 4384 coronatos
3439 4340 3496 4383 et

238 4427 428 4496 ἐργοις
481 4426 639 4489 δίδως
674 4427 767 4479 τὸν
805 4426 1085 4494 στέφανον,
1129 4427 1277 4495 ἡμᾶς
1334 4425 1433 4496 μὲν
1477 4427 1583 4479 οὐδ’
1638 4425 1809 4491 οὕτως

1921 4423 2216 4477 honoratos
2238 4439 2251 4474 :
2276 4422 2360 4476 sin
2393 4420 2527 4476 actis
2544 4421 2760 4476 dederis
2790 4434 3065 4480 coronam,
3083 4434 3186 4474 nos
3208 4419 3375 4483 nullo,
3395 4434 3495 4474 nec

238 4516 396 4571 οὐδὲν
429 4515 749 4587 ζημιώσεις.
798 4517 933 4570 Οὐδὲ
966 4516 1101 4585 γὰρ,
1132 4517 1254 4571 οὐδὲ
1285 4516 1461 4583 τοῦτο,
1498 4517 1674 4571 καίτοι
1702 4517 1812 4571 τῶν

1920 4516 1997 4572 sic
2022 4515 2263 4584 quidem,
2305 4514 2503 4568 damno
2538 4513 2755 4571 aﬂicies.
2798 4512 2982 4582 Neque
3032 4513 3176 4569 enim
3209 4527 3341 4578 nos,
3370 4512 3499 4567 licet

238 4608 453 4678 καιρῶν
482 4609 613 4678 ἡμῖν
643 4609 1072 4674 ἀντιπνεόντων,
1104 4608 1438 4679 ἐνελίπομεν.
1504 4609 1709 4664 Ἐκεῖνο
1755 4610 1815 4663 δέ

1922 4615 2171 4675 tempore
2236 4605 2486 4670 adverso,
2541 4603 2838 4658 defecimus
2884 4602 3093 4658 ofﬁcio:
3150 4611 3206 4656 et
3262 4600 3394 4655 illud
3444 4610 3497 4655 te

242 4717 305 4754 σε
333 4700 576 4753 συνιέναι
626 4699 753 4772 χρὴ,
799 4701 881 4754 ὅτι
930 4700 1106 4755 ταῦτα
1129 4702 1518 4772 ψηφιζόμενος,
1552 4703 1651 4773 οὐχ
1672 4702 1818 4774 ἡμᾶς

1925 4708 2141 4770 Oportet
2162 4697 2324 4763 scire,
2354 4696 2497 4767 quod
2528 4696 2599 4751 ita
2625 4695 2992 4759 decernendo,
3014 4710 3125 4748 non
3152 4702 3259 4748 tam
3286 4707 3387 4746 nos
3422 4693 3496 4745 al-

244 4791 450 4861 μᾶλλον
507 4789 737 4861 θατέρου
782 4790 891 4845 τῶν
947 4790 1229 4859 στεφάνων
1280 4793 1626 4862 ἀποστερεῖς,
1682 4790 1818 4844 ἀλλὰ

1924 4801 2129 4848 terutra
2159 4805 2484 4846 coronarum
2515 4789 2719 4859 privas,
2749 4804 2911 4860 quam
2946 4797 3229 4856 utramque
3260 4801 3290 4839 a
3319 4786 3497 4855 teipso

244 4884 475 4940 σεαυτοῦ
520 4885 782 4957 ἑκάτερον
809 4885 1061 4956 ἀφαιρεῖς
1079 4900 1095 4921 ι
1123 4886 1184 4940 ὃν
1210 4901 1270 4938 τε
1295 4883 1546 4954 προξενεῖ
1563 4882 1631 4936 τὰ
1659 4881 1816 4953 ἔργα,

1927 4881 2110 4948 tollis;
2150 4895 2349 4950 nempe
2376 4895 2537 4950 quam
2582 4879 2882 4950 largiuntur
2913 4891 3101 4946 opera,
3136 4884 3193 4930 et
3219 4890 3379 4946 quam
3400 4891 3498 4932 vo-

242 4979 341 5031 καὶ
368 4976 427 5033 ὃν
455 4978 645 5032 πλέκει
670 4978 705 5048 ή
732 4977 1070 5049 προαίρεσις.

1929 4972 2111 5029 lunias
2138 4972 2331 5043 plectit
2356 4980 2412 5027 et
2444 4972 2804 5043 propositum.

853 5088 1079 5142 ΕΠΙΣΤ.
1130 5087 1264 5155 squ

2455 5084 2673 5141 EPIST.
2714 5082 2894 5137 LXVI.

298 5176 678 5241 Ἀναστασίῳ
754 5176 1133 5301 πρεσὶυτέρῳ
1198 5177 1297 5233 καί
1348 5175 1790 5244 βισλοθηκαριῳ

965 5266 1145 5301 ωιιηιν.

2036 5179 2319 5234 Anastasio
2367 5178 2659 5249 presbytero
2718 5187 2765 5229 et
2794 5175 3183 5231 bibliothecario
3202 5176 3461 5232 Romano.

965 5266 1145 5304 ωιιηο.

1008 5268 1127 5318 ww
1483 5342 1746 5391 Montacut.
1781 5338 1885 5404 (ep.
1921 5338 2027 5396 170,
2059 5354 2107 5401 ρ.
2142 5340 2273 5402 2U).

330 5426 447 5499 Ἀφ
499 5432 652 5501 ἱερᾶς
713 5430 813 5501 μέν
872 5447 975 5495 σοι,
1007 5430 1067 5484 τὸ
1106 5431 1492 5503 παροιμιῶδες,
1548 5431 1577 5481 6
1624 5428 1812 5497 ἀγών·

1997 5429 2041 5481 Α
2067 5444 2220 5482 sacra
2252 5428 2408 5488 linea,
2452 5435 2510 5479 ut
2533 5426 2876 5495 proverbium
2896 5428 3079 5496 habet,
3100 5431 3195 5487 tibi
3224 5442 3499 5487 certamen

240 5520 346 5593 ὀψὲ
407 5523 463 5576 δὲ
491 5523 592 5594 τῆς
636 5524 842 5596 χρείας,
875 5526 969 5580 καὶ
1013 5526 1111 5596 τῆς
1148 5526 1369 5594 γνώμης
1401 5523 1462 5575 οὐ
1510 5523 1817 5592 μέμφομαι.

1929 5518 2180 5572 sumitur.
2198 5516 2309 5571 Nec
2337 5517 2698 5587 reprehendo,
2727 5519 2869 5588 quod
2888 5530 3011 5591 post
3053 5537 3214 5575 usum
3232 5534 3286 5575 et
3313 5522 3501 5591 cogni-

245 5615 354 5668 Τὸν
422 5617 612 5687 καιρὸν
673 5618 717 5670 δ’
762 5618 872 5686 ὁρῶ
922 5618 1340 5689 παρελάσαντα,
1396 5615 1488 5669 καί
1541 5632 1630 5684 μοι
1677 5614 1818 5666 δοκεῖ

1933 5610 2133 5664 tionem
2154 5608 2613 5679 opportunitatem
2664 5609 2901 5679 elapsam
2936 5610 3113 5666 video.
3156 5608 3267 5664 Nec
3304 5610 3499 5665 inscite

240 5705 433 5759 τοῦτον
491 5708 591 5761 οὐκ
659 5708 922 5779 ἀκόμψως
981 5711 1009 5762 6
1042 5706 1458 5776 αξνιγματιστὴς
1510 5702 1818 5768 ἀπεικάζων

1934 5701 2069 5756 mihi
2106 5700 2325 5755 videtur
2343 5700 2678 5773 aanigmatica
2719 5702 2891 5758 oratio
2921 5702 3025 5757 hoc
3049 5700 3346 5767 insinuare,
3379 5716 3500 5772 qua:
