4080 6416
590 355 690 415 879

1737 344 1995 406 PIIOTII
2034 337 2534 401 PATRIARCHE
2591 337 2700 395 (ΣΡ.

3747 321 3854 385 880

590 475 768 531 fronte
811 471 1121 540 capiHatam
1143 466 1502 530 occasionem,
1529 480 1557 517 a
1586 465 1790 534 postico
1814 461 2019 514 calvam
2050 459 2168 526 pin-

2286 455 2448 523 ιιόγος,
2515 449 2822 522 ἔμπροσθεν
2876 445 2973 517 μὲν
3037 441 3415 515 ἁκερσεκὸμην
3447 480 3462 504 ,
3513 436 3746 490 δπισθεν
3801 435 3855 487 δὲ

591 565 687 634 git.
716 561 848 616 ham
903 576 1026 614 cum
1079 558 1420 629 praeterlapso
1470 564 1713 624 tempore
1767 550 2015 612 advenit,
2045 548 2171 601 licet

597 655 850 709 omnibus
876 651 1142 707 machinis
1191 656 1566 719 persequatur,
1626 644 1768 699 haud
1810 640 2170 712 comprehen-

597 747 691 801 det
744 755 946 798 tamen.
1005 740 1112 795 Sed
1158 740 1299 794 bene
1361 738 1429 791 sit
1481 734 1831 807 compatienti
1895 731 2171 804 proposito

595 846 711 903 tuo,
750 845 1030 903 utcunque
1057 830 1207 886 tarde
1259 828 1560 884 advenerit.
1600 827 1772 882 Amici
1797 825 1943 881 enim
1972 824 2174 879 debent

595 927 817 998 gratiam
844 939 952 978 non
980 939 1079 977 usu
1121 931 1177 977 et
1234 919 1558 976 necessitate
1589 919 1788 984 metiri,
1842 915 1938 972 sed
1977 913 2175 971 aﬂectu

597 1029 651 1072 et
681 1017 979 1072 voluntate.

1121 1124 1344 1182 EPIST.
1398 1123 1604 1178 LXVII.

1085 1219 1347 1272 Damiano
1387 1217 1700 1270 xenodoclro.

2272 547 2495 618 κουρίαν
2561 545 2617 597 ἐν
2671 540 2805 614 χρῷ,
2828 535 3254 610 διαγράψασθαι.
3305 531 3558 585 Ἐπειδὰν
3604 531 3722 598 γάρ
3777 544 3859 589 τις

2273 639 2447 692 ὀπίσω
2482 634 2576 688 τοῦ
2621 634 2811 705 χρόνον
2841 631 3091 701 γένηται,
3127 629 3234 680 κᾶν
3269 625 3490 696 μυρίαις
3528 621 3697 674 αὐτὸν
3734 620 3857 671 ἐπι-

2273 729 2443 800 ὃιώκῃ
2472 727 2708 797 τέχναις,
2730 725 2828 778 οὐκ
2857 724 3000 776 ἐστιν
3023 718 3187 774 αὑτοῦ
3212 713 3664 789 περιδράξασϐαι.
3713 709 3860 762 Ἀλλ’

2279 817 2408 889 εὗγέ
2442 837 2525 873 σοι
2574 819 2668 872 καὶ
2709 817 2806 885 τῆς
2845 813 2934 868 διὰ
2987 812 3212 883 βράδους
3246 807 3505 876 ἐλθούσης
3531 800 3860 873 συμπαθοῦς

2274 912 2666 983 προαιρέσεως.
2697 908 2870 961 Φίλων
2909 905 3040 977 γὰρ,
3071 904 3192 973 οὐχὶ
3229 903 3295 971 τῇ
3332 899 3494 968 χρεία
3538 896 3638 966 τὴν
3696 892 3862 962 χάριν

2277 1005 2510 1075 μετρεῖν,
2533 1004 2600 1073 τῇ
2624 1000 2843 1072 προθέει
2865 998 2920 1051 δὲ
2951 999 3154 1068 κρίνειν
3176 997 3273 1064 τὴν
3288 991 3518 1046 εὔνοιαν.

2856 1111 3092 1166 ἘΠΙΣΤ.
3145 1107 3264 1163 ΞΖ’.

2745 1203 3014 1274 Δαμιανῷ
3064 1199 3383 1270 ξενοδόχῳ.

1822 1329 2088 1380 Montacut.
2125 1328 2227 1390 (ep.
2261 1324 2368 1384 195,
2399 1336 2448 1386 p.
2480 1321 2613 1384 295).

672 1433 729 1489 Si
761 1432 1037 1505 graviores
1082 1446 1243 1501 quam
1295 1430 1489 1486 delicta
1550 1438 1830 1484 merentur
1876 1443 2067 1500 pmnas
2110 1429 2184 1482 ir-

559 1552 568 1559 ι
601 1526 894 1597 rogaveris,
933 1525 1049 1578 noli
1106 1523 1370 1578 arbitrare
1401 1532 1455 1577 te
1473 1523 1696 1592 iustitiae
1727 1521 1863 1576 ﬁnes
1906 1537 2017 1575 non
2041 1531 2184 1574 tran-

600 1620 750 1674 silire
785 1637 798 1672 :
847 1632 974 1671 nam
1007 1632 1115 1670 non
1149 1624 1361 1669 tantum
1407 1618 1506 1668 hoc
1557 1614 1750 1668 rationi
1815 1613 2101 1667 reddenda:
2136 1622 2188 1666 te

600 1725 712 1765 non
739 1707 1012 1778 subjiciet,
1043 1708 1171 1762 licet
1207 1706 1343 1777 legis
1394 1714 1656 1775 praetextu
1706 1705 1814 1768 ﬁat,
1881 1704 1973 1758 sed
2001 1703 2188 1772 dupli-

2349 1422 2442 1492 Μὴ
2474 1421 2692 1492 μείζους
2715 1418 2962 1473 ἀπαιτῶν
2998 1416 3094 1479 τὰς
3115 1417 3222 1468 τῶν
3245 1413 3602 1483 πταισμάτων
3628 1410 3863 1480 είσπρά·

2289 1516 2398 1580 ξεις
2445 1516 2548 1582 ἔξω
2578 1513 2761 1584 νόμιζε
2789 1511 3005 1573 δικαίας
3040 1511 3232 1579 ποινῆς
3261 1508 3524 1579 πράττειν
3559 1520 3576 1536 ο
3597 1505 3664 1558 οὐ
3702 1504 3860 1574 μόνον

2281 1606 2388 1674 γὰρ
2410 1605 2509 1657 οὐκ
2531 1602 2844 1669 ἀνεύθυνον,
2871 1600 2974 1654 κᾶν
3000 1599 3084 1651 ἐπ’
3102 1599 3325 1668 ὀνόματι
3349 1596 3512 1665 νόμου
3536 1595 3705 1648 τοῦτο
3734 1596 3859 1663 ποιῇ

2282 1715 2388 1762 τις,
2443 1695 2578 1749 ἀλλά
2634 1697 2729 1748 καὶ
2785 1693 2993 1755 διπλοῖς
3062 1691 3244 1761 ἔνοχον
3332 1689 3670 1758 ἀδικήμασιν
3701 1702 3718 1716 ·
3781 1686 3861 1737 ὅτι

601 1810 736 1856 catae
788 1776 1065 1870 iniustitia;
1087 1813 1238 1852 reum
1267 1776 1413 1860 facit,
1445 1796 1724 1859 nimirum,
1759 1795 1900 1864 quod
1928 1794 2181 1862 injuriam

2286 1791 2378 1842 καὶ
2447 1787 2656 1850 ἀδικίας
2719 1786 2918 1857 ἄρχει,
2969 1783 3063 1838 καὶ
3103 1782 3305 1851 νόμους
3366 1779 3627 1848 ὑϐρίζει’
3699 1776 3860 1846 μέχρι

604 1891 806 1955 intulit,
862 1899 917 1943 et
971 1890 1115 1958 leges
1196 1888 1357 1941 allicit
1422 1888 1801 1940 contumelia:

606 1983 791 2037 forsan
820 1995 1034 2050 aequum
1079 1989 1134 2033 et
1181 1978 1477 2049 legitimum
1509 1989 1611 2041 est,
1666 1979 1734 2031 ah
1795 1978 1997 2048 injuria
2063 1977 2180 2031 alli-

605 2072 786 2126 ciente
814 2085 1029 2140 poenam
1073 2084 1398 2139 reposcere:
1436 2079 1492 2123 at
1522 2083 1829 2123 mensuram
1883 2067 2180 2139 transgredi

607 2163 663 2217 in
692 2161 980 2217 inferendo
1017 2161 1302 2230 supplicio,
1331 2169 1526 2214 contra
1564 2160 1709 2230 leges
1751 2158 2038 2214 manifeste
2085 2174 2185 2228 pu-

608 2261 756 2324 gnat,
823 2262 876 2307 et
937 2252 1204 2323 supplicio
1268 2252 1487 2322 dignum
1563 2249 1690 2304 facit
1743 2251 1979 2314 eodem,
2039 2251 2184 2319 quod

609 2345 884 2415 irrogavit,
919 2345 960 2399 si
1016 2360 1125 2398 non
1151 2344 1414 2414 graviore,
1456 2353 1603 2398 certe
1652 2359 1761 2398 non
1787 2343 2181 2397 moderatiore:

608 2437 700 2490 dat
731 2437 876 2491 enim
916 2435 1129 2490 initium
1184 2437 1337 2490 alteri
1379 2436 1588 2504 injuriae
1625 2453 1638 2489 :
1690 2435 1735 2489 si
1780 2444 1928 2488 certe
1969 2434 2060 2503 qui
2118 2434 2186 2487 ab

611 2529 781 2581 altero
845 2542 1033 2595 poenas
1082 2542 1180 2596 pro
1228 2526 1424 2594 injuria
1457 2525 1710 2594 reposcit,
1753 2539 1818 2578 eo
1869 2523 1988 2592 ipso
2025 2523 2188 2578 debet

613 2616 728 2684 ipse
758 2615 1184 2670 moderationem
1231 2614 1463 2678 discere,
1493 2628 1562 2666 ne
1587 2613 1732 2682 juste
1759 2627 1822 2666 ea
1850 2626 2009 2681 paena
2032 2625 2188 2679 repo-

610 2717 789 2761 scatur
841 2706 910 2760 ah
940 2706 1082 2776 ipso.
1135 2703 1290 2771 Quod
1337 2704 1382 2758 si
1405 2703 1705 2758 debitorem
1736 2703 1925 2757 decem
1958 2702 2186 2757 millium

615 2798 945 2851 talentorum
979 2797 1163 2851 animo
1205 2796 1432 2856 recolas,
1509 2805 1564 2850 et
1608 2795 1898 2849 terribilem
1940 2795 2085 2848 illam
2133 2803 2188 2848 et

615 2889 839 2942 horrore
869 2888 1084 2957 plenam
1142 2886 1642 2950 comminationem,
1675 2886 1801 2940 licet
1842 2886 1976 2939 nihil
2008 2895 2189 2940 extor-

612 2978 813 3047 quebat
850 2993 958 3032 non
987 2978 1252 3042 debitum,
1303 2987 1510 3032 tantum
1538 2977 1683 3046 quod
1713 2977 1945 3032 debitori
1970 2993 2078 3031 non
2101 2993 2191 3048 pe-

613 3069 784 3137 percit
825 3089 839 3123 :
872 3085 1032 3124 scena
1067 3070 1155 3124 illa
1184 3079 1239 3124 et
1271 3077 1584 3139 praeteritus,
1633 3079 1685 3124 te
1723 3069 2021 3124 secundum
2045 3070 2189 3140 leges

1860 1885 1965 1940 huc
2013 1901 2180 1955 usque
2211 1868 2258 1883 υ
2287 1883 2387 1952 μὲν
2437 1881 2544 1951 γὰρ
2595 1880 2753 1934 τοῦτο
2787 1918 2801 1942 ,
2863 1879 2976 1931 ἴσον
3027 1877 3180 1944 παρὰ
3243 1874 3336 1927 τοῦ
3377 1872 3706 1941 ἠδικηκότος
3772 1868 3856 1920 λα·

2282 1975 2418 2040 ϐεῖν,
2446 1973 2676 2043 νόμιμον
2727 1973 2855 2034 ἴσως
2911 1971 3022 2033 τοῖς
3067 1968 3278 2030 πολλοῖς
3321 1965 3417 2018 καὶ
3453 1964 3514 2016 οὐ
3556 1962 3804 2030 χαλεπόν
3831 1975 3845 1986 ·

2285 2061 2699 2134 ὑπερϐεϐηκότα
2743 2061 2801 2113 δὲ
2841 2059 2903 2112 τὸ
2945 2058 3164 2129 μέτρον,
3192 2056 3274 2108 ἔτι
3333 2052 3524 2114 ποινὰς
3551 2049 3859 2117 ἐπιζητεῖν,

2285 2154 2596 2225 παράνομον
2617 2151 2867 2220 φανερῶς
2881 2147 3249 2218 καὶτιμωρίας
3265 2145 3446 2214 ἔνοχον
3462 2137 3530 2212 ἧς
3551 2136 3858 2210 ἀπῄτησεν,

2291 2247 2378 2298 ἵνα
2408 2244 2482 2317 μὴ
2505 2243 2648 2312 λέγω
2672 2242 2999 2313 βαρυτέρας,
3021 2240 3159 2300 τέως
3185 2237 3245 2288 οὑ
3273 2233 3651 2306 μετριωτέρας
3675 2247 3688 2258 ο
3716 2229 3856 2298 ἀρχὴ

2284 2337 2393 2407 γάρ
2421 2337 2567 2388 ἐστιν
2586 2334 2918 2403 ἀδικήματος
2947 2329 3105 2384 ἄλλον
3138 2343 3153 2358 ⁸
3179 2327 3379 2396 καίπερ
3412 2327 3440 2377 ὁ
3467 2323 3627 2391 δίκην
3649 2321 3854 2389 ἕτερον,

2287 2429 2423 2495 ὑπὲρ
2463 2420 2537 2480 ὧν
2564 2426 2841 2495 ἠδίκησεν,
2872 2419 3140 2486 ἀπαιτῶν,
3163 2418 3389 2472 αὐτόθεν
3438 2413 3675 2483 ὠφειλεν
3713 2413 3850 2481 ἔχειν

2285 2521 2375 2573 τὸν
2398 2517 2789 2588 σωφρονισμὸν,
2809 2516 2887 2578 είς
2912 2513 2972 2566 τὸ
3010 2513 3082 2583 μὴ
3113 2511 3207 2564 ἐπὶ
3235 2513 3346 2573 τοῖς
3364 2510 3498 2571 ῐσοις
3529 2507 3629 2558 καὶ
3660 2504 3858 2574 ὁμοίοις

2287 2612 2385 2680 τὴν
2412 2611 2565 2678 δίκην
2597 2609 2849 2676 ὀφείλειν,
2873 2606 3008 2669 ἀλλ’,
3038 2605 3113 2666 ὡς
3154 2603 3349 2665 ἔοικεν,
3372 2600 3472 2653 οὐκ
3500 2599 3652 2650 ἔστιν
3693 2595 3857 2667 ὀργῆς

2287 2702 2712 2772 ἐμμανέστερον.
2748 2699 2808 2751 Εἰ
2835 2697 2891 2749 δὲ
2923 2699 3016 2750 και
3045 2694 3134 2746 τὸν
3165 2692 3444 2762 ὀφειλέτην
3486 2689 3599 2741 τῶν
3654 2687 3856 2757 μυρίων

2288 2793 2570 2848 ταλάντων
2618 2793 2697 2853 είς
2748 2788 2871 2852 νοῇν
2931 2783 3258 2847 ἀναλάϐοις,
3316 2781 3413 2834 καὶ
3472 2780 3575 2850 τὴν
3628 2777 3858 2847 φοϐερὰν

2289 2886 2524 2956 ἐκείνην,
2558 2883 2650 2937 καί
2677 2899 2759 2934 τοι
2789 2880 2937 2934 οὐδὲν
2972 2878 3098 2933 ἄλλο
3124 2877 3156 2946 ἢ
3187 2877 3322 2944 ὅπερ
3367 2871 3719 2944 ὲχρεώστητο
3764 2871 3859 2924 ἁπ-

2287 2980 2407 3050 ῄτει
2425 2977 2518 3030 καὶ
2534 2976 2734 3046 φρίκης
2752 2973 3024 3043 γέμουσαν
3041 2969 3287 3037 ἀπειλὴν,
3307 2967 3391 3020 ὅτι
3422 2963 3498 3036 μὴ
3525 2961 3863 3030 συγγνώμων

2289 3071 2497 3141 ἐγίνετο
2527 3069 2607 3139 τῷ
2645 3065 2918 3137 ὀφειλέτη,
2951 3065 3070 3117 τίνα
3099 3064 3164 3118 ἄν
3198 3079 3278 3114 σοι
3311 3062 3343 3129 ἠ
3382 3055 3557 3127 σκηνὴ
3589 3054 3688 3108 τοῦ
3735 3051 3861 3106 κατὰ

614 3161 814 3228 facere,
844 3162 974 3232 quid
1014 3161 1290 3232 proderit?
1320 3161 1462 3232 quod
1481 3161 1740 3216 auxilium
1773 3172 1901 3217 tunc
1924 3177 2178 3230 procura-

2286 3165 2441 3234 νόμον
2466 3159 2674 3214 οἴεσθαι
2693 3169 2714 3196 ι’
2742 3161 2999 3230 πράττειν
3019 3195 3032 3218 ,
3057 3156 3153 3208 καὶ
3180 3150 3586 3223 παρανομοῦντι
3614 3146 3860 3218 βοήθειαν

613 3254 721 3307 bit?

1139 3367 1355 3422 EPIST.
1407 3368 1495 3422 LX
1510 3369 1638 3424 VIII.

1001 3458 1170 3513 Paulo
1213 3462 1462 3514 monacho
1525 3461 1690 3529 lapso.

2294 3251 2590 3322 ὲμπορίσῃς

2867 3359 3089 3414 ΕΠΙΣΤ.
3133 3355 3256 3410 EH’.

2537 3453 2756 3519 Παύλῷ
2794 3449 3038 3522 μοναχῷ
3089 3443 3604 3511 ἁποστατήσαντι.

1867 3581 2130 3629 Montacut.
2170 3581 2271 3641 (ep.
2307 3577 2353 3636 7,
2392 3591 2438 3638 p.
2474 3576 2573 3637 7|).

687 3683 852 3739 Deum
884 3693 1128 3738 nostrum
1183 3684 1459 3739 Christum
1483 3683 1770 3754 abnegavit
1802 3684 1998 3738 Petrus
2033 3701 2047 3736 :
2078 3684 2183 3738 dif-

616 3776 813 3831 ﬁdebat
849 3775 1022 3830 eidem
1056 3773 1324 3836 Thomas;
1359 3774 1526 3828 Judas
1591 3785 1772 3828 autem
1809 3775 2067 3844 prodidit.
2104 3774 2185 3827 Tu

614 3879 795 3922 autem
837 3868 882 3921 si
938 3867 1234 3936 resipueris
1270 3865 1338 3920 ab
1393 3865 1458 3918 iis
1504 3880 1623 3934 qua:
1686 3876 1875 3920 contra
1922 3881 2044 3932 nos,
2096 3876 2191 3920 aut

619 3972 768 4013 tuam
811 3958 991 4028 potius
1050 3958 1300 4023 salutem,
1345 3956 1529 4011 furore
1580 3958 1821 4025 percitus
1868 3958 2185 4025 patraveris,

617 4063 740 4118 quae
777 4055 832 4102 te
872 4047 940 4100 ad
972 4055 1209 4100 mentem
1247 4061 1434 4100 sanam
1484 4047 1744 4101 reducere
1772 4048 2063 4111 debebant,
2093 4049 2188 4101 de-

618 4153 835 4208 sperare
861 4138 992 4192 noli.
1027 4135 1136 4192 Nos
1165 4139 1334 4201 enim,
1359 4147 1634 4208 utcunque
1663 4149 1776 4193 tute
1799 4140 1912 4208 ipse
1935 4153 2188 4194 emansor

617 4228 808 4291 fueris,
847 4228 916 4281 ab
937 4226 1134 4283 affectu
1169 4229 1224 4282 in
1263 4237 1316 4284 te
1379 4239 1565 4285 nostro
1591 4245 1702 4284 non
1726 4230 2191 4285 excidimus.Sint

618 4319 854 4374 Thomas
875 4329 930 4374 et
976 4319 1167 4375 Petrus
1197 4322 1418 4391 antiqua
1450 4321 1542 4375 tibi
1574 4323 1820 4392 exempla
1851 4322 1918 4377 ad
1957 4337 2188 4376 conver-

617 4410 824 4465 sionem
861 4430 874 4465 :
910 4411 1005 4466 sed
1035 4421 1090 4466 et
1133 4412 1268 4467 alios
1308 4414 1471 4467 etiam
1505 4413 1770 4483 collapsos
1818 4413 2186 4476 conscrvabis,

2355 3686 2458 3738 Τὸν
2502 3678 2732 3752 Χριστὸν
2787 3677 2881 3729 καὶ
2930 3673 3062 3728 Θεὸν
3113 3669 3293 3741 ἡμῶν,
3339 3669 3370 3719 ὁ
3425 3665 3638 3732 Πέτρας
3696 3657 3861 3729 ἡρνή-

2289 3798 2439 3843 σατο,
2493 3779 2522 3831 ὁ
2572 3775 2773 3845 Θωμᾶς
2826 3771 3152 3842 ὴπίστησεν,
3209 3769 3237 3820 ὁ
3295 3761 3498 3823 Ἰούδας
3551 3755 3858 3829 προῦδωκε

2290 3876 2354 3927 σὺ
2403 3871 2590 3936 οὓν,εἱ
2653 3869 2751 3938 μὲν
2815 3865 3086 3936 μετέγνως
3135 3861 3219 3928 ἐφ’
3271 3854 3373 3921 οἷς,
3427 3854 3487 3920 ἐξ
3529 3847 3606 3906 ὧν
3655 3850 3762 3903 ἔδει
3810 3864 3861 3900 σε

2292 3963 2610 4032 σωφρονεῖν,
2637 3961 2755 4014 καθ’
2785 3957 2963 4028 ἡμῶν,
2997 3953 3196 4025 μᾶλλον
3221 3951 3277 4004 δὲ
3300 3950 3400 4020 τῆς
3432 3947 3533 4016 σῆς
3567 3941 3861 4032 σωτηρίας,

2289 4031 2516 4125 ἐμάνης,
2557 4052 2720 4123 μηδὲν
2757 4047 3028 4117 ἀπογνῷς.
3066 4043 3203 4098 Οὔτε
3232 4043 3342 4112 γὰρ
3397 4040 3498 4106 τῆς
3533 4035 3695 4106 ἡμῶν
3736 4031 3862 4125 πρὸς

2290 4121 2371 4204 σε,
2413 4121 2514 4192 κᾶν
2543 4121 2706 4201 αὐτὸς
2748 4135 2990 4205 ἐξέστης,
3045 4133 3368 4200 ἀπέστημεν
3416 4127 3744 4186 διαθέσεως,
3776 4121 3864 4174 καὶ

2288 4233 2490 4303 Θωμᾶς
2510 4249 2592 4284 σοι
2619 4233 2719 4301 τῆς
2743 4227 3106 4298 ἐπιστροφῆς,
3139 4225 3237 4278 καὶ
3266 4221 3494 4291 Πέτρος,
3518 4218 3732 4271 παλαιὰ
3757 4231 3860 4266 πα-

2303 4322 2639 4392 ραδείγματα
2669 4335 2685 4350 ·
2716 4319 2909 4380 σώσεις
2938 4316 2983 4368 δ’
3006 4315 3134 4377 ἴσως
3178 4314 3269 4367 καὶ
3298 4311 3458 4373 αὐτὸς
3486 4308 3686 4370 ἀλλους
3735 4321 3864 4372 clpa-

2291 4415 2503 4475 λέντας,
2539 4411 2611 4464 δι’
2647 4403 2722 4464 ὧν
2750 4409 2912 4471 αὐτὸς
2958 4408 3188 4476 ἀνέστης
3213 4401 3428 4458 πεσών·
3460 4402 3512 4454 εί
3565 4399 3630 4452 δὲ
3662 4398 3739 4468 μὴ
3772 4413 3856 4465 με-

615 4517 741 4558 cum
799 4519 830 4557 a
885 4519 1015 4558 casu
1068 4512 1161 4557 tuo
1200 4505 1549 4560 resuscitatus
1582 4505 1770 4560 fueris.
1826 4505 1980 4571 Quod
2007 4504 2050 4557 si
2089 4519 2184 4557 ne—

2288 4501 2525 4572 ταγνῷς,
2576 4501 2678 4555 κᾶν
2726 4500 3038 4570 ἀνιώμενοι,
3086 4498 3338 4567 λέγομεν,
3369 4492 3508 4563 πρὸς
3557 4492 3655 4544 τὸν
3701 4487 3861 4542 Ἰούδα

615 4609 884 4664 quaquam
953 4594 1328 4664 pcenitentiam
1382 4597 1578 4666 egeris,
1634 4607 1687 4650 te
1772 4597 1897 4650 licet
1949 4596 2184 4650 dolentes

2291 4611 2349 4647 σε
2389 4595 2580 4665 βρόχον
2603 4592 2892 4646 ὑπόλοιπον
2914 4591 3147 4662 ἀφορᾷν.

616 4687 694 4741 sic
728 4685 976 4752 amamur,
1031 4687 1299 4756 reliquum
1380 4699 1463 4742 est
1496 4697 1554 4741 ut
1604 4687 1754 4742 ludas
1807 4689 2058 4755 laqueum
2107 4703 2192 4740 re-

614 4789 834 4844 spicras.

1177 4886 1394 4940 EPIST.
1445 4886 1630 4940 LXIX.

1111 4980 1360 5033 Monacho
1392 4977 1453 5030 E.
1495 4979 1744 5045 collapsa.

2907 4881 3126 4936 ΕΠΙΣΤ.
3161 4880 3282 4931 ΞΘ’.

2693 4975 3020 5034 Μονὰζοντι
3041 4977 3119 5027 Ε.
3151 4972 3421 5024 πεσόντι.

1847 5092 2109 5140 Montacut.
2150 5098 2251 5153 (ep.
2291 5095 2365 5155 12,
2399 5109 2446 5156 p.
2483 5096 2584 5157 7n.

683 5197 931 5250 Peccasti
966 5214 980 5249 :
1026 5199 1326 5251 humanum
1357 5209 1458 5252 est.
1495 5199 1600 5252 Sed
1665 5207 1886 5267 peccato
1951 5199 2186 5252 admisso

611 5285 866 5350 inhreres,
904 5301 1004 5340 nec
1041 5289 1331 5342 reverteris
1366 5306 1378 5341 :
1426 5290 1511 5342 hei
1533 5289 1696 5342 mihi!
1731 5289 1832 5342 hoc
1860 5289 2187 5344 diabolicum

610 5383 712 5428 est.
743 5371 1061 5442 Considera,
1081 5391 1284 5445 quaeso,
1310 5393 1377 5429 an
1406 5394 1514 5430 non
1541 5377 1818 5447 professus
1842 5394 1963 5433 cum
1995 5395 2186 5433 mona-

609 5466 728 5521 chis
753 5476 977 5534 sortem,
1017 5477 1074 5522 et
1123 5469 1411 5538 stipulatus
1472 5471 1768 5539 angelicam
1819 5473 2186 5528 conversatio-

2369 5200 2651 5267 Ἦμαρτες
2678 5213 2690 5226 ·
2728 5193 3066 5265 ἀνθρώπινον
3094 5190 3269 5244 τοῦτο.
3309 5187 3448 5240 Ἀλλ’
3479 5185 3764 5254 ὲπιμένεις
3788 5179 3859 5247 τῷ

2294 5289 2469 5360 κακῷ,
2502 5290 2595 5343 καὶ
2622 5290 2721 5341 οὐκ
2764 5288 3067 5359 ἐπιστρέφῃ
3093 5302 3105 5313 ·
3136 5283 3426 5353 δαιμόνων,
3462 5279 3518 5332 οἵ
3544 5295 3658 5348 μοι,
3686 5274 3856 5328 τοῦτο.

2295 5382 2491 5433 Σκόπει
2519 5381 2606 5449 δὴ,
2637 5380 2714 5449 μὴ
2743 5379 2865 5432 ἀντὶ
2895 5379 2988 5430 τοῦ
3023 5372 3387 5446 παραγγεῖλαί
3423 5387 3482 5423 σε
3516 5372 3598 5432 εἰς
3625 5368 3722 5438 τὴν
3760 5365 3859 5418 τῶν

2303 5472 2649 5544 μοναζόντων
2670 5470 3152 5544 ικληρουχίαν,κα“ι
3189 5464 3622 5535 ἐπαγγείλασθαί
3657 5480 3717 5515 σε
3767 5460 3859 5530 τὴν

1885 5625 1969 5678 VA
1981 5624 2118 5680 [lle
2172 5625 2463 5681 LECTION
2475 5625 2574 5680 ES.

686 5789 708 5817 τ
741 5781 830 5835 la".
859 5777 1035 5852 οἶμαι.
