4080 6410
224 462 343 536 881
1388 476 1927 536 EPISTOLARUM
1966 477 2198 537 LIBER
2238 479 2318 538 II;
3373 477 3477 540 882

230 586 342 638 τῶν
392 583 644 654 ἀγγέλων
714 588 1011 653 πολιτείαν,
1091 592 1169 652 εἰς
1216 591 1316 658 τὴν
1382 589 1487 643 τῶν
1537 591 1805 661 δαιμόνων

1912 607 2052 656 nem,
2074 593 2129 645 in
2165 590 2459 645 infaustum
2488 584 2882 646 damoniorum
2908 596 3110 644 statum
3166 590 3417 647 recidens
3437 633 3454 659 ,

232 678 565 748 κατενεχθῇς
630 676 926 749 μοχθηρίαν
954 721 969 743 ,
1045 683 1140 734 καὶ
1212 683 1351 751 πρὸς
1429 683 1528 751 τὴν
1586 682 1805 735 ἐκείνων

1912 686 1968 740 ad
2024 685 2234 740 illorum
2256 700 2444 755 poenas
2472 679 2848 755 praecipitaris,
2895 680 2985 736 ubi
3016 692 3192 738 cessat
3224 685 3473 755 proposi-

232 769 541 841 ἀπενεχθῇς
577 770 851 842 τιμωρίαν
879 789 893 802 ·
928 775 1032 827 ’ὅτε
1092 776 1244 829 πᾶσα
1298 776 1570 845 πρόφασις
1619 775 1801 845 ἀργεῖ,

1912 786 2039 843 tum,
2080 783 2137 831 et
2183 776 2475 830 frustratur
2502 776 2843 831 nmnitentia.

231 862 329 915 καὶ
360 865 443 927 είς
492 862 647 917 κενὸν
682 866 715 935 ἡ
768 865 1044 935 μετάνοια.

852 978 1077 1033 ΕΠΙΣΤ.
1116 982 1189 1033 Ο¹.

526 1068 856 1134 Ἀθανασίῳ
894 1068 1137 1145 μοναχῷ
1190 1071 1576 1141 ἡσυχάζοντι.

1461 1188 1727 1237 Montacut.
1764 1187 1868 1250 (eo.
1902 1184 1983 1243 20,
2018 1197 2067 1244 p.
2103 1182 2206 1243 81).

319 1282 380 1335 '0
418 1282 519 1353 μὲν
548 1284 648 1354 τῆς
688 1285 980 1356 Ἐριστὴς·
1008 1288 1327 1354 ἐπίσκοπος,
1361 1291 1481 1353 ταῖς
1511 1290 1806 1361 ὑμετέραις

1984 1286 2176 1339 Eristae
2244 1285 2552 1353 episcopus,
2611 1280 2806 1337 vestris
2859 1280 3112 1351 precibus
3167 1287 3402 1343 erectus,
3443 1292 3472 1331 a

235 1372 425 1442 εὐχαῖς
468 1374 749 1447 ὀρθωθεὶς,
793 1378 1070 1449 ἀνέρρωσε
1111 1379 1206 1432 τοῦ
1257 1380 1463 1443 πάθους
1488 1398 1503 1413 ·
1545 1384 1641 1435 καὶ
1706 1382 1808 1450 τῆς

1912 1378 2091 1433 morbo
2115 1376 2387 1431 convaluit
2422 1415 2436 1439 ,
2477 1373 2619 1428 etde
2665 1374 2959 1444 putredine
2992 1374 3251 1427 liberatus
3325 1370 3471 1425 schi-

240 1466 612 1536 σχισματικῆς
656 1469 949 1540 σηπεδόνος
978 1470 1338 1537 ἀπαλλαγεὶς,
1369 1475 1436 1542 τῇ
1462 1472 1679 1542 ὁλότητι
1708 1471 1801 1524 τοῦ

1912 1469 2133 1524 smatica
2167 1508 2182 1531 ,
2245 1465 2412 1535 partis
2452 1464 2562 1535 jam
2627 1472 2683 1518 et
2728 1463 2956 1518 membri
2989 1478 3187 1517 munus
3244 1461 3470 1523 obiens,

234 1560 693 1628 ὲκκλησιαστικοῦ
732 1563 1002 1632 σώματος,
1042 1566 1234 1636 μέλους
1269 1567 1364 1619 καὶ
1408 1567 1607 1638 μέρους
1656 1567 1810 1633 τάξιν

1912 1577 2029 1615 cum
2060 1557 2428 1614 ecclesiastico
2455 1564 2569 1610 toto
2594 1564 2737 1610 ccetu
2758 1556 3169 1627 compaginatus
3195 1563 3298 1618 est,
3328 1554 3475 1622 prio-

237 1649 565 1720 ἀνειληφὼς,
607 1656 1173 1725 συνηρμόσθη,πολλὰ
1226 1659 1323 1727 μὲν
1374 1661 1471 1728 τῆς
1537 1658 1810 1729 προτέρας

1912 1667 2025 1705 rem
2089 1650 2289 1705 mentis
2355 1664 2468 1704 suae
2522 1663 2669 1702 sanae
2716 1647 3041 1701 amotionem
3104 1646 3289 1700 multis
3341 1659 3475 1697 con-

2404 972 2622 1027 EPIST.
2680 974 2840 1029 LXX.

2140 1066 2425 1120 Athanasio
2462 1067 2712 1119 monacho
2739 1065 3088 1121 anachoreta.

238 1743 544 1809 καταγνοὺς
585 1745 1046 1815 φρενοϐλαϐείας,
1081 1748 1295 1811 πολλοῖς
1344 1748 1401 1801 δὲ
1452 1749 1684 1819 δάκρυσι
1746 1748 1807 1802 τὸ

1912 1744 2198 1805 demnans,
2233 1740 2482 1810 Iacrymis
2522 1739 2887 1809 pavimentum
2950 1736 3143 1807 rigavit
3169 1736 3374 1797 multis,
3426 1743 3483 1788 et

239 1828 437 1898 ἔδαφος
477 1831 696 1903 ῥαίνων,
726 1837 992 1905 οἰμωγαῖς
1027 1838 1084 1891 δὲ
1112 1838 1354 1901 πολλαῖς,
1382 1840 1479 1892 καὶ
1526 1839 1809 1893 ὲλεεινολο-

238 1922 392 1989 γίαις
425 1922 523 1995 τὴν
552 1925 835 1995 παροῦσαν
854 1928 1090 1993 σύνοδον,
1123 1931 1501 2000 ἀπαραίτητον
1520 1931 1607 1983 ἐπ’
1650 1931 1810 1985 αὑτὸν

237 2014 477 2083 ὁρῶσαν,
509 2017 590 2080 εὶς
628 2018 942 2089 οίκτιρμοὺς
971 2022 1226 2086 διαλύσας
1261 2038 1272 2051 ·
1310 2023 1405 2074 καὶ
1439 2024 1467 2076 ὅ
1517 2039 1580 2090 γε
1614 2023 1751 2091 ἀνὴρ
1785 2024 1802 2057 ί

239 2107 363 2177 οὐχὶ
400 2106 589 2172 πολιᾶς
615 2109 943 2182 συγγνώμην
961 2113 1164 2184 ᾔτησεν
1193 2115 1229 2167 ἀ
1251 2116 1454 2176 κακίας
1478 2130 1492 2145 ο
1523 2113 1657 2165 ἀλλά
1689 2130 1809 2165 νεα-

239 2203 531 2275 νιευμένην
572 2202 739 2267 ἔδειξε
773 2205 1009 2275 μισήσας
1053 2204 1339 2274 πονηρίαν.
1370 2204 1443 2255 Οὑ
1495 2203 1601 2271 γὰρ
1642 2201 1807 2253 ἁπλό-

241 2312 404 2364 τητος
455 2292 523 2367 ἦν
566 2298 595 2349 ό
642 2296 843 2367 γέρων,
902 2296 1016 2349 ἀλλ’
1055 2296 1271 2365 ἀπάτης
1325 2294 1584 2364 θήραμα·
1624 2286 1718 2355 ὧν,
1748 2292 1808 2345 τὸ

242 2391 364 2460 μὲν,
389 2390 642 2461 βοηθείας
698 2392 869 2462 μόνης
900 2407 915 2422 ο
953 2392 1013 2445 τὸ
1064 2390 1121 2443 δὲ
1152 2390 1327 2444 δεῖται
1371 2390 1464 2442 καὶ
1493 2387 1808 2457 προκαθάρ-

239 2500 382 2547 σεως
401 2499 420 2517 ο
444 2483 577 2536 ἀλλὰ
597 2483 706 2552 γὰρ
727 2486 839 2547 τοῖς
864 2483 1145 2553 ὑμετέροις
1171 2483 1354 2545 πόνοις
1377 2480 1555 2544 καλῶς
1588 2482 1682 2535 τοῦ
1712 2480 1805 2549 γὲ-

242 2589 427 2641 ροντος
453 2570 891 2643 ἐξεργασθέντος,
915 2572 1011 2625 καὶ
1037 2570 1145 2623 τῶν
1182 2569 1284 2640 τῆς
1320 2569 1601 2635 νουθεσίας
1637 2587 1808 2638 σπερ-

239 2662 431 2729 μάτων
493 2663 1087 2733 προκαταϐληθέντων,
1144 2665 1306 2734 ἡμεῖς
1370 2664 1581 2726 ἀπόνως
1642 2663 1807 2716 αὑτοῦ

235 2753 336 2819 τὴν
350 2752 623 2821 σωτηρίαν
645 2752 1109 2823 ὲκαρπωσάμεθα.
1136 2754 1253 2806 Τῶν
1272 2754 1330 2805 δὲ
1352 2751 1611 2821 ἰατρικῶν
1627 2751 1805 2817 εἱδῶν,

237 2844 419 2898 πάντα
448 2842 548 2913 μὲν
576 2844 675 2897 οὐκ
707 2841 775 2916 ἦν
801 2846 981 2916 εὑρεῖν
1021 2844 1162 2899 κατὰ
1187 2847 1372 2915 χεῖρας
1404 2860 1418 2875 ο
1459 2846 1559 2898 ὅσα
1589 2844 1647 2897 δὲ
1668 2860 1811 2914 παρ-

236 2936 327 3003 ῆν,
370 2935 676 3007 ἀπεστάλη.
753 2937 876 2990 Τῶν
919 2937 1228 2991 ὑπολοίπων
1260 2940 1293 3008 ἡ
1328 2939 1568 3007 φροντὶς,
1605 2935 1709 2999 ἕως
1741 2936 1807 2989 ἂν

239 3026 595 3098 πορισθῶσιν,
654 3029 754 3082 οὑκ
807 3028 1095 3098 ἐπιλείψει.
1165 3030 1289 3092 Τοῖς
1338 3028 1531 3100 δώροις
1586 3029 1643 3081 δὲ
1703 3028 1872 3103 τῆςςΙ

249 3117 519 3189 ὑμετέρας
551 3120 849 3189 ὁσιότητος,
881 3122 973 3172 ἐπὶ
1017 3121 1157 3190 μέγα
1179 3119 1632 3190 ἡγαλλιασὰμεθα
1662 3136 1676 3151 '
1708 3121 1809 3191 μά-

240 3209 394 3262 λιστά
420 3227 484 3278 γε
512 3212 609 3280 τῆς
632 3211 891 3283 ἀληθινῆς
909 3212 1127 3282 ἀγάπης
1149 3211 1325 3265 ταῦτα
1351 3212 1729 3282 πληθυνούσης
1752 3224 1803 3278 υ,

240 3301 336 3352 καὶ
385 3301 466 3363 είς
527 3302 755 3370 μέγεθος
805 3302 899 3354 καὶ
946 3302 1143 3364 κάλλος
1189 3298 1552 3372 ὲξαπλούσης,
1584 3302 1678 3354 καὶ
1739 3302 1808 3354 δι’

241 3390 703 3453 αὑτῶν-διδούσης
733 3390 1016 3455 εἰκονίζειν
1036 3392 1097 3444 τὸ
1122 3391 1217 3444 τοῦ
1250 3390 1365 3461 βίου
1402 3390 1603 3461 ὑψηλόν
1627 3408 1687 3444 τε
1716 3392 1811 3445 καὶ

244 3482 555 3553 μετάρσιον.
593 3483 867 3555 Ἔρρωσο.

824 3743 1046 3797 ΕΠΙΣΤ.
1100 3745 1222 3797 OA'.

485 3833 725 3904 Ζωσιμᾷ
747 3835 1062 3905 μονάζοντι
1094 3836 1195 3891 καὶ
1218 3834 1565 3905 τεσυχαστῇ.

1910 1842 2232 1904 ρι’ίιεεθιιιοιιι
2273 1832 2557 1901 synodum,
2612 1846 2775 1900 quam
2830 1831 2883 1883 in
2914 1844 2972 1884 se
3003 1828 3219 1883 videbat
3242 1828 3482 1881 inexora-

1908 1926 2093 1988 bilem,
2145 1924 2419 1987 lamentis,
2475 1922 2745 1978 ﬂebilibus
2768 1920 3131 1983 sermonibus,
3164 1921 3379 1972 tandem
3412 1915 3481 1969 ad

1909 2018 2339 2086 compassionem
2400 2014 2686 2071 convertit.
2717 2012 2828 2067 Nec
2861 2011 3074 2066 veniam
3112 2007 3266 2079 quasi
3292 2007 3483 2060 insons

1909 2109 2125 2164 canitiei
2158 2108 2550 2177 deprecabatur
2572 2146 2587 2171 ,
2624 2106 2718 2161 sed
2756 2106 2880 2159 odio
2909 2119 2968 2160 se
2996 2102 3194 2157 habere
3226 2098 3481 2163 ostendit,

1908 2200 2317 2255 insolentiorem
2368 2199 2607 2267 juventa:
2684 2196 3106 2264 improbitatem.
3162 2191 3323 2247 Certe
3373 2204 3485 2244 non

1907 2306 2005 2359 per
2056 2289 2457 2358 simplicitatem
2489 2302 2676 2351 senex,
2746 2285 2840 2339 sed
2888 2284 3013 2339 dolo
3066 2291 3253 2352 captus
3294 2295 3485 2351 pecca-

1907 2390 2101 2446 verat;
2149 2381 2343 2434 horum
2410 2378 2646 2432 duorum
2693 2374 2851 2429 alteri
2901 2389 3038 2443 opus
3087 2380 3172 2428 est
3204 2372 3349 2426 nudo
3395 2385 3487 2424 auc

1912 2474 2064 2537 xilio,
2125 2471 2281 2526 alteri
2313 2478 2495 2525 autem
2529 2468 2870 2540 purgatione.
2922 2469 3057 2520 Cum
3092 2480 3221 2519 vero
3260 2480 3356 2533 per
3394 2478 3486 2517 ve-

1907 2572 2081 2619 strum
2109 2561 2411 2616 exhibitum
2454 2560 2505 2614 ei
2541 2559 2779 2614 studium
2819 2556 3028 2627 optime
3056 2554 3381 2609 reformetur
3400 2552 3487 2605 ille

1908 2670 2093 2720 senex,
2127 2652 2427 2707 seminibus
2465 2650 2676 2707 consilii
2723 2650 2871 2719 prius
2936 2646 3158 2717 sparsis,
3215 2661 3316 2699 nos
3367 2644 3486 2697 fru-

1908 2754 2054 2800 ctum
2094 2744 2240 2798 illius
2292 2742 2481 2797 salutis
2518 2743 2635 2797 sine
2659 2741 2769 2795 ullo
2827 2748 3017 2794 nostro
3069 2739 3256 2793 labore
3295 2735 3487 2790 retuli-

1909 2848 2050 2887 mus.
2119 2831 2322 2888 Omnes
2369 2846 2532 2900 porro
2580 2830 2792 2900 species
2848 2828 3132 2883 medicinae
3196 2826 3353 2880 nobis
3421 2825 3491 2879 ad

1908 2939 2104 2979 manus
2130 2939 2242 2979 non
2275 2928 2432 2977 erant
2456 2932 2690 2993 praasto;
2720 2922 2864 2991 quod
2901 2919 3146 2973 erantin
3183 2917 3487 2988 procinctu,

1910 3016 2091 3071 missae
2145 3024 2292 3070 sunt.
2325 3014 2467 3070 Cura
2499 3014 2568 3068 de
2618 3013 2869 3079 residuis,
2926 3012 3101 3065 donec
3133 3010 3262 3080 ipsae
3289 3023 3489 3077 suppe—

1910 3106 2177 3171 ditentur,
2238 3122 2339 3161 nec
2398 3121 2507 3160 non
2583 3103 2815 3159 deﬁciet.
2891 3101 3057 3157 Donis
3132 3100 3290 3154 nobis
3327 3108 3490 3153 a’tua

1910 3199 2197 3253 sanctitate
2215 3198 2471 3267 profectis
2498 3196 2861 3266 maximopere
2893 3193 3298 3249 exsultabamus
3331 3198 3490 3245 :sunt

1911 3299 2090 3344 autem
2142 3291 2391 3359 inprimis
2420 3290 2508 3343 illa
2565 3304 2595 3342 a
2653 3289 2831 3343 veraci
2871 3286 3113 3358 profecta
3148 3284 3437 3339 dilectione
3473 3324 3488 3347 ,

1911 3399 2030 3454 quae
2078 3384 2129 3437 in
2175 3382 2422 3437 eximiam
2451 3380 2878 3451 magnitudinem
2926 3387 2983 3433 et
3029 3376 3488 3447 pulchritudinem

1912 3477 2204 3538 succrevit.
2264 3490 2383 3545 qua:
2430 3489 2692 3539 amorem,
2730 3473 2874 3528 unde
2916 3472 3255 3535 oriebantur,
3277 3467 3490 3522 faciunt

1914 3562 2040 3616 vitae
2129 3560 2495 3615 excelsitatem
2576 3569 2633 3614 ct
2716 3559 3101 3616 sublimitatem
3175 3571 3483 3628 repraasen-

1918 3662 2053 3703 tare.

2508 3740 2728 3796 EPIST.
2772 3741 2958 3797 LXXI.

2174 3833 2398 3887 Zosimw
2438 3835 2691 3888 monacho
2740 3843 2787 3888 et
2833 3836 3180 3893 anachoreta.

1465 3952 1731 4000 Montacut.
1770 3948 1873 4011 (ep.
1911 3948 1990 4005 25,
2024 3960 2075 4009 p.
2110 3946 2213 4005 85).

315 4056 508 4125 Ὄρειά
530 4071 613 4107 σοι
651 4055 718 4108 τὰ
743 4054 911 4124 δῶρα,
938 4057 1185 4111 κάστανα
1210 4060 1306 4110 καὶ
1330 4058 1591 4128 ἀμανίται
1616 4076 1631 4089 ο
1662 4056 1801 4110 ἀλλὰ

1977 4050 2232 4103 Montana
2283 4058 2375 4104 tua
2425 4064 2656 4105 munera
2719 4066 2868 4117 sunt,
2898 4061 3182 4108 castanea:
3216 4069 3417 4125 nempe
3438 4066 3493 4111 Cl

242 4147 531 4218 βασιλικῆς
552 4146 902 4211 πολυτελείας
929 4148 989 4201 τὸ
1014 4149 1221 4219 πλῆθος
1252 4166 1270 4181 ο
1302 4152 1395 4203 καὶ
1422 4151 1499 4220 τῷ
1524 4152 1622 4220 μὲν
1645 4150 1809 4222 όρείῳ

1912 4141 2313 4207 amanitae;sed
2350 4142 2552 4213 regiam
2605 4142 2862 4212 adimplet
2921 4144 3347 4200 muniﬁcentiam
3396 4163 3494 4202 (εο-

236 4242 462 4311 ἦδυνας,
484 4240 581 4309 οὑχ
609 4240 809 4309 ὁμοίως
846 4239 903 4291 δὲ
927 4238 1004 4306 τῷ
1049 4240 1333 4293 πολυτελεῖ
1357 4241 1618 4311 διέθκηας
1647 4258 1662 4271 ο
1705 4241 1806 4312 ὅρη

238 4352 299 4386 τε
359 4333 560 4388 ἀδικῶν
598 4373 613 4398 ,
672 4333 769 4385 καὶ
835 4332 1110 4403 βασιλείαν
1187 4332 1435 4385 κλέπτων
1497 4334 1554 4386 ὲν
1604 4333 1807 4404 ὄρεσιν.

242 4424 503 4497 Ἔγραψα
522 4423 716 4491 ταῦτα,
744 4424 831 4477 ἵνα
852 4426 947 4479 καὶ
971 4425 1257 4495 συστείλῃς
1294 4426 1354 4478 τὸ
1384 4423 1585 4495 πλῆθος
1601 4426 1698 4478 καὶ
1712 4428 1811 4496 τὴν

241 4517 422 4571 εἱδίαν
447 4517 717 4589 φυλάττῃς
744 4517 853 4570 τῶν
867 4516 1056 4587 δώρων
1078 4533 1092 4547 ·
1124 4516 1427 4587 ἐϐουλόμην
1450 4534 1532 4569 σοι
1565 4534 1640 4569 πα
1648 4533 1814 4587 ραγε-

240 4610 450 4672 νέσθαι,
476 4610 612 4663 ἀλλά
633 4612 730 4681 τῆς
754 4611 930 4682 ὁρμῆς
950 4610 1183 4683 ὲσχέθην
1217 4628 1232 4643 ·
1257 4611 1406 4680 ὅμως
1432 4611 1532 4664 οὑκ
1586 4612 1663 4673 είς
1709 4627 1813 4679 μα-

242 4702 402 4770 κράν,
432 4702 593 4772 ἀνθ’ή
603 4703 744 4770 μῶν,
764 4702 1048 4774 σταλήται,
1075 4704 1153 4769 ὃς,
1170 4704 1231 4756 οὑ
1248 4702 1391 4767 λέγω
1426 4702 1813 4772 ἀναπληρώσει

241 4796 386 4863 (οὐδὲ
409 4796 516 4865 γὰρ
537 4797 709 4861 αὐτοὶ,
731 4797 840 4850 οὐδ’
874 4795 1059 4850 ἄλλοτε
1092 4788 1300 4866 ἡμεῖς),
1349 4796 1483 4849 ἀλλὰ
1521 4794 1814 4864 μετριώσει

240 4889 303 4940 τὺ
350 4887 637 4958 ὑστέρημα
665 4888 841 4958 ἡμῶν.
874 4888 956 4943 Τὰ
981 4888 1025 4941 δ’
1070 4888 1224 4952 ἄλλα,
1257 4886 1530 4960 ἐρρωσθαί
1581 4902 1674 4938 σου
1716 4886 1814 4955 τὴν

242 4977 518 5049 πατρικὴν
552 4978 803 5047 ὁσιότητα
865 4978 1224 5049 ἐπευχόμεθα,
1272 4979 1365 5031 καὶ
1416 4977 1513 5047 τῆς
1549 4976 1710 5046 ἡμῶν
1741 4975 1815 5045 μὴ

244 5066 595 5138 ἐπιλελῆσθαι
648 5068 1017 5138 μετριότητος.

858 5244 1079 5298 ΕΠΙΣΤ.
1119 5244 1216 5298 ΟΒ⁹

467 5334 800 5398 Ἀθανασίῳ
839 5334 1082 5403 μοναχῷ
1134 5336 1232 5389 καὶ
1287 5334 1669 5403 ἡσυχάζοντι.

1907 4233 2033 4302 pia;
2086 4233 2455 4287 montanismo
2486 4234 2794 4300 delectasti,
2849 4251 2960 4289 non
3032 4238 3259 4306 perinde
3321 4240 3494 4291 abun-

1908 4324 2126 4390 dantia;
2182 4334 2396 4378 montes
2454 4325 2623 4389 laedis,
2671 4336 2726 4380 et
2781 4342 3008 4397 regnum
3042 4329 3135 4383 tibi
3179 4329 3235 4382 in
3294 4331 3493 4384 monti-

1909 4406 2365 4466 bus-suﬂ‘uraris.
2419 4414 2549 4468 Haec
2600 4413 2721 4469 ideo
2773 4417 2983 4486 scripsi,
3033 4418 3173 4472 uide
3219 4417 3371 4488 copia
3396 4422 3491 4473 dc-

1911 4522 2046 4571 mas,
2079 4514 2135 4560 et
2161 4507 2215 4559 in
2246 4507 2569 4562 muneribus
2596 4524 2889 4580 congruam
2960 4513 3201 4567 retineas
3229 4516 3488 4581 speciem.

1918 4598 2124 4653 Vellem
2157 4600 2246 4653 tibi
2282 4616 2521 4670 praesens
2543 4603 2753 4671 adesse,
2814 4605 2905 4659 sed
2938 4608 3244 4660 retardatur
3262 4607 3351 4661 ille
3381 4608 3487 4660 im-

1921 4700 2119 4761 petus;
2188 4702 2560 4748 verumtamen
2635 4711 2746 4750 non
2789 4697 2881 4751 diu
2938 4698 3039 4751 erit
3106 4714 3227 4751 cum
3304 4710 3492 4754 nostra

1921 4785 2038 4838 vice
2086 4785 2419 4855 ablegabitur
2437 4788 2528 4857 qui
2562 4803 2668 4841 non
2700 4788 2875 4841 dicam
2914 4789 3251 4857 adimplebit,
3288 4790 3491 4858 (neque

1921 4876 2067 4930 enim
2103 4877 2207 4931 hoc
2236 4877 2527 4947 aliquando
2566 4881 2651 4935 vel
2724 4880 2827 4949 ipsi
2886 4890 3139 4948 praestare
3168 4881 3489 4950 poterimus)

1923 4966 2018 5021 sed
2074 4969 2485 5024 admensurabit
2508 4971 2783 5025 defectum
2816 4981 3083 5026 nostrum.
3117 4972 3325 5027 Caetera
3348 4977 3495 5043 quod

1922 5062 2137 5116 attinet.
2175 5063 2345 5116 Deum
2376 5078 2628 5127 veneror,
2658 5072 2878 5133 paterna
2898 5080 2994 5119 sua
3016 5066 3276 5122 sanctitas
3297 5068 3491 5132 valeat,

1924 5156 2091 5213 nolito
2128 5168 2332 5214 nostrze
2357 5160 2603 5215 oblivisci
2633 5160 3042 5215 mediocritatis.

2432 5252 2649 5307 EPIST.
2681 5251 2894 5307 LXXII.

2134 5343 2424 5397 Athanasio
2454 5342 2707 5396 monacho
2736 5352 2785 5395 et
2819 5344 3169 5401 anachoretaa.

1499 5434 1769 5499 Montacut.
1800 5451 1901 5514 (ep.
1935 5453 2013 5512 26,
2037 5468 2083 5515 ρ.
2118 5454 2219 5516 85).

317 5549 408 5610 Εἰς
440 5547 539 5617 τὴν
562 5548 662 5618 τῆς
703 5548 998 5618 ἡγεμονίας
1047 5547 1247 5617 ἐπέστη
1278 5549 1470 5619 ἀρχὴν,
1508 5550 1565 5603 ὃν
1624 5554 1814 5621 ἄρχειν

243 5639 343 5707 τῆς
372 5640 746 5709 πνευματικῆς
777 5640 980 5710 ἀγέλης
1018 5642 1051 5709 ή
1096 5642 1161 5707 σὴ
1207 5642 1420 5710 ὁσιότης
1461 5644 1551 5695 διὰ
1584 5643 1816 5713 δοκιμῆς

1991 5557 2071 5610 Ad
2119 5556 2484 5627 principatum
2518 5568 2574 5613 et
2596 5559 2968 5629 magistratum
3000 5570 3281 5630 promotus
3311 5560 3357 5613 is
3380 5570 3483 5624 est,

1923 5666 2083 5719 quem
2136 5661 2227 5705 tua
2286 5651 2567 5716 sanctitas,
2637 5653 2972 5723 experientia
3015 5660 3189 5723 capta,
3256 5665 3488 5721 praeesse

1522 5791 1750 5846 VARUS
1788 5794 2191 5853 LECTIONES.

330 5914 350 5940 ι
383 5902 469 5955 ϊσ.
515 5903 781 5975 Ἐριστῆς.
866 5909 877 5939 ί
916 5906 999 5960 ἵσ.
1027 5904 1133 5957 διὰ.
1214 5915 1234 5939 ἰ
1268 5920 1356 5972 ῃ).
1391 5906 1755 5978 πληθυούσης.
