4080 6410
576 487 679 552 883

1720 486 1979 546 ΡΗΟΤΙΙ
2013 490 2509 551 ΡΑΤΒΙΛΒΟΠΕ
2548 492 2656 551 CP.

3709 484 3813 548 88I

580 595 724 666 gregi
771 592 901 649 fecit
933 594 1219 665 Spirituali.
1274 594 1501 649 Precare
1546 610 1695 665 ergo,
1728 595 1903 661 Pater,
1933 606 1991 649 ut
2029 613 2130 652 nec

2253 600 2537 671 ποιήσατο.
2561 597 2729 668 Εὐχου
2753 592 2864 663 οῦν,
2892 597 3094 669 Πάτερ,
3126 596 3262 667 μήτε
3290 594 3388 665 τὴν
3412 593 3512 664 σὴν
3541 592 3814 663 σφαλῆναι

580 699 671 742 ιιιο
697 687 900 756 judicio
941 687 1225 757 decipiaris
1267 688 1370 759 (est
1402 687 1545 741 enim
1586 687 1687 743 hoc
1736 689 1817 744 vel
1873 689 2145 759 inprimis,

579 777 622 831 si
674 777 804 847 quid
848 776 1014 841 aliud,
1048 791 1345 848 congruum
1392 792 1515 831 cum
1550 788 1653 832 tuae
1701 780 1994 843 sanctitati,
2030 788 2144 833 tum

579 869 743 925 etiam
799 871 919 940 illi),
942 885 1043 924 nec
1080 884 1337 923 manuum
1399 879 1704 925 nostrarum
1752 870 2026 941 impositio
2078 871 2147 925 ad

579 963 903 1018 reddendam
926 972 1151 1017 vocetur
1173 962 1435 1016 rationem
1461 1005 1476 1028 ,
1528 963 1622 1017 sed
1646 973 1701 1018 ut
1748 964 1907 1033 plane
1950 964 2147 1035 dignus

580 1055 669 1109 ille
709 1054 1111 1110 demonstretur
1154 1064 1210 1110 et
1237 1066 1418 1111 vestro
1444 1056 1722 1127 suii‘ragio,
1749 1065 1803 1110 et
1842 1072 1938 1126 spe
1987 1058 2145 1111 nobis

580 1154 867 1214 concepta.
924 1143 1131 1200 Caetera
1186 1146 1330 1215 quod
1399 1156 1652 1216 spectat,
1724 1147 1908 1202 valere
1955 1158 2151 1217 exopto

580 1245 726 1293 tuam
749 1236 1113 1303 sanctitatem,
1162 1246 1219 1292 et
1259 1249 1457 1294 nostra:
1505 1238 1893 1295 mediocritatis
1945 1238 2145 1311 jugiter

576 1342 916 1387 memtntsse.

1149 1437 1364 1495 EPIST.
1416 1437 1647 1493 LXXIII.

1242 1530 1447 1587 Eidem.

2246 692 2424 763 κρίσιν
2446 690 2623 762 (τοῦτο
2650 691 2759 761 γὰρ
2790 692 2857 761 τῇ
2884 707 2942 743 τε
2974 692 3038 759 σῇ
3076 688 3335 757 ὁσιότητι,
3358 685 3621 755 κάκείνῳ,
3656 685 3812 755 εἴπερ

2243 802 2295 838 τι
2324 785 2472 849 ἄλλο,
2507 782 2993 849 λυσιτελέστατον),
3014 782 3147 851 μήτε
3176 780 3272 851 τὴν
3293 778 3449 848 ἡμῶν
3475 776 3814 847 χειροθεσίαν

2242 875 2493 939 εὐθύναις
2538 874 2831 946 ἐνορᾶσθαι
2856 890 2872 907 ο
2927 872 3042 927 ἀλλ’
3066 872 3214 937 ἀξιον
3260 871 3349 925 τὸν
3396 870 3589 939 ἄνδρα,
3624 866 3723 919 τοῦ
3758 882 3815 919 τε

2242 969 2508 1038 ὑμετέρου
2554 967 2925 1038 ψηφίσματος,
2954 965 3052 1019 καὶ
3098 964 3205 1015 τῶν
3257 962 3547 1033 ἡμετέρων
3581 959 3815 1012 ἐλπίδων

2241 1060 2658 1130 ἀναδειχθῆναι·
2689 1059 2758 1113 τὰ
2799 1059 2843 1112 δ’
2875 1058 3009 1113 ἄλλα
3062 1054 3334 1126 ἐρρῶσθαι
3401 1070 3495 1106 σου
3527 1051 3630 1121 τὴν
3673 1050 3815 1104 ὁσιό-

2239 1167 2379 1219 τητα
2408 1150 2776 1221 ἐπευχόμεθα,
2802 1148 3015 1219 καὶτῆς
3040 1145 3198 1218 ἡμῶν
3226 1145 3302 1216 μὴ
3320 1143 3676 1214 ἐπιλελῆσθαι
3722 1158 3816 1211 με-

2246 1243 2551 1314 τριάτητος.

2853 1450 3075 1505 ΕΠΙΣΤ.
3108 1449 3227 1502 01".

2885 1541 2971 1608 Τῷ
2990 1540 3169 1608 αὐτῷ.

1832 1657 2092 1701 ιιοηιαςυῑ.
2133 1654 2234 1715 (ep.
2259 1658 2337 1717 27,
2369 1672 2419 1721 p.
2447 1659 2551 1721 86).

684 1748 766 1802 Ad
821 1765 883 1803 ea
935 1766 1055 1820 qua:
1115 1751 1392 1805 attendere
1450 1750 1637 1804 debuit
1714 1750 1778 1814 is,
1809 1752 1900 1821 qui
1957 1762 2148 1807 vestrae
2181 1767 2220 1821 Β

579 1840 879 1895 sanctitatis
918 1841 1125 1896 litteras
1151 1842 1348 1902 attulit,
1378 1842 1697 1896 brevissimo
1720 1851 1771 1895 et
1843 1851 2148 1911 opportuno

582 1940 826 1999 tempore
851 1930 1235 1987 instruebatur.
1303 1930 1559 1987 Praestitit
1624 1932 1711 1984 ille
1736 1946 1794 1985 se
1815 1933 2139 2001 morigerum

579 2022 665 2075 vel
716 2022 967 2085 maxime,
989 2032 1039 2077 et
1084 2023 1561 2093 pollicitationibus
1589 2022 1873 2077 declaravit
1916 2022 2148 2076 fructum

580 2116 892 2170 selaturum
946 2118 1402 2173 admonitionibus
1433 2118 1537 2173 illis
1592 2117 1832 2188 dignum,
1890 2117 2148 2171 nimirum

580 2207 758 2275 quoad
793 2215 1005 2272 cretcra,
1046 2210 1413 2280 complacente
1468 2209 1595 2274 Deo,
1630 2209 1797 2262 vitam
1838 2207 2148 2273 instituere,

582 2314 685 2353 nec
729 2300 812 2353 vel
839 2299 1085 2369 digitum,
1144 2301 1287 2370 quod
1318 2302 1532 2365 dicitur,
1567 2300 1811 2354 attollere
1840 2298 2043 2367 absque
2060 2316 2152 2354 ve-

580 2399 694 2445 stra
726 2390 1025 2445 directione
1058 2408 1073 2457 ;
1104 2391 1274 2444 Deum
1342 2406 1441 2445 oro
1490 2399 1548 2445 ut
1604 2388 1967 2459 respondeant
2013 2388 2151 2444 facta

580 2478 780 2544 verbis,
804 2495 873 2534 ne
902 2480 944 2533 si
1012 2478 1153 2534 forte
1200 2480 1255 2533 in
1318 2495 1444 2533 saxa
1507 2480 1863 2542 seminantes,
1896 2478 2153 2533 destituat

581 2586 683 2627 nos
711 2584 921 2643 tempus
944 2575 1057 2645 agri
1087 2575 1348 2629 metendi.

686 2664 930 2720 Monachi
989 2668 1354 2737 symbolarum
1380 2669 1683 2724 inordinate
1737 2687 1795 2725 se
1829 2680 2149 2741 gesserunt,

579 2756 672 2826 qui
734 2772 1023 2813 censuram
1054 2760 1157 2813 sibi
1196 2771 1513 2830 arrogarunt
1545 2771 1598 2815 et
1637 2772 1957 2832 potestatem
1984 2763 2153 2817 abba-

583 2847 653 2901 tls
704 2847 1031 2919 deponendi.
1062 2849 1208 2903 Idem
1240 2850 1450 2906 facinus
1476 2852 1612 2916 ausi,
1662 2868 1723 2922 ac
1759 2854 1881 2907 siin
1912 2856 2153 2925 aurigam

582 2937 922 3009 insurgerent
978 2942 1128 3011 equi,
1197 2957 1384 3011 greges
1434 2943 1486 2995 in
1536 2952 1826 3014 pastorem,
1887 2955 2065 2999 nautae
2098 2947 2153 3000 in

580 3029 897 3083 nauclerum
926 3046 939 3082 :
972 3030 1082 3084 imo
1114 3032 1283 3086 multo
1317 3032 1417 3086 hoc
1476 3035 1647 3103 magis
1676 3035 1939 3088 absonum
1966 3046 2068 3097 est,
2092 3044 2154 3089 ut

2319 1754 2419 1813 Ὧν
2452 1761 2559 1815 ἔδει
2586 1763 2856 1832 κατήκοον
2909 1760 3161 1830 γενέσθαι
3206 1758 3297 1809 τὸν
3352 1751 3819 1825 γραμματοφόρον

2251 1852 2348 1921 τῆς
2372 1852 2524 1918 ὑμῶν
2553 1853 2849 1922 ὁσιότητος,
2873 1852 2945 1915 ὡς
2969 1851 3027 1903 ἐν
3058 1846 3377 1918 βραχυτάτῳ
3406 1842 3608 1914 καιρῷ,
3645 1842 3822 1894 πάντα

2251 1941 2555 2011 παρῃνέθη,
2585 1940 2680 1993 καὶ
2729 1941 2888 2003 αὐτὸς
2942 1938 3105 1993 αὐτὸν
3152 1936 3405 2005 εὐπειθῆ,
3462 1934 3561 1986 καὶ
3609 1932 3821 2001 καρπὸν

2250 2031 2419 2084 οίσειν
2479 2031 2586 2083 τῶν
2636 2031 3011 2101 παραινέσεων
3041 2028 3211 2093 ἄξιον,
3279 2027 3401 2087 ταῖς
3457 2021 3822 2091 ὑποσχέσεσιν

2251 2122 2438 2188 ἔδειξε,
2462 2122 2528 2175 τά
2560 2140 2618 2175 τε
2659 2123 2791 2177 ἄλλα
2840 2120 2958 2192 Θεῷ
3003 2122 3310 2192 εὐαρέστως
3334 2116 3503 2188 βιοῦν,
3536 2115 3636 2169 καὶ
3690 2112 3824 2182 μηδὲ

2250 2216 2342 2270 τὸν
2408 2216 2685 2277 δάκτυλον,
2739 2215 2766 2267 ὃ
2813 2215 2876 2285 δή
2939 2230 3093 2283 φασι,
3152 2213 3323 2265 κινεῖν
3387 2209 3490 2277 τῆς
3540 2205 3822 2275 ὑμετέρας

2252 2306 2421 2376 χωρὶς
2479 2304 2807 2374 ἐπικρίσεως
2834 2321 2848 2335 ’
2874 2302 3149 2373 εὐχόμεθα
3200 2302 3263 2370 δὴ
3307 2302 3418 2361 τοῖς
3453 2298 3642 2366 ἔργοις
3692 2312 3827 2364 συμ-

2253 2398 2537 2459 ϐαίνοντας
2570 2397 2696 2449 ίδεῖν
2724 2399 2847 2459 τοὺς
2879 2396 3089 2463 λόγους,
3121 2394 3209 2447 ἵνα
3244 2392 3319 2463 μὴ
3363 2392 3703 2461 σπείραντας
3749 2389 3829 2448 είς

2254 2490 2528 2559 πέτρας,ό
2567 2487 2659 2541 τοῦ
2702 2487 2969 2557 γεωργίου
3027 2485 3215 2555 καιρὸς
3262 2483 3418 2553 ἡμᾶς
3466 2478 3826 2548 ἐξελέγξειεν.

2325 2671 2387 2721 Οἱ
2417 2668 2473 2721 δέ
2502 2668 2610 2721 τῶν
2661 2664 2947 2735 συμϐόλων
2979 2663 3202 2733 μοναχοὶ
3233 2660 3485 2720 ἀτάκτως
3536 2654 3830 2725 ἐχώρησαν

2254 2762 2465 2821 ἑαυτοῖς
2518 2759 2618 2829 τὴν
2675 2756 2801 2827 περὶ
2851 2754 2945 2807 τοῦ
3012 2753 3161 2822 σφῶν
3214 2750 3522 2819 ἡγουμένου
3578 2746 3830 2812 ἐξουσίαν

2254 2851 2350 2905 καὶ
2399 2850 2578 2920 κρίσιν
2633 2846 3063 2917 ἐπιτρέψαντες·
3106 2844 3220 2897 τσον
3270 2841 3380 2910 γάρ
3430 2841 3579 2892 ἐστιν
3629 2838 3831 2899 ἵππους

2255 2943 2485 3013 ἡνιόχων
2537 2936 3046 3005 κατεξανίστασθαι,
3073 2936 3169 2989 καὶ
3213 2933 3459 3003 πρόϐατα
3509 2928 3607 2981 τοῦ
3640 2930 3832 2996 ποιμέ-

2256 3052 2365 3098 νος,
2397 3034 2493 3086 καὶ
2518 3032 2717 3095 ναύτας
2754 3029 2848 3083 τοῦ
2900 3028 3230 3097 κυϐερνήτου
3261 3041 3275 3054 ⁸
3303 3023 3503 3093 μᾶλλον
3530 3022 3590 3075 δὲ
3651 3018 3830 3087 πολλῷ

582 3120 835 3173 monachi
874 3120 1096 3175 audacia
1150 3131 1340 3175 contra
1382 3125 1744 3193 begumenum
1780 3125 2115 3181 insolescant
2139 3170 2153 3192 ,

2258 3125 2604 3196 ἀτοπώτερον
2633 3166 2648 3190 ,
2701 3124 2967 3193 μοναχοὺς
3004 3121 3114 3174 τῶν
3170 3115 3606 3187 καθηγουμένων
3664 3128 3830 3166 κατα-

582 3212 674 3282 qul
720 3212 983 3268 rationem
1042 3213 1161 3267 aliis
1190 3223 1405 3269 tenetur
1432 3225 1485 3269 et
1514 3232 1624 3270 non
1656 3216 1785 3286 ipsis
1826 3217 2069 3272 reddere.
2096 3218 2153 3273 Si

584 3303 714 3371 quid
760 3302 943 3357 abillo
966 3303 1221 3358 delictum
1264 3303 1458 3369 fuerat,
1503 3304 1739 3374 iudicem
1774 3305 1921 3360 adire
1985 3306 2155 3375 majo-

585 3409 702 3448 rem
749 3396 1039 3460 debebant,
1078 3410 1177 3450 nec
1215 3395 1283 3450 ad
1332 3411 1390 3450 se
1448 3398 1687 3465 arripere
1728 3397 1989 3465 judicium
2038 3398 2159 3467 epi-

581 3487 815 3556 scopale,
865 3503 986 3542 cum
1020 3488 1107 3542 vix
1150 3488 1204 3541 in
1265 3503 1493 3543 numero
1562 3491 1862 3544 consistant
1912 3490 2156 3560 judican—

580 3577 797 3634 dorum.
866 3577 1236 3633 Nihilominus
1289 3594 1413 3633 cum
1468 3579 1535 3633 ad
1588 3588 1820 3634 vestram
1881 3579 2157 3634 conﬂuxe-

583 3670 691 3723 rint
730 3670 1073 3724 sanctitatem
1103 3712 1117 3735 ,
1163 3670 1459 3724 remittitur
1495 3670 1597 3725 illis
1635 3672 1808 3725 audax
1833 3672 1963 3725 illud
1994 3686 2157 3724 anar-

582 3759 720 3815 chia:
771 3760 1001 3821 facinus,
1060 3770 1115 3813 et
1166 3761 1449 3815 seditionis
1510 3771 1687 3825 motae,
1743 3762 1838 3817 sed
1894 3764 1967 3816 ita
2006 3773 2065 3817 ut
2101 3778 2160 3819 se

584 3850 851 3918 recipiant
897 3848 1265 3917 promittendo
1295 3849 1362 3903 de
1390 3859 1585 3904 cmtero
1619 3850 1828 3906 futuros
1904 3851 2159 3905 obedien-

587 3942 791 4005 tiores;
834 3940 884 3993 id
929 3950 1111 3993 autem
1160 3941 1232 3993 ita
1264 3941 1696 3995 demonstratum
1739 3941 2007 4004 dederint.
2033 3942 2159 3995 siin

585 4032 836 4086 abbatem
862 4032 1242 4086 consenserint
1269 4048 1300 4086 a
1331 4042 1421 4087 tua
1450 4034 1738 4088 sanctitate
1774 4034 2111 4087 nominatum
2141 4050 2156 4097 ;

585 4137 766 4191 neque
806 4121 953 4178 enim
1000 4122 1090 4179 illa
1131 4130 1415 4177 versentur
1467 4124 1744 4193 Opinione,
1792 4123 2075 4179 toleratum
2094 4123 2159 4177 iri

588 4226 649 4271 ut
697 4217 789 4287 qui
848 4216 915 4271 ad
964 4216 1288 4271 seditionem
1336 4216 1462 4272 elati
1543 4214 2049 4278 commovebantur,
2104 4216 2159 4270 itt

588 4308 741 4365 illum
784 4308 964 4363 denuo
1002 4308 1346 4362 consentiant
1373 4317 1428 4360 et
1484 4306 1800 4374 conspirent
1825 4307 2157 4376 eligendum,

589 4416 777 4470 quem,
838 4400 1059 4455 calculis
1105 4400 1255 4469 prius
1285 4399 1541 4467 scriptis,
1609 4399 1712 4453 sibi
1775 4399 2157 4470 designarant.

589 4493 848 4548 SulIicere
891 4492 1330 4561 delinquentibus
1380 4490 1545 4545 debet
1589 4491 1633 4545 si
1700 4494 1913 4546 veniam
1957 4494 2025 4549 de
2067 4496 2159 4549 ad-

586 4586 767 4641 missis
801 4583 1250 4654 impetraverint;
1291 4596 1637 4651 nequaquam
1668 4598 1798 4636 vero
1846 4583 2163 4652 aspirabunt

585 4679 653 4734 ad
712 4694 821 4732 non
863 4674 1293 4746 delinquentium
1321 4675 1753 4744 praerogativam,
1782 4684 1842 4729 ut
1878 4692 1948 4729 ne
1969 4692 2056 4730 res
2077 4678 2163 4730 in-

584 4770 920 4830 diil‘erentes.
960 4769 1185 4832 bonum,
1220 4768 1445 4829 malum,
1492 4775 1639 4820 recte
1691 4782 1869 4837 agere,
1900 4777 1955 4820 et
1987 4768 2162 4821 delin-

584 4876 753 4929 quere
811 4860 1135 4922 habeantur,
1169 4858 1377 4927 judicio
1410 4857 1476 4912 de
1510 4869 1738 4927 utroque
1787 4858 2160 4913 indiﬂerenter

585 4952 800 5007 aﬂ'ecto.
828 4952 1033 5007 Caetera
1092 4952 1239 5021 quod
1276 4959 1503 5021 spectat,
1546 4965 1740 5021 precor
1782 4961 1929 5005 tuam
1982 4952 2164 5006 valere

588 5046 928 5104 sanctitatem
963 5087 977 5110 ,
1027 5055 1083 5100 et
1136 5054 1338 5100 nostra:
1395 5043 1784 5098 mediocritatis
1840 5059 1949 5098 non
2021 5044 2162 5099 obii-

585 5134 742 5189 visci.

1139 5246 1354 5303 EPIST.
1399 5245 1631 5301 LXXIV.

1076 5338 1332 5394 Bai-nabat
1374 5338 1651 5393 monacho.

2256 3216 2642 3291 φρυάττεσθαι,
2665 3216 2883 3283 οἱλόγον
2907 3213 3129 3281 ὑπέχειν
3150 3210 3327 3264 αὐτῶν
3350 3211 3580 3278 ἐτέροις,
3595 3205 3713 3260 ἀλλ’
3733 3206 3830 3256 οὐκ

2255 3310 2485 3372 ἐκείνοις
2506 3350 2520 3373 ,
2562 3305 2961 3376 ἐπιστεύθησαν
2986 3320 3000 3334 ·
3030 3305 3078 3355 εί
3118 3302 3175 3355 δέ
3206 3318 3261 3353 τι
3315 3297 3633 3369 πλημμελεῖ
3658 3337 3674 3360 ,
3713 3296 3831 3365 μεί-

2256 3402 2385 3466 ζονα
2408 3399 2600 3473 κριτὴν
2645 3397 2925 3466 ἐπιζητεῖν
2951 3395 3078 3458 ἔδει,
3114 3393 3249 3446 ἀλλὰ
3303 3391 3377 3460 μὴ
3421 3389 3695 3460 ἁρπάζειν
3734 3387 3833 3457 τὴν

2257 3496 2443 3565 κρίσιν
2471 3493 2580 3545 τῶν
2633 3489 2961 3561 ἀρχιερέων,
2995 3488 3119 3548 τοὺς
3158 3486 3216 3537 ἐν
3245 3486 3312 3554 τῇ
3343 3482 3452 3535 τῶν
3492 3480 3835 3552 κρινομένων

2258 3585 2411 3657 χώρᾳ
2450 3582 2602 3649 μόλις
2634 3579 3058 3649 ἐξεταζομένους
3089 3594 3104 3608 ⁸
3137 3578 3287 3646 ὅμως
3332 3574 3455 3627 ἐπεὶ
3485 3577 3550 3643 τῇ
3585 3570 3833 3641 ὑμετέρᾳ

2259 3673 2687 3749 προσερρὐσαν
2739 3670 3041 3741 ἁγιωσύνῃ,
3078 3668 3297 3737 ἀφίεται
3321 3666 3507 3727 αὐτοῖς
3528 3664 3634 3732 τῆς
3667 3663 3834 3730 ἀναρ-

2259 3770 2384 3839 χίας
2420 3768 2479 3819 τὸ
2509 3766 2785 3834 τόλμημα,
2819 3762 2913 3815 καὶ
2961 3762 3058 3830 τῆς
3097 3758 3357 3821 στάσεως,
3408 3758 3457 3808 εί
3518 3756 3615 3808 καὶ
3678 3753 3835 3806 αὐτοὶ

2259 3857 2527 3920 εὐπειθῶς
2547 3855 2639 3907 τοῦ
2673 3853 2861 3907 λοιποῦ
2887 3849 3263 3905 πολιτεύεσθαι
3299 3846 3793 3902 διαϐεϐαιώσαιντο
3818 3860 3833 3875 ·

2257 3950 2491 4013 δείξουσι
2522 3947 2601 4010 δέ,
2642 3945 2738 3998 ἐὰν
2772 3946 2867 3997 ἐνα
2891 3944 3035 4005 τινὰ,
3059 3943 3119 3995 ὃν
3149 3942 3215 3995 ἂν
3234 3939 3467 4011 βουληθῇ
3495 3956 3591 3992 σου
3626 3939 3661 4007 ὴ
3691 3935 3836 3988 ὁσιόο

2258 4059 2379 4112 της,
2433 4041 2513 4103 είς
2563 4036 2869 4107 ἡγούμενον
2918 4034 3200 4099 δέξονταυ
3245 4034 3319 4105 μὴ
3363 4034 3470 4103 γὰρ
3522 4032 3712 4091 αὐτοῖς
3748 4030 3840 4082 ἐπὶ

2260 4134 2387 4187 νοῦν
2432 4134 2581 4203 ἥκοι.
2622 4130 2699 4194 ὡς
2746 4130 2795 4183 oi
2840 4126 3301 4190 καταστασιάζειν
3351 4123 3710 4194 ἐπαρθέντες,
3744 4124 3838 4173 ἀν-

2259 4227 2406 4299 δρὸς,
2438 4224 2582 4295 ὐπέρ
2612 4216 2674 4277 οῦ
2716 4220 2819 4285 τὰς
2844 4220 3057 4291 ψήφους
3102 4218 3417 4290 ἐγγράφους
3453 4216 3662 4279 ἔθεντο,
3694 4210 3839 4268 οὗτοι

2261 4320 2424 4374 πάλιν
2486 4314 2820 4386 ψηφίζεσθαι
2891 4313 2986 4366 καὶ
3041 4312 3342 4382 μαρτυρεῖν
3411 4307 3835 4377 ἀξιωθήσονται,

2193 4456 2236 4510 D
2275 4414 2460 4483 Ἀρκεῖ
2486 4410 2595 4481 γὰρ
2618 4412 2731 4471 τοῖς
2756 4404 3169 4477 πλημμελοῦσιν
3193 4406 3228 4475 ἡ
3267 4403 3379 4510 τῶν
3406 4399 3839 4505 ἁμαρτηθέντων

2264 4500 2560 4570 συγγνώμη
2581 4518 2595 4532 ο
2624 4500 2685 4551 τὸ
2705 4498 2762 4551 δέ
2790 4497 3087 4568 προνόμιον
3112 4495 3223 4548 τῶν
3252 4493 3723 4563 ἁνεξαμαρτήτων
3745 4489 3839 4557 οὐχ

2260 4594 2493 4659 ἕξουσιν,
2528 4592 2617 4645 ἵνα
2645 4591 2720 4662 μὴ
2754 4590 3046 4660 ἀδιάφορον
3091 4585 3170 4656 τῷ
3198 4584 3387 4653 ἁγαθῴ
3424 4583 3487 4635 τὺ
3516 4582 3713 4641 κακὸν,
3747 4580 3841 4632 καὶ

2258 4690 2337 4760 τῷ
2364 4684 2665 4759 κατορθοῦν
2710 4684 2773 4738 τὸ
2825 4682 3187 4754 ἁμαρτάνειν,
3214 4680 3272 4731 ἐν
3311 4677 3596 4746 ἀδιαφόρῳ
3640 4676 3707 4744 τῇ
3756 4673 3840 4741 ἐφ’

2260 4781 2524 4851 ἐκατέρου
2552 4779 2731 4849 κρίσει
2756 4776 3045 4845 λογίζοιτο.
3063 4772 3144 4826 Τὰ
3174 4771 3221 4824 δ’
3249 4770 3406 4835 ἄλλα,
3437 4764 3718 4839 ἐρρῶσθαι
3747 4781 3839 4817 σου

2259 4875 2359 4944 τὴν
2408 4872 2665 4942 ὁσιότητα
2691 4868 3059 4940 ἐπευχόμεθα,
3093 4865 3189 4919 καὶ
3211 4864 3310 4933 τῆς
3355 4859 3517 4931 ἡμῶν
3550 4858 3628 4931 μὴ
3659 4856 3842 4910 ἐπιλε-

2262 4964 2459 5034 λῆσθαι
2482 4963 2861 5035 μετριότητος.

2871 5241 3097 5297 ΕΠΙΣΤ.
3124 5242 3240 5292 OA'.

2713 5332 2988 5402 Βαρνάϐᾳ
3025 5329 3358 5400 μονάζογτι.

1821 5447 2083 5495 Montacut.
2121 5450 2224 5510 (ep.
2259 5447 2338 5507 41,
2371 5461 2420 5508 p.
2453 5445 2555 5505 98).

660 5556 803 5623 Quid
854 5564 1225 5625 paupertatem
1272 5555 1440 5611 deﬂes
1465 5556 1488 5608 ?
1516 5556 1702 5609 Justus
1722 5569 1831 5607 non
1874 5552 2163 5608 deseritur.

593 5650 709 5705 Imo
772 5647 1032 5719 (inquies)
1097 5649 1449 5703 deserebatur
1506 5646 1628 5701 Job.
1691 5645 1797 5701 Sed
1828 5662 1894 5701 eo
1925 5646 2050 5709 line,
2105 5653 2167 5699 ut

595 5740 826 5809 impium
869 5741 1017 5795 illum
1043 5741 1313 5795 vincendo
1346 5741 1591 5794 vinceret
1618 5738 1710 5806 qui
1756 5753 1853 5807 per
1900 5753 2166 5792 summam

597 5833 1009 5901 impudentiam,
1030 5833 1377 5902 purissimam
1416 5829 1586 5897 ipsius
1609 5829 1864 5897 pietatem
1894 5828 2016 5881 vita:
2038 5844 2166 5897 pro-

598 5938 764 5997 spero
806 5939 970 5979 cursu
1010 5934 1066 5979 et
1115 5924 1370 5979 felicitate
1399 5919 1614 5976 volebat
1671 5921 1982 5988 cauponari,
2008 5929 2167 5991 atque

2336 5550 2401 5602 Τί
2431 5550 2646 5619 θρηνεῖς
2668 5547 2887 5612 πενίαν;
2914 5546 3122 5605 δίκαιος
3153 5544 3253 5595 οὐκ
3273 5539 3833 5609 ἐγκαταλιμπανεται.

2274 5642 2416 5694 Ἀλλ’
2458 5641 2580 5695 Ἰὼϐ
2614 5638 3027 5708 ἐγκατελείφθη.
3088 5635 3229 5688 Ἀλλ’
3252 5635 3339 5685 ἶνα
3383 5635 3475 5685 καὶ
3524 5632 3620 5685 τὸν
3669 5648 3839 5698 πονη-

2268 5734 2360 5803 ρὸν
2410 5733 2491 5796 εἰς
2521 5732 2721 5803 κράτος
2768 5731 2966 5801 νικήσῃ
2991 5726 3257 5796 εὐπαθείᾳ
3298 5725 3394 5778 καὶ
3448 5722 3567 5792 βίου
3629 5723 3836 5791 εὐροίᾳ,

2266 5826 2362 5895 τὴν
2388 5823 2552 5879 αὐτοῦ
2580 5822 2826 5891 καθαρὰν
2857 5820 3136 5874 εὐσέϐειαν
3182 5814 3513 5886 καπηλεύειν
3542 5816 3836 5879 ἀναισχυν-

2268 5921 2503 5989 τήσαντα
2534 5934 2545 5949 ο
2578 5918 2668 5971 καὶ
2702 5918 2786 5970 ἵνα
2822 5915 2976 5969 πλέον
3007 5907 3081 5969 ὧν
3108 5909 3422 5982 ἐγυμνώθη,
3460 5907 3654 5977 ὀφθείη
3690 5922 3833 5974 περιο
