4080 6432
210 478 324 541 385
1398 480 1935 544 EPISTOLARUM
1964 480 2197 540 LIBER
2235 480 2318 540 II.
2534 444 2537 447 ’
3116 511 3126 521 -
3384 477 3490 543 886

198 586 569 659 ϐαλλόμενος
588 605 603 619 ο
631 588 766 644 ἀλλὰ
804 589 901 643 καὶ
932 589 1143 655 Παῦλός
1196 606 1380 661 φησιν·
1427 592 1517 644 Ἐν
1546 588 1690 661 λιμῷ
1718 588 1809 643 καὶ

1877 633 1890 658 ι
1915 593 1973 639 ut
2004 584 2163 657 longe
2208 585 2457 655 pluribus
2484 585 2818 650 instructus,
2846 598 3011 654 quam
3072 584 3271 655 quibus
3308 587 3488 657 priva-

196 678 361 748 δίψει
411 679 631 745 διεϐίω,
658 682 751 737 καὶ
779 680 942 752 ψύχει
977 683 1071 736 καὶ
1106 684 1437 754 γυμνότητι·
1466 682 1581 735 ἀλλ’
1635 678 1799 734 ἑκών.

1909 676 2091 741 batur,
2134 676 2426 732 videretur.
2491 676 2598 732 Sed
2652 686 2708 731 et
2747 676 2948 731 Paulus
2997 676 3206 745 inquit:
3234 675 3293 731 In
3347 678 3490 735 fame

212 769 375 822 Ἀλλ’
432 773 608 843 ἀρκεῖ
634 788 717 825 σοι
762 771 975 827 Παῦλον
1014 772 1159 843 ἔχειν
1192 775 1313 827 ἀντὶ
1352 773 1551 837 παντὸς
1578 771 1810 826 πλούτου

1909 777 2070 838 atque
2125 768 2214 823 siti
2266 769 2394 835 vixi,
2426 768 2486 824 in
2515 769 2716 840 frigore
2748 778 2804 824 et
2860 768 3141 833 nuditate;
3177 780 3371 839 sponte
3405 781 3488 825 ta-

200 860 307 914 καὶ
338 860 549 934 πάσης
568 862 918 934 εὐδαιμονίας
948 866 1028 930 είς
1055 865 1431 935 παράδειγμα.

1909 876 2072 915 men.
2127 858 2372 916 Sufﬁciat
2439 870 2623 916 autem
2676 860 2773 915 tibi
2835 858 2983 914 Pauli
3021 861 3331 923 exemplum
3392 878 3504 933 pro-

1911 949 2244 1019 quibuslibet
2288 948 2503 1019 opibus,
2536 956 2591 1003 et
2615 961 2940 1018 quacunque
2961 945 3238 1004 felicitate.

862 1067 1085 1123 ΕΠιΣτ.
1110 1069 1228 1122 OE’.
2430 1060 2472 1116 Ε

2430 1059 2647 1116 EPIST.
2717 1059 2923 1114 LXXV.

686 1161 1002 1229 Σωφρονίφ
1030 1159 1365 1230 μονάζοντι.

1351 1199 1365 1214 .
2373 1153 2663 1222 Sophronia
2688 1151 2957 1207 monacho.

1470 1275 1735 1326 Montacut.
1773 1276 1875 1338 (ep.
1906 1274 1985 1333 42,
2016 1286 2067 1335 p.
2099 1271 2202 1334 98).

283 1377 527 1449 Ὥσπερ
557 1380 613 1432 αἱ
639 1379 749 1434 ἀπὸ
771 1379 877 1433 τῶν
896 1380 1226 1450 τραυμάτων
1255 1380 1429 1447 ούλαὶ,
1462 1381 1589 1444 τοὺς
1613 1380 1812 1443 τόπους

1984 1376 2447 1443 Quemadmodum
2468 1375 2700 1431 obducta
2748 1374 3090 1431 cicatricibus
3102 1374 3324 1430 vulnera
3345 1373 3489 1430 locos

206 1470 503 1537 ἐκείνους,
537 1470 661 1525 καθ’
680 1470 774 1533 οὒς
799 1472 1299 1542 ένεσκιρῤώθησαν,
1332 1474 1427 1527 καὶ
1456 1473 1594 1543 μετὰ
1623 1473 1814 1543 ὑγείαν

1914 1470 2055 1534 illos,
2090 1470 2145 1523 in
2163 1469 2363 1538 quibus
2391 1469 2587 1524 callum
2613 1468 3059 1539 superinductum
3077 1466 3297 1528 habent.
3325 1466 3487 1521 etiam

206 1558 497 1623 εὐπαθεῖς
562 1562 656 1614 καὶ
712 1560 967 1625 νοσώδεις
1036 1561 1554 1631 παρασκευάζουσιν
1587 1580 1601 1595 ο
1670 1563 1813 1615 οὕτω

1914 1570 2037 1633 post
2090 1562 2425 1617 curationem
2480 1561 2686 1615 morbis
2734 1570 2789 1616 et
2845 1559 3296 1630 impressionibus
3333 1568 3486 1627 aptos

206 1652 307 1705 καὶ
338 1653 395 1704 οἱ
435 1654 501 1705 ἐν
524 1656 591 1724 τῇ
625 1652 771 1724 ψυχῇ
802 1653 915 1706 τῶν
940 1654 1357 1725 ἁμαρτημάτων
1404 1654 1692 1723 μώλωπες,
1720 1654 1814 1708 καὶ

1916 1655 2153 1711 reddunt
2195 1673 2207 1708 :
2263 1654 2334 1708 ita
2369 1662 2423 1708 et
2452 1654 2649 1707 animae
2680 1668 2776 1723 per
2804 1662 3085 1722 peccatum
3114 1650 3302 1706 inflicti
3342 1651 3487 1705 livo-

208 1742 363 1812 μετὰ
382 1744 497 1812 τὴν
521 1743 817 1816 θεραπείαν
849 1744 1250 1814 εὐπαράδεκτον
1281 1746 1449 1816 αὐτὴν
1471 1747 1564 1800 καὶ
1588 1747 1810 1818 ἑτοίμην

1876 1798 1883 1844 ι
1916 1763 2026 1813 res,
2069 1738 2240 1818 ipsam
2278 1746 2510 1801 reddunt
2538 1745 2683 1815 (post
2724 1746 3091 1814 curationem)
3129 1752 3256 1814 apte
3300 1744 3487 1813 dispo-

204 1835 355 1906 πρὸς
405 1837 520 1906 τὴν
571 1836 976 1902 καταστίξασαν
1018 1838 1296 1908 ἁμαρτίαν
1360 1837 1805 1910 ἀπεργάζονταιθ

1876 1835 2073 1895 'sitam
2140 1848 2197 1894 et
2256 1838 2585 1909 paratiorem
2629 1836 2697 1890 ad
2770 1836 3019 1907 stigmata
3075 1850 3174 1905 per
3206 1845 3487 1905 peccatum

203 1927 390 1997 φεῦγε
429 1928 620 1981 τοίνυν
655 1930 714 1981 έν
767 1929 999 1996 νεότητι,
1031 1930 1174 1984 κατὰ
1216 1931 1398 1983 πᾶσαν
1454 1929 1709 2001 σπουδὴν,
1739 1928 1808 1983 τὰ

1915 1931 2203 1986 inurenda.
2247 1929 2467 1984 Declina
2501 1929 2661 1999 igitur
2717 1943 2816 1998 per
2850 1926 3274 1981 adolescentiam
3300 1941 3490 1995 pecca-

203 2018 606 2089 ὰμαρτήματα
636 2034 650 2047 ·
682 2019 763 2072 ὅτι
792 2018 1004 2089 συμϐάν
1054 2036 1115 2072 σε
1159 2018 1370 2080 τούτοις
1410 2020 1804 2089 περιπαρῆναι,

1909 2030 2027 2077 tum
2063 2021 2214 2077 omni
2264 2021 2447 2076 studio
2482 2038 2495 2073 :
2531 2019 2790 2089 quoniam
2847 2017 2892 2073 si
2948 2027 3000 2070 te
3041 2015 3111 2070 ab
3146 2015 3251 2069 illis
3276 2014 3490 2070 confodi

200 2104 313 2157 κᾶν
356 2105 470 2175 τῆς
527 2105 746 2178 πληγῆς
798 2108 896 2161 σὺν
951 2107 1100 2178 πόνῳ
1128 2107 1308 2179 πολλῷ
1372 2108 1714 2177 ἀπαλλαγεὶς
1751 2118 1801 2173 ν,

1908 2114 2230 2184 contigerit,
2265 2122 2543 2182 utcunque
2575 2120 2628 2168 te
2656 2127 2687 2166 a
2728 2112 2884 2182 plaga
2916 2124 3040 2164 cum
3094 2108 3266 2163 multo
3306 2108 3489 2163 labore

205 2196 333 2250 ἀλλ’
392 2191 501 2251 οὖν
572 2199 621 2251 οἱ
674 2198 837 2252 τύποι
883 2200 994 2254 τῶν
1055 2200 1376 2271 στιγμάτων
1446 2202 1541 2254 καὶ
1615 2202 1665 2253 οἱ
1708 2218 1806 2271 χα-

1906 2206 2279 2269 extricavcris,
2328 2206 2641 2276 stigmatum
2721 2213 2902 2258 tamen
2958 2202 3223 2272 impressa
3265 2200 3489 2271 vestigia

202 2288 523 2360 ρακτῆρες,
576 2290 697 2343 οὐδὲ
749 2290 911 2362 μέχρι
964 2292 1171 2362 γήρους
1221 2292 1577 2363 σχολάσουσιν
1620 2291 1799 2363 ἐρεθί-

1908 2304 1962 2349 et
1989 2295 2351 2361 characteres,
2388 2310 2559 2365 usque
2583 2295 2649 2348 ad
2695 2293 2920 2348 senilem
2951 2300 3166 2346 aetatem
3194 2307 3304 2345 non
3327 2292 3486 2346 omit-

201 2375 423 2442 ζοντες,
479 2379 575 2433 καὶ
606 2379 713 2432 τῶν
745 2381 962 2434 οἰκείων
996 2383 1089 2433 καὶ
1120 2381 1399 2450 συγγενῶν
1446 2382 1635 2436 παθῶν
1681 2383 1804 2435 ὲπι-

1904 2395 2022 2442 tent
2059 2387 2445 2443 irritationem:
2483 2397 2688 2442 etcum
2727 2386 2823 2440 tibi
2851 2385 3196 2439 familiarium
3222 2384 3488 2437 malorum

198 2468 533 2533 δεικνύντες
579 2470 640 2523 τὸ
665 2471 900 2538 εῐδωλον,
932 2473 992 2525 ού
1043 2473 1299 2541 χαλεπῶς
1333 2490 1392 2527 σε
1454 2474 1589 2544 πρὸς
1644 2473 1801 2528 τοῦτο

1900 2488 1955 2533 et
2020 2480 2434 2551 congenitorum
2490 2479 2763 2550 imagines
2812 2474 3344 2543 repraesentaverint,
3378 2490 3488 2529 non

200 2559 290 2613 δια
297 2559 720 2631 μορφώσουσιν.

1899 2569 2185 2627 difﬁculter
2236 2581 2288 2627 te
2347 2573 2413 2627 ad
2464 2572 2553 2626 illa
2612 2569 3007 2626 conformatum
3036 2566 3282 2623 reddent.

814 2676 1038 2731 sum.
1076 2680 1214 2745 oq'.

2462 2683 2683 2739 EI’IST.
2728 2681 2961 2739 LXXVI.

388 2766 768 2837 Μητροφάνῃ
808 2768 1054 2841 μοναχῷ
1077 2772 1590 2841 ἀποστατήσω-τι.

1582 2814 1590 2827 .
2252 2776 2589 2846 Melrophani
2623 2775 2875 2829 monac/io
2915 2780 3193 2841 apostataa.

1450 2889 1719 2941 Montacut.
1755 2891 1858 2954 (ep.
1889 2891 1969 2952 65,
2002 2905 2049 2953 p.
2085 2890 2214 2954 118).

272 2986 480 3052 Οὐδεὶς
507 2988 833 3060 ἀνθρώπων,
865 2991 973 3044 οὐδ’
1012 2993 1042 3046 ὁ
1072 2991 1296 3058 τέλειος,
1335 2993 1444 3047 ἀπὸ
1470 2994 1643 3064 ῥύπου
1696 3012 1795 3048 κα-
1823 3012 1869 3072 c

1965 2993 2139 3050 Nemo
2191 2994 2525 3060 mortalium,
2554 3007 2624 3050 ne
2672 2992 2892 3064 quidem
2950 2990 3257 3062 perfectus,
3310 3006 3342 3046 a
3372 3006 3487 3045 ma-

203 3078 377 3150 θαρός
403 3097 420 3110 ⁸
453 3082 551 3136 καὶ
574 3082 749 3147 οὐδεὶς
774 3083 1102 3156 ἀνθρώπων,
1134 3084 1246 3138 οὐδ’
1276 3086 1306 3138 ὁ
1335 3086 1614 3152 κάκιστος,
1655 3105 1792 3141 παν-

1893 3086 2028 3140 culis
2062 3101 2233 3157 purus
2267 3093 2323 3141 et
2373 3086 2646 3141 sordibus.
2678 3086 2871 3141 Nullus
2919 3084 3104 3150 homo,
3144 3099 3213 3139 ne
3267 3082 3488 3153 quidem

205 3172 384 3237 τελῶς
428 3174 703 3246 ἀμέτοχος
737 3175 940 3246 ἀρετῆς
966 3193 979 3207 ·
1010 3176 1187 3249 δόγμα
1228 3178 1459 3232 παλαιὸν
1499 3179 1597 3232 καὶ
1632 3177 1791 3250 μέχρι

1893 3179 2185 3248 pessimus,
2226 3178 2358 3249 quin
2404 3178 2631 3248 alicujus
2659 3177 2875 3232 virtutis
2912 3177 3185 3247 particeps
3211 3176 3316 3231 sit:
3347 3177 3491 3230 autin

209 3264 306 3318 νῦν
340 3267 473 3330 ταῖς
507 3266 761 3321 ἁπάντων
789 3268 883 3322 καὶ
906 3267 1108 3339 ψήφοις
1136 3269 1232 3323 καὶ
1262 3269 1494 3340 πράξεσι
1532 3270 1793 3339 φυλαττό-

1893 3285 2061 3339 quum
2099 3270 2295 3340 dogma
2364 3278 2467 3335 est,
2512 3270 2812 3323 etiamnum
2871 3267 3212 3336 singulorum
3268 3266 3489 3321 calculis

213 3373 400 3425 μενον.
438 3357 535 3428 Μὴ
564 3359 798 3433 θελήσῃς
819 3358 999 3425 λῦσαι,
1022 3361 1099 3431 τῷ
1120 3359 1259 3414 κατὰ
1290 3361 1513 3413 σεαυτὸν
1544 3360 1795 3429 ὑποδείγ-

1895 3371 1949 3417 et
2003 3361 2312 3416 actionibus
2352 3361 2702 3416 custoditum.
2760 3358 2881 3413 Noli
2941 3367 2999 3413 tu
3041 3357 3116 3420 id,
3164 3372 3272 3411 non
3303 3369 3489 3412 exem'

211 3464 341 3515 ματι
361 3489 378 3515 ,
406 3449 570 3503 κενὸν
598 3450 821 3521 ἁπάσης
849 3451 1049 3523 ἀρετῆς
1080 3448 1274 3503 σαυτὸν
1323 3450 1582 3516 ἐπιδεῖξαι
1613 3453 1794 3520 φιλον-

1895 3454 1987 3539 pio
2022 3461 2344 3507 evacuatum
2393 3450 2656 3507 reddere:
2718 3450 2848 3504 dum
2885 3457 2937 3504 te
2981 3447 3199 3517 penitus
3242 3447 3484 3501 inanem,

208 3540 376 3594 εικῶν
404 3543 505 3596 καὶ
543 3542 698 3596 κενὸν
721 3542 1027 3614 ἀνθρώποις
1051 3542 1315 3613 διήγημα.
1568 3558 1577 3573 ‘

1900 3536 1956 3598 et
1981 3541 2320 3612 quantalibet
2375 3540 2597 3596 virtutis
2641 3539 2893 3610 portione
2936 3552 3166 3592 vacuum
3200 3536 3486 3591 contendis

1911 3632 2189 3698 exhibere,
2224 3640 2279 3687 et
2298 3631 2481 3690 fabula
2508 3630 2650 3701 apud
2674 3637 2901 3684 cunctos
2944 3626 3123 3681 inanis
3143 3625 3260 3683 fias.

838 3741 1062 3795 ΕΠΙΣΤ.
1086 3744 1204 3799 OZ'.

2472 3738 2692 3796 EPIST.
2738 3736 3001 3793 LXXVII.

870 3832 957 3899 Τῷ
983 3832 1164 3899 αὐτῷ.

2616 3834 2822 3888 Eidem.

1467 3952 1733 4002 Montacut.
1769 3953 1873 4017 (ep.
1900 3955 1979 4017 66,
2014 3969 2063 4019 p.
2095 3954 2227 4017 118).

283 4047 497 4102 Ἔπεσε
540 4049 726 4118 Δασὶδ,
751 4051 865 4106 ἀλλ’
907 4053 1107 4126 ἀνέστη
1132 4072 1146 4086 ⁸
1201 4055 1400 4127 ἀνέστη
1431 4057 1487 4112 δὲ
1529 4061 1800 4131 προσευχῇ

1983 4060 2194 4115 Cecidit
2235 4057 2423 4123 David,
2464 4057 2561 4113 sed
2588 4057 2826 4112 surrexit
2860 4076 2872 4110 :
2899 4056 3137 4112 surrexit
3167 4055 3361 4121 fantem
3392 4070 3487 4125 per

214 4144 539 4211 προφήτου,
590 4143 684 4197 καὶ
730 4144 962 4214 δάκρυσι
994 4161 1050 4214 ι,
1105 4150 1198 4201 καὶ
1249 4153 1467 4220 πικροῖς
1562 4151 1804 4222 ἐλέγχοις

1910 4151 2190 4220 prophetae
2236 4164 2454 4219 preces,
2497 4147 2710 4202 acerbis
2755 4148 3025 4218 lacrymis,
3056 4156 3111 4201 et
3154 4147 3353 4202 amaris
3399 4162 3485 4201 re-

210 4233 608 4303 προσαχθεῖσιν
657 4233 761 4287 ὑπὸ
821 4237 1059 4308 δράματι
1093 4254 1108 4270 ·
1148 4239 1237 4292 ναὶ
1277 4239 1339 4310 δὴ
1371 4243 1464 4294 καὶ
1502 4242 1685 4306 πόνοις
1708 4244 1802 4301 καὶ

1906 4242 2382 4312 prehensionibus,
2442 4240 2567 4294 ficta
2630 4239 2850 4308 quidem
2891 4253 3147 4308 persona,
3178 4240 3387 4293 occulte
3406 4237 3488 4291 in-

215 4324 556 4399 μεταμελείᾳ
605 4327 702 4381 καὶ
745 4330 812 4399 τῇ
849 4329 983 4401 άλλη
1024 4330 1193 4402 ἀρετῇ
1220 4332 1383 4385 αὐτοῦ
1422 4336 1654 4398 ἐκείνου,
1702 4336 1826 4388 τοῢμ

1873 4389 1876 4414 ὓ
1906 4328 2152 4387 tentatis.
2190 4326 2299 4382 Sed
2324 4336 2380 4382 et
2406 4342 2501 4397 per
2536 4326 2753 4381 labores
2790 4326 3035 4395 insuper,
3083 4326 3484 4397 paenitentiam,

213 4418 644 4489 κατενεχθέντος
700 4418 799 4490 μὲν
824 4420 901 4492 τῷ
929 4422 1206 4493 πτώματι,
1236 4424 1564 4488 διατιθέντος
1599 4426 1657 4481 δὲ
1703 4445 1787 4497 φι-
1822 4424 1824 4428 ’

1900 4428 1954 4474 et
1997 4419 2227 4475 virtutes
2251 4419 2384 4474 alias
2409 4418 2579 4488 ipsius
2617 4418 2710 4487 qui
2739 4432 2839 4488 per
2854 4418 3065 4487 lapsum
3102 4418 3484 4473 sternebatur.

214 4504 454 4578 λοσόφως
490 4512 629 4583 πρὸς
661 4512 753 4566 τὸν
782 4511 1023 4585 ἔλεγχον.
1063 4515 1299 4580 Ἐπεσες
1347 4517 1440 4570 καὶ
1462 4518 1624 4582 αὑτός
1649 4534 1663 4549 ·
1696 4520 1791 4573 καὶ

1896 4512 2323 4580 Comparabatur
2379 4520 2563 4565 autem
2592 4508 2970 4580 philosophice
2992 4509 3057 4562 ad
3120 4508 3480 4563 taxationem.

213 4601 503 4672 προφήτην
561 4603 659 4674 οὐχ
709 4604 821 4675 ὁρῶ
853 4622 868 4637 ο
911 4606 993 4659 ὅτι
1028 4606 1164 4678 μηδὲ
1201 4606 1297 4663 τοῦ
1351 4609 1514 4664 Δαϐὶδ
1567 4628 1789 4666 ταπεινς

1906 4603 2161 4660 Cecidisti
2214 4613 2268 4658 et
2292 4612 2347 4658 tu
2377 4622 2391 4659 :
2428 4602 2746 4674 prophetam
2774 4602 2987 4659 nullum
3017 4602 3212 4669 video;
3246 4617 3354 4656 non
3378 4601 3482 4654 Da-

213 4694 519 4765 οφροσύνην
554 4698 649 4749 καὶ
703 4697 993 4768 μετάνοιαν
1028 4716 1043 4730 ·
1093 4700 1186 4754 σόν
1232 4701 1347 4755 ἐστι
1396 4701 1580 4756 λοιπὸν
1628 4705 1790 4758 καθο-

1896 4697 2034 4753 vidis
2055 4695 2413 4751 humilitatem
2447 4695 2637 4762 animi,
2670 4712 2779 4751 non
2826 4696 3267 4766 resipiscentiam.
3318 4693 3400 4748 Ad
3432 4703 3483 4749 te

218 4784 312 4852 ρᾷν
336 4788 433 4840 καὶ
456 4790 763 4859 φροντίζειν
787 4792 935 4856 ὅπως
957 4793 1243 4865 ἀναστήσῃ
1269 4795 1373 4847 τοῦ.
1397 4798 1709 4866 πτώματος,
1740 4799 1790 4850 εί

1896 4789 2155 4857 deinceps
2218 4795 2429 4858 spectat
2482 4788 2668 4844 videre
2729 4797 2783 4842 et
2841 4802 3054 4852 curare,
3104 4798 3163 4841 ut
3228 4802 3258 4840 a
3326 4786 3479 4854 lapsu

222 4875 293 4945 μή
329 4893 412 4931 σοι
440 4880 503 4932 τὸ
535 4880 719 4934 δοῦναι
736 4881 890 4953 δίκην
909 4882 1006 4937 καὶ
1024 4884 1168 4948 τότε,
1199 4885 1299 4955 τὴν
1314 4885 1528 4941 ἐκεῖθεν
1552 4885 1645 4940 τοῦ
1668 4888 1786 4941 δια-

1890 4880 2273 4943 resusciteris,
2325 4880 2427 4935 nisi
2498 4880 2595 4935 tibi
2648 4881 2777 4936 dare
2835 4894 3025 4950 pmnas
3076 4879 3206 4934 olim
3267 4879 3321 4934 in
3385 4894 3483 4934 vo-

223 4971 433 5036 φυγεῑν,
463 4972 613 5026 ἐστὶν
642 4974 1024 5045 αἱρετώτερον.

1891 4974 1960 5028 tis
2017 4973 2184 5044 magis
2222 4974 2425 5027 haereat
2472 4972 2772 5043 proposito,
2802 4985 2966 5041 quam
3008 4985 3039 5025 a
3087 4971 3352 5042 supplicio
3382 4990 3474 5030 ex-

1893 5065 2087 5137 pediri.

816 5177 1042 5232 ΕΠΙΣΤ.
1067 5180 1195 5233 OH“.
2410 5181 2427 5235 1

2410 5177 2630 5258 ΕΡΙΞΤ.
2666 5175 2948 5234 LXXVIII.

449 5270 731 5340 Εὐθυμιῳ
753 5270 1071 5340 μονάζοντι
1119 5273 1549 5341 παραπεσόντι.

1512 5290 1549 5327 ι.
2258 5272 2539 5341 Euthymio
2573 5271 2829 5324 monac/io
2867 5269 3120 5339 collapsa.

1443 5385 1710 5437 Montacut.
1746 5388 1850 5449 (ep.
1876 5387 1957 5444 68,
1991 5402 2038 5449 p.
2076 5387 2204 5449 119).
2517 5388 2529 5417 ο

293 5483 352 5537 El
385 5488 522 5558 μήτε
551 5490 652 5561 τῆς
676 5491 885 5546 ἐκεῖθεν
917 5492 1193 5564 βασιλείας
1227 5497 1255 5548 ὁ
1290 5495 1478 5561 πόθος,
1521 5496 1661 5566 μήτε
1692 5496 1791 5566 τῆς

1972 5495 2029 5550 Si
2064 5510 2240 5564 neque
2262 5493 2501 5549 ctelestis
2523 5494 2674 5565 regni
2699 5493 3053 5559 desiderium,
3078 5510 3180 5549 nec
3207 5494 3474 5549 inelucta-

222 5567 588 5649 ἀπαραιτήτου
604 5581 877 5652 τιμωρίας
892 5582 920 5634 ὁ
935 5582 1119 5651 φόϐος,
1151 5582 1288 5637 ἀλλὰ
1309 5584 1441 5653 μηδὲ
1458 5584 1567 5637 τῶν
1589 5584 1789 5654 ὁμοίως

1900 5588 2019 5644 bilis
2055 5587 2302 5657 supplicii
2354 5595 2551 5651 metus,
2592 5601 2693 5642 nec
2737 5602 2950 5653 eorum,
2990 5586 3083 5657 qui
3122 5586 3201 5641 tui
3242 5587 3472 5650 similes,

226 5675 306 5715 σοι
328 5665 417 5721 τὸν
474 5670 587 5741 βίον
621 5674 680 5727 ὲν
730 5674 966 5746 τοσαύτῃ
1018 5676 1255 5748 πονηρίᾳ
1296 5678 1785 5747 καταδαπανησάν-

1898 5680 2062 5733 vitam
2104 5687 2209 5731 tam
2236 5676 2433 5747 insigni
2469 5678 2817 5748 improbitate
2850 5676 3047 5734 [tedam
3083 5678 3469 5749 transigerunt,

1471 5810 1705 5867 VARI/IS
1740 5810 2146 5868 LECTIONES.

294 5942 319 5972 ν
342 5953 428 6005 γε.
465 5942 857 6015 ἀπαλλαγείης.
935 5955 962 5984 ι
1001 5946 1085 6002 Ζσ.
1119 5946 1247 6003 add.
1283 5947 1524 6017 οἰκείοις,
1549 5965 1657 6005 non
1689 5950 1833 6006 enim
1861 5949 2139 6021 prophetae
2170 5947 2454 6005 Nathanis.
