4080 6410
564 434 668 498 887

1697 436 1955 497 PHOTII
1994 438 2492 501 PATRIARCH/E
2529 440 2639 500 (ΣΡ.

3711 437 3817 501 888

560 552 719 613 dura,
736 548 971 605 dillicilia
988 557 1042 603 et
1070 548 1405 604 intoleranda
1432 563 1554 619 qua:
1580 550 1762 603 statim
1799 549 1943 619 passi
1966 557 2117 615 sunt,

2248 570 2359 620 των,
2406 552 2478 606 τὰ
2526 552 2667 606 κατὰ
2722 550 2891 616 πόδας
2945 553 3160 623 χαλεπὰ
3210 556 3305 609 καὶ
3345 554 3607 609 δύσοιστα
3639 552 3812 623 πάθη,

560 642 654 698 sed
687 654 787 697 nec
816 642 885 697 ab
915 642 1171 697 omnibus
1197 641 1407 712 ingesta
1435 641 1747 711 Opprobria,
1792 642 1859 696 ad
1898 657 2129 697 conver-

560 736 773 790 sionem
820 745 875 791 et
926 733 1273 789 sobrietatem
1322 733 1391 788 ab
1452 734 1749 791 audacibus
1800 734 2133 791 facinoribus

560 826 741 880 adhuc
772 824 1080 879 excitarunt
1106 842 1119 878 :
1159 838 1354 879 vereor
1384 840 1485 896 ego
1515 834 1687 891 certe,
1724 840 1794 879 ne
1824 826 2132 882 daemonum

561 926 755 971 natura
786 916 1011 971 formam
1044 915 1097 969 in
1122 924 1173 968 te
1204 916 1541 972 simulaverit
1571 916 1887 971 humanam.
1914 916 2131 972 Utinam

564 1023 841 1077 nunquam
884 1022 972 1061 me
1016 1006 1083 1061 ad
1130 1006 1231 1061 ista
1282 1004 1606 1075 proferenda
1650 1008 1941 1078 adegisses.
1971 1008 2133 1063 Certe

562 1098 824 1169 prooemia
878 1098 1038 1154 nobis
1086 1097 1306 1152 venturi
1353 1097 1673 1154 Antichristi
1740 1100 1791 1153 in
1847 1100 2133 1170 temetipso

562 1194 811 1250 exhibes.

1088 1306 1308 1362 EPIST.
1352 1307 1592 1363 LXXIX.

986 1397 1040 1452 Μ
1044 1416 1074 1453 α
1084 1416 1167 1453 rco
1216 1398 1394 1454 Sicula
1440 1400 1710 1453 monacho.

2235 647 2371 717 μήτε
2397 645 2466 699 τὰ
2489 645 2641 698 κοινὰ
2662 644 2816 716 παρὰ
2837 645 3058 699 πάντων
3078 646 3277 718 ὀνείδη,
3302 648 3440 719 πρὸς
3468 646 3814 716 ἐπιστροφήν

2232 756 2293 791 σε
2315 739 2411 792 καὶ
2463 738 2623 809 νῆψιν
2681 737 2791 791 τῶν
2839 738 3205 809 τολμωμένων
3272 738 3430 792 οὔπω
3496 737 3764 807 διεγείρει
3793 753 3807 768 ·

2231 831 2443 885 δέδοικα
2468 832 2543 901 μὴ
2574 831 2846 901 δαιμόνων
2890 830 3053 900 φύσις
3093 830 3386 903 ἀνθρώπου
3420 830 3641 901 μορφὴν
3678 829 3813 883 ὑπο·

2239 924 2506 994 κρίνεται.
2574 924 2712 977 Ἀλλ’
2767 924 2879 977 είθε
2939 925 3014 995 μὴ
3072 925 3379 997 συνήλασας
3439 926 3592 996 ἡμᾶς
3638 922 3811 977 ταῦτα

2232 1016 2425 1080 εἰπεῖν,
2466 1016 2560 1069 καὶ
2602 1015 2697 1069 τοῦ
2762 1016 3127 1088 Ἀντιχρίστου
3171 1016 3261 1072 διὰ
3301 1016 3395 1070 σοῦ
3448 1016 3484 1086 ἡ
3538 1013 3811 1085 παρουσία

2237 1108 2671 1178 προοιμιάζεται.

2827 1309 3051 1363 ΕΗΙΣΤ.
3092 1308 3213 1362 ΟΘ’.

2608 1398 2823 1469 Μάρκῳ
2844 1397 3069 1464 Σικελῷ
3092 1395 3427 1468 μονάζοντι.

1788 1511 2053 1561 Montacut.
2089 1514 2190 1573 (ep.
2221 1513 2300 1570 8i.
2322 1528 2370 1575 p.
2407 1512 2533 1575 150).

633 1612 783 1669 Multi
830 1614 1073 1670 historici
1114 1615 1336 1680 docent,
1374 1615 1520 1684 quod
1562 1630 1688 1670 cum
1735 1629 1834 1685 per
1870 1624 2135 1670 terrarum

2314 1617 2451 1678 Τοὺς
2474 1616 2609 1685 πρὸς
2624 1614 2897 1686 Ἑσπέραν
2928 1612 3270 1684 ἀνθρώπους,
3300 1612 3390 1665 ὅτε
3407 1609 3687 1680 πανταχοῦ
3711 1612 3809 1679 γῆς

564 1704 751 1759 orbem
798 1714 973 1761 totum
1022 1706 1279 1775 impietas
1336 1705 1759 1769 diﬂ'uudebatur,
1820 1704 2135 1772 Saturnum,

562 1795 829 1851 Venerem
848 1836 863 1860 ,
894 1805 949 1851 et
975 1795 1359 1866 Proserpinam
1384 1836 1399 1861 ,
1448 1794 1829 1852 Occidentales
1866 1798 2011 1851 solos
2043 1814 2140 1867 pro

564 1887 669 1943 diis
701 1887 955 1943 habuisse
985 1904 1000 1942 :
1034 1896 1089 1943 et
1116 1888 1258 1957 quod
1290 1903 1469 1957 neque
1511 1887 1781 1942 malorum
1824 1888 2141 1942 toleratissi-

564 1991 714 2031 tuum
732 1973 1042 2041 Herculem,
1061 1991 1165 2032 nec
1176 1974 1479 2032 Vulcanum
1504 1977 1835 2032 laudandum
1855 1977 2137 2042 artiﬁcem,

564 2081 669 2122 nec
698 2067 1127 2123 rbetorlcantem
1154 2069 1488 2122 Mercurium
1509 2111 1524 2134 ,
1561 2084 1663 2123 nec
1704 2068 1867 2122 alium
1906 2069 2139 2137 quemli-

565 2159 659 2214 bet
688 2172 901 2223 eorum,
940 2174 1076 2229 quos
1106 2159 1303 2214 fabula:
1346 2175 1574 2230 Operum
1618 2161 1946 2231 optimorum
1978 2171 2033 2216 et
2060 2162 2143 2216 in-

566 2264 871 2319 genuorum
929 2249 1189 2321 pmsides
1236 2259 1291 2305 ct
1347 2261 1629 2307 curatores
1695 2263 2026 2323 suggerunt,
2086 2254 2139 2306 in

564 2341 793 2401 deorum
832 2341 1016 2396 album
1057 2343 1327 2409 retulisse,
1368 2353 1462 2397 aut
1508 2343 1796 2399 admittere
1855 2344 2091 2399 voluisse
2125 2362 2138 2398 :

565 2434 659 2491 sed
688 2449 791 2489 nec
828 2449 977 2489 arant
997 2434 1243 2505 iustitiae,
1270 2436 1661 2506 temperantiae,
1684 2446 1779 2491 aut
1802 2437 1962 2493 alicui
1986 2435 2143 2491 alteri

565 2527 756 2583 virtuti
785 2527 1100 2593 aediﬁcasse,
1137 2545 1273 2599 quas
1306 2530 1505 2583 multas
1539 2530 1801 2585 mortales
1842 2540 1957 2584 tum
1992 2529 2142 2584 deifi-

566 2620 784 2684 cabant,
816 2630 871 2675 et
902 2622 1292 2691 superstitione
1334 2622 1660 2693 pnevaleute
1692 2623 1964 2677 colebant.
2001 2622 2144 2687 Quid

566 2722 685 2765 erat
712 2722 894 2771 autem
931 2728 1029 2767 cur
1054 2713 1198 2783 apud
1240 2714 1374 2767 istos
1418 2712 1719 2778 Saturnus,
1749 2712 1957 2777 Venus,
2009 2712 2144 2767 Pro-

566 2803 783 2874 serpina
808 2803 1151 2870 colebantur,
1200 2805 1378 2859 solum
1425 2821 1492 2859 eo
1522 2806 1666 2873 quod
1719 2806 1966 2859 homines
2015 2805 2146 2859 solis

567 2893 771 2955 addicti
810 2906 964 2949 erant
1010 2896 1383 2965 voluptatibus
1424 2897 1652 2959 ventris,
1680 2907 1734 2951 et
1760 2910 1942 2951 rerum
1976 2911 2145 2950 vene-

569 3000 805 3040 rearum.
842 2985 1006 3041 Certe
1056 2988 1197 3042 enim
1240 2986 1359 3041 illos
1411 3002 1549 3057 quos
1579 2988 1828 3042 colebant
1864 2988 1997 3042 deos
2044 2988 2145 3041 mi-

2252 2989 2457 3054 έσεὸον,
2480 2986 2767 3058 μιγνύντες
2792 2986 3039 3056 ἀλλήλοις
3072 2984 3168 3036 καὶ
3210 2982 3599 3045 διαπλέκοντες
3624 3023 3641 3045 ,

570 3081 789 3133 scentes
806 3072 1061 3141 invicem,
1078 3084 1133 3129 et
1151 3076 1477 3145 promiscuis
1498 3077 1867 3146 complexibus
1884 3078 2151 3131 inbarren-

572 3173 675 3229 ws,
702 3162 979 3231 alimenta,
1014 3164 1222 3231 luxum,
1259 3180 1423 3221 omne
1475 3183 1644 3239 genus
1688 3170 2049 3240 voluptatum,
2080 3170 2150 3225 ab

571 3255 679 3319 illis
700 3254 827 3321 diis,
878 3262 940 3310 ut
981 3255 1164 3312 verbis
1217 3256 1486 3325 ferebant,
1532 3259 1793 3325 ﬂuentes,
1840 3260 2148 3315 actionibus

570 3347 685 3403 suis
712 3348 1129 3404 coacervabant.
1165 3348 1283 3405 Non
1318 3363 1403 3406 est
1445 3367 1575 3424 ergo
1608 3353 1830 3414 mirum,
1862 3353 1907 3407 si
1941 3361 2021 3417 tu,
2053 3352 2147 3421 qui

570 3456 744 3511 genus
771 3440 841 3497 ab
872 3441 1320 3499 Occidentalibus
1349 3444 1589 3509 derivas,
1619 3444 1757 3499 nihil
1786 3444 2029 3514 prudens
2054 3455 2149 3501 aut

572 3542 930 3604 temperatum
974 3535 1159 3591 dicere
1203 3536 1288 3591 vel
1326 3534 1504 3591 facere
1549 3537 1723 3607 possis
1770 3555 1783 3591 :
1860 3544 2009 3590 certe
2057 3552 2151 3606 pa—

572 3635 739 3681 ternae
758 3627 1182 3683 consuetudines
1207 3628 1296 3683 vix
1326 3636 1419 3682 aut
1441 3643 1511 3682 ne
1541 3630 1626 3682 vix
1651 3628 1867 3698 quidem
1923 3628 2152 3696 corrigis

572 3729 630 3774 et
657 3719 711 3774 iu
743 3720 991 3775 ordinem
1022 3720 1191 3793 redigi
1232 3732 1463 3791 possunt
1511 3720 1742 3774 maxima
1772 3719 2013 3774 adhibita
2034 3720 2155 3773 dili-

574 3808 774 3880 gentia,
804 3825 961 3876 cura,
997 3819 1053 3866 et
1086 3810 1384 3865 laboribus.

1129 3923 1343 3979 EPIST.
1384 3922 1599 3977 LXXX.

682 4015 840 4070 Saba:
876 4018 1239 4081 anachoretaz,
1285 4034 1405 4071 cum
1444 4019 1701 4087 apostolis
1737 4019 2039 4070 immorata.

2240 1707 2522 1778 ὲξήπλωτο
2554 1707 2857 1777 ήὰσέϐεια,
2895 1706 3125 1776 Κρόνον.
3168 1706 3261 1758 καὶ
3316 1704 3666 1774 Ἀφροδίτην.
3719 1702 3811 1756 καὶ

2242 1796 2590 1877 Περσεφόνην
2624 1796 2818 1866 μόνους
2852 1795 3094 1866 νομίζειν
3129 1794 3285 1858 θεοὺς
3349 1797 3449 1861 τῆς
3510 1791 3752 1861 ἱστορίας
3777 1792 3811 1860 ἡ

2243 1891 2405 1959 πεῖρα
2452 1888 2766 1960 παρέδωκεν
2792 1928 2809 1953 ,
2850 1888 2946 1942 καὶ
2981 1885 3105 1940 οὔτε
3132 1885 3385 1955 τληπαθῆ
3414 1884 3511 1938 καὶ
3560 1900 3814 1955 καρτερι-

2242 1980 2337 2035 κὸν
2391 1980 2663 2050 Ἠρακλέα
2688 2020 2705 2044 ,
2764 1978 2890 2032 οὔτε
2934 1977 3239 2044 Ἥφαιστον
3268 1974 3657 2042 κλυτοτέχνην,
3704 1970 3817 2024 ἀλλ’

2241 2073 2363 2125 οὐδὲ
2415 2072 2595 2139 λόγιον
2636 2070 2844 2141 Ἑρμῆν
2870 2106 2886 2133 ,
2926 2068 3037 2122 οὐδ’
3089 2067 3251 2121 ἄλλον
3306 2066 3430 2118 τινὰ
3457 2058 3535 2119 ὧν
3591 2065 3623 2117 ό
3652 2063 3817 2135 μῦθος

2243 2165 2496 2236 χρηστῶν
2527 2165 2620 2218 καὶ
2661 2162 2968 2219 σπουδαίων
2998 2162 3178 2233 ἔργων
3219 2158 3535 2231 προστάτας
3579 2158 3678 2210 καὶ
3722 2158 3816 2224 ἐφ-

2242 2258 2401 2329 όρους
2426 2255 2764 2319 ὑποτίθεται,
2797 2253 2986 2307 οὐδένα
3020 2253 3225 2305 τούτων
3273 2250 3398 2303 οὔτε
3427 2250 3671 2311 θειᾶσαι,
3698 2246 3820 2301 οὔτε

2242 2347 2675 2420 παραδέξασθαι,
2704 2346 2827 2399 οὐδὶ
2851 2345 3035 2416 βωμὸν
3066 2343 3279 2415 ἱδρῦσαι
3324 2340 3700 2410 δικαιοσύνης,
3758 2340 3818 2392 ού

2246 2441 2356 2511 μὴν
2380 2439 2500 2493 οὐδὲ
2539 2437 2919 2510 σωφροσύνης,
2960 2438 3067 2490 οὐδ’
3096 2436 3263 2505 ἄλλης
3322 2436 3467 2497 τινὸς
3493 2434 3727 2505 ἀρετῆς,
3755 2434 3821 2503 ἢν

2244 2530 2545 2601 τηνικαῦτα
2595 2530 2658 2583 τὸ
2709 2529 3055 2601 ἀνθρώπινον
3100 2529 3260 2596 γένος
3297 2527 3567 2581 ὲθεοποίει
3620 2543 3685 2579 τε
3732 2527 3825 2579 καὶ

2245 2624 2399 2677 έσεὸε
2425 2623 2825 2693 δεισιδαιμονίᾳ
2854 2622 3220 2691 κατεχόμενον
3241 2637 3255 2650 ·
3280 2620 3369 2673 διὰ
3404 2619 3458 2671 τί
3480 2614 3575 2671 οὖν
3622 2619 3822 2685 Ἀφρο-

2246 2714 2386 2783 δίτη,
2421 2714 2512 2765 καὶ
2541 2714 2771 2782 Κρόνος,
2798 2711 2892 2763 καὶ
2932 2710 3247 2779 Περσεφόνη
3290 2707 3501 2770 τούτοις
3555 2706 3822 2775 ἐτιμήθη-

2251 2822 2379 2869 σαν;
2406 2805 2487 2857 δτι
2519 2804 2686 2874 μόνης
2714 2801 2911 2871 ἡδονῆς
2941 2801 3036 2854 καὶ
3076 2800 3310 2870 γαστρὸς
3360 2798 3455 2852 καὶ
3494 2797 3824 2867 ἀφροδισίων

2249 2898 2337 2951 όιε)⁸
2360 2896 2647 2965 γεγόνασιν
2680 2894 2975 2964 ἄνθρωποι.
3029 2893 3134 2945 Καὶ
3178 2892 3286 2961 γὰρ
3312 2891 3407 2943 καὶ
3434 2889 3665 2952 τούτους
3733 2888 3821 2951 οὓς

3701 2999 3825 3052 τρο-

2256 3083 2365 3152 φάς
2394 3097 2453 3132 τε
2493 3078 2590 3131 καὶ
2650 3074 2863 3146 τρυφὰς
2917 3074 3012 3127 καὶ
3060 3072 3252 3141 ἡδονὰς
3309 3069 3572 3132 παντοίας
3619 3066 3828 3121 ἐκεῖθεν

2252 3172 2439 3233 αὐτοῖς
2464 3170 2545 3241 τῷ
2574 3169 2718 3238 λόγῳ
2750 3166 2977 3238 ῥεούσας
3030 3165 3119 3218 διὰ
3155 3163 3263 3217 τῶν
3304 3162 3559 3231 πράξεων
3603 3158 3825 3212 συνελέ-

2258 3281 2437 3333 γοντο.
2485 3262 2651 3316 Οὐδὲν
2694 3256 2787 3313 οὖν
2836 3256 3150 3328 θαυμαστὸν
3209 3256 3256 3307 εί
3295 3256 3389 3307 καὶ
3436 3256 3501 3307 σὺ
3554 3252 3617 3305 τὸ
3678 3252 3830 3319 γένος

2251 3358 2423 3411 ἕλκων
2454 3354 2514 3420 ὲξ
2536 3354 2829 3424 Ἑσπέρας,
2861 3350 3038 3412 οὐδὲν,
3061 3348 3186 3401 οὗτε
3216 3348 3433 3417 σῶφρον
3461 3344 3647 3413 λέγειν
3667 3344 3829 3413 ἔχεις,

2251 3448 2372 3502 οὔτε
2399 3444 2845 3517 διαπράττεσθαι.
2879 3441 3131 3513 Μεγίστῃ
3160 3438 3269 3508 γὰρ
3301 3436 3502 3507 σπουδῇ
3533 3436 3633 3489 καὶ
3655 3436 3831 3497 πόνοις

2254 3541 2351 3595 καὶ
2382 3537 2633 3611 μελέταις
2665 3539 2734 3590 τὰ
2771 3536 2831 3603 ἐξ
2874 3535 3027 3599 ἔθους
3065 3534 3160 3586 καὶ
3192 3530 3451 3601 πατρίδος
3488 3528 3648 3599 μόλις
3704 3527 3832 3580 ποτὲ

2253 3634 2397 3703 φιλεῖ
2426 3628 2983 3703 μεταρρυθμίζεσθαι.

2889 3914 3109 3967 ΕΠΙΣΤ.
3148 3912 3228 3963 II'.

2261 4013 2424 4080 Σάϐᾳ
2456 4008 2802 4081 ἠσυχαστῇ,
2826 4010 2977 4077 μετὰ
3000 4004 3115 4058 τῶν
3143 4002 3505 4059 ἀποστατῶν
3536 4002 3831 4070 γεγονότι.

1809 4126 2076 4178 Monucut.
2104 4128 2206 4191 (ep.
2240 4128 2321 4189 90,
2356 4143 2405 4190 p.
2445 4127 2574 4189 155).

649 4224 806 4283 Unde
834 4226 1059 4295 laetum,
1093 4238 1155 4285 ut
1190 4245 1314 4286 cum
1345 4231 1413 4287 ad
1433 4233 1614 4287 omnia
1664 4230 1813 4285 tarde
1843 4240 1896 4285 et
1924 4246 2153 4287 onerosc

576 4320 869 4386 movearis,
892 4322 959 4377 ad
990 4324 1421 4380 machinationes
1440 4336 1627 4381 contra
1658 4340 1745 4380 me
1780 4326 1930 4381 celer
1982 4336 2037 4380 et
2062 4341 2154 4380 ve-

578 4411 804 4477 hemens
852 4414 1176 4470 exstiteris?
1223 4414 1419 4486 Liquet
1466 4415 1613 4479 hinc,
1662 4416 1876 4487 Opinor,
1910 4417 2052 4487 quod
2099 4418 2154 4471 in

572 4502 775 4571 quibus
819 4505 1121 4560 secundum
1155 4506 1423 4562 rationem
1475 4507 1725 4578 procedit
1760 4509 1918 4574 ratio,
1958 4519 2155 4564 utcun-

574 4610 682 4664 que
716 4594 955 4664 ingenita
986 4596 1087 4667 ipsi
1117 4598 1369 4653 celeritas
1399 4617 1507 4654 non
1546 4601 1617 4655 sit
1640 4601 1707 4656 ad
1739 4611 1867 4656 ante
1893 4602 2155 4656 vertenda

575 4687 740 4753 mula,
764 4696 947 4745 tamen
997 4690 1279 4746 incitatius
1310 4704 1365 4747 et
1399 4695 1683 4758 continuo,
1738 4710 1841 4749 nec
1889 4710 2156 4764 suspenso

576 4786 756 4847 motu,
783 4779 851 4836 ad
914 4784 1052 4839 mala
1087 4783 1215 4839 ferri
1263 4799 1373 4839 non
1418 4786 1553 4841 vult.
1590 4787 1660 4841 At
1694 4803 1818 4843 cum
1861 4787 1987 4842 inde
2010 4788 2157 4842 exci-

575 4871 721 4925 derit
749 4872 893 4940 quod
915 4874 1218 4930 secundum
1272 4888 1525 4933 naturam
1552 4889 1655 4943 est,
1687 4897 1794 4935 una
1830 4880 1995 4935 etiam
2020 4878 2154 4934 εἰτο-

572 4953 790 5030 runtur,
820 4976 874 5019 et
906 4975 1086 5021 motus
1113 4983 1305 5024 omnes
1333 4980 1389 5025 et
1414 4972 1660 5026 actiones
1679 4972 1906 5045 singula:
1939 4973 1995 5025 in
2033 4981 2155 5025 sta-

576 5063 692 5108 tum
743 5056 1115 5113 turbulentum
1165 5071 1217 5115 ct
1277 5061 1563 5118 furiosum.
1639 5065 1775 5119 scito
1833 5074 2014 5118 autem
2070 5079 2155 5116 me

570 5144 731 5199 valde
763 5146 971 5214 pudore
1000 5150 1291 5221 suﬁusum,
1344 5165 1400 5210 et
1446 5172 1683 5223 mmrore
1728 5158 1869 5211 ultra
1929 5156 2150 5211 modum

573 5245 877 5306 arreptum,
910 5255 1018 5295 non
1035 5245 1180 5312 quod
1207 5261 1401 5303 omnes
1430 5249 1485 5302 in
1515 5250 1803 5319 praesentia
1831 5250 1962 5303 alea:
1988 5250 2149 5317 jactae

573 5327 684 5381 δίηῑ
718 5327 775 5382 in
804 5345 913 5397 ωε,
948 5332 1045 5387 sed
1075 5337 1219 5405 quod
1246 5338 1376 5395 olim
1412 5348 1468 5395 tu
1504 5358 1572 5397 ex
1604 5342 1673 5396 iis
1705 5341 1974 5397 videbaris
2001 5354 2150 5394 esse.

574 5420 666 5489 ttui
695 5436 786 5478 me
812 5424 1090 5491 amabant,

2186 4555 2233 4611 D

2332 4232 2502 4284 Πόθεν
2555 4231 2589 4300 ἡ
2633 4226 2769 4297 πρὸς
2824 4223 3001 4277 πάντα
3055 4237 3150 4274 σου
3204 4219 3421 4290 κίνησις
3472 4216 3702 4289 βραδεῖα
3746 4218 3834 4268 καὶ

2261 4324 2459 4393 νωθὴς,
2501 4324 2581 4384 είς
2610 4320 2710 4390 τὴν
2731 4313 2855 4371 καθ’
2882 4316 3043 4387 ἡμῶν
3080 4312 3320 4381 κατέστη
3372 4308 3648 4379 συσκευὴν
3688 4308 3831 4372 ὀξεῖα

2262 4418 2356 4470 καὶ
2396 4414 2627 4484 σφοδράς
2657 4413 2691 4483 ἢ
2736 4411 2915 4480 δῆλον,
2973 4409 3049 4471 ὡς
3108 4408 3163 4459 ὲν
3212 4399 3297 4466 οἷς
3353 4404 3452 4471 μὲν
3496 4401 3771 4472 ἔπραττεν
3801 4403 3829 4452 ὁ

2260 4507 2516 4577 λογισμὸς
2538 4506 2678 4558 κατὰ
2709 4503 2890 4572 φύσιν,
2927 4499 3028 4553 κᾶν
3057 4500 3157 4552 οὐκ
3185 4493 3253 4568 ἦν
3280 4494 3430 4565 αὐτῷ
3458 4494 3627 4562 τάχος
3660 4493 3834 4562 {pupu-

2257 4618 2348 4654 τον
2376 4602 2456 4663 εἰς
2499 4596 2787 4666 ἀντίληψιν
2840 4595 2949 4648 τῶν
2981 4592 3189 4654 κακῶν,
3228 4590 3377 4658 ὅμως
3414 4587 3534 4640 οὐδὲ
3575 4586 3831 4656 ἀκρατῶς

2257 4694 2389 4746 sla!
2420 4690 2557 4762 πρὸς
2588 4688 2656 4745 τὰ
2683 4688 2862 4757 φαῦλα
2910 4684 3191 4756 φέρεσθαι,
3247 4682 3341 4735 καὶ
3390 4679 3692 4741 ἀνενδότως
3739 4677 3835 4747 τὴν

2256 4789 2452 4858 ὁρμήν.
2491 4786 2645 4839 Ἐπεὶ
2669 4784 2723 4836 δὲ
2754 4782 2850 4836 καὶ
2881 4781 3060 4834 αὐτῶν
3090 4779 3313 4845 ἐξέπεσε
3340 4775 3449 4829 τῶν
3477 4774 3622 4827 κατὰ
3650 4772 3831 4841 φύσιν,

2258 4877 2725 4951 συνεξηνέχθησαν
2748 4873 2899 4943 αύτῷ
2938 4873 3033 4925 καὶ
3059 4873 3115 4923 αἱ
3142 4870 3392 4939 κινήσεις
3418 4869 3615 4929 πᾶσαι,
3655 4866 3751 4918 καὶ
3776 4865 3831 4916 αἱ

2258 4972 2485 5043 πράξεις
2504 4974 2585 5035 είς
2623 4970 2683 5024 τὸ
2714 4966 3008 5029 στασιῶδες
3054 4960 3186 5037 ἦθος
3232 4964 3328 5015 καὶ
3372 4959 3650 5031 ὲμμανές’
3686 4959 3833 5027 ἡμᾶς

2255 5064 2313 5117 δὲ
2341 5063 2574 5132 γίνωσκε
2602 5062 2721 5115 λίαν
2772 5057 3127 5130 αἰσχύνεσθαι
3184 5056 3277 5109 καὶ
3324 5052 3681 5121 ὑπεραλγεῖν,
3724 5050 3820 5117 οὐχ

2256 5156 2336 5207 ὅτι
2360 5154 2453 5206 νῦν
2482 5154 2693 5215 πάντας
2729 5150 2925 5213 κύϐους
2948 5148 3069 5202 καθ’
3102 5146 3261 5216 ἡμῶν
3291 5142 3676 5214 ἀναῤῥίπτεις,
3718 5137 3830 5189 ἀλλ’

2258 5248 2339 5300 ὅτι
2380 5247 2474 5299 καὶ
2495 5246 2656 5309 αὐτὸς
2674 5239 2756 5310 εἷς
2784 5243 2991 5307 ἐδόκεις
3018 5240 3185 5295 πάλαι
3205 5237 3314 5291 τῶν
3343 5233 3647 5306 φιλούντων
3688 5230 3830 5299 ἡμᾶς

2255 5356 2420 5395 ειναι.

1893 5585 2124 5642 VARIAE
2164 5581 2565 5641 LECTIONES.

658 5758 691 5811 Υ
715 5753 799 5810 τσ.
825 5755 934 5828 είη.
