4080 6420
275 474 383 539 889

864 590 1083 647 ΕΠΙΣΤ.
1111 588 1243 651 ΠΝ.

462 676 792 748 ’Δθανασίῳ
812 682 1128 751 μονάζοντι
1170 685 1268 740 καί
1315 687 1665 757 ἠσυχαστιῇ.

1422 482 1952 545 EPISTOLARUM
1991 485 2222 545 LIBER
2261 486 2345 545 II:

1868 604 1918 660 A

3403 486 3512 551 890

2468 596 2664 653 EPIST
2678 640 2692 654 .
2734 597 2974 655 LXXXI.

2201 692 2489 745 Athanasio
2534 694 2783 746 monacho
2822 701 2871 746 et
2911 692 3240 746 anachoreta:

1526 799 1790 850 Montaeut.
1832 802 1936 864 (ep.
1961 801 2042 859 92,
2076 815 2124 862 p.
2158 801 2291 864 154).

348 895 456 951 Τὸν
483 897 704 966 φοίνικα
732 897 865 965 φασὶ
890 897 951 951 τὸ
983 900 1148 969 φυτὸν
1178 902 1245 973 τῇ
1270 901 1491 976 ἀλμυρᾷ
1518 905 1730 959 θάλλειν
1752 910 1847 978 γῇ,

278 991 373 1043 καὶ
401 992 502 1061 τὴν
534 991 711 1061 κόμην
734 993 814 1055 είς
851 991 984 1061 ὕψος
1013 994 1213 1064 ὲκτρέφ
1229 1012 1330 1062 ειν,
1380 999 1475 1051 καὶ
1527 999 1746 1067 καρπὸν
1771 1002 1851 1062 είς

2016 909 2183 963 Aiunt
2210 910 2441 978 palmam
2471 908 2719 963 arborem
2749 908 2889 962 salsa
2919 906 3153 978 gaudere
3200 904 3413 969 tellure,
3464 914 3521 959 et

1949 1000 2168 1055 frondes
2194 1003 2246 1055 in
2279 1001 2446 1054 altum
2477 1001 2747 1064 attollere,
2780 1009 2835 1055 et
2879 1000 3112 1053 fructum
3165 997 3519 1065 multiplicem

277 1082 482 1153 πλῆθος
521 1082 616 1136 καὶ
669 1082 870 1153 πολλὴν
914 1083 1225 1156 γλυκύτητα
1286 1086 1486 1157 φέρειν
1510 1106 1524 1119 ·
1567 1093 1659 1142 καὶ
1716 1090 1852 1152 ὅλως

1961 1092 2213 1160 proferre,
2237 1102 2291 1146 et
2326 1106 2535 1146 summa
2582 1091 2866 1161 praeditum
2914 1089 3245 1145 dulcedine:
3296 1088 3367 1141 ita
3404 1103 3518 1140 om-

278 1178 483 1246 φοίνικι
513 1178 608 1232 καὶ
628 1178 929 1249 ἐπιτήδειον
952 1178 1170 1251 ἁλμυρά
1198 1182 1266 1252 γῆ
1284 1198 1298 1212 ’
1322 1182 1500 1236 καίτοι
1541 1184 1651 1237 τῶν
1675 1185 1852 1238 ἄλλων

1961 1184 2081 1236 nino
2110 1184 2207 1238 soli
2236 1184 2372 1239 salsa
2422 1184 2583 1239 tellus
2630 1184 2822 1253 palma}
2870 1196 3129 1251 congrua,
3162 1194 3283 1249 qum
3327 1188 3520 1233 caetera

280 1270 636 1341 σπερμάτων,
659 1270 761 1324 ὅσα
788 1269 849 1322 τὸ
876 1269 1048 1338 γλυκὺ
1072 1272 1247 1339 φιλεῖν
1276 1273 1449 1327 ἐθέλει
1474 1276 1572 1328 καὶ
1601 1275 1848 1347 λιπαρὸν,

279 1362 601 1434 ὑπάρχουσα
632 1361 924 1435 φθαρτικὴ.
968 1364 1164 1429 Καλῶς
1195 1361 1289 1419 οῦν
1316 1369 1410 1420 καὶ
1430 1368 1616 1431 αὐτὸς,
1660 1370 1709 1421 εί
1760 1370 1852 1421 καὶ

283 1452 361 1524 μὴ
393 1453 621 1517 πολλοὺς
648 1452 791 1526 ἔχεις
813 1455 936 1519 τοὺς
977 1461 1333 1527 συνεραστὰς,
1377 1460 1499 1512 ἀντὶ
1555 1459 1664 1513 τῶν
1700 1460 1852 1512 πολι-

1953 1275 2134 1329 omnia
2161 1276 2363 1329 semina
2391 1286 2444 1330 et
2474 1275 2683 1344 plantas
2726 1288 2849 1343 qum
2895 1271 3183 1327 dulcedine
3230 1270 3522 1338 capiuntur

1952 1377 2008 1423 et
2044 1369 2370 1439 pinguedine
2425 1368 2697 1436 salsugine
2753 1375 2970 1422 enecat.
3029 1365 3207 1429 Quare
3264 1370 3412 1417 recte
3464 1371 3522 1417 tu

1954 1460 2194 1529 quidem,
2229 1459 2355 1514 licet
2383 1461 2581 1513 multos
2611 1474 2721 1511 non
2745 1457 2947 1511 habeas
2988 1455 3204 1519 rivales,
3239 1468 3339 1523 pro
3360 1453 3526 1506 civili-

282 1544 738 1618 τικῶνθορύϐων,
768 1548 866 1617 τὴν
896 1548 1103 1619 ἔρημον
1132 1551 1302 1604 οἰκεῖν
1336 1553 1588 1622 ᾑρετήσω
1610 1562 1657 1606 Ζ.
1693 1554 1854 1623 Ῥᾷον

1961 1551 2058 1606 bus
2090 1552 2281 1605 turmis
2312 1561 2367 1606 et
2387 1551 2708 1605 tumultibus
2729 1564 2974 1603 eremum
3002 1546 3244 1601 incolere
3273 1544 3480 1614 elegisti
3509 1560 3524 1597 :

284 1638 396 1708 γὰρ
426 1637 491 1690 ἐκ
519 1637 724 1709 ταύτης
742 1639 878 1703 ἐστὶ.
907 1641 992 1694 σοί
1022 1657 1083 1694 τε
1113 1642 1208 1695 καὶ
1246 1643 1360 1705 τοῖς
1396 1641 1707 1713 ὑψικόμοις,
1744 1644 1854 1706 τοῖς

282 1726 428 1781 κατά
457 1727 537 1795 σὲ,
567 1728 705 1799 πρὸς
726 1730 954 1785 ούοανὸν
977 1735 1103 1797 ταῖς
1130 1733 1353 1804 ἀρεταῖς
1380 1733 1775 1804 ἀναφέρεσθαι.

875 1935 1102 1991 ΕΠΙΣΤ.
1134 1936 1259 1993 ΠΒ’.

423 2026 804 2094 Μητροεράνει
843 2026 1157 2097 μονάζοντι
1194 2029 1710 2100 ἁποστατήσαντι.

1956 1658 2021 1697 ex
2057 1642 2145 1697 illa
2169 1643 2314 1698 enim
2342 1643 2631 1698 solitudine
2654 1641 2811 1696 facile
2845 1641 2941 1695 tibi
2984 1639 3147 1692 fuerit
3176 1646 3230 1691 et
3259 1637 3529 1691 similibus

1882 1719 1929 1778 Β
1957 1735 2170 1790 excelsa
2218 1749 2373 1790 coma
2423 1733 2683 1805 praeditis,
2733 1733 2800 1787 ad
2848 1732 3047 1786 coalum
3096 1728 3389 1785 ascendere
3434 1742 3530 1796 per

1959 1826 2207 1881 virtutes.

2477 1935 2699 1991 EPIST.
2741 1934 3002 1990 LXXXII.

2259 2028 2594 2099 Hetropham’
2632 2029 2886 2083 monacho
2925 2033 3201 2095 apostatte.

1503 2137 1773 2189 Montacut.
1797 2137 1903 2201 (ep.
1926 2137 2037 2200 105,
2056 2151 2105 2200 p.
2132 2137 2265 2199 149).

352 2234 466 2306 Τῆς
491 2236 757 2307 πονηρίας
783 2236 1031 2301 τὸπάθος
1056 2236 1249 2308 (πάθος
1276 2240 1384 2312 γὰρ
1413 2240 1587 2311 ἔγωγε
1612 2242 1845 2312 μάλιστα

281 2326 431 2381 καλῶ
464 2330 575 2382 πᾶν
604 2329 740 2399 ὅπερ
780 2331 1104 2401 λυμαίνεται
1127 2335 1240 2397 τοῖς
1282 2334 1425 2388 κατά
1458 2334 1655 2403 φύσιν)
1691 2335 1849 2388 τοῦτο

276 2417 346 2489 δὴ
373 2417 593 2473 ἐπειδὰν
621 2422 867 2490 κρεῖττον
888 2422 1115 2493 γένηται
1146 2424 1247 2493 τῆς
1268 2424 1378 2477 ἀπὸ
1395 2423 1504 2477 τῶν
1522 2426 1848 2494 παραινούν-

275 2527 388 2562 των
414 2511 653 2581 ἰατρείας
678 2528 691 2541 ·
715 2511 749 2581 ἢ
774 2513 1095 2585 σφοδρότητι
1117 2514 1412 2585 τιμωρίας,
1452 2515 1485 2585 ἢ
1512 2515 1590 2585 τῷ
1611 2515 1848 2584 θανάτῳ,

274 2603 378 2672 τὴν
411 2604 503 2657 ἐπὶ
529 2603 597 2657 τὰ
629 2604 796 2676 χείρω
820 2606 989 2677 νομὴν
1028 2607 1425 2660 ἀνακόπτεται·
1467 2608 1852 2679 παρῃνέσαμεν

274 2695 379 2765 οὐχ
408 2695 576 2763 ἅπαξ,
599 2696 735 2751 ἀλλά
756 2698 850 2751 καὶ
876 2699 1156 2762 πολλάκιςο
1188 2700 1411 2769 Κωφῶν
1430 2699 1498 2753 δὲ
1515 2700 1629 2769 ἄρα
1652 2702 1856 2769 θύρας,

272 2782 377 2853 τὴν
403 2783 721 2854 παροιμίαν,
748 2784 1069 2853 ἀπέδειξας
1086 2787 1441 2853 κόπτοντας.
1485 2789 1623 2843 Ἀλλ’
1650 2789 1860 2856 ἔδειξας

279 2875 383 2943 μὲν
406 2876 570 2946 νόσονι
590 2877 937 2953 ἀνθρωπίνης
964 2881 1185 2950 μείζονα
1207 2881 1529 2953 θεραπείας,
1557 2883 1617 2936 ού
1664 2882 1861 2948 δείξεις

275 2967 361 3032 δὲ,
390 2960 563 3039 οἶμαι,
589 2972 684 3025 καὶ
711 2970 813 3041 τῆς
829 2974 937 3025 ἀπὸ
949 2974 1058 3026 τῶν
1075 2974 1254 3044 νόμων
1273 2977 1564 3046 τιμωρίας.
1598 2976 1661 3029 Εἰ
1685 2975 1741 3029 δὲ
1767 2975 1862 3029 καὶ

2022 2242 2389 2311 Improbitatis
2458 2241 2643 2310 passio
2700 2241 3031 2309 (passionem
3109 2255 3210 2310 ego
3292 2238 3535 2310 intelligo

1954 2334 2217 2404 quidquid
2247 2334 2376 2389 illud
2402 2334 2547 2403 quod
2593 2332 2898 2387 secundum
2949 2342 3198 2385 naturam
3229 2340 3314 2385 est
3348 2331 3536 2384 demo-

1954 2424 2105 2491 litur)
2136 2424 2253 2477 haec
2276 2439 2398 2477 eum
2429 2422 2675 2492 superior
2697 2422 2931 2476 evaserit
2951 2421 3096 2474 omni
3135 2421 3534 2474 admonitorum

1959 2512 2277 2574 medecina,
2326 2512 2411 2565 vel
2463 2526 2561 2579 per
2610 2510 2861 2579 supplicii
2903 2510 3222 2580 gravitatem
3252 2549 3265 2570 ,
3299 2510 3383 2563 vel
3438 2524 3535 2578 per

1958 2610 2190 2656 mortem
2222 2600 2567 2670 intercipitur
2604 2615 2674 2652 ne
2702 2601 2756 2652 in
2798 2599 3041 2653 deterius
3071 2598 3329 2667 procedat
3372 2618 3384 2651 :
3440 2598 3535 2651 ad-

1955 2692 2141 2747 monui
2172 2707 2282 2745 non
2311 2691 2499 2755 semel,
2555 2691 2650 2745 sed
2678 2690 2913 2760 saepius;
2963 2700 3019 2744 at
3066 2698 3145 2748 tu.
3176 2690 3318 2759 quod
3371 2690 3536 2743 habet

1956 2796 2113 2839 vetus
2129 2786 2374 2844 verbum,
2445 2782 2724 2837 Pulsantcs
2746 2788 2887 2853 [aras
2917 2784 3106 2836 surdus
3137 2799 3239 2835 non
3267 2782 3533 2837 audivisti.

1957 2872 2159 2930 Verum
2190 2876 2380 2929 morbo
2445 2882 2498 2929 te
2542 2876 2790 2929 laborare
2836 2875 2927 2944 qui
2984 2873 3278 2928 humanam
3311 2872 3538 2927 excedat

1959 2971 2316 3035 curationem,
2352 2968 2546 3034 doces;
2580 2968 2694 3033 sed,
2715 2966 2927 3037 Opinor,
2947 2982 3054 3021 non
3086 2965 3370 3036 praestabis
3399 2965 3537 3018 ultra

277 3059 512 3147 ταύτην,
560 3061 837 3135 ὑπερϐολῇ
899 3064 1131 3147 θρᾲσους
1167 3066 1387 3134 ἐλέγξαι
1436 3068 1856 3138 φιλονεικήσεις,

1962 3061 2172 3133 legibus
2196 3075 2410 3131 ptenam
2446 3058 2809 3130 irrogandum.
2857 3055 3010 3121 Quod
3066 3055 3134 3120 si,
3168 3072 3291 3126 qua:
3332 3064 3422 3109 tua
3454 3063 3539 3109 est.

280 3150 397 3204 ἀλλ’
428 3146 522 3206 οὖν
553 3152 821 3207 ἁλώσεταί
848 3171 913 3223 γε
942 3146 1157 3221 πάντως
1184 3156 1263 3228 τῷ
1294 3156 1510 3229 θανάτῳ
1550 3160 1611 3213 τὸ
1642 3161 1733 3215 σὺν
1760 3161 1854 3215 ἐπὶ

1961 3153 2194 3224 improba
2236 3151 2459 3206 audacia
2484 3190 2499 3215 ,
2540 3159 2595 3204 et
2638 3150 2783 3202 illam
2842 3148 3079 3203 volueris
3120 3148 3275 3202 ﬂocci
3336 3148 3535 3212 facere,

282 3242 349 3313 τῇ
386 3243 584 3298 σαυτοῦ
618 3251 973 3322 καταστροφῇ
996 3249 1136 3321 πρὸς
1174 3250 1354 3305 πάντα
1399 3251 1724 3319 φιλόνεικον.

879 3446 1106 3503 ΕΠΙΣΤ.
1144 3447 1267 3503 IlI".

500 3537 797 3604 Θεοδοσίῳ
816 3540 1133 3610 perdia”;
1157 3541 1256 3595 καί
1299 3542 1651 3611 ἠσυχαστῇ.

1954 3245 2180 3300 omnino
2209 3244 2413 3298 evitare
2447 3241 2716 3312 nequibis,
2738 3256 2847 3310 quo
2871 3240 3051 3294 minus
3078 3249 3169 3294 tua
3202 3240 3291 3294 illa
3322 3239 3529 3310 impor-

1962 3345 2094 3389 tuna
2126 3332 2407 3388 contentio
2434 3332 2489 3386 in
2524 3332 2644 3402 ipso
2678 3330 2785 3384 ﬁne
2814 3330 2955 3384 male
2988 3331 3326 3385 succumbat.

2469 3439 2687 3496 EPIST.
2728 3440 3013 3495 LXXXIII.

2223 3535 2503 3590 Theodosio
2541 3533 2795 3587 monacho
2832 3539 2883 3586 et
2921 3531 3278 3586 anachoreta.

1513 3653 1781 3703 Iontacut.
1806 3655 1908 3717 (ep.
1931 3650 2041 3712 117,
2063 3662 2113 3713 p.
2138 3647 2272 3711 158).

357 3753 424 3807 Τί
453 3751 754 3826 θαυμάζεις
777 3758 825 3809 εί
855 3757 1168 3827 προκάθητο
1206 3756 1304 3830 μὲν
1342 3757 1755 3830 ὲξοφρυωμένον
1794 3760 1856 3812 τὸ

288 3849 524 3921 ἀνίερον,
549 3852 853 3921 παρίστατο
894 3853 954 3906 δὲ
984 3853 1092 3907 τῶν
1122 3854 1425 3924 ἀρχιερέων
1457 3854 1593 3907 Θεοῦ
1632 3854 1692 3907 τὸ
1734 3853 1856 3906 επί-

290 3956 503 4009 σημον;
576 3942 671 3994 καὶ
730 3944 937 4012 κρίνειν
994 3943 1092 4014 μὲν
1123 3944 1341 4011 ἐλέγετο
1384 3944 1445 3996 τὸ
1496 3943 1855 4015 κατάκριτον,

289 4030 671 4096 κατεδικάζετο
696 4032 754 4085 δὲ
777 4032 951 4102 ξίφεσι
984 4036 1538 4106 περιεστοιχισμένον,
1578 4035 1722 4106 ὑπὲρ
1764 4036 1859 4089 τοῦ

293 4122 431 4192 μηδὲ
462 4125 645 4193 φωνὴν
668 4125 906 4192 ἀφεῖναι,
939 4127 1001 4178 τὸ
1017 4127 1347 4193 ἀνεύθυνον;
1376 4129 1522 4197 ἔχεις
1555 4128 1665 4198 γὰρ
1688 4127 1859 4181 πολλά

290 4215 387 4268 καὶ
438 4215 534 4269 νέα
586 4216 681 4269 καὶ
739 4216 947 4270 παλαιὰ
996 4219 1448 4289 παραδείγματα*
1499 4221 1702 4282 ’Δννας
1768 4221 1862 4271 καὶ

2026 3754 2299 3821 Quorsum
2334 3749 2550 3805 miraris
2580 3749 2625 3804 si
2666 3748 2879 3819 profani
2921 3762 3047 3803 cum
3089 3743 3378 3815 supercilio
3403 3761 3541 3815 prm-

1960 3848 2162 3910 sident,
2213 3843 2428 3915 gloriosi
2464 3850 2646 3896 autem
2684 3840 2954 3894 antistites
2995 3839 3088 3894 Dei
3121 3840 3341 3892 astant?
3389 3839 3540 3907 quid,

1962 3940 2106 4009 quod
2128 3937 2389 4008 judicium
2413 3943 2672 3990 exercent
2691 3934 2896 4003 judicio
2915 3933 3176 3997 damnati,
3200 3932 3357 4001 culpa
3381 3931 3541 3983 vacui

1965 4031 2174 4103 judicio
2220 4031 2503 4091 sistantur,
2552 4027 2744 4097 gladiis
2783 4025 3199 4091 circumvallati,
3242 4025 3319 4078 ita
3368 4034 3429 4077 ut
3476 4040 3548 4079 ne

1967 4140 2158 4179 vocem
2189 4123 2441 4177 emittere
2467 4119 2735 4174 audeant?
2769 4120 2864 4173 sed
2924 4118 3300 4188 hujuscemodi
3345 4134 3547 4186 suppe-

1970 4224 2090 4270 tunt
2119 4215 2307 4275 multa,
2350 4221 2405 4267 et
2464 4220 2648 4264 vetera
2678 4218 2732 4263 et
2774 4210 2979 4263 novitia
3019 4209 3283 4277 exempla.
3329 4211 3541 4272 Aunas,

293 4307 546 4376 Καϊάφας
586 4308 683 4362 καὶ
708 4307 943 4372 Πιλάτος
976 4309 1242 4373 ἐδίκαζον,
1274 4311 1366 4362 κα)⁸
1407 4310 1635 4380 Ἰησοῦς,
1661 4312 1688 4362 ό
1732 4312 1861 4381 ἐμὸς

1968 4306 2224 4376 Caiphas,
2272 4311 2327 4358 et
2371 4303 2575 4356 Pilatus
2608 4301 2862 4356 sedentes
2898 4316 2998 4370 pro
3047 4299 3302 4353 tribunali
3338 4299 3547 4367 judica-

291 4402 567 4470 Δεσπότης
611 4401 708 4453 καὶ
734 4400 889 4464 Θεὸς,
939 4402 1032 4454 καὶ
1081 4401 1257 4464 κοινὸς
1305 4402 1574 4455 ἁπάντων
1640 4404 1859 4472 κριτὴς,

293 4492 599 4562 παρίστατο
631 4491 978 4564 ὲταζόμενος.
1029 4492 1302 4561 Στέφανος
1347 4495 1375 4544 ὁ
1410 4493 1739 4560 καλλίνικος,
1771 4497 1866 4548 καὶ

293 4585 514 4655 πρῶτος
539 4584 647 4637 τῶν
678 4582 914 4656 Χριστοῦ
971 4585 1263 4657 μαρτύρων
1311 4585 1640 4654 παρίστατο,
1674 4589 1768 4641 καὶ
1806 4589 1867 4641 τὸ

291 4678 392 4745 τῆς
445 4679 754 4748 μιαιφονίας
802 4679 1100 4750 συνέδριον,
1163 4678 1335 4741 λίθοις
1368 4677 1724 4747 θεολογοῦντα
1769 4682 1868 4733 τὸν

294 4767 535 4840 ἀθλητὴν
567 4771 963 4841 κατεχώννυον.
1020 4771 1276 4833 Ἰάκωόος
1330 4770 1358 4823 ὁ
1418 4770 1636 4839 πρῶτος
1679 4773 1869 4841 ἀρχιε-

298 4859 461 4932 ρέων,
498 4862 593 4915 καὶ
635 4863 936 4936 Δεσποτικῇ
964 4865 1109 4936 χειρὶ
1145 4863 1207 4916 τὸ
1245 4862 1388 4931 ἱερὸν
1408 4861 1618 4932 χρίσμα
1652 4865 1744 4915 καὶ
1774 4864 1870 4934 τὴν

296 4953 524 5023 ἐφορίαν
594 4953 980 5026 Ἰεροσολύμων
1037 4954 1253 5027 λαχὼν,
1304 4955 1693 5023 παρειστήκειο
1773 4955 1870 5008 καὶ

299 5046 531 5110 Ἀνανος
582 5047 611 5099 ὁ
644 5048 709 5100 ἐκ
747 5048 1143 5116 Σαδδουκαίων,
1166 5050 1382 5120 ἐκρότει
1429 5048 1725 5117 συνέδριον,
1778 5048 1872 5099 καὶ

298 5137 530 5201 θάνατος
567 5134 636 5210 ἦν
656 5140 815 5203 εὐθὺς
836 5142 914 5213 τῷ
948 5143 1138 5215 δικαίῳ
1169 5145 1278 5197 τῶν
1310 5142 1769 5215 παρανομούντων
1813 5139 1873 5192 τὸ

300 5230 578 5301 ψήφισμα.
612 5232 824 5296 Παῦλος
866 5235 1049 5301 πάλιν,
1074 5239 1102 5290 ό
1133 5238 1305 5305 μέγας
1344 5238 1439 5291 καὶ⁹
1474 5234 1725 5305 λαμπρὸς
1773 5233 1873 5300 τῆς

299 5324 626 5396 οίκουμένης
650 5326 846 5397 κῆρυξ,
873 5330 1193 5398 παρίστατο,
1226 5332 1321 5385 καὶ
1352 5331 1619 5392 Ἀνανίας,
1648 5330 1677 5380 ό
1709 5327 1875 5379 καθά-

305 5430 412 5485 περ
432 5418 545 5481 τοῖς
578 5418 790 5488 χρόνοις
841 5421 1060 5474 Ἀνάνου
1108 5422 1399 5494 πρότερος,
1445 5420 1588 5474 οὕτω
1633 5418 1727 5472 καὶ
1765 5419 1876 5479 τοῖς

303 5506 530 5574 τρόποις
564 5510 625 5562 ού
648 5509 920 5582 δεύτερος,
951 5513 1012 5565 τὸ
1061 5513 1163 5583 τῆς
1187 5515 1446 5584 ἀληθείας
1492 5513 1666 5582 στόμα
1706 5525 1874 5577 προσ-

311 5598 501 5653 έταττε
533 5601 864 5656 τύπτεσθαι·
909 5604 1045 5659 ἀλλά
1093 5605 1306 5661 Παύλου
1344 5605 1623 5678 μνησθεὶς,
1668 5599 1876 5653 πολλῶν

1969 4401 2120 4462 bant,
2167 4397 2378 4450 astabat
2440 4407 2599 4448 meus
2639 4392 2905 4445 Dominus
2939 4393 3097 4455 Deus,
3145 4400 3200 4443 et
3244 4390 3550 4443 communis

1966 4493 2093 4547 olim
2149 4489 2392 4542 omnium
2440 4486 2656 4541 futurus
2714 4481 3181 4555 judex,'examiui
3246 4482 3548 4549 subjectus.

1967 4583 2277 4652 Stephanus
2297 4578 2385 4632 ille
2414 4578 2654 4648 martyrii
2678 4576 2957 4630 lemniscis
2973 4574 3232 4628 etadorea
3259 4572 3547 4643 gloriosus,

1969 4689 2069 4745 pro
2116 4670 2373 4725 tribunali
2424 4669 2619 4732 stetit,
2671 4677 2726 4722 et
2775 4667 3067 4722 concilium
3125 4664 3542 4728 homicidarum,

1969 4766 2223 4821 athletam
2252 4763 2405 4816 illum
2454 4762 2521 4815 de
2541 4760 2741 4815 Christi
2773 4758 3058 4813 divinitate
3091 4754 3540 4819 concionantem,

1971 4859 2242 4929 lapidibus
2281 4857 2605 4911 obruerunt.
2639 4853 2874 4909 Iacobus
2904 4851 2993 4904 ille
3041 4848 3294 4919 princeps
3338 4848 3550 4917 episco-

1974 4966 2187 5023 porum,
2209 4949 2409 5019 quique
2436 4948 2506 5002 de
2538 4962 2705 5001 manu
2727 4943 2940 4997 Domini
2976 4941 3286 4995 unctionem
3316 4956 3549 5006 sacram,

1973 5054 2028 5100 et
2071 5041 2619 5112 Hierosolymitanum
2650 5036 3004 5107 praesulatum
3039 5033 3269 5102 accepit,
3314 5048 3412 5102 pro
3453 5033 3551 5087 tri-

1974 5137 2157 5192 bunali
2215 5136 2392 5198 stetit;
2440 5142 2496 5187 et
2563 5129 2801 5185 Ananias
2849 5127 3177 5181 Sadducaeus
3223 5140 3549 5181 consessum
3636 5126 3639 5129 ’

1975 5227 2342 5299 congregavit,
2395 5238 2426 5277 a
2482 5236 2591 5290 quo
2636 5235 2788 5274 mors
2843 5217 3243 5272 decernebatur
3292 5215 3552 5270 continuo

1975 5328 2164 5374 contra
2200 5319 2379 5371 virum
2420 5315 2625 5385 justum
2676 5309 2829 5380 quasi
2886 5308 3019 5379 legis
3066 5317 3546 5378 transgressorem.

1976 5411 2176 5467 Paulus
2208 5409 2297 5463 ille
2324 5422 2551 5478 magnus
2579 5412 2634 5458 et
2688 5402 2917 5457 illustris
2960 5400 3128 5455 totius
3175 5398 3322 5454 orbis
3369 5413 3551 5467 praeco

1976 5505 2166 5569 astitit,
2200 5512 2256 5556 et
2277 5500 2535 5563 Ananias,
2561 5498 2654 5569 qui
2679 5505 2920 5567 tempore
2939 5504 2999 5549 ut
3034 5492 3307 5563 praecessit
3337 5490 3550 5554 Auauo,

1979 5599 2049 5652 ita
2092 5595 2337 5650 moribus
2360 5591 2434 5647 illi
2476 5590 2749 5647 secundus
2789 5586 2935 5644 haud
2962 5584 3192 5650 exstitit,
3221 5578 3464 5637 veritatis
3489 5594 3552 5634 os

1604 5769 1837 5827 VARI/13
1878 5764 2281 5827 LECTIONES.

392 5941 414 5970 ι
442 5930 696 6001 ήρετίσω,
729 5930 947 6008 Hmsch.
