4046 6432
518 460 625 528 891

1676 453 1939 517 PHOTII
1968 446 2473 513 PATRIARCH/E
2511 448 2624 511 CP.

3673 434 3775 500 892

520 578 652 634 illud
682 576 879 650 pugnis
901 574 1033 634 czedi
1056 576 1281 648 iubebat
1311 593 1323 629 :
1354 573 1503 629 Pauli
1539 580 1722 627 autem
1762 570 1853 626 ubi
1896 569 2095 637 injecta

2207 558 2449 613 τοιούτων
2480 560 2734 632 εὑρήσεις
2766 556 3057 629 συνεδρίων
3081 552 3477 623 ἀπαρίθμησιν,
3503 551 3569 605 Τί
3601 550 3661 604 δὲ
3698 551 3776 605 δεῖ

518 680 602 724 est
626 670 851 733 mentio,
883 669 1046 724 simul
1076 668 1243 722 multa
1270 664 1535 735 ejusmodi
1563 661 1795 719 concilia
1823 662 1878 715 in
1906 673 2102 713 nume-

523 772 640 815 rato
713 760 1264 830 repratsentabantur.
1304 755 1443 823 Quid
1470 756 1671 810 viritim
1691 753 1934 825 singulos
1980 765 2104 821 per-

522 868 746 908 censere
772 854 944 923 opus?
970 852 1260 907 crudelitas
1283 860 1337 905 et
1361 849 1512 903 furor
1540 848 1632 901 ille
1657 845 1885 900 insanus
1912 857 2103 914 perse-

524 952 775 997 cutorum
839 951 894 997 et
951 952 1303 1013 tyrannorum
1360 951 1847 1009 quorumcunque,
1913 945 2100 991 εοηῑτιι

524 1032 725 1087 Christi
777 1041 1041 1101 martyres
1104 1040 1159 1085 et
1228 1030 1610 1095 confessores,
1672 1031 1939 1084 illustrem
2001 1026 2099 1081 tibi

525 1124 771 1194 praeclari
818 1125 975 1179 istius
1008 1124 1238 1192 Iconcilii
1288 1122 1824 1194 reprtesentationem
1871 1120 2099 1176 dabunt.

526 1215 680 1270 Patet
715 1215 859 1269 enim
889 1215 1033 1285 quod
1079 1215 1132 1268 in
1182 1214 1286 1269 illis
1334 1214 1606 1278 homines,
1662 1229 1770 1267 non
1822 1227 1950 1277 una,
2008 1221 2102 1266 aut

526 1306 757 1376 simplici
805 1314 1015 1360 tantum
1066 1315 1242 1359 morte
1281 1304 1450 1374 digni,
1488 1304 1583 1359 sed
1622 1303 1929 1372 multiplici,
1974 1316 2099 1357 cum

528 1394 882 1464 superciliosa
937 1394 1171 1463 quadam
1223 1393 1488 1463 gravitate
1530 1406 1628 1460 pro
1670 1388 1925 1445 tribunali
1968 1402 2101 1442 con-

530 1484 790 1548 sederint,
823 1484 1189 1555 legislatorum
1221 1492 1274 1537 et
1298 1483 1544 1552 judicum
1576 1496 1778 1536 nomen
1811 1479 2019 1546 induti;
2049 1486 2104 1535 et

532 1576 631 1639 illi,
674 1576 871 1647 quibus
915 1576 1151 1630 mundus
1210 1574 1355 1629 haud
1406 1574 1602 1645 dignus
1645 1573 1781 1638 fuit,
1830 1573 2103 1629 astiterint

440 1732 445 1735 η
529 1667 746 1737 capitali
778 1667 1047 1721 sententia
1081 1665 1342 1720 damnati.
1377 1664 1496 1719 Noli
1539 1664 1703 1735 igitur
1748 1664 1906 1719 rebus
1936 1664 2102 1734 gestis

527 1757 691 1811 nimis
718 1758 1069 1811 vehementer
1097 1756 1326 1825 percuti,
1359 1754 1453 1809 sed
1487 1769 1590 1808 nec
1636 1752 1730 1807 Dei
1784 1754 2101 1824 patientiam

525 1859 581 1903 et
606 1849 1070 1919 longanimitalem
1100 1849 1155 1901 in
1188 1848 1254 1902 iis
1285 1846 1583 1900 tolerandis
1609 1845 1687 1900 sic
1720 1846 2097 1915 interpretare,

2204 651 2301 704 καὶ
2332 651 2450 704 κατ’
2478 651 2646 721 ἄνδρα
2665 650 2845 719 λέγειν
2868 669 2884 717 ;
2908 649 3060 703 πᾶσα
3110 648 3219 700 τῶν
3253 645 3503 700 διωκτῶν
3534 643 3635 696 καὶ¹
3682 661 3772 696 τυ-

2203 741 2431 811 ράννων,
2460 743 2493 811 ἡ
2516 743 2658 795 κατὰ
2682 741 2794 795 τῶν
2826 738 3171 811 ὁμολογητῶν
3217 734 3453 807 Χριστοῦ
3493 735 3589 789 καὶ
3634 751 3774 805 μαρ-

2202 832 2402 902 τύρων,
2445 832 2667 903 ὠμότης
2706 833 2802 886 καὶ⁹
2840 832 3089 894 ἀπόνοια,
3136 828 3369 901 ὑπάρξει
3396 843 3478 880 σοι
3512 825 3611 878 τοῦ
3635 826 3775 897 λαμ·

2203 928 2341 1000 προῦ
2372 928 2557 983 τούτου
2599 930 2876 1001 συνεδρίου
2958 926 3399 998 παραδείγματα.
3466 923 3555 975 Ἐν
3607 921 3775 976 sum

2201 1024 2310 1092 γὰρ
2340 1024 2568 1085 ἐκείνοις
2590 1019 2771 1092 δῆλον,
2800 1022 2969 1088 ὡς,.οί
3011 1020 3109 1093 μὲν
3132 1018 3231 1089 οὐχ
3266 1016 3434 1081 ἅπαξ,
3472 1014 3614 1069 ἀλλά
3645 1013 3773 1068 πολ-

2201 1115 2359 1178 λάκις
2395 1116 2574 1169 θανεῖν
2610 1114 2749 1179 ἄξιοι
2809 1114 2947 1186 μετά
2992 1111 3228 1183 σοϐαροῦ
3271 1110 3367 1164 τοῦ
3426 1108 3775 1180 φρονήματος

2203 1209 2597 1279 προεκάθηντο,
2624 1207 2929 1279 νομοθετῶν
2964 1206 3061 1259 καὶ¹
3086 1205 3290 1274 κριτῶν
3313 1200 3615 1274 περιὸεὸλη
3626 1200 3775 1270 μένοι

2200 1300 2400 1369 ὄνομαο
2435 1293 2509 1353 ὧν
2563 1299 2735 1354 δὀὑκ
2787 1295 2856 1371 ῆν
2909 1298 3056 1364 ἄξιος
3105 1298 3216 1351 οὐδ’
3256 1296 3418 1359 αὐτὸς
3474 1295 3504 1348 ό
3549 1295 3775 1363 κόσμος,

2204 1393 2552 1464 παρεστῶτες
2574 1393 2673 1463 τὴν
2708 1392 2800 1445 ἐπὶ
2842 1392 3056 1463 θανάτῳ
3099 1389 3505 1460 κατεκρίνοντο.
3558 1386 3775 1455 Μηκέτι

2202 1486 2297 1540 οῦν
2340 1487 2608 1555 ἐκπλήτου
2647 1497 2671 1525 α
2698 1486 2808 1549 τοῖς
2854 1483 3300 1556 τετολμημένοις,
3349 1482 3487 1552 μηδὲ
3543 1478 3645 1549 τὴν
3692 1480 3776 1530 ἐπ’

2204 1578 2384 1639 αὑτοῖς
2406 1575 2600 1647 ἀνοχὴν
2625 1576 2719 1628 τοῦ
2743 1574 2879 1631 Θεοῦ
2907 1576 3004 1630 καὶ
3036 1573 3424 1647 μακροθυμίαν
3448 1570 3775 1641 ἐγκατάλειο

2203 1670 2295 1739 ψιν
2339 1669 2503 1723 αὑτοῦ
2558 1669 2745 1741 νόμιζε
2792 1670 2897 1725 τῶν
2951 1669 3328 1739 ἀνθρωπίνων.
3392 1666 3467 1720 Οὑ
3533 1664 3647 1733 γὰρ
3704 1665 3781 1724 εἰς

2203 1762 2629 1833 ἀνεπιστάτητον
2687 1762 2782 1816 καὶ
2836 1763 3170 1832 ἀπρονόητον
3224 1761 3320 1814 νῦν
3374 1758 3540 1812 ποθεν
3580 1758 3649 1811 τὰ
3687 1756 3783 1825 τῆς

2204 1852 2463 1923 προνοίας
2495 1854 2781 1923 περιέστη.
2819 1852 2932 1905 Ἀεὶ
2962 1852 3019 1905 δὲ
3060 1851 3128 1905 τά
3179 1851 3425 1921 ἡμέτερα
3478 1849 3620 1917 σοφῇ
3679 1862 3784 1898 τινι

525 1938 677 2009 quasi
724 1955 904 1992 rerum
960 1938 1321 1991 humanarum
1370 1944 1516 1991 esset
1557 1936 1836 1990 derelictio
1873 1954 1885 1989 :
1923 1951 2099 2004 neque

2207 1944 2293 1995 καὶ
2317 1945 2613 2017 ἀπορρήτῳ
2646 1946 2739 1999 καὶ
2766 1946 2907 2016 ὑπὲρ
2930 1943 3074 2007 νοῦν,
3104 1945 3195 1997 ἐπὶ
3220 1944 3282 1997 τὸ
3311 1942 3535 2014 ἄριστόν
3587 1956 3648 1992 τε
3692 1938 3785 1992 καὶ

525 2030 674 2085 enim
718 2045 816 2100 per
860 2029 977 2084 haec
1023 2038 1268 2099 tempora
1316 2028 1498 2083 divina
1546 2027 1885 2097 providentia
1930 2028 2093 2083 rebus

2209 2032 2651 2105 θαυμασιώτατον
2678 2036 3020 2107 μεθοδεύεται
3054 2034 3355 2106 οἰκονομίᾳ.

526 2141 781 2197 praeesse,
816 2134 909 2180 aut
937 2141 1029 2181 eas
1070 2112 1362 2196 pr'ocurare
1407 2124 1650 2190 destitit;
1700 2141 1825 2179 nam
1857 2126 1948 2195 qui
1988 2128 2184 2197 poterit
2248 2131 2378 2187 illud
2429 2133 2592 2188 ﬁeri?
2626 2132 2735 2189 Sed
2787 2134 2861 2189 ita
2892 2144 2995 2198 est,
3036 2132 3368 2203 dispensatio
3441 2130 3632 2186 divina
3700 2143 3786 2181 res

524 2228 741 2275 nostras
765 2219 1038 2291 sapienter
1070 2228 1126 2273 et
1152 2217 1409 2272 ineil’abili
1450 2217 1633 2285 modo,
1680 2232 1843 2288 supra
1871 2229 2092 2290 captum
2131 2220 2455 2288 humanum,
2490 2224 2755 2295 optimum
2792 2234 2848 2280 et
2876 2224 3181 2279 mirandum
3208 2224 3265 2277 in
3291 2221 3516 2277 modum
3579 2219 3784 2291 dirigit.

1042 2330 1261 2387 EPIST.
1299 2329 1587 2386 LXXXIV.

1205 2422 1416 2478 Eidem.

2804 2336 3029 2391 ΕΠΙΣΤ.
3060 2336 3183 2391 IIA'.

2866 2426 2952 2493 Τῷ
2986 2426 3164 2491 αὐτῷ.

1698 2492 1705 2503 ’
1752 2513 2017 2565 Montacut.
2044 2515 2148 2579 (ep.
2172 2516 2277 2578 118,
2299 2530 2349 2580 ρ.
2371 2515 2504 2581 159).

606 2618 921 2680 Enimvero,
958 2616 1085 2671 licet
1117 2616 1401 2685 hucusque
1445 2630 1555 2669 non
1595 2615 1665 2670 sit
1700 2615 1958 2670 audacter
1987 2625 2110 2670 ten-

528 2720 719 2777 tatum,
748 2719 803 2765 et
818 2712 935 2765 sine
955 2708 1203 2779 exemplo
1223 2707 1313 2773 sit,
1335 2716 1394 2761 ut
1413 2706 1804 2763 lsmaelitarum
1825 2707 2110 2763 atheorum

528 2804 687 2875 legati
721 2814 777 2857 et
801 2800 1105 2857 administri
1168 2800 1221 2853 in
1277 2798 1719 2869 archiepiscopos
1753 2798 2107 2868 reﬁngantur,

528 2902 585 2950 et
633 2905 691 2949 ut
733 2892 1187 2964 patriarchalibus
1241 2890 1613 2963 praerogativis
1663 2900 2017 2965 exornentur,
2052 2899 2108 2946 et

529 2986 833 3041 admirandi
888 2984 1130 3055 ipsorum
1184 2982 1400 3038 concilii
1454 2982 1711 3053 praesides
1767 2981 1925 3047 fiant;
1997 2981 2109 3036 noli

530 3087 713 3133 tamen
752 3086 810 3131 ut
848 3077 1047 3146 hospes
1086 3075 1186 3130 hac
1234 3075 1289 3128 in
1342 3090 1401 3129 re
1470 3074 1676 3128 versari
1719 3073 1957 3140 diutius;
2022 3087 2110 3128 re-

528 3169 917 3240 spondetenim
948 3167 1157 3225 caneris
1188 3166 1431 3236 ipsorum
1463 3165 1725 3230 audaciis,
1750 3166 2111 3236 sciebantque

531 3260 817 3316 sacerdotii
850 3261 1099 3332 gratiam,
1132 3268 1186 3314 et
1224 3258 1354 3328 ipsis
1381 3264 1436 3313 et
1464 3258 1570 3313 illis
1598 3274 1667 3313 ex
1700 3273 1856 3327 aequo
1887 3258 2108 3324 factam,

529 3361 841 3423 competere
868 3371 882 3407 :
915 3368 1022 3407 non
1053 3359 1213 3407 erant
1242 3350 1396 3405 facile
1418 3348 1631 3420 profani
1664 3350 1741 3404 illi
1772 3349 2108 3415 inveniendi,

531 3445 623 3515 qui
674 3445 894 3500 alterius
936 3444 1151 3501 concilii
1200 3458 1517 3497 consessum
1567 3444 1964 3514 adimplerent;
2008 3459 2111 3499 nec

531 3536 643 3601 isti,
676 3552 800 3591 cum
832 3544 1018 3591 essent
1046 3535 1273 3604 apostoli
1318 3551 1505 3590 eorum
1538 3534 1629 3603 qui
1658 3535 1935 3590 Christum
1976 3536 2110 3591 ode-

531 3639 673 3693 rant,
706 3630 817 3684 ﬁeri
850 3636 1102 3699 poterant
1159 3628 1429 3699 principes
1470 3638 1525 3683 et
1557 3629 1830 3699 coryphaei
1877 3628 2110 3684 aliorum

530 3717 600 3771 ab
626 3718 756 3787 ipsis
794 3734 1267 3788 quorumcunque.
1320 3719 1487 3789 Ecqui
1526 3720 1670 3773 enim
1700 3719 1792 3773 alii
1834 3720 1899 3773 ad
1922 3734 2110 3774 eorum

530 3816 715 3873 partes
737 3810 1078 3870 accederent,
1106 3814 1293 3861 contra
1323 3815 1423 3871 tot,
1468 3806 1602 3861 tales
1622 3845 1638 3870 ,
1676 3814 1854 3860 tantos
1884 3806 1979 3861 Dei
2008 3821 2110 3862 an-

532 3896 740 3950 tistites
759 3906 814 3949 et
835 3896 1174 3962 sacerdotes,
1190 3906 1247 3951 et
1266 3912 1454 3952 eorum
1481 3897 1720 3951 furorem
1743 3898 2107 3965 imitarentur,

530 3986 636 4041 nisi
662 3986 1020 4041 barbarorum
1050 3987 1328 4042 Christum
1357 3998 1413 4043 et
1466 3988 1633 4043 Deum
1676 3990 2109 4060 oppugnantium

531 4077 790 4141 ministri,
838 4077 1069 4143 alumni,
1118 4080 1372 4135 soboles?
1418 4081 1744 4137 Judicialem
1790 4098 1952 4154 porro
1993 4083 2109 4140 sive

532 4170 845 4242 synodalem
869 4186 1187 4226 consessum
1221 4188 1432 4238 eorum,
1487 4174 1732 4229 barbaris
1780 4174 2104 4242 immistum,

2297 2619 2461 2673 Ἀλλά
2479 2619 2587 2690 γὰρ
2626 2619 2676 2673 εί
2705 2619 2800 2673 καὶ
2834 2617 2997 2689 μέχρι
3057 2614 3152 2669 νῦν
3200 2614 3260 2668 οὑ
3292 2612 3652 2683 τετόλμηται,
3679 2610 3785 2663 οὐδ’

2211 2711 2359 2764 ἐστὶν
2400 2710 2523 2781 ἕχον
2568 2711 2595 2750 δ
2620 2709 2993 2781 παράδειγμα,
3037 2705 3395 2777 Ἰσμαηλιτῶν
3436 2704 3620 2758 άθέων
3658 2704 3782 2772 πρέ-

2212 2804 2358 2866 σϐεις
2384 2802 2478 2856 καὶ
2512 2802 2812 2874 ὑπηρέτας,
2843 2800 2923 2862 εἰς
2952 2796 3594 2871 ἀρχιερατικοὺςάνδρας
3627 2811 3782 2864 μετα-

2209 2893 2431 2957 πλάσαι,
2464 2893 2558 2946 καὶ
2590 2888 2965 2964 πατριαρχικά
2992 2890 3209 2953 τούτοις
3230 2888 3509 2960 προνόμια
3535 2887 3780 2957 περιθεῖ-

2212 3002 2318 3047 ναι,
2352 2984 2556 3039 καὶτοῦ
2590 2984 2894 3055 θαυμασίου
2927 2982 3111 3039 αὐτῶν
3142 2980 3419 3051 συνεδρίου
3448 2979 3780 3049 κορυφαίους

2211 3077 2515 3146 ἀποφῆναι.
2570 3075 2707 3129 Ἀλλ’
2731 3072 2823 3130 οὖν
2847 3076 2983 3147 μηδὲ
3021 3074 3181 3128 τοῦτό
3230 3090 3289 3126 σε
3314 3071 3607 3140 ξενιζέτωο
3662 3070 3782 3123 ἀκό-

2211 3166 2397 3222 λουθόν
2417 3184 2477 3219 τε
2504 3166 2611 3239 γὰρ
2643 3167 2765 3230 ταῖς
2789 3165 2979 3230 ἄλλαις
3028 3164 3210 3221 αὐτῶν
3249 3162 3479 3234 τόλμαις
3505 3176 3519 3190 ⁸
3552 3162 3649 3216 καὶ
3675 3161 3785 3232 ᾕδε-

2212 3277 2308 3315 σαν
2340 3261 2438 3331 τῆς
2469 3260 2769 3331 ἱερωσύνης
2806 3260 2906 3331 τὴν
2938 3260 3121 3331 χάριν,
3160 3258 3343 3321 αὐτοῖς
3392 3272 3453 3309 τε
3519 3254 3787 3315 κάκείνοις

2210 3351 2271 3418 ἐξ
2300 3352 2415 3405 ίσου
2444 3352 2691 3423 ἀνήκειν.
2720 3350 2858 3405 Οὕτε
2881 3346 2975 3406 οῦν
3025 3348 3249 3412 τούτους
3291 3344 3361 3419 ἦν
3402 3348 3615 3419 εὑρεῖν,
3648 3346 3784 3400 ἀνιέ-

2212 3460 2339 3515 ρους
2393 3444 2704 3511 γεγονότας,
2743 3444 2930 3516 ἑτέρου
2971 3442 3245 3513 συνεδρίου
3297 3441 3586 3511 πλήρωμα
3635 3438 3783 3508 γενέ.

2212 3536 2336 3591 σθαι
2361 3553 2375 3568 ο
2406 3536 2531 3590 οὔτε
2564 3537 2806 3601 ἐκείνους
2844 3537 3205 3608 μισοχρίστων
3246 3534 3587 3597 ἀποστόλους
3608 3533 3783 3599 ὂντας,

2210 3628 2385 3684 ἄλλων
2414 3628 2579 3682 τινῶν
2620 3629 2953 3699 κορυφαίους
2991 3628 3086 3681 καὶ
3135 3628 3425 3697 ἐξάρχους,
3460 3626 3509 3678 εἰ
3559 3624 3633 3696 μὴ
3660 3624 3782 3677 τού-

2210 3738 2317 3774 των
2361 3720 2768 3794 ἀναρρηθῆναι.
2827 3720 2985 3783 Τίνες
3025 3719 3071 3773 δ’
3111 3719 3179 3773 ἂν
3219 3720 3407 3783 αὐτοῖς
3449 3719 3545 3771 καὶ
3596 3716 3781 3785 συνῆλ-

2212 3810 2325 3877 θον,
2353 3812 2498 3866 κατά
2526 3812 2795 3866 τοσούτων
2815 3812 2913 3866 καὶ
2942 3811 3279 3881 τηλικούτων
3312 3810 3607 3882 ἀρχιερέων
3638 3806 3775 3860 Θεοῦ

2210 3907 2307 3956 καὶ
2334 3904 2526 3973 ίερέων
2556 3903 2987 3974 συνεκμανῆναι,
3041 3904 3091 3958 εί
3122 3902 3202 3975 μὴ
3246 3903 3525 3974 θεομάχων
3573 3900 3779 3972 $1966.-

2213 4013 2323 4067 ρων
2350 3997 2445 4050 καὶ
2475 3996 2766 4067 ὑπηρέται,
2808 3996 2903 4050 καὶ
2930 3995 3243 4066 θρέμματα,
3294 3995 3393 4049 καὶ
3439 3994 3785 4061 γεννήματαῖ

2208 4088 2271 4142 τὸ
2306 4089 2364 4141 δὲ
2386 4088 2672 4159 κριτήριον
2707 4088 2805 4158 μὲν
2846 4089 2943 4142 καὶ
2976 4086 3192 4141 σύνοδον
3241 4086 3342 4157 τὴν
3387 4084 3790 4156 μιξοῦάρϐαρον

2212 4179 2390 4235 αὐτῶν
2416 4179 2633 4251 ἐνέδραν
2654 4180 3024 4235 ἀποκαλέσαι.
3054 4175 3190 4233 Είτα
3228 4178 3286 4232 δὲ
3337 4179 3476 4248 μήτε
3508 4176 3791 4246 μάρτυράς

532 4264 743 4321 insidiis
766 4266 1102 4321 occultandis
1130 4267 1307 4323 locum
1336 4268 1611 4338 appellare
1642 4268 1803 4333 licet;
1836 4283 1957 4323 cum
1991 4284 2101 4322 non

2207 4272 2367 4326 ποθέν
2392 4288 2536 4337 τινος
2568 4272 2927 4343 ἀδικήματος,
2981 4273 3118 4343 μήτε
3181 4269 3525 4341 κατηγόρους
3553 4278 3576 4306 ε
3614 4283 3793 4336 παρα-

533 4366 701 4413 testes
762 4358 973 4429 injuria:
1029 4359 1188 4415 illata:
1244 4375 1349 4414 nec
1403 4369 1746 4416 accusatores
1800 4361 2102 4431 producere

531 4460 783 4520 possunt,
837 4461 1114 4523 utcunque
1169 4469 1253 4508 res
1306 4469 1507 4523 susque
1556 4454 1731 4523 deque
1781 4455 2101 4526 agebantur,

532 4545 626 4599 sed
649 4559 750 4599 nec
777 4545 984 4613 aliquid
1006 4546 1223 4615 culpare
1243 4548 1386 4616 quod
1414 4556 1566 4602 certo
1588 4548 1873 4602 constabat
1902 4546 2103 4602 factum

531 4651 672 4690 esse.
700 4634 840 4702 Quid
870 4644 1049 4691 autem
1082 4638 1310 4692 ulterius
1361 4638 1562 4693 ﬁebat?
1591 4648 1741 4694 certe
1789 4638 1983 4708 gladiis
2014 4654 2105 4693 ar-

531 4738 709 4783 matus
748 4730 927 4783 stabat
966 4731 1256 4794 exercitus,
1308 4742 1536 4786 mortem
1589 4732 1867 4785 intentans
1913 4730 1969 4784 in
2002 4729 2108 4784 cir-

531 4822 679 4876 cuitu
708 4821 913 4876 vocatis
938 4822 993 4875 in
1021 4822 1313 4894 judicium,
1344 4824 1437 4893 qui
1479 4824 1688 4878 interea
1741 4837 1843 4876 nec
1891 4822 2106 4878 hiscere

531 4930 635 4969 nec
660 4929 846 4969 vocem
876 4914 1075 4970 eﬂ‘erre
1107 4916 1409 4983 audebant;
1431 4932 1540 4985 quo
1587 4923 1754 4979 statu,
1788 4914 1854 4969 ad
1884 4928 1976 4969 sex
2014 4922 2107 4969 aut

533 5022 728 5061 novem
762 5008 927 5063 etiam
952 5008 1118 5063 horas
1138 5007 1641 5077 circumsepientes,
1673 5006 1823 5061 nulla
1857 5007 2107 5062 satietate

535 5099 857 5154 tenebantur
913 5099 1272 5155 insolescendi
1317 5098 1759 5167 lasciviendique,
1804 5097 1936 5169 quin
1977 5112 2109 5153 con-

534 5191 770 5246 tumeliis
801 5201 1066 5263 perpetuo
1112 5192 1476 5246 incesserent.
1533 5190 1747 5245 Interea
1801 5191 2109 5261 prodigiose

533 5282 702 5336 multa
726 5284 1172 5346 ostendebantur,
1202 5288 1456 5350 tanquam
1486 5282 1540 5335 in
1572 5296 1734 5337 scena
1764 5283 2106 5354 perageban-

535 5382 624 5427 tur
665 5382 838 5439 actus,
896 5374 1142 5428 barbarae
1172 5379 1227 5425 et
1254 5371 1583 5442 blasphemas
1630 5372 1949 5443 legebantur
1988 5374 2109 5443 epi-

536 5464 708 5519 stolae.
745 5465 839 5520 His
868 5465 943 5519 ita
988 5463 1278 5534 expeditis,
1318 5463 1525 5519 tardius
1565 5464 1782 5519 tandem
1834 5465 2110 5521 theatrum

532 5555 881 5624 dimiserunt,
913 5556 1051 5611 nihil
1071 5554 1405 5621 humanitus,
1438 5555 1562 5611 licet
1593 5555 1647 5611 id
1672 5558 2105 5633 praetendebant,

2207 4362 2426 4432 στῆσαι,
2480 4363 2615 4419 ἀλλά
2678 4364 2814 4434 μηδὲ
2866 4366 3203 4435 κατηγορίαν
3249 4361 3370 4417 τινὰ
3424 4361 3788 4431 προενεγκεῖν

2209 4455 2513 4526 ἐξισχῦσαι,
2560 4456 2738 4511 καίτοι
2769 4456 2878 4511 τῶν
2934 4458 3047 4511 ἀνω
3098 4456 3249 4509 κάτω
3279 4454 3586 4523 γινομένων
3610 4471 3625 4482 ·
3651 4454 3788 4523 μήτε

2209 4546 2316 4618 μὴν
2342 4548 2478 4610 ὅλως
2514 4564 2567 4601 τι
2597 4546 2943 4603 αίτιάσασθαι
2968 4564 2983 4578 ·
3011 4548 3060 4600 εί
3099 4546 3217 4600 τόδε
3251 4544 3279 4585 ἀ
3313 4544 3366 4597 τί
3402 4544 3654 4613 γέγονεν,
3699 4544 3791 4595 είε

2210 4637 2285 4709 μὴ
2345 4639 2496 4704 τόδε;
2568 4638 2926 4711 ξηφῄρηταιί
2989 4639 3221 4709 στρατὸν
3282 4636 3642 4708 περιστῆσαι,
3704 4636 3791 4689 τὸν

2208 4730 2433 4784 θάνατον
2455 4732 2568 4795 τοῖς
2604 4732 2863 4803 ἀθληταῖς
2902 4730 3280 4796 ἀνασείοντας,
3312 4729 3455 4783 ὥστε
3478 4729 3621 4799 μηδὲ
3678 4747 3787 4798 φω-

2207 4823 2301 4891 νὴν
2334 4825 2550 4891 ἀφεῖναι
2569 4840 2583 4854 σ
2613 4824 2710 4877 καὶ
2737 4823 2836 4895 τὴν
2870 4824 3060 4877 στάσιν
3083 4823 3269 4886 αὐτοῖς
3295 4822 3379 4891 ἐφ’
3402 4821 3558 4884 ὅλαις
3585 4821 3648 4887 ἓξ
3695 4822 3791 4874 καὶ

2207 4916 2362 4968 ἐννέα
2394 4915 2585 4987 ὥραις,
2617 4911 2706 4969 οἷα
2768 4916 2929 4987 κόρον
2956 4916 3056 4969 οὐκ
3104 4915 3329 4985 ἔχοντας
3385 4912 3792 4981 ὲνασελγαίνειν

2208 5007 2303 5062 καὶ
2330 5008 2544 5079 τρυφᾷν
2581 5006 2760 5060 αὐτῶν
2786 5010 2905 5071 ταῖς
2927 5006 3138 5078 ὕϐρεσι,
3177 5008 3536 5076 παρατεῖναι’
3572 4998 3791 5075 μακρᾶς

2213 5100 2384 5169 ἄλλης
2431 5100 2722 5170 τερατείας
2787 5099 3266 5170 ἐπιδεικνυμένης,
3313 5099 3410 5153 καὶ
3469 5097 3789 5169 δραμάτων,

2210 5192 2400 5263 ὥσπερ
2431 5192 2523 5245 ἐπὶ
2561 5192 2788 5262 σκηνῆς,
2822 5191 2997 5247 ἀλλων
3025 5191 3114 5244 ἐπ’
3138 5191 3320 5253 ἄλλοις
3358 5190 3469 5243 τῶν
3519 5189 3789 5261 βαρϐαριο

2208 5284 2323 5338 κῶν
2365 5284 2458 5338 καὶ
2499 5284 2834 5355 βλασφήμων
2870 5285 3213 5355 γραμμάτων
3254 5284 3630 5337 ἐπεισιόντων.
3667 5282 3794 5335 Ἐπὶ

2209 5376 2269 5431 δὲ
2292 5376 2524 5443 τούτοις,
2557 5377 2617 5430 τὸ
2646 5376 2873 5448 θέατρον
2918 5376 3147 5439 λύοντας
3177 5375 3275 5445 ὀψὲ
3316 5375 3412 5432 καὶ
3470 5376 3650 5445 μόλις,
3681 5376 3795 5429 τῶν

2212 5468 2567 5539 ἀνθρωπίνων
2594 5469 2694 5540 μὲν
2727 5468 2867 5532 ὅλως
2895 5469 3070 5533 οὐδὲν,
3117 5468 3221 5522 κᾶν
3258 5467 3393 5537 γοῦν
3424 5469 3484 5522 ἐν
3529 5470 3794 5540 σχήματι,

2215 5559 2350 5635 μήτε
2384 5558 2595 5628 πρᾶξαι
2658 5558 2795 5629 μήτε
2848 5557 3233 5628 φθέγξασθαισ
3274 5556 3469 5629 ὥσπερ
3507 5556 3567 5611 δὲ
3627 5574 3796 5627 κορυ-

1819 5738 2053 5795 VARUS
2095 5736 2499 5793 LECTIONES.

606 5905 641 5943 ι
680 5892 1149 5967 ὑηρεκπλήττου.
1224 5892 1251 5936 δ
1285 5893 1447 5966 ἔχειν.

1530 5909 1555 5937 ο
1593 5898 1914 5971 κατήγορον.
1991 5897 2017 5939 ά
2050 5892 2188 5951 εἶτα.

2272 5909 2292 5937 ε
2326 5897 2380 5968 ῆι
2464 5895 2482 5936 τ
2512 5896 2713 5967 ξιφήρη
2746 5912 2825 5950 τε·
