4080 6404
258 492 360 552 893

1402 494 1761 553 EPISTULA
1771 491 1936 551 RUM
1977 490 2204 550 LIBER
2242 490 2325 550 II.

3390 490 3493 555 894

254 597 584 662 ϐαντιῶντας
635 600 725 653 καὶ
757 601 1229 672 βεϐακχευμένους
1278 604 1435 675 τορόν
1470 622 1520 657 τι
1551 605 1645 657 καὶ
1699 602 1818 654 διωο

1933 615 2019 655 ιεο
2054 616 2177 655 aetu
2209 614 2308 654 nec
2347 612 2481 653 voce
2510 597 2804 664 facientes;
2834 613 2934 654 nec
2968 599 3319 671 corybantum
3344 614 3495 655 more

251 688 432 758 λόγιον
462 691 785 761 ἀνακράξαι,
818 693 892 756 ὡς
930 693 1119 763 Ἡμεῖς
1156 694 1278 749 οὔτε
1304 695 1510 766 κρίνειν
1554 691 1813 763 συνήλθο-

255 796 374 851 μεν,
410 778 533 833 οὔτε
565 782 825 851 κρίνομεν
850 783 993 853 ὑμᾶς
1016 799 1028 813 ⁸
1066 786 1168 857 ἢδη
1222 787 1333 856 γὰρ
1377 785 1814 856 κατεκρίναμεν*

252 872 342 925 καὶ
363 872 480 925 δέον
537 874 785 944 στέργειν
832 876 929 946 τὴν
984 881 1331 950 κατάκρισιν.
1381 877 1552 931 Τοῦτο
1607 878 1670 945 δὴ
1702 874 1816 941 οὖν,

248 962 403 1016 τοῦτο
446 962 508 1016 τὸ
549 963 727 1029 ἄθεον,
762 965 857 1020 καὶ
896 968 1267 1038 ἀναίσχυντον,
1321 968 1416 1022 καὶ
1467 967 1820 1037 ἀνιστόρητον

250 1054 523 1125 τόλμημα,
580 1056 629 1109 εί
679 1057 775 1109 καὶ
832 1058 1015 1123 πάσας
1074 1060 1346 1114 Ἰουδαίων
1408 1059 1631 1129 τόλμας,
1688 1058 1821 1120 ὅσας

250 1144 397 1214 ἥλιος
429 1147 609 1200 ἐπεῖδε
640 1149 735 1202 καὶ
764 1148 958 1221 σελήνη
1006 1152 1366 1225 συνέκρυψεν,
1424 1151 1781 1223 ἀπεκρύψατο
1801 1166 1818 1182 ·

250 1238 471 1293 καὶτῶν
494 1239 767 1311 ἀθεότητα
794 1244 1167 1314 νενοσηκότων
1210 1243 1479 1315 Ἐλλήνων
1518 1244 1577 1297 τὸ
1606 1241 1822 1305 ἀναιδὲς

252 1330 518 1402 ὑπερέσχε
540 1333 631 1387 καὶ
655 1336 972 1405 παράνομον
990 1376 1005 1399 ,
1031 1336 1125 1389 καὶ
1143 1337 1434 1408 βαρϐάρων
1462 1337 1582 1389 ὅποι
1600 1335 1702 1404 γῆς
1718 1336 1821 1387 εἰσι

252 1424 314 1477 τὺ
368 1426 596 1495 μανικὸν
663 1427 1029 1500 ὑπερεϐάλετο
1086 1430 1178 1482 καὶ
1241 1429 1629 1501 ἐμϐρόντητον.
1680 1426 1822 1479 Ἀλλ’

252 1509 344 1569 οὖν
375 1516 541 1587 μηδὲν
596 1516 770 1588 τούτῳ
823 1520 1353 1589 καταπεπληγμένος
1384 1520 1495 1583 ἔσο,
1552 1519 1686 1590 μηδὲ
1713 1519 1823 1571 τῶν

252 1606 409 1661 θείων
438 1609 534 1663 καὶ
565 1609 745 1677 σοφῶν
774 1611 1057 1681 κριμάτων
1086 1611 1368 1680 ἀλόγιστος
1396 1629 1481 1673 τις
1502 1615 1612 1674 τοῖς
1667 1609 1825 1680 λογι-

255 1704 409 1770 σμοῖς
471 1704 957 1773 συμπαρεισδυέτω
1005 1703 1223 1775 μῶμος·
1266 1704 1341 1767 ὡς
1366 1704 1540 1773 ἔγωγε
1588 1702 1825 1769 τοσούτῳ

250 1790 350 1843 δέω
373 1791 588 1853 τούτοις
632 1794 1036 1866 ἐκπεπλῆχθαι,
1080 1796 1177 1849 καὶ
1231 1796 1295 1848 σὺ
1335 1794 1451 1865 μετ’
1490 1794 1669 1863 ὀλίγον
1706 1787 1825 1846 οῖδα

254 1884 529 1954 συνήσεις.
563 1885 728 1939 Ὥστε
755 1885 1089 1951 τούναντίον,
1124 1888 1173 1939 εί
1222 1886 1318 1940 καὶ
1372 1884 1677 1955 παράδοξόν
1712 1901 1823 1937 τισι

1920 701 1974 747 et
2027 691 2409 747 bacchantium
2471 690 2685 745 fortiter
2737 702 2791 745 et
2832 692 3133 747 inconsone
3204 692 3494 755 eboahant,

1920 785 2149 851 scilicet,
2180 783 2290 839 Nos
2319 784 2428 839 huc
2455 799 2567 838 non
2593 783 2942 849 accessimus,
2999 794 3061 839 ut
3108 786 3248 839 hanc
3278 799 3497 839 causam

1920 890 2373 947 cognosceremus
2401 894 2413 929 :
2441 874 2536 930 sed
2566 890 2668 929 nec
2690 875 2761 931 de
2782 877 2935 931 vobis
2955 877 3218 946 judicium
3242 876 3493 942 fecimus;

1920 968 2403 1024 condemnavimus
2447 967 2593 1023 enim
2634 967 2981 1037 jampridem,
3030 976 3085 1021 et
3147 968 3238 1021 illa
3285 968 3493 1022 conde-

1921 1061 2198 1115 mnatione
2228 1060 2347 1115 sitis
2369 1060 2634 1114 contenti.
2670 1057 2787 1114 Hoc
2817 1058 3020 1127 itaque,
3078 1059 3201 1124 hoc,
3248 1059 3497 1128 inquam,

1924 1150 2172 1222 impium,
2197 1151 2505 1221 impudens,
2541 1150 2691 1205 nulla
2726 1149 2953 1204 historia
2981 1159 3335 1204 memoratum
3368 1149 3502 1203 faci-

1923 1257 2049 1306 nus,
2092 1240 2344 1296 Judaicas
2377 1255 2570 1295 omnes
2624 1240 2883 1295 audacter
2916 1248 3261 1311 perpetratas
3307 1240 3501 1309 nequi-

1926 1333 2048 1397 tias,
2080 1348 2216 1402 quas
2242 1331 2322 1387 sol
2358 1332 2445 1387 vel
2475 1331 2630 1399 vidit,
2662 1332 2748 1387 vel
2780 1331 3066 1387 abscondit
3092 1332 3244 1396 luna,
3281 1330 3501 1385 silentio

1924 1424 2193 1480 involvit:
2227 1424 2323 1479 sed
2391 1432 2447 1478 et
2502 1439 2835 1495 paganorum
2876 1424 3173 1478 atheismos
3224 1432 3279 1478 et
3320 1423 3501 1492 impu-

1926 1517 2166 1572 dentiam
2201 1516 2458 1580 excessit,
2494 1515 2743 1587 exlegum
2779 1524 2832 1570 et
2858 1516 3213 1571 barbarorum
3238 1522 3503 1585 quotquot

1927 1609 2128 1678 ubique
2181 1604 2424 1681 gentium
2470 1615 2598 1662 sunt
2647 1609 2858 1663 furores
2892 1618 2948 1663 et
2993 1609 3233 1662 insanias
3276 1618 3397 1677 post
3442 1624 3501 1661 se

1928 1701 2167 1770 reliquit.
2216 1700 2333 1755 Noli
2365 1710 2547 1755 tamen
2604 1699 2724 1753 istis
2769 1700 3130 1764 consternari,
3174 1715 3276 1753 nec
3314 1700 3380 1752 de
3415 1714 3502 1752 sa-
3595 1733 3605 1744 α

1927 1793 2201 1862 pientibus
2217 1790 2654 1861 divinisjudiciis
2672 1790 2914 1844 animum
2940 1801 3091 1845 tuum
3118 1790 3504 1844 irrationabilis

1929 1882 2503 1953 subeatcogitatio,vcl
2530 1880 2992 1945 obmurmuratio;
3014 1881 3173 1950 longe
3194 1896 3291 1950 ego
3313 1880 3505 1939 absum

250 1950 383 2039 δόξω
431 1974 635 2043 λέγειν,
695 1977 760 2029 ὲκ
803 1975 1010 2029 τούτων
1066 1950 1299 2045 μάλιστα
1369 1950 1471 2045 τῆς
1539 1974 1689 2036 θείας
1730 1975 1826 2027 καὶ

1933 1984 1990 2029 ιιι
2018 1974 2134 2029 istis
2164 1950 2470 2044 perculiar;
2519 1983 2574 2029 et
2604 1984 2681 2037 tu,
2715 1988 2824 2027 non
2873 1972 3083 2035 dubito,
3133 1971 3388 2039 deinceps
3433 1971 3505 2023 ita

251 2064 563 2136 ὑπερφυοῦς
591 2068 852 2138 προνοίας
877 2067 1146 2137 ἀλάθητόν
1174 2085 1234 2120 τε
1271 2066 1370 2121 κοιλ⁸
1414 2065 1824 2119 πανεπίσκοπον

251 2156 668 2227 ὲνεργεστάταις
724 2158 837 2229 ὁρῶ
888 2160 1237 2230 μαρτυρίαις.
1299 2157 1424 2220 Πῶς
1467 2157 1530 2228 δὴ
1565 2158 1658 2208 καὶ
1705 2154 1824 2208 τίνα

253 2249 489 2319 τρόπον;
529 2250 651 2303 ’Ότι
699 2252 797 2320 τῆς
847 2250 1181 2321 κρατούσης,
1232 2248 1375 2303 κατὰ
1417 2248 1527 2301 τῶν
1592 2245 1823 2312 πιστῶν,

252 2340 442 2412 ὀργῆς,
466 2342 583 2395 ἀνθ’
615 2336 690 2399 ὧν
716 2344 964 2414 αἱμάτων
1017 2342 1267 2414 καθαράς
1301 2342 1414 2408 καὶ,
1441 2341 1694 2410 γλώσσας
1731 2340 1826 2393 atat

251 2431 476 2502 γνώμας
497 2433 958 2502 ὲφύλαξαν,οὑτω
1011 2434 1156 2504 μέγα
1205 2433 1300 2486 καὶ
1356 2430 1492 2502 βαρὺ
1530 2431 1823 2500 πνεούσης,

250 2524 466 2596 καὶτῆς
499 2527 598 2596 μὲν
628 2526 889 2598 ἀληθείας
923 2528 1058 2580 πᾶσι
1092 2526 1317 2597 τρόποις
1351 2523 1824 2596 ὲπηρεαζομένης,

249 2614 342 2667 τοῦ
378 2615 607 2685 ψεύδους
629 2617 686 2669 δὲ
706 2617 982 2689 λαμπρῶς
1010 2614 1531 2688 παρρησιαζομένου
1555 2631 1571 2646 ⁶
1612 2614 1707 2668 καὶ
1729 2614 1826 2683 τῆς

250 2704 352 2774 μὲν
390 2706 609 2776 ἀνιέρου
664 2705 873 2778 τόλμης
926 2708 1107 2760 πᾶσαν
1148 2707 1349 2777 πρᾶξιν
1388 2706 1480 2761 καὶ
1536 2705 1694 2773 λόγον
1730 2704 1825 2757 καὶ

250 2797 460 2864 κίνημα
490 2797 708 2867 πικρῶς
731 2798 1322 2870 πολυπραγμονούσης,
1361 2799 1472 2852 τῶν
1499 2796 1740 2850 εὐσεϐῶν
1770 2796 1828 2849 δὲ

249 2889 362 2949 τοῖς
406 2889 707 2958 ὁρωμένοις
750 2890 912 2959 μόνον
952 2891 1463 2959 ὲπιστυγναζόντων
1486 2932 1500 2957 ,
1554 2890 1649 2943 καὶ
1692 2890 1827 2959 πρὸς

250 2981 341 3031 τὸν
362 2981 461 3049 τῆς
478 2979 634 3051 δίκης
658 2980 937 3052 ὀφθαλμὸν
961 2981 1118 3053 ὄμμα
1155 2999 1217 3035 τε
1259 2981 1354 3036 καὶ
1389 2984 1579 3052 χεῖρας
1606 2982 1823 3034 ἀνατει-

253 3070 487 3123 νόντων’
536 3073 632 3125 καὶ
692 3072 801 3126 τῶν
852 3074 951 3144 μὲν
1002 3074 1351 3143 συκοφάντας
1395 3076 1491 3128 καὶ
1543 3073 1830 3145 μάρτυρας

257 3160 790 3233 περιεργαζομένων,
838 3165 1049 3218 πολλῶν
1078 3166 1135 3219 δὲ
1180 3165 1487 3236 ζητούντων
1544 3167 1610 3236 τῇ
1668 3164 1830 3219 δυνα-

258 3256 409 3327 στείᾳ
425 3258 758 3328 χαρίσασθαι
778 3258 871 3312 καὶ
892 3260 995 3313 καθ
1014 3260 1027 3280 ’
1048 3259 1241 3328 ἡδονὴν
1263 3258 1627 3333 ὑπηρετῆσαι,
1644 3255 1829 3310 πλείο-

256 3363 344 3412 νος
370 3350 425 3402 δὲ
473 3350 637 3421 φόϐου
689 3352 784 3404 καὶ
818 3351 1071 3414 θανάτου,
1109 3349 1253 3403 κατὰ
1291 3350 1506 3403 πάντων
1542 3350 1650 3402 τῶν
1690 3348 1831 3419 ὑπὲρ

255 3438 512 3509 ἀληθείας
556 3441 737 3509 λέγειν
775 3459 827 3494 τι
859 3441 1217 3512 βουλομένων,
1276 3439 1701 3510 ἐπικεχυμένου.
1758 3438 1832 3491 Τὸ

257 3531 384 3598 γοῦν
428 3533 702 3587 τοσούτων
735 3535 938 3598 αὑτοῖς,
989 3534 1083 3587 καὶ
1121 3532 1301 3603 πολλῷ
1335 3533 1599 3586 πλειόνων
1638 3531 1836 3584 πλεον-

256 3624 585 3694 εκτημάτων
647 3625 1177 3696 συγκεχωρημένων,
1199 3624 1539 3695 ὲξαπορῆσαι
1567 3624 1666 3694 μὲν
1694 3622 1834 3686 ὅλως

256 3715 575 3785 γράψασθαί
612 3733 734 3770 τινα
759 3714 1001 3786 γραφὴν,
1036 3714 1377 3786 ὲξαπορῆσαι
1396 3715 1453 3768 δὲ
1485 3713 1834 3785 γραφόμενον

258 3808 567 3877 παρασχεῖν
589 3822 604 3838 ο
628 3806 723 3859 καὶ
751 3808 890 3878 μήτε
921 3807 1066 3870 τινδς
1090 3807 1286 3877 ἐπικλή
1296 3823 1464 3878 ματος
1486 3804 1631 3859 κατά
1669 3803 1833 3876 μηδε-

256 3898 343 3961 νὸς
395 3898 513 3953 τῶν
561 3899 731 3967 ἁγίων
785 3898 1042 3971 μάρτυρα
1092 3899 1469 3969 παραστῆσαι,
1511 3896 1648 3951 ἀλλά
1697 3897 1832 3968 μηδὲ

257 3988 597 4062 βαρϐαρικοῦ
630 3990 915 4061 κριτηρίου
944 3991 1078 4061 μηδὲ
1100 3992 1292 4062 σχῆμα
1318 3988 1539 4059 ἰσχῦσαι
1568 3986 1829 4058 φυλάξαι,

255 4080 366 4135 ἀλλ’
387 4082 567 4144 οὑτως
587 4081 828 4152 αἰσχρῶς
846 4098 906 4133 τε
930 4082 1024 4135 καὶ
1050 4082 1495 4149 καταγελάστως,
1522 4079 1617 4134 καὶ
1649 4079 1836 4149 πλήρη

254 4173 649 4246 ἀσχημοσύνης
694 4175 790 4227 καὶ
837 4173 1101 4245 αἰσχύνης
1153 4172 1511 4239 ἀπαλλάξαι,
1566 4171 1686 4235 πῶς
1735 4171 1836 4224 οὑκ

257 4264 400 4321 ἔστιν
474 4266 901 4339 ὲναργεστάταις
953 4266 1051 4319 καὶ
1123 4266 1562 4338 ἀναμφηρίστοις
1618 4265 1837 4318 πίστεσι

256 4354 438 4413 λαϐεῖν
476 4359 577 4429 τῆς
608 4359 790 4413 πάντα
830 4357 1010 4428 σοφῶς
1043 4358 1419 4429 περιεπούσης
1453 4356 1710 4429 προνοίας
1739 4357 1838 4421 τὰς

256 4449 582 4517 ἀποδείξεις,
610 4453 704 4504 καὶ
724 4452 806 4505 ὅτι
832 4453 981 4504 ἐστὶν
1000 4450 1112 4516 ἀεὶ,
1170 4450 1264 4503 καὶ
1289 4451 1314 4489 Β
1362 4449 1454 4502 τὸν
1494 4448 1838 4519 ἀνθρώπινον

258 4542 379 4597 νοῦν
418 4543 687 4608 πολλάκις
727 4543 1097 4616 ὑπολανθάνῃ,
1156 4541 1540 4613 συμπροιοῦσά
1571 4558 1657 4605 τις
1695 4542 1834 4613 αὑτῇ

1929 2067 2153 2121 allectus
2169 2067 2297 2122 eris.
2317 2067 2397 2120 Ex
2423 2066 2674 2127 adverso,
2696 2080 2796 2133 ego
2810 2064 3015 2133 potius.
3034 2065 3161 2118 licet
3176 2062 3509 2133 paradoxum

1930 2159 2114 2214 videar
2137 2158 2456 2227 quibusdam
2473 2159 2676 2222 dicere,
2692 2157 2760 2211 ab
2791 2156 2909 2211 istis
2930 2158 3002 2211 ita
3027 2157 3213 2228 gestis,
3243 2156 3437 2210 divinae
3453 2164 3511 2210 et

1930 2256 2182 2303 naturam
2204 2248 2638 2302 transcendentis
2671 2246 3023 2317 providentia:
3072 2246 3507 2316 inexplicabilem

1931 2348 1985 2395 et
2011 2338 2191 2393 omnia
2222 2344 2638 2408 permanentem
2695 2351 2906 2402 curam,
2948 2350 3013 2390 ex
3043 2335 3393 2405 priscissimis
3429 2345 3510 2389 tc-

1932 2425 2202 2482 stimoniis
2234 2424 2607 2480 conﬁrmatam
2634 2426 2817 2480 video.
2860 2423 3146 2491 Quomodo
3167 2426 3385 2479 autem?
3416 2425 3513 2477 Ni-

1931 2519 2133 2573 mirum
2158 2534 2282 2572 cum
2311 2534 2501 2573 eorum
2525 2519 2618 2588 qui
2650 2534 2772 2573 cum
2798 2519 3030 2589 imperio
3054 2525 3203 2582 sunt,
3227 2516 3512 2571 iracundia

1933 2610 2070 2664 adeo
2098 2609 2333 2680 graviter
2356 2617 2412 2663 et
2439 2608 2495 2663 in
2536 2609 2864 2665 immensum
2910 2608 3278 2662 inllammetur
3319 2614 3512 2661 contra

1932 2702 2142 2767 ﬁdeles,
2168 2717 2234 2757 eo
2261 2703 2406 2771 quod
2433 2717 2464 2756 a
2484 2702 2748 2774 sanguine
2774 2716 2942 2772 puras
2980 2700 3195 2771 linguas
3223 2708 3276 2753 et
3300 2708 3514 2753 mentes

1934 2795 2311 2852 conservarint
2362 2814 2375 2850 :
2435 2809 2673 2863 cumque
2716 2793 2918 2849 veritas
2962 2801 3041 2848 tot
3084 2790 3261 2847 modis
3310 2791 3513 2861 injuria

1934 2884 2199 2939 afﬁciatur
2241 2900 2256 2938 :
2304 2884 2651 2939 mendacium
2702 2882 2989 2953 splendido
3048 2881 3202 2935 cultu
3244 2890 3457 2951 prostet
3494 2897 3511 2935 :

1935 2989 2171 3044 cumque
2222 2972 2388 3043 impia
2439 2972 2666 3027 audacia
2716 2986 2936 3027 omnem
3003 2978 3207 3034 actum,
3260 2970 3511 3033 verbum.

1936 3074 2145 3122 motum
2174 3065 2425 3120 acerbius
2455 3063 2724 3133 exagitet;
2758 3061 3010 3117 homines
3042 3061 3118 3130 pii
3150 3060 3234 3115 his
3257 3059 3386 3115 visis
3410 3060 3515 3115 soli

1936 3159 2316 3229 ingemiscant,
2350 3165 2405 3211 et
2427 3158 2494 3210 ad
2525 3154 2714 3225 judicii
2743 3152 2987 3220 oculum,
3032 3152 3239 3206 lumina
3288 3165 3515 3206 manus-

1936 3264 2044 3319 que
2064 3248 2377 3303 extendant.
2412 3247 2658 3315 Cumque
2698 3244 2787 3300 alii
2832 3243 3196 3315 sycophantas
3228 3241 3428 3297 adeant
3455 3251 3516 3297 ut

1936 3341 2351 3398 accommodent
2384 3338 2787 3403 testimonium;
2819 3338 2974 3391 multi
3006 3336 3374 3406 potestatibus
3393 3350 3516 3406 gra-

1938 3433 2131 3488 tiﬁcari
2167 3431 2392 3501 cupiant
2431 3438 2487 3484 et
2532 3429 2599 3484 ad
2632 3429 2891 3499 placitum
2924 3426 3319 3490 ohsecundari;
3354 3426 3517 3481 timor

1936 3541 2046 3579 non
2074 3525 2289 3587 unicus,
2318 3538 2422 3576 nec
2450 3537 2599 3576 mors
2621 3520 2911 3591 singularis
2954 3519 3259 3573 intentetur
3306 3516 3374 3571 iis
3405 3517 3514 3571 cir-

1935 3616 2237 3682 cumfusus,
2266 3615 2358 3685 qui
2390 3630 2493 3685 pro
2525 3614 2754 3669 veritate
2808 3612 3061 3682 proloqui
3100 3610 3365 3680 cupiunt:
3390 3624 3517 3663 cum

1935 3717 2018 3765 tot
2050 3718 2111 3763 ut
2135 3709 2209 3763 illi
2243 3708 2498 3773 audeant,
2529 3716 2585 3761 et
2629 3707 2744 3760 haec
2800 3705 2980 3775 plura,
3014 3704 3354 3766 tolerantur;
3388 3717 3515 3755 cum

1937 3801 1993 3855 hi
2025 3816 2133 3855 non
2184 3800 2423 3855 habeant
2470 3798 2557 3853 vel
2598 3797 2836 3851 litteram
2882 3794 3156 3849 scribendi
3202 3792 3517 3847 facultatem

1936 3903 2275 3952 concessam,
2307 3895 2403 3941 aut
2428 3885 2475 3942 si
2498 3885 2819 3955 scripserint
2841 3882 3173 3945 exhibendi;
3205 3898 3330 3938 cum
3354 3898 3517 3937 nemo

1939 3978 2094 4033 testis
2115 3978 2489 4046 cujuscunque
2520 3974 2765 4030 criminis
2809 3974 2867 4028 in
2905 3984 3125 4029 sanctos
3163 3972 3516 4043 producatur,

1938 4085 2062 4126 cum
2084 4085 2187 4126 nec
2214 4068 2483 4124 barbarici
2506 4067 2695 4138 judicii
2729 4066 2906 4122 forma
2926 4075 2983 4122 et
3011 4080 3303 4137 processus
3323 4065 3516 4120 obser—

1937 4171 2118 4227 vetur,
2168 4161 2265 4216 sed
2291 4170 2399 4216 tam
2445 4160 2763 4230 pudendum
2811 4159 2869 4213 in
2917 4159 3138 4214 modum
3180 4168 3237 4213 et
3267 4157 3515 4221 ridicule,

1940 4264 2048 4309 tam
2085 4255 2206 4308 sine
2231 4252 2442 4322 pudore
2500 4260 2554 4305 et
2574 4251 2837 4305 modestia
2859 4251 3198 4306 dissolvatur.
3231 4250 3516 4317 Quomodo

1939 4361 2050 4399 non
2097 4342 2568 4399 manifestissimas
2618 4343 3117 4397 demonstrationes
3163 4342 3287 4397 inde
3339 4342 3515 4396 dedu-

1939 4454 2147 4502 cemus,
2174 4446 2227 4491 et
2258 4434 2748 4506 inexpressissimis
2795 4442 2852 4488 et
2898 4433 3139 4488 indubiis
3186 4431 3516 4487 testimoniis

1940 4528 2267 4598 arripiemus
2304 4525 2745 4582 commendatam
2770 4524 2916 4579 illam
2956 4525 3195 4581 divinam
3228 4524 3517 4593 providen-

260 4637 501 4708 τιμωρὸς
536 4636 684 4708 δίκη,
712 4636 1018 4701 κολάζουσα
1038 4614 1135 4706 μὲν
1155 4634 1282 4696 τοὺς
1302 4632 1643 4698 ἀδικοῦντας,
1670 4649 1829 4703 τιμωι

1947 4623 2093 4685 tiam,
2148 4634 2270 4690 qua:
2327 4618 2582 4673 universa
2639 4618 2986 4688 amplectitur
3030 4631 3155 4671 cum
3211 4614 3513 4684 sapientia;

264 4726 430 4795 ροῦσα
484 4730 541 4783 δὲ
589 4730 683 4784 καὶ
728 4729 1019 4798 ἐπίκουρος
1067 4730 1180 4790 τοῖς
1226 4723 1604 4795 ἀδικουμένοις
1644 4724 1782 4778 οὖσα
1820 4741 1835 4791 ;

262 4820 337 4872 At‘
359 4818 427 4895 ἧς
462 4822 559 4876 καὶ
602 4822 697 4875 νῦν
724 4822 850 4883 τοὺς
883 4819 985 4891 μὲν
1019 4819 1304 4890 ὑϐριστὰς,
1356 4819 1535 4871 καίτοι
1579 4817 1840 4883 δόξαντας

263 4907 548 4985 λαμπροὺς
567 4916 625 4967 ὲν
661 4912 739 4983 τῷ
786 4913 1071 4983 τυραννεῖν
1144 4912 1241 4963 καὶ
1281 4909 1700 4980 περιϐλέπτους,
1756 4912 1843 4963 ai-

269 5003 472 5078 σχύνης
532 5006 626 5059 καὶ
687 5006 909 5073 ἀτιμίας
948 5003 1275 5075 ὲπλήρωσε’
1322 5002 1451 5064 τοὺς
1480 5001 1538 5054 δὲ
1580 4999 1838 5071 ἀθλητὰς,

269 5099 471 5169 καίπερ
498 5098 569 5151 τά
596 5097 800 5167 ἔσχατα
845 5095 1075 5166 πάσχειν
1106 5092 1485 5163 νομισθέντας,
1529 5093 1706 5162 χαρᾶς
1742 5090 1840 5145 καὶ

270 5187 606 5258 εὐφροσύνης
640 5188 924 5256 ἐνέπλησε,
955 5189 1049 5242 καὶ
1076 5187 1330 5257 γλώσσης
1358 5184 1576 5255 ἀπάσης
1597 5183 1843 5254 διηνεκέ-

273 5290 354 5329 σιν
384 5278 683 5350 εὐφημίαις
702 5316 719 5341 ,
763 5271 851 5351 οἶα
881 5276 945 5348 δὴ
973 5279 1258 5347 στεφάνοις
1295 5274 1702 5346 ἁμαραντίνοις,
1724 5272 1845 5326 ὲκόο

273 5381 449 5437 σμησε
471 5386 485 5400 ·
516 5371 641 5432 τοὺς
673 5368 772 5439 μὲν
794 5367 902 5421 τῶν
949 5370 1175 5434 ἀνοσίως
1203 5369 1386 5430 αὑτοῖς
1412 5365 1841 5436 τετολμημένων

275 5459 339 5512 ἐκ
361 5462 568 5517 τούτων
621 5462 979 5533 ἀπαρχομένη
1040 5464 1142 5525 τάς
1187 5460 1459 5532 τιμωρίας
1517 5459 1839 5530 εἰσπράττε-

276 5549 419 5617 σθαι,
441 5554 534 5606 κα“ι
554 5551 1018 5624 προοιμιαζομένη
1047 5553 1146 5623 τὴν
1170 5551 1379 5605 ἐκεῖθεν
1400 5550 1584 5612 αὑτοῖς
1604 5548 1841 5618 ἀπαραίο

276 5656 433 5714 τητον
464 5645 789 5718 ἀθλιότητα·
847 5648 957 5710 τοῖς
991 5644 1048 5699 δὲ
1096 5645 1204 5699 τῶν
1250 5643 1426 5698 ἄθλων
1473 5640 1838 5713 ἀμειϐομένη,

1936 4714 2188 4785 quodque
2212 4712 2288 4766 illi
2313 4711 2456 4766 adsit
2488 4726 2725 4782 semper,
2760 4712 2885 4766 licet
2911 4726 2971 4766 se
2996 4709 3235 4763 latenter
3275 4716 3513 4770 exserat.

1938 4816 1994 4863 et
2023 4807 2317 4861 humanam
2346 4812 2588 4859 mentem
2622 4818 2729 4857 non
2759 4801 2976 4863 aﬁiciat.
3023 4814 3130 4853 una
3160 4807 3345 4853 tamen
3390 4812 3516 4866 pro-

1938 4897 2142 4952 cedens
2184 4896 2349 4950 ultrix
2398 4894 2625 4965 iustitia,
2670 4906 2790 4961 quae
2839 4888 3168 4959 supplicium
3226 4894 3413 4958 eroget
3458 4886 3515 4939 in

1937 4989 2193 5058 injustos,
2222 4988 2423 5043 vindex
2449 4986 2592 5041 adsit
2637 4994 2692 5039 et
2716 4980 3022 5037 auxiliatrix
3049 4979 3246 5052 injuria
3280 4977 3511 5034 allectis.

1941 5080 2044 5137 Per
2073 5082 2213 5135 hanc
2245 5094 2402 5135 suam
2451 5077 2871 5149 providentiam,
2914 5076 3058 5131 Deus
3105 5074 3269 5130 etiam
3320 5081 3517 5128 contu-

1940 5176 2195 5232 meliosos
2214 5173 2353 5238 illos,
2376 5180 2654 5240 utcunque
2683 5167 2969 5222 videantur
2990 5164 3316 5234 splendidati
3351 5179 3506 5218 exer-

1941 5284 2065 5324 cere
2110 5264 2451 5338 tyrannidem
2481 5270 2532 5317 et
2582 5262 2650 5316 ab
2678 5259 2935 5314 omnibus
2955 5254 3251 5319 observati,
3307 5254 3516 5323 pudore

1943 5360 2213 5430 supplevit
2232 5367 2288 5412 et
2311 5356 2580 5411 dedecore
2607 5372 2622 5408 :
2655 5352 3045 5408 certaminibus
3065 5346 3360 5419 expositos,
3393 5344 3518 5397 licet

1944 5452 2123 5507 omnia
2148 5459 2389 5504 extrema
2419 5448 2526 5517 pati
2566 5444 2925 5514 adjudicatos,
2969 5441 3164 5513 gaudio
3207 5434 3437 5505 replevit
3463 5445 3518 5487 et

1946 5541 2331 5604 exsultatione,
2362 5551 2419 5595 et
2444 5540 2688 5594 omnium
2737 5537 3039 5609 linguarum
3068 5524 3520 5601 applausionibus

1946 5632 2416 5701 continuis,veluti
2429 5626 3201 5691 coronisimmarcescibilihus
3213 5617 3523 5682 exornavit;

1561 5800 1795 5858 γΑιιιιΕ
1833 5795 2242 5856 LECTIONES.

349 5911 375 5954 ⁸
404 5914 487 5970 ἷσ.
521 5919 640 5975 κᾶν.
