4080 6440
511 468 619 534 895

1649 465 1906 524 ΡΙΙΟΤΠ
1941 463 2446 524 PATRIARCH/E
2483 463 2593 523 CP.

3668 455 3775 518 896

517 593 572 640 et
588 583 694 636 illis
709 581 928 653 quidem
950 594 1169 652 propter
1195 596 1260 635 ea
1276 594 1396 649 qua:
1427 579 1592 649 impie
1610 589 2012 648 perpetra‘runt,
2035 581 2102 635 ab

2219 582 2296 634 ιαὶ
2321 580 2508 650 ὥσπερ
2539 578 2834 650 appaream
2863 594 2980 630 τινα
3016 571 3417 643 κατατιθεμένη
3462 569 3572 626 τῶν
3622 571 3775 622 ἐκεῖ-

516 675 637 729 istis
671 673 936 743 primitias
970 673 1228 743 quasdam
1260 680 1484 742 apparat
1523 673 1769 741 supplicii
1806 673 2095 735 inferendi,

515 775 571 820 et
619 765 849 820 miserias
877 765 1164 834 aliquando
1203 763 1666 818 inconsolabiliter
1707 765 2086 820 subcundaein

517 857 703 911 futuro
735 857 953 920 saeculo,
986 857 1140 926 quasi
1189 856 1411 924 pramiia
1458 855 1708 924 qnmdam
1765 857 1947 912 struit.
1978 858 2100 913 lstis

519 956 702 1001 autem
747 947 1056 1001 certaminis
1109 956 1265 1017 parat
1297 946 1538 1016 przeniia,
1579 956 1635 1000 et
1681 946 1874 1017 pignus
1921 947 2097 1016 quod-

525 1040 648 1093 dam
683 1038 1105 1108 depositumque
1147 1039 1389 1108 disponit
1416 1038 1836 1114 retributionum
1866 1037 1918 1091 in
1948 1037 2100 1091 caelis

524 1127 960 1193 indicendarum,
987 1139 1042 1184 et
1067 1129 1339 1184 felicitatis
1377 1137 1593 1183 aeterna:
1615 1143 1679 1182 ac
1703 1127 1931 1182 multum
1959 1127 2097 1182 desi-

524 1219 742 1274 derata}.
780 1218 958 1275 Habes
1005 1220 1100 1284 ita,
1127 1220 1344 1290 opinor,
1384 1219 1691 1289 perspicue,
1740 1219 1812 1272 ita
1858 1227 1916 1273 ut
1959 1219 2097 1272 nihil

524 1311 709 1366 varius
742 1311 966 1366 omnino
992 1311 1233 1376 dubites,
1265 1311 1593 1365 admirandae
1637 1319 1691 1365 et
1723 1320 1974 1364 naturam
2001 1327 2099 1364 ex-

527 1401 772 1456 cedentis
825 1401 1178 1472 providentiae
1223 1400 1607 1455 inobliviosum
1647 1410 1702 1455 et
1739 1402 2099 1471 omniscium;

526 1507 648 1561 qua:
679 1491 815 1561 ipsa,
847 1493 1007 1546 etiam
1042 1493 1096 1547 in
1123 1493 1308 1556 rebus,
1332 1493 1400 1546 ab
1443 1492 1590 1546 omni
1626 1493 1835 1548 ratione
1860 1510 1980 1563 quae
2014 1494 2093 1549 vi-

528 1581 729 1636 dentur
759 1583 1124 1650 alienissima},
1153 1585 1473 1639 abscondita
1507 1585 1738 1655 quadam
1773 1586 1847 1651 vi,
1896 1596 1951 1640 et
2003 1602 2100 1657 po-

530 1682 726 1730 testate
770 1676 1134 1742 ineluctabili,
1174 1677 1452 1747 sapienter
1482 1677 1750 1746 justitiam
1792 1686 1846 1732 et
1894 1678 2103 1732 inomn-

2202 674 2294 726 θεν
2322 674 2578 745 ἀρρήτων
2618 670 2894 734 ἐπάθλων,
2954 669 3046 720 καὶ
3093 667 3194 736 τῆς
3246 663 3622 733 πολυεράστου
3678 664 3778 714 καὶ

2201 765 2374 819 άῖδίου
2441 763 2865 833 μακαριότητος.
2923 761 3129 828 Ἔχεις,
3181 752 3358 828 οἶμαι,
3417 753 3632 825 τρανῶς
3682 755 3778 804 καὶ

2199 856 2351 910 οὐδὲν
2388 853 2750 917 ἐπιδιστάζων
2803 852 2903 922 τῆς
2959 849 3265 942 θαυμασίας
3313 847 3410 900 καὶ
3460 843 3778 918 ὑπερφυοῦς

2201 947 2453 1019 προνοίας
2506 945 2566 998 τὸ
2615 943 2882 1012 ἁλάθητόν
2939 937 3020 994 τῖ’
3051 942 3146 994 καὶ
3193 939 3604 992 πανεπίσκοπον
3628 953 3640 965 ·
3687 937 3783 988 καὶ

2199 1041 2280 1092 ὅτι
2325 1040 2426 1091 κάν
2485 1039 2596 1100 τοῖς
2645 1034 2863 1088 δοκοῦσι
2911 1030 3416 1103 παραλογωτάτοις,
3468 1028 3775 1098 ἀπορρήτῳ

2201 1132 2308 1185 τινί
2337 1134 2432 1184 καὶ
2461 1127 2880 1200 ἀπειροδυνάμῳ
2915 1125 3108 1195 κράτει
3139 1123 3233 1175 καὶ
3265 1121 3428 1191 σοφία
3458 1120 3527 1172 τά
3581 1119 3778 1171 δίκαια

2203 1222 2370 1292 αὐτῆς
2419 1223 2511 1274 καὶ
2543 1220 2760 1293 ἀῤῥεπῆ
2812 1214 3277 1282 συνεπιζευγνῦσα
3301 1213 3562 1282 φυλάττει
3598 1209 3744 1277 ζυγὰ
3767 1248 3784 1269 ,

2203 1316 2394 1385 εἱρμόν
2423 1333 2545 1369 τινα
2583 1316 2726 1368 θεῖον
2755 1315 2810 1366 ἐν
2839 1313 3045 1374 αὐτοῖς,
3080 1309 3174 1364 καὶ
3222 1307 3372 1372 τάξιν
3401 1305 3636 1378 ἀρίστην
3691 1305 3788 1355 καὶ

2205 1403 2494 1474 καλλίστην
2552 1405 2781 1466 ἐνιείσα,
2853 1402 2903 1454 εἰ
2940 1401 3032 1454 καὶ
3074 1401 3188 1461 τοῖς
3228 1395 3593 1467 ἀνθρωπίνοις
3631 1393 3785 1460 λογιο

2206 1498 2363 1564 σμοῖς
2394 1495 2480 1548 διὰ
2507 1494 2665 1565 βάθος
2687 1496 2968 1566 κριμάτων
3020 1490 3445 1560 ἀνεξιχνίαστον,
3475 1487 3569 1539 καὶ
3595 1484 3787 1552 σοφίας

2205 1584 2536 1657 ἀδιεξίτητον
2614 1586 2882 1654 πέλαγος,
2935 1585 3036 1636 οὐκ
3098 1583 3186 1636 ἀεὶ
3250 1580 3464 1649 πέφυκε
3535 1575 3789 1646 γίνεσθαι

2212 1679 2431 1748 ἐφικτά.

533 1770 947 1826 mutabilitatem
973 1787 1126 1826 suam
1157 1773 1394 1842 copulat,
1425 1781 1481 1826 et
1504 1772 1652 1826 librae
1687 1775 1924 1842 pondera
1962 1774 2106 1842 jnsta
2145 1775 2482 1837 statuminat,
2517 1784 2572 1828 et
2627 1772 2866 1827 divinam
2888 1769 3177 1840 quamdam
3209 1767 3404 1821 seriem
3430 1806 3445 1827 ,
3513 1773 3571 1818 et
3595 1774 3796 1818 conca-

533 1863 854 1920 tinationem
882 1865 936 1919 in
968 1867 1133 1920 rebus
1154 1867 1434 1936 optimam,
1496 1868 1740 1922 ordinem
1775 1878 1829 1922 et
1870 1869 2292 1937 pulcherrimum
2316 1869 2632 1932 immittens,
2664 1867 2788 1922 licet
2851 1866 3131 1920 hominum
3197 1860 3502 1916 ratiociniis
3571 1867 3798 1930 propter

529 1957 860 2027 iudiciorum
886 1960 1310 2031 profunditatem
1340 1963 1906 2035 impervestigabilem,
1978 1974 2026 2018 et
2059 1964 2130 2018 ob
2206 1965 2426 2035 pelagus
2477 1979 2585 2017 non
2643 1962 2996 2024 adeundum,
3057 1973 3168 2013 non
3228 1971 3444 2026 semper
3507 1963 3568 2007 ut
3638 1950 3800 2006 obvia

534 2051 869 2124 arripienda.

1063 2165 1282 2223 EPIST.
1323 2168 1585 2223 LXXXV.

893 2260 1083 2312 Acacio
1123 2261 1373 2314 monacho
1425 2272 1473 2315 et
1513 2264 1731 2318 medico.

2831 2164 3054 2218 ΕΙΠΣΤ.
3079 2162 3202 2216 ΠΕ’.

2520 2263 2776 2324 Ἀκακίῳ
2815 2258 3064 2328 μονιιχῷ
3124 2257 3222 2310 καὶ
3279 2256 3473 2324 ἰατρῷ.

1763 2374 2030 2426 Montacut.
2056 2377 2161 2442 (ep.
2184 2375 2293 2437 119,
2315 2390 2363 2440 p.
2389 2375 2522 2437 162).

608 2470 667 2526 Si
690 2470 1016 2542 neutiquam
1027 2471 1319 2543 aliquando
1342 2475 1410 2528 ab
1432 2475 1661 2545 impuris
1701 2477 2110 2548 togitationibus

536 2577 708 2632 purus
747 2563 1019 2627 exstitisti,
1057 2579 1282 2635 prorsus
1308 2581 1508 2620 novum
1549 2576 1632 2621 est
1663 2568 1808 2632 quod
1848 2569 1960 2626 ais.
2007 2585 2113 2626 nec

538 2654 785 2725 lacryma:
823 2655 1186 2726 exprimendae
1206 2670 1326 2726 qua:
1359 2657 1664 2727 aquuent.
1689 2660 1844 2724 Quod
1873 2661 1915 2714 si
1942 2661 2112 2718 fueris

537 2744 824 2813 aliquando
878 2746 1110 2800 mundus
1153 2747 1228 2817 (et
1274 2757 1418 2801 certe
1469 2747 1678 2819 fuisti);
1731 2765 1909 2820 neque
1961 2752 2108 2806 enim

536 2835 858 2890 cmlestibus
881 2837 1134 2892 convenit
1158 2853 1434 2907 nunquam
1466 2839 1759 2910 mundari),
1797 2842 1892 2895 sed
1919 2857 2020 2896 nec
2053 2842 2110 2896 in

2288 2478 2351 2530 Ei
2416 2476 2514 2548 μὲν
2563 2473 2832 2546 μηδέποτε
2903 2469 3130 2539 γέγονας
3209 2469 3446 2536 καθαρὸς
3508 2467 3793 2537 λογισμῶν

2217 2567 2562 2638 ἀκαθάρτων,
2587 2564 2772 2618 καινόν
2800 2582 2852 2617 τι
2883 2562 3083 2630 λέγεις,
3114 2561 3209 2613 καὶ
3237 2561 3298 2612 οὐ
3334 2559 3412 2630 μὴ
3434 2557 3588 2610 ἐστιν
3615 2560 3798 2627 εὑρεῖν

2215 2661 2448 2729 δάκρυον
2473 2657 2750 2722 ἐξισῶσαι.
2778 2656 2840 2708 Ei.
2864 2654 2918 2707 δὲ
2935 2653 3163 2722 γέγονας
3181 2652 3430 2722 (γέγονας
3459 2651 3518 2703 δέ
3549 2651 3794 2711 πάντως·

2214 2754 2274 2806 οὐ
2303 2751 2412 2820 γάρ
2457 2749 2707 2820 οὐράνιον
2737 2747 2798 2800 τὸ
2827 2745 3095 2816 μηδέποτε
3115 2743 3516 2814 καθαρεῦσαι),
3552 2743 3650 2795 καὶ
3694 2743 3796 2794 οὐκ

2215 2844 2282 2898 ἂν
2312 2841 2422 2896 οὐδ’
2449 2843 2528 2905 εἰς
2552 2839 2728 2910 ἔρωτα
2753 2838 2847 2892 νῦν
2871 2841 2971 2908 τῆς
2991 2835 3386 2904 καθαρότητος,
3419 2836 3467 2887 εξ
3528 2834 3605 2904 μὴ
3656 2834 3791 2887 ταὺ-

539 2926 796 2995 prmsenti
826 2927 936 2981 ullo
969 2928 1221 2997 puritatis
1250 2943 1433 2984 amore
1482 2938 1753 2997 tenerere,
1803 2932 1849 2986 si
1895 2947 2003 2986 non
2046 2933 2112 2986 il-

2219 2953 2310 3006 της
2337 2937 2529 3005 πεῖραν
2551 2932 2761 2995 ἔλαϐες,
2789 2927 2952 3001 ἦλθες
2975 2950 2989 2962 ·
3024 2929 3134 2984 οὐδ’
3165 2928 3230 2982 ἂν
3257 2930 3305 2982 εί
3333 2929 3406 3000 μὴ
3440 2927 3790 2997 ἀπηλλάγης,

541 3017 648 3073 lius
703 3019 990 3088 aliquando
1037 3020 1424 3089 experientiam
1477 3022 1736 3090 haberes;
1786 3033 1840 3079 et
1889 3034 2038 3081 certe
2069 3025 2115 3081 si

2219 3031 2319 3084 κᾶν
2347 3030 2438 3082 ἐπὶ
2496 3027 2681 3089 ποσὸν,
2730 3025 2940 3078 ἐκείνου
2992 3024 3086 3076 τοῦ
3132 3023 3326 3094 ῥύπου,
3381 3020 3672 3091 διέϐλεψας
3729 3020 3792 3073 ἂν

545 3124 656 3162 non
691 3109 977 3178 expeditus
1008 3108 1226 3175 fuisses,
1279 3111 1468 3165 saltem
1519 3112 1700 3182 aliqua
1751 3131 1814 3170 ex
1843 3105 2016 3186 parte,
2049 3118 2115 3174 ab

2219 3121 2544 3193 ἐπιζητῆσαι
2575 3119 2601 3159 h
2627 3117 2696 3171 δι’
2724 3116 2850 3171 ὅτου
2884 3118 2950 3171 ἄν
2984 3133 3065 3179 τις
3089 3114 3328 3185 καθαρὸν
3369 3112 3559 3165 ἐαυτὸν
3595 3128 3792 3178 συντη-

547 3199 656 3254 illis
701 3199 984 3267 sordibus,
1033 3201 1176 3256 haud
1229 3201 1708 3272 circumspexisses
1751 3208 2021 3274 quomodo
2061 3223 2115 3262 se

2222 3218 2380 3288 ρὴσῃ.
2425 3213 2580 3266 Ἐπεὶ
2616 3211 2674 3265 δέ
2708 3228 2839 3265 ποτε
2881 3209 3134 3278 γέγονας,
3177 3201 3221 3276 ᾧ
3258 3205 3445 3278 τρόπῳ
3470 3205 3792 3273 γεγένησαι,

551 3306 753 3362 purum
799 3291 921 3362 quis
975 3300 1351 3360 conservaret;
1391 3301 1447 3348 at
1489 3310 1614 3348 cum
1661 3297 1896 3351 mundus
1942 3297 2115 3357 factus

2220 3302 2298 3370 τῷ
2329 3299 2476 3369 αὐτῷ
2501 3299 2677 3368 τούτῳ
2696 3298 2790 3351 καὶ
2820 3297 3094 3366 διατηρεῖν
3118 3295 3339 3347 σεαυτὸν
3388 3293 3446 3344 ἐν
3495 3295 3563 3362 τῇ
3627 3293 3796 3345 καθα·

551 3380 740 3446 fueris,
787 3397 854 3436 eo
888 3383 1049 3437 modo
1087 3398 1196 3452 quo
1239 3383 1310 3436 ita
1369 3382 1544 3438 factus
1576 3386 1813 3450 exsistis,
1855 3403 1921 3441 eo
1969 3398 2020 3443 te
2059 3400 2120 3444 ut

549 3488 841 3529 conserves
886 3475 1144 3530 mundum
1197 3491 1416 3545 Operam
1453 3476 1598 3530 dato.
1632 3477 1816 3533 Oratio
1868 3481 1970 3533 hoc
2025 3482 2120 3536 tibi

550 3566 1004 3630 subministrabit,
1041 3569 1202 3623 modo
1241 3569 1387 3623 illam
1425 3569 1492 3624 ad
1532 3579 1748 3640 tempus
1778 3571 1996 3641 aliquod
2023 3588 2120 3627 ex-

552 3656 812 3712 tenderis.
844 3655 1042 3714 Paulus
1069 3660 1157 3714 ille
1190 3661 1440 3724 divinus,
1472 3678 1559 3717 me
1595 3664 1762 3732 prior,
1797 3664 1892 3718 tibi
1925 3666 2122 3720 exhor-

551 3749 810 3804 tationem
830 3761 1101 3822 suggerat,
1132 3753 1222 3806 ubi
1251 3753 1328 3807 ait
1353 3771 1367 3807 :
1394 3754 1748 3810 Indesinenter
1769 3760 1977 3812 orale’.
2016 3758 2123 3814 Sed

551 3852 607 3899 et
633 3843 974 3898 abstinentiae
1001 3843 1204 3898 donum
1233 3860 1357 3901 cum
1401 3861 1612 3902 summa
1641 3851 1914 3906 custodito
1947 3866 2076 3906 cura
2108 3871 2120 3906 :

549 3931 870 3986 naturaliter
896 3932 1042 3986 enim
1071 3934 1280 3987 accedit
1301 3935 1384 3990 vis
1410 3946 1465 3990 et
1492 3939 1734 4006 potentia
1766 3941 2124 3996 irresistibilis

551 4023 619 4076 ad
644 4021 908 4090 ejusmodi
930 4022 1209 4091 passiones
1240 4027 1626 4084 retundendas.
1667 4028 1774 4084 Sed
1795 4041 1850 4085 et
1869 4032 1934 4085 ad
1963 4032 2126 4088 mise-

553 4113 840 4167 ricordiam
869 4129 995 4184 erga
1019 4115 1322 4187 indigentes
1356 4120 1621 4186 accedito,
1652 4137 1755 4176 nec
1783 4123 1852 4176 ab
1883 4123 1968 4178 illa
1993 4125 2128 4180 velis

551 4203 812 4260 resilire:
863 4221 1077 4261 sacrum
1129 4208 1329 4278 quippe
1375 4211 1555 4265 oleum
1611 4214 1754 4267 istud
1813 4213 1987 4270 facem
2037 4231 2127 4270 ac-

553 4296 740 4352 cendit
810 4297 1179 4364 luculentam,
1232 4301 1575 4366 nperationes
1619 4320 1746 4359 suas
1797 4306 2126 4374 dividendo;

554 4403 679 4442 nam
707 4405 803 4458 per
825 4392 1085 4460 quasdam
1108 4392 1361 4448 incensas
1391 4395 1663 4448 consumit
1692 4397 2005 4466 passiones;
2028 4416 2125 4470 per

553 4480 690 4536 alias
719 4480 988 4536 illuminat
1016 4491 1070 4537 et
1097 4483 1278 4553 dirigit
1319 4482 1374 4536 in
1411 4485 1623 4540 virtutis
1664 4501 1858 4543 currus
1888 4505 2125 4560 gressus.

554 4571 696 4642 Erga
725 4572 864 4636 illos,
899 4572 993 4642 qui
1021 4573 1269 4628 videntur
1315 4575 1370 4628 in
1417 4585 1469 4630 te
1513 4577 1822 4647 deliquisse,
1864 4581 1908 4634 si
1951 4591 2128 4650 potes,

554 4665 666 4720 noli
700 4665 1030 4720 commoveri
1059 4685 1071 4719 :
1108 4666 1190 4720 sin
1217 4668 1273 4720 in
1302 4666 1436 4720 iram
1480 4670 1795 4737 prolabaris.
1847 4674 2129 4728 nihilomi-

553 4771 659 4811 nus
681 4765 806 4811 ante
825 4757 954 4812 solis
981 4772 1235 4812 occasum
1263 4758 1315 4812 in
1346 4767 1400 4813 te
1433 4775 1702 4826 reversus,
1725 4764 1969 4818 absolute
2002 4781 2131 4820 con-

550 4847 688 4902 cede
712 4849 924 4902 veniam
955 4858 1016 4903 ut
1039 4849 1360 4921 simpliciter
1377 4851 1576 4917 dicam,
1608 4854 1752 4909 unde
1786 4855 1879 4908 tibi
1908 4857 2128 4922 accidit,

556 4949 617 4994 ut
667 4956 828 5009 quam
883 4943 1134 5011 expedite
1203 4944 1498 5000 mundatus
1555 4945 1744 5011 fueris,
1805 4947 1929 5001 inde
1981 4949 2132 5004 omni

557 5031 717 5085 modo
750 5032 904 5086 decet
943 5034 1220 5104 indagare,
1282 5051 1383 5089 nec
1426 5037 1692 5091 absistere
1732 5055 1761 5090 a
1814 5040 1937 5093 vitae
1979 5041 2132 5109 puri-

559 5130 713 5177 tate:
776 5123 1016 5193 alioquin
1071 5142 1180 5180 non
1247 5127 1527 5199 continget
1587 5129 1742 5183 facile
1799 5132 2037 5199 quietem
2107 5151 2135 5189 a

557 5213 820 5269 molestiis
855 5217 1102 5285 adipisci,
1153 5219 1249 5274 sed
1278 5229 1374 5273 aut
1406 5236 1502 5288 per
1547 5220 1750 5288 aliquid
1801 5238 1832 5276 e
1889 5226 2138 5292 supradi-

556 5305 680 5373 ctis,
725 5317 821 5362 aut
870 5310 1035 5365 etiam
1085 5313 1284 5382 aliqua,
1352 5311 1396 5365 si
1436 5329 1544 5366 non
1599 5331 1696 5383 per
1742 5317 1925 5370 omnia
1974 5321 2136 5374 simul

559 5400 874 5471 conjuncta.

638 5566 662 5608 ν
691 5567 710 5624 l
743 5568 939 5627 Thess.
969 5588 1055 5637 in,
1095 5574 1182 5626 t7.

2225 3393 2427 3462 ρότητι,
2463 3389 2801 3460 διανάστηθι.
2842 3388 3124 3460 Προσευχή
3169 3403 3250 3439 σοι
3286 3385 3478 3438 τούτου
3513 3383 3798 3454 πρόξενος,

2224 3484 2326 3537 κᾶν
2351 3485 2435 3536 ἐπ’
2458 3482 2638 3551 ὀλίγον
2658 3481 2892 3552 κατέστη
2911 3479 3256 3551 παρατείνων
3277 3477 3500 3547 ταύτην·
3531 3477 3752 3538 Παῦλος
3773 3480 3800 3529 ὀ

2225 3574 2367 3640 θεῖος
2420 3575 2525 3645 πρὸ
2567 3575 2724 3645 ἡμῶν
2783 3591 2866 3627 σοι
2932 3573 3032 3642 τὴν
3086 3572 3416 3642 παραίνεσιν
3466 3572 3802 3640 εἰσηγεῖται,

2236 3667 2678 3732 Ἀδιαλείπτως,
2706 3666 2904 3734 λέγων,
2959 3663 3390 3732 προσεύχεσθε.
3422 3661 3566 3714 Ἀλλ’
3597 3663 3804 3731 ἐγκρα-

2225 3761 2377 3822 τείας
2396 3759 2454 3812 τδ
2472 3757 2641 3829 δῶρον
2655 3758 2776 3828 ἔχου
2795 3755 3040 3828 [ταύτης]
3062 3754 3500 3825 ἐπιμελέστερον·
3520 3753 3682 3822 φύσει
3699 3755 3808 3819 γὰρ

2227 3853 2365 3924 αὑτῇ
2398 3851 2492 3905 καὶ
2516 3851 2717 3921 κράτος
2739 3851 2950 3921 ἄμαχον
2989 3848 3244 3918 πρόσεστι
3297 3847 3433 3912 πρὸς
3466 3846 3535 3898 τὰ
3577 3845 3808 3897 τοιαῦτα

2227 3943 2335 3996 τῶν
2394 3941 2752 4012 παθημάτων.
2823 3938 2962 3992 Ἀλλ’
3007 3938 3094 3990 ἐπ’
3146 3936 3283 4008 ἐλέῳ
3351 3936 3668 4004 πενομένων
3712 3933 3811 4001 ἀφ-

2235 4035 2399 4098 ίκετο,
2432 4034 2506 4104 μὴ
2541 4033 2806 4100 ἀφίστατο
2841 4030 2942 4100 τῆς
2972 4028 3344 4098 ἐλεημοσύνης
3367 4043 3384 4058 ο
3414 4025 3661 4095 μεγάλην
3697 4026 3808 4096 γὰρ

2231 4124 2461 4177 ἀνάπτει
2483 4122 2743 4190 λαμπάδα
2771 4121 2832 4174 τὸ
2865 4119 3006 4189 ἱερὸν
3040 4118 3187 4170 ἔλεον
3217 4118 3233 4158 ί
3261 4115 3437 4180 τοῦτο,
3461 4115 3557 4168 xal.
3593 4113 3810 4184 μερίζει

2230 4215 2328 4278 τὰς
2355 4214 2656 4285 ἐνεργείας,
2681 4213 2776 4265 καὶ
2802 4214 2924 4273 ταῖς
2967 4209 3064 4279 μὲν
3103 4209 3295 4278 φλέγει
3338 4208 3405 4261 τὰ
3447 4205 3624 4276 πάθη,
3688 4208 3812 4267 ταῖς

2203 4308 2288 4365 ,δέ
2318 4307 2542 4375 φωτίζει
2563 4304 2658 4358 καὶ
2679 4303 3000 4356 κατευθύνει
3030 4301 3170 4370 πρὸς
3187 4300 3281 4353 τὸν
3317 4297 3416 4369 τῆς
3448 4299 3656 4369 ἀρετῆς
3701 4297 3813 4366 δρό-

2236 4416 2337 4469 μον
2383 4397 2453 4449 τὰ
2497 4394 2828 4465 διαδήματα.
2878 4391 3017 4445 Ἀλλ’
3062 4391 3144 4444 ὅτι
3188 4389 3409 4459 ἀφῆκας
3438 4390 3552 4451 τοῖς
3593 4387 3808 4453 δόξασιν

2233 4492 2314 4553 είς
2372 4489 2430 4541 σὲ
2496 4486 3040 4557 πεπλημμεληκέναι,
3105 4483 3153 4535 εἰ
3219 4481 3319 4552 μὲν
3377 4480 3637 4542 δυνατὸν,
3682 4477 3806 4547 μηδ’

2233 4581 2474 4653 ὀργίζου.
2509 4579 2570 4633 Εἰ
2591 4578 2634 4632 δ’
2683 4577 2982 4644 ἐξέπεσας,
3034 4573 3149 4629 ἀλλ’
3172 4569 3265 4626 οὖν
3309 4573 3397 4626 ἀεὶ
3435 4571 3545 4642 πρὸ
3587 4571 3809 4640 δυσμῶν

2234 4674 2383 4744 ἡλίου
2403 4673 2481 4735 εἰς
2504 4670 2726 4725 σεαυτὸν
2751 4666 2946 4722 άνιὼνῑ
2966 4707 2981 4731 ,
3012 4667 3146 4729 ὅλως
3167 4667 3319 4734 γίνου
3338 4664 3434 4734 τῆς
3457 4661 3808 4729 συγγνώμης.

2231 4765 2327 4820 καὶ
2359 4763 2546 4826 ἁπλῶς
2581 4763 2780 4826 εἰπεῖν,
2810 4761 2877 4814 δι’
2907 4755 2967 4812 οὗ
2998 4777 3078 4813 σοι
3115 4760 3172 4810 ἐν
3221 4757 3418 4829 βραχεῖ
3466 4753 3814 4824 καθαρεῦσαι.

2231 4858 2590 4929 προσεγένετο
2616 4895 2631 4920 ,
2661 4855 2749 4908 διὰ
2781 4854 2973 4907 τούτου
3019 4851 3276 4923 θηρεύειν
3314 4850 3403 4903 ἀεὶ
3449 4847 3522 4919 μὴ
3567 4847 3813 4914 ἀποστῇς

2232 4951 2327 5003 καὶ
2354 4948 2449 5020 τὴν
2468 4948 2556 5001 διὰ
2590 4947 2704 5017 βίου
2725 4945 3094 5016 καθαρότητα.
3117 4942 3328 5004 Ἀλλως
3351 4941 3482 5011 γὰρ,
3507 4939 3686 4999 ἄλλως
3714 4937 3812 4988 οὐκ

2233 5042 2378 5095 ἔστιν
2398 5042 2535 5099 ὅλως
2577 5040 2760 5093 ἄνεσιν
2807 5038 2988 5106 εὑρεῖν
3031 5036 3141 5090 τῶν
3186 5032 3570 5104 ἐνοχλούντων,
3621 5029 3739 5080 ἀλλ’
3781 5027 3812 5095 ἢ

2239 5137 2327 5190 διά
2359 5153 2503 5198 τινος
2527 5136 2638 5188 τῶν
2661 5133 2989 5204 εἰρημένων,
3018 5132 3051 5201 ἡ
3079 5147 3263 5193 τινων,
3289 5129 3322 5200 ἢ
3349 5127 3447 5181 καὶ
3471 5125 3562 5180 διὰ
3593 5123 3813 5177 πάντων

2241 5246 2373 5299 αμα.

1829 5724 2056 5781 VARUS
2097 5727 2502 5785 LECTIONES.

643 5878 672 5919 δ
700 5878 827 5935 add.
871 5879 1084 5950 μαθεῖν.
1166 5882 1184 5922 ί
1227 5882 1428 5935 ἔλαιον.
1507 5878 1520 5929 l
1571 5879 1825 5938 ἐπανιών.
