4080 6406
291 304 399 370 897

883 413 1102 467 enlxr.
1145 413 1288 481 nq'.

665 506 917 573 Ἀκακίφ
934 506 1180 578 μοναχῷ
1211 507 1307 561 καὶ
1332 507 1528 576 ἰατρῷ.

1452 302 1992 364 EPISTOLARUM
2033 303 2263 362 LIBER
2303 302 2385 360 II.

1898 423 1946 479 Α

3435 307 3542 371 898

2491 411 2707 467 EPIST.
2741 413 3021 470 LXXXVI.

2369 508 2560 562 Acacio
2589 509 2838 560 monacho
2861 520 2906 561 et
2939 509 3154 564 medico.

1514 609 1784 659 Montacnt.
1808 607 1911 671 (ep.
1936 605 2042 667 122,
2063 620 2112 669 p.
2138 606 2266 668 165).

361 702 524 772 Μέγα
569 702 741 757 κακὸν
791 706 824 775 ἡ
875 704 1115 773 δόκησις·
1170 706 1383 776 ἄφρονα
1426 708 1516 760 τὸν
1575 708 1862 779 ἄνθρωπον

289 797 470 857 ποιεῖ,
504 793 612 847 οὐδ’
642 795 1024 867 ἀπαλλαγῆναι
1067 797 1160 850 τοῦ
1194 797 1394 861 πάθους
1421 800 1503 872 ἐᾷ,
1536 800 1656 854 οὐδὲ
1702 817 1867 871 μετα-

291 886 490 956 μαθεῖν
531 887 592 938 ea
634 890 895 942 συνοῖσον.
950 887 1210 961 Ἐχθροὺς
1245 891 1377 960 ὁρᾷν
1424 890 1708 944 ἀναπείθει
1741 892 1869 953 τοὺς

291 978 577 1048 μεθέλκειν
621 978 720 1048 τῆς
764 979 974 1050 πλάνης
1025 981 1122 1034 καὶ
1166 979 1379 1051 βοηθεῖν
1431 981 1864 1054 ἐπιχειροῦντας·

250 1053 262 1064 ⁸
289 1072 417 1133 τοὺς
438 1070 496 1124 δὲ
521 1071 953 1141 φλεγμαίνοντας
975 1072 1074 1143 τὴν
1092 1073 1247 1126 νόσον
1271 1073 1583 1136 κολακείαις
1607 1053 1700 1126 καὶ
1719 1074 1870 1127 ἀνία-

287 1176 383 1213 τον
414 1160 704 1225 ποιοῦντας
735 1162 901 1215 πλέον
925 1162 1224 1229 εὶσοικίζει.
1263 1165 1435 1233 Φεῦγε
1469 1164 1618 1238 πάσῃ
1644 1167 1870 1236 δυνάμει

287 1251 392 1321 τὴν
448 1251 646 1323 οῐησιν,
698 1254 942 1324 κρημνός
985 1256 1103 1308 ἐστι
1151 1253 1286 1325 βαθὺ
1363 1258 1544 1310 πᾶσαν
1594 1257 1870 1328 σωτηρίας

289 1343 478 1398 ἄνοδον
503 1345 928 1419 περιῃρημένος.

885 1545 1106 1600 ΕΠΙΣΤ.
1147 1547 1268 1601 ΠΖ’.

821 1640 1060 1705 Ἰσακίῳ
1085 1638 1350 1710 μοναχῷ.

2039 705 2286 776 Magnum
2319 695 2524 756 malum
2553 710 2637 757 est
2658 700 2840 771 opinio
2872 701 2977 766 sui,
3009 700 3233 756 stultum
3263 703 3408 758 enim
3445 705 3554 760 ho-

1967 813 2172 853 minem
2198 795 2396 860 reddit,
2426 810 2528 850 nec
2561 794 2755 848 morbo
2779 794 2986 863 patitur
3007 793 3247 860 liberari,
3293 803 3388 850 aut
3421 812 3546 850 sero

1968 891 2250 944 addiscere
2285 885 2430 958 quod
2493 887 2548 939 in
2583 900 2697 939 rem
2719 887 2860 950 erit;
2891 885 3000 939 imo
3025 885 3146 944 loco
3196 886 3544 942 inimicorum

1971 979 2252 1034 habendos
2325 977 2586 1050 suggerit,
2621 976 2712 1045 qui
2751 992 2970 1046 operam
3007 977 3327 1048 impendunt
3389 988 3450 1033 ut
3476 980 3546 1032 ab

1969 1086 2155 1126 errore
2188 1071 2472 1125 retraliant
2502 1075 2556 1121 et
2583 1067 2951 1121 auxilientur:
2987 1083 3082 1122 eos
3113 1077 3294 1122 autem
3317 1069 3409 1138 qui
3446 1086 3544 1139 per

1969 1162 2338 1216 adulationem
2386 1159 2638 1214 morbum
2691 1157 3008 1213 exulcerant
3075 1169 3130 1214 et
3185 1160 3543 1214 insanabilem

1970 1254 2224 1317 reddunt,
2265 1253 2557 1309 familiares
2590 1254 2762 1324 magis
2811 1251 3006 1306 reddit.
3049 1250 3206 1306 Omni
3258 1269 3360 1322 ope
3382 1254 3544 1324 igitur

1963 1361 2234 1416 operaque
2265 1345 2574 1414 Opinionem
2616 1346 2744 1410 vita,
2775 1345 2936 1398 inane
2958 1343 3317 1413 prmcipitium
3344 1345 3545 1415 quippe

1969 1447 2072 1502 est,
2105 1453 2433 1506 omnemque
2457 1438 2692 1492 obstruit
2715 1437 2906 1491 salutis
2935 1451 3242 1490 ascensum.

2463 1551 2686 1606 EPIST.
2727 1550 3039 1604 LXXXVII.

2522 1641 2694 1698 Isacio
2722 1645 2996 1698 monac/to.

1518 1762 1782 1812 Montacut.
1809 1763 1909 1824 (ep.
1935 1762 2041 1821 128,
2064 1776 2112 1824 p.
2143 1761 2272 1824 l69).

360 1859 426 1910 Εἰ
455 1858 548 1911 καὶ
576 1858 712 1929 πρὸς
742 1858 1022 1929 θερισμὸν,
1055 1861 1141 1928 ἐφ’
1185 1861 1292 1915 avo
1337 1861 1615 1933 Δεσπότης
1664 1865 1873 1930 σπλαγ-

2053 1860 2337 1930 Utcunque
2370 1861 2436 1914 ad
2489 1876 2720 1914 messem
2759 1860 2906 1913 illam
2948 1860 3253 1914 obeundam
3295 1860 3546 1930 adquam

288 1949 608 2020 κνιζόμενος
655 1951 986 2022 ἐργάζεσθαι
1015 1953 1222 2022 πέμπει
1265 1953 1392 2018 τοὺς
1442 1955 1722 2025 μαθητὰς,
1761 1957 1870 2008 ἀω-

291 2042 516 2111 ρότατος
551 2037 620 2094 εἴ·
649 2040 765 2094 ἀλλ’
795 2037 887 2096 οῦν
919 2043 1002 2112 ἐφ’
1039 2043 1098 2096 ὃν
1119 2045 1168 2096 οἱ
1199 2043 1444 2112 θερισταὶ
1479 2048 1872 2116 παραγὶνονται

292 2131 518 2199 ἄγγελοι
539 2172 553 2195 ,
592 2134 686 2185 καὶ
711 2132 830 2186 λίαν
855 2135 1158 2205 ἐπιτήδειόν
1185 2153 1245 2187 σε
1268 2135 1541 2189 δείκνυσιν
1572 2141 1600 2190 ό
1627 2138 1727 2204 τῆς
1757 2138 1873 2207 ἡλι-

295 2223 421 2286 κίας
468 2225 677 2294 καιρός.
706 2224 830 2288 Πῶς
853 2222 968 2291 οῦν,
1013 2229 1132 2280 ἀντὶ
1160 2229 1256 2296 μὲν
1292 2227 1386 2282 τοῦ
1416 2228 1626 2298 καρπὸν
1663 2229 1868 2300 φέρειν,

294 2313 536 2376 ἀκάνθας
565 2316 844 2385 ἐκφέρεις;
871 2317 1082 2380 ζιζάνια
1109 2317 1167 2370 δὲ
1196 2319 1314 2371 ἀντὶ
1358 2318 1505 2371 σίτου
1535 2337 1549 2383 ;
1584 2320 1694 2372 Καὶ
1719 2319 1871 2372 οὐδὲν

295 2407 535 2476 ἐργῶδες
573 2408 633 2461 ὃν
659 2409 821 2461 καλὸν
853 2411 946 2462 καὶ
975 2409 1204 2478 ἀγαθὸν,
1233 2410 1334 2464 κᾶν
1363 2411 1460 2481 ὀψέ
1501 2411 1594 2465 τοῦ
1642 2413 1833 2484 καιροῦ
1853 2454 1869 2477 ,

291 2498 381 2551 διὰ
417 2500 702 2570 μετανοίας
731 2501 1006 2569 γενέσθαι.
1040 2503 1110 2555 Σὺ
1140 2503 1196 2555 δὲ
1229 2505 1422 2558 σαυτὸν
1460 2505 1570 2558 εἴθε
1598 2505 1872 2578 ἄχρηστον

291 2591 429 2645 ἀλλὰ
455 2593 668 2646 δέδοικα
721 2595 794 2664 μὴ
848 2595 942 2647 καὶ
977 2596 1347 2666 αὐτοσαπρίας
1375 2599 1594 2666 ἀγγεῖον
1642 2600 1869 2671 ἐργάζῃ.

305 2683 449 2734 Ἀλλ’
479 2685 765 2752 ἐπίγνωθι,
789 2685 894 2739 κᾶν
923 2685 1018 2738 νῦν
1052 2687 1175 2759 ἤδη,
1209 2689 1299 2742 τὸν
1329 2689 1668 2759 ἀνθρώπινον
1698 2708 1867 2743 κατα-

291 2774 552 2844 δυόμενος
584 2775 717 2845 βίον,
753 2779 836 2830 ὅτι
879 2779 951 2832 τὰ
986 2781 1083 2850 μὲν
1114 2781 1400 2848 συνάγεται
1437 2783 1532 2835 καὶ
1561 2781 1873 2854 ἀποθησαυ-

295 2864 501 2935 ρίζεται
526 2868 606 2929 εἰς
637 2868 1009 2932 ἀκαταλύτους
1042 2869 1328 2941 ἀποθήκας
1350 2873 1442 2924 καὶ
1470 2871 1570 2942 τῆς
1599 2871 1868 2943 οὐρανῶν,

294 2955 541 3020 ἀξιοῦται
584 2957 900 3028 βασιλείας’
947 2961 1018 3014 τά
1058 2961 1116 3015 δὲ
1156 2964 1506 3028 ἐκκόπτεται,
1535 2966 1590 3018 οῐ
1632 2982 1744 3034 μοι,
1777 2968 1872 3018 καὶ

297 3049 652 3116 ἐκϐάλλεται,
683 3053 777 3104 καὶ
823 3054 1183 3107 κατακαίεται
1213 3055 1294 3127 τῷ
1337 3057 1588 3128 ἐξωτέρω
1617 3058 1712 3111 ml.
1747 3059 1870 3112 ἀτε-

297 3141 538 3212 λευτήτῳ
565 3144 702 3212 πυρὶ
726 3143 1022 3209 διαπαντὸς
1043 3146 1430 3218 δαπανώμενα.

912 3431 1134 3488 ΕΠΙΣΤ.
1168 3433 1299 3489 IIII'.

295 3516 672 3586 Μητροςράνει
737 3522 980 3592 μοναχῷ
1026 3526 1124 3647 κλαι
1179 3527 1498 3599 ήσυχαστῇ
1542 3531 1622 3595 τῷ
1661 3533 1726 3586 ἐκ
1774 3537 1870 3586 Σι-

971 3611 1038 3647 κε
1081 3612 1196 3647 mc.

971 3611 1196 3662 κελιας.

1975 1953 2358 2007 misericordia:
2385 1953 2683 2007 visceribus
2721 1951 2982 2006 Dominus
3012 1961 3188 2006 tactus
3219 1953 3401 2008 emisit
3441 1955 3550 2008 dis-

1975 2044 2182 2112 cipulos
2251 2060 2400 2106 suos,
2441 2045 2516 2097 sis
2546 2045 2778 2097 maxime
2823 2044 3178 2110 immaturus;
3208 2045 3272 2098 ad
3297 2045 3438 2098 illam
3471 2054 3550 2099 ta-

1973 2151 2122 2197 men,
2151 2137 2215 2189 ad
2247 2152 2405 2205 quam
2439 2152 2709 2190 messores
2733 2137 3052 2206 delegantur
3079 2137 3274 2204 angeli,
3315 2146 3444 2191 a-tas
3497 2147 3550 2193 te

1975 2237 2063 2282 tua
2092 2229 2244 2282 valde
2268 2237 2639 2297 comparatum
2667 2228 2846 2282 docet.
2868 2227 3021 2282 Unde
3043 2244 3194 2298 ergo,
3225 2229 3552 2298 proferendo

1973 2321 2209 2374 fructum
2256 2335 2378 2372 cum
2409 2319 2504 2380 sis,
2553 2319 2740 2388 spinas
2788 2319 3086 2388 producis?
3116 2320 3325 2374 zizania
3364 2331 3549 2376 autem

1973 2427 2072 2480 pro
2107 2409 2429 2464 frumento?
2457 2409 2572 2462 Nec
2621 2419 2705 2463 est
2759 2424 3072 2478 operosum,
3113 2409 3287 2463 virum
3347 2411 3548 2464 bonum

1973 2505 2201 2574 probum
2234 2504 2371 2558 ﬁeri.
2404 2503 2529 2556 licet
2559 2503 2759 2565 serius,
2797 2519 2894 2571 per
2924 2502 3324 2571 ptenitentiam.
3391 2503 3470 2557 Tu
3498 2514 3552 2558 te

1974 2605 2180 2660 autem,
2207 2597 2414 2649 utinam
2479 2594 2656 2647 solum
2713 2594 2983 2656 inutilem,
3033 2609 3096 2648 ac
3117 2609 3248 2657 non,
3281 2594 3421 2664 quod
3456 2612 3550 2649 ve-

1975 2704 2115 2750 reor,
2164 2704 2258 2742 vas
2279 2688 2584 2755 depravatae
2611 2686 2975 2755 corruptionis
3024 2697 3075 2740 te
3117 2689 3361 2755 prmbeas
3393 2693 3404 2740 Ξ
3437 2688 3547 2743 Sed

1973 2787 2031 2830 tn
2058 2793 2408 2848 recognosce,
2430 2777 2511 2830 vel
2533 2791 2681 2830 nunc
2710 2775 2952 2838 tandem,
2983 2775 3074 2845 qui
3095 2775 3312 2844 penitus
3331 2777 3383 2828 in
3405 2791 3552 2830 mor-

1974 2868 2064 2921 tali
2099 2869 2206 2920 vita
2235 2869 2541 2934 immergcs,
2572 2867 2718 2936 quod
2741 2876 2870 2921 sunt
2891 2882 3010 2937 qua:
3051 2876 3450 2936 congregantur
3495 2875 3553 2921 et

1973 2961 2380 3027 reponunturin
2401 2960 2694 3030 apothecas
2719 2962 2863 3015 haud
2891 2975 3128 3029 unquam
3153 2959 3549 3025 dissolvendas,

1971 3060 2029 3105 et
2092 3066 2259 3122 regno
2303 3054 2568 3107 etelorum
2618 3053 2779 3122 digna
2811 3052 3123 3106 habentur:
3170 3060 3318 3114 sunt,
3352 3051 3556 3120 quiex-

1979 3141 2322 3204 scinduntur,
2353 3143 2518 3204 eheu,
2548 3153 2606 3198 et
2627 3143 2945 3213 ejiciuntur,
2998 3151 3054 3196 et
3109 3142 3231 3212 igne
3271 3141 3551 3204 exteriori,

1979 3234 2070 3301 qui
2103 3249 2382 3304 nunquam
2406 3235 2802 3305 exstinguetur,
2836 3247 2891 3289 et
2921 3233 3134 3288 ﬂamma
3182 3233 3554 3289 consumenda

1976 3334 2032 3377 et
2063 3325 2432 3379 eomburenda
2461 3325 2824 3379 destinantur.

2461 3434 2684 3488 EPIST.
2721 3435 3055 3490 LXXXVIII.

2082 3524 2412 3594 Metrophani
2465 3526 2718 3578 numne/io
2749 3537 2793 3578 et
2835 3526 3152 3594 stychastw
3177 3542 3204 3579 ε
3237 3523 3443 3580 Sicilia.

1527 3715 1794 3768 Montacut.
1818 3721 1920 3782 (ep.
1945 3719 2051 3783 149,
2073 3738 2120 3786 p.
2143 3724 2275 3786 205).

367 3807 529 3876 Μέγα
556 3809 653 3879 μὲν
665 3810 727 3863 τὸ
743 3810 907 3880 ἄλγος
932 3813 1072 3885 ὑπὲρ
1096 3817 1206 3869 τῶν
1233 3818 1570 3890 Ἐκκλησιῶν
1595 3823 1688 3876 τοῦ
1719 3826 1877 3878 Θεοῦ·

2059 3830 2284 3902 Magnus
2309 3842 2458 3886 certe
2487 3831 2640 3887 dolor
2660 3842 2761 3896 est,
2798 3832 2889 3902 qui
2912 3848 3009 3903 pro
3039 3831 3135 3886 Dei
3173 3831 3408 3886 Ecclesia
3437 3843 3551 3897 est;

298 3897 378 3959 ei;
401 3896 510 3968 γὰρ
533 3900 631 3969 τὴν
660 3902 988 3974 οἰκουμένην
1012 3905 1181 3977 ἐχύθη
1208 3907 1268 3959 τὸ
1311 3911 1499 3962 κακόνο
1535 3913 1736 3982 μείζων
1757 3915 1812 3967 δὲ
1844 3918 1873 3988 ἡ

1986 3938 2110 3976 nam
2164 3925 2218 3976 in
2240 3923 2428 3977 orbem
2478 3924 2792 3979 universum
2847 3924 3146 3978 effunditur
3194 3924 3396 3978 malum
3438 3941 3451 3979 :
3502 3935 3558 3979 at

296 3990 462 4060 χαρά.
508 3991 595 4044 Ἑν
617 3994 724 4062 γὰρ
749 3997 816 4065 τῇ
839 3995 1051 4068 ὑφηλίῳ
1079 3999 1416 4071 θαυμάζεται
1442 4003 1596 4074 ὑμῶν
1626 4007 1693 4058 τά
1715 4003 1874 4073 ἆθλα,

1985 4013 2164 4081 majus
2206 4023 2387 4068 tamen
2449 4015 2676 4069 resultat
2721 4016 3001 4087 gaudium.
3042 4014 3155 4070 Sub
3205 4016 3320 4070 sole
3356 4016 3558 4086 quippe

297 4082 395 4132 καὶ
449 4082 482 4150 ἡ
529 4083 720 4154 ἀρετή*
787 4086 882 4138 καὶ
937 4090 1136 4152 παντὸς
1202 4093 1470 4163 στόματός
1518 4097 1686 4163 ἐστιν,
1756 4099 1873 4152 ἀντὶ

1981 4105 2330 4161 admirationi
2354 4107 2819 4172 suntcertamina,
2852 4116 2908 4162 et
2941 4109 3168 4163 virtutes
3208 4119 3331 4172 tua},
3387 4110 3561 4162 omni-

294 4173 498 4237 παντὸς
525 4175 686 4229 ἄλλου
717 4177 742 4216 Β
769 4179 816 4231 οἱ
842 4179 1085 4251 λαμπροὶ
1107 4184 1262 4254 ὑμῶν
1291 4187 1522 4254 ἀγῶνες,
1542 4191 1634 4242 καὶ
1654 4188 1724 4242 τὰ
1745 4190 1873 4260 τρό-

295 4281 454 4329 παια,
486 4266 579 4319 καὶ
604 4267 633 4319 ὁ
673 4268 840 4332 πολὺς
867 4271 1074 4336 ἐκεῖνος
1110 4275 1205 4327 καὶ
1234 4276 1383 4342 ἄξιος
1410 4281 1517 4334 τῶν
1559 4282 1701 4352 ὑπὲρ
1727 4285 1864 4356 Χρι-

298 4353 426 4406 στοῦ
467 4355 826 4428 παθημάτων,
859 4367 1228 4435 μακαρισμός.

889 4563 1108 4623 ΕΠΙΣΤ.
1149 4569 1275 4624 ΠΘ’.

309 4643 400 4711 Ἀι
414 4651 598 4716 certe)
637 4651 903 4723 μοναχῷ,
929 4660 1309 4728 πρεσϐυτέρῳ
1369 4664 1467 4716 καὶ
1519 4667 1868 4739 ήσυχαστῇ.
1906 4666 1952 4722 ι)

1982 4196 2086 4250 bus
2111 4197 2309 4268 linguis
2338 4209 2651 4261 narrantur,
2707 4214 2807 4253 nec
2836 4199 2984 4252 aliud
3025 4200 3319 4269 quidquam
3356 4215 3558 4269 agones

1973 4288 2074 4347 tui,
2108 4285 2337 4358 Tropzea
2397 4298 2510 4354 tua,
2546 4290 2831 4356 multiplex
2864 4291 2954 4344 illa
2985 4290 3215 4345 felicitas
3237 4291 3556 4362 prazdicaut,

1968 4394 2128 4446 quam
2159 4379 2382 4449 dignum
2411 4389 2463 4434 te
2495 4380 2762 4445 habitum,
2792 4381 2883 4451 qui
2905 4397 3004 4452 pro
3025 4381 3228 4437 Christi
3251 4397 3413 4438 causa
3439 4398 3536 4452 pa-

1975 4471 2147 4525 tiaris.

2470 4583 2690 4639 EPIST.
2768 4583 3056 4640 LXXXIX.

2105 4673 2325 4728 Arsem'o
2354 4678 2626 4741 monacho,
2664 4688 2709 4731 ct
2745 4680 3042 4747 presbytero
3075 4681 3423 4736 unae/iorem.

1535 4774 1799 4826 Montacut.
1826 4778 1929 4841 (ep.
1953 4779 2058 4840 182,
2084 4795 2132 4841 p.
2155 4780 2288 4844 271).

371 4855 480 4911 Ἦν
531 4865 722 4931 καιρὸς
748 4866 842 4919 τοῦ
870 4869 1101 4939 γράφειν
1121 4873 1169 4936 κ,
1211 4872 1398 4946 ὥσπερ
1443 4877 1538 4929 νῦν
1560 4879 1652 4932 τοῦ
1690 4884 1869 4952 σιγᾷν,

300 4947 391 5000 ὅτε
420 4950 567 5001 πᾶσα
597 4953 694 5020 μὲν
734 4955 943 5027 γαλήνη
978 4959 1067 5012 διὰ
1096 4961 1276 5032 πάσης
1305 4964 1528 5034 ἐκέχυτο
1574 4947 1869 5033 πολιτείαςο

2055 4883 2182 4938 Erat
2210 4893 2422 4954 tempus
2451 4887 2747 4953 scribendi,
2797 4898 2856 4942 ut
2879 4903 3025 4942 nunc
3044 4895 3127 4942 est
3149 4889 3384 4954 tacendi,
3431 4905 3555 4946 cum
3629 4933 3634 4938 -

1980 4991 2083 5045 pax
2113 4985 2168 5030 et
2202 4977 2563 5045 tranquillitas
2583 4993 2680 5047 per
2735 4987 2896 5031 totam
2939 4977 3324 5046 rempublicam
3353 4980 3559 5034 dition-

302 5041 506 5135 ἀρετῆς
555 5041 655 5108 δὲ,
699 5044 801 5114 τῆς
855 5046 948 5099 νῦν
1015 5051 1356 5122 γελωμένης,
1421 5058 1763 5130 ἐθαυμάζετο
1815 5064 1873 5117 τὸ

1984 5066 2205 5119 deretur
2239 5085 2252 5119 :
2297 5065 2491 5129 virtus,
2534 5082 2652 5135 quae
2671 5081 2824 5120 nunc
2853 5065 3087 5119 ludibrio
3127 5066 3375 5131 habetur,
3430 5084 3554 5123 cum

303 5130 493 5201 χρῆμα
515 5149 527 5162 ·
553 5135 648 5185 καὶ⁹
677 5135 930 5192 εὐσέϐεια
985 5141 1083 5210 μὲν
1112 5147 1174 5194 τὸ
1207 5145 1410 5215 κράτος
1451 5144 1617 5219 εἶχενο
1648 5152 1876 5220 ἀλήθεια

301 5222 360 5273 δὲ
392 5222 518 5287 (ποῦ
544 5223 638 5276 νῦν
669 5226 881 5296 ἀπῆρες
909 5231 949 5292 ;)
998 5234 1091 5285 καὶ
1117 5234 1334 5306 γλώσσῃ
1359 5239 1451 5290 καὶ
1483 5241 1671 5305 ἀκοαῖς
1701 5244 1874 5314 ἐπαρο

305 5314 622 5382 ῥησιάζετο,
658 5317 747 5369 ὅτε
782 5319 842 5371 τὸ
885 5321 1160 5377 πολιτικὸν
1191 5328 1248 5378 ἐν
1284 5328 1573 5400 εὐθυμίαις
1603 5337 1878 5406 ὲπανηγύ-

456 5408 884 5477 σωφρονοῦσαιςο
923 5415 1066 5466 καὶὸ
1096 5419 1381 5490 φιλόσοφος
1406 5422 1549 5492 βίος,
1598 5426 1731 5495 πρὸς
1765 5403 1877 5497 *τὴν

302 5494 411 5548 τῶν
441 5498 612 5566 ἁγίων
653 5501 863 5573 ἀνδρῶν
905 5506 1317 5580 ἀνατεινόμενος
1366 5516 1616 5586 μίμησιν,
1655 5518 1876 5590 ἀξιοζή-

1985 5167 2131 5212 esset
2158 5157 2503 5212 admirationi
2540 5173 2552 5209 :
2603 5167 2657 5212 et
2689 5157 2858 5226 pietas
2892 5158 3000 5212 vim
3049 5173 3202 5212 suam
3261 5159 3579 5215 obtineret.‘

1987 5248 2196 5303 Veritas
2257 5249 2380 5316 (oh!
2433 5265 2541 5319 quo
2587 5265 2733 5304 nunc
2765 5250 3043 5322 autugisti)
3069 5267 3192 5308 cum
3223 5261 3277 5308 et
3312 5253 3485 5308 oculis
3502 5263 3557 5308 et

1983 5339 2178 5412 linguis
2218 5341 2491 5396 liberrima
2530 5341 2790 5396 insideret
2832 5361 2846 5397 :
2895 5354 3070 5400 status
3113 5346 3286 5400 civilis
3316 5345 3554 5399 oblecta-

1988 5430 2227 5483 tionibus
2247 5430 2508 5486 modestis
2533 5447 2592 5485 se
2617 5432 2896 5489 reficiebat
2919 5451 2932 5488 :
2968 5446 3023 5490 et
3052 5437 3162 5491 vita
3183 5435 3554 5506 philosophica

1987 5521 2052 5574 ad
2105 5521 2458 5576 imitationem
2509 5533 2822 5580 sanctorum
2886 5527 3125 5583 virorum
3194 5527 3552 5591 conformata,

1603 5651 1832 5707 νΑιιιΛῑ
1876 5655 2276 5713 LECTIONES.

383 5723 409 5762 Β
441 5722 700 5795 διήγημα.
