4080 6406
595 245 701 312 899

1728 251 1990 313 PHOTII
2032 250 2539 311 PATRIARCHJE
2581 251 2691 313 CP.

3760 259 3867 323 900

595 365 757 433 digna
796 371 853 417 et
879 362 996 433 ipsa
1023 365 1382 435 reputabatur
1436 366 1741 431 imitatione
1772 385 1786 422 :
1824 367 2162 422 sacerdotalis

2276 365 2442 428 λωτος
2498 362 2810 434 ἐνομίζετο,
2853 362 2916 415 τὸ
2970 363 3244 433 ίερατικδν
3308 366 3403 419 καὶ
3452 366 3867 439 ἀρχιερατικὺν,

595 456 732 511 ordo
768 466 823 511 et
856 459 1204 529 episcopalis,
1235 478 1345 515 non
1368 471 1477 515 tam
1496 476 1593 531 per
1618 476 1768 516 sacra
1796 476 1893 515 sua
1920 459 2162 529 insignia,

2277 460 2375 528 οὐχ
2407 455 2550 509 οὕτω
2571 456 2659 510 διὰ
2684 455 2793 508 τῶν
2824 452 3153 509 τελεπικῶν
3187 458 3498 527 συμϐόλων,
3529 460 3683 513 ὥσπε
3695 478 3729 530 ρ
3758 462 3870 514 ἀπὸ

594 564 757 618 quam
789 564 887 619 per
912 550 1130 605 virtutis
1182 554 1425 607 actiones
1457 552 1682 607 illustris
1715 564 1882 613 esset.
1912 561 1969 606 et
2000 560 2177 605 secta-

598 650 747 695 tores
774 645 1152 713 agnoscendos
1181 646 1487 701 exhiberet.
1515 646 1586 701 At
1631 660 1778 699 nunc
1805 644 1952 714 quod
1996 643 2176 698 scribo

597 732 775 787 threni
840 745 988 801 sunt,
1038 735 1092 788 in
1142 736 1338 806 quibus
1400 736 1665 791 Jeremias
1725 752 1825 790 nos
1892 734 2171 805 praevenit.

600 822 740 878 Sunt
787 827 931 881 enim
992 837 1173 881 nostra
1226 828 1280 882 in
1336 829 1612 899 prmsenti,
1656 844 1817 898 quam
1855 828 1944 881 illa
1996 834 2172 890 erant,

598 914 1011 986 haudquaquam
1060 918 1419 973 tolerabiliora
1459 938 1471 973 :
1541 919 1773 989 suspiria
1817 918 2035 973 scribo?
2079 918 2175 971 sed

596 1022 717 1076 quae
740 1007 826 1060 illa
857 1018 911 1061 et
936 1008 1113 1077 qualia
1144 1018 1296 1065 tanto
1332 1010 1595 1065 malorum
1632 1010 1859 1065 torrenti
1894 1018 2024 1063 sunt
2054 1006 2173 1062 suf-

604 1098 847 1153 lectura?
898 1100 1255 1172 lacrymarum
1313 1103 1479 1168 rivos,
1524 1119 1694 1158 unum
1739 1112 1863 1173 post
1900 1102 2042 1156 aliud
2066 1116 2176 1155 ma-

603 1190 716 1243 lum
742 1191 1084 1256 incumbens,
1122 1194 1193 1247 ita
1222 1195 1476 1250 exhausit
1505 1205 1565 1250 ut
1599 1196 1696 1265 ipsi
1725 1195 1905 1249 fontes
1943 1207 2174 1247 exarue-

597 1284 708 1336 rint
738 1302 753 1350 ;
787 1294 973 1339 sancta
1008 1285 1383 1355 profanantur,
1420 1303 1570 1342 sacra
1601 1286 2011 1351 conculcantur,
2044 1300 2173 1338 san-

597 1384 718 1430 ctus
744 1376 979 1446 Spiritus
1007 1379 1060 1449 (o
1094 1379 1233 1434 labia
1257 1380 1519 1449 impia,ct
1551 1381 1759 1434 animas
1785 1380 1956 1448 magis
1980 1379 2172 1449 impro-

596 1468 735 1538 bas),
769 1472 971 1539 utquid
1001 1486 1031 1525 e
1057 1473 1235 1536 trivio,
1289 1474 1644 1543 blasphemiis
1675 1472 1964 1526 incessitur
1990 1480 2045 1526 et
2090 1472 2173 1525 lu-

502 1580 507 1583 *
594 1560 804 1614 dibriis.
847 1562 1092 1627 Deserta,
1128 1573 1363 1628 montes,
1400 1566 1698 1634 speluncae,
1726 1575 1969 1618 extrema
1998 1573 2172 1618 terra-

596 1667 714 1703 rum
743 1650 834 1704 Dei
867 1653 1177 1707 sacerdotes
1199 1663 1253 1708 et
1280 1654 1584 1724 episcOpos,
1644 1654 1736 1723 qui
1765 1655 1915 1723 prius
1944 1653 2171 1707 vinculis

593 1742 981 1808 acerbioribus,
1025 1754 1080 1797 et
1106 1744 1311 1799 exsiliis
1341 1746 1693 1809 tenebantur,
1727 1746 1817 1799 vix
1838 1745 2015 1798 salvos
2032 1761 2171 1814 pra:-

593 1844 749 1888 stant
796 1851 810 1887 :
858 1850 961 1888 nec
1016 1836 1248 1891 ulterius
1280 1837 1382 1891 ista
1415 1851 1737 1906 persequor.
1768 1837 1899 1890 Nam
1933 1836 2175 1905 profecto

593 1924 915 1993 impendens
960 1926 1452 1981 eomminationum
1501 1936 1685 1982 metus
1740 1928 1885 1981 haud
1938 1930 2175 1997 patietur

591 2016 682 2071 illa
717 2016 899 2070 omnia
947 2017 1232 2087 deplorare
1265 2018 1464 2087 quibus
1498 2019 1779 2074 constricti
1818 2029 2067 2074 tenemur
2096 2020 2173 2090 (et

594 2119 773 2162 tamen
806 2117 865 2163 ut
888 2108 943 2163 in
971 2110 1238 2177 ejusmodi
1275 2110 1432 2166 malis
1484 2112 1734 2166 solatium
1766 2111 2167 2181 quterebatur).

590 2203 720 2257 Ilaec
741 2217 841 2273 ego
867 2203 1066 2266 scribo,
1096 2219 1215 2273 qua:
1249 2212 1307 2259 tu
1336 2204 1479 2259 nosti
1502 2203 1725 2273 optime,
1748 2218 1871 2258 cum
1901 2203 2020 2257 visu
2047 2218 2169 2271 per-

591 2304 771 2360 cepta,
802 2302 915 2348 tum
946 2295 1132 2348 auditu
1168 2312 1180 2347 :
1217 2296 1313 2351 sed
1362 2312 1462 2369 ego
1492 2296 1688 2351 doctus
1726 2296 1794 2350 ab
1838 2296 2167 2364 experientia

587 2396 642 2437 et
675 2384 895 2440 Christo
928 2388 1286 2457 compatiens,
1318 2388 1418 2443 ista
1448 2388 1630 2443 scribo
1661 2405 1673 2441 :
1704 2388 1942 2443 consiste
1981 2399 2165 2442 autem

590 2493 685 2547 per
714 2479 883 2533 Deum
914 2480 1183 2549 placatum
1212 2481 1484 2535 redditum
1508 2481 1765 2552 ﬁgmento
1798 2497 1899 2535 suo
1932 2498 1943 2534 ;
1981 2483 2167 2537 attolle

587 2579 805 2624 sanctas
840 2581 957 2624 tuas
988 2572 1055 2625 ad
1098 2571 1249 2625 illum
1286 2587 1503 2637 manus,
1560 2572 1651 2641 qui
1703 2586 1832 2625 suas
1878 2572 2166 2641 aliquando

586 2659 638 2711 in
658 2674 841 2725 cruce,
866 2668 1122 2730 tanquam
1140 2662 1549 2731 deprecatorias
1573 2663 1897 2717 extendebat
1919 2680 1933 2716 :
1960 2664 2165 2730 clavos,

586 2749 855 2813 lanceam,
887 2752 1230 2821 sanguinem,
1272 2760 1529 2819 mortem,
1550 2753 1880 2822 sepulturam
1905 2770 2000 2824 per
2045 2770 2167 2825 quas

583 2842 877 2897 salvamur.
910 2841 1087 2898 Habes
1117 2844 1261 2899 unde
1290 2845 1551 2915 impetres
1574 2860 1601 2899 a
1637 2845 1994 2900 misericorde
2042 2862 2165 2916 per-

580 2935 924 2988 secutionum
952 2935 1396 3001 allevamentum,
1423 2948 1745 2992 vexatorum
1794 2952 1893 3008 pro
1948 2938 2153 3007 pietate

2203 1714 2244 1769 Β

582 3026 969 3093 constantiam,
1023 3027 1350 3083 dilaceratos
1396 3045 1608 3101 greges,
1675 3039 1921 3101 pastores
1963 3032 2158 3100 part-im
2187 3051 2233 3114 ο

582 3116 673 3170 ubi
710 3124 976 3171 terrarum
996 3118 1318 3175 delitescant
1347 3119 1654 3192 incognitos
1691 3121 2027 3177 :Ecclesiam
2062 3120 2155 3177 Dei

583 3207 639 3261 in
692 3217 874 3278 partes
931 3210 1159 3264 scissam
1199 3219 1256 3265 et
1301 3211 1566 3266 divulsam
1595 3231 1609 3266 :
1643 3212 1834 3267 dividit
1854 3214 1997 3267 enim
2037 3228 2155 3268 eam

578 3296 674 3351 Dei
713 3297 893 3364 timor,
940 3311 995 3353 et
1040 3301 1311 3356 humanus
1352 3312 1551 3358 metus.
1585 3302 1836 3358 Divinum
1876 3305 2155 3359 oraculum

576 3392 797 3445 mentiri
826 3392 1032 3461 nequit,
1063 3393 1140 3448 ait
1163 3404 1343 3449 autem
1384 3412 1397 3448 :
1436 3394 1665 3465 Spiritus
1689 3398 1897 3466 quidem
1934 3407 2157 3464 paratus

576 3492 673 3550 est,
700 3484 1006 3553 inﬁrmatur
1026 3496 1203 3541 autem
1240 3504 1363 3542 caro
1382 3488 1445 3542 ¹⁰.
1475 3487 1599 3544 "(BC
1630 3504 1741 3559 pra:
1764 3498 1817 3543 te
1847 3489 2005 3555 ferto,
2033 3505 2154 3560 qua

574 3579 775 3635 melius
801 3580 915 3651 ipse
937 3584 1085 3638 nosti
1109 3600 1207 3655 per
1245 3602 1368 3655 qua:
1402 3586 1490 3641 illa
1523 3586 1859 3657 impetrabis.
1888 3584 2021 3640 Nam
2056 3602 2155 3657 per

574 3688 695 3743 quae
715 3689 809 3729 cor
838 3691 1033 3745 purum
1063 3678 1246 3749 (modo
1269 3681 1361 3750 qui
1391 3680 1703 3736 hominibus
1734 3680 2009 3751 possibilis
2039 3682 2150 3747 est)

574 3778 683 3834 quo
732 3765 925 3833 Deum,
958 3769 1145 3823 vident
1173 3769 1245 3823 illi
1278 3770 1501 3840 propius
1522 3771 1813 3835 intuentes,
1851 3771 1923 3825 ita
1954 3771 2155 3827 rectius

573 3856 884 3929 intelligunt
917 3858 1179 3927 placatior
1204 3860 1294 3915 ille
1320 3861 1585 3916 redditur.
1607 3860 1969 3917 Mediatricem
2000 3878 2151 3917 com-

571 3948 711 4017 pclla
768 3949 1167 4017 deprecationis
1209 3950 1371 4006 Verbi
1431 3952 1653 4007 Matrem
1692 3952 1985 4023 Virginem,
2008 3954 2150 4008 illam

571 4038 825 4100 inclama,
848 4046 1056 4092 natura:
1077 4038 1151 4092 illi
1196 4051 1557 4110 repraesentes
1584 4042 2004 4096 imbecillitatem
2031 4058 2150 4096 ma-

569 4142 730 4198 gnam
763 4136 817 4182 et
848 4127 1273 4198 inexplicabilem
1305 4150 1317 4186 :
1347 4133 1662 4203 tragtediam
1688 4143 1931 4191 nostram
1952 4132 2151 4189 intelli-

569 4216 645 4288 git
672 4235 685 4282 ;
734 4218 888 4273 novit
918 4228 1159 4289 cognata:
1190 4232 1399 4278 natura:
1420 4225 1703 4280 misereri:
1732 4240 1978 4280 assumas
2027 4225 2152 4280 licet

567 4319 865 4381 martyrum
882 4312 1098 4379 choros,
1118 4315 1425 4372 libertatem
1442 4318 1653 4388 plenam
1677 4319 1908 4375 adeundi
1924 4320 2145 4380 habent.

2274 550 2383 603 τῶν
2426 546 2889 618 κατορθωμάτων,
2933 544 3015 610 οἷς
3055 549 3432 621 περιέλαμπον
3474 553 3603 611 τοὺς
3656 556 3869 623 μυομέ-

2277 656 2429 706 νους,
2466 637 2835 709 ὲγνωρίζοντο.
2863 638 2976 692 Νῦν
2998 640 3057 691 δὲ
3091 642 3146 694 τί
3185 643 3380 712 γράφω
3404 659 3419 708 ;
3444 642 3678 714 θρήνους
3704 661 3721 709 ;
3752 644 3867 697 ἀλλ’

2274 732 2303 783 ό
2348 729 2795 801 συμπαθέστατος
2857 729 3127 800 Ἱερεμίας
3172 732 3459 801 προλαϐὼν
3496 736 3681 804 ἡμᾶς,
3738 735 3867 799 τοὺς

2277 819 2505 890 θρήνους
2546 820 2847 874 ἀπέδωκεν
2876 821 2937 873 ού
2982 824 3092 893 γάρ
3123 823 3351 878 ἐκείνων
3396 825 3463 878 τά
3494 825 3591 879 νῦν
3637 828 3863 879 ἀνεκτό-

2273 928 2428 983 τερα.
2475 911 2635 966 ’Λλλά
2664 911 3033 983 στεναγμούς;
3064 914 3157 967 καὶ
3184 914 3372 985 τίνεςῆ
3401 916 3542 970 ποῖοι
3556 914 3864 987 τηλικαύτῃ

2275 1008 2417 1077 φορᾷ
2443 1005 2720 1078 δυσχερῶν
2748 1006 3116 1078 ὲπαρκὲσουσι
3140 1027 3156 1075 ;
3186 1008 3295 1063 τῶν
3330 1009 3586 1083 δακρύων
3618 1011 3751 1064 ἄλλο
3776 1012 3862 1064 ἐπ’

2275 1097 2419 1167 ἄλλῳ
2448 1097 2620 1161 πάθος
2653 1097 3097 1170 προκαλούμενον
3139 1100 3202 1155 τὸ
3245 1101 3481 1174 ῥεῖθρον,
3526 1102 3629 1167 τὰς
3674 1103 3861 1173 πηγάς

2273 1190 2594 1261 ἀνεξήρανε,
2620 1191 2687 1244 τά
2716 1191 2848 1259 ἅγια
2874 1190 3217 1263 βεϐηλοῧται,
3252 1194 3318 1247 τά
3346 1194 3468 1264 ίερά
3496 1194 3862 1265 συμπεπάτη-

2273 1299 2362 1335 ται
2387 1296 2399 1310 ·
2445 1282 2506 1334 τὸ
2534 1284 2802 1350 πανάγιον
2833 1282 3057 1355 Πνεῦμα
3089 1282 3165 1355 (ὣ
3184 1282 3407 1355 χειλέων
3436 1285 3739 1350 δυσσεϐὦν,
3767 1286 3860 1338 καὶ

2271 1372 2508 1437 διανοίας
2530 1374 2961 1445 δυσσεϐεστέρας
2987 1378 2998 1429 !
3022 1375 3041 1445 )
3070 1375 3260 1449 ὥσπερ
3294 1396 3344 1431 τι
3368 1379 3477 1431 τῶν
3508 1381 3573 1432 ὲκ
3602 1378 3817 1448 τριόδου
3838 1416 3855 1444 ,

2271 1465 2638 1538 δυσφημεῖται
2668 1469 2762 1521 καὶ
2800 1468 3149 1541 διασύρεταν
3192 1469 3419 1540 ἐρημία,
3461 1470 3559 1522 καὶ
3587 1468 3724 1539 ὅρη,
3763 1468 3858 1521 καὶ

2275 1556 2551 1626 σπήλαια,
2592 1558 2687 1611 καὶ
2728 1558 2827 1628 τῆς
2874 1559 2977 1629 γῆς
3020 1560 3292 1629 ἐσχατιαὶ,
3346 1562 3471 1621 τοὺς
3524 1560 3692 1629 ἱερεῖς
3718 1557 3854 1612 Θεοῦ

2274 1650 2369 1702 καὶ
2408 1650 2685 1722 ἀρχιερεῖς
2710 1691 2725 1717 ,
2772 1652 2944 1718 ὅσουςἐ
2986 1652 3062 1723 μὴ
3130 1652 3603 1721 προκατελάϐοντο
3659 1652 3857 1721 πικραὶ

2276 1744 2534 1810 φυλακαὶ,
2557 1745 2651 1796 καί
2671 1745 2954 1816 ύπερόριοι
2978 1745 3287 1815 φυγαδεῖαι,
3317 1745 3466 1817 μόλις
3500 1743 3852 1808 διασώζουσυ

2276 1836 2367 1887 καὶ
2391 1834 2544 1888 ούπω
2576 1835 2719 1904 λέγω
2739 1839 2807 1889 τὰ
2836 1836 2972 1890 ἄλλα
2990 1852 3004 1865 °
3034 1836 3154 1889 οὐδὲ
3191 1837 3321 1906 γάρ,
3345 1837 3453 1891 οὐδ’
3482 1834 3855 1906 ἀποδύρεσθαι

2272 1928 2339 1979 τά
2366 1928 2656 1996 συνέχοντα
2684 1929 2863 1983 πάντα
2895 1928 2960 1998 (ὃ
2989 1928 3149 1998 μόνον
3175 1924 3264 1999 ἦν,
3308 1928 3383 1990 ὡς
3424 1928 3483 1979 ὲν
3509 1928 3856 1997 τηλικούτοις

2272 2022 2481 2083 κακοῖς,
2534 2020 2642 2072 τῶν
2674 2020 2968 2092 συμφορῶν
3001 2018 3367 2092 παραμύθιον)
3405 2021 3434 2074 ό
3466 2021 3856 2091 ὲπηρτημένος

2269 2109 2377 2162 τῶν
2422 2110 2662 2164 ἀπειλῶν
2716 2112 2881 2180 φόϐος
2927 2113 3193 2167 ἐνδίδωσιο
3226 2113 3401 2168 ταῦτα
3448 2113 3691 2184 γράφον
3738 2113 3855 2166 ἀλλ’

2269 2200 2411 2270 ἔχεις
2436 2201 2533 2271 τὴν
2555 2202 2759 2257 τούτων
2784 2204 3008 2272 γνῶσιν,
3028 2204 3216 2277 ὥσπερ
3244 2205 3366 2276 ὄψει
3396 2207 3491 2259 καὶ
3523 2207 3689 2276 ἀκοῇ,
3713 2206 3855 2259 οὕτω

2266 2293 2323 2345 δὲ
2366 2296 2705 2365 συμπάσχων
2748 2296 2970 2366 Χριστῷ
2991 2336 3007 2359 ,
3045 2298 3138 2350 καὶ
3164 2299 3297 2367 αὐτῇ
3331 2301 3396 2369 τῇ
3429 2278 3630 2369 πείρᾳ,
3663 2298 3776 2367 ἔχω
3803 2298 3852 2351 τί

2267 2382 2482 2451 γράψωο
2518 2384 2674 2453 στῆθι
2707 2387 2843 2455 πρὸς
2880 2386 3037 2453 Θεὸν,
3084 2387 3450 2457 ἐξευμενίζων
3475 2389 3567 2441 τὸν
3598 2390 3854 2458 Πλάστην

2266 2476 2343 2544 τῷ
2374 2476 2672 2545 πλάσματι*
2706 2477 2944 2531 ἔκτεινον
2986 2481 3167 2543 ὁσίους
3194 2497 3287 2533 σου
3319 2485 3531 2551 χεῖρας,
3556 2481 3661 2545 τὰς
3688 2483 3853 2535 ἑκτα-

2268 2568 2454 2631 θείσας
2491 2570 2657 2623 αὑτοῦ
2689 2570 2943 2641 παλάμας
2968 2572 3026 2625 ὲν
3064 2571 3143 2642 τῷ
3175 2572 3389 2643 σταυρῷ
3412 2612 3427 2635 ,
3453 2573 3529 2636 ὡς
3564 2574 3852 2644 ἱκετηρίαν

2266 2662 2587 2731 προτείνωνο
2636 2663 2763 2727 τοὺς
2808 2662 3003 2726 ἥλους,
3054 2664 3154 2734 τὴν
3180 2665 3403 2735 λόγχην,
3453 2664 3515 2717 τὸ
3560 2661 3728 2734 αἷμα,
3760 2665 3850 2717 τὸν

2266 2752 2517 2817 θάνατον,
2542 2755 2633 2806 τὸν
2666 2755 2856 2823 τάφον,
2897 2755 2965 2808 δι’
3003 2748 3078 2809 ὧν
3118 2755 3461 2826 σεσώσμεθα·
3488 2756 3641 2827 ἔχεις
3680 2754 3750 2810 δι’
3776 2750 3848 2811 ὧν

2264 2844 2608 2914 δυσωπήσεις
2646 2845 2739 2898 τὸν
2798 2846 3072 2912 εύῖλατον,
3116 2847 3215 2918 τὴν
3265 2846 3551 2919 βαρύτητα
3580 2846 3694 2900 τῶν
3727 2846 3847 2899 διω-

2263 2936 2441 3007 γμῶνο
2468 2936 2576 2991 τῶν
2606 2938 2954 3009 διωκομένων
2978 2939 3039 2993 τὸ
3063 2939 3203 3010 ὑπὲρ
3229 2939 3514 3002 εὐσεϐείας
3539 2940 3840 2993 ἀνένδοτον·

2262 3029 2330 3082 τὰ
2382 3028 2609 3098 ποίμνια
2657 3030 3108 3102 σπαρασσόμενα·
3161 3032 3288 3095 τοὺς
3339 3031 3647 3102 ποιμένας,
3696 3033 3842 3084 ἐστιν

2260 3120 2373 3186 οὓς,
2399 3122 2509 3176 οὐδ’
2534 3123 2658 3176 ὅποι
2679 3124 2781 3194 γῆς
2811 3126 2919 3178 εισι
2936 3125 3370 3195 γινωσκομένους
3396 3125 3495 3197 τὴν
3518 3124 3840 3196 Ἐκκλησίαν

2257 3212 2392 3265 Θεοῦ
2420 3215 2924 3287 κατατεμνομένην,
2953 3218 3136 3288 οῐμοι,
3176 3219 3272 3273 καὶ⁵
3312 3218 3711 3291 μεριζομένην·
3748 3238 3839 3291 με·

2260 3306 2469 3375 ρίζεται
2498 3308 2606 3378 γάρ
2633 3309 2804 3379 αὐτὴν
2837 3308 3001 3377 φόϐος
3029 3311 3167 3365 Θεοῦ
3186 3350 3205 3375 ,
3249 3312 3343 3365 κα)⁸
3366 3312 3535 3381 φόϐος
3564 3313 3839 3384 ἀνθρώπι-

2256 3418 2366 3466 νοςο
2396 3402 2517 3455 οὐδὲ
2560 3402 2692 3475 γάρ,
2719 3404 2832 3457 οὐδ’
2860 3404 2976 3457 ἔστι
3006 3405 3099 3459 τὸν
3128 3404 3271 3459 θετον
3297 3405 3684 3475 διαψεύδεσθαι
3709 3424 3838 3479 χρη-

2257 3496 2412 3565 σμόν
2433 3496 2501 3551 Τὸ
2523 3497 2640 3565 μὲν
2655 3498 2892 3568 πνεῦμα
2904 3500 3231 3569 πρόθυμον,
3244 3502 3283 3569 ἠ
3295 3500 3364 3554 δὲ
3379 3500 3536 3570 σὰρξ
3548 3501 3834 3570 ἀσθενής.

2257 3584 2443 3638 Ταῦτα
2478 3585 2754 3657 προϐαλοῦ
2777 3627 2793 3651 ,
2827 3588 3030 3659 μᾶλλον
3072 3588 3129 3642 δὲ
3155 3589 3347 3656 αὐτὸς,
3376 3590 3446 3644 δι’
3472 3585 3549 3646 ὧν
3587 3591 3839 3663 δυσωπή-

2256 3694 2398 3743 σεις,
2429 3673 2597 3743 οἶδας·
2628 3676 2711 3741 οἷς
2738 3680 2846 3750 γάρ
2880 3682 2914 3751 ἠ
2938 3679 3133 3751 καρδία
3166 3682 3382 3751 καθαρά
3402 3723 3420 3750 ,
3445 3684 3542 3737 an
3567 3682 3634 3756 δὴ
3680 3684 3835 3747 Θεὸν,

2253 3772 2329 3833 ὡς
2379 3771 2527 3824 ἔστιν
2572 3770 2847 3842 ἀνθρώπῳ
2891 3771 3118 3827 δυνατὸν
3170 3774 3323 3837 ίδείν,
3363 3774 3665 3845 ἐνορῶσινο
3693 3770 3835 3829 οὗτοι

2257 3864 2457 3935 μᾶλλον
2483 3863 2590 3916 τῶν
2630 3863 2805 3919 ἀλλων
2834 3865 3112 3929 συνίσασι,
3158 3867 3253 3921 καί¹
3282 3860 3363 3930 οἷς
3387 3866 3831 3937 ἐκμειλίσσεται·

2255 3957 2475 4027 κίνησον
2507 3959 2732 4030 μεσίτην
2768 3960 2870 4029 τῆς
2905 3960 3235 4031 πρεσϐείας,
3257 3962 3357 4032 τὴν
3383 3962 3479 4015 τοῦ
3507 3963 3687 4030 Λόγου
3719 3964 3837 4033 Μη-

2252 4048 2385 4119 τέρα
2420 4052 2515 4105 καί⁵
2555 4050 2851 4121 Παρθένον·
2888 4051 3081 4122 βόησον
3111 4056 3248 4125 πρὸς
3276 4054 3450 4122 αὐτὴν
3486 4054 3587 4124 τῆς
3619 4054 3835 4123 φύσεως

2250 4138 2350 4211 τὴν
2392 4140 2679 4196 ἀσθένειαν
2726 4142 2827 4215 τὴν
2865 4145 3084 4216 μακράν
3132 4144 3290 4215 ἡμῶν
3332 4146 3427 4198 καὶ
3476 4145 3834 4216 ἀνιστόρητον

2250 4233 2420 4286 πᾶσιν
2461 4234 2802 4305 τραγῳδίανο
2853 4230 2994 4291 οἶδεν
3044 4236 3399 4308 συμπαθῆσαι
3451 4236 3531 4308 τῷ
3579 4238 3827 4308 όμοφυείο

2252 4321 2358 4374 τῶν
2427 4324 2724 4395 μαρτύρων
2779 4325 2871 4379 τὸν
2914 4327 3071 4398 χορὸν
3115 4328 3513 4398 συμπαράλαϐε
3538 4346 3553 4360 ·
3616 4329 3830 4399 ἔχουσιν

565 4417 631 4455 ex
661 4403 859 4456 intuitu
887 4403 1101 4459 illorum
1137 4422 1258 4475 qua:
1284 4424 1382 4478 pro
1403 4409 1621 4465 Christo
1648 4411 1909 4478 tulerunt,
1937 4413 2142 4468 subve-

2263 4389 2583 4485 παρρησίαν,
2614 4389 2695 4481 οἷς
2724 4389 3089 4491 ἔπαθοννὺπὲρ
3116 4389 3354 4491 Χριστόῦ
3395 4389 3681 4492 ἐπαμῦναι
3719 4424 3826 4484 τοίς

564 4492 685 4547 nire
736 4494 925 4547 volunt
983 4504 1038 4550 et
1091 4497 1213 4552 aliis
1266 4499 1359 4569 qui
1419 4515 1519 4570 pro
1566 4501 1657 4557 illo
1701 4503 1999 4572 patiuntur.
2034 4504 2143 4562 Sed

2263 4507 2313 4560 it’
2341 4508 2505 4561 αὑτὸν
2531 4510 2836 4581 πάσχουσι·
2884 4513 2978 4565 καὶ
3009 4513 3120 4566 τῶν
3145 4513 3337 4568 παθῶν
3364 4514 3396 4584 ή
3422 4515 3686 4568 κοινωνία
3726 4532 3825 4569 πα·

561 4584 876 4640 communio
911 4589 1225 4656 passionum
1278 4592 1423 4647 cedit
1458 4608 1555 4662 per
1588 4609 1647 4649 se
1698 4596 1752 4650 in
1812 4598 2143 4653 consolatio-

560 4692 709 4742 nem,
732 4688 787 4732 et
814 4688 899 4734 est
923 4680 1175 4736 invitatio
1201 4684 1271 4738 ad
1310 4684 1417 4739 illis
1440 4687 1895 4754 subveniendum,
1926 4692 2017 4760 qui
2045 4706 2141 4761 pa-

558 4768 639 4822 ria
693 4770 969 4838 patiuntur
1006 4789 1019 4825 :
1081 4774 1262 4828 omnia
1306 4777 1593 4846 expedient
1636 4779 2081 4837 intercessionem
2120 4799 2135 4836 :

2247 4599 2512 4669 ράκλησίς
2534 4602 2682 4655 ἐστιν
2706 4602 2845 4674 αὐτὴ
2883 4601 3006 4657 καθ’
3047 4605 3241 4675 αὐτὴν,
3280 4605 3417 4675 πρὸς
3452 4606 3551 4677 τήν
3587 4606 3701 4660 τῶν
3724 4623 3823 4660 πα-

2245 4694 2483 4762 σχόντων
2508 4697 2851 4769 ὲπικουρίανο
2902 4699 3246 4769 πανταχόθεν
3276 4700 3435 4770 ῥᾴδια
3462 4701 3533 4754 τά
3558 4699 3665 4769 τῆς
3691 4717 3822 4772 πρε-

2247 4786 2455 4849 σϐείας·
2482 4786 2707 4851 εὔελπις
2737 4792 2771 4860 ἡ
2797 4790 2996 4844 ίκεσία⁶
3022 4790 3141 4855 ἑνὸς
3173 4791 3337 4862 μόνου
3363 4792 3558 4860 δεῖται,
3598 4792 3699 4864 τῆς
3728 4791 3822 4862 σῆς

556 4860 870 4929 deprecatio
905 4863 1257 4935 conjungitur
1282 4881 1407 4921 cum
1439 4883 1536 4937 spe
1575 4870 1738 4936 bona,
1795 4872 2137 4927 solummodo

2263 4880 2500 4945 ὲκτενοῦς
2530 4886 2862 4955 προσευχῆς,
2886 4886 2983 4941 καὶ
3004 4860 3265 4957 ἐπιμόνου
3303 4885 3562 4956 δεήσεως.

555 4950 709 5004 deest
763 4960 1020 5008 constans
1068 4964 1126 5009 et
1178 4957 1500 5013 continuata
1526 4970 1617 5014 tua
1658 4961 1859 5029 oratio,
1882 4971 2051 5034 atque
2077 4964 2133 5017 in

555 5040 899 5109 deprecando
934 5041 1137 5099 fervor.

1158 5158 1374 5215 EPIST.
1417 5161 1527 5218 XC.

734 5245 1025 5317 Nicephoro
1071 5252 1373 5322 philosOpho
1410 5256 1724 5313 monachum
1755 5261 1953 5330 agenti.

2855 5169 3078 5224 ΕΠΙΣΤ.
3124 5174 3194 5224 L'.

2855 5174 3078 5224 ΕΠΙΣΤ.
3162 5175 3194 5223 ’.

2489 5264 2806 5331 Νικηφόρῳ
2833 5174 3160 5331 φίλοιν-ὁδοιιῖι
3189 5258 3522 5330 μονάζοντι.

1777 5364 2041 5416 Ilontacnt.
2069 5369 2170 5432 (ep.
2194 5368 2302 5429 204,
2326 5382 2373 5431 p.
2399 5367 2534 5431 301).

618 5436 813 5492 Omnia
849 5453 910 5494 se
932 5439 1209 5499 habebant
1234 5449 1461 5519 optime,
1491 5466 1594 5506 nec
1628 5452 1869 5522 syntaxis
1897 5453 2123 5510 omnino

546 5525 748 5599 aliquid
774 5530 829 5585 in
859 5536 1360 5604 grammaticalibus
1409 5545 1683 5601 accuratis
1735 5543 2117 5603 claudicabat:

625 5692 670 5723 ⁸⁸
702 5690 898 5747 Matth.
936 5707 1089 5763 xxvr,
1125 5698 1211 5753 Η.

2302 5454 2557 5507 Ἀπαντα
2595 5454 2694 5522 μὲν
2726 5452 2907 5513 καλῶς
2933 5447 3070 5523 εἶχε,
3103 5453 3197 5506 καὶ
3225 5450 3377 5503 οὐδὲν
3413 5452 3533 5511 ταῖς
3562 5448 3813 5513 συντάξε-

2232 5564 2337 5616 σιν,
2365 5546 2397 5618 ἢ
2427 5550 2549 5613 ταῖς
2578 5548 2762 5612 ἄλλαις
2795 5547 3209 5619 γραμματικαῖς
3247 5543 3555 5615 ἀκριϐείαις
3599 5542 3629 5596 ό
3659 5541 3810 5608 λόγος
