4080 6408
266 282 363 349 90]
1419 270 1959 332 EPISTOLARUM
2003 270 2234 330 LIBER
2284 269 2366 333 II.
3415 272 3524 336 902

265 395 557 465 ὲχώλευεν·
588 391 625 445 ἃ.
656 390 712 443 δὲ
731 387 836 442 τῶν
865 384 1167 458 ῥητορικῶν
1197 384 1365 438 ἐνέδει
1393 384 1594 454 νόμων,
1628 384 1721 437 καὶ
1746 383 1846 452 τῆς

1956 383 2132 439 nullus
2152 383 2331 454 legum
2349 381 2766 438 rhetoricalium
2799 381 3045 439 defectus
3073 394 3209 452 erat,
3240 385 3326 441 vel
3355 386 3525 441 soler-

266 482 479 538 ἐκεῖθεν
513 479 823 550 περινοίας,
870 479 979 531 οὐδ’
1013 479 1073 531 ἑν
1116 474 1327 537 τούτοις
1373 474 1453 536 είς
1487 472 1848 542 ἀναίσχυντον

1956 476 2036 530 tia:
2057 476 2318 546 quiddam
2356 476 2532 532 solitae
2558 475 2803 531 adhiberi
2840 494 2855 530 :
2884 477 2981 531 sed
3008 491 3115 532 nec
3137 477 3214 531 ita
3279 478 3370 533 hic
3394 494 3525 547 pec-

266 572 653 645 ὲκφερομένων
669 571 779 623 τῶν
794 568 1198 641 γεγραμμένων
1214 564 1539 636 ἁμάρτημαο
1566 563 1849 618 καὶταῦτα

1956 567 2173 622 cabatur
2224 578 2285 622 ut
2343 567 2544 637 scripta
2600 582 2660 622 se
2721 567 3097 639 impudentius
3151 568 3520 624 venditarcnt.

266 665 328 719 δέ
367 682 473 727 σοι,
501 664 690 734 ὥσπερ
723 663 949 734 ’ᾔτησας
972 701 986 725 ,
1020 658 1359 731 διορθώσεως
1403 656 1635 727 τυχόντα
1668 672 1845 727 προσ-

1944 656 2073 713 Haec
2101 668 2266 728 prout
2290 659 2563 731 rogaveris
2590 667 2651 714 ut
2697 660 3122 731 corrigerentur,
3160 660 3228 714 ad
3255 668 3311 714 te
3360 660 3520 716 missa

267 755 753 825 αναπεπλήρωται.
782 753 916 823 Εῑης
943 752 1000 806 δὲ
1029 753 1130 806 κάν
1156 750 1385 814 τούτοις,
1405 747 1594 819 ὥσπερ
1613 748 1713 802 κάν
1738 749 1850 810 τοῖς

1956 751 2168 821 perfeci.
2195 751 2274 807 Tu
2296 762 2477 807 autem
2506 752 2560 807 in
2584 753 2726 818 istis,
2754 754 3209 824 quemadmodum
3235 763 3292 809 et
3321 753 3375 808 in
3401 751 3525 809 aliis

267 847 472 911 ἄλλοις,
498 846 658 909 αὐτὸς
691 845 780 898 διὰ
805 843 1031 899 σεαυτοῦ
1060 841 1311 914 λαμπρὸν
1338 838 1518 912 φέρων
1546 838 1608 894 τὺ
1640 839 1847 893 εὐδόκι-

272 959 395 1010 μον.
432 939 700 1011 Ἔρρωσθ.

880 1053 1101 1109 nam.
1130 1049 1246 1119 ιιΑν.

540 1150 856 1219 Νικηφόρῳ
891 1145 1205 1217 φιλοσόφῳ
1227 1141 1563 1211 μονάζοντι.

1948 840 2176 897 illustris
2198 841 2295 898 ﬁas
2332 851 2388 898 et
2415 843 2816 914 prmdicandus.
2859 844 3010 900 Vale.

2542 1047 2762 1104 EPIST.
2803 1047 2937 1104 XCI.

2272 1139 2323 1194 Ν
2330 1141 2568 1210 icephoro
2597 1142 2901 1212 philosopho
2931 1142 3203 1196 monacho.

1505 1252 1767 1308 Montacut.
1794 1248 1897 1312 (ep.
1920 1250 2032 1311 2l7,
2051 1264 2101 1314 p.
2123 1251 2254 1313 323).

347 1367 452 1420 Τὸν
487 1366 586 1437 μὲν
612 1362 707 1417 τοῦ
731 1362 983 1433 σώματος
1009 1360 1209 1431 ἔρωτα,
1238 1359 1620 1431 ἐπτερωμένον
1657 1359 1704 1411 οἱ
1738 1374 1846 1410 σω-

280 1459 504 1530 ματικοὶ
548 1456 852 1527 γράφουσι·
889 1453 1161 1524 γράφουσι
1189 1451 1246 1505 δὲ
1284 1453 1380 1505 καὶ
1414 1451 1506 1505 τὸν
1536 1451 1698 1514 θεῖον,
1736 1450 1849 1503 ὅσοι

274 1553 338 1605 τὸ
363 1549 547 1620 νοερὸν
572 1546 738 1601 αὑτοῦ
765 1545 959 1608 κάλλος
983 1544 1181 1615 ψυχαῖς
1221 1543 1483 1616 καθαραῖς
1532 1542 1849 1614 ὲνεμορφώ-

277 1655 442 1693 σαντο
467 1654 482 1669 ο
514 1636 640 1691 ἀλλ’
670 1638 719 1689 οἱ
744 1636 843 1707 μὲν
864 1635 1060 1705 βαφαῖς
1083 1634 1176 1687 καὶ
1190 1633 1494 1704 χρωμάτων
1526 1632 1740 1687 ἄνθεσιν
1764 1648 1778 1662 ·
1802 1632 1851 1685 oi

2017 1357 2273 1413 Amorem
2304 1358 2646 1429 corporalem
2691 1359 3001 1429 corporales
3031 1358 3131 1430 ipsi
3164 1359 3362 1414 alatum
3400 1360 3523 1431 pin-

1947 1459 2081 1521 gnnt
2116 1466 2131 1504 :
2163 1450 2393 1521 pingunt
2420 1450 2550 1505 item
2579 1451 2845 1516 divinum,
2876 1460 3140 1521 quotquot
3163 1452 3522 1521 pulchritudi-

1949 1557 2071 1596 nem
2131 1542 2251 1609 eins
2304 1542 2695 1613 intelligibilem
2759 1544 2957 1597 animis
3017 1543 3166 1613 pnris
3235 1543 3522 1617 eﬂigiatam

1948 1644 2163 1707 gestant
2188 1654 2200 1690 :
2224 1636 2299 1690 illi
2327 1636 2567 1691 colorum
2592 1637 2840 1690 tincturis
2859 1646 2915 1691 et
2933 1635 3063 1691 ﬂore
3089 1655 3101 1690 :
3126 1636 3213 1692 isti
3236 1636 3529 1691 virtutibus

275 1730 323 1783 δ’
355 1725 423 1782 αὖ
489 1728 712 1797 ἀρεταῖς
752 1726 845 1779 καὶ
882 1724 1278 1795 λαμπροτέροις
1303 1727 1415 1787 τοῖς
1446 1723 1849 1794 κατορθώμασι.

1956 1738 2010 1783 et
2048 1726 2347 1781 illustribus
2377 1726 2551 1783 factis.
2582 1728 2873 1782 Testantur
2907 1729 3143 1798 utrique,
3171 1744 3237 1784 eo
3275 1730 3422 1800 quod
3446 1729 3525 1783 sic

290 1818 575 1889 Ἐκάτεροι
599 1818 646 1871 δ’
664 1813 758 1871 οὖν
780 1818 931 1888 ὅμως
955 1816 1320 1887 μαρτυροῦσι,
1344 1815 1409 1868 δι’
1426 1809 1501 1870 ὧν
1525 1819 1848 1886 γράφουσιν,

277 1912 355 1976 ὡς
385 1911 592 1979 ἄφατον
622 1911 735 1980 ἔχει
766 1911 949 1980 τάχος,
978 1909 1072 1963 καὶ
1118 1908 1456 1979 προθεσμίας
1491 1909 1725 1978 ὑπάρχει
1750 1907 1849 1962 τύ-

283 2022 495 2076 ραννος,
521 2005 615 2057 καὶ
642 2004 954 2075 ὑπερόπτης
981 2004 1184 2069 νόμων,
1209 1997 1292 2065 οἷς
1337 2000 1574 2071 ἀναϐολὴ
1618 2000 1848 2054 διιθύνε-

282 2112 398 2149 ται.
430 2093 569 2148 Ἴσθι
606 2088 921 2163 τοιγαροῦν,
949 2085 995 2146 ὧ
1023 2091 1116 2145 τοῦ
1140 2091 1276 2145 Θεοῦ
1304 2091 1417 2161 ίερὲ
1453 2091 1730 2162 ἄνθρωπε,
1770 2089 1847 2153 ὡς

282 2186 383 2239 καὶ
402 2186 549 2256 ἡμᾶς
580 2186 613 2255 ἠ
643 2185 896 2254 τυραννὶς
945 2183 1083 2253 αῦτη
1138 2183 1281 2235 κατά
1309 2182 1507 2252 κράτος
1553 2175 1724 2246 εἷλκε,
1756 2182 1852 2235 καὶ

282 2280 387 2350 τὴν
411 2278 750 2350 προθεσμίαν
780 2276 1054 2343 ἐϐιάσατο,
1085 2276 1181 2328 καὶ
1236 2274 1344 2350 πρὸ
1382 2273 1476 2327 τοῦ
1512 2275 1703 2345 χρόνου
1748 2274 1850 2344 τὴν

282 2373 387 2441 σὴν
423 2371 727 2440 παρουσίαν
770 2367 1050 2438 ἐπιζητεῖν
1101 2368 1539 2439 κατηνάγκασεν.
1576 2366 1843 2439 "Eppium.

886 2477 1109 2534 ΕΠΙΣΤ.
1148 2476 1263 2545 ιε’.

473 2571 798 2637 Ἀθανασίφ
835 2569 1147 2642 μονάζογτι
1191 2570 1291 2623 καὶ
1329 2568 1676 2638 ἠσυχαστῇ.

1947 1818 2200 1890 pingunt,
2232 1819 2382 1889 quod
2424 1821 2702 1875 celeritate
2749 1819 2883 1873 mira
2922 1821 3180 1890 praeditus
3226 1829 3307 1877 est
3346 1836 3521 1886 amor,

1948 1911 2210 1983 pr0positi
2237 1922 2518 1983 tyrannus,
2544 1911 2722 1983 legum
2753 1922 3094 1983 contemptor
3130 1914 3327 1983 quibus
3352 1922 3526 1968 retar-

1948 2003 2124 2058 datur.
2160 2001 2465 2073 Cognoscas
2504 2002 2683 2073 igitur,
2707 2002 2814 2057 Deo
2844 2012 3053 2059 sacrate
3075 2004 3173 2068 vir,
3212 2020 3310 2058 nos
3332 2005 3398 2059 ab
3426 2005 3531 2060 hoc

1950 2101 2180 2165 tyranno
2200 2094 2554 2151 vehementer
2572 2109 2884 2165 oppressos,
2904 2096 2995 2166 qui
3020 2095 3347 2151 voluntatem
3365 2100 3529 2168 cogit,

1948 2194 2003 2240 et
2050 2193 2176 2239 ante
2206 2191 2422 2256 tempus
2439 2194 2583 2239 tuam
2610 2185 2903 2257 eﬂlagitare
2938 2188 3281 2257 praesentiam
3317 2190 3530 2245 incitat.

1952 2276 2097 2331 Vale.

2533 2477 2748 2533 EPIST.
2792 2478 2954 2535 XCII.

2245 2566 2537 2624 Athanasio
2561 2573 2813 2626 monacho
2840 2584 2889 2626 et
2917 2574 3266 2628 anachoreta.

1507 2686 1775 2738 Montacut.
1800 2689 1903 2751 (ep.
1931 2684 2041 2747 212,
2060 2701 2111 2750 p.
2132 2689 2263 2747 515).

371 2792 609 2864 Ἐπειδὴ,
636 2790 780 2847 κατὰ
807 2790 1038 2862 μίμησιν
1055 2787 1315 2860 Χριστοῦ,
1344 2786 1439 2842 τοῦ
1461 2768 1713 2858 ἀληθινοῦ
1731 2786 1865 2841 Θεοῦ

284 2890 319 2957 ἡ
330 2888 467 2957 μῶν,
479 2883 711 2939 σαυτὸν
723 2883 1113 2951 ἐσταύρωσας
1128 2880 1209 2946 τῷ
1219 2882 1425 2950 κόσμῳ
1440 2879 1533 2932 καὶ
1559 2879 1636 2949 τῷ
1665 2896 1866 2950 κοσμο-

289 2979 539 3048 κράτορι,
568 2972 836 3044 πέπομφα
866 2988 946 3025 σοι
970 2971 1062 3024 τὸν
1110 2969 1342 3041 σταυρὸν
1373 2969 1739 3040 φυλακτήριον
1767 2969 1866 3039 τῆς

294 3087 428 3122 σταυ
439 3066 675 3138 ρώσεως.

901 3174 1127 3230 sum.
1165 3176 1276 3244 ιιι-ν.

520 3270 798 3341 Ἀρσενίῳ
821 3268 1138 3339 μονάζοντι
1174 3268 1273 3323 καὶ
1298 3268 1646 3338 ἠσυχαστῇ.

2031 2790 2513 2861 Quandoquidem,
2561 2792 2628 2847 ad
2669 2793 2977 2865 exemplum
3022 2793 3223 2849 Christi
3276 2794 3389 2849 veri
3438 2795 3531 2850 Dei

1962 2883 2154 2949 nostri,
2188 2886 2383 2940 mundo
2430 2896 2479 2940 te
2523 2887 2828 2956 cruci/ixisti
2879 2898 2935 2943 et
2982 2890 3178 2945 rectori
3233 2889 3531 2955 mundano,

1963 2974 2087 3032 misi
2113 2976 2180 3032 ad
2211 2987 2262 3032 te
2292 2993 2510 3035 crucem
2543 2980 2845 3035 custodiam
2874 2980 3261 3037 cruciﬁxionis.

2530 3176 2744 3233 EPIST.
2788 3178 2969 3234 XCIII.

2316 3270 2534 3324 Arsem'o
2562 3272 2811 3324 monacho
2831 3272 3182 3328 anacltoretw.

1512 3380 1783 3432 Montacut.
1809 3381 1915 3446 (ep.
1938 3382 2048 3444 251,
2068 3398 2118 3447 p.
2138 3384 2250 3446 545)

363 3489 429 3541 Τί
459 3488 687 3559 γράφως
714 3485 920 3554 οἴχεται
955 3484 1055 3552 μὲν
1071 3484 1225 3557 εὐχὴ,
1253 3484 1459 3555 οἴχεται
1483 3484 1528 3537 δ’
1557 3481 1861 3554 ἀνθρώπων

290 3581 459 3653 ἀρετή
498 3594 513 3611 ·
560 3578 892 3632 ὶκκέκοπται
942 3576 1000 3629 δὲ
1050 3574 1333 3647 παρρησία
1378 3572 1515 3644 πρὸς
1558 3571 1712 3637 Θεὸν,
1768 3573 1863 3625 καὶ

291 3674 503 3740 ἀνδρῶν
550 3674 755 3743 ἔρημος
785 3670 814 3722 ὁ
851 3668 965 3738 βίος
1016 3666 1281 3720 ἑλκόντων
1328 3666 1442 3728 τοῖς
1484 3664 1577 3718 ἐπὶ
1633 3663 1735 3734 γῆς
1762 3660 1861 3733 τὴν

290 3766 499 3821 ἄνωθεν
530 3764 817 3835 πρόνοιαν
838 3764 872 3831 ἡ
904 3761 1026 3832 δίκη
1058 3758 1197 3831 (πῶς
1230 3757 1409 3824 εἴπω;
1460 3758 1522 3811 ού
1563 3759 1673 3829 γὰρ
1702 3756 1860 3811 ἐϐου-

290 3859 465 3928 λόμην
494 3855 686 3925 εἰπεῖν)
715 3856 796 3907 ὅτι
829 3853 1078 3907 καθεύδει
1110 3854 1253 3923 μέγα
1299 3853 1539 3921 φυσᾶται
1580 3852 1641 3905 τὸ
1680 3850 1860 3921 παρά-

290 3967 455 4020 νομον
480 3964 495 3978 ⁸
523 3949 618 4001 καὶ
673 3946 891 4018 θεσμῶν
940 3944 1063 3999 οὔτε
1106 3943 1287 4008 θείων,
1339 3944 1464 3998 οὕτε
1505 3943 1862 4015 ἀνθρωπίνων

288 4042 455 4105 αίδὼς
496 4040 755 4110 οὐδεμίαο
798 4041 845 4092 oi
882 4040 939 4092 δὲ
971 4039 1068 4109 τῆς
1102 4038 1345 4102 παλαιᾶς
1398 4036 1613 4108 ἐκείνης
1658 4036 1862 4106 ἀρετῆς

288 4133 588 4203 ἄνθρωποι,
616 4133 773 4195 ὅσους
794 4132 870 4201 μὴ
901 4130 1373 4201 προκατελάϐοντο
1407 4130 1582 4200 δεσμά
1617 4129 1710 4183 καὶ
1761 4145 1862 4197 φυ-

290 4224 456 4277 λακαὶ
476 4224 571 4276 καὶ
604 4221 884 4291 ὐπερόριοι
924 4220 1237 4284 καταδίκαι,
1282 4224 1391 4283 τοῖς
1412 4222 1563 4291 ὄρεσι
1606 4219 1704 4272 καὶ
1743 4222 1861 4282 ταῖς

289 4317 521 4387 πέτραις
584 4311 1109 4383 ὲγκατακλείσαντες
1180 4313 1440 4375 ἑαυτοὺς,
1497 4312 1625 4376 καὶ,
1673 4310 1861 4381 ὥσπερ

291 4403 531 4472 έρμαίφ,
561 4404 627 4472 τῇ
657 4402 807 4471 κοινῇ
836 4400 1091 4469 συμφορᾷ
1124 4399 1532 4469 περιτυχόντες,
1566 4399 1722 4453 αὐτοὶ
1759 4398 1861 4468 μὲν

290 4496 367 4556 ὡς
406 4493 742 4565 πορρωτάτω
774 4492 874 4561 τῆς
898 4494 954 4545 ὲν
977 4492 1166 4562 κόσμῳ
1194 4490 1359 4561 ζάλης
1402 4491 1669 4553 ἵστανται,
1706 4490 1860 4542 οὐδε-

294 4585 427 4656 μίαν
445 4584 502 4636 δὲ
533 4581 640 4635 τῶν
665 4584 723 4635 ὲν
744 4582 893 4653 αὐτῷ
914 4581 1389 4655 κλυδωνιζομένων
1412 4582 1504 4634 καὶ
1532 4580 1864 4651 βαπτιζομέ-

289 4693 399 4730 νων
445 4673 599 4726 ἐστιν
633 4667 708 4727 ὧν
735 4673 991 4745 φροντίδα
1044 4672 1349 4743 βάλλονται.
1399 4672 1534 4726 Οὐδὲ
1582 4671 1691 4741 γὰρ
1745 4670 1859 4723 ίλα-

2030 3485 2301 3552 Quorsum
2349 3485 2571 3541 scribo?
2606 3486 2738 3541 abiit
2780 3487 3110 3557 deprecatio,
3146 3487 3321 3543 virtus
3355 3489 3533 3544 homi-

1958 3592 2090 3631 num
2119 3576 2273 3646 abiit,
2311 3576 2535 3635 libertas
2575 3578 2720 3648 apud
2767 3577 2938 3632 Deum
2982 3576 3245 3643 aufertur,
3288 3578 3530 3635 virorum

1959 3668 2068 3723 vita
2100 3682 2270 3722 vacua
2294 3678 2398 3732 est,
2423 3670 2517 3739 qui
2541 3670 2608 3725 de
2650 3669 2787 3726 etelo
2818 3669 2871 3724 in
2905 3679 3101 3725 terram
3132 3670 3533 3740 providentiam

1958 3758 2225 3814 devocant
2263 3777 2279 3813 :
2317 3760 2526 3830 justitia
2554 3762 2708 3832 (quid
2753 3762 2966 3817 dicam?
3008 3772 3157 3817 certe
3204 3763 3404 3817 nollem
3450 3763 3534 3817 di-

1959 3849 2119 3920 cere)
2176 3849 2454 3919 quiescit:
2504 3852 2759 3922 iniquitas
2802 3854 3048 3923 ingentes
3083 3852 3306 3922 spiritus
3345 3853 3534 3921 sumit,

1958 3939 2107 3993 nulla
2147 3941 2477 3996 verecundia
2510 3954 2595 3999 est
2626 3943 2803 4014 legum
2852 3944 3160 3999 divinarum
3208 3954 3303 3999 aut
3342 3944 3537 4000 huma-

1958 4048 2151 4086 narum
2196 4052 2208 4087 :
2270 4034 2521 4090 homines
2561 4036 2735 4106 prisca
2776 4036 2863 4091 illa
2912 4037 3108 4092 virtute
3144 4038 3392 4108 praediti,
3444 4038 3537 4108 qui

1957 4124 2187 4179 vinculis
2206 4134 2259 4179 et
2286 4126 2546 4181 custodiis
2568 4143 2676 4181 non
2701 4137 3137 4195 antevertuntur,
3159 4132 3252 4200 qui
3275 4131 3327 4185 in
3352 4132 3538 4187 exsilio

1959 4232 2069 4271 non
2112 4228 2299 4287 agunt,
2332 4218 2608 4273 montibus
2647 4228 2702 4273 et
2751 4220 3028 4289 speluncis
3075 4237 3134 4275 se
3176 4223 3536 4290 inclmlentes,

1959 4307 2052 4375 qui
2093 4316 2349 4383 tanquam
2380 4308 2606 4363 invento
2642 4308 2885 4374 fortuito,
2930 4310 2985 4363 in
3018 4327 3361 4367 communem
3405 4314 3539 4369 inci-

1957 4398 2098 4453 dunt
2131 4400 2513 4464 calamitatem,
2540 4416 2569 4454 a
2595 4402 2925 4456 turbulentis
2945 4403 3161 4472 quidem
3189 4406 3377 4459 mundi
3412 4422 3538 4475 pro-

1960 4492 2108 4547 cellis
2136 4502 2504 4558 rcmoventur,
2536 4495 2740 4548 nullam
2770 4504 2951 4549 autem
2981 4510 3166 4550 curam
3194 4506 3249 4552 et
3279 4497 3538 4552 sollicitu-

1961 4583 2140 4637 dinem
2172 4584 2372 4637 habent
2393 4584 2629 4650 illorum,
2660 4586 2750 4655 qni
2779 4586 2831 4639 in
2861 4587 2975 4642 salo
3009 4588 3247 4641 immersi
3273 4588 3538 4643 ﬂuctuan-

1965 4683 2155 4744 tesque
2210 4677 2533 4747 agitantur:
2588 4678 2944 4747 propitiantes
2991 4694 3187 4733 manus
3241 4679 3308 4733 ad
3367 4677 3537 4736 Deum

296 4766 551 4838 στηρίους
571 4767 759 4836 χεῖρας
781 4765 1015 4819 ἀπλοῦσι
1034 4765 1168 4836 πρὸς
1193 4764 1349 4831 Θεὸν,
1382 4764 1503 4817 οὐδὲ
1525 4764 1593 4818 τά
1622 4764 1857 4827 Μωσέως

1966 4782 2077 4820 non
2117 4767 2415 4823 attollunt:
2450 4783 2552 4823 nec
2597 4784 2721 4825 cum
2770 4768 2919 4825 Mose
2968 4770 3139 4832 aiunt,
3189 4768 3249 4824 Si
3287 4772 3535 4838 dimittes,

292 4859 644 4929 φθέγγονται,
675 4861 911 4930 Ἀνμὲγ
939 4858 1120 4929 ἀφῇς,
1141 4860 1310 4928 ἄφες·
1341 4858 1436 4913 καὶ
1450 4858 1547 4929 τὴν
1578 4857 1868 4911 ὑπόλοιπον

292 4950 509 5020 ἐκείνην
538 4950 760 5021 φίλτρου
792 4952 1067 5022 γέμουσαν
1091 4952 1186 5005 καὶ
1207 4950 1530 5022 θαυμαστῆς
1554 4951 1867 5022 παρρησίας

291 5046 477 5113 φωνήν
494 5059 511 5077 ο
544 5042 665 5096 οὐδὲ
686 5043 838 5097 λύσιν
861 5044 968 5097 τῶν
992 5043 1290 5115 ἀμηχάνων
1318 5042 1506 5097 κακῶν
1533 5039 1616 5107 οἷς
1642 5044 1703 5096 τὸ
1736 5058 1867 5111 συγ-

290 5134 448 5202 γενὲς
482 5133 761 5204 συνέχεται
789 5134 1197 5206 δαπανώμενον.
1226 5135 1288 5188 Ei
1308 5135 1367 5188 δὲ
1396 5135 1686 5205 ψεύδομαι,
1721 5135 1858 5205 ὑμέ-

289 5239 452 5293 τερον
487 5224 588 5293 μέν
615 5225 730 5275 ἐστι
752 5222 939 5276 λοιπὸν
974 5224 1237 5294 ἐλέγχειν,
1280 5222 1414 5293 ἐμὸν
1464 5222 1522 5276 δὲ
1572 5222 1863 5291 πεισθῆναι

291 5314 390 5369 καὶ
449 5315 775 5385 προσοφλεῖν
822 5314 1105 5387 αἰσχύνην,
1150 5315 1431 5387 ὁμολογεῖν
1483 5316 1659 5387 χαρᾶς
1690 5314 1863 5369 ἀϊδίου

294 5402 586 5473 πρόξενον.

1967 4859 2171 4913 dimitte
2203 4874 2222 4913 :
2246 4867 2303 4914 et
2342 4875 2463 4931 quae
2508 4861 2563 4915 in
2614 4862 2707 4916 illo
2748 4876 3001 4915 sermone
3038 4862 3299 4918 mirabilis
3336 4866 3538 4919 amoris

1964 4960 2270 5021 sequuntur
2295 4971 2307 5007 :
2331 4969 2442 5009 non
2466 4954 2843 5009 liberationem
2870 4969 2901 5008 a
2924 4954 3079 5010 malis
3105 4955 3539 5013 ineluctabilibns

1962 5044 2158 5113 quibus
2179 5046 2365 5100 eadem
2394 5058 2584 5102 natura
2612 5046 2823 5117 praediti
2847 5046 3128 5116 ,continuo
3147 5047 3535 5119 depascuntur.

1964 5135 2021 5191 Si
2060 5140 2311 5204 mentior,
2347 5148 2454 5193 tuae
2489 5149 2671 5209 partes
2710 5149 2837 5195 sunt
2869 5140 3217 5207 convincere,
3250 5157 3382 5197 mea
3410 5157 3536 5196 mu-

1965 5235 2082 5282 tare
2126 5228 2452 5281 sententiam
2497 5236 2552 5281 et
2604 5228 2811 5298 pudore
2866 5227 3109 5285 suﬂ'undi
3158 5239 3213 5286 et
3272 5230 3536 5303 pudorem

1964 5332 2259 5389 agnoscere
2285 5316 2483 5373 laetitiae
2507 5326 2725 5375 interna:
2755 5320 3182 5379 conciliatorem.
