4080 6420
573 289 676 355 903
1724 279 1985 341 ΡΠΟΤῐῙ
2018 279 2184 340 PATi

2226 277 2519 338 [ARCH/E
2565 277 2673 337 ΟΡ.
3727 273 3837 336 904

753 392 756 394 ’
1141 394 1354 452 EPIST.
1387 392 1574 449 xcw.
2171 401 2220 458 Α
2858 389 3081 443 enim.
3118 390 3229 454 μιν.

696 491 993 562 Nicephoro
1038 491 1360 560 philosopho,
1390 487 1732 542 monasticam
1784 488 2042 557 amplexo.

1965 503 2042 541 ro.
2518 481 2840 553 Νικηφόρῳ
2883 481 3198 551 φιλοσόφῳ
3242 478 3576 549 ﬂor-dtur".

1817 599 2084 649 Montacut.
2125 601 2230 663 (ep.
2261 599 2370 657 253,
2401 613 2450 662 p.
2484 596 2618 661 556).

649 711 722 766 De
738 711 934 782 quibus
959 707 1181 764 accedat
1204 722 1520 778 gravamen,
1548 705 1770 778 ignoro:
1793 707 1919 761 novi
1943 718 2150 770 autem,

2334 706 2450 776 Ἐφ’
2470 699 2552 771 οἷς
2579 705 2678 776 μὲν
2707 704 2740 775 ἡ
2771 700 3044 773 ἀχθηδὼν,
3072 699 3287 771 ἀγνοῶ⁶
3319 694 3436 754 οῖδα
3460 699 3518 754 δὲ
3548 699 3676 753 κατ’
3709 698 3831 768 ὅφιν

577 813 832 871 tauquam
872 817 968 872 per
1011 800 1340 854 insomnium
1377 806 1619 869 rogatus,
1659 797 1963 853 rhetoricas
1996 797 2154 852 exhi-

2251 797 2528 864 ἀξιωθεὶς,
2583 795 2879 868 ῥητορικὰς
2929 793 3186 864 ἀφορμὰς
3236 795 3565 864 παρασχεῖν,
3603 792 3740 855 ὅσας
3771 807 3829 844 τε

574 897 706 951 bere
737 895 830 950 tibi
858 893 1189 958 occasiones,
1225 893 1307 946 vel
1337 901 1628 961 praecepta,
1659 899 1774 946 tum
1814 906 1936 961 quae
1969 891 2152 962 lingua

2252 890 2469 960 γλῶττα
2493 890 2805 961 χαρίζεται,
2830 887 2922 940 καὶ
2948 886 3003 939 εἴ
3019 903 3073 939 τι
3099 885 3270 956 βίϐλοι
3287 883 3825 954 προσεκδιδάσκουσι“

577 988 898 1047 etleruntur,
949 995 1062 1039 tum
1113 1000 1233 1054 qua:
1291 984 1443 1038 Libris
1489 990 1966 1052 repraesentantur.
2017 979 2153 1036 Novi

2254 982 2348 1035 καὶ
2395 981 2584 1044 ἀπλῶς
2626 981 2726 1050 μὲν
2776 977 3198 1050 προϐαλλομένῳ
3242 975 3340 1030 καὶ
3391 975 3827 1046 ἀπροσδιορίστῳ

577 1082 739 1134 etiam
791 1088 1050 1149 praeterea
1083 1077 1313 1130 similem
1346 1091 1630 1130 assensum
1672 1075 1952 1138 exhibere,
1996 1083 2050 1127 et
2078 1073 2152 1126 ain

2257 1076 2457 1143 ῥήματι
2483 1072 2581 1144 τὴν
2605 1072 2826 1137 ἀξίωσιν
2858 1069 3071 1123 σύνοιδα
3096 1069 3192 1122 καὶ¹
3218 1067 3379 1130 αὐτὸς
3393 1067 3590 1136 ὁμοίαν
3618 1084 3705 1119 σοι
3735 1067 3827 1118 καὶ

579 1169 854 1224 communi
905 1169 1172 1236 positum,
1204 1167 1384 1221 verbis
1427 1167 1746 1237 simpliciter
1781 1175 1836 1220 et
1868 1164 2153 1219 indeﬁnite

2255 1164 2439 1235 κοινὴν
2467 1163 2829 1233 πεποιημένος
2855 1161 2955 1234 τὴν
2995 1161 3275 1214 ἐπίνευσιν
3297 1172 3312 1187 ’
3359 1157 3454 1212 σοῦ
3499 1158 3579 1223 δέ,
3621 1158 3682 1210 τὸ
3716 1157 3826 1210 λοι-

579 1258 828 1329 prolatis,
877 1257 1260 1325 interrogatus.
1297 1257 1429 1311 Cum
1479 1273 1607 1312 vero
1648 1266 1699 1311 te
1731 1257 1786 1310 in
1820 1271 1980 1310 causa
2018 1254 2155 1308 nihil

2255 1259 2376 1324 πὸν,
2454 1257 2620 1328 μηδὲν
2675 1255 3023 1327 προσθέντος,
3098 1255 3236 1324 μήτε
3291 1253 3373 1307 δτι
3423 1249 3826 1322 παραγενέσθαι

577 1351 866 1420 adjeceris,
918 1365 1020 1404 nec
1073 1349 1291 1419 quidem
1344 1349 1491 1418 quod
1555 1350 1610 1404 in
1666 1364 1782 1403 rem
1833 1337 2163 1418 praesentem

2253 1351 2362 1404 δέοι
2383 1366 2396 1380 ο
2428 1351 2516 1403 ἵνα
2540 1350 2635 1402 καὶ
2657 1349 2870 1417 γλῶττα
2892 1347 3072 1415 λέγειν
3101 1347 3236 1417 ἔχοι,
3266 1361 3367 1399 ττα
3393 1342 3462 1397 ἂν
3493 1342 3631 1396 ista!
3659 1340 3825 1408 λέγοι,

579 1441 770 1493 adesse
796 1455 882 1494 me
909 1449 1181 1508 oporteat,
1210 1440 1284 1492 ita
1315 1449 1372 1494 ut
1395 1439 1578 1510 lingua
1602 1439 1916 1494 facultatem
1940 1439 2154 1493 dicendi

2261 1443 2398 1512 μήτε
2437 1443 2516 1504 είς
2564 1440 2658 1493 ἐπὶ
2687 1443 2884 1513 μέρους
2930 1440 3025 1492 καὶ
3084 1436 3399 1509 ὡρισμένην
3451 1435 3703 1502 ἀξίωσιν,
3733 1431 3828 1502 τὴν

581 1529 667 1582 illa
698 1530 912 1593 habeat,
942 1545 1063 1600 quae
1089 1530 1316 1585 dicenda
1349 1539 1505 1596 sunt;
1538 1546 1716 1600 neque
1744 1531 1946 1600 aliquid
1967 1541 2156 1600 protu-

2258 1531 2572 1600 κοινοτέραν
2603 1530 2698 1584 καὶ
2743 1530 3010 1600 ἀόριστον
3044 1526 3515 1598 περιενεγκόντος,
3548 1524 3687 1596 μηδὲ
3734 1539 3826 1576 σα-

580 1620 728 1686 leris,
757 1622 902 1690 quod
947 1622 1260 1692 p‘articulari
1297 1633 1581 1694 congruat,
1615 1623 1957 1692 deﬁnitaeque
1991 1623 2157 1677 inter

2258 1624 2373 1692 φῶς
2400 1623 2781 1694 δεδηλωκότος,
2818 1621 2980 1676 τίνων
3003 1622 3119 1675 ἐστί
3156 1637 3238 1674 σοι
3270 1618 3431 1690 χρεία
3452 1617 3697 1689 βιϐλίων,
3736 1614 3826 1669 καὶ

583 1713 870 1783 rogationi,
891 1730 960 1767 ne
983 1714 1200 1784 quidem
1227 1715 1522 1778 communi,
1543 1724 1600 1768 et
1620 1714 1940 1785 generaliori
1960 1714 2153 1768 modo:

2260 1718 2419 1780 ποίας
2445 1717 2554 1770 τῶν
2586 1714 2893 1786 ῥητορικῶν
2925 1712 3129 1782 τεχνῶν
3171 1709 3582 1780 πραγματείας,
3613 1709 3708 1762 καὶ
3747 1707 3826 1758 τί-

584 1825 688 1864 nec
722 1810 1006 1879 perspicue
1051 1809 1306 1870 edixeris,
1333 1825 1560 1877 quorum
1589 1809 1684 1864 tibi
1724 1809 1988 1864 librorum
2027 1827 2159 1867 usus

2260 1825 2349 1870 νος
2372 1805 2770 1876 τεχνογράφου.
2800 1803 2924 1866 Πῶς
2955 1802 3021 1855 ἂν
3065 1800 3330 1870 δυναίμην
3351 1795 3482 1866 ἐγὼ,
3529 1796 3562 1864 ἢ
3592 1794 3695 1863 τῆς
3723 1809 3827 1862 φω·

585 1910 689 1964 est,
728 1917 866 1970 quas
891 1901 1167 1955 desideres
1205 1901 1484 1954 rhetorum
1515 1901 1858 1970 scriptiones,
1887 1903 2045 1972 cujus
2073 1920 2158 1956 ar-
2186 1917 2196 1974 1

2216 1918 2233 1973 ς
2262 1902 2356 1971 νῆς
2383 1899 2480 1970 τὴν
2519 1900 2796 1969 ἀπήχησιν
2823 1895 3061 1965 τοσούτῳ
3092 1890 3458 1962 διεστηκότων
3477 1887 3827 1957 διαστήματι,

590 1992 746 2045 tiﬁcis
799 1992 1117 2046 artiﬁciosas
1167 1998 1428 2045 texturas.
1480 1991 1761 2056 Quomodo
1806 2002 1964 2062 putas
2003 2008 2162 2063 posse

2265 1995 2426 2063 μέχρι
2473 1993 2582 2044 τῶν
2623 1993 2733 2046 σῶν
2780 1989 2936 2043 ὢτων
2987 1983 3446 2058 παρατείνεινςεί
3503 1983 3578 2053 μή
3623 1998 3694 2051 με
3741 1981 3829 2032 καὶ

586 2099 675 2138 me
705 2084 854 2138 vocis
883 2084 1346 2152 repercussionem
1379 2095 1507 2151 tuae,
1548 2100 1671 2141 cum
1701 2095 1851 2140 tanto
1879 2086 2163 2141 intervallo

2263 2084 2638 2153 Στεντορείους
2678 2082 2900 2151 μύθους,
2940 2083 3023 2134 ὅτι
3074 2080 3148 2150 μὴ
3185 2075 3384 2150 μακρῷ
3441 2073 3831 2144 φθεγγόμενος,

585 2177 757 2230 simus
785 2177 1168 2241 disterminati,
1207 2178 1274 2232 ad
1305 2186 1424 2231 tuas
1453 2192 1628 2246 usque
1665 2193 1826 2233 aures
1861 2178 2161 2234 derivatam

2263 2177 2620 2245 ἀποκρύπτω,
2652 2175 2814 2229 πάλιν
2843 2173 3086 2243 αἰτιάσῃ,
3122 2171 3155 2242 ἢ
3191 2169 3415 2242 βιϐλίων
3446 2165 3657 2236 πλῆθος
3685 2165 3830 2234 ἀόρι-

584 2268 911 2335 extendere,
937 2268 1038 2321 nisi
1066 2268 1300 2323 fabulam
1338 2269 1404 2324 de
1432 2268 1715 2325 Stentorea
1744 2287 1877 2326 voce
1895 2272 2165 2342 deponere

2267 2287 2410 2333 στον,
2442 2264 2542 2322 ὧδε
2579 2268 2806 2320 κάκεῖσε
2855 2263 3254 2336 διερευνᾶσθαι,
3312 2257 3434 2314 εἶτα
3477 2259 3659 2329 μάτην
3717 2255 3833 2308 διαι-

585 2376 674 2414 nte
708 2375 864 2429 posse
897 2361 1090 2430 putes?
1129 2360 1354 2428 Deinde,
1402 2375 1456 2416 et
1490 2362 1743 2418 incusare
1790 2365 1978 2429 debes,
2020 2367 2166 2436 quod

2265 2364 2526 2434 πέμπειν.
2578 2361 2643 2413 Ἦ
2674 2360 2784 2431 γὰρ
2809 2360 3000 2425 ἄγνοια
3052 2354 3146 2408 τοῦ
3195 2351 3554 2425 ζητουμένου,
3586 2350 3690 2420 τῆς
3749 2348 3835 2400 τὲ-

585 2452 859 2523 ingentem
899 2453 1157 2506 librorum
1181 2467 1434 2507 acervum
1474 2455 1601 2508 hinc
1625 2454 1750 2510 inde
1771 2458 2162 2527 conquisitum,

2265 2473 2395 2526 χνης
2419 2455 2637 2523 ἀπάσης
2669 2454 2761 2506 καὶ
2804 2452 2915 2504 τῶν
2955 2450 3084 2520 περὶ
3131 2446 3301 2517 αὐτὴν
3330 2445 3429 2505 τὰς
3466 2442 3705 2514 βίϐλους,
3763 2441 3838 2503 είς

589 2560 700 2597 non
731 2545 1006 2598 incassum
1036 2545 1105 2599 ad
1153 2555 1204 2600 te
1249 2546 1508 2600 miserim.
1546 2546 1854 2618 Ignorantia
1898 2560 2043 2606 certe
2085 2552 2165 2606 rei

2264 2550 2510 2617 ἀνάγκην
2537 2549 2604 2602 ἂν
2636 2546 2817 2616 ἀπῆγε
2859 2543 3218 2613 συναγείρειν.
3261 2539 3400 2594 Ἀλλ’
3420 2539 3470 2590 εί
3515 2538 3615 2608 μὲν
3642 2538 3699 2588 ἐν
3726 2535 3839 2587 τού-

585 2636 846 2704 quaesitze,
889 2635 992 2690 hoc
1025 2646 1128 2702 est,
1164 2651 1290 2691 cum
1339 2637 1512 2707 ipsius
1556 2639 1710 2700 artis.
1742 2648 1858 2694 tum
1899 2641 2164 2697 librorum

2266 2661 2376 2705 τοις
2409 2642 2535 2712 ἔσχε
2587 2641 2684 2703 τὰς
2719 2638 2881 2708 γονὰς
2924 2639 2958 2706 ἡ
2998 2635 3269 2706 ἀχθηδὼν,
3293 2632 3465 2695 οὐδὲν,
3495 2625 3542 2683 ὢ
3574 2628 3835 2700 βέλτιστε.

586 2727 652 2780 ad
686 2727 830 2780 illam
869 2727 1259 2796 pertinentium
1282 2767 1297 2792 ,
1332 2727 1388 2781 in
1419 2727 1801 2784 necessitatem
1840 2733 2168 2802 conjecisset

2232 2722 2401 2808 ’πρὸς
2431 2737 2578 2806 ἡμᾶς
2599 2750 2612 2763 ·
2639 2733 2748 2786 εἰδ’
2787 2731 2915 2785 ἄλλο
2941 2730 2995 2782 τί
3030 2731 3179 2791 ἐστι,
3217 2727 3280 2782 σὺ
3312 2725 3370 2778 δέ
3404 2741 3493 2796 μοι
3537 2720 3837 2790 σύγγνωθι.

583 2818 942 2886 conquirendi
1003 2819 1212 2887 (omnes
1273 2819 1476 2882 libros,
1542 2820 1610 2874 de
1660 2837 1987 2892 quacunque
2041 2835 2162 2879 arte

2267 2830 2360 2880 καὶ
2390 2829 2564 2898 χρόνῳ
2593 2824 2811 2897 μακρῷ,
2859 2823 2954 2877 καὶ
2999 2822 3140 2891 νόσῳ
3184 2819 3360 2890 πικρᾷ
3390 2817 3451 2871 τὸ
3473 2817 3704 2887 κρατεῖν
3752 2812 3839 2864 λα-

586 2914 817 2983 scriptos
845 2913 906 2982 :).
937 2912 993 2968 Si
1019 2913 1176 2968 dolor
1213 2913 1339 2967 hinc
1374 2923 1498 2967 tuus
1518 2914 1846 2969 sortiebatur
1874 2917 2163 2988 originem,

2266 2922 2468 2990 δούσης
2495 2921 2663 2990 λήθης
2688 2917 2995 2990 ἡττηθέντι.
3041 2913 3206 2966 Ἀλλά
3238 2928 3330 2982 μοι
3365 2909 3582 2980 ἔρρωσο
3615 2904 3722 2976 τὴν
3745 2903 3839 2973 ψυ-

586 3005 724 3058 nihil
752 3004 840 3059 ille
860 3004 1080 3074 quidem
1111 3004 1178 3058 ad
1210 3019 1298 3058 me
1331 3013 1575 3074 Spectat;
1619 3006 1704 3059 sin
1730 3007 1858 3076 quid
1893 3008 1964 3062 sit
1993 3010 2162 3077 aliud,

2267 3015 2367 3084 χὴν
2397 3014 2492 3064 σὺν
2523 3011 2602 3082 τῷ
2633 3009 2867 3079 σώματι,
2909 3007 3004 3060 καὶ
3054 3006 3193 3076 μήτε
3229 3001 3428 3074 ῥᾳδίως
3478 2997 3626 3052 οὕτω
3685 2995 3839 3055 σκιᾶς

586 3105 645 3149 ιιι
700 3097 832 3149 mihi
879 3098 1146 3166 ignoscas,
1192 3097 1432 3151 virorum
1477 3098 1703 3168 optime,
1751 3103 1843 3169 qui
1902 3105 2164 3173 temporis

2265 3093 2571 3175 ἀχθηδόνων
2627 3100 2788 3162 αὐτὸς
2851 3099 3240 3166 διεκπέμπων,
3291 3090 3493 3153 ταύτας
3551 3087 3835 3156 ὑπότρεχε,

586 3187 968 3251 diuturnitate,
1005 3197 1059 3241 et
1101 3188 1276 3243 morbi
1324 3188 1547 3259 insuper
1585 3190 1899 3257 acerbitate,
1935 3193 2162 3249 oblivio-

2270 3200 2406 3266 μήτε
2440 3193 2591 3263 ζήτει
2622 3193 2752 3262 παρ’
2787 3190 2948 3245 ἄλλου
2981 3188 3160 3258 λύπης
3213 3183 3454 3254 ἐξευρεῖν
3497 3178 3836 3246 ἀπαλλαγὴν,

586 3293 713 3332 nem
739 3278 1090 3346 obrepentem
1112 3279 1371 3346 repellere
1387 3279 1627 3348 nequivi.
1650 3281 1755 3336 Sed
1781 3282 1960 3338 valeas
1981 3285 2162 3340 animo
2189 3275 2197 3316 ⁴

2228 3267 2234 3322 ί
2268 3287 2334 3364 ἦς
2365 3291 2464 3344 οὐκ
2490 3289 2608 3341 ἐστι
2643 3287 2742 3356 τὴν
2769 3281 2984 3353 γένεσιν
3001 3281 3183 3353 εὑρεῖν
3204 3273 3465 3364 οωαμοῦξ
3490 3271 3609 3326 ἀλλ’
3634 3270 3671 3341 ἦ
3699 3269 3839 3364 παρὰ

587 3380 750 3439 atque
777 3385 1024 3440 corpore,
1059 3379 1113 3425 et
1150 3371 1260 3425 noli
1301 3382 1409 3425 tam
1448 3371 1608 3428 facile
1637 3378 2012 3444 gravaminum
2043 3395 2165 3433 um-

2269 3361 2367 3448 τὰς
2402 3384 2501 3446 σὰς
2553 3382 2653 3452 τῆς
2711 3376 2966 3440 ὑπονοίας
2991 3376 3054 3429 οὺ
3111 3370 3389 3441 γνησίους,
3419 3362 3604 3436 οἶμαι,
3662 3361 3835 3430 γονάς.

589 3461 736 3524 bras,
770 3477 905 3532 quas
943 3461 1058 3531 ipse
1088 3461 1330 3532 projieis,
1377 3464 1584 3532 subire,
1629 3481 1733 3520 nec
1776 3468 1844 3522 ab
1877 3469 1985 3525 alio
2025 3481 2187 3542 quo-'
2275 3478 2546 3550 "Eprium.

588 3570 750 3624 quam
795 3554 1093 3608 allevamen
1128 3555 1372 3624 requiras
1414 3557 1617 3612 doloris
1661 3559 1770 3624 tui,
1816 3563 1910 3628 qui
1959 3566 2160 3624 nullam
2203 3547 2356 3626 alibi’
2389 3570 2618 3625 sortitur
2647 3564 2916 3637 originem
2939 3574 3104 3634 quam
3165 3555 3309 3628 apud
3345 3563 3468 3610 tuas
3504 3547 3841 3618 suspiciones

585 3664 696 3703 non
721 3649 858 3716 illas,
896 3663 995 3720 ego
1035 3649 1291 3716 arbitror,
1317 3649 1556 3722 legitime
1589 3662 1764 3708 natas.
1797 3653 1948 3711 Vale.

1165 3810 1387 3866 EPIST.
1428 3811 1591 3867 XCV.

2883 3813 3104 3868 sum.
3136 3811 3249 3879 ιε’.

588 3909 807 3985 Arsenio
839 3907 1092 3985 monac/to
1118 3915 1165 3957 et
1183 3905 1547 3985 prteritorum,
1574 3915 1854 3985 postquam
1877 3910 2078 3985 dimissi
2100 3918 2170 3966 ad

2279 3910 2554 3985 Ἁρσενίίιρ
2579 3907 2890 3985 ιιονὰζοντι
2914 3900 3392 3985 καὶ-ἡσυχ-αστῇ,
3418 3899 3572 3985 μετὰ
3609 3897 3677 3985 τὸ
3703 3899 3841 3985 ἀξιοτ-

661 3978 808 4055 illttnt
845 3979 1076 4055 fuerent,
1105 3977 1193 4055 qui
1219 3973 1584 4055 de,_3§ulgaria’
1603 3973 1841 4046 profecti,
1863 3979 2029 4033 citant
2061 3999 2172 4035 mo-

2327 3973 2638 4055 ὀίταλῇνὰι
2688 3977 2863 4055 πρὸς.
2894 3976 3085 4029 αὑτὸν
3123 3975 3266 4040 τοὺς
3320 3974 3391 4027 ἐκ
3470 3973 3839 4040 Βουλγαρίας

661 4049 920 4100 nasticam
951 4046 1158 4115 ingredi
1188 4046 1485 4114 cupiebant.

1385 4055 1485 4099 ινιτ.
2347 4049 2672 4117 ζητοῦντας
2708 4047 2996 4118 porticm.

1825 4165 2092 4216 Montacut.
2119 4169 2219 4231 (ep.
2245 4166 2355 4228 236,
2377 4183 2427 4230 p.
2451 4167 2583 4230 357).

665 4271 721 4326 Si
757 4281 888 4326 tunc
915 4285 1133 4341 quoque
1159 4269 1330 4326 oculis
1360 4285 1483 4342 ego,
1523 4271 1721 4343 quibus
1745 4274 1896 4341 olim,
1918 4275 2162 4331 videbam

2346 4278 2408 4332 El.
2452 4275 2666 4346 βλέπων
2713 4272 2826 4342 ἐγὼ
2862 4273 2958 4327 καὶ
2985 4271 3110 4326 τότε
3153 4269 3475 4341 ὀφθαλμοῖς,
3502 4336 3510 4344 κ
3535 4269 3632 4322 τοῦ
3685 4268 3840 4322 πάλαι

591 4365 720 4432 (hoc
748 4362 894 4416 enim
935 4362 1002 4417 de
1048 4376 1135 4416 me
1173 4361 1303 4415 mihi
1337 4370 1444 4418 tua:
1475 4363 1669 4418 litterae
1694 4366 2069 4433 occinuerunt,
2109 4378 2164 4423 et

2271 4371 2561 4441 βλέποντος
2595 4365 2776 4436 (τοῦτο
2802 4365 2914 4437 γάρ
2945 4383 3013 4436 με
3047 4365 3109 4419 τὸ
3142 4363 3235 4418 σὸν
3261 4361 3546 4433 ἀνύμνησε
3578 4363 3833 4432 γράμμα,

591 4455 732 4508 illam
766 4454 986 4524 gratiam
1017 4453 1400 4522 praedicarunt,
1433 4471 1596 4524 quam
1638 4457 1878 4529 alioquin
1925 4476 2024 4531 ego
2050 4476 2159 4516 non
2198 4493 2202 4548 1

2229 4464 2366 4548 ,καὶ
2400 4463 2561 4533 χάριν
2603 4461 2805 4515 ἔδωκεν
2832 4461 2890 4514 ἐν
2905 4458 3110 4549 καιρῷ,
3232 4458 3341 4549 oux;
3373 4457 3439 4549 ἂν
3471 4456 3650 4549 ἄλλως
3679 4454 3840 4549 ﬁsa,“-

590 4546 822 4600 libenter
863 4544 1252 4614 admitterem),
1286 4560 1395 4599 non
1428 4547 1672 4604 obscurae
1700 4552 2167 4624 memignorantize
2198 4544 2201 4547 ’

2230 4544 2234 4547 ’
2269 4553 2380 4607 οὐδ’
2419 4550 2605 4614 ἁπλῶς
2630 4548 2944 4620 ἐδεξάμην),
2975 4549 3051 4620 μὴ
3078 4548 3227 4602 λάθω
3272 4547 3448 4610 διδοὺς
3497 4546 3722 4617 ἔλεγχον
3749 4545 3841 4615 τῆς

589 4636 987 4692 eouvictionetn
1041 4635 1230 4690 aﬂero.
1279 4633 1486 4691 Verum
1535 4639 1580 4694 si
1628 4625 1823 4710 quovis
1870 4645 2033 4699 modo
2064 4661 2163 4716 ego

2269 4642 2509 4714 ἐμαυτοῦ
2532 4641 2776 4713 ἀγνοίας.
2807 4641 2948 4695 Ἀλλ’
2981 4641 3029 4693 εἰ
3079 4640 3179 4709 μὲν
3207 4637 3422 4709 βλέπων
3442 4636 3697 4691 ὁπωσοῦν
3717 4636 3841 4704 ἐγὼ,

590 4729 785 4783 videns
820 4743 994 4786 eram,
1028 4741 1196 4796 quare
1239 4725 1431 4780 ducem
1478 4743 1566 4783 me
1600 4745 1801 4786 czecum
1846 4736 2167 4791 exhibebam

2270 4736 2390 4800 πῶς
2423 4733 2620 4804 τυφλὸν
2641 4733 2834 4805 ὁδηγὸν
2888 4735 3002 4796 τοῖς
3037 4733 3174 4802 πρὸς
3195 4731 3256 4785 τὸ
3283 4730 3400 4800 φῶς
3431 4729 3533 4800 τῆς
3588 4728 3843 4800 ἀληθείας

591 4823 676 4884 iis,
706 4822 795 4890 qui
827 4820 893 4874 ad
923 4820 1101 4874 lucem
1131 4818 1383 4874 veritatis
1410 4818 1778 4878 festinabant?
1807 4824 1923 4880 Non
1956 4837 2040 4882 est
2065 4829 2169 4884 hoc

2269 4829 2474 4899 ἐθέμην
2501 4827 2950 4898 ἐπειγουμένοις;
2974 4825 3048 4878 Οὐ
3082 4825 3211 4896 γὰρ,
3261 4825 3322 4877 οὐ
3352 4824 3648 4894 βλέποντος
3692 4822 3845 4875 τοῦτο

590 4913 846 4978 videntis,
872 4911 1087 4982 opinor,
1106 4911 1215 4965 imo
1235 4911 1393 4983 longe
1422 4912 1590 4977 aliud,
1620 4914 1746 4980 imo,
1776 4918 1921 4986 quod
1951 4921 2170 4990 gravius

2273 4920 2454 4990 μόνον,
2485 4917 2681 4974 πολλοῦ
2706 4935 2773 4986 γε
2813 4918 2908 4972 καὶ
2939 4917 3022 4971 δεῖ
3045 4933 3059 4948 ·
3095 4916 3230 4971 ἀλλά
3255 4917 3350 4970 καὶ
3373 4915 3434 4969 τὸ
3460 4914 3847 4985 χαλεπώτατον

592 5015 694 5069 est,
740 5006 805 5058 ad
852 5019 974 5059 eum
1014 5012 1222 5074 spectat
1250 5005 1342 5074 qui
1375 5015 1611 5061 excaecat
1636 5007 1819 5063 videre
1842 5011 2166 5080 cupientes:

2269 5011 2618 5082 τυφλοῦντος,
2671 5011 2898 5082 ἐτέρους
2933 5009 3150 5082 βλέπειν
3203 5009 3495 5080 ἑλομένους
3520 5026 3536 5042 ο
3605 5009 3704 5062 καὶ
3736 5007 3847 5062 δια-

592 5108 646 5153 et
679 5098 837 5168 longo
874 5097 1092 5151 tramite
1130 5098 1383 5152 aberrare
1413 5097 1543 5153 facit
1579 5114 1612 5154 a
1637 5101 1865 5156 veritate
1895 5103 2038 5171 illos,
2076 5106 2170 5176 qui

2272 5103 2584 5167 πλανῶντος
2614 5104 2804 5175 μακρᾷ
2830 5101 3006 5174 τρίϐῳ
3026 5102 3126 5172 τῆς
3152 5099 3390 5164 εὐθείας,
3438 5101 3566 5162 τοὺς
3589 5099 3700 5170 ὅλῳ
3730 5099 3848 5152 ποδὶ

594 5191 757 5245 rectis
786 5190 1014 5260 pedibus
1060 5190 1199 5244 viam
1246 5191 1464 5247 virtutis
1507 5207 1756 5263 premere
1805 5195 2079 5251 volebant.
2112 5196 2167 5252 Si

2275 5195 2521 5264 μετιέναι
2567 5195 2770 5266 ταύτην
2804 5194 3191 5265 ἐκζητοῦντας.
3233 5195 3293 5246 Ei
3322 5192 3500 5246 τοίνυν
3527 5194 3602 5262 μὴ
3648 5207 3848 5245 παντε-

595 5285 757 5354 igitur
785 5283 1017 5351 hymnus
1040 5298 1149 5335 non
1178 5284 1401 5337 omnino
1427 5285 1758 5340 insomnium
1795 5287 1885 5352 sit,
1910 5299 1963 5343 et
1989 5291 2169 5344 sceni-

2270 5289 2426 5354 λῶςὸ
2473 5289 2642 5359 ὕμνος
2691 5289 2932 5359 ὄνειρος,
2981 5287 3077 5342 καὶ
3113 5287 3286 5356 δῶρον
3339 5286 3546 5356 σκηνῆς
3595 5283 3848 5354 βλέποντι

595 5390 720 5429 eum
753 5373 959 5428 videnti
993 5372 1218 5440 donum,
1265 5390 1366 5444 ego
1412 5377 1534 5432 illos
1580 5379 2021 5446 contradicerim,
2073 5384 2165 5452 qui

2273 5380 2595 5451 παρεθέμην
2641 5379 2753 5448 ἐγὼ
2783 5382 2910 5442 τοὺς
2961 5377 3330 5450 χειραγωγίας
3373 5377 3697 5446 δεομένους·
3758 5374 3848 5428 καὶ

597 5466 1022 5524 manuductione
1054 5466 1396 5536 indigebant;
1427 5479 1483 5524 et
1531 5471 1577 5526 si
1622 5472 1892 5528 sententia
1931 5474 2169 5542 processi

2273 5473 2508 5542 κρίσεως
2547 5468 2616 5544 ἦν
2645 5473 2946 5526 ἀδεκάστου
2973 5471 3172 5542 ψῆφος,
3205 5473 3299 5524 καὶ
3327 5469 3552 5540 γνώμης
3583 5468 3840 5539 εὐθύτης,

593 5561 662 5615 ab
699 5561 1012 5629 incorrupto
1049 5557 1274 5627 judicio,
1312 5559 1354 5612 si
1399 5561 1641 5615 animum
1701 5562 1967 5632 dirigebat
2007 5564 2169 5619 recti-

2272 5565 2389 5618 ἀλλ’
2414 5565 2476 5618 οὐ
2504 5563 2742 5636 στοργῆς
2771 5566 2871 5635 τὴν
2897 5565 3057 5634 δίκην
3088 5563 3444 5633 διαγελώσης,
3476 5562 3598 5615 οὺδέ
3633 5561 3844 5628 σπλάγ-

596 5652 748 5717 tudo,
794 5659 987 5706 etnon
1015 5664 1186 5714 amor,
1219 5651 1303 5704 cui
1334 5651 1568 5706 ludibrio
1605 5653 1815 5723 justitia
1848 5656 2166 5723 habebatur,

2273 5675 2437 5727 χνων,
2467 5658 2546 5728 τῷ
2572 5658 2782 5727 φίλτρῳ
2805 5657 2912 5710 τῶν
2944 5659 3168 5724 τέκνων,
3221 5660 3300 5720 εἰς
3330 5656 3641 5726 παράλογον
3671 5671 3846 5726 προσ-

596 5765 699 5806 nec
717 5763 748 5802 a
776 5746 1076 5804 visceribus
1102 5761 1196 5817 per
1218 5746 1605 5818 indulgentiam
1629 5747 1849 5804 ﬁlialem
1871 5749 1924 5804 in
1945 5751 2169 5805 allectus

2275 5750 2505 5805 πάθειαν
2556 5750 2944 5822 διαχεομένων,
2987 5751 3048 5805 τὸ
3073 5753 3137 5823 τῇ
3170 5753 3238 5822 σῇ
3258 5749 3554 5821 τελειότητι
3584 5747 3713 5811 τοὺς
3741 5746 3840 5800 ἀν-
