4046 6460
239 401 337 461 905

1378 395 1920 460 EPISTULARUM
1954 396 2184 456 LIBER
2218 397 2303 457 II.

3357 396 3463 460 906

235 512 356 581 δρας
388 506 755 579 παραπέμψαι
792 505 839 559 ι.
871 504 1081 559 Οὐκοῦν
1106 505 1317 578 ἐρρέτω
1356 504 1415 556 τὸ
1443 502 1576 572 παρ’
1608 499 1791 568 ἀξίαν,

1906 500 2242 555 irrationales
2288 498 2523 565 diffusis,
2553 508 2659 555 tuae
2693 497 2953 553 absolutae
2998 498 3318 569 perfectioni
3362 501 3466 556 ho-

236 599 410 655 καὶτὸ
435 598 619 667 θαῦμα
659 597 834 665 φυτὸν
885 597 945 649 τδ
989 595 1199 666 θαῦμα·
1255 594 1488 663 γινέσθω
1520 594 1627 647 τῶν
1664 610 1788 647 συν-

1906 591 2069 644 nines
2112 590 2505 645 transmittere.
2568 591 2665 644 Eat
2700 589 2861 660 igitur
2906 604 3014 659 quo
3055 589 3185 645 velit
3231 591 3284 645 id
3323 592 3468 660 quod

235 692 373 762 ήθων
414 692 517 757 τὴν
548 692 606 741 ὲν
648 688 880 759 πράξεσι
932 688 1250 758 πρέπουσαν
1311 686 1787 757 μεθαρμοζόμενον

233 781 568 845 ἀκολουθίαν,
626 782 720 834 καὶ
762 782 923 851 ἡμεῖς
979 780 1132 834 οὐδὲν
1172 783 1238 851 τῇ
1298 783 1365 852 σῇ
1415 778 1789 850 κεχαρίσμεθα

237 871 615 942 μακαριότητι,
646 870 756 924 τῶν
784 872 865 934 εἰς
892 870 1160 941 ἔκπληξιν
1193 872 1436 941 ἀγόντων
1462 886 1477 902 ·
1509 870 1626 923 ἀλλ’
1668 868 1791 922 οὐδὲ

232 962 336 1016 τῶν
359 963 450 1015 ἐπὶ
486 963 548 1015 τὸ
579 962 797 1033 μέτριον
844 964 1249 1020 διαὸαινόντων.
1286 964 1462 1034 Χάριν
1495 964 1553 1017 δὲ
1593 962 1793 1034 μᾶλλον

233 1056 327 1123 τὴν
351 1055 429 1107 ὃτι
461 1053 697 1123 μάλιστα
725 1055 1129 1125 ἀπειλήφαμεν,
1164 1056 1222 1108 ὲν
1249 1051 1330 1118 οἷς
1363 1053 1593 1124 ἔσχομεν
1638 1053 1794 1107 ἀδελ-

235 1146 380 1213 φοὺς,
407 1146 532 1215 ἄρτι
565 1148 666 1216 τῆς
695 1147 754 1199 ὲν
784 1145 882 1217 βίῳ
903 1146 1069 1214 ζάλης
1097 1145 1535 1218 ὑποχωροῦντας,
1564 1146 1796 1216 ἡσυχίας

235 1237 324 1290 καὶ
353 1236 642 1305 φιλοσόφου
682 1236 829 1308 ζωῆς
866 1238 953 1292 διὰ
987 1238 1081 1291 σοῦ
1136 1239 1317 1308 λιμένι
1363 1240 1793 1310 ἐγκαθορμίσαι·

234 1328 373 1397 ἡμᾶς
399 1327 456 1380 δὲ
484 1328 637 1391 νόσος
672 1328 827 1399 ἔσχεν
858 1329 994 1400 (εῐγε
1030 1330 1137 1401 χρὴ
1163 1330 1370 1398 ταύτην
1408 1330 1561 1384 νόσον
1588 1331 1792 1396 καλεῖν,

232 1419 362 1473 ἀλλὰ
391 1418 466 1490 μὴ
494 1419 721 1474 θανάτου
757 1422 1025 1491 πρόθυρα)
1060 1423 1206 1486 ὀξεῖα
1240 1423 1334 1476 καὶ
1359 1424 1793 1493 ἀπροσδόκητος·

234 1507 367 1562 ἀλλά
392 1512 510 1573 ταῖς
540 1510 693 1578 ὐμῶν
723 1512 907 1582 εὐχαῖς
931 1512 1031 1581 τῆς
1086 1513 1322 1583 σφοδρᾶς
1372 1513 1572 1584 ἀνῆκεν
1611 1513 1799 1566 ἐπιθέ-

238 1616 390 1664 σεως,
412 1600 547 1654 Θεοῦ
564 1602 725 1655 πάλιν
747 1602 952 1657 ἀνωθεν
972 1606 1103 1674 ἡμῖν
1120 1606 1220 1675 τὴν
1237 1604 1404 1675 ζωὴν,
1427 1606 1517 1657 ἐπὶ
1542 1605 1800 1676 μετανοίᾳ

240 1690 381 1754 ἴσως,
420 1691 449 1744 ὃ
468 1692 560 1744 καὶ
587 1693 814 1760 γένοιτο,
848 1693 1278 1758 κατανεύσαντος
1303 1712 1319 1727 ·
1353 1698 1447 1750 καὶ
1486 1696 1671 1749 λοιπὸν
1699 1698 1801 1767 ἤδη

236 1781 432 1854 ζῶμεν,
461 1785 509 1836 εί
533 1785 627 1839 καὶ
651 1785 719 1840 τὰ
746 1785 973 1857 λείψανα
998 1786 1091 1841 τοῦ
1131 1786 1338 1852 πάθους
1378 1789 1458 1842 ἔτι
1493 1789 1805 1860 παραλυπεί

235 1874 295 1927 τὸ
316 1878 606 1946 σωμάτιον.

796 2160 1023 2215 ΕΠΙΣΤ.
1065 2162 1197 2229 ις’.

532 2249 849 2319 Νικηφόρῳ
874 2254 1191 2322 φιλοσόφῳ
1221 2252 1488 2323 μοναχῷ.

1895 690 2089 750 praeter
2138 682 2456 751 dignitatem
2505 682 2740 746 accidit,
2787 690 2843 735 et
2900 680 3193 734 admiratio
3246 681 3463 753 fugiens

1894 774 2325 830 admirationem.
2356 774 2479 829 Fiat
2541 773 2743 843 aliquid
2791 772 3031 839 solitum,
3078 786 3187 842 quo
3229 772 3472 827 imitetur

1896 869 2172 923 actionum
2203 883 2445 939 congrua
2489 867 2901 935 consequentia,
2939 876 3046 921 tua:
3078 865 3323 921 beatitati
3369 880 3472 920 nos

1896 961 2034 1015 nihil
2085 961 2474 1025 condonamus,
2519 960 2665 1030 quod
2713 959 2884 1029 possit
2924 957 2992 1012 ad
3039 966 3317 1027 stuporem
3366 955 3473 1010 im-

1901 1052 2125 1121 pellere,
2170 1061 2266 1107 aut
2316 1052 2461 1121 quod
2508 1051 2733 1106 excedat
2787 1048 3233 1105 moderationem.
3287 1046 3476 1102 Potius

1901 1142 2267 1213 gratissimum
2304 1142 2463 1196 nobis
2497 1149 2601 1206 est,
2633 1138 2777 1210 quod
2804 1137 3070 1208 ejusmodi
3099 1136 3323 1192 affectos
3366 1136 3478 1191 fra-

1902 1240 2015 1287 tres
2042 1233 2359 1298 habeamus,
2386 1233 2479 1302 qui
2507 1232 2576 1287 de
2606 1230 2861 1286 ﬂuctibus
2889 1231 3046 1285 istius
3075 1231 3201 1285 vitae
3230 1242 3475 1283 emerse-

1903 1330 2068 1386 runt,
2102 1332 2158 1375 et
2199 1338 2296 1391 per
2333 1330 2387 1378 te
2431 1323 2659 1393 cupiunt
2708 1323 2763 1376 in
2802 1330 3019 1392 portum
3077 1318 3481 1390 tranquillitatis

1904 1423 1959 1468 et
1986 1414 2111 1467 vitae
2140 1413 2526 1485 philosophica:
2557 1415 2773 1470 deduci.
2818 1415 2901 1467 Me
2936 1414 3158 1469 morbus
3182 1412 3372 1467 habuit
3411 1410 3481 1479 (si

1905 1505 2157 1560 morbum
2202 1516 2407 1573 tamen,
2451 1514 2507 1561 et
2544 1522 2654 1560 non
2695 1507 2888 1561 mortis
2931 1506 3113 1577 potius
3153 1504 3481 1560 vestibulum

1906 1596 2090 1651 dicere
2133 1597 2380 1667 debeam)
2412 1608 2599 1653 acutus
2650 1608 2704 1653 et
2755 1600 3181 1670 inexspectatus.
3228 1596 3336 1653 Sed
3381 1608 3480 1666 per

1912 1698 2120 1743 vestras
2148 1704 2358 1758 preces,
2385 1689 2454 1744 de
2497 1690 2790 1745 acerbitate
2829 1691 3027 1761 aliquid
3071 1689 3312 1753 remisit;
3367 1687 3481 1741 Deo

1906 1780 2126 1835 demum
2161 1780 2228 1835 de
2270 1780 2408 1836 caelo
2447 1781 2585 1835 mihi
2610 1780 2776 1835 vitam
2816 1782 2882 1836 ad
2910 1780 3305 1851 paenitentiam,
3335 1779 3483 1849 quod

1902 1874 2200 1943 optaverim
2230 1874 2455 1942 factum,
2490 1884 2790 1930 annuente.
2837 1874 3103 1940 Quocirca
3128 1873 3359 1927 vivimus
3381 1871 3481 1926 ad-

1904 1965 2031 2032 huc,
2080 1967 2210 2022 licet
2263 1967 2401 2022 mihi
2447 1965 2830 2037 corpusculum
2881 1964 3125 2034 reliquiae
3163 1963 3307 2019 illius
3356 1961 3481 2018 mali

1906 2059 2047 2114 male
2078 2058 2315 2113 habeant
2352 2057 2629 2113 affectum.

2466 2166 2682 2221 EPIST.
2733 2164 2919 2220 XCVI.

2232 2259 2528 2329 Nicephoro
2565 2258 2867 2327 philosopho
2897 2257 3165 2311 monacho.

1442 2371 1709 2423 Montacut.
1737 2376 1839 2435 (ep.
1862 2374 1972 2433 237,
1994 2388 2044 2437 p.
2065 2375 2198 2436 358).

312 2472 706 2543 ’Δμηχανοῦντί
738 2492 827 2545 μοι
885 2476 981 2529 καὶ
1035 2477 1415 2549 ἀπορουμένῳ,
1471 2481 1564 2532 καὶ
1598 2479 1799 2549 ἀσχάλ-

230 2565 370 2618 λοντι
403 2567 530 2637 περὶ
557 2566 626 2620 τά
671 2568 794 2621 κατ’
826 2570 1063 2639 ἐμαυτὸν
1084 2571 1213 2641 (ἐμὰ
1246 2570 1357 2641 γὰρ
1405 2572 1474 2625 τὰ
1518 2573 1614 2626 τοῦ
1664 2573 1800 2643 ἐμοῦ

230 2658 476 2728 αἵματος,
508 2660 614 2712 κᾶν
647 2660 721 2730 μὴ
752 2660 935 2730 θέλω),
970 2663 1065 2716 καὶ
1112 2663 1213 2717 ὅσα
1256 2664 1403 2731 πάθη
1435 2665 1648 2735 συνέχει
1677 2666 1803 2727 τοὺς

232 2747 414 2816 φίλους
440 2790 453 2811 ,
489 2749 833 2821 παραμύθιον
852 2746 989 2823 ἦκεν
1014 2749 1175 2818 (εἶδες
1212 2755 1396 2825 καινά)
1422 2758 1486 2809 ὲκ
1510 2756 1803 2827 συμφορῶν

1972 2480 2212 2534 llaarenti
2264 2480 2395 2534 mihi
2446 2480 2646 2544 dubio,
2688 2488 2744 2533 et
2799 2477 3070 2533 vacillanti
3115 2476 3184 2532 de
3236 2488 3481 2531 mearum

1898 2586 2079 2626 rerum
2118 2580 2261 2627 statu
2304 2577 2444 2641 (mea
2474 2572 2618 2627 enim
2649 2578 2797 2637 sunt,
2818 2570 2980 2625 velim
3011 2569 3201 2634 nolim,
3231 2583 3352 2638 quae
3378 2567 3487 2623 mei

1899 2664 2178 2734 sanguinis
2207 2664 2377 2733 sunt),
2412 2671 2470 2717 et
2510 2669 2645 2732 quot
2689 2661 2846 2715 malis
2875 2658 3035 2714 amici
3083 2664 3484 2730 premerentur,

1900 2756 2053 2809 venit
2082 2755 2335 2810 solatium
2381 2755 2527 2825 (vide
2568 2755 2644 2808 rei
2675 2752 2996 2822 novitatem)
3028 2766 3058 2806 a
3096 2749 3489 2820 multiplicibus

230 2840 580 2908 πολυτρόπων
627 2843 934 2912 ἠρτημένον
962 2844 1136 2912 φίλου.
1186 2846 1334 2899 Ἐλθὲ
1362 2846 1427 2918 δὴ
1461 2846 1576 2912 οὖν,
1617 2847 1802 2918 ὥσπερ

1907 2847 2012 2901 illis
2062 2848 2218 2901 malis
2265 2848 2464 2916 quibus
2501 2847 2708 2901 amicus
2753 2845 3048 2914 urgebatur
3088 2861 3102 2897 :
3137 2842 3260 2897 veni
3305 2853 3489 2896 autem

228 2932 462 3002 ᾔτησας·
496 2933 618 2987 ἐλθὲ
645 2936 745 3006 τὴν
774 2936 1036 3009 ταχίστην
1060 2956 1073 2970 ·
1103 2940 1160 2991 ὲν
1194 2939 1351 3009 μέρει
1401 2940 1499 3010 μὲν
1531 2941 1659 3002 ἴσως
1681 2939 1802 3010 (σὺν

1906 2939 2062 3007 juxta
2091 2938 2235 3007 quod
2265 2938 2579 3007 expetebas,
2608 2946 2663 2993 et
2687 2938 2970 2993 celerrime
2996 2934 3214 3004 quidem
3244 2933 3369 2987 veni
3418 2932 3489 2986 ad

228 3023 347 3093 Θεῷ
373 3024 428 3075 δὲ
455 3025 641 3096 φάναι)
668 3029 766 3096 τὴν
794 3028 1113 3100 ἀπαλλαγὴν
1146 3031 1395 3101 εὑρήσων
1416 3032 1525 3084 τῶν
1553 3032 1800 3102 παραλυο

229 3116 505 3173 πούντων·
554 3120 611 3173 ὲν
650 3120 806 3193 μέρει
838 3122 894 3175 δὲ
935 3124 1030 3176 καὶ
1056 3124 1206 3193 ἡμᾶς
1256 3126 1323 3194 τῇ
1346 3125 1477 3195 φίλῃ
1528 3126 1802 3197 παρουσία

228 3207 328 3277 τῆς
350 3209 686 3264 πολυωδύνου
713 3210 987 3282 κουφίζων
1007 3213 1263 3283 ἀθυμίας.

836 3415 1058 3469 ΕΠιΣτ.
1100 3420 1212 3483 ιΖν.

863 3505 951 3573 Τῷ
998 3508 1176 3574 αὐτῷ.

1919 3037 2100 3100 partes
2132 3031 2478 3095 inventurus,
2509 3030 2724 3085 favente
2746 3031 2878 3094 Deo,
2907 3027 3285 3083 liberationem
3325 3024 3392 3079 ab
3422 3023 3490 3078 iis

1907 3139 2028 3192 quae
2065 3138 2299 3179 maerore
2345 3133 2397 3177 te
2420 3122 2700 3177 afﬁciunt:
2733 3121 2856 3176 veni
2884 3120 3047 3175 etiam
3081 3119 3135 3172 in
3164 3120 3345 3187 partes
3364 3116 3490 3170 alle-

1907 3213 2090 3267 viandi
2142 3229 2236 3282 per
2279 3214 2510 3269 amicam
2546 3221 2693 3267 tuam
2725 3212 3069 3283 praesentiam
3112 3207 3491 3265 multimodam

1912 3307 2207 3361 tristitiam.

2464 3420 2679 3475 EPIST.
2720 3419 2930 3475 XCVII.

2602 3511 2806 3566 Eidem.

1463 3629 1733 3680 Montacut.
1770 3630 1873 3695 (ep.
1907 3630 2016 3691 258,
2049 3644 2097 3691 p.
2133 3629 2266 3690 359).

311 3728 371 3781 Ὀ
396 3727 496 3798 μὲν
536 3727 744 3798 χειμὼν
769 3729 1036 3797 ἐγεγόνει,
1060 3732 1152 3784 καὶ
1181 3734 1279 3803 τὴν
1323 3737 1596 3805 χειμέριον
1633 3738 1799 3807 ὥραν,

226 3819 379 3873 ὥσπε
390 3837 420 3889 ρ
448 3820 720 3891 ἐπιτηδὲς,
751 3823 851 3885 τὰς
877 3822 977 3885 σάς
1009 3827 1448 3894 προαναστέλλων
1469 3829 1570 3898 τῆς
1606 3829 1806 3901 βραδύ-

225 3928 391 3979 τητος
417 3911 616 3977 αἰτίας,
651 3911 757 3982 ἀὴρ
787 3910 961 3975 εὔδιος
985 3914 1292 3985 ὑπεδέχετο.
1322 3919 1432 3970 Καὶ
1463 3920 1667 3989 χειμὼν
1702 3922 1805 3974 πά-

224 4004 313 4055 λιν
342 4003 463 4055 καθ’
497 4003 653 4073 ἡμῶν
677 4006 877 4071 πολλὰς
906 4008 1134 4077 νιφάδας
1158 4008 1436 4080 λογισμῶν
1464 4013 1647 4081 ἀφιεὶς
1674 4031 1806 4068 κατ-

225 4094 561 4163 ερρήγνυτο.
588 4093 652 4145 Τί
683 4095 740 4147 δὲ
766 4097 955 4164 γέγονε
976 4117 991 4164 ;
1015 4100 1086 4169 μή
1115 4117 1167 4151 τι
1188 4101 1296 4153 τῶν
1320 4101 1599 4171 ἀδοκήτων
1628 4105 1807 4175 ἀπήν-

222 4200 397 4251 τησες
437 4184 566 4253 μήτι
594 4184 789 4255 συνέϐη
819 4187 921 4238 τῶν
950 4189 1307 4257 μολυσμάτων
1328 4201 1365 4221 η·
1390 4208 1404 4256 ;
1458 4193 1565 4263 ἄρα
1600 4195 1656 4248 δὲ
1681 4196 1807 4266 θερα-

1989 3737 2226 3792 Transiit
2262 3736 2461 3800 hiems,
2502 3746 2558 3792 et
2603 3736 2887 3791 hibernam
2935 3743 3309 3806 tempestatem
3342 3734 3488 3790 illam

1913 3832 2209 3887 admodum
2243 3849 2487 3903 congrue
2522 3842 2628 3888 tua:
2651 3834 2918 3889 tarditatis
2945 3848 3137 3890 causas
3162 3834 3487 3898 discutiens,

1911 3928 2109 3982 sudum
2163 3926 2360 3981 cmlum
2411 3936 2657 3980 secutum
2688 3936 2792 3981 est.
2845 3927 3053 3980 Rursus
3075 3936 3255 3979 tamen
3287 3925 3345 3979 in
3388 3940 3490 3980 nos

1913 4019 2089 4073 hiems
2145 4018 2535 4089 c0gitationum
2569 4018 2725 4074 nives
2763 4028 2817 4074 et
2851 4019 3054 4073 imbres
3087 4017 3314 4072 immisit
3364 4034 3488 4073 cum

1914 4110 2147 4180 fragore.
2182 4109 2323 4175 Quid
2369 4120 2552 4166 autem
2582 4111 2782 4165 factum
2810 4111 2832 4165 ?
2863 4109 3003 4165 Nunt
3037 4111 3239 4181 aliquid
3293 4111 3492 4167 accidit

1917 4202 2298 4270 insperatum?
2325 4218 2456 4257 num
2480 4202 2973 4272 impedimentum?
2998 4219 3127 4257 num
3156 4203 3273 4257 sine
3296 4219 3489 4275 magna

228 4272 342 4341 μὴν
370 4271 509 4325 οὕτω
533 4274 668 4344 πρὸς
690 4275 787 4345 τὴν
809 4277 991 4330 ἄνοδον
1014 4279 1211 4349 ὁρμὴν,
1229 4281 1355 4334 ἄνευ
1380 4284 1620 4355 μεγάλης
1639 4286 1802 4353 ἀνάγ-

1913 4291 2241 4345 necessitate
2290 4291 2468 4360 aliqua
2501 4293 2784 4361 quiescere
2834 4293 3009 4363 potuit
3041 4302 3221 4347 tantus
3246 4293 3339 4348 ille
3390 4296 3491 4348 im-

223 4380 356 4431 κης,
387 4363 512 4431 ὲνῆν
534 4364 826 4434 ἡσυχάσαι.
856 4366 1143 4431 Τοιαύταις
1173 4370 1333 4440 ἡμεῖς
1360 4371 1409 4422 οί
1438 4371 1542 4424 ὐπὸ
1575 4375 1672 4443 τῆς
1711 4375 1805 4424 εὐ-

221 4453 351 4515 δίας
378 4452 881 4524 ὲκκλυδωνιζόμεθα
903 4458 1201 4525 φροντίσιν.
1243 4461 1302 4512 '0
1336 4462 1443 4531 γὰρ
1468 4462 1685 4533 τρόπος,
1708 4465 1807 4516 οὐκ

221 4539 325 4595 οἷδ’
356 4543 500 4604 ὅθεν.
535 4546 664 4614 ὑμῖν
694 4547 1027 4617 παρακύψας
1066 4559 1116 4613 ο,
1146 4551 1286 4621 τάχα
1312 4552 1369 4603 δὲ
1402 4555 1467 4605 ὲκ
1510 4556 1608 4624 τῆς
1648 4572 1808 4624 ποιη-

217 4633 390 4702 τικῆς
425 4635 735 4705 ὲντρεχείας
760 4653 773 4667 ⁸
806 4639 1121 4707 συνεφεῖλκε
1148 4642 1256 4712 γὰρ
1285 4642 1436 4713 αὐτῷ
1458 4647 1552 4697 καὶ
1594 4646 1808 4715 στίχους

218 4723 330 4793 τῆς
361 4723 572 4777 ἐκεῖθεν
594 4727 995 4797 πεποιημένους
1028 4731 1228 4795 ἀδείας,
1259 4732 1448 4804 ὥσπερ
1476 4737 1807 4807 ἐπιγαυρού-

222 4831 396 4883 μενος
416 4814 495 4884 τῷ
538 4816 707 4882 γένει,
741 4821 833 4871 καὶ
875 4821 1185 4886 ἐπιδεικνὺς
1235 4825 1364 4895 ἡμῖν
1393 4827 1455 4880 τὸ
1488 4829 1805 4899 αὐτόνομον.

237 4904 388 4957 Ἀλλ’
418 4902 515 4958 οὖν
548 4901 703 4971 οὗτος
756 4909 909 4964 οὐπω
938 4916 1052 4977 τοῖς
1084 4916 1468 4987 ἀγροικότερον
1496 4918 1626 4983 ἴσως
1652 4922 1807 4990 ἡμῖν,

216 4997 367 5063 πρὸς
392 4997 461 5051 τὰ
486 4998 714 5053 τοιαῦτα
751 5001 973 5070 βιοῦσιν,
1007 5006 1256 5077 οὐδαμῶς
1301 5012 1615 5080 παρρησίαν
1651 5012 1809 5083 ἔσχεν

216 5089 559 5143 ἐπεισιέναι·
592 5092 778 5161 σχῆμα
816 5096 1138 5164 προφάσεως
1180 5099 1497 5171 ὑποτρέχων
1542 5104 1805 5176 μᾶλλονῆ

212 5181 415 5233 αἰτίαν
439 5182 575 5252 ἔχων
599 5183 761 5237 πόθεν
787 5187 1121 5255 ἐμφανίζειν.
1151 5192 1261 5244 Καὶ
1289 5192 1443 5247 οὔπω
1470 5193 1631 5263 λέγω,
1660 5197 1735 5260 ὡς
1761 5200 1810 5250 εί

217 5273 335 5341 μὲν
365 5273 395 5324 ὀ
423 5271 628 5343 χειμὼν
659 5275 888 5344 ἀπεῖργε
909 5294 924 5308 ·
983 5282 1236 5350 περιττὸν
1283 5284 1310 5335 ὁ
1338 5285 1571 5355 τρόπος·
1627 5289 1676 5341 εί
1706 5287 1750 5341 δ’
1782 5291 1813 5342 ὁ

208 5363 326 5432 τῆς
363 5364 550 5417 ἀνόδου
582 5366 803 5435 τρόπος,
826 5370 925 5421 οὐκ
943 5366 1039 5423 οἷδ’
1077 5374 1225 5437 ὅπως
1252 5377 1636 5447 ἀγνοούμενος,
1663 5383 1812 5436 ἐπεῖ-

210 5472 310 5523 χε,
349 5454 702 5525 παρέλκουσα
735 5460 1008 5529 πρόφασις
1038 5464 1071 5533 ἡ
1105 5465 1197 5518 τοῦ
1246 5469 1514 5539 χειμῶνος
1542 5473 1631 5543 βία
1653 5490 1668 5504 ·
1698 5476 1812 5528 οὐδ’

201 5548 302 5599 δτι
334 5544 478 5613 μετά
508 5545 708 5609 πολλὰς
736 5549 969 5620 ἡμέρας,
1000 5553 1093 5605 καὶ
1124 5556 1370 5626 περίοδον
1410 5558 1552 5614 οὕτω
1592 5566 1810 5633 μακρᾶς

1912 4389 2071 4449 petus
2093 4389 2257 4450 atque
2286 4380 2448 4434 ardor
2477 4382 2545 4435 ad
2576 4397 2877 4450 regressum
2907 4383 2931 4435 ?
2957 4380 3176 4438 Talibus
3213 4398 3313 4437 nos
3343 4383 3490 4438 curis

1909 4480 1967 4525 et
2015 4472 2405 4541 cogitationum
2435 4472 2867 4541 tempestatibus,
2917 4473 3080 4527 etiam
3130 4488 3255 4527 cum
3288 4473 3488 4528 sudum

1914 4573 2054 4627 erat,
2079 4564 2437 4633 iactabantur.
2483 4563 2672 4618 Modus
2701 4566 2868 4627 enim,
2898 4566 3085 4619 nescio
3114 4565 3276 4631 unde,
3304 4579 3364 4619 se
3395 4580 3490 4619 vo-

1913 4653 1999 4707 bis
2026 4669 2126 4723 per
2151 4655 2485 4724 crepidinem
2513 4656 2828 4723 ostentavit,
2863 4657 3109 4712 fortassis
3154 4658 3223 4711 ab
3255 4657 3489 4711 assidui-

1913 4755 2022 4799 tate
2074 4746 2329 4816 poetica;
2364 4762 2472 4802 una
2523 4747 2667 4802 enim
2717 4763 2903 4803 secum
2947 4750 3252 4803 attrahebat
3298 4764 3487 4804 versus

1913 4838 2175 4907 quosdam
2224 4838 2459 4893 licentiae
2496 4839 2641 4908 apud
2670 4850 2859 4908 poetas
2889 4850 3181 4910 usurpata},
3213 4841 3367 4911 quasi
3395 4858 3487 4911 ge-

1912 4930 2060 4982 neris
2118 4929 2355 4984 elatione
2381 4939 2618 4991 tumens.
2655 4939 2709 4984 et
2746 4931 2906 4985 nobis
2936 4932 3223 4987 ostendere
3275 4932 3485 5000 volens,

1914 5034 2076 5086 quam
2108 5019 2177 5072 sit
2208 5019 2346 5087 juris
2375 5020 2459 5074 sui
2510 5029 2565 5075 et
2620 5022 2925 5088 potestatis.
2955 5021 3340 5078 Verumtamen
3388 5026 3490 5079 iste

1913 5110 2109 5164 modus
2172 5113 2410 5166 nondum
2443 5112 2576 5166 satis
2610 5112 2873 5167 libertatis
2922 5124 3114 5169 nactus
3142 5123 3244 5182 est,
3274 5117 3341 5170 ad
3391 5133 3491 5173 nos

1882 5202 2251 5272 .ihgrediendi
2282 5205 2391 5275 (qui
2414 5205 2583 5275 magis
2614 5204 2797 5259 rustici
2821 5207 2988 5261 moris
3012 5208 3219 5276 sumus)
3252 5210 3488 5278 speciem

1915 5296 2205 5365 quamdam
2258 5305 2552 5366 prtetextus
2587 5298 2769 5367 potius
2808 5298 3049 5364 subiens,
3091 5316 3254 5369 quam
3306 5318 3486 5356 veram

1913 5403 2130 5442 causam
2160 5387 2386 5453 habens,
2420 5391 2565 5443 unde
2597 5389 2999 5445 manifestetur.
3035 5390 3287 5447 Nondum
3324 5393 3485 5458 addo,

1912 5480 2057 5549 quod
2097 5480 2140 5533 si
2171 5481 2450 5549 prohibuit
2482 5483 2674 5547 hiems,
2703 5482 2902 5537 frustra
2924 5494 3005 5539 est
3032 5485 3109 5539 rei
3138 5486 3332 5540 modus
3364 5487 3486 5551 ;‘sin

1919 5572 2200 5642 ignoratus
2226 5581 2404 5629 autem
2428 5574 2764 5645 regrediendi
2786 5577 2984 5633 modus
3006 5578 3262 5645 inhibuit,
3287 5577 3485 5633 hiemis

1540 5716 1773 5773 VARle
1814 5720 2216 5782 LECTIONES.

284 5819 309 5858 1
356 5819 443 5873 ἵσ.
482 5822 937 5893 παραπέμψαιμι.
1016 5838 1055 5865 ιη
1095 5827 1181 5883 ἷσ.
1217 5830 1577 5899 κωλυμάτων.
1655 5832 1789 5886 ηἶσ.
1833 5837 2141 5913 παρέκυψε.

474 5914 743 5975 Parnm"
793 5921 909 5978 Gn.
952 5918 1077 5979 Cll.

3001 5941 3080 6004 29
