  <div class='ocr_page' id='page_1' title='image "/cluster/home/n/w/nwhite01/storage/ocr_20150623/102/hvd.32044012543948/461.png"; bbox 0 0 4080 6416; ppageno 0'>
   <div class='ocr_carea' id='block_1_1' title="bbox 604 365 711 426">
    <p class='ocr_par' dir='ltr' id='par_1_1' title="bbox 604 365 711 426">
     <span class='ocr_line' id='line_1_1' title="bbox 604 365 711 426; baseline 0 -1"><span class='ocrx_word' id='word_1_1' title='bbox 604 365 711 426; x_wconf 77' lang='grc' dir='ltr'><strong>9υ7</strong></span> 
     </span>
    </p>
   </div>
   <div class='ocr_carea' id='block_1_2' title="bbox 1753 365 2701 425">
    <p class='ocr_par' dir='ltr' id='par_1_2' title="bbox 1753 365 2701 425">
     <span class='ocr_line' id='line_1_2' title="bbox 1753 365 2701 425; baseline 0.001 -1"><span class='ocrx_word' id='word_1_2' title='bbox 1753 366 2012 425; x_wconf 88' lang='lat' dir='ltr'><strong>PHOTII</strong></span> <span class='ocrx_word' id='word_1_3' title='bbox 2054 365 2554 424; x_wconf 78' lang='lat' dir='ltr'><strong>PATRIARCH/E</strong></span> <span class='ocrx_word' id='word_1_4' title='bbox 2593 367 2701 425; x_wconf 86' lang='lat' dir='ltr'><strong>CP.</strong></span> 
     </span>
    </p>
   </div>
   <div class='ocr_carea' id='block_1_3' title="bbox 3744 373 3852 433">
    <p class='ocr_par' dir='ltr' id='par_1_3' title="bbox 3744 373 3852 433">
     <span class='ocr_line' id='line_1_3' title="bbox 3744 373 3852 433; baseline -0.019 0"><span class='ocrx_word' id='word_1_5' title='bbox 3744 373 3852 433; x_wconf 76' lang='lat'><strong>908</strong></span> 
     </span>
    </p>
   </div>
   <div class='ocr_carea' id='block_1_4' title="bbox 610 475 2157 552">
    <p class='ocr_par' dir='ltr' id='par_1_4' title="bbox 610 475 2151 545">
     <span class='ocr_line' id='line_1_4' title="bbox 610 475 2151 545; baseline -0.003 -14"><span class='ocrx_word' id='word_1_6' title='bbox 610 478 694 531; x_wconf 86' lang='lat' dir='ltr'><strong>illa</strong></span> <span class='ocrx_word' id='word_1_7' title='bbox 728 476 810 529; x_wconf 91' lang='lat' dir='ltr'><strong>vis</strong></span> <span class='ocrx_word' id='word_1_8' title='bbox 846 484 1136 545; x_wconf 72' lang='lat' dir='ltr'><strong>praetextus</strong></span> <span class='ocrx_word' id='word_1_9' title='bbox 1160 488 1245 530; x_wconf 88' lang='lat' dir='ltr'><strong>est</strong></span> <span class='ocrx_word' id='word_1_10' title='bbox 1285 488 1652 545; x_wconf 90' lang='lat' dir='ltr'><strong>supervacuus</strong></span> <span class='ocrx_word' id='word_1_11' title='bbox 1685 491 1697 527; x_wconf 93' lang='lat'>:</span> <span class='ocrx_word' id='word_1_12' title='bbox 1736 488 1843 527; x_wconf 90' lang='lat' dir='ltr'><strong>non</strong></span> <span class='ocrx_word' id='word_1_13' title='bbox 1872 475 2013 543; x_wconf 89' lang='lat' dir='ltr'><strong>quod</strong></span> <span class='ocrx_word' id='word_1_14' title='bbox 2060 492 2151 543; x_wconf 64' lang='lat' dir='ltr'><strong>p0:</strong></span> 
     </span>
    </p>
   </div>
   <div class='ocr_carea' id='block_1_5' title="bbox 2258 475 3848 552">
    <p class='ocr_par' dir='ltr' id='par_1_5' title="bbox 2281 475 3848 552">
     <span class='ocr_line' id='line_1_5' title="bbox 2281 475 3848 552; baseline 0.006 -26"><span class='ocrx_word' id='word_1_15' title='bbox 2281 475 2638 545; x_wconf 85' lang='grc' dir='ltr'>προθεσμίας,</span> <span class='ocrx_word' id='word_1_16' title='bbox 2664 479 2695 546; x_wconf 76' lang='grc' dir='ltr'>ὴ</span> <span class='ocrx_word' id='word_1_17' title='bbox 2727 475 2820 530; x_wconf 83' lang='grc' dir='ltr'><strong>τοῦ</strong></span> <span class='ocrx_word' id='word_1_18' title='bbox 2860 478 3061 547; x_wconf 82' lang='grc' dir='ltr'>τρόπου</span> <span class='ocrx_word' id='word_1_19' title='bbox 3087 480 3322 552; x_wconf 85' lang='grc' dir='ltr'>μάθησις</span> <span class='ocrx_word' id='word_1_20' title='bbox 3362 480 3455 534; x_wconf 79' lang='grc' dir='ltr'>νῦν</span> <span class='ocrx_word' id='word_1_21' title='bbox 3482 483 3848 551; x_wconf 78' lang='grc' dir='ltr'>ὲπιζητεῖται.</span> 
     </span>
    </p>
   </div>
   <div class='ocr_carea' id='block_1_6' title="bbox 597 566 2173 637">
    <p class='ocr_par' dir='ltr' id='par_1_6' title="bbox 597 566 2173 637">
     <span class='ocr_line' id='line_1_6' title="bbox 597 566 2173 637; baseline -0.001 -16"><span class='ocrx_word' id='word_1_22' title='bbox 597 568 809 622; x_wconf 78' lang='lat' dir='ltr'><strong>multos</strong></span> <span class='ocrx_word' id='word_1_23' title='bbox 853 568 969 622; x_wconf 87' lang='lat' dir='ltr'><strong>dies</strong></span> <span class='ocrx_word' id='word_1_24' title='bbox 997 578 1047 621; x_wconf 88' lang='lat' dir='ltr'><strong>et</strong></span> <span class='ocrx_word' id='word_1_25' title='bbox 1077 566 1357 637; x_wconf 87' lang='lat' dir='ltr'><strong>periodum</strong></span> <span class='ocrx_word' id='word_1_26' title='bbox 1407 577 1513 619; x_wconf 88' lang='lat' dir='ltr'><strong>tam</strong></span> <span class='ocrx_word' id='word_1_27' title='bbox 1561 566 1701 636; x_wconf 77' lang='lat' dir='ltr'><strong>longi</strong></span> <span class='ocrx_word' id='word_1_28' title='bbox 1728 566 1986 635; x_wconf 90' lang='lat' dir='ltr'><strong>propositi</strong></span> <span class='ocrx_word' id='word_1_29' title='bbox 2030 566 2173 619; x_wconf 89' lang='lat' dir='ltr'><strong>modi</strong></span> 
     </span>
    </p>
   </div>
   <div class='ocr_carea' id='block_1_7' title="bbox 610 655 2173 728">
    <p class='ocr_par' dir='ltr' id='par_1_7' title="bbox 610 655 2173 728">
     <span class='ocr_line' id='line_1_7' title="bbox 610 655 2173 728; baseline 0 -17"><span class='ocrx_word' id='word_1_30' title='bbox 610 657 845 728; x_wconf 79' lang='lat' dir='ltr'><strong>cognitio</strong></span> <span class='ocrx_word' id='word_1_31' title='bbox 870 658 980 727; x_wconf 89' lang='lat' dir='ltr'><strong>jam</strong></span> <span class='ocrx_word' id='word_1_32' title='bbox 1016 657 1231 711; x_wconf 77' lang='lat' dir='ltr'><strong>tandem</strong></span> <span class='ocrx_word' id='word_1_33' title='bbox 1262 655 1568 725; x_wconf 85' lang='lat' dir='ltr'><strong>inquiritur.</strong></span> <span class='ocrx_word' id='word_1_34' title='bbox 1615 656 1719 710; x_wconf 88' lang='lat' dir='ltr'><strong>Sed</strong></span> <span class='ocrx_word' id='word_1_35' title='bbox 1755 657 1877 722; x_wconf 89' lang='lat' dir='ltr'><strong>hoc,</strong></span> <span class='ocrx_word' id='word_1_36' title='bbox 1920 657 1998 711; x_wconf 91' lang='lat' dir='ltr'><strong>uti</strong></span> <span class='ocrx_word' id='word_1_37' title='bbox 2023 658 2173 711; x_wconf 77' lang='lat' dir='ltr'><strong>dixe-</strong></span> 
     </span>
    </p>
   </div>
   <div class='ocr_carea' id='block_1_8' title="bbox 610 747 2173 816">
    <p class='ocr_par' dir='ltr' id='par_1_8' title="bbox 610 747 2173 816">
     <span class='ocr_line' id='line_1_8' title="bbox 610 747 2173 816; baseline -0.003 -11"><span class='ocrx_word' id='word_1_38' title='bbox 610 766 725 805; x_wconf 90' lang='lat' dir='ltr'><strong>ram</strong></span> <span class='ocrx_word' id='word_1_39' title='bbox 756 749 948 804; x_wconf 87' lang='lat' dir='ltr'><strong>omitto</strong></span> <span class='ocrx_word' id='word_1_40' title='bbox 974 765 991 813; x_wconf 88' lang='lat'><strong>;</strong></span> <span class='ocrx_word' id='word_1_41' title='bbox 1046 763 1168 801; x_wconf 89' lang='lat' dir='ltr'><strong>cum</strong></span> <span class='ocrx_word' id='word_1_42' title='bbox 1192 747 1303 816; x_wconf 83' lang='lat' dir='ltr'><strong>jam</strong></span> <span class='ocrx_word' id='word_1_43' title='bbox 1332 747 1624 801; x_wconf 84' lang='lat' dir='ltr'><strong>cessaverit</strong></span> <span class='ocrx_word' id='word_1_44' title='bbox 1656 747 1846 811; x_wconf 84' lang='lat' dir='ltr'><strong>hiems,</strong></span> <span class='ocrx_word' id='word_1_45' title='bbox 1878 758 1933 803; x_wconf 89' lang='lat' dir='ltr'><strong>et</strong></span> <span class='ocrx_word' id='word_1_46' title='bbox 1977 749 2173 803; x_wconf 70' lang='lat' dir='ltr'><strong>caelum</strong></span> 
     </span>
    </p>
   </div>
   <div class='ocr_carea' id='block_1_9' title="bbox 609 838 2172 910">
    <p class='ocr_par' dir='ltr' id='par_1_9' title="bbox 609 838 2172 910">
     <span class='ocr_line' id='line_1_9' title="bbox 609 838 2172 910; baseline -0.002 -12"><span class='ocrx_word' id='word_1_47' title='bbox 609 845 803 899; x_wconf 85' lang='lat' dir='ltr'><strong>sudum</strong></span> <span class='ocrx_word' id='word_1_48' title='bbox 834 841 975 895; x_wconf 90' lang='lat' dir='ltr'><strong>diem</strong></span> <span class='ocrx_word' id='word_1_49' title='bbox 1007 838 1232 893; x_wconf 91' lang='lat' dir='ltr'><strong>ridendo</strong></span> <span class='ocrx_word' id='word_1_50' title='bbox 1279 840 1610 894; x_wconf 86' lang='lat' dir='ltr'><strong>serenaverit</strong></span> <span class='ocrx_word' id='word_1_51' title='bbox 1642 858 1655 905; x_wconf 93' lang='lat'>;</span> <span class='ocrx_word' id='word_1_52' title='bbox 1697 856 1961 910; x_wconf 83' lang='lat' dir='ltr'><strong>nusquam</strong></span> <span class='ocrx_word' id='word_1_53' title='bbox 1995 852 2172 895; x_wconf 86' lang='lat' dir='ltr'><strong>tamen</strong></span> 
     </span>
    </p>
   </div>
   <div class='ocr_carea' id='block_1_10' title="bbox 608 930 2173 1003">
    <p class='ocr_par' dir='ltr' id='par_1_10' title="bbox 608 930 2173 1003">
     <span class='ocr_line' id='line_1_10' title="bbox 608 930 2173 1003; baseline -0.004 -11"><span class='ocrx_word' id='word_1_54' title='bbox 608 943 883 1003; x_wconf 86' lang='lat' dir='ltr'><strong>comparet</strong></span> <span class='ocrx_word' id='word_1_55' title='bbox 938 932 1164 995; x_wconf 74' lang='lat' dir='ltr'><strong>amicus,</strong></span> <span class='ocrx_word' id='word_1_56' title='bbox 1196 940 1251 985; x_wconf 88' lang='lat' dir='ltr'><strong>et</strong></span> <span class='ocrx_word' id='word_1_57' title='bbox 1309 930 1430 985; x_wconf 90' lang='lat' dir='ltr'><strong>ideo</strong></span> <span class='ocrx_word' id='word_1_58' title='bbox 1463 931 1782 985; x_wconf 90' lang='lat' dir='ltr'><strong>obnubilum</strong></span> <span class='ocrx_word' id='word_1_59' title='bbox 1815 940 1870 985; x_wconf 85' lang='lat' dir='ltr'><strong>et</strong></span> <span class='ocrx_word' id='word_1_60' title='bbox 1922 932 2173 986; x_wconf 79' lang='lat' dir='ltr'><strong>tetricum</strong></span> 
     </span>
    </p>
   </div>
   <div class='ocr_carea' id='block_1_11' title="bbox 608 1021 2171 1095">
    <p class='ocr_par' dir='ltr' id='par_1_11' title="bbox 608 1021 2171 1095">
     <span class='ocr_line' id='line_1_11' title="bbox 608 1021 2171 1095; baseline -0.003 -14"><span class='ocrx_word' id='word_1_61' title='bbox 608 1042 793 1081; x_wconf 89' lang='lat' dir='ltr'><strong>rursus</strong></span> <span class='ocrx_word' id='word_1_62' title='bbox 824 1026 942 1095; x_wconf 86' lang='lat' dir='ltr'><strong>ejus</strong></span> <span class='ocrx_word' id='word_1_63' title='bbox 974 1023 1181 1078; x_wconf 84' lang='lat' dir='ltr'><strong>vultum</strong></span> <span class='ocrx_word' id='word_1_64' title='bbox 1211 1021 1357 1076; x_wconf 83' lang='lat' dir='ltr'><strong>facit.</strong></span> <span class='ocrx_word' id='word_1_65' title='bbox 1394 1021 1459 1076; x_wconf 89' lang='lat' dir='ltr'><strong>Et</strong></span> <span class='ocrx_word' id='word_1_66' title='bbox 1494 1031 1675 1076; x_wconf 89' lang='lat' dir='ltr'><strong>tamen</strong></span> <span class='ocrx_word' id='word_1_67' title='bbox 1708 1024 1752 1077; x_wconf 87' lang='lat' dir='ltr'><strong>si</strong></span> <span class='ocrx_word' id='word_1_68' title='bbox 1784 1038 1814 1077; x_wconf 91' lang='lat' dir='ltr'><strong>a</strong></span> <span class='ocrx_word' id='word_1_69' title='bbox 1848 1038 2008 1078; x_wconf 85' lang='lat' dir='ltr'><strong>scena</strong></span> <span class='ocrx_word' id='word_1_70' title='bbox 2044 1039 2171 1093; x_wconf 86' lang='lat' dir='ltr'><strong>pro-</strong></span> 
     </span>
    </p>
   </div>
   <div class='ocr_carea' id='block_1_12' title="bbox 606 1116 2170 1189">
    <p class='ocr_par' dir='ltr' id='par_1_12' title="bbox 606 1116 2170 1189">
     <span class='ocr_line' id='line_1_12' title="bbox 606 1116 2170 1189; baseline -0.003 -15"><span class='ocrx_word' id='word_1_71' title='bbox 606 1119 844 1189; x_wconf 81' lang='lat' dir='ltr'><strong>spexerit</strong></span> <span class='ocrx_word' id='word_1_72' title='bbox 873 1116 1138 1187; x_wconf 72' lang='lat' dir='ltr'><strong>apologis,</strong></span> <span class='ocrx_word' id='word_1_73' title='bbox 1163 1124 1216 1170; x_wconf 88' lang='lat' dir='ltr'><strong>et</strong></span> <span class='ocrx_word' id='word_1_74' title='bbox 1251 1117 1542 1186; x_wconf 77' lang='lat' dir='ltr'><strong>praeclarus</strong></span> <span class='ocrx_word' id='word_1_75' title='bbox 1566 1116 1653 1169; x_wconf 90' lang='lat' dir='ltr'><strong>ille</strong></span> <span class='ocrx_word' id='word_1_76' title='bbox 1682 1131 1797 1171; x_wconf 91' lang='lat' dir='ltr'><strong>mos</strong></span> <span class='ocrx_word' id='word_1_77' title='bbox 1824 1131 1881 1169; x_wconf 91' lang='lat' dir='ltr'><strong>se</strong></span> <span class='ocrx_word' id='word_1_78' title='bbox 1908 1131 2016 1169; x_wconf 90' lang='lat' dir='ltr'><strong>una</strong></span> <span class='ocrx_word' id='word_1_79' title='bbox 2047 1131 2170 1170; x_wconf 91' lang='lat' dir='ltr'><strong>cum</strong></span> 
     </span>
    </p>
   </div>
   <div class='ocr_carea' id='block_1_13' title="bbox 608 1206 2169 1279">
    <p class='ocr_par' dir='ltr' id='par_1_13' title="bbox 608 1206 2169 1279">
     <span class='ocr_line' id='line_1_13' title="bbox 608 1206 2169 1279; baseline -0.003 -16"><span class='ocrx_word' id='word_1_80' title='bbox 608 1218 927 1279; x_wconf 87' lang='lat' dir='ltr'><strong>tempestate</strong></span> <span class='ocrx_word' id='word_1_81' title='bbox 978 1209 1273 1263; x_wconf 87' lang='lat' dir='ltr'><strong>choreuten</strong></span> <span class='ocrx_word' id='word_1_82' title='bbox 1302 1207 1495 1278; x_wconf 85' lang='lat' dir='ltr'><strong>prodat</strong></span> <span class='ocrx_word' id='word_1_83' title='bbox 1523 1224 1537 1271; x_wconf 93' lang='lat'><strong>;</strong></span> <span class='ocrx_word' id='word_1_84' title='bbox 1582 1206 1716 1260; x_wconf 87' lang='lat' dir='ltr'><strong>mihi</strong></span> <span class='ocrx_word' id='word_1_85' title='bbox 1738 1207 2037 1275; x_wconf 87' lang='lat' dir='ltr'><strong>jucundum</strong></span> <span class='ocrx_word' id='word_1_86' title='bbox 2064 1215 2169 1269; x_wconf 89' lang='lat' dir='ltr'><strong>est,</strong></span> 
     </span>
    </p>
   </div>
   <div class='ocr_carea' id='block_1_14' title="bbox 604 1299 2169 1370">
    <p class='ocr_par' dir='ltr' id='par_1_14' title="bbox 604 1299 2169 1370">
     <span class='ocr_line' id='line_1_14' title="bbox 604 1299 2169 1370; baseline -0.002 -14"><span class='ocrx_word' id='word_1_87' title='bbox 604 1304 647 1356; x_wconf 90' lang='lat' dir='ltr'><strong>si</strong></span> <span class='ocrx_word' id='word_1_88' title='bbox 677 1301 754 1355; x_wconf 90' lang='lat' dir='ltr'><strong>sic</strong></span> <span class='ocrx_word' id='word_1_89' title='bbox 785 1301 870 1355; x_wconf 88' lang='lat' dir='ltr'><strong>vel</strong></span> <span class='ocrx_word' id='word_1_90' title='bbox 916 1300 969 1353; x_wconf 90' lang='lat' dir='ltr'><strong>in</strong></span> <span class='ocrx_word' id='word_1_91' title='bbox 1002 1315 1162 1354; x_wconf 90' lang='lat' dir='ltr'><strong>scena</strong></span> <span class='ocrx_word' id='word_1_92' title='bbox 1185 1310 1365 1370; x_wconf 86' lang='lat' dir='ltr'><strong>agant.</strong></span> <span class='ocrx_word' id='word_1_93' title='bbox 1417 1299 1552 1354; x_wconf 91' lang='lat' dir='ltr'><strong>Cum</strong></span> <span class='ocrx_word' id='word_1_94' title='bbox 1593 1301 1739 1355; x_wconf 90' lang='lat' dir='ltr'><strong>enim</strong></span> <span class='ocrx_word' id='word_1_95' title='bbox 1778 1310 1923 1354; x_wconf 89' lang='lat' dir='ltr'><strong>esset</strong></span> <span class='ocrx_word' id='word_1_96' title='bbox 1984 1300 2169 1369; x_wconf 82' lang='lat' dir='ltr'><strong>procul</strong></span> 
     </span>
    </p>
   </div>
   <div class='ocr_carea' id='block_1_15' title="bbox 603 1390 2170 1461">
    <p class='ocr_par' dir='ltr' id='par_1_15' title="bbox 603 1390 2170 1461">
     <span class='ocr_line' id='line_1_15' title="bbox 603 1390 2170 1461; baseline -0.001 -15"><span class='ocrx_word' id='word_1_97' title='bbox 603 1392 767 1446; x_wconf 89' lang='lat' dir='ltr'><strong>dubio</strong></span> <span class='ocrx_word' id='word_1_98' title='bbox 798 1391 963 1455; x_wconf 89' lang='lat' dir='ltr'><strong>aliud,</strong></span> <span class='ocrx_word' id='word_1_99' title='bbox 996 1391 1138 1461; x_wconf 83' lang='lat' dir='ltr'><strong>quod</strong></span> <span class='ocrx_word' id='word_1_100' title='bbox 1171 1392 1415 1455; x_wconf 84' lang='lat' dir='ltr'><strong>doleret,</strong></span> <span class='ocrx_word' id='word_1_101' title='bbox 1447 1401 1501 1446; x_wconf 93' lang='lat' dir='ltr'><strong>et</strong></span> <span class='ocrx_word' id='word_1_102' title='bbox 1537 1392 1827 1446; x_wconf 89' lang='lat' dir='ltr'><strong>adventum</strong></span> <span class='ocrx_word' id='word_1_103' title='bbox 1852 1400 2033 1460; x_wconf 89' lang='lat' dir='ltr'><strong>posset</strong></span> <span class='ocrx_word' id='word_1_104' title='bbox 2073 1390 2170 1444; x_wconf 85' lang='lat' dir='ltr'><strong>de—</strong></span> 
     </span>
    </p>
   </div>
   <div class='ocr_carea' id='block_1_16' title="bbox 605 1481 2167 1552">
    <p class='ocr_par' dir='ltr' id='par_1_16' title="bbox 605 1481 2167 1552">
     <span class='ocr_line' id='line_1_16' title="bbox 605 1481 2167 1552; baseline -0.003 -15"><span class='ocrx_word' id='word_1_105' title='bbox 605 1485 799 1547; x_wconf 89' lang='lat' dir='ltr'><strong>tinere,</strong></span> <span class='ocrx_word' id='word_1_106' title='bbox 854 1498 951 1552; x_wconf 89' lang='lat' dir='ltr'><strong>per</strong></span> <span class='ocrx_word' id='word_1_107' title='bbox 979 1483 1305 1538; x_wconf 91' lang='lat' dir='ltr'><strong>amotionem</strong></span> <span class='ocrx_word' id='word_1_108' title='bbox 1347 1498 1378 1537; x_wconf 86' lang='lat' dir='ltr'><strong>a</strong></span> <span class='ocrx_word' id='word_1_109' title='bbox 1417 1482 1609 1552; x_wconf 84' lang='lat' dir='ltr'><strong>seipsis</strong></span> <span class='ocrx_word' id='word_1_110' title='bbox 1638 1483 1781 1537; x_wconf 87' lang='lat' dir='ltr'><strong>illius</strong></span> <span class='ocrx_word' id='word_1_111' title='bbox 1800 1496 2005 1547; x_wconf 65' lang='lat' dir='ltr'><strong>causae,</strong></span> <span class='ocrx_word' id='word_1_112' title='bbox 2032 1481 2167 1534; x_wconf 91' lang='lat' dir='ltr'><strong>libe-</strong></span> 
     </span>
    </p>
   </div>
   <div class='ocr_carea' id='block_1_17' title="bbox 602 1572 2166 1642">
    <p class='ocr_par' dir='ltr' id='par_1_17' title="bbox 602 1572 2166 1642">
     <span class='ocr_line' id='line_1_17' title="bbox 602 1572 2166 1642; baseline -0.001 -16"><span class='ocrx_word' id='word_1_113' title='bbox 602 1574 864 1626; x_wconf 88' lang='lat' dir='ltr'><strong>rationem</strong></span> <span class='ocrx_word' id='word_1_114' title='bbox 903 1581 957 1626; x_wconf 91' lang='lat' dir='ltr'><strong>et</strong></span> <span class='ocrx_word' id='word_1_115' title='bbox 987 1573 1384 1642; x_wconf 82' lang='lat' dir='ltr'><strong>exemptionem</strong></span> <span class='ocrx_word' id='word_1_116' title='bbox 1412 1572 1690 1627; x_wconf 89' lang='lat' dir='ltr'><strong>indicavit.</strong></span> <span class='ocrx_word' id='word_1_117' title='bbox 1713 1572 1977 1627; x_wconf 89' lang='lat' dir='ltr'><strong>Gaudium</strong></span> <span class='ocrx_word' id='word_1_118' title='bbox 2005 1588 2166 1641; x_wconf 91' lang='lat' dir='ltr'><strong>porro</strong></span> 
     </span>
    </p>
   </div>
   <div class='ocr_carea' id='block_1_18' title="bbox 600 1662 2166 1733">
    <p class='ocr_par' dir='ltr' id='par_1_18' title="bbox 600 1662 2166 1733">
     <span class='ocr_line' id='line_1_18' title="bbox 600 1662 2166 1733; baseline 0.001 -17"><span class='ocrx_word' id='word_1_119' title='bbox 600 1664 834 1732; x_wconf 79' lang='lat' dir='ltr'><strong>gaudere</strong></span> <span class='ocrx_word' id='word_1_120' title='bbox 859 1662 1129 1716; x_wconf 89' lang='lat' dir='ltr'><strong>sincerum</strong></span> <span class='ocrx_word' id='word_1_121' title='bbox 1160 1679 1190 1717; x_wconf 90' lang='lat' dir='ltr'><strong>e</strong></span> <span class='ocrx_word' id='word_1_122' title='bbox 1229 1663 1426 1717; x_wconf 87' lang='lat' dir='ltr'><strong>litteris</strong></span> <span class='ocrx_word' id='word_1_123' title='bbox 1452 1664 1638 1717; x_wconf 91' lang='lat' dir='ltr'><strong>datum</strong></span> <span class='ocrx_word' id='word_1_124' title='bbox 1668 1673 1750 1717; x_wconf 91' lang='lat' dir='ltr'><strong>est</strong></span> <span class='ocrx_word' id='word_1_125' title='bbox 1767 1663 1861 1728; x_wconf 87' lang='lat' dir='ltr'><strong>‘iis,</strong></span> <span class='ocrx_word' id='word_1_126' title='bbox 1892 1662 1983 1733; x_wconf 87' lang='lat' dir='ltr'><strong>qui</strong></span> <span class='ocrx_word' id='word_1_127' title='bbox 2020 1678 2050 1717; x_wconf 91' lang='lat' dir='ltr'><strong>e</strong></span> <span class='ocrx_word' id='word_1_128' title='bbox 2080 1662 2166 1717; x_wconf 90' lang='lat' dir='ltr'><strong>lit-</strong></span> 
     </span>
    </p>
   </div>
   <div class='ocr_carea' id='block_1_19' title="bbox 604 1753 2163 1818">
    <p class='ocr_par' dir='ltr' id='par_1_19' title="bbox 604 1753 2163 1818">
     <span class='ocr_line' id='line_1_19' title="bbox 604 1753 2163 1818; baseline 0.001 -12"><span class='ocrx_word' id='word_1_129' title='bbox 604 1754 734 1807; x_wconf 90' lang='lat' dir='ltr'><strong>teris</strong></span> <span class='ocrx_word' id='word_1_130' title='bbox 756 1753 861 1807; x_wconf 91' lang='lat' dir='ltr'><strong>tuis</strong></span> <span class='ocrx_word' id='word_1_131' title='bbox 892 1753 1209 1818; x_wconf 83' lang='lat' dir='ltr'><strong>resciscunt,</strong></span> <span class='ocrx_word' id='word_1_132' title='bbox 1228 1762 1281 1807; x_wconf 89' lang='lat' dir='ltr'><strong>te</strong></span> <span class='ocrx_word' id='word_1_133' title='bbox 1304 1753 1620 1807; x_wconf 91' lang='lat' dir='ltr'><strong>meliuscule</strong></span> <span class='ocrx_word' id='word_1_134' title='bbox 1640 1757 1707 1807; x_wconf 90' lang='lat' dir='ltr'><strong>de</strong></span> <span class='ocrx_word' id='word_1_135' title='bbox 1730 1753 1919 1807; x_wconf 89' lang='lat' dir='ltr'><strong>morbo</strong></span> <span class='ocrx_word' id='word_1_136' title='bbox 1943 1754 2163 1815; x_wconf 88' lang='lat' dir='ltr'><strong>habere,</strong></span> 
     </span>
    </p>
   </div>
   <div class='ocr_carea' id='block_1_20' title="bbox 600 1823 2236 1912">
    <p class='ocr_par' dir='ltr' id='par_1_20' title="bbox 600 1823 2236 1912">
     <span class='ocr_line' id='line_1_20' title="bbox 600 1823 2236 1912; baseline 0.003 -18"><span class='ocrx_word' id='word_1_137' title='bbox 600 1858 630 1895; x_wconf 89' lang='lat' dir='ltr'><strong>a</strong></span> <span class='ocrx_word' id='word_1_138' title='bbox 663 1857 770 1911; x_wconf 92' lang='lat' dir='ltr'><strong>quo</strong></span> <span class='ocrx_word' id='word_1_139' title='bbox 801 1842 1031 1910; x_wconf 84' lang='lat' dir='ltr'><strong>Optarim</strong></span> <span class='ocrx_word' id='word_1_140' title='bbox 1066 1851 1118 1897; x_wconf 89' lang='lat' dir='ltr'><strong>te</strong></span> <span class='ocrx_word' id='word_1_141' title='bbox 1170 1843 1409 1912; x_wconf 84' lang='lat' dir='ltr'><strong>perfecte</strong></span> <span class='ocrx_word' id='word_1_142' title='bbox 1447 1842 1685 1910; x_wconf 89' lang='lat' dir='ltr'><strong>liberari,</strong></span> <span class='ocrx_word' id='word_1_143' title='bbox 1722 1844 1824 1898; x_wconf 88' lang='lat' dir='ltr'><strong>sub</strong></span> <span class='ocrx_word' id='word_1_144' title='bbox 1851 1845 2163 1899; x_wconf 85' lang='lat' dir='ltr'><strong>conditione</strong></span> <span class='ocrx_word' id='word_1_145' title='bbox 2196 1823 2236 1876; x_wconf 73' lang='grc' dir='ltr'><strong><em>Β</em></strong></span> 
     </span>
    </p>
   </div>
   <div class='ocr_carea' id='block_1_21' title="bbox 589 1935 1666 2007">
    <p class='ocr_par' dir='ltr' id='par_1_21' title="bbox 589 1935 1666 2007">
     <span class='ocr_line' id='line_1_21' title="bbox 589 1935 1666 2007; baseline 0.005 -19"><span class='ocrx_word' id='word_1_146' title='bbox 589 1950 671 1989; x_wconf 89' lang='lat' dir='ltr'><strong>.ne</strong></span> <span class='ocrx_word' id='word_1_147' title='bbox 692 1935 951 2007; x_wconf 88' lang='lat' dir='ltr'><strong>deinceps</strong></span> <span class='ocrx_word' id='word_1_148' title='bbox 982 1936 1183 2007; x_wconf 90' lang='lat' dir='ltr'><strong>aliquid</strong></span> <span class='ocrx_word' id='word_1_149' title='bbox 1209 1937 1313 1991; x_wconf 88' lang='lat' dir='ltr'><strong>tale</strong></span> <span class='ocrx_word' id='word_1_150' title='bbox 1339 1940 1666 1993; x_wconf 86' lang='lat' dir='ltr'><strong>committas.</strong></span> 
     </span>
    </p>
   </div>
   <div class='ocr_carea' id='block_1_22' title="bbox 1136 2048 1618 2106">
    <p class='ocr_par' dir='ltr' id='par_1_22' title="bbox 1136 2048 1618 2106">
     <span class='ocr_line' id='line_1_22' title="bbox 1136 2048 1618 2106; baseline 0.006 -6"><span class='ocrx_word' id='word_1_151' title='bbox 1136 2048 1344 2105; x_wconf 86' lang='lat' dir='ltr'><strong>EPIST.</strong></span> <span class='ocrx_word' id='word_1_152' title='bbox 1390 2048 1618 2106; x_wconf 80' lang='lat' dir='ltr'><strong>XCVIII.</strong></span> 
     </span>
    </p>
   </div>
   <div class='ocr_carea' id='block_1_23' title="bbox 679 2138 2072 2211">
    <p class='ocr_par' dir='ltr' id='par_1_23' title="bbox 679 2138 2072 2211">
     <span class='ocr_line' id='line_1_23' title="bbox 679 2138 2072 2211; baseline 0.003 -20"><span class='ocrx_word' id='word_1_153' title='bbox 679 2138 966 2207; x_wconf 82' lang='lat' dir='ltr'><strong>Nicephoro</strong></span> <span class='ocrx_word' id='word_1_154' title='bbox 1007 2141 1304 2210; x_wconf 77' lang='lat' dir='ltr'><strong>philosopho</strong></span> <span class='ocrx_word' id='word_1_155' title='bbox 1353 2143 1764 2197; x_wconf 80' lang='lat' dir='ltr'><strong>monachismum</strong></span> <span class='ocrx_word' id='word_1_156' title='bbox 1809 2143 2072 2211; x_wconf 69' lang='lat' dir='ltr'><strong>amplexo.</strong></span> 
     </span>
    </p>
   </div>
   <div class='ocr_carea' id='block_1_24' title="bbox 2287 564 3850 641">
    <p class='ocr_par' dir='ltr' id='par_1_24' title="bbox 2287 564 3850 641">
     <span class='ocr_line' id='line_1_24' title="bbox 2287 564 3850 641; baseline 0.006 -25"><span class='ocrx_word' id='word_1_157' title='bbox 2287 565 2391 616; x_wconf 86' lang='grc' dir='ltr'><strong>Ἐὦ</strong></span> <span class='ocrx_word' id='word_1_158' title='bbox 2422 565 2520 634; x_wconf 81' lang='grc' dir='ltr'>μὲν</span> <span class='ocrx_word' id='word_1_159' title='bbox 2557 564 2668 628; x_wconf 75' lang='grc' dir='ltr'>οὖν,</span> <span class='ocrx_word' id='word_1_160' title='bbox 2698 565 2886 637; x_wconf 83' lang='grc' dir='ltr'>ὥσπερ</span> <span class='ocrx_word' id='word_1_161' title='bbox 2914 568 3070 637; x_wconf 76' lang='grc' dir='ltr'>ἔφην,</span> <span class='ocrx_word' id='word_1_162' title='bbox 3112 568 3303 624; x_wconf 86' lang='grc' dir='ltr'>ταῦτα.</span> <span class='ocrx_word' id='word_1_163' title='bbox 3350 569 3509 622; x_wconf 82' lang='grc' dir='ltr'>Ἀλλὰ</span> <span class='ocrx_word' id='word_1_164' title='bbox 3553 571 3664 641; x_wconf 79' lang='grc' dir='ltr'><strong>γὰρ</strong></span> <span class='ocrx_word' id='word_1_165' title='bbox 3692 575 3721 625; x_wconf 91' lang='lat'><strong>6</strong></span> <span class='ocrx_word' id='word_1_166' title='bbox 3752 573 3850 641; x_wconf 83' lang='grc' dir='ltr'>μὲν</span> 
     </span>
    </p>
   </div>
   <div class='ocr_carea' id='block_1_25' title="bbox 2274 652 3850 730">
    <p class='ocr_par' dir='ltr' id='par_1_25' title="bbox 2274 652 3850 730">
     <span class='ocr_line' id='line_1_25' title="bbox 2274 652 3850 730; baseline 0.006 -25"><span class='ocrx_word' id='word_1_167' title='bbox 2274 652 2481 723; x_wconf 82' lang='grc' dir='ltr'>χειμὼν</span> <span class='ocrx_word' id='word_1_168' title='bbox 2513 655 2731 725; x_wconf 71' lang='grc' dir='ltr'>ἠρέμει,</span> <span class='ocrx_word' id='word_1_169' title='bbox 2778 662 2872 709; x_wconf 75' lang='grc' dir='ltr'><strong>καὶ</strong></span> <span class='ocrx_word' id='word_1_170' title='bbox 2903 656 3132 726; x_wconf 81' lang='grc' dir='ltr'>γαληνὸν</span> <span class='ocrx_word' id='word_1_171' title='bbox 3181 658 3445 728; x_wconf 76' lang='grc' dir='ltr'><strong>μειδίαμα</strong></span> <span class='ocrx_word' id='word_1_172' title='bbox 3493 658 3595 730; x_wconf 83' lang='grc' dir='ltr'>τὴν</span> <span class='ocrx_word' id='word_1_173' title='bbox 3632 661 3850 730; x_wconf 77' lang='grc' dir='ltr'>ἡμέραν</span> 
     </span>
    </p>
   </div>
   <div class='ocr_carea' id='block_1_26' title="bbox 2273 746 3850 822">
    <p class='ocr_par' dir='ltr' id='par_1_26' title="bbox 2273 746 3850 822">
     <span class='ocr_line' id='line_1_26' title="bbox 2273 746 3850 822; baseline 0.004 -23"><span class='ocrx_word' id='word_1_174' title='bbox 2273 746 2489 814; x_wconf 80' lang='grc' dir='ltr'><strong>διεγέλα</strong></span> <span class='ocrx_word' id='word_1_175' title='bbox 2508 764 2521 777; x_wconf 85' lang='grc'><strong>·</strong></span> <span class='ocrx_word' id='word_1_176' title='bbox 2559 747 2751 818; x_wconf 87' lang='grc' dir='ltr'>παρὼν</span> <span class='ocrx_word' id='word_1_177' title='bbox 2775 748 2820 801; x_wconf 78' lang='grc' dir='ltr'>δ’</span> <span class='ocrx_word' id='word_1_178' title='bbox 2837 752 2865 802; x_wconf 98' lang='lat'><strong>6</strong></span> <span class='ocrx_word' id='word_1_179' title='bbox 2897 749 3047 818; x_wconf 81' lang='grc' dir='ltr'>φίλος</span> <span class='ocrx_word' id='word_1_180' title='bbox 3071 750 3305 819; x_wconf 81' lang='grc' dir='ltr'>οὐδαμοῦ</span> <span class='ocrx_word' id='word_1_181' title='bbox 3334 752 3657 822; x_wconf 82' lang='grc' dir='ltr'>σκυθρωπὸν</span> <span class='ocrx_word' id='word_1_182' title='bbox 3676 753 3850 819; x_wconf 70' lang='grc' dir='ltr'>αὐτῆς</span> 
     </span>
    </p>
   </div>
   <div class='ocr_carea' id='block_1_27' title="bbox 2274 838 3849 913">
    <p class='ocr_par' dir='ltr' id='par_1_27' title="bbox 2274 838 3849 913">
     <span class='ocr_line' id='line_1_27' title="bbox 2274 838 3849 913; baseline 0.002 -22"><span class='ocrx_word' id='word_1_183' title='bbox 2274 840 2366 891; x_wconf 75' lang='grc' dir='ltr'><strong>καὶ</strong></span> <span class='ocrx_word' id='word_1_184' title='bbox 2400 838 2624 905; x_wconf 79' lang='grc' dir='ltr'>στυγνὸν</span> <span class='ocrx_word' id='word_1_185' title='bbox 2682 839 2744 891; x_wconf 79' lang='grc' dir='ltr'>τὸ</span> <span class='ocrx_word' id='word_1_186' title='bbox 2783 840 3075 911; x_wconf 86' lang='grc' dir='ltr'>πρόσωπον</span> <span class='ocrx_word' id='word_1_187' title='bbox 3133 841 3456 895; x_wconf 77' lang='grc' dir='ltr'>ὑπεδείκνυο</span> <span class='ocrx_word' id='word_1_188' title='bbox 3500 843 3644 913; x_wconf 83' lang='grc' dir='ltr'>πλὴν</span> <span class='ocrx_word' id='word_1_189' title='bbox 3673 844 3725 895; x_wconf 87' lang='grc' dir='ltr'><strong>εί</strong></span> <span class='ocrx_word' id='word_1_190' title='bbox 3760 850 3849 896; x_wconf 67' lang='grc' dir='ltr'><strong>καὶ</strong></span> 
     </span>
    </p>
   </div>
   <div class='ocr_carea' id='block_1_28' title="bbox 2276 927 3847 1001">
    <p class='ocr_par' dir='ltr' id='par_1_28' title="bbox 2276 927 3847 1001">
     <span class='ocr_line' id='line_1_28' title="bbox 2276 927 3847 1001; baseline 0.004 -23"><span class='ocrx_word' id='word_1_191' title='bbox 2276 927 2478 996; x_wconf 82' lang='grc' dir='ltr'>σκηνῆς</span> <span class='ocrx_word' id='word_1_192' title='bbox 2509 928 2851 998; x_wconf 81' lang='grc' dir='ltr'><strong>προέκυπτεν</strong></span> <span class='ocrx_word' id='word_1_193' title='bbox 2884 931 3225 999; x_wconf 84' lang='grc' dir='ltr'>ὴὰπολογία,</span> <span class='ocrx_word' id='word_1_194' title='bbox 3250 933 3343 984; x_wconf 76' lang='grc' dir='ltr'><strong>καὶ</strong></span> <span class='ocrx_word' id='word_1_195' title='bbox 3376 934 3403 983; x_wconf 90' lang='grc' dir='ltr'><strong>ό</strong></span> <span class='ocrx_word' id='word_1_196' title='bbox 3447 932 3612 995; x_wconf 83' lang='grc' dir='ltr'>καλὸς</span> <span class='ocrx_word' id='word_1_197' title='bbox 3646 933 3847 1001; x_wconf 77' lang='grc' dir='ltr'><strong>τρόπος</strong></span> 
     </span>
    </p>
   </div>
   <div class='ocr_carea' id='block_1_29' title="bbox 2276 1016 3865 1091">
    <p class='ocr_par' dir='ltr' id='par_1_29' title="bbox 2276 1016 3865 1091">
     <span class='ocr_line' id='line_1_29' title="bbox 2276 1016 3865 1091; baseline 0.003 -22"><span class='ocrx_word' id='word_1_198' title='bbox 2276 1016 2636 1088; x_wconf 84' lang='grc' dir='ltr'>συγχορευτὴν</span> <span class='ocrx_word' id='word_1_199' title='bbox 2656 1018 2847 1071; x_wconf 76' lang='grc' dir='ltr'>ἑαυτὸν</span> <span class='ocrx_word' id='word_1_200' title='bbox 2867 1019 3103 1071; x_wconf 77' lang='grc' dir='ltr'>ὑπέϐαλε</span> <span class='ocrx_word' id='word_1_201' title='bbox 3122 1019 3215 1072; x_wconf 84' lang='grc' dir='ltr'>τοῦ</span> <span class='ocrx_word' id='word_1_202' title='bbox 3242 1019 3509 1089; x_wconf 86' lang='grc' dir='ltr'>χειμῶνος</span> <span class='ocrx_word' id='word_1_203' title='bbox 3530 1037 3547 1051; x_wconf 73' lang='grc' dir='ltr'><strong>ο</strong></span> <span class='ocrx_word' id='word_1_204' title='bbox 3573 1020 3689 1074; x_wconf 83' lang='grc' dir='ltr'>ἁλλ’</span> <span class='ocrx_word' id='word_1_205' title='bbox 3715 1023 3865 1091; x_wconf 81' lang='grc' dir='ltr'>ἡμῖν.</span> 
     </span>
    </p>
   </div>
   <div class='ocr_carea' id='block_1_30' title="bbox 2271 1109 3849 1184">
    <p class='ocr_par' dir='ltr' id='par_1_30' title="bbox 2271 1109 3849 1184">
     <span class='ocr_line' id='line_1_30' title="bbox 2271 1109 3849 1184; baseline 0.003 -22"><span class='ocrx_word' id='word_1_206' title='bbox 2271 1127 2337 1177; x_wconf 88' lang='grc' dir='ltr'><strong>γε</strong></span> <span class='ocrx_word' id='word_1_207' title='bbox 2372 1112 2466 1163; x_wconf 67' lang='grc' dir='ltr'><strong>καὶ</strong></span> <span class='ocrx_word' id='word_1_208' title='bbox 2494 1109 2635 1164; x_wconf 80' lang='grc' dir='ltr'>οὕτω</span> <span class='ocrx_word' id='word_1_209' title='bbox 2664 1112 2837 1181; x_wconf 85' lang='grc' dir='ltr'>χαρὰν</span> <span class='ocrx_word' id='word_1_210' title='bbox 2891 1112 3200 1183; x_wconf 77' lang='grc' dir='ltr'>ἐπέστησαν</span> <span class='ocrx_word' id='word_1_211' title='bbox 3254 1113 3558 1184; x_wconf 88' lang='grc' dir='ltr'>θεατρίσαι.</span> <span class='ocrx_word' id='word_1_212' title='bbox 3622 1114 3849 1178; x_wconf 79' lang='grc' dir='ltr'><strong>Πάντως</strong></span> 
     </span>
    </p>
   </div>
   <div class='ocr_carea' id='block_1_31' title="bbox 2272 1200 3848 1276">
    <p class='ocr_par' dir='ltr' id='par_1_31' title="bbox 2272 1200 3848 1276">
     <span class='ocr_line' id='line_1_31' title="bbox 2272 1200 3848 1276; baseline 0.004 -24"><span class='ocrx_word' id='word_1_213' title='bbox 2272 1200 2380 1271; x_wconf 73' lang='grc' dir='ltr'><strong>γὰρ</strong></span> <span class='ocrx_word' id='word_1_214' title='bbox 2428 1201 2587 1254; x_wconf 83' lang='grc' dir='ltr'>ἄλλου</span> <span class='ocrx_word' id='word_1_215' title='bbox 2621 1202 3087 1272; x_wconf 84' lang='grc' dir='ltr'>παραλυποῦντος,</span> <span class='ocrx_word' id='word_1_216' title='bbox 3117 1206 3210 1256; x_wconf 77' lang='grc' dir='ltr'><strong>καὶ</strong></span> <span class='ocrx_word' id='word_1_217' title='bbox 3241 1204 3471 1257; x_wconf 68' lang='grc' dir='ltr'>κωλύειν</span> <span class='ocrx_word' id='word_1_218' title='bbox 3521 1205 3598 1268; x_wconf 84' lang='grc' dir='ltr'>ὡς</span> <span class='ocrx_word' id='word_1_219' title='bbox 3631 1206 3848 1276; x_wconf 82' lang='grc' dir='ltr'>άληθῶς</span> 
     </span>
    </p>
   </div>
   <div class='ocr_carea' id='block_1_32' title="bbox 2270 1295 3846 1368">
    <p class='ocr_par' dir='ltr' id='par_1_32' title="bbox 2270 1295 3846 1368">
     <span class='ocr_line' id='line_1_32' title="bbox 2270 1295 3846 1368; baseline 0.004 -23"><span class='ocrx_word' id='word_1_220' title='bbox 2270 1295 2367 1364; x_wconf 81' lang='grc' dir='ltr'>τὴν</span> <span class='ocrx_word' id='word_1_221' title='bbox 2390 1296 2571 1364; x_wconf 85' lang='grc' dir='ltr'>ἄφιξιν</span> <span class='ocrx_word' id='word_1_222' title='bbox 2602 1296 2898 1367; x_wconf 82' lang='grc' dir='ltr'>δυναμένου</span> <span class='ocrx_word' id='word_1_223' title='bbox 2924 1300 2989 1368; x_wconf 79' lang='grc' dir='ltr'>τῇ</span> <span class='ocrx_word' id='word_1_224' title='bbox 3012 1297 3131 1349; x_wconf 87' lang='grc' dir='ltr'>καθ’</span> <span class='ocrx_word' id='word_1_225' title='bbox 3160 1297 3367 1350; x_wconf 79' lang='grc' dir='ltr'>ἑαυτῶν</span> <span class='ocrx_word' id='word_1_226' title='bbox 3393 1299 3727 1367; x_wconf 81' lang='grc' dir='ltr'>μεταστάσει</span> <span class='ocrx_word' id='word_1_227' title='bbox 3751 1300 3846 1366; x_wconf 70' lang='grc' dir='ltr'>τῆς</span> 
     </span>
    </p>
   </div>
   <div class='ocr_carea' id='block_1_33' title="bbox 2271 1387 3846 1462">
    <p class='ocr_par' dir='ltr' id='par_1_33' title="bbox 2271 1387 3846 1462">
     <span class='ocr_line' id='line_1_33' title="bbox 2271 1387 3846 1462; baseline 0.002 -24"><span class='ocrx_word' id='word_1_228' title='bbox 2271 1387 2467 1453; x_wconf 83' lang='grc' dir='ltr'>αίτίας,</span> <span class='ocrx_word' id='word_1_229' title='bbox 2519 1387 2839 1457; x_wconf 77' lang='grc' dir='ltr'>ἀπαλλαγὴν</span> <span class='ocrx_word' id='word_1_230' title='bbox 2888 1389 3092 1459; x_wconf 79' lang='grc' dir='ltr'>ἐμήνυε</span> <span class='ocrx_word' id='word_1_231' title='bbox 3146 1390 3239 1442; x_wconf 77' lang='grc' dir='ltr'><strong>καὶ</strong></span> <span class='ocrx_word' id='word_1_232' title='bbox 3278 1389 3621 1459; x_wconf 79' lang='grc' dir='ltr'>ἐλευθερίαν·</span> <span class='ocrx_word' id='word_1_233' title='bbox 3670 1391 3846 1462; x_wconf 73' lang='grc' dir='ltr'>χαρὰν</span> 
     </span>
    </p>
   </div>
   <div class='ocr_carea' id='block_1_34' title="bbox 2273 1478 3846 1552">
    <p class='ocr_par' dir='ltr' id='par_1_34' title="bbox 2273 1478 3846 1552">
     <span class='ocr_line' id='line_1_34' title="bbox 2273 1478 3846 1552; baseline 0.004 -23"><span class='ocrx_word' id='word_1_234' title='bbox 2273 1478 2454 1546; x_wconf 83' lang='grc' dir='ltr'>μέντοι</span> <span class='ocrx_word' id='word_1_235' title='bbox 2479 1496 2541 1548; x_wconf 88' lang='grc' dir='ltr'><strong>γε</strong></span> <span class='ocrx_word' id='word_1_236' title='bbox 2577 1480 2817 1550; x_wconf 79' lang='grc' dir='ltr'>καθαρὰν</span> <span class='ocrx_word' id='word_1_237' title='bbox 2842 1480 3011 1532; x_wconf 80' lang='grc' dir='ltr'><strong>ἐδίδου</strong></span> <span class='ocrx_word' id='word_1_238' title='bbox 3041 1482 3274 1552; x_wconf 82' lang='grc' dir='ltr'>χαίρειν,</span> <span class='ocrx_word' id='word_1_239' title='bbox 3306 1482 3369 1534; x_wconf 83' lang='grc' dir='ltr'>ἐκ</span> <span class='ocrx_word' id='word_1_240' title='bbox 3393 1482 3487 1534; x_wconf 80' lang='grc' dir='ltr'>τοῦ</span> <span class='ocrx_word' id='word_1_241' title='bbox 3515 1483 3846 1552; x_wconf 77' lang='grc' dir='ltr'>γράμματος</span> 
     </span>
    </p>
   </div>
   <div class='ocr_carea' id='block_1_35' title="bbox 2271 1569 3846 1643">
    <p class='ocr_par' dir='ltr' id='par_1_35' title="bbox 2271 1569 3846 1643">
     <span class='ocr_line' id='line_1_35' title="bbox 2271 1569 3846 1643; baseline 0.004 -22"><span class='ocrx_word' id='word_1_242' title='bbox 2271 1569 2503 1639; x_wconf 70' lang='grc' dir='ltr'>μαθοῦσι</span> <span class='ocrx_word' id='word_1_243' title='bbox 2533 1571 2592 1623; x_wconf 88' lang='grc' dir='ltr'>τὸ</span> <span class='ocrx_word' id='word_1_244' title='bbox 2624 1571 2752 1641; x_wconf 75' lang='grc' dir='ltr'>ῥᾷόν</span> <span class='ocrx_word' id='word_1_245' title='bbox 2785 1588 2844 1623; x_wconf 91' lang='grc' dir='ltr'><strong>σε</strong></span> <span class='ocrx_word' id='word_1_246' title='bbox 2888 1572 2997 1624; x_wconf 89' lang='grc' dir='ltr'><strong>τῶν</strong></span> <span class='ocrx_word' id='word_1_247' title='bbox 3029 1574 3350 1642; x_wconf 82' lang='grc' dir='ltr'>νοσημάτων</span> <span class='ocrx_word' id='word_1_248' title='bbox 3401 1574 3568 1643; x_wconf 77' lang='grc' dir='ltr'>ἔχειν,</span> <span class='ocrx_word' id='word_1_249' title='bbox 3603 1578 3697 1626; x_wconf 80' lang='grc' dir='ltr'><strong>καὶ</strong></span> <span class='ocrx_word' id='word_1_250' title='bbox 3731 1577 3846 1641; x_wconf 82' lang='grc' dir='ltr'>εἴης</span> 
     </span>
    </p>
   </div>
   <div class='ocr_carea' id='block_1_36' title="bbox 2268 1660 3847 1733">
    <p class='ocr_par' dir='ltr' id='par_1_36' title="bbox 2268 1660 3847 1733">
     <span class='ocr_line' id='line_1_36' title="bbox 2268 1660 3847 1733; baseline 0.001 -19"><span class='ocrx_word' id='word_1_251' title='bbox 2268 1662 2399 1730; x_wconf 79' lang='grc' dir='ltr'>ἡμῖν</span> <span class='ocrx_word' id='word_1_252' title='bbox 2432 1661 2569 1730; x_wconf 88' lang='grc' dir='ltr'><strong>μετὰ</strong></span> <span class='ocrx_word' id='word_1_253' title='bbox 2592 1661 2685 1714; x_wconf 81' lang='grc' dir='ltr'>τοῦ</span> <span class='ocrx_word' id='word_1_254' title='bbox 2722 1661 2889 1731; x_wconf 82' lang='grc' dir='ltr'>μηδὲν</span> <span class='ocrx_word' id='word_1_255' title='bbox 2918 1660 2998 1715; x_wconf 78' lang='grc' dir='ltr'>ἔτι</span> <span class='ocrx_word' id='word_1_256' title='bbox 3050 1662 3291 1715; x_wconf 83' lang='grc' dir='ltr'>τοιοῦτον</span> <span class='ocrx_word' id='word_1_257' title='bbox 3340 1662 3735 1733; x_wconf 79' lang='grc' dir='ltr'>διαμαρτάνειν</span> <span class='ocrx_word' id='word_1_258' title='bbox 3768 1666 3847 1725; x_wconf 81' lang='grc' dir='ltr'><strong>είς</strong></span> 
     </span>
    </p>
   </div>
   <div class='ocr_carea' id='block_1_37' title="bbox 2268 1750 3029 1821">
    <p class='ocr_par' dir='ltr' id='par_1_37' title="bbox 2268 1750 3029 1821">
     <span class='ocr_line' id='line_1_37' title="bbox 2268 1750 3029 1821; baseline 0 -18"><span class='ocrx_word' id='word_1_259' title='bbox 2268 1750 2327 1803; x_wconf 84' lang='grc' dir='ltr'>τὸ</span> <span class='ocrx_word' id='word_1_260' title='bbox 2360 1750 2566 1803; x_wconf 81' lang='grc' dir='ltr'>τέλειον</span> <span class='ocrx_word' id='word_1_261' title='bbox 2585 1750 3029 1821; x_wconf 79' lang='grc' dir='ltr'>ἀπηλλαγμένος.</span> 
     </span>
    </p>
   </div>
   <div class='ocr_carea' id='block_1_38' title="bbox 2855 2047 3226 2115">
    <p class='ocr_par' dir='ltr' id='par_1_38' title="bbox 2855 2047 3226 2115">
     <span class='ocr_line' id='line_1_38' title="bbox 2855 2047 3226 2115; baseline 0.008 -16"><span class='ocrx_word' id='word_1_262' title='bbox 2855 2047 3074 2100; x_wconf 71' lang='lat' dir='ltr'><strong>eum.</strong></span> <span class='ocrx_word' id='word_1_263' title='bbox 3109 2049 3226 2115; x_wconf 62' lang='lat' dir='ltr'><strong>ur.</strong></span> 
     </span>
    </p>
   </div>
   <div class='ocr_carea' id='block_1_39' title="bbox 2545 2139 3563 2210">
    <p class='ocr_par' dir='ltr' id='par_1_39' title="bbox 2545 2139 3563 2210">
     <span class='ocr_line' id='line_1_39' title="bbox 2545 2139 3563 2210; baseline 0.004 -19"><span class='ocrx_word' id='word_1_264' title='bbox 2545 2139 2859 2207; x_wconf 68' lang='lat' dir='ltr'><strong>Nmngodptp</strong></span> <span class='ocrx_word' id='word_1_265' title='bbox 2886 2141 3201 2209; x_wconf 66' lang='grc' dir='ltr'>φιλοσόφῳ</span> <span class='ocrx_word' id='word_1_266' title='bbox 3228 2140 3563 2210; x_wconf 75' lang='grc' dir='ltr'>μονάζοντι.</span> 
     </span>
    </p>
   </div>
   <div class='ocr_carea' id='block_1_40' title="bbox 1817 2256 2567 2324">
    <p class='ocr_par' dir='ltr' id='par_1_40' title="bbox 1817 2256 2567 2324">
     <span class='ocr_line' id='line_1_40' title="bbox 1817 2256 2567 2324; baseline -0.005 -16"><span class='ocrx_word' id='word_1_267' title='bbox 1817 2260 2080 2310; x_wconf 81' lang='lat' dir='ltr'><strong>Montacut.</strong></span> <span class='ocrx_word' id='word_1_268' title='bbox 2104 2262 2207 2324; x_wconf 88' lang='lat' dir='ltr'><strong>(ep.</strong></span> <span class='ocrx_word' id='word_1_269' title='bbox 2229 2260 2339 2319; x_wconf 67' lang='grc'><strong>242,</strong></span> <span class='ocrx_word' id='word_1_270' title='bbox 2363 2271 2411 2321; x_wconf 89' lang='lat' dir='ltr'><strong>p.</strong></span> <span class='ocrx_word' id='word_1_271' title='bbox 2435 2256 2567 2318; x_wconf 76' lang='lat'><strong>563).</strong></span> 
     </span>
    </p>
   </div>
   <div class='ocr_carea' id='block_1_41' title="bbox 664 2362 2162 2428">
    <p class='ocr_par' dir='ltr' id='par_1_41' title="bbox 664 2362 2162 2428">
     <span class='ocr_line' id='line_1_41' title="bbox 664 2362 2162 2428; baseline 0.001 -13"><span class='ocrx_word' id='word_1_272' title='bbox 664 2362 895 2417; x_wconf 87' lang='lat' dir='ltr'><strong>Pavidus</strong></span> <span class='ocrx_word' id='word_1_273' title='bbox 938 2376 1019 2417; x_wconf 89' lang='lat' dir='ltr'><strong>est</strong></span> <span class='ocrx_word' id='word_1_274' title='bbox 1058 2363 1129 2417; x_wconf 82' lang='lat' dir='ltr'><strong>ad</strong></span> <span class='ocrx_word' id='word_1_275' title='bbox 1162 2362 1453 2418; x_wconf 87' lang='lat' dir='ltr'><strong>amicitiam</strong></span> <span class='ocrx_word' id='word_1_276' title='bbox 1491 2365 1965 2428; x_wconf 85' lang='lat' dir='ltr'><strong>contrahendum;</strong></span> <span class='ocrx_word' id='word_1_277' title='bbox 2019 2366 2162 2418; x_wconf 87' lang='lat' dir='ltr'><strong>timi-</strong></span> 
     </span>
    </p>
   </div>
   <div class='ocr_carea' id='block_1_42' title="bbox 584 2454 2161 2526">
    <p class='ocr_par' dir='ltr' id='par_1_42' title="bbox 584 2454 2161 2526">
     <span class='ocr_line' id='line_1_42' title="bbox 584 2454 2161 2526; baseline 0.001 -18"><span class='ocrx_word' id='word_1_278' title='bbox 584 2456 709 2508; x_wconf 82' lang='lat' dir='ltr'><strong>dior</strong></span> <span class='ocrx_word' id='word_1_279' title='bbox 757 2470 881 2526; x_wconf 81' lang='lat' dir='ltr'><strong>erga</strong></span> <span class='ocrx_word' id='word_1_280' title='bbox 914 2470 1088 2509; x_wconf 87' lang='lat' dir='ltr'><strong>meam</strong></span> <span class='ocrx_word' id='word_1_281' title='bbox 1140 2455 1569 2525; x_wconf 89' lang='lat' dir='ltr'><strong>dispositionem.</strong></span> <span class='ocrx_word' id='word_1_282' title='bbox 1609 2454 1689 2509; x_wconf 88' lang='lat' dir='ltr'><strong>Tu</strong></span> <span class='ocrx_word' id='word_1_283' title='bbox 1728 2467 1908 2510; x_wconf 88' lang='lat' dir='ltr'><strong>autem</strong></span> <span class='ocrx_word' id='word_1_284' title='bbox 1940 2456 2060 2509; x_wconf 90' lang='lat' dir='ltr'><strong>vide</strong></span> <span class='ocrx_word' id='word_1_285' title='bbox 2108 2456 2161 2509; x_wconf 90' lang='lat' dir='ltr'><strong>in</strong></span> 
     </span>
    </p>
   </div>
   <div class='ocr_carea' id='block_1_43' title="bbox 580 2546 2160 2618">
    <p class='ocr_par' dir='ltr' id='par_1_43' title="bbox 580 2546 2160 2618">
     <span class='ocr_line' id='line_1_43' title="bbox 580 2546 2160 2618; baseline 0.001 -18"><span class='ocrx_word' id='word_1_286' title='bbox 580 2554 850 2617; x_wconf 23' lang='lat' dir='ltr'><strong>[quantum</strong></span> <span class='ocrx_word' id='word_1_287' title='bbox 882 2562 981 2617; x_wconf 85' lang='lat' dir='ltr'><strong>ego</strong></span> <span class='ocrx_word' id='word_1_288' title='bbox 1032 2546 1126 2600; x_wconf 90' lang='lat' dir='ltr'><strong>tibi</strong></span> <span class='ocrx_word' id='word_1_289' title='bbox 1158 2547 1394 2613; x_wconf 83' lang='lat' dir='ltr'><strong>conﬁdo,</strong></span> <span class='ocrx_word' id='word_1_290' title='bbox 1425 2563 1549 2602; x_wconf 91' lang='lat' dir='ltr'><strong>cum</strong></span> <span class='ocrx_word' id='word_1_291' title='bbox 1579 2563 1680 2602; x_wconf 90' lang='lat' dir='ltr'><strong>nec</strong></span> <span class='ocrx_word' id='word_1_292' title='bbox 1710 2549 2021 2618; x_wconf 87' lang='lat' dir='ltr'><strong>pavescenti</strong></span> <span class='ocrx_word' id='word_1_293' title='bbox 2064 2564 2160 2617; x_wconf 86' lang='lat' dir='ltr'><strong>pe-</strong></span> 
     </span>
    </p>
   </div>
   <div class='ocr_carea' id='block_1_44' title="bbox 590 2639 2160 2709">
    <p class='ocr_par' dir='ltr' id='par_1_44' title="bbox 590 2639 2160 2709">
     <span class='ocr_line' id='line_1_44' title="bbox 590 2639 2160 2709; baseline 0 -15"><span class='ocrx_word' id='word_1_294' title='bbox 590 2639 877 2709; x_wconf 89' lang='lat' dir='ltr'><strong>percerim,</strong></span> <span class='ocrx_word' id='word_1_295' title='bbox 909 2639 1000 2692; x_wconf 90' lang='lat' dir='ltr'><strong>sed</strong></span> <span class='ocrx_word' id='word_1_296' title='bbox 1033 2639 1260 2693; x_wconf 88' lang='lat' dir='ltr'><strong>ulterius</strong></span> <span class='ocrx_word' id='word_1_297' title='bbox 1294 2639 1471 2693; x_wconf 90' lang='lat' dir='ltr'><strong>adhuc</strong></span> <span class='ocrx_word' id='word_1_298' title='bbox 1494 2647 1548 2693; x_wconf 89' lang='lat' dir='ltr'><strong>et</strong></span> <span class='ocrx_word' id='word_1_299' title='bbox 1580 2640 1717 2694; x_wconf 91' lang='lat' dir='ltr'><strong>alius</strong></span> <span class='ocrx_word' id='word_1_300' title='bbox 1740 2641 2044 2695; x_wconf 88' lang='lat' dir='ltr'><strong>timiditatis</strong></span> <span class='ocrx_word' id='word_1_301' title='bbox 2072 2656 2160 2694; x_wconf 87' lang='lat' dir='ltr'><strong>se-</strong></span> 
     </span>
    </p>
   </div>
   <div class='ocr_carea' id='block_1_45' title="bbox 577 2729 2159 2800">
    <p class='ocr_par' dir='ltr' id='par_1_45' title="bbox 577 2729 2159 2800">
     <span class='ocr_line' id='line_1_45' title="bbox 577 2729 2159 2800; baseline 0.001 -17"><span class='ocrx_word' id='word_1_302' title='bbox 577 2730 735 2783; x_wconf 84' lang='lat' dir='ltr'><strong>-mina</strong></span> <span class='ocrx_word' id='word_1_303' title='bbox 784 2730 1025 2799; x_wconf 83' lang='lat' dir='ltr'><strong>jaciam;</strong></span> <span class='ocrx_word' id='word_1_304' title='bbox 1077 2729 1131 2782; x_wconf 93' lang='lat' dir='ltr'><strong>in</strong></span> <span class='ocrx_word' id='word_1_305' title='bbox 1201 2746 1307 2799; x_wconf 91' lang='lat' dir='ltr'><strong>quo</strong></span> <span class='ocrx_word' id='word_1_306' title='bbox 1359 2731 1700 2785; x_wconf 86' lang='lat' dir='ltr'><strong>timiditatem</strong></span> <span class='ocrx_word' id='word_1_307' title='bbox 1768 2731 2159 2800; x_wconf 88' lang='lat' dir='ltr'><strong>reprehendam</strong></span> 
     </span>
    </p>
   </div>
   <div class='ocr_carea' id='block_1_46' title="bbox 585 2820 2157 2891">
    <p class='ocr_par' dir='ltr' id='par_1_46' title="bbox 585 2820 2157 2891">
     <span class='ocr_line' id='line_1_46' title="bbox 585 2820 2157 2891; baseline -0.002 -15"><span class='ocrx_word' id='word_1_308' title='bbox 585 2830 641 2876; x_wconf 74' lang='lat' dir='ltr'><strong>et</strong></span> <span class='ocrx_word' id='word_1_309' title='bbox 675 2822 944 2891; x_wconf 75' lang='lat' dir='ltr'><strong>exagitem</strong></span> <span class='ocrx_word' id='word_1_310' title='bbox 978 2839 989 2872; x_wconf 88' lang='lat'>:</span> <span class='ocrx_word' id='word_1_311' title='bbox 1030 2821 1123 2874; x_wconf 84' lang='lat' dir='ltr'><strong>sed</strong></span> <span class='ocrx_word' id='word_1_312' title='bbox 1156 2832 1212 2874; x_wconf 84' lang='lat' dir='ltr'><strong>tu</strong></span> <span class='ocrx_word' id='word_1_313' title='bbox 1254 2820 1478 2873; x_wconf 82' lang='lat' dir='ltr'><strong>viriliter</strong></span> <span class='ocrx_word' id='word_1_314' title='bbox 1517 2836 1636 2889; x_wconf 80' lang='lat' dir='ltr'><strong>age,</strong></span> <span class='ocrx_word' id='word_1_315' title='bbox 1678 2820 1815 2885; x_wconf 89' lang='lat' dir='ltr'><strong>vale,</strong></span> <span class='ocrx_word' id='word_1_316' title='bbox 1847 2831 1902 2874; x_wconf 87' lang='lat' dir='ltr'><strong>et</strong></span> <span class='ocrx_word' id='word_1_317' title='bbox 1926 2836 2011 2875; x_wconf 91' lang='lat' dir='ltr'><strong>me</strong></span> <span class='ocrx_word' id='word_1_318' title='bbox 2034 2836 2157 2874; x_wconf 90' lang='lat' dir='ltr'><strong>eum</strong></span> 
     </span>
    </p>
   </div>
   <div class='ocr_carea' id='block_1_47' title="bbox 584 2910 2154 2982">
    <p class='ocr_par' dir='ltr' id='par_1_47' title="bbox 584 2910 2154 2982">
     <span class='ocr_line' id='line_1_47' title="bbox 584 2910 2154 2982; baseline 0.001 -18"><span class='ocrx_word' id='word_1_319' title='bbox 584 2928 703 2966; x_wconf 81' lang='lat' dir='ltr'><strong>csse</strong></span> <span class='ocrx_word' id='word_1_320' title='bbox 756 2912 1015 2982; x_wconf 79' lang='lat' dir='ltr'><strong>intelligo,</strong></span> <span class='ocrx_word' id='word_1_321' title='bbox 1064 2927 1225 2980; x_wconf 90' lang='lat' dir='ltr'><strong>quem</strong></span> <span class='ocrx_word' id='word_1_322' title='bbox 1274 2928 1381 2964; x_wconf 86' lang='lat' dir='ltr'><strong>non</strong></span> <span class='ocrx_word' id='word_1_323' title='bbox 1434 2911 1730 2965; x_wconf 83' lang='lat' dir='ltr'><strong>existimas.</strong></span> <span class='ocrx_word' id='word_1_324' title='bbox 1792 2910 1928 2965; x_wconf 89' lang='lat' dir='ltr'><strong>Cum</strong></span> <span class='ocrx_word' id='word_1_325' title='bbox 1976 2921 2154 2965; x_wconf 87' lang='lat' dir='ltr'><strong>tamen</strong></span> 
     </span>
    </p>
   </div>
   <div class='ocr_carea' id='block_1_48' title="bbox 578 3003 2158 3074">
    <p class='ocr_par' dir='ltr' id='par_1_48' title="bbox 578 3003 2158 3074">
     <span class='ocr_line' id='line_1_48' title="bbox 578 3003 2158 3074; baseline -0.001 -18"><span class='ocrx_word' id='word_1_326' title='bbox 578 3020 825 3073; x_wconf 61' lang='lat' dir='ltr'><strong>priesens</strong></span> <span class='ocrx_word' id='word_1_327' title='bbox 865 3004 967 3057; x_wconf 90' lang='lat' dir='ltr'><strong>hoc</strong></span> <span class='ocrx_word' id='word_1_328' title='bbox 1018 3012 1227 3071; x_wconf 91' lang='lat' dir='ltr'><strong>tempus</strong></span> <span class='ocrx_word' id='word_1_329' title='bbox 1266 3018 1373 3056; x_wconf 92' lang='lat' dir='ltr'><strong>non</strong></span> <span class='ocrx_word' id='word_1_330' title='bbox 1415 3004 1509 3057; x_wconf 85' lang='lat' dir='ltr'><strong>tibi</strong></span> <span class='ocrx_word' id='word_1_331' title='bbox 1550 3003 1796 3069; x_wconf 83' lang='lat' dir='ltr'><strong>suﬂiciat,</strong></span> <span class='ocrx_word' id='word_1_332' title='bbox 1830 3014 1890 3058; x_wconf 89' lang='lat' dir='ltr'><strong>ut</strong></span> <span class='ocrx_word' id='word_1_333' title='bbox 1935 3004 1986 3057; x_wconf 93' lang='lat' dir='ltr'><strong>in</strong></span> <span class='ocrx_word' id='word_1_334' title='bbox 2026 3005 2158 3074; x_wconf 89' lang='lat' dir='ltr'><strong>opi-</strong></span> 
     </span>
    </p>
   </div>
   <div class='ocr_carea' id='block_1_49' title="bbox 585 3095 2155 3168">
    <p class='ocr_par' dir='ltr' id='par_1_49' title="bbox 585 3095 2155 3168">
     <span class='ocr_line' id='line_1_49' title="bbox 585 3095 2155 3168; baseline 0.003 -20"><span class='ocrx_word' id='word_1_335' title='bbox 585 3097 747 3149; x_wconf 91' lang='lat' dir='ltr'><strong>nione</strong></span> <span class='ocrx_word' id='word_1_336' title='bbox 776 3095 1131 3160; x_wconf 83' lang='lat' dir='ltr'><strong>conﬁrmeris,</strong></span> <span class='ocrx_word' id='word_1_337' title='bbox 1156 3111 1317 3164; x_wconf 89' lang='lat' dir='ltr'><strong>quam</strong></span> <span class='ocrx_word' id='word_1_338' title='bbox 1349 3096 1438 3164; x_wconf 88' lang='lat' dir='ltr'><strong>qui</strong></span> <span class='ocrx_word' id='word_1_339' title='bbox 1469 3096 1661 3160; x_wconf 90' lang='lat' dir='ltr'><strong>aderit,</strong></span> <span class='ocrx_word' id='word_1_340' title='bbox 1692 3096 1895 3166; x_wconf 87' lang='lat' dir='ltr'><strong>aperiet</strong></span> <span class='ocrx_word' id='word_1_341' title='bbox 1932 3100 2012 3168; x_wconf 94' lang='lat' dir='ltr'><strong>(ut</strong></span> <span class='ocrx_word' id='word_1_342' title='bbox 2033 3114 2155 3152; x_wconf 91' lang='lat' dir='ltr'><strong>cum</strong></span> 
     </span>
    </p>
   </div>
   <div class='ocr_carea' id='block_1_50' title="bbox 2340 2362 3847 2437">
    <p class='ocr_par' dir='ltr' id='par_1_50' title="bbox 2340 2362 3847 2437">
     <span class='ocr_line' id='line_1_50' title="bbox 2340 2362 3847 2437; baseline 0.002 -22"><span class='ocrx_word' id='word_1_343' title='bbox 2340 2363 2521 2425; x_wconf 85' lang='grc' dir='ltr'>Δειλδς</span> <span class='ocrx_word' id='word_1_344' title='bbox 2562 2363 2661 2432; x_wconf 86' lang='grc' dir='ltr'>μὲν</span> <span class='ocrx_word' id='word_1_345' title='bbox 2684 2365 2763 2426; x_wconf 88' lang='grc' dir='ltr'><strong>είς</strong></span> <span class='ocrx_word' id='word_1_346' title='bbox 2786 2362 2884 2433; x_wconf 81' lang='grc' dir='ltr'>τὴν</span> <span class='ocrx_word' id='word_1_347' title='bbox 2914 2362 3113 2430; x_wconf 83' lang='grc' dir='ltr'>φιλίαν,</span> <span class='ocrx_word' id='word_1_348' title='bbox 3142 2362 3442 2436; x_wconf 82' lang='grc' dir='ltr'>δειλότερος</span> <span class='ocrx_word' id='word_1_349' title='bbox 3466 2365 3526 2417; x_wconf 81' lang='grc' dir='ltr'>δὲ</span> <span class='ocrx_word' id='word_1_350' title='bbox 3581 2367 3718 2436; x_wconf 77' lang='grc' dir='ltr'>περὶ</span> <span class='ocrx_word' id='word_1_351' title='bbox 3749 2367 3847 2437; x_wconf 71' lang='grc' dir='ltr'>τὴν</span> 
     </span>
    </p>
   </div>
   <div class='ocr_carea' id='block_1_51' title="bbox 2262 2452 3847 2525">
    <p class='ocr_par' dir='ltr' id='par_1_51' title="bbox 2262 2452 3847 2525">
     <span class='ocr_line' id='line_1_51' title="bbox 2262 2452 3847 2525; baseline 0.002 -19"><span class='ocrx_word' id='word_1_352' title='bbox 2262 2454 2539 2525; x_wconf 81' lang='grc' dir='ltr'>ἡμετέραν</span> <span class='ocrx_word' id='word_1_353' title='bbox 2565 2452 2822 2507; x_wconf 83' lang='grc' dir='ltr'>διάθεσιν.</span> <span class='ocrx_word' id='word_1_354' title='bbox 2862 2453 3003 2506; x_wconf 85' lang='grc' dir='ltr'>Ἀλλ’</span> <span class='ocrx_word' id='word_1_355' title='bbox 3029 2454 3130 2521; x_wconf 84' lang='grc' dir='ltr'>ὅρα</span> <span class='ocrx_word' id='word_1_356' title='bbox 3182 2457 3329 2524; x_wconf 80' lang='grc' dir='ltr'>ἡμᾶς</span> <span class='ocrx_word' id='word_1_357' title='bbox 3358 2458 3439 2518; x_wconf 84' lang='grc' dir='ltr'><strong>είς</strong></span> <span class='ocrx_word' id='word_1_358' title='bbox 3473 2458 3600 2509; x_wconf 82' lang='grc' dir='ltr'>ὅσον</span> <span class='ocrx_word' id='word_1_359' title='bbox 3645 2474 3728 2509; x_wconf 81' lang='grc' dir='ltr'><strong>σοι</strong></span> <span class='ocrx_word' id='word_1_360' title='bbox 3760 2475 3847 2509; x_wconf 87' lang='grc' dir='ltr'>τε-</span> 
     </span>
    </p>
   </div>
   <div class='ocr_carea' id='block_1_52' title="bbox 2264 2543 3845 2616">
    <p class='ocr_par' dir='ltr' id='par_1_52' title="bbox 2264 2543 3845 2616">
     <span class='ocr_line' id='line_1_52' title="bbox 2264 2543 3845 2616; baseline 0.002 -19"><span class='ocrx_word' id='word_1_361' title='bbox 2264 2545 2643 2616; x_wconf 75' lang='grc' dir='ltr'>θαῤῥήκαμεν,</span> <span class='ocrx_word' id='word_1_362' title='bbox 2674 2545 2754 2597; x_wconf 82' lang='grc' dir='ltr'>ὅτι</span> <span class='ocrx_word' id='word_1_363' title='bbox 2787 2544 2882 2597; x_wconf 73' lang='grc' dir='ltr'><strong>καὶ</strong></span> <span class='ocrx_word' id='word_1_364' title='bbox 2903 2543 3208 2607; x_wconf 86' lang='grc' dir='ltr'>δειλιῶντος</span> <span class='ocrx_word' id='word_1_365' title='bbox 3246 2546 3306 2597; x_wconf 75' lang='grc' dir='ltr'>οὐ</span> <span class='ocrx_word' id='word_1_366' title='bbox 3356 2545 3679 2616; x_wconf 85' lang='grc' dir='ltr'>φειδόμεθα,</span> <span class='ocrx_word' id='word_1_367' title='bbox 3728 2548 3845 2600; x_wconf 81' lang='grc' dir='ltr'>ἀλλ’</span> 
     </span>
    </p>
   </div>
   <div class='ocr_carea' id='block_1_53' title="bbox 2262 2634 3844 2709">
    <p class='ocr_par' dir='ltr' id='par_1_53' title="bbox 2262 2634 3844 2709">
     <span class='ocr_line' id='line_1_53' title="bbox 2262 2634 3844 2709; baseline 0.003 -22"><span class='ocrx_word' id='word_1_368' title='bbox 2262 2636 2457 2707; x_wconf 79' lang='grc' dir='ltr'>ἐτέρας</span> <span class='ocrx_word' id='word_1_369' title='bbox 2476 2635 2637 2687; x_wconf 84' lang='grc' dir='ltr'>πάλιν</span> <span class='ocrx_word' id='word_1_370' title='bbox 2658 2634 2859 2697; x_wconf 86' lang='grc' dir='ltr'>δειλίας</span> <span class='ocrx_word' id='word_1_371' title='bbox 2890 2634 3016 2698; x_wconf 78' lang='grc' dir='ltr'>ἴσως</span> <span class='ocrx_word' id='word_1_372' title='bbox 3042 2636 3490 2707; x_wconf 60' lang='grc' dir='ltr'>ηταῦαλλόμεθα</span> <span class='ocrx_word' id='word_1_373' title='bbox 3521 2638 3844 2709; x_wconf 80' lang='grc' dir='ltr'>σπέρματα,</span> 
     </span>
    </p>
   </div>
   <div class='ocr_carea' id='block_1_54' title="bbox 2260 2728 3843 2797">
    <p class='ocr_par' dir='ltr' id='par_1_54' title="bbox 2260 2728 3843 2797">
     <span class='ocr_line' id='line_1_54' title="bbox 2260 2728 3843 2797; baseline 0.003 -16"><span class='ocrx_word' id='word_1_374' title='bbox 2260 2728 2321 2780; x_wconf 80' lang='grc' dir='ltr'>τὸ</span> <span class='ocrx_word' id='word_1_375' title='bbox 2351 2728 2521 2781; x_wconf 77' lang='grc' dir='ltr'>δειλὸν</span> <span class='ocrx_word' id='word_1_376' title='bbox 2558 2728 2918 2797; x_wconf 76' lang='grc' dir='ltr'>ἐπιτιμῶντες</span> <span class='ocrx_word' id='word_1_377' title='bbox 2942 2729 3036 2782; x_wconf 78' lang='grc' dir='ltr'><strong>καὶ</strong></span> <span class='ocrx_word' id='word_1_378' title='bbox 3067 2729 3497 2796; x_wconf 75' lang='grc' dir='ltr'>ἐξονειδίζοντες.</span> <span class='ocrx_word' id='word_1_379' title='bbox 3563 2732 3709 2785; x_wconf 77' lang='grc' dir='ltr'>Ἀλλ’</span> <span class='ocrx_word' id='word_1_380' title='bbox 3748 2735 3843 2786; x_wconf 72' lang='grc' dir='ltr'>άν-</span> 
     </span>
    </p>
   </div>
   <div class='ocr_carea' id='block_1_55' title="bbox 2260 2820 3841 2894">
    <p class='ocr_par' dir='ltr' id='par_1_55' title="bbox 2260 2820 3841 2894">
     <span class='ocr_line' id='line_1_55' title="bbox 2260 2820 3841 2894; baseline 0.002 -22"><span class='ocrx_word' id='word_1_381' title='bbox 2260 2820 2442 2891; x_wconf 76' lang='grc' dir='ltr'>δρίζου</span> <span class='ocrx_word' id='word_1_382' title='bbox 2475 2822 2568 2874; x_wconf 74' lang='grc' dir='ltr'><strong>καὶ</strong></span> <span class='ocrx_word' id='word_1_383' title='bbox 2600 2821 2810 2891; x_wconf 75' lang='grc' dir='ltr'>ἔρρωσο</span> <span class='ocrx_word' id='word_1_384' title='bbox 2837 2821 2929 2873; x_wconf 81' lang='grc' dir='ltr'>καὶ</span> <span class='ocrx_word' id='word_1_385' title='bbox 2950 2821 3185 2888; x_wconf 85' lang='grc' dir='ltr'>γίνωσκε</span> <span class='ocrx_word' id='word_1_386' title='bbox 3208 2824 3355 2893; x_wconf 83' lang='grc' dir='ltr'>ἡμᾶς</span> <span class='ocrx_word' id='word_1_387' title='bbox 3384 2823 3481 2893; x_wconf 81' lang='grc' dir='ltr'>οὐχ</span> <span class='ocrx_word' id='word_1_388' title='bbox 3510 2824 3663 2887; x_wconf 82' lang='grc' dir='ltr'>οῐους</span> <span class='ocrx_word' id='word_1_389' title='bbox 3688 2826 3841 2894; x_wconf 79' lang='grc' dir='ltr'>νομί·</span> 
     </span>
    </p>
   </div>
   <div class='ocr_carea' id='block_1_56' title="bbox 2262 2912 3840 2985">
    <p class='ocr_par' dir='ltr' id='par_1_56' title="bbox 2262 2912 3840 2985">
     <span class='ocr_line' id='line_1_56' title="bbox 2262 2912 3840 2985; baseline 0.003 -20"><span class='ocrx_word' id='word_1_390' title='bbox 2262 2912 2375 2978; x_wconf 66' lang='lat' dir='ltr'><strong>(at;</strong></span> <span class='ocrx_word' id='word_1_391' title='bbox 2396 2930 2409 2941; x_wconf 83' lang='lat'><strong><em>°</em></strong></span> <span class='ocrx_word' id='word_1_392' title='bbox 2439 2914 2554 2968; x_wconf 83' lang='grc' dir='ltr'>ἀλλ’</span> <span class='ocrx_word' id='word_1_393' title='bbox 2578 2914 2701 2966; x_wconf 74' lang='grc' dir='ltr'>ἐπεὶ</span> <span class='ocrx_word' id='word_1_394' title='bbox 2725 2917 2752 2967; x_wconf 89' lang='lat'><strong>6</strong></span> <span class='ocrx_word' id='word_1_395' title='bbox 2772 2913 2960 2983; x_wconf 86' lang='grc' dir='ltr'>παρὼν</span> <span class='ocrx_word' id='word_1_396' title='bbox 2984 2916 3173 2985; x_wconf 82' lang='grc' dir='ltr'>καιρὸς</span> <span class='ocrx_word' id='word_1_397' title='bbox 3192 2916 3294 2968; x_wconf 79' lang='grc' dir='ltr'><strong>οὐκ</strong></span> <span class='ocrx_word' id='word_1_398' title='bbox 3319 2917 3575 2984; x_wconf 81' lang='grc' dir='ltr'>ἀποχρῶν</span> <span class='ocrx_word' id='word_1_399' title='bbox 3606 2917 3727 2970; x_wconf 82' lang='grc' dir='ltr'>ἐστί</span> <span class='ocrx_word' id='word_1_400' title='bbox 3756 2934 3840 2969; x_wconf 80' lang='grc' dir='ltr'><strong>σοι</strong></span> 
     </span>
    </p>
   </div>
   <div class='ocr_carea' id='block_1_57' title="bbox 2265 3004 3841 3077">
    <p class='ocr_par' dir='ltr' id='par_1_57' title="bbox 2265 3004 3841 3077">
     <span class='ocr_line' id='line_1_57' title="bbox 2265 3004 3841 3077; baseline 0.001 -18"><span class='ocrx_word' id='word_1_401' title='bbox 2265 3006 2400 3075; x_wconf 74' lang='grc' dir='ltr'>πρὸς</span> <span class='ocrx_word' id='word_1_402' title='bbox 2424 3004 2714 3075; x_wconf 74' lang='grc' dir='ltr'>βεϐαίωσιν</span> <span class='ocrx_word' id='word_1_403' title='bbox 2737 3006 2877 3069; x_wconf 78' lang='grc' dir='ltr'>οἴους</span> <span class='ocrx_word' id='word_1_404' title='bbox 2901 3008 2929 3059; x_wconf 93' lang='lat'><strong>6</strong></span> <span class='ocrx_word' id='word_1_405' title='bbox 2968 3006 3248 3076; x_wconf 82' lang='grc' dir='ltr'>προσέχων</span> <span class='ocrx_word' id='word_1_406' title='bbox 3274 3007 3393 3075; x_wconf 73' lang='grc' dir='ltr'>(σὺν</span> <span class='ocrx_word' id='word_1_407' title='bbox 3423 3007 3543 3077; x_wconf 83' lang='grc' dir='ltr'><strong>Θεῷ</strong></span> <span class='ocrx_word' id='word_1_408' title='bbox 3568 3008 3630 3060; x_wconf 86' lang='grc' dir='ltr'>δὲ</span> <span class='ocrx_word' id='word_1_409' title='bbox 3652 3008 3841 3076; x_wconf 80' lang='grc' dir='ltr'>φάναι)</span> 
     </span>
    </p>
   </div>
   <div class='ocr_carea' id='block_1_58' title="bbox 2262 3097 3842 3169">
    <p class='ocr_par' dir='ltr' id='par_1_58' title="bbox 2262 3097 3842 3169">
     <span class='ocr_line' id='line_1_58' title="bbox 2262 3097 3842 3169; baseline 0 -17"><span class='ocrx_word' id='word_1_410' title='bbox 2262 3099 2426 3163; x_wconf 82' lang='grc' dir='ltr'>δείξει</span> <span class='ocrx_word' id='word_1_411' title='bbox 2452 3098 2550 3167; x_wconf 84' lang='grc' dir='ltr'>τὴν</span> <span class='ocrx_word' id='word_1_412' title='bbox 2586 3098 2685 3169; x_wconf 81' lang='grc' dir='ltr'>σὴν</span> <span class='ocrx_word' id='word_1_413' title='bbox 2710 3098 2910 3151; x_wconf 85' lang='grc' dir='ltr'>δειλίαν</span> <span class='ocrx_word' id='word_1_414' title='bbox 2944 3097 3125 3167; x_wconf 77' lang='grc' dir='ltr'>ἔργοις</span> <span class='ocrx_word' id='word_1_415' title='bbox 3177 3098 3530 3168; x_wconf 80' lang='grc' dir='ltr'>ἐλέγχοντας·</span> <span class='ocrx_word' id='word_1_416' title='bbox 3579 3100 3645 3152; x_wconf 83' lang='grc' dir='ltr'>τὸ</span> <span class='ocrx_word' id='word_1_417' title='bbox 3673 3100 3732 3153; x_wconf 81' lang='grc' dir='ltr'>δὲ</span> <span class='ocrx_word' id='word_1_418' title='bbox 3764 3102 3842 3163; x_wconf 85' lang='grc' dir='ltr'><strong>είς</strong></span> 
     </span>
    </p>
   </div>
   <div class='ocr_carea' id='block_1_59' title="bbox 582 3178 2157 3260">
    <p class='ocr_par' dir='ltr' id='par_1_59' title="bbox 582 3187 2157 3259">
     <span class='ocr_line' id='line_1_59' title="bbox 582 3187 2157 3259; baseline 0.002 -17"><span class='ocrx_word' id='word_1_419' title='bbox 582 3189 728 3242; x_wconf 87' lang='lat' dir='ltr'><strong>bono</strong></span> <span class='ocrx_word' id='word_1_420' title='bbox 761 3189 869 3241; x_wconf 89' lang='lat' dir='ltr'><strong>Deo</strong></span> <span class='ocrx_word' id='word_1_421' title='bbox 893 3187 1112 3254; x_wconf 91' lang='lat' dir='ltr'><strong>dicam),</strong></span> <span class='ocrx_word' id='word_1_422' title='bbox 1143 3202 1265 3241; x_wconf 92' lang='lat' dir='ltr'><strong>cum</strong></span> <span class='ocrx_word' id='word_1_423' title='bbox 1293 3187 1629 3242; x_wconf 90' lang='lat' dir='ltr'><strong>timiditatem</strong></span> <span class='ocrx_word' id='word_1_424' title='bbox 1663 3197 1807 3243; x_wconf 90' lang='lat' dir='ltr'><strong>tuam</strong></span> <span class='ocrx_word' id='word_1_425' title='bbox 1838 3206 1895 3244; x_wconf 88' lang='lat' dir='ltr'><strong>re</strong></span> <span class='ocrx_word' id='word_1_426' title='bbox 1924 3198 1979 3244; x_wconf 86' lang='lat' dir='ltr'><strong>et</strong></span> <span class='ocrx_word' id='word_1_427' title='bbox 1999 3206 2157 3259; x_wconf 90' lang='lat' dir='ltr'><strong>opere</strong></span> 
     </span>
    </p>
   </div>
   <div class='ocr_carea' id='block_1_60' title="bbox 2258 3178 3840 3260">
    <p class='ocr_par' dir='ltr' id='par_1_60' title="bbox 2263 3188 3840 3260">
     <span class='ocr_line' id='line_1_60' title="bbox 2263 3188 3840 3260; baseline 0.001 -19"><span class='ocrx_word' id='word_1_428' title='bbox 2263 3190 2362 3259; x_wconf 84' lang='grc' dir='ltr'>τὴν</span> <span class='ocrx_word' id='word_1_429' title='bbox 2391 3189 2644 3259; x_wconf 87' lang='grc' dir='ltr'>μάρτυρα</span> <span class='ocrx_word' id='word_1_430' title='bbox 2682 3188 2782 3256; x_wconf 83' lang='grc' dir='ltr'>τῆς</span> <span class='ocrx_word' id='word_1_431' title='bbox 2816 3188 2969 3257; x_wconf 79' lang='grc' dir='ltr'>ὑμῶν</span> <span class='ocrx_word' id='word_1_432' title='bbox 3021 3188 3249 3257; x_wconf 76' lang='grc' dir='ltr'>εὐφυΐας</span> <span class='ocrx_word' id='word_1_433' title='bbox 3291 3189 3662 3260; x_wconf 85' lang='grc' dir='ltr'>φιλοπόνημα,</span> <span class='ocrx_word' id='word_1_434' title='bbox 3698 3194 3840 3244; x_wconf 76' lang='grc' dir='ltr'><strong>κατὰ</strong></span> 
     </span>
    </p>
   </div>
   <div class='ocr_carea' id='block_1_61' title="bbox 583 3280 2153 3353">
    <p class='ocr_par' dir='ltr' id='par_1_61' title="bbox 583 3280 2153 3353">
     <span class='ocr_line' id='line_1_61' title="bbox 583 3280 2153 3353; baseline 0.001 -18"><span class='ocrx_word' id='word_1_435' title='bbox 583 3282 911 3352; x_wconf 80' lang='lat' dir='ltr'><strong>redarguet:</strong></span> <span class='ocrx_word' id='word_1_436' title='bbox 962 3280 1055 3335; x_wconf 83' lang='lat' dir='ltr'><strong>sed</strong></span> <span class='ocrx_word' id='word_1_437' title='bbox 1083 3280 1395 3349; x_wconf 85' lang='lat' dir='ltr'><strong>diligentem</strong></span> <span class='ocrx_word' id='word_1_438' title='bbox 1435 3296 1653 3350; x_wconf 89' lang='lat' dir='ltr'><strong>operam</strong></span> <span class='ocrx_word' id='word_1_439' title='bbox 1694 3297 1724 3335; x_wconf 89' lang='lat' dir='ltr'><strong>a</strong></span> <span class='ocrx_word' id='word_1_440' title='bbox 1766 3291 1817 3336; x_wconf 91' lang='lat' dir='ltr'><strong>te</strong></span> <span class='ocrx_word' id='word_1_441' title='bbox 1852 3283 2153 3353; x_wconf 87' lang='lat' dir='ltr'><strong>impensam</strong></span> 
     </span>
    </p>
   </div>
   <div class='ocr_carea' id='block_1_62' title="bbox 583 3372 2153 3442">
    <p class='ocr_par' dir='ltr' id='par_1_62' title="bbox 583 3372 2153 3442">
     <span class='ocr_line' id='line_1_62' title="bbox 583 3372 2153 3442; baseline 0 -15"><span class='ocrx_word' id='word_1_442' title='bbox 583 3373 638 3427; x_wconf 90' lang='lat' dir='ltr'><strong>in</strong></span> <span class='ocrx_word' id='word_1_443' title='bbox 662 3382 901 3427; x_wconf 88' lang='lat' dir='ltr'><strong>sanctam</strong></span> <span class='ocrx_word' id='word_1_444' title='bbox 938 3382 1226 3442; x_wconf 82' lang='lat' dir='ltr'><strong>martyrem</strong></span> <span class='ocrx_word' id='word_1_445' title='bbox 1259 3372 1549 3437; x_wconf 83' lang='lat' dir='ltr'><strong>laudando,</strong></span> <span class='ocrx_word' id='word_1_446' title='bbox 1578 3388 1700 3427; x_wconf 89' lang='lat' dir='ltr'><strong>cum</strong></span> <span class='ocrx_word' id='word_1_447' title='bbox 1726 3388 1826 3442; x_wconf 91' lang='lat' dir='ltr'><strong>pro</strong></span> <span class='ocrx_word' id='word_1_448' title='bbox 1856 3384 1945 3429; x_wconf 93' lang='lat' dir='ltr'><strong>tua</strong></span> <span class='ocrx_word' id='word_1_449' title='bbox 1976 3375 2153 3440; x_wconf 85' lang='lat' dir='ltr'><strong>digni-</strong></span> 
     </span>
    </p>
   </div>
   <div class='ocr_carea' id='block_1_63' title="bbox 582 3462 2153 3535">
    <p class='ocr_par' dir='ltr' id='par_1_63' title="bbox 582 3462 2153 3535">
     <span class='ocr_line' id='line_1_63' title="bbox 582 3462 2153 3535; baseline -0.001 -16"><span class='ocrx_word' id='word_1_450' title='bbox 582 3474 692 3519; x_wconf 86' lang='lat' dir='ltr'><strong>tate</strong></span> <span class='ocrx_word' id='word_1_451' title='bbox 714 3479 1155 3535; x_wconf 87' lang='lat' dir='ltr'><strong>percenseamus,</strong></span> <span class='ocrx_word' id='word_1_452' title='bbox 1190 3463 1416 3517; x_wconf 89' lang='lat' dir='ltr'><strong>seminis</strong></span> <span class='ocrx_word' id='word_1_453' title='bbox 1460 3462 1684 3517; x_wconf 85' lang='lat' dir='ltr'><strong>Asiatici</strong></span> <span class='ocrx_word' id='word_1_454' title='bbox 1711 3479 1929 3533; x_wconf 81' lang='lat' dir='ltr'><strong>germen</strong></span> <span class='ocrx_word' id='word_1_455' title='bbox 1961 3465 2153 3534; x_wconf 84' lang='lat' dir='ltr'><strong>genui-</strong></span> 
     </span>
    </p>
   </div>
   <div class='ocr_carea' id='block_1_64' title="bbox 578 3555 2153 3626">
    <p class='ocr_par' dir='ltr' id='par_1_64' title="bbox 578 3555 2153 3626">
     <span class='ocr_line' id='line_1_64' title="bbox 578 3555 2153 3626; baseline -0.001 -15"><span class='ocrx_word' id='word_1_456' title='bbox 578 3573 711 3611; x_wconf 91' lang='lat' dir='ltr'><strong>num</strong></span> <span class='ocrx_word' id='word_1_457' title='bbox 752 3555 1217 3626; x_wconf 80' lang='lat' dir='ltr'><strong>.apprehendimus</strong></span> <span class='ocrx_word' id='word_1_458' title='bbox 1272 3555 1353 3625; x_wconf 89' lang='lat' dir='ltr'><strong>(ut</strong></span> <span class='ocrx_word' id='word_1_459' title='bbox 1389 3555 1441 3609; x_wconf 92' lang='lat' dir='ltr'><strong>id</strong></span> <span class='ocrx_word' id='word_1_460' title='bbox 1482 3555 1554 3608; x_wconf 91' lang='lat' dir='ltr'><strong>ita</strong></span> <span class='ocrx_word' id='word_1_461' title='bbox 1618 3570 1893 3623; x_wconf 90' lang='lat' dir='ltr'><strong>usurpem,</strong></span> <span class='ocrx_word' id='word_1_462' title='bbox 1950 3556 2153 3625; x_wconf 87' lang='lat' dir='ltr'><strong>absque</strong></span> 
     </span>
    </p>
   </div>
   <div class='ocr_carea' id='block_1_65' title="bbox 579 3647 2153 3718">
    <p class='ocr_par' dir='ltr' id='par_1_65' title="bbox 579 3647 2153 3718">
     <span class='ocr_line' id='line_1_65' title="bbox 579 3647 2153 3718; baseline 0 -15"><span class='ocrx_word' id='word_1_463' title='bbox 579 3649 853 3704; x_wconf 81' lang='lat' dir='ltr'><strong>Musarum</strong></span> <span class='ocrx_word' id='word_1_464' title='bbox 883 3648 1121 3703; x_wconf 92' lang='lat' dir='ltr'><strong>nominis</strong></span> <span class='ocrx_word' id='word_1_465' title='bbox 1160 3647 1532 3718; x_wconf 90' lang='lat' dir='ltr'><strong>usurpatione,</strong></span> <span class='ocrx_word' id='word_1_466' title='bbox 1563 3656 1617 3701; x_wconf 90' lang='lat' dir='ltr'><strong>et</strong></span> <span class='ocrx_word' id='word_1_467' title='bbox 1642 3647 1758 3717; x_wconf 87' lang='lat' dir='ltr'><strong>ipse</strong></span> <span class='ocrx_word' id='word_1_468' title='bbox 1790 3655 1965 3703; x_wconf 90' lang='lat' dir='ltr'><strong>tecum</strong></span> <span class='ocrx_word' id='word_1_469' title='bbox 2000 3647 2153 3703; x_wconf 83' lang='lat' dir='ltr'><strong>Asia-</strong></span> 
     </span>
    </p>
   </div>
   <div class='ocr_carea' id='block_1_66' title="bbox 577 3737 2152 3809">
    <p class='ocr_par' dir='ltr' id='par_1_66' title="bbox 577 3737 2152 3809">
     <span class='ocr_line' id='line_1_66' title="bbox 577 3737 2152 3809; baseline 0.001 -17"><span class='ocrx_word' id='word_1_470' title='bbox 577 3740 686 3792; x_wconf 86' lang='lat' dir='ltr'><strong>tico</strong></span> <span class='ocrx_word' id='word_1_471' title='bbox 718 3753 869 3792; x_wconf 91' lang='lat' dir='ltr'><strong>more</strong></span> <span class='ocrx_word' id='word_1_472' title='bbox 926 3747 1135 3809; x_wconf 76' lang='lat' dir='ltr'><strong>agens).</strong></span> <span class='ocrx_word' id='word_1_473' title='bbox 1168 3739 1358 3792; x_wconf 85' lang='lat' dir='ltr'><strong>Errata</strong></span> <span class='ocrx_word' id='word_1_474' title='bbox 1414 3737 1561 3791; x_wconf 91' lang='lat' dir='ltr'><strong>nulla</strong></span> <span class='ocrx_word' id='word_1_475' title='bbox 1603 3738 1779 3801; x_wconf 90' lang='lat' dir='ltr'><strong>video,</strong></span> <span class='ocrx_word' id='word_1_476' title='bbox 1812 3738 1915 3793; x_wconf 91' lang='lat' dir='ltr'><strong>nisi</strong></span> <span class='ocrx_word' id='word_1_477' title='bbox 1969 3738 2152 3794; x_wconf 84' lang='lat' dir='ltr'><strong>forsan</strong></span> 
     </span>
    </p>
   </div>
   <div class='ocr_carea' id='block_1_67' title="bbox 578 3828 2153 3898">
    <p class='ocr_par' dir='ltr' id='par_1_67' title="bbox 578 3828 2153 3898">
     <span class='ocr_line' id='line_1_67' title="bbox 578 3828 2153 3898; baseline 0.003 -16"><span class='ocrx_word' id='word_1_478' title='bbox 578 3828 634 3882; x_wconf 87' lang='lat' dir='ltr'><strong>in</strong></span> <span class='ocrx_word' id='word_1_479' title='bbox 663 3828 873 3898; x_wconf 83' lang='lat' dir='ltr'><strong>syntaxi</strong></span> <span class='ocrx_word' id='word_1_480' title='bbox 900 3845 914 3891; x_wconf 85' lang='lat'><strong>;</strong></span> <span class='ocrx_word' id='word_1_481' title='bbox 939 3828 1081 3897; x_wconf 86' lang='lat' dir='ltr'><strong>quod</strong></span> <span class='ocrx_word' id='word_1_482' title='bbox 1109 3836 1164 3881; x_wconf 90' lang='lat' dir='ltr'><strong>et</strong></span> <span class='ocrx_word' id='word_1_483' title='bbox 1195 3828 1370 3897; x_wconf 90' lang='lat' dir='ltr'><strong>ipsum</strong></span> <span class='ocrx_word' id='word_1_484' title='bbox 1408 3828 1681 3883; x_wconf 88' lang='lat' dir='ltr'><strong>rarissime</strong></span> <span class='ocrx_word' id='word_1_485' title='bbox 1711 3829 1967 3884; x_wconf 89' lang='lat' dir='ltr'><strong>indicavi.</strong></span> <span class='ocrx_word' id='word_1_486' title='bbox 2000 3830 2153 3897; x_wconf 89' lang='lat' dir='ltr'><strong>Quod</strong></span> 
     </span>
    </p>
   </div>
   <div class='ocr_carea' id='block_1_68' title="bbox 528 3918 2151 3993">
    <p class='ocr_par' dir='ltr' id='par_1_68' title="bbox 528 3918 2151 3993">
     <span class='ocr_line' id='line_1_68' title="bbox 528 3918 2151 3993; baseline 0.002 -20"><span class='ocrx_word' id='word_1_487' title='bbox 528 3988 531 3993; x_wconf 18' lang='grc'><strong><em>)</em></strong></span> <span class='ocrx_word' id='word_1_488' title='bbox 577 3918 623 3973; x_wconf 89' lang='lat' dir='ltr'><strong>si</strong></span> <span class='ocrx_word' id='word_1_489' title='bbox 669 3919 735 3973; x_wconf 91' lang='lat' dir='ltr'><strong>ad</strong></span> <span class='ocrx_word' id='word_1_490' title='bbox 770 3919 1036 3973; x_wconf 90' lang='lat' dir='ltr'><strong>sermonis</strong></span> <span class='ocrx_word' id='word_1_491' title='bbox 1084 3920 1481 3988; x_wconf 85' lang='lat' dir='ltr'><strong>verborumque</strong></span> <span class='ocrx_word' id='word_1_492' title='bbox 1538 3921 1995 3990; x_wconf 86' lang='lat' dir='ltr'><strong>pulchritudinem</strong></span> <span class='ocrx_word' id='word_1_493' title='bbox 2048 3923 2151 3977; x_wconf 91' lang='lat' dir='ltr'><strong>hoc</strong></span> 
     </span>
    </p>
   </div>
   <div class='ocr_carea' id='block_1_69' title="bbox 2260 3280 3839 3356">
    <p class='ocr_par' dir='ltr' id='par_1_69' title="bbox 2260 3280 3839 3356">
     <span class='ocr_line' id='line_1_69' title="bbox 2260 3280 3839 3356; baseline 0.002 -21"><span class='ocrx_word' id='word_1_494' title='bbox 2260 3282 2357 3352; x_wconf 78' lang='grc' dir='ltr'>τὴν</span> <span class='ocrx_word' id='word_1_495' title='bbox 2391 3281 2488 3351; x_wconf 84' lang='grc' dir='ltr'>σὴν</span> <span class='ocrx_word' id='word_1_496' title='bbox 2519 3281 2740 3346; x_wconf 79' lang='grc' dir='ltr'>ἀξίωσιν</span> <span class='ocrx_word' id='word_1_497' title='bbox 2768 3280 3103 3345; x_wconf 67' lang='grc' dir='ltr'>ἐπελθόντες,</span> <span class='ocrx_word' id='word_1_498' title='bbox 3138 3282 3236 3351; x_wconf 85' lang='grc' dir='ltr'>τῆς</span> <span class='ocrx_word' id='word_1_499' title='bbox 3264 3283 3362 3351; x_wconf 82' lang='grc' dir='ltr'>μὲν</span> <span class='ocrx_word' id='word_1_500' title='bbox 3406 3285 3666 3356; x_wconf 83' lang='grc' dir='ltr'>Ἀσιανῆς</span> <span class='ocrx_word' id='word_1_501' title='bbox 3710 3302 3839 3337; x_wconf 83' lang='grc' dir='ltr'>σπο-</span> 
     </span>
    </p>
   </div>
   <div class='ocr_carea' id='block_1_70' title="bbox 2264 3372 3837 3446">
    <p class='ocr_par' dir='ltr' id='par_1_70' title="bbox 2264 3372 3837 3446">
     <span class='ocr_line' id='line_1_70' title="bbox 2264 3372 3837 3446; baseline 0.001 -19"><span class='ocrx_word' id='word_1_502' title='bbox 2264 3376 2362 3444; x_wconf 81' lang='grc' dir='ltr'><strong>ρᾶς</strong></span> <span class='ocrx_word' id='word_1_503' title='bbox 2383 3375 2479 3442; x_wconf 78' lang='grc' dir='ltr'><strong>(ὡς</strong></span> <span class='ocrx_word' id='word_1_504' title='bbox 2502 3374 2567 3427; x_wconf 82' lang='grc' dir='ltr'>ἄν</span> <span class='ocrx_word' id='word_1_505' title='bbox 2597 3390 2682 3436; x_wconf 88' lang='grc' dir='ltr'><strong>τις</strong></span> <span class='ocrx_word' id='word_1_506' title='bbox 2710 3372 2853 3425; x_wconf 85' lang='grc' dir='ltr'>εἴποι</span> <span class='ocrx_word' id='word_1_507' title='bbox 2886 3372 3019 3442; x_wconf 84' lang='grc' dir='ltr'>μηδὲ</span> <span class='ocrx_word' id='word_1_508' title='bbox 3048 3373 3129 3442; x_wconf 81' lang='grc' dir='ltr'>τῷ</span> <span class='ocrx_word' id='word_1_509' title='bbox 3162 3374 3394 3427; x_wconf 86' lang='grc' dir='ltr'>Μουσῶν</span> <span class='ocrx_word' id='word_1_510' title='bbox 3432 3375 3661 3445; x_wconf 83' lang='grc' dir='ltr'>ὀνόματι</span> <span class='ocrx_word' id='word_1_511' title='bbox 3696 3376 3837 3446; x_wconf 81' lang='grc' dir='ltr'>χρώ-</span> 
     </span>
    </p>
   </div>
   <div class='ocr_carea' id='block_1_71' title="bbox 2262 3464 3832 3539">
    <p class='ocr_par' dir='ltr' id='par_1_71' title="bbox 2262 3464 3832 3539">
     <span class='ocr_line' id='line_1_71' title="bbox 2262 3464 3832 3539; baseline 0.001 -22"><span class='ocrx_word' id='word_1_512' title='bbox 2262 3483 2444 3535; x_wconf 85' lang='grc' dir='ltr'>μενος,</span> <span class='ocrx_word' id='word_1_513' title='bbox 2462 3464 2576 3535; x_wconf 77' lang='grc' dir='ltr'>ἅμα</span> <span class='ocrx_word' id='word_1_514' title='bbox 2593 3466 2648 3518; x_wconf 77' lang='grc' dir='ltr'>δὲ</span> <span class='ocrx_word' id='word_1_515' title='bbox 2671 3466 2763 3519; x_wconf 78' lang='grc' dir='ltr'><strong>καὶ</strong></span> <span class='ocrx_word' id='word_1_516' title='bbox 2788 3464 3098 3529; x_wconf 82' lang='grc' dir='ltr'>ἀσιανίζων)</span> <span class='ocrx_word' id='word_1_517' title='bbox 3117 3466 3346 3535; x_wconf 80' lang='grc' dir='ltr'>γνησίαν</span> <span class='ocrx_word' id='word_1_518' title='bbox 3376 3468 3541 3538; x_wconf 82' lang='grc' dir='ltr'>γονὴν</span> <span class='ocrx_word' id='word_1_519' title='bbox 3574 3470 3832 3539; x_wconf 73' lang='grc' dir='ltr'>κατειλή-</span> 
     </span>
    </p>
   </div>
   <div class='ocr_carea' id='block_1_72' title="bbox 2258 3556 3833 3630">
    <p class='ocr_par' dir='ltr' id='par_1_72' title="bbox 2258 3556 3833 3630">
     <span class='ocr_line' id='line_1_72' title="bbox 2258 3556 3833 3630; baseline 0.003 -23"><span class='ocrx_word' id='word_1_520' title='bbox 2258 3573 2478 3625; x_wconf 79' lang='grc' dir='ltr'>φαμεν⁶</span> <span class='ocrx_word' id='word_1_521' title='bbox 2512 3556 2844 3626; x_wconf 79' lang='grc' dir='ltr'>σφαλμάτων</span> <span class='ocrx_word' id='word_1_522' title='bbox 2890 3556 2946 3609; x_wconf 82' lang='grc' dir='ltr'>δὲ</span> <span class='ocrx_word' id='word_1_523' title='bbox 2996 3557 3168 3622; x_wconf 81' lang='grc' dir='ltr'>οὐδὲν,</span> <span class='ocrx_word' id='word_1_524' title='bbox 3220 3556 3359 3628; x_wconf 84' lang='grc' dir='ltr'>πλὴν</span> <span class='ocrx_word' id='word_1_525' title='bbox 3408 3561 3563 3611; x_wconf 85' lang='grc' dir='ltr'>εῖπου</span> <span class='ocrx_word' id='word_1_526' title='bbox 3611 3577 3667 3613; x_wconf 85' lang='grc' dir='ltr'><strong>τι</strong></span> <span class='ocrx_word' id='word_1_527' title='bbox 3706 3563 3833 3630; x_wconf 68' lang='grc' dir='ltr'>περὶ</span> 
     </span>
    </p>
   </div>
   <div class='ocr_carea' id='block_1_73' title="bbox 2258 3648 3832 3720">
    <p class='ocr_par' dir='ltr' id='par_1_73' title="bbox 2258 3648 3832 3720">
     <span class='ocr_line' id='line_1_73' title="bbox 2258 3648 3832 3720; baseline 0.002 -19"><span class='ocrx_word' id='word_1_528' title='bbox 2258 3648 2509 3713; x_wconf 83' lang='grc' dir='ltr'>σύνταξιν</span> <span class='ocrx_word' id='word_1_529' title='bbox 2534 3664 2545 3677; x_wconf 88' lang='grc'><strong>·</strong></span> <span class='ocrx_word' id='word_1_530' title='bbox 2581 3648 2674 3701; x_wconf 70' lang='grc' dir='ltr'><strong>καὶ</strong></span> <span class='ocrx_word' id='word_1_531' title='bbox 2702 3648 2860 3701; x_wconf 81' lang='grc' dir='ltr'>τοῦτο</span> <span class='ocrx_word' id='word_1_532' title='bbox 2891 3649 3116 3702; x_wconf 84' lang='grc' dir='ltr'>σπάνιον</span> <span class='ocrx_word' id='word_1_533' title='bbox 3156 3651 3649 3720; x_wconf 81' lang='grc' dir='ltr'>ἐπεσημηνάμεθα.</span> <span class='ocrx_word' id='word_1_534' title='bbox 3688 3653 3752 3704; x_wconf 81' lang='lat' dir='ltr'><strong>EE</strong></span> <span class='ocrx_word' id='word_1_535' title='bbox 3778 3651 3832 3704; x_wconf 83' lang='grc' dir='ltr'><strong>δέ</strong></span> 
     </span>
    </p>
   </div>
   <div class='ocr_carea' id='block_1_74' title="bbox 2254 3742 3831 3813">
    <p class='ocr_par' dir='ltr' id='par_1_74' title="bbox 2254 3742 3831 3813">
     <span class='ocr_line' id='line_1_74' title="bbox 2254 3742 3831 3813; baseline 0.001 -19"><span class='ocrx_word' id='word_1_536' title='bbox 2254 3759 2306 3794; x_wconf 90' lang='grc' dir='ltr'><strong>τι</strong></span> <span class='ocrx_word' id='word_1_537' title='bbox 2328 3742 2463 3813; x_wconf 82' lang='grc' dir='ltr'>πρὸς</span> <span class='ocrx_word' id='word_1_538' title='bbox 2491 3742 2590 3811; x_wconf 80' lang='grc' dir='ltr'>τὴν</span> <span class='ocrx_word' id='word_1_539' title='bbox 2620 3742 2785 3811; x_wconf 87' lang='grc' dir='ltr'>ἁλλην</span> <span class='ocrx_word' id='word_1_540' title='bbox 2813 3742 3071 3812; x_wconf 83' lang='grc' dir='ltr'>καλλονὴν</span> <span class='ocrx_word' id='word_1_541' title='bbox 3096 3742 3205 3794; x_wconf 87' lang='grc' dir='ltr'><strong>τῶν</strong></span> <span class='ocrx_word' id='word_1_542' title='bbox 3250 3744 3531 3813; x_wconf 78' lang='grc' dir='ltr'>ῥημάτων,</span> <span class='ocrx_word' id='word_1_543' title='bbox 3574 3744 3742 3798; x_wconf 82' lang='grc' dir='ltr'>καλὸν</span> <span class='ocrx_word' id='word_1_544' title='bbox 3775 3745 3831 3795; x_wconf 76' lang='grc' dir='ltr'>ὃν</span> 
     </span>
    </p>
   </div>
   <div class='ocr_carea' id='block_1_75' title="bbox 2254 3834 3828 3906">
    <p class='ocr_par' dir='ltr' id='par_1_75' title="bbox 2254 3834 3828 3906">
     <span class='ocr_line' id='line_1_75' title="bbox 2254 3834 3828 3906; baseline 0 -17"><span class='ocrx_word' id='word_1_545' title='bbox 2254 3836 2403 3906; x_wconf 78' lang='grc' dir='ltr'>ὅμως</span> <span class='ocrx_word' id='word_1_546' title='bbox 2437 3835 2685 3904; x_wconf 83' lang='grc' dir='ltr'>ὑστερεῖν</span> <span class='ocrx_word' id='word_1_547' title='bbox 2724 3834 2920 3899; x_wconf 80' lang='grc' dir='ltr'>ἐδόκει,</span> <span class='ocrx_word' id='word_1_548' title='bbox 2957 3837 3052 3889; x_wconf 77' lang='grc' dir='ltr'><strong>καὶ</strong></span> <span class='ocrx_word' id='word_1_549' title='bbox 3081 3835 3240 3888; x_wconf 79' lang='grc' dir='ltr'>τοῦτο</span> <span class='ocrx_word' id='word_1_550' title='bbox 3272 3836 3408 3905; x_wconf 83' lang='grc' dir='ltr'>πρὸς</span> <span class='ocrx_word' id='word_1_551' title='bbox 3454 3837 3555 3906; x_wconf 77' lang='grc' dir='ltr'><strong>τὴν</strong></span> <span class='ocrx_word' id='word_1_552' title='bbox 3590 3837 3828 3905; x_wconf 81' lang='grc' dir='ltr'>συγγενῆ</span> 
     </span>
    </p>
   </div>
   <div class='ocr_carea' id='block_1_76' title="bbox 2264 3925 3417 3996">
    <p class='ocr_par' dir='ltr' id='par_1_76' title="bbox 2264 3925 3417 3996">
     <span class='ocr_line' id='line_1_76' title="bbox 2264 3925 3417 3996; baseline 0.003 -18"><span class='ocrx_word' id='word_1_553' title='bbox 2264 3925 2475 3996; x_wconf 81' lang='grc' dir='ltr'>μορφὴν</span> <span class='ocrx_word' id='word_1_554' title='bbox 2498 3926 2558 3978; x_wconf 85' lang='grc' dir='ltr'>τὸ</span> <span class='ocrx_word' id='word_1_555' title='bbox 2595 3925 2753 3993; x_wconf 84' lang='grc' dir='ltr'>λόγου</span> <span class='ocrx_word' id='word_1_556' title='bbox 2777 3926 2972 3988; x_wconf 86' lang='grc' dir='ltr'>κάλλος</span> <span class='ocrx_word' id='word_1_557' title='bbox 3009 3925 3417 3996; x_wconf 81' lang='grc' dir='ltr'>μεθηρμόσατο.</span> 
     </span>
    </p>
   </div>
   <div class='ocr_carea' id='block_1_77' title="bbox 577 4010 3824 4089">
    <p class='ocr_par' dir='ltr' id='par_1_77' title="bbox 577 4010 3824 4089">
     <span class='ocr_line' id='line_1_77' title="bbox 577 4010 3824 4089; baseline 0.002 -25"><span class='ocrx_word' id='word_1_558' title='bbox 577 4027 748 4064; x_wconf 90' lang='lat' dir='ltr'><strong>unum</strong></span> <span class='ocrx_word' id='word_1_559' title='bbox 780 4010 939 4064; x_wconf 89' lang='lat' dir='ltr'><strong>laude</strong></span> <span class='ocrx_word' id='word_1_560' title='bbox 984 4010 1206 4081; x_wconf 82' lang='lat' dir='ltr'><strong>dignum</strong></span> <span class='ocrx_word' id='word_1_561' title='bbox 1242 4010 1487 4064; x_wconf 84' lang='lat' dir='ltr'><strong>videatur</strong></span> <span class='ocrx_word' id='word_1_562' title='bbox 1509 4010 1721 4077; x_wconf 87' lang='lat' dir='ltr'><strong>deesse,</strong></span> <span class='ocrx_word' id='word_1_563' title='bbox 1754 4020 1936 4067; x_wconf 85' lang='lat' dir='ltr'><strong>tamen</strong></span> <span class='ocrx_word' id='word_1_564' title='bbox 1993 4020 2049 4067; x_wconf 84' lang='lat' dir='ltr'><strong>et</strong></span> <span class='ocrx_word' id='word_1_565' title='bbox 2098 4014 2177 4069; x_wconf 91' lang='lat' dir='ltr'><strong>sic</strong></span> <span class='ocrx_word' id='word_1_566' title='bbox 2215 4017 2281 4071; x_wconf 88' lang='lat' dir='ltr'><strong>ad</strong></span> <span class='ocrx_word' id='word_1_567' title='bbox 2314 4034 2671 4089; x_wconf 80' lang='lat' dir='ltr'><strong>congenercm</strong></span> <span class='ocrx_word' id='word_1_568' title='bbox 2712 4019 2779 4073; x_wconf 87' lang='lat' dir='ltr'><strong>de</strong></span> <span class='ocrx_word' id='word_1_569' title='bbox 2827 4029 3024 4073; x_wconf 68' lang='lat' dir='ltr'><strong>caetero</strong></span> <span class='ocrx_word' id='word_1_570' title='bbox 3093 4017 3559 4088; x_wconf 88' lang='lat' dir='ltr'><strong>pulchritudinem</strong></span> <span class='ocrx_word' id='word_1_571' title='bbox 3603 4019 3824 4074; x_wconf 84' lang='lat' dir='ltr'><strong>univer-</strong></span> 
     </span>
    </p>
   </div>
   <div class='ocr_carea' id='block_1_78' title="bbox 575 4100 1711 4173">
    <p class='ocr_par' dir='ltr' id='par_1_78' title="bbox 575 4100 1711 4173">
     <span class='ocr_line' id='line_1_78' title="bbox 575 4100 1711 4173; baseline -0.002 -16"><span class='ocrx_word' id='word_1_572' title='bbox 575 4116 693 4158; x_wconf 90' lang='lat' dir='ltr'><strong>sam</strong></span> <span class='ocrx_word' id='word_1_573' title='bbox 714 4102 896 4173; x_wconf 89' lang='lat' dir='ltr'><strong>operis</strong></span> <span class='ocrx_word' id='word_1_574' title='bbox 924 4100 1380 4171; x_wconf 83' lang='lat' dir='ltr'><strong>pulchritudinem</strong></span> <span class='ocrx_word' id='word_1_575' title='bbox 1417 4103 1711 4171; x_wconf 87' lang='lat' dir='ltr'><strong>copulavit.</strong></span> 
     </span>
    </p>
   </div>
   <div class='ocr_carea' id='block_1_79' title="bbox 1136 4206 1585 4264">
    <p class='ocr_par' dir='ltr' id='par_1_79' title="bbox 1136 4206 1585 4264">
     <span class='ocr_line' id='line_1_79' title="bbox 1136 4206 1585 4264; baseline 0.002 -2"><span class='ocrx_word' id='word_1_576' title='bbox 1136 4206 1354 4262; x_wconf 87' lang='lat' dir='ltr'><strong>EPIST.</strong></span> <span class='ocrx_word' id='word_1_577' title='bbox 1401 4208 1585 4264; x_wconf 77' lang='lat' dir='ltr'><strong>XCIX.</strong></span> 
     </span>
    </p>
   </div>
   <div class='ocr_carea' id='block_1_80' title="bbox 1254 4296 1461 4353">
    <p class='ocr_par' dir='ltr' id='par_1_80' title="bbox 1254 4296 1461 4353">
     <span class='ocr_line' id='line_1_80' title="bbox 1254 4296 1461 4353; baseline 0.014 -3"><span class='ocrx_word' id='word_1_578' title='bbox 1254 4296 1461 4353; x_wconf 82' lang='lat' dir='ltr'><strong>Eidem.</strong></span> 
     </span>
    </p>
   </div>
   <div class='ocr_carea' id='block_1_81' title="bbox 2850 4211 3231 4281">
    <p class='ocr_par' dir='ltr' id='par_1_81' title="bbox 2850 4211 3231 4281">
     <span class='ocr_line' id='line_1_81' title="bbox 2850 4211 3231 4281; baseline 0.008 -17"><span class='ocrx_word' id='word_1_579' title='bbox 2850 4211 3073 4266; x_wconf 70' lang='lat' dir='ltr'><strong>eum.</strong></span> <span class='ocrx_word' id='word_1_580' title='bbox 3117 4213 3231 4281; x_wconf 48' lang='lat' dir='ltr'><strong>uel.</strong></span> 
     </span>
    </p>
   </div>
   <div class='ocr_carea' id='block_1_82' title="bbox 2896 4299 3193 4365">
    <p class='ocr_par' dir='ltr' id='par_1_82' title="bbox 2896 4299 3193 4365">
     <span class='ocr_line' id='line_1_82' title="bbox 2896 4299 3193 4365; baseline 0 -11"><span class='ocrx_word' id='word_1_581' title='bbox 2896 4299 2978 4365; x_wconf 83' lang='grc' dir='ltr'><strong>Τῷ</strong></span> <span class='ocrx_word' id='word_1_582' title='bbox 3012 4300 3193 4365; x_wconf 77' lang='grc' dir='ltr'>αὐτῷ.</span> 
     </span>
    </p>
   </div>
   <div class='ocr_carea' id='block_1_83' title="bbox 1790 4409 2550 4473">
    <p class='ocr_par' dir='ltr' id='par_1_83' title="bbox 1790 4409 2550 4473">
     <span class='ocr_line' id='line_1_83' title="bbox 1790 4409 2550 4473; baseline 0.003 -16"><span class='ocrx_word' id='word_1_583' title='bbox 1790 4409 2054 4459; x_wconf 79' lang='lat' dir='ltr'><strong>Montacut.</strong></span> <span class='ocrx_word' id='word_1_584' title='bbox 2082 4410 2185 4472; x_wconf 91' lang='lat' dir='ltr'><strong>(ep.</strong></span> <span class='ocrx_word' id='word_1_585' title='bbox 2213 4410 2320 4470; x_wconf 63' lang='grc'><strong>243,</strong></span> <span class='ocrx_word' id='word_1_586' title='bbox 2344 4410 2550 4473; x_wconf 78' lang='grc' dir='ltr'>ρ.”565).</span> 
     </span>
    </p>
   </div>
   <div class='ocr_carea' id='block_1_84' title="bbox 644 4508 2221 4579">
    <p class='ocr_par' dir='ltr' id='par_1_84' title="bbox 644 4508 2221 4579">
     <span class='ocr_line' id='line_1_84' title="bbox 644 4508 2221 4579; baseline -0.002 -15"><span class='ocrx_word' id='word_1_587' title='bbox 644 4508 1107 4576; x_wconf 83' lang='lat' dir='ltr'><strong>Quemadmodum</strong></span> <span class='ocrx_word' id='word_1_588' title='bbox 1181 4508 1679 4578; x_wconf 85' lang='lat' dir='ltr'><strong>pusillanimilatem</strong></span> <span class='ocrx_word' id='word_1_589' title='bbox 1741 4516 1888 4562; x_wconf 89' lang='lat' dir='ltr'><strong>tuam</strong></span> <span class='ocrx_word' id='word_1_590' title='bbox 1946 4524 2143 4579; x_wconf 79' lang='lat' dir='ltr'><strong>negare</strong></span> <span class='ocrx_word' id='word_1_591' title='bbox 2177 4513 2221 4567; x_wconf 80' lang='grc' dir='ltr'>ι)</span> 
     </span>
    </p>
   </div>
   <div class='ocr_carea' id='block_1_85' title="bbox 568 4598 2144 4671">
    <p class='ocr_par' dir='ltr' id='par_1_85' title="bbox 568 4598 2144 4671">
     <span class='ocr_line' id='line_1_85' title="bbox 568 4598 2144 4671; baseline -0.001 -14"><span class='ocrx_word' id='word_1_592' title='bbox 568 4618 679 4657; x_wconf 88' lang='lat' dir='ltr'><strong>non</strong></span> <span class='ocrx_word' id='word_1_593' title='bbox 732 4611 906 4671; x_wconf 90' lang='lat' dir='ltr'><strong>potes,</strong></span> <span class='ocrx_word' id='word_1_594' title='bbox 938 4602 1009 4654; x_wconf 88' lang='lat' dir='ltr'><strong>ita</strong></span> <span class='ocrx_word' id='word_1_595' title='bbox 1043 4601 1235 4670; x_wconf 85' lang='lat' dir='ltr'><strong>nequis</strong></span> <span class='ocrx_word' id='word_1_596' title='bbox 1260 4598 1485 4653; x_wconf 85' lang='lat' dir='ltr'><strong>inliciari</strong></span> <span class='ocrx_word' id='word_1_597' title='bbox 1519 4615 1604 4653; x_wconf 89' lang='lat' dir='ltr'><strong>me</strong></span> <span class='ocrx_word' id='word_1_598' title='bbox 1650 4602 1788 4655; x_wconf 89' lang='lat' dir='ltr'><strong>bene</strong></span> <span class='ocrx_word' id='word_1_599' title='bbox 1818 4600 1950 4654; x_wconf 89' lang='lat' dir='ltr'><strong>satis</strong></span> <span class='ocrx_word' id='word_1_600' title='bbox 1978 4601 2046 4655; x_wconf 89' lang='lat' dir='ltr'><strong>de</strong></span> <span class='ocrx_word' id='word_1_601' title='bbox 2093 4609 2144 4655; x_wconf 92' lang='lat' dir='ltr'><strong>te</strong></span> 
     </span>
    </p>
   </div>
   <div class='ocr_carea' id='block_1_86' title="bbox 568 4694 2144 4765">
    <p class='ocr_par' dir='ltr' id='par_1_86' title="bbox 568 4694 2144 4765">
     <span class='ocr_line' id='line_1_86' title="bbox 568 4694 2144 4765; baseline -0.001 -16"><span class='ocrx_word' id='word_1_602' title='bbox 568 4711 913 4765; x_wconf 89' lang='lat' dir='ltr'><strong>persuasum,</strong></span> <span class='ocrx_word' id='word_1_603' title='bbox 944 4705 1234 4764; x_wconf 86' lang='lat' dir='ltr'><strong>antequam</strong></span> <span class='ocrx_word' id='word_1_604' title='bbox 1273 4710 1495 4751; x_wconf 88' lang='lat' dir='ltr'><strong>suavem</strong></span> <span class='ocrx_word' id='word_1_605' title='bbox 1524 4694 1663 4748; x_wconf 91' lang='lat' dir='ltr'><strong>hanc</strong></span> <span class='ocrx_word' id='word_1_606' title='bbox 1694 4694 1979 4764; x_wconf 87' lang='lat' dir='ltr'><strong>epistolam</strong></span> <span class='ocrx_word' id='word_1_607' title='bbox 2008 4694 2144 4747; x_wconf 90' lang='lat' dir='ltr'><strong>mis-</strong></span> 
     </span>
    </p>
   </div>
   <div class='ocr_carea' id='block_1_87' title="bbox 566 4786 2142 4856">
    <p class='ocr_par' dir='ltr' id='par_1_87' title="bbox 566 4786 2142 4856">
     <span class='ocr_line' id='line_1_87' title="bbox 566 4786 2142 4856; baseline -0.003 -14"><span class='ocrx_word' id='word_1_608' title='bbox 566 4789 763 4842; x_wconf 85' lang='lat' dir='ltr'><strong>sitares</strong></span> <span class='ocrx_word' id='word_1_609' title='bbox 790 4804 804 4840; x_wconf 90' lang='lat'>:</span> <span class='ocrx_word' id='word_1_610' title='bbox 861 4787 1042 4856; x_wconf 89' lang='lat' dir='ltr'><strong>passio</strong></span> <span class='ocrx_word' id='word_1_611' title='bbox 1077 4786 1194 4855; x_wconf 87' lang='lat' dir='ltr'><strong>ipsa</strong></span> <span class='ocrx_word' id='word_1_612' title='bbox 1225 4786 1298 4840; x_wconf 88' lang='lat' dir='ltr'><strong>ita</strong></span> <span class='ocrx_word' id='word_1_613' title='bbox 1321 4795 1405 4841; x_wconf 90' lang='lat' dir='ltr'><strong>est</strong></span> <span class='ocrx_word' id='word_1_614' title='bbox 1436 4786 1739 4849; x_wconf 82' lang='lat' dir='ltr'><strong>manifesta,</strong></span> <span class='ocrx_word' id='word_1_615' title='bbox 1770 4794 1826 4839; x_wconf 91' lang='lat' dir='ltr'><strong>ut</strong></span> <span class='ocrx_word' id='word_1_616' title='bbox 1872 4786 2142 4841; x_wconf 86' lang='lat' dir='ltr'><strong>volentem</strong></span> 
     </span>
    </p>
   </div>
   <div class='ocr_carea' id='block_1_88' title="bbox 563 4876 2140 4946">
    <p class='ocr_par' dir='ltr' id='par_1_88' title="bbox 563 4876 2140 4946">
     <span class='ocr_line' id='line_1_88' title="bbox 563 4876 2140 4946; baseline -0.001 -15"><span class='ocrx_word' id='word_1_617' title='bbox 563 4877 996 4932; x_wconf 80' lang='lat' dir='ltr'><strong>animadvertere</strong></span> <span class='ocrx_word' id='word_1_618' title='bbox 1029 4877 1200 4932; x_wconf 85' lang='lat' dir='ltr'><strong>latere</strong></span> <span class='ocrx_word' id='word_1_619' title='bbox 1232 4893 1341 4931; x_wconf 90' lang='lat' dir='ltr'><strong>non</strong></span> <span class='ocrx_word' id='word_1_620' title='bbox 1376 4878 1568 4946; x_wconf 89' lang='lat' dir='ltr'><strong>possit.</strong></span> <span class='ocrx_word' id='word_1_621' title='bbox 1618 4876 1686 4930; x_wconf 78' lang='lat' dir='ltr'><strong>At</strong></span> <span class='ocrx_word' id='word_1_622' title='bbox 1713 4877 1986 4944; x_wconf 89' lang='lat' dir='ltr'><strong>quomodo</strong></span> <span class='ocrx_word' id='word_1_623' title='bbox 2023 4876 2140 4931; x_wconf 82' lang='lat' dir='ltr'><strong>fieri</strong></span> 
     </span>
    </p>
   </div>
   <div class='ocr_carea' id='block_1_89' title="bbox 565 4966 2138 5037">
    <p class='ocr_par' dir='ltr' id='par_1_89' title="bbox 565 4966 2138 5037">
     <span class='ocr_line' id='line_1_89' title="bbox 565 4966 2138 5037; baseline 0.001 -17"><span class='ocrx_word' id='word_1_624' title='bbox 565 4968 739 5037; x_wconf 90' lang='lat' dir='ltr'><strong>possit</strong></span> <span class='ocrx_word' id='word_1_625' title='bbox 792 4978 855 5022; x_wconf 88' lang='lat' dir='ltr'><strong>ut</strong></span> <span class='ocrx_word' id='word_1_626' title='bbox 913 4967 966 5020; x_wconf 91' lang='lat' dir='ltr'><strong>in</strong></span> <span class='ocrx_word' id='word_1_627' title='bbox 1021 4968 1257 5021; x_wconf 87' lang='lat' dir='ltr'><strong>amicitia</strong></span> <span class='ocrx_word' id='word_1_628' title='bbox 1316 4967 1543 5022; x_wconf 86' lang='lat' dir='ltr'><strong>colenda</strong></span> <span class='ocrx_word' id='word_1_629' title='bbox 1594 4966 2028 5035; x_wconf 89' lang='lat' dir='ltr'><strong>pusillanimitas,</strong></span> <span class='ocrx_word' id='word_1_630' title='bbox 2082 4968 2138 5022; x_wconf 90' lang='lat' dir='ltr'><strong>in</strong></span> 
     </span>
    </p>
   </div>
   <div class='ocr_carea' id='block_1_90' title="bbox 564 5058 2138 5129">
    <p class='ocr_par' dir='ltr' id='par_1_90' title="bbox 564 5058 2138 5129">
     <span class='ocr_line' id='line_1_90' title="bbox 564 5058 2138 5129; baseline -0.001 -15"><span class='ocrx_word' id='word_1_631' title='bbox 564 5070 849 5129; x_wconf 85' lang='lat' dir='ltr'><strong>utramque</strong></span> <span class='ocrx_word' id='word_1_632' title='bbox 874 5069 1103 5129; x_wconf 90' lang='lat' dir='ltr'><strong>partem,</strong></span> <span class='ocrx_word' id='word_1_633' title='bbox 1133 5075 1331 5115; x_wconf 88' lang='lat' dir='ltr'><strong>nemne</strong></span> <span class='ocrx_word' id='word_1_634' title='bbox 1369 5059 1605 5115; x_wconf 70' lang='lat' dir='ltr'><strong>fortuna:</strong></span> <span class='ocrx_word' id='word_1_635' title='bbox 1633 5058 1893 5124; x_wconf 74' lang='lat' dir='ltr'><strong>adversae,</strong></span> <span class='ocrx_word' id='word_1_636' title='bbox 1930 5071 1985 5115; x_wconf 88' lang='lat' dir='ltr'><strong>et</strong></span> <span class='ocrx_word' id='word_1_637' title='bbox 2008 5075 2138 5116; x_wconf 91' lang='lat' dir='ltr'><strong>san-</strong></span> 
     </span>
    </p>
   </div>
   <div class='ocr_carea' id='block_1_91' title="bbox 562 5150 2138 5222">
    <p class='ocr_par' dir='ltr' id='par_1_91' title="bbox 562 5150 2138 5222">
     <span class='ocr_line' id='line_1_91' title="bbox 562 5150 2138 5222; baseline 0.001 -18"><span class='ocrx_word' id='word_1_638' title='bbox 562 5162 662 5204; x_wconf 76' lang='lat' dir='ltr'><strong>cta:</strong></span> <span class='ocrx_word' id='word_1_639' title='bbox 694 5150 1012 5205; x_wconf 87' lang='lat' dir='ltr'><strong>imitationis</strong></span> <span class='ocrx_word' id='word_1_640' title='bbox 1039 5152 1227 5206; x_wconf 75' lang='lat' dir='ltr'><strong>referri</strong></span> <span class='ocrx_word' id='word_1_641' title='bbox 1255 5154 1449 5222; x_wconf 85' lang='lat' dir='ltr'><strong>possit,</strong></span> <span class='ocrx_word' id='word_1_642' title='bbox 1480 5151 1811 5221; x_wconf 84' lang='lat' dir='ltr'><strong>conjecturis</strong></span> <span class='ocrx_word' id='word_1_643' title='bbox 1835 5151 2013 5205; x_wconf 90' lang='lat' dir='ltr'><strong>adhuc</strong></span> <span class='ocrx_word' id='word_1_644' title='bbox 2048 5167 2138 5205; x_wconf 81' lang='lat' dir='ltr'><strong>as-</strong></span> 
     </span>
    </p>
   </div>
   <div class='ocr_carea' id='block_1_92' title="bbox 560 5241 2137 5312">
    <p class='ocr_par' dir='ltr' id='par_1_92' title="bbox 560 5241 2137 5312">
     <span class='ocr_line' id='line_1_92' title="bbox 560 5241 2137 5312; baseline 0 -17"><span class='ocrx_word' id='word_1_645' title='bbox 560 5241 713 5309; x_wconf 85' lang='lat' dir='ltr'><strong>sequi</strong></span> <span class='ocrx_word' id='word_1_646' title='bbox 743 5255 975 5309; x_wconf 88' lang='lat' dir='ltr'><strong>nequeo.</strong></span> <span class='ocrx_word' id='word_1_647' title='bbox 1033 5242 1288 5298; x_wconf 84' lang='lat' dir='ltr'><strong>Miserum</strong></span> <span class='ocrx_word' id='word_1_648' title='bbox 1345 5260 1431 5298; x_wconf 89' lang='lat' dir='ltr'><strong>me</strong></span> <span class='ocrx_word' id='word_1_649' title='bbox 1468 5242 1663 5307; x_wconf 89' lang='lat' dir='ltr'><strong>fateor,</strong></span> <span class='ocrx_word' id='word_1_650' title='bbox 1702 5244 1954 5312; x_wconf 86' lang='lat' dir='ltr'><strong>quocirca</strong></span> <span class='ocrx_word' id='word_1_651' title='bbox 1990 5243 2137 5296; x_wconf 86' lang='lat' dir='ltr'><strong>timi-</strong></span> 
     </span>
    </p>
   </div>
   <div class='ocr_carea' id='block_1_93' title="bbox 559 5332 2140 5398">
    <p class='ocr_par' dir='ltr' id='par_1_93' title="bbox 559 5332 2140 5398">
     <span class='ocr_line' id='line_1_93' title="bbox 559 5332 2140 5398; baseline 0 -11"><span class='ocrx_word' id='word_1_652' title='bbox 559 5332 681 5387; x_wconf 85' lang='lat' dir='ltr'><strong>dior</strong></span> <span class='ocrx_word' id='word_1_653' title='bbox 744 5332 800 5384; x_wconf 89' lang='lat' dir='ltr'><strong>in</strong></span> <span class='ocrx_word' id='word_1_654' title='bbox 862 5332 1101 5386; x_wconf 87' lang='lat' dir='ltr'><strong>amicitia</strong></span> <span class='ocrx_word' id='word_1_655' title='bbox 1146 5351 1160 5398; x_wconf 93' lang='lat'><strong>;</strong></span> <span class='ocrx_word' id='word_1_656' title='bbox 1214 5334 1309 5388; x_wconf 91' lang='lat' dir='ltr'><strong>sed</strong></span> <span class='ocrx_word' id='word_1_657' title='bbox 1353 5335 1544 5388; x_wconf 88' lang='lat' dir='ltr'><strong>eodem</strong></span> <span class='ocrx_word' id='word_1_658' title='bbox 1597 5334 1756 5387; x_wconf 77' lang='lat' dir='ltr'><strong>modo</strong></span> <span class='ocrx_word' id='word_1_659' title='bbox 1802 5334 2029 5387; x_wconf 81' lang='lat' dir='ltr'><strong>aﬂieitur</strong></span> <span class='ocrx_word' id='word_1_660' title='bbox 2086 5343 2140 5388; x_wconf 92' lang='lat' dir='ltr'><strong>et</strong></span> 
     </span>
    </p>
   </div>
   <div class='ocr_carea' id='block_1_94' title="bbox 557 5424 2138 5495">
    <p class='ocr_par' dir='ltr' id='par_1_94' title="bbox 557 5424 2138 5495">
     <span class='ocr_line' id='line_1_94' title="bbox 557 5424 2138 5495; baseline 0.001 -17"><span class='ocrx_word' id='word_1_661' title='bbox 557 5435 873 5479; x_wconf 88' lang='lat' dir='ltr'><strong>sanctorum</strong></span> <span class='ocrx_word' id='word_1_662' title='bbox 918 5424 1152 5479; x_wconf 87' lang='lat' dir='ltr'><strong>cohors:</strong></span> <span class='ocrx_word' id='word_1_663' title='bbox 1196 5441 1226 5479; x_wconf 91' lang='lat' dir='ltr'><strong>a</strong></span> <span class='ocrx_word' id='word_1_664' title='bbox 1255 5425 1698 5495; x_wconf 87' lang='lat' dir='ltr'><strong>pusillanimitate</strong></span> <span class='ocrx_word' id='word_1_665' title='bbox 1730 5442 1835 5479; x_wconf 88' lang='lat' dir='ltr'><strong>non</strong></span> <span class='ocrx_word' id='word_1_666' title='bbox 1876 5426 2138 5480; x_wconf 87' lang='lat' dir='ltr'><strong>distillant</strong></span> 
     </span>
    </p>
   </div>
   <div class='ocr_carea' id='block_1_95' title="bbox 557 5516 2133 5587">
    <p class='ocr_par' dir='ltr' id='par_1_95' title="bbox 557 5516 2133 5587">
     <span class='ocr_line' id='line_1_95' title="bbox 557 5516 2133 5587; baseline 0.001 -17"><span class='ocrx_word' id='word_1_667' title='bbox 557 5516 810 5581; x_wconf 87' lang='lat' dir='ltr'><strong>dulcedo,</strong></span> <span class='ocrx_word' id='word_1_668' title='bbox 847 5516 931 5570; x_wconf 88' lang='lat' dir='ltr'><strong>vel</strong></span> <span class='ocrx_word' id='word_1_669' title='bbox 967 5516 1233 5587; x_wconf 85' lang='lat' dir='ltr'><strong>voluptas,</strong></span> <span class='ocrx_word' id='word_1_670' title='bbox 1276 5532 1377 5571; x_wconf 89' lang='lat' dir='ltr'><strong>nec</strong></span> <span class='ocrx_word' id='word_1_671' title='bbox 1410 5516 1632 5585; x_wconf 86' lang='lat' dir='ltr'><strong>aliquid,</strong></span> <span class='ocrx_word' id='word_1_672' title='bbox 1664 5518 1809 5586; x_wconf 93' lang='lat' dir='ltr'><strong>quod</strong></span> <span class='ocrx_word' id='word_1_673' title='bbox 1854 5534 1951 5586; x_wconf 89' lang='lat' dir='ltr'><strong>per</strong></span> <span class='ocrx_word' id='word_1_674' title='bbox 1978 5534 2133 5571; x_wconf 88' lang='lat' dir='ltr'><strong>suam</strong></span> 
     </span>
    </p>
   </div>
   <div class='ocr_carea' id='block_1_96' title="bbox 554 5607 2137 5679">
    <p class='ocr_par' dir='ltr' id='par_1_96' title="bbox 554 5607 2137 5679">
     <span class='ocr_line' id='line_1_96' title="bbox 554 5607 2137 5679; baseline 0 -16"><span class='ocrx_word' id='word_1_675' title='bbox 554 5618 808 5663; x_wconf 88' lang='lat' dir='ltr'><strong>naturam</strong></span> <span class='ocrx_word' id='word_1_676' title='bbox 837 5610 1073 5664; x_wconf 85' lang='lat' dir='ltr'><strong>oblectat</strong></span> <span class='ocrx_word' id='word_1_677' title='bbox 1102 5624 1197 5678; x_wconf 91' lang='lat' dir='ltr'><strong>per</strong></span> <span class='ocrx_word' id='word_1_678' title='bbox 1241 5607 1766 5677; x_wconf 89' lang='lat' dir='ltr'><strong>inconsequentiam,</strong></span> <span class='ocrx_word' id='word_1_679' title='bbox 1803 5610 1981 5663; x_wconf 79' lang='lat' dir='ltr'><strong>minus</strong></span> <span class='ocrx_word' id='word_1_680' title='bbox 2012 5626 2137 5679; x_wconf 80' lang='lat' dir='ltr'><strong>gra-</strong></span> 
     </span>
    </p>
   </div>
   <div class='ocr_carea' id='block_1_97' title="bbox 555 5702 2130 5774">
    <p class='ocr_par' dir='ltr' id='par_1_97' title="bbox 555 5702 2130 5774">
     <span class='ocr_line' id='line_1_97' title="bbox 555 5702 2130 5774; baseline 0.001 -17"><span class='ocrx_word' id='word_1_681' title='bbox 555 5703 644 5757; x_wconf 70' lang='lat' dir='ltr'><strong>tia:</strong></span> <span class='ocrx_word' id='word_1_682' title='bbox 672 5704 876 5757; x_wconf 88' lang='lat' dir='ltr'><strong>habet:</strong></span> <span class='ocrx_word' id='word_1_683' title='bbox 908 5703 953 5757; x_wconf 92' lang='lat' dir='ltr'><strong>si</strong></span> <span class='ocrx_word' id='word_1_684' title='bbox 974 5702 1121 5757; x_wconf 89' lang='lat' dir='ltr'><strong>enim</strong></span> <span class='ocrx_word' id='word_1_685' title='bbox 1166 5702 1392 5757; x_wconf 87' lang='lat' dir='ltr'><strong>adversa</strong></span> <span class='ocrx_word' id='word_1_686' title='bbox 1441 5717 1563 5755; x_wconf 90' lang='lat' dir='ltr'><strong>cum</strong></span> <span class='ocrx_word' id='word_1_687' title='bbox 1600 5702 1815 5755; x_wconf 85' lang='lat' dir='ltr'><strong>fortuna</strong></span> <span class='ocrx_word' id='word_1_688' title='bbox 1866 5702 2130 5774; x_wconf 83' lang='lat' dir='ltr'><strong>conﬂigis,</strong></span> 
     </span>
    </p>
   </div>
   <div class='ocr_carea' id='block_1_98' title="bbox 555 5792 2129 5863">
    <p class='ocr_par' dir='ltr' id='par_1_98' title="bbox 555 5792 2129 5863">
     <span class='ocr_line' id='line_1_98' title="bbox 555 5792 2129 5863; baseline 0.001 -15"><span class='ocrx_word' id='word_1_689' title='bbox 555 5804 770 5849; x_wconf 80' lang='lat' dir='ltr'><strong>sanctos</strong></span> <span class='ocrx_word' id='word_1_690' title='bbox 826 5804 934 5848; x_wconf 83' lang='lat' dir='ltr'><strong>non</strong></span> <span class='ocrx_word' id='word_1_691' title='bbox 975 5795 1178 5863; x_wconf 84' lang='lat' dir='ltr'><strong>poteris</strong></span> <span class='ocrx_word' id='word_1_692' title='bbox 1224 5793 1447 5847; x_wconf 86' lang='lat' dir='ltr'><strong>imitari.</strong></span> <span class='ocrx_word' id='word_1_693' title='bbox 1479 5792 1545 5846; x_wconf 88' lang='lat' dir='ltr'><strong>At</strong></span> <span class='ocrx_word' id='word_1_694' title='bbox 1572 5792 1614 5845; x_wconf 87' lang='lat' dir='ltr'><strong>si</strong></span> <span class='ocrx_word' id='word_1_695' title='bbox 1654 5793 1707 5846; x_wconf 91' lang='lat' dir='ltr'><strong>in</strong></span> <span class='ocrx_word' id='word_1_696' title='bbox 1740 5794 1935 5862; x_wconf 85' lang='lat' dir='ltr'><strong>quibus</strong></span> <span class='ocrx_word' id='word_1_697' title='bbox 1982 5796 2129 5850; x_wconf 89' lang='lat' dir='ltr'><strong>timi-</strong></span> 
     </span>
    </p>
   </div>
   <div class='ocr_carea' id='block_1_99' title="bbox 2331 4507 3826 4581">
    <p class='ocr_par' dir='ltr' id='par_1_99' title="bbox 2331 4507 3826 4581">
     <span class='ocr_line' id='line_1_99' title="bbox 2331 4507 3826 4581; baseline 0.001 -18"><span class='ocrx_word' id='word_1_698' title='bbox 2331 4512 2422 4574; x_wconf 82' lang='grc' dir='ltr'>Ὠς</span> <span class='ocrx_word' id='word_1_699' title='bbox 2452 4510 2551 4581; x_wconf 76' lang='grc' dir='ltr'>μὲν</span> <span class='ocrx_word' id='word_1_700' title='bbox 2579 4510 2679 4563; x_wconf 82' lang='grc' dir='ltr'><strong>οὐκ</strong></span> <span class='ocrx_word' id='word_1_701' title='bbox 2710 4508 2854 4579; x_wconf 78' lang='grc' dir='ltr'>ἔχεις</span> <span class='ocrx_word' id='word_1_702' title='bbox 2882 4507 3226 4579; x_wconf 80' lang='grc' dir='ltr'>ὲξαρνεῖσθαι</span> <span class='ocrx_word' id='word_1_703' title='bbox 3247 4507 3345 4579; x_wconf 79' lang='grc' dir='ltr'>τὴν</span> <span class='ocrx_word' id='word_1_704' title='bbox 3376 4508 3605 4576; x_wconf 82' lang='grc' dir='ltr'>δειλίαν,</span> <span class='ocrx_word' id='word_1_705' title='bbox 3629 4511 3740 4565; x_wconf 75' lang='grc' dir='ltr'>οὖδ⁴</span> <span class='ocrx_word' id='word_1_706' title='bbox 3759 4511 3826 4565; x_wconf 77' lang='grc' dir='ltr'>ἄν</span> 
     </span>
    </p>
   </div>
   <div class='ocr_carea' id='block_1_100' title="bbox 2249 4600 3825 4674">
    <p class='ocr_par' dir='ltr' id='par_1_100' title="bbox 2249 4600 3825 4674">
     <span class='ocr_line' id='line_1_100' title="bbox 2249 4600 3825 4674; baseline 0 -18"><span class='ocrx_word' id='word_1_707' title='bbox 2249 4603 2543 4674; x_wconf 84' lang='grc' dir='ltr'>ἁρνηθείης</span> <span class='ocrx_word' id='word_1_708' title='bbox 2568 4600 2662 4653; x_wconf 77' lang='grc' dir='ltr'><strong>καὶ</strong></span> <span class='ocrx_word' id='word_1_709' title='bbox 2694 4602 2801 4670; x_wconf 85' lang='grc' dir='ltr'>πρὸ</span> <span class='ocrx_word' id='word_1_710' title='bbox 2831 4601 3033 4670; x_wconf 83' lang='grc' dir='ltr'>ταύτης</span> <span class='ocrx_word' id='word_1_711' title='bbox 3071 4618 3163 4653; x_wconf 92' lang='grc' dir='ltr'><strong>σου</strong></span> <span class='ocrx_word' id='word_1_712' title='bbox 3184 4602 3283 4671; x_wconf 85' lang='grc' dir='ltr'>τῆς</span> <span class='ocrx_word' id='word_1_713' title='bbox 3316 4601 3577 4669; x_wconf 89' lang='grc' dir='ltr'>γλυκείας</span> <span class='ocrx_word' id='word_1_714' title='bbox 3610 4604 3825 4656; x_wconf 59' lang='grc' dir='ltr'>ὲπιστοι</span> 
     </span>
    </p>
   </div>
   <div class='ocr_carea' id='block_1_101' title="bbox 2247 4687 3824 4766">
    <p class='ocr_par' dir='ltr' id='par_1_101' title="bbox 2247 4687 3824 4766">
     <span class='ocr_line' id='line_1_101' title="bbox 2247 4687 3824 4766; baseline -0.002 -18"><span class='ocrx_word' id='word_1_715' title='bbox 2247 4696 2344 4765; x_wconf 82' lang='grc' dir='ltr'>λῆς</span> <span class='ocrx_word' id='word_1_716' title='bbox 2374 4695 2560 4764; x_wconf 84' lang='grc' dir='ltr'>σαφῶς</span> <span class='ocrx_word' id='word_1_717' title='bbox 2588 4694 2953 4764; x_wconf 78' lang='grc' dir='ltr'>ἐπεπείσμην.</span> <span class='ocrx_word' id='word_1_718' title='bbox 2986 4691 3093 4746; x_wconf 80' lang='grc' dir='ltr'><strong>Τοῦ</strong></span> <span class='ocrx_word' id='word_1_719' title='bbox 3124 4687 3329 4756; x_wconf 66' lang='grc' dir='ltr'>πάθους</span> <span class='ocrx_word' id='word_1_720' title='bbox 3355 4693 3463 4763; x_wconf 82' lang='grc' dir='ltr'><strong>γὰρ</strong></span> <span class='ocrx_word' id='word_1_721' title='bbox 3502 4694 3567 4747; x_wconf 86' lang='grc' dir='ltr'>τὸ</span> <span class='ocrx_word' id='word_1_722' title='bbox 3597 4712 3824 4766; x_wconf 77' lang='grc' dir='ltr'>περιφα-</span> 
     </span>
    </p>
   </div>
   <div class='ocr_carea' id='block_1_102' title="bbox 2247 4785 3817 4857">
    <p class='ocr_par' dir='ltr' id='par_1_102' title="bbox 2247 4785 3817 4857">
     <span class='ocr_line' id='line_1_102' title="bbox 2247 4785 3817 4857; baseline -0.001 -16"><span class='ocrx_word' id='word_1_723' title='bbox 2247 4789 2353 4850; x_wconf 82' lang='grc' dir='ltr'>νὲς,</span> <span class='ocrx_word' id='word_1_724' title='bbox 2402 4788 2522 4840; x_wconf 79' lang='grc' dir='ltr'>οὐδὲ</span> <span class='ocrx_word' id='word_1_725' title='bbox 2582 4786 2764 4841; x_wconf 86' lang='grc' dir='ltr'>λαθεῖν</span> <span class='ocrx_word' id='word_1_726' title='bbox 2814 4785 3112 4857; x_wconf 78' lang='grc' dir='ltr'>δυνηθῆναι</span> <span class='ocrx_word' id='word_1_727' title='bbox 3162 4788 3437 4857; x_wconf 83' lang='grc' dir='ltr'>συγχωρεῖ</span> <span class='ocrx_word' id='word_1_728' title='bbox 3482 4786 3817 4856; x_wconf 81' lang='grc' dir='ltr'>βουληθέντι.</span> 
     </span>
    </p>
   </div>
   <div class='ocr_carea' id='block_1_103' title="bbox 2248 4876 3819 4949">
    <p class='ocr_par' dir='ltr' id='par_1_103' title="bbox 2248 4876 3819 4949">
     <span class='ocr_line' id='line_1_103' title="bbox 2248 4876 3819 4949; baseline -0.003 -15"><span class='ocrx_word' id='word_1_729' title='bbox 2248 4882 2434 4942; x_wconf 82' lang='grc' dir='ltr'>Ὅπως</span> <span class='ocrx_word' id='word_1_730' title='bbox 2464 4880 2520 4932; x_wconf 82' lang='grc' dir='ltr'><strong>δέ</strong></span> <span class='ocrx_word' id='word_1_731' title='bbox 2552 4896 2610 4932; x_wconf 90' lang='grc' dir='ltr'><strong>σε</strong></span> <span class='ocrx_word' id='word_1_732' title='bbox 2632 4879 2694 4931; x_wconf 82' lang='grc' dir='ltr'>τὸ</span> <span class='ocrx_word' id='word_1_733' title='bbox 2724 4878 2853 4948; x_wconf 71' lang='grc' dir='ltr'>περὶ</span> <span class='ocrx_word' id='word_1_734' title='bbox 2875 4877 2974 4949; x_wconf 81' lang='grc' dir='ltr'>τὴν</span> <span class='ocrx_word' id='word_1_735' title='bbox 2996 4878 3176 4946; x_wconf 86' lang='grc' dir='ltr'>φιλίαν</span> <span class='ocrx_word' id='word_1_736' title='bbox 3204 4877 3399 4939; x_wconf 75' lang='grc' dir='ltr'>δειλὸν.</span> <span class='ocrx_word' id='word_1_737' title='bbox 3433 4876 3550 4948; x_wconf 80' lang='grc' dir='ltr'>ἅμα</span> <span class='ocrx_word' id='word_1_738' title='bbox 3593 4878 3697 4948; x_wconf 83' lang='grc' dir='ltr'>μὲν</span> <span class='ocrx_word' id='word_1_739' title='bbox 3741 4880 3819 4941; x_wconf 78' lang='grc' dir='ltr'><strong>είς</strong></span> 
     </span>
    </p>
   </div>
   <div class='ocr_carea' id='block_1_104' title="bbox 2244 4968 3822 5042">
    <p class='ocr_par' dir='ltr' id='par_1_104' title="bbox 2244 4968 3822 5042">
     <span class='ocr_line' id='line_1_104' title="bbox 2244 4968 3822 5042; baseline 0.001 -18"><span class='ocrx_word' id='word_1_740' title='bbox 2244 4971 2673 5040; x_wconf 85' lang='grc' dir='ltr'>δυστυχημάτων</span> <span class='ocrx_word' id='word_1_741' title='bbox 2728 4970 2944 5039; x_wconf 83' lang='grc' dir='ltr'>κλῆρον,</span> <span class='ocrx_word' id='word_1_742' title='bbox 3000 4969 3116 5039; x_wconf 70' lang='grc' dir='ltr'>ἅμα</span> <span class='ocrx_word' id='word_1_743' title='bbox 3163 4968 3219 5022; x_wconf 80' lang='grc' dir='ltr'>δὲ</span> <span class='ocrx_word' id='word_1_744' title='bbox 3266 4971 3347 5030; x_wconf 87' lang='grc' dir='ltr'><strong>είς</strong></span> <span class='ocrx_word' id='word_1_745' title='bbox 3377 4971 3541 5036; x_wconf 82' lang='grc' dir='ltr'>ἁγίαν</span> <span class='ocrx_word' id='word_1_746' title='bbox 3586 4971 3822 5042; x_wconf 81' lang='grc' dir='ltr'>μίμησιν</span> 
     </span>
    </p>
   </div>
   <div class='ocr_carea' id='block_1_105' title="bbox 2245 5059 3816 5134">
    <p class='ocr_par' dir='ltr' id='par_1_105' title="bbox 2245 5059 3816 5134">
     <span class='ocr_line' id='line_1_105' title="bbox 2245 5059 3816 5134; baseline 0.001 -19"><span class='ocrx_word' id='word_1_747' title='bbox 2245 5063 2529 5131; x_wconf 81' lang='grc' dir='ltr'>ἀναφέρει,</span> <span class='ocrx_word' id='word_1_748' title='bbox 2556 5059 2714 5113; x_wconf 82' lang='grc' dir='ltr'>τοῦτο</span> <span class='ocrx_word' id='word_1_749' title='bbox 2741 5060 3038 5130; x_wconf 80' lang='grc' dir='ltr'>συμὸαλεῖν</span> <span class='ocrx_word' id='word_1_750' title='bbox 3066 5060 3249 5113; x_wconf 78' lang='grc' dir='ltr'>οὐκέτι</span> <span class='ocrx_word' id='word_1_751' title='bbox 3274 5061 3500 5123; x_wconf 85' lang='grc' dir='ltr'>δυνατὸς</span> <span class='ocrx_word' id='word_1_752' title='bbox 3526 5064 3816 5134; x_wconf 72' lang='grc' dir='ltr'>ἐγενόμην.</span> 
     </span>
    </p>
   </div>
   <div class='ocr_carea' id='block_1_106' title="bbox 2245 5151 3820 5224">
    <p class='ocr_par' dir='ltr' id='par_1_106' title="bbox 2245 5151 3820 5224">
     <span class='ocr_line' id='line_1_106' title="bbox 2245 5151 3820 5224; baseline -0.004 -17"><span class='ocrx_word' id='word_1_753' title='bbox 2245 5154 2404 5223; x_wconf 84' lang='grc' dir='ltr'>Οίμοι</span> <span class='ocrx_word' id='word_1_754' title='bbox 2452 5152 2719 5222; x_wconf 82' lang='grc' dir='ltr'>δυστυχὴς</span> <span class='ocrx_word' id='word_1_755' title='bbox 2778 5151 2909 5221; x_wconf 77' lang='grc' dir='ltr'>ἐγὼ,</span> <span class='ocrx_word' id='word_1_756' title='bbox 2937 5152 3017 5204; x_wconf 78' lang='grc' dir='ltr'><strong>διδ</strong></span> <span class='ocrx_word' id='word_1_757' title='bbox 3063 5152 3323 5224; x_wconf 70' lang='grc' dir='ltr'>καὶπερὶ</span> <span class='ocrx_word' id='word_1_758' title='bbox 3370 5152 3555 5221; x_wconf 84' lang='grc' dir='ltr'>φιλίαν</span> <span class='ocrx_word' id='word_1_759' title='bbox 3610 5154 3820 5216; x_wconf 77' lang='grc' dir='ltr'>δειλός·</span> 
     </span>
    </p>
   </div>
   <div class='ocr_carea' id='block_1_107' title="bbox 2243 5242 3821 5314">
    <p class='ocr_par' dir='ltr' id='par_1_107' title="bbox 2243 5242 3821 5314">
     <span class='ocr_line' id='line_1_107' title="bbox 2243 5242 3821 5314; baseline -0.001 -16"><span class='ocrx_word' id='word_1_760' title='bbox 2243 5244 2381 5298; x_wconf 85' lang='grc' dir='ltr'>ἀλλὰ</span> <span class='ocrx_word' id='word_1_761' title='bbox 2407 5244 2627 5297; x_wconf 75' lang='grc' dir='ltr'>καὶτῶν</span> <span class='ocrx_word' id='word_1_762' title='bbox 2649 5244 2817 5311; x_wconf 85' lang='grc' dir='ltr'>ἁγίων</span> <span class='ocrx_word' id='word_1_763' title='bbox 2844 5244 3064 5311; x_wconf 84' lang='grc' dir='ltr'>σύμπας</span> <span class='ocrx_word' id='word_1_764' title='bbox 3107 5246 3135 5297; x_wconf 93' lang='lat'><strong>6</strong></span> <span class='ocrx_word' id='word_1_765' title='bbox 3175 5244 3353 5314; x_wconf 84' lang='grc' dir='ltr'>χορὸς,</span> <span class='ocrx_word' id='word_1_766' title='bbox 3389 5244 3484 5295; x_wconf 77' lang='grc' dir='ltr'>καὶ</span> <span class='ocrx_word' id='word_1_767' title='bbox 3528 5242 3704 5296; x_wconf 84' lang='grc' dir='ltr'>δειλία</span> <span class='ocrx_word' id='word_1_768' title='bbox 3735 5245 3821 5313; x_wconf 78' lang='grc' dir='ltr'><strong>ἄρ’</strong></span> 
     </span>
    </p>
   </div>
   <div class='ocr_carea' id='block_1_108' title="bbox 2243 5332 3820 5405">
    <p class='ocr_par' dir='ltr' id='par_1_108' title="bbox 2243 5332 3820 5405">
     <span class='ocr_line' id='line_1_108' title="bbox 2243 5332 3820 5405; baseline -0.004 -16"><span class='ocrx_word' id='word_1_769' title='bbox 2243 5340 2304 5390; x_wconf 85' lang='grc' dir='ltr'>οὑ</span> <span class='ocrx_word' id='word_1_770' title='bbox 2340 5336 2568 5405; x_wconf 82' lang='grc' dir='ltr'>γλυκεῖα</span> <span class='ocrx_word' id='word_1_771' title='bbox 2591 5333 2766 5386; x_wconf 83' lang='grc' dir='ltr'>ταῦτα</span> <span class='ocrx_word' id='word_1_772' title='bbox 2794 5333 2987 5403; x_wconf 77' lang='grc' dir='ltr'>ἡδονῆς</span> <span class='ocrx_word' id='word_1_773' title='bbox 3038 5332 3223 5395; x_wconf 78' lang='grc' dir='ltr'>στάζει</span> <span class='ocrx_word' id='word_1_774' title='bbox 3249 5374 3265 5397; x_wconf 93' lang='grc'><strong>,</strong></span> <span class='ocrx_word' id='word_1_775' title='bbox 3310 5333 3403 5386; x_wconf 70' lang='grc' dir='ltr'><strong>καὶ</strong></span> <span class='ocrx_word' id='word_1_776' title='bbox 3438 5332 3688 5396; x_wconf 83' lang='grc' dir='ltr'>οὐδενὸς,</span> <span class='ocrx_word' id='word_1_777' title='bbox 3721 5333 3820 5383; x_wconf 79' lang='grc' dir='ltr'>ὅσα</span> 
     </span>
    </p>
   </div>
   <div class='ocr_carea' id='block_1_109' title="bbox 2242 5424 3817 5499">
    <p class='ocr_par' dir='ltr' id='par_1_109' title="bbox 2242 5424 3817 5499">
     <span class='ocr_line' id='line_1_109' title="bbox 2242 5424 3817 5499; baseline -0.005 -15"><span class='ocrx_word' id='word_1_778' title='bbox 2242 5431 2451 5499; x_wconf 83' lang='grc' dir='ltr'>πέφυκε</span> <span class='ocrx_word' id='word_1_779' title='bbox 2481 5427 2560 5498; x_wconf 83' lang='grc' dir='ltr'>τῷ</span> <span class='ocrx_word' id='word_1_780' title='bbox 2590 5424 2940 5497; x_wconf 74' lang='grc' dir='ltr'>ἁνακολοὺθῳ</span> <span class='ocrx_word' id='word_1_781' title='bbox 2970 5424 3213 5495; x_wconf 82' lang='grc' dir='ltr'>τέρπειν,</span> <span class='ocrx_word' id='word_1_782' title='bbox 3255 5426 3336 5486; x_wconf 90' lang='grc' dir='ltr'><strong>εἰς</strong></span> <span class='ocrx_word' id='word_1_783' title='bbox 3383 5424 3543 5492; x_wconf 81' lang='grc' dir='ltr'>χάριν</span> <span class='ocrx_word' id='word_1_784' title='bbox 3587 5424 3817 5476; x_wconf 71' lang='grc' dir='ltr'>ἐλάττω.</span> 
     </span>
    </p>
   </div>
   <div class='ocr_carea' id='block_1_110' title="bbox 2240 5516 3817 5592">
    <p class='ocr_par' dir='ltr' id='par_1_110' title="bbox 2240 5516 3817 5592">
     <span class='ocr_line' id='line_1_110' title="bbox 2240 5516 3817 5592; baseline -0.007 -16"><span class='ocrx_word' id='word_1_785' title='bbox 2240 5524 2303 5575; x_wconf 83' lang='grc' dir='ltr'><strong>Εἰ</strong></span> <span class='ocrx_word' id='word_1_786' title='bbox 2331 5524 2429 5592; x_wconf 83' lang='grc' dir='ltr'>μὲν</span> <span class='ocrx_word' id='word_1_787' title='bbox 2456 5522 2565 5592; x_wconf 79' lang='grc' dir='ltr'>γὰρ</span> <span class='ocrx_word' id='word_1_788' title='bbox 2593 5520 2898 5588; x_wconf 87' lang='grc' dir='ltr'>δυστυχεῖς,</span> <span class='ocrx_word' id='word_1_789' title='bbox 2937 5518 3100 5571; x_wconf 84' lang='grc' dir='ltr'>πόθεν</span> <span class='ocrx_word' id='word_1_790' title='bbox 3134 5535 3217 5570; x_wconf 86' lang='grc' dir='ltr'><strong>σοι</strong></span> <span class='ocrx_word' id='word_1_791' title='bbox 3246 5517 3354 5570; x_wconf 83' lang='grc' dir='ltr'><strong>τῶν</strong></span> <span class='ocrx_word' id='word_1_792' title='bbox 3380 5516 3551 5584; x_wconf 85' lang='grc' dir='ltr'>ἁγίων</span> <span class='ocrx_word' id='word_1_793' title='bbox 3581 5517 3615 5585; x_wconf 77' lang='grc' dir='ltr'><strong>ἡ</strong></span> <span class='ocrx_word' id='word_1_794' title='bbox 3644 5516 3817 5585; x_wconf 80' lang='grc' dir='ltr'>μίμη-</span> 
     </span>
    </p>
   </div>
   <div class='ocr_carea' id='block_1_111' title="bbox 2242 5606 3814 5682">
    <p class='ocr_par' dir='ltr' id='par_1_111' title="bbox 2242 5606 3814 5682">
     <span class='ocr_line' id='line_1_111' title="bbox 2242 5606 3814 5682; baseline -0.007 -13"><span class='ocrx_word' id='word_1_795' title='bbox 2242 5634 2357 5682; x_wconf 83' lang='grc' dir='ltr'>σις;</span> <span class='ocrx_word' id='word_1_796' title='bbox 2394 5616 2457 5670; x_wconf 81' lang='grc' dir='ltr'><strong>Εἰ</strong></span> <span class='ocrx_word' id='word_1_797' title='bbox 2483 5614 2526 5667; x_wconf 87' lang='grc' dir='ltr'>δ’</span> <span class='ocrx_word' id='word_1_798' title='bbox 2550 5616 2634 5680; x_wconf 76' lang='grc' dir='ltr'><strong>ἐφ’</strong></span> <span class='ocrx_word' id='word_1_799' title='bbox 2665 5606 2746 5675; x_wconf 76' lang='grc' dir='ltr'>οἷς</span> <span class='ocrx_word' id='word_1_800' title='bbox 2777 5612 2978 5682; x_wconf 80' lang='grc' dir='ltr'>δειλιᾷς</span> <span class='ocrx_word' id='word_1_801' title='bbox 3009 5611 3105 5664; x_wconf 75' lang='grc' dir='ltr'><strong>καὶ</strong></span> <span class='ocrx_word' id='word_1_802' title='bbox 3134 5611 3380 5681; x_wconf 84' lang='grc' dir='ltr'>τρέμεις,</span> <span class='ocrx_word' id='word_1_803' title='bbox 3429 5608 3603 5675; x_wconf 84' lang='grc' dir='ltr'>ἁγίων</span> <span class='ocrx_word' id='word_1_804' title='bbox 3639 5625 3697 5659; x_wconf 88' lang='grc' dir='ltr'><strong>σε</strong></span> <span class='ocrx_word' id='word_1_805' title='bbox 3726 5625 3814 5674; x_wconf 77' lang='grc' dir='ltr'>χο-</span> 
     </span>
    </p>
   </div>
   <div class='ocr_carea' id='block_1_112' title="bbox 2242 5698 3812 5774">
    <p class='ocr_par' dir='ltr' id='par_1_112' title="bbox 2242 5698 3812 5774">
     <span class='ocr_line' id='line_1_112' title="bbox 2242 5698 3812 5774; baseline -0.004 -19"><span class='ocrx_word' id='word_1_806' title='bbox 2242 5703 2333 5774; x_wconf 82' lang='grc' dir='ltr'>ρὸς</span> <span class='ocrx_word' id='word_1_807' title='bbox 2358 5700 2493 5770; x_wconf 80' lang='grc' dir='ltr'>ἔχει,</span> <span class='ocrx_word' id='word_1_808' title='bbox 2527 5699 2631 5752; x_wconf 79' lang='grc' dir='ltr'>ποῦ</span> <span class='ocrx_word' id='word_1_809' title='bbox 2664 5716 2758 5751; x_wconf 91' lang='grc' dir='ltr'><strong>σου</strong></span> <span class='ocrx_word' id='word_1_810' title='bbox 2787 5700 2855 5752; x_wconf 79' lang='grc' dir='ltr'>τὰ</span> <span class='ocrx_word' id='word_1_811' title='bbox 2895 5702 2951 5751; x_wconf 78' lang='grc' dir='ltr'>ὲν</span> <span class='ocrx_word' id='word_1_812' title='bbox 2975 5701 3086 5751; x_wconf 77' lang='grc' dir='ltr'>ἔθει</span> <span class='ocrx_word' id='word_1_813' title='bbox 3123 5698 3555 5768; x_wconf 72' lang='grc' dir='ltr'>δυστυχήματα;</span> <span class='ocrx_word' id='word_1_814' title='bbox 3606 5698 3717 5749; x_wconf 71' lang='grc' dir='ltr'><strong>Καὶ</strong></span> <span class='ocrx_word' id='word_1_815' title='bbox 3765 5699 3812 5749; x_wconf 81' lang='grc' dir='ltr'>εἰ</span> 
     </span>
    </p>
   </div>
   <div class='ocr_carea' id='block_1_113' title="bbox 2237 5785 3808 5860">
    <p class='ocr_par' dir='ltr' id='par_1_113' title="bbox 2237 5785 3808 5860">
     <span class='ocr_line' id='line_1_113' title="bbox 2237 5785 3808 5860; baseline -0.005 -13"><span class='ocrx_word' id='word_1_816' title='bbox 2237 5793 2395 5847; x_wconf 75' lang='grc' dir='ltr'>τοῦτο</span> <span class='ocrx_word' id='word_1_817' title='bbox 2424 5789 2837 5860; x_wconf 78' lang='grc' dir='ltr'>δυστυχήματος</span> <span class='ocrx_word' id='word_1_818' title='bbox 2858 5828 2872 5853; x_wconf 89' lang='grc'><strong>,</strong></span> <span class='ocrx_word' id='word_1_819' title='bbox 2902 5790 2954 5842; x_wconf 85' lang='grc' dir='ltr'><strong>τί</strong></span> <span class='ocrx_word' id='word_1_820' title='bbox 2999 5789 3065 5842; x_wconf 83' lang='grc' dir='ltr'>ἂν</span> <span class='ocrx_word' id='word_1_821' title='bbox 3098 5790 3184 5859; x_wconf 73' lang='grc' dir='ltr'><strong>εἴη</strong></span> <span class='ocrx_word' id='word_1_822' title='bbox 3212 5790 3273 5842; x_wconf 81' lang='grc' dir='ltr'>τὸ</span> <span class='ocrx_word' id='word_1_823' title='bbox 3304 5789 3627 5859; x_wconf 54' lang='lat' dir='ltr'><strong>abrumpe;</strong></span> <span class='ocrx_word' id='word_1_824' title='bbox 3664 5785 3808 5839; x_wconf 68' lang='grc' dir='ltr'>Παῦε-</span> 
     </span>
    </p>
   </div>
  </div>
