4080 6420
283 396 378 460 909

1417 403 1885 468 EPISTOLARU
1894 403 1950 462 M
1995 405 2225 466 LIBER
2260 407 2346 468 II.

3404 405 3511 469 910

277 509 380 575 λος,
407 509 590 580 φησὶν,
621 514 650 565 δ
679 513 881 585 πτηνὸς
928 518 1020 570 καὶ
1059 520 1351 590 μετάρσιος
1382 524 1665 593 ἄνθρωπος
1687 538 1702 552 ·
1741 525 1810 578 lli

1914 523 2066 580 .dior
2121 523 2392 594 trepidas,
2443 537 2750 580 sanetorum
2798 540 3116 580 accenseare
3173 525 3380 591 choris,
3417 527 3509 581 ubi

275 617 391 670 τρος
415 601 496 668 ἐφ’
518 594 563 669 ᾧ
589 603 656 655 τὰ
679 604 776 674 τῆς
800 605 1038 672 πίστεως
1073 613 1248 664 κεῖται
1299 612 1522 683 θεμέλια
1545 631 1558 646 ο
1588 615 1696 668 τῶν
1737 617 1831 672 ἄλ-

275 691 374 744 λων
404 691 654 746 ἁπάντων
680 694 847 762 ἁγίων
899 698 932 767 ή
964 698 1171 768 πληθὺς
1228 703 1577 774 παράδειγμά
1612 723 1700 774 μοι
1735 707 1834 775 τῆς

272 781 462 844 δειλίας
501 783 922 856 καθεστήκασιν.
961 790 1120 844 Ἀλλὰ
1167 794 1268 862 φεῦ
1302 795 1410 848 τῶν
1437 797 1584 866 ἐμῶν
1622 800 1829 862 κακῶν,

272 871 549 936 τοσούτους
580 874 719 944 ἔχων
775 879 1064 941 εἱκονίζειν
1117 884 1196 945 είς
1250 885 1374 936 ὅσον
1429 886 1699 958 δυστυχῶ.
1734 889 1832 941 Διὰ

270 966 420 1020 τοῦτο
445 969 553 1039 γὰρ
595 970 842 1044 καὶπερὶ
879 967 954 1027 ὧν
979 977 1079 1028 οὐκ
1110 977 1290 1031 ἴσασιν
1325 979 1474 1034 ἄλλοι
1497 981 1592 1050 τὴν
1628 982 1830 1036 δειλίαν

268 1064 372 1132 ἐγὼ
391 1066 590 1120 δειλιῶ.
615 1063 744 1141 'Ap’
773 1073 826 1125 εῖ
851 1090 934 1137 τις
959 1075 1207 1144 γρίφους,
1231 1076 1264 1146 ἢ
1287 1077 1355 1130 τὰ
1391 1079 1626 1148 Σφιγγὸς
1651 1081 1828 1149 αἰνίγ-

269 1175 409 1226 ματα
430 1159 542 1228 βίον
569 1155 714 1230 εἶχεν
745 1165 1120 1235 ἐκμιμεῖσθαι,
1152 1168 1373 1236 ἄμεινον
1401 1169 1468 1223 ἂν
1487 1210 1501 1234 ,
1537 1171 1569 1241 ἢ
1598 1173 1626 1224 ὁ
1659 1171 1828 1226 ταῦτα

265 1247 428 1315 λέγων
456 1251 742 1322 ἀπηλλάγη
772 1255 871 1324 τῆς
921 1257 1233 1321 ἐπιδείξεως
1266 1276 1280 1325 ;
1317 1259 1544 1324 Παῦλον,
1577 1255 1622 1315 ὦ
1657 1263 1827 1333 βέλτι-

266 1356 370 1404 στε,
394 1340 488 1393 καὶ
525 1344 650 1406 τοὺς
695 1348 816 1397 κατ’
855 1347 1037 1410 αὐτὸν,
1069 1349 1098 1400 ὁ
1123 1351 1266 1421 ἱερὸς
1305 1353 1495 1420 φόϐος,
1523 1354 1582 1417 ὃς
1625 1355 1826 1425 ἀρετῆς

263 1431 477 1500 ἁπάσης
503 1475 518 1496 ,
554 1434 630 1497 ὡς
662 1435 758 1488 καὶ
790 1438 1148 1508 συγγράφεις,
1213 1444 1418 1512 κρηπὶς
1464 1443 1821 1514 ὑπεϐἐϐλητο,

262 1524 334 1581 εἰς
355 1523 480 1578 τοὺς
503 1527 906 1596 ἀμαραντίνους
939 1530 1143 1598 ἀπάγει
1169 1534 1466 1601 στεφάνους
1488 1551 1502 1565 ·
1527 1535 1590 1588 σὺ
1612 1536 1689 1598 δὲ,
1725 1538 1824 1591 οὐκ

259 1611 369 1668 οἶδα
396 1615 451 1668 δὲ
483 1617 652 1680 ὅπως,
689 1619 764 1682 ὡς
795 1621 892 1690 μὲν
909 1623 1121 1687 Παῦλος
1151 1625 1312 1696 φοϐῇ,
1332 1626 1408 1689 ὡς
1424 1627 1467 1679 δ’
1510 1627 1819 1692 Ὀδυσσεὺς,

259 1706 290 1774 ἢ
323 1707 375 1758 εί
397 1723 483 1769 τις
511 1708 668 1772 ἄλλος
695 1709 1139 1784 δυστυχέστερος,
1164 1717 1242 1778 είς
1286 1717 1350 1770 τά
1396 1717 1599 1788 συνήθη
1624 1719 1821 1772 δυστυ-

256 1798 474 1867 χήματα
495 1800 587 1852 τὸν
612 1801 775 1868 φόϐον
795 1804 1074 1867 άνάπτεις.
1106 1807 1216 1858 Kal
1241 1807 1358 1860 δέον
1396 1809 1492 1879 μὲν
1534 1811 1608 1880 μὴ
1642 1811 1822 1881 παρά-

255 1887 449 1957 δειγμα
471 1891 715 1960 νομίζειν
735 1894 826 1947 τὸν
852 1894 996 1950 θεῖον
1031 1898 1241 1952 Παῦλον
1262 1898 1364 1969 τῆς
1399 1901 1652 1972 τοιαύτης
1673 1902 1816 1956 διδα-

255 1978 478 2065 σκαλίας
525 1982 794 2052 νομίζειςο
846 1985 962 2040 δέον
993 1987 1070 2054 δὲ,
1125 1989 1282 2060 εῖπερ
1310 1991 1518 2045 ἐκείνου
1575 1995 1818 2065 μιμητὴς

251 2064 410 2138 ἦσθα,
442 2073 680 2144 χαίρειν,
730 2077 824 2130 καὶ
854 2078 991 2147 πρὸς
1013 2081 1139 2142 τοὺς
1170 2082 1466 2150 στεφάνους
1490 2064 1816 2155 ἐπιστρέφε-

251 2161 395 2225 σθαι,
418 2163 636 2236 θρηνεῖς
685 2169 778 2221 καὶ
801 2169 967 2242 ὀδύρῃ
1012 2171 1111 2241 τὴν
1159 2171 1468 2244 δυστυχίαν.
1527 2176 1707 2229 Δειλία
1756 2195 1816 2230 σε

253 2255 469 2325 στροϐεῖ
487 2259 886 2329 προσλαϐοῦσα.
915 2263 979 2315 Τί
1009 2279 1088 2316 σοι
1107 2265 1198 2317 καὶ
1218 2265 1413 2336 Παύλῳ
1437 2269 1646 2336 κοινόν;
1679 2270 1817 2339 μέμ-

253 2365 351 2417 φου
383 2352 609 2405 σεαυτόν
628 2369 644 2383 ο
677 2353 898 2425 ἔκστηθι
933 2355 1026 2407 τοῦ
1067 2358 1272 2422 πάθους
1295 2375 1310 2390 ο
1337 2358 1472 2413 ἀλλὰ
1499 2360 1708 2425 Παῦλός
1734 2379 1814 2415 σοι

247 2438 568 2505 διδάσκαλος
592 2443 816 2514 ταύτης.
851 2447 1024 2517 Χαῖρε
1074 2451 1140 2518 τῇ
1181 2450 1442 2519 μιμήσει,
1479 2449 1586 2504 τῶν
1637 2451 1815 2505 ἄθλων

245 2531 580 2601 εὐφραίνου·
615 2536 749 2591 ἀλλὰ
807 2537 882 2609 μὴ
926 2540 1288 2606 ἀκκιζόμενος
1334 2543 1428 2596 καὶ
1475 2543 1815 2614 ὑποκορίζων

240 2623 340 2694 τὴν
365 2624 683 2696 δυστυχίαν,
716 2628 893 2700 φύρῃς
941 2630 1118 2684 πάντα
1160 2632 1253 2685 καλ⁵
1304 2633 1572 2704 συγχέῃς·
1614 2634 1707 2687 καὶ¹
1747 2637 1811 2706 τῇ

236 2715 350 2771 τῶν
377 2717 641 2788 ῥημάτων
663 2721 937 2792 κοινωνίᾳ,
956 2721 1024 2775 τὰ
1047 2722 1294 2777 πλεῖστον
1323 2725 1566 2797 ἀλλήλων
1589 2725 1812 2780 διεστῶ-

237 2827 309 2866 τα
338 2813 422 2874 εἰς
447 2813 549 2883 τὴν
571 2813 741 2885 αὐτὴν
761 2813 922 2883 φύσιν
945 2815 1106 2889 βιάζῃ
1129 2819 1421 2872 συνάπτειν
1451 2837 1466 2852 ·
1488 2821 1563 2884 ὼς
1596 2821 1661 2874 ἂν
1682 2821 1814 2875 καλ-

239 2902 538 2966 λωπίζοιτό
599 2923 714 2972 σου,
772 2907 865 2960 καὶ
923 2909 1332 2981 εὐπρόσωποςὴ
1363 2911 1534 2966 δειλία
1565 2913 1712 2985 δόξῃ.
1747 2913 1812 2966 Τί

239 2995 350 3066 γὰρ
380 2995 495 3064 ἔχει
529 2999 706 3051 κοινὸν
739 2999 902 3066 φόϐος
933 2999 1133 3064 ἔνθεος,
1167 3003 1259 3054 καὶ
1298 3003 1469 3056 δειλία
1515 3005 1812 3077 ὑϐρίζουσα

238 3087 318 3150 είς
353 3086 572 3156 φιλίαν;
603 3090 635 3161 ἢ
669 3091 1099 3163 δυστυχημάτων
1146 3094 1328 3160 ὄγκος,
1362 3095 1456 3148 καὶ
1493 3095 1649 3163 λόγος
1681 3114 1812 3150 κατ-

1939 615 2227 671 infelicitas
2257 626 2363 672 tua:
2400 617 2523 672 vitae
2551 618 2800 673 consistit
2827 619 2850 672 ?
2887 617 2982 672 Sin
3015 619 3155 673 hanc
3183 618 3508 673 adnumeres

1936 709 2329 777 infelicitatem,
2383 713 2514 782 quid
2573 721 2677 777 est,
2735 712 2879 782 quod
2930 726 3093 766 voces
3147 710 3509 766 felicitatem?

1933 800 2150 868 Paulus,
2181 803 2283 865 ais,
2347 804 2435 858 ille
2469 804 2690 859 volucer
2727 812 2780 859 et
2803 803 2857 857 in
2886 802 3103 858 sublimi
3145 810 3330 872 raptus
3361 819 3377 868 ;
3410 801 3508 856 Pe-

1931 899 2070 956 trus,
2104 893 2158 946 in
2193 909 2301 963 quo
2333 894 2570 964 reposita
2603 903 2732 948 sunt
2765 893 2889 948 ﬁdei
2915 893 3264 947 fundamenta
3298 909 3312 959 ;
3341 900 3509 947 (πίειρ-

1930 995 2114 1034 rorum
2165 991 2476 1036 sanctorum
2541 984 2797 1038 universa
2852 982 3140 1038 multitudo
3189 998 3324 1036 meae
3379 991 3509 1038 sunt

1930 1084 2246 1143 argumenta
2298 1076 2650 1131 timiditatis:
2698 1077 2837 1131 eheu
2891 1092 3011 1130 mea
3073 1077 3232 1142 mala,
3275 1075 3366 1144 qui
3425 1083 3507 1128 tot

1927 1166 2060 1220 mihi
2122 1182 2340 1237 possum
2376 1169 2637 1240 imagines
2671 1178 3058 1240 reprarsentarc
3078 1184 3213 1224 mete
3270 1167 3504 1222 infelici-

1929 1259 2072 1314 tatis.
2131 1261 2423 1316 Enimvero
2482 1263 2676 1317 timore
2727 1263 2890 1317 timeo
2927 1263 2982 1316 in
3016 1262 3179 1316 rebus
3229 1275 3362 1328 quas
3410 1258 3500 1314 alii

1928 1366 2036 1404 non
2063 1351 2303 1421 capiunt.
2329 1352 2529 1419 Quidni
2583 1353 2674 1423 qui
2702 1353 2945 1424 griphos,
2970 1362 3064 1406 aut
3091 1351 3349 1422 Sphingis
3366 1350 3503 1404 teni-

1925 1453 2122 1514 gmata,
2151 1444 2316 1500 vitam
2338 1446 2552 1501 vitalem
2579 1446 2774 1501 imitari
2801 1453 3018 1510 statuat,
3044 1445 3212 1500 satius
3233 1454 3287 1499 et
3308 1444 3502 1498 melius

1925 1549 1953 1586 a
1987 1533 2350 1590 declaratione
2394 1551 2582 1591 eorum
2613 1546 3009 1603 semoveretur,
3037 1551 3198 1606 quam
3233 1535 3325 1603 qui
3384 1534 3502 1588 haec

1924 1627 2289 1694 pronuntiat?
2315 1628 2548 1685 Sanctus
2581 1631 2764 1694 timor,
2798 1631 2890 1700 qui
2919 1630 3137 1684 virtutis
3187 1628 3498 1698 cujuslibet,

1925 1727 1984 1771 ut
2014 1726 2072 1772 tu
2101 1721 2444 1788 pronuntias,
2475 1721 2680 1776 fundus
2703 1729 2806 1787 est,
2849 1720 3077 1775 Paulum
3110 1732 3165 1776 et
3219 1721 3501 1776 consocios

1923 1807 2044 1876 ejus
2065 1809 2132 1862 ad
2172 1809 2650 1865 immarcescibiles
2694 1825 2924 1865 coronas
2954 1809 3082 1863 hinc
3121 1809 3362 1863 abduxit.
3415 1807 3501 1864 Tu

1925 1909 2129 1966 autem,
2171 1903 2358 1958 nescio
2389 1903 2684 1972 quomodo,
2736 1912 2797 1956 ut
2829 1902 3030 1957 Paulus
3062 1901 3326 1972 quispiam
3380 1917 3498 1957 me-

1925 1989 2032 2043 tuis
2063 2006 2078 2055 ;
2109 1999 2170 2044 ut
2219 1990 2438 2062 Ulysses
2479 1993 2694 2061 aliquis,
2727 1992 2807 2046 vel
2836 1993 2974 2047 alius
3016 2007 3080 2046 eo
3125 1991 3394 2046 infelicior
3440 1992 3497 2046 in

1923 2091 2213 2136 consuetas
2274 2082 2620 2138 infelicitates
2685 2084 2938 2140 timorem
2992 2086 3183 2142 refers.
3233 2082 3498 2139 Arbitrari

1922 2181 2104 2226 autem
2155 2173 2379 2246 minime
2411 2173 2576 2229 debes
2630 2189 2751 2229 esse
2797 2190 3115 2246 congruum,
3166 2185 3225 2231 ut
3277 2187 3496 2232 sanctus

1922 2262 2121 2319 Paulus
2148 2265 2202 2318 in
2228 2266 2531 2334 exemplum
2554 2266 2678 2332 talis
2696 2266 2908 2321 timoris
2927 2267 3258 2336 producatur
3280 2268 3492 2323 doctor.

1921 2356 2027 2412 Par
2057 2369 2240 2412 autem
2269 2358 2390 2425 fuit,
2432 2359 2477 2414 si
2511 2359 2725 2429 quidem
2756 2368 2811 2414 tu
2836 2359 2984 2414 illum
3019 2361 3237 2415 volebas
3267 2361 3487 2427 imitari,

1921 2451 2114 2522 gaudio
2145 2461 2202 2505 ut
2232 2451 2542 2518 aiﬁcereris,
2567 2466 2861 2506 conversus
2885 2452 2951 2506 ad
2974 2467 3299 2506 coronarum
3331 2453 3492 2507 intui-

1922 2553 2059 2608 tum,
2099 2557 2444 2613 nequaquam
2487 2543 2770 2613 plangeres
2797 2541 3207 2609 infelicitatem;
3267 2545 3491 2614 pusilla-

1919 2635 2138 2691 nimitas
2191 2644 2242 2690 te
2288 2623 2565 2706 arreptum
2611 2645 2812 2690 versat.
2871 2635 3011 2699 Quid
3066 2645 3125 2690 tu
3163 2652 3286 2692 cum
3323 2637 3491 2693 Paulo

1919 2739 2208 2779 commune
2237 2725 2401 2779 habes
2429 2725 2452 2778 ?
2487 2723 2858 2793 Temetipsum
2888 2725 3100 2795 corripe
3126 2744 3142 2793 ;
3180 2741 3211 2780 a
3240 2727 3492 2797 passione

1917 2816 2134 2871 recede.
2170 2815 2299 2879 lmo,
2328 2816 2526 2886 inquis,
2549 2816 2638 2872 hic
2666 2816 2892 2871 Paulum
2912 2829 3243 2888 praeeuntem
3292 2820 3488 2876 habeo.

1918 2909 2126 2964 Laetare
2155 2918 2270 2963 tum
2294 2909 2362 2964 de
2385 2908 2686 2964 imitatione
2711 2927 2726 2976 ;
2757 2910 2825 2964 de
2851 2910 3237 2966 certaminibus
3265 2913 3371 2967 tuis
3397 2929 3492 2967 ex-

1920 3001 2059 3055 sulta
2082 3018 2098 3068 ;
2127 3001 2442 3070 neutiquam
2468 3016 2598 3056 vero
2624 3002 2960 3057 muliebriter
2987 3003 3180 3058 ludens
3206 3004 3491 3060 infelicita-

1918 3099 2026 3146 tem
2079 3100 2228 3145 tuam
2277 3091 2559 3162 palpitare,
2595 3092 2669 3146 ita
2711 3101 2771 3146 ut
2826 3093 3156 3162 permisceas
3197 3096 3378 3150 omnia
3435 3107 3492 3151 et

236 3180 607 3253 ορθωμάτων;
643 3184 769 3249 Ναὶ,
799 3183 993 3255 φησίν·
1030 3185 1168 3240 ἀλλὰ
1185 3185 1394 3250 Παῦλος
1428 3187 1546 3258 βοῷ
1585 3188 1805 3242 Φοϐοῦ-

1918 3183 2244 3248 confundas,
2290 3193 2384 3238 aut
2435 3199 2532 3254 per
2561 3185 2826 3239 sermonis
2858 3187 3320 3253 communionem,
3377 3188 3486 3252 illa,

235 3289 339 3342 μαι
364 3273 453 3342 μή
479 3289 602 3340 πως
621 3276 836 3343 ἄλλοις
855 3277 1140 3345 κηρύξας,
1165 3280 1346 3345 αὐτὸς
1394 3281 1680 3351 ἀδόκιμος
1715 3284 1812 3356 τέ-

237 3381 447 3433 νωμαι.
475 3367 585 3419 Καὶ
605 3366 658 3420 τί
679 3367 870 3432 τοῦτο;
907 3369 1110 3438 χωρὶς,
1148 3370 1330 3438 φασὶν,
1361 3371 1429 3422 τὰ
1468 3372 1670 3426 Μύσων
1715 3375 1811 3428 καὶ

233 3457 462 3527 Φρυγῶν
487 3459 765 3532 ὁρίσματα
784 3476 798 3489 ·
828 3461 950 3513 οὐδὲ
974 3461 1080 3533 γὰρ
1107 3461 1228 3514 οὐδὲ
1261 3464 1388 3534 περὶ
1411 3463 1510 3527 τὰς
1534 3467 1807 3520 Δεσποτι-

233 3550 334 3614 κὰς
369 3550 719 3620 ὑποσχέσεις,
747 3552 938 3623 ὥσπερ
970 3555 998 3605 ὁ
1031 3553 1298 3624 ἡμέτερος
1327 3554 1558 3620 Παῦλος,
1604 3556 1804 3626 ἄπαγε,

231 3639 443 3693 δειλιῶν
497 3642 785 3708 ἐφοϐεῖτο·
848 3643 956 3694 οὐδ’
1008 3644 1257 3712 ἀγωνιῶν
1308 3644 1404 3715 τὴν
1438 3646 1638 3712 φιλίαν,
1696 3649 1807 3701 οὐδ’

231 3728 461 3780 εὐλαϐού
472 3747 633 3798 μενος
658 3731 730 3800 μή
753 3747 838 3792 τις
867 3731 1033 3785 αὐτοῦ
1054 3733 1146 3786 τὸν
1176 3735 1474 3805 ύπέρτιμον
1501 3737 1803 3808 μάργαρον,

229 3819 292 3870 ἐκ
317 3822 650 3891 πειρατικῆς
687 3821 880 3893 τριϐῆς
910 3825 1002 3875 καὶ
1030 3823 1259 3894 μελέτης
1287 3826 1639 3896 ἀφαρπάσας,
1675 3827 1806 3898 ἐρη-

233 3927 331 3977 μον
361 3913 572 3974 παντὸς
596 3913 802 3985 ἀφήσῃ.
858 3915 938 3968 Τά
991 3915 1132 3985 σοφὰ
1163 3916 1332 3969 ταῦτα
1384 3919 1476 3971 καὶ
1504 3919 1677 3988 σεμνὰ
1705 3921 1806 3990 τῆς

230 4001 434 4067 δειλίας
461 4007 864 4075 προσχήματαν
899 4009 957 4058 ὲν
981 4007 1156 4061 οὐδενὶ
1177 4009 1384 4062 τούτων
1439 4013 1646 4074 ἐκεῖνος
1691 4012 1805 4066 ἑδε-

226 4091 361 4145 δίει·
390 4097 705 4148 τούναντίον
743 4097 819 4162 δὲ,
876 4099 1150 4163 πεποιθὼς
1183 4102 1284 4170 μὲν
1322 4098 1388 4173 ἦν
1421 4104 1513 4155 καὶ
1561 4103 1799 4176 θαρρῶν,

224 4183 280 4234 εί
300 4202 388 4249 τις
422 4186 672 4252 πώποτε,
712 4189 839 4257 περὶ
873 4190 972 4252 τὰς
1007 4189 1344 4259 θαυμασίους
1374 4195 1590 4257 ὲκείνας
1631 4198 1802 4264 ἑπαγ-

225 4276 442 4344 γελίας.
469 4278 704 4341 Βέϐαιος
736 4279 778 4331 δ’
821 4275 889 4348 ἦν
917 4280 1035 4343 ὅλος
1066 4283 1158 4335 καὶ
1185 4282 1440 4354 ἁδόνητος
1471 4287 1569 4355 τὴν
1600 4289 1804 4340 Δεσπο-

220 4373 380 4442 τικὴν
439 4373 626 4440 φιλίαν
647 4389 662 4403 ο
716 4373 895 4425 κοινὸν
927 4373 973 4426 δ’
1031 4373 1281 4426 ἐϐούλετο
1320 4376 1381 4428 τὸ
1410 4377 1612 4445 ἀγαθὸν
1637 4381 1800 4431 πᾶσιν

219 4463 555 4533 προκεῖσθαι
576 4477 589 4490 ·
629 4463 914 4527 Ἰουδαίους
946 4465 1080 4533 πρὸς
1105 4466 1390 4518 κοινωνίαν
1415 4467 1509 4519 τοῦ
1537 4469 1797 4540 θησαυρί-

1915 3291 2036 3345 qua:
2067 3274 2134 3328 ab
2167 3275 2399 3330 invicem
2431 3275 2618 3329 multis
2654 3277 3001 3345 disparantur
3031 3279 3362 3349 parasangis,
3393 3297 3490 3349 per

1911 3367 2019 3420 vim
2061 3367 2161 3420 sub
2213 3367 2402 3421 eadem
2434 3375 2626 3420 natura
2675 3368 3030 3438 compingas;
3085 3379 3143 3424 ut
3174 3379 3224 3424 te
3281 3373 3490 3427 excolat

1910 3465 1966 3512 et
2005 3457 2297 3528 gloriosum
2356 3457 2549 3511 reddat
2593 3457 2819 3527 pulchra
2863 3457 2998 3512 facie
3047 3459 3484 3528 pusillanimitas.

1910 3549 2049 3617 Quid
2090 3550 2234 3604 inter
2265 3564 2325 3603 se
2367 3564 2657 3603 commune
2701 3549 2904 3603 habent
2952 3549 3169 3604 divinus
3197 3552 3378 3616 timor,
3434 3564 3490 3607 et

1908 3639 2326 3711 pusillanimitas
2352 3653 2472 3708 quae
2490 3637 2719 3692 offendit
2740 3637 2796 3691 in
2831 3637 3124 3692 amicitiam
3153 3657 3167 3703 ;
3198 3639 3282 3694 vel
3316 3639 3488 3694 infor-

1908 3731 2189 3785 tuniorum
2235 3735 2550 3800 grav’amen,
2580 3744 2703 3782 cum
2751 3728 2961 3783 ratione
2994 3739 3140 3785 recte
3179 3729 3488 3786 factorum?

1905 3824 2142 3889 Quinita
2172 3821 2426 3887 aliirmas,
2461 3835 2648 3875 verum
2670 3835 2801 3874 voca
2834 3819 3082 3887 Paulum,
3109 3823 3268 3891 cujus
3303 3832 3430 3877 sunt
3464 3842 3479 3878 :

1911 3912 2094 3966 Vereor
2120 3928 2183 3964 ne
2235 3911 2359 3965 dum
2392 3910 2516 3963 aliis
2543 3925 2606 3980 pr
2625 3909 2808 3974 (edico,
2836 3911 2944 3979 ipse
2993 3912 3118 3980 ﬁam
3147 3913 3391 3981 reprobus
3416 3915 3480 3970 ¹¹.

1903 4005 2041 4072 Quid
2095 4005 2198 4059 hoc
2249 4004 2363 4057 vult
2392 4002 2539 4057 sibi?
2591 4000 2942 4072 Separantur,
2991 4003 3163 4066 aiunt,
3211 4004 3483 4076 Mysorum

1905 4097 2122 4152 termini
2154 4108 2318 4166 atque
2346 4095 2642 4167 Phrygum.
2674 4097 2864 4165 Neque
2899 4097 3042 4150 enim
3071 4097 3139 4152 de
3166 4098 3482 4167 promissio-

1900 4190 2062 4244 nibus
2102 4189 2411 4251 Dominicis,
2442 4198 2500 4242 ut
2547 4198 2732 4243 noster
2769 4189 2857 4242 ille
2897 4189 3113 4254 Paulus,
3163 4195 3480 4260 eXpavesci-

1900 4298 2058 4342 mus,
2087 4283 2239 4350 quasi
2289 4281 2377 4334 ille
2412 4296 2522 4349 pne
2572 4280 2764 4333 timore
2791 4280 3152 4354 desponderet
3196 4282 3477 4348 animum;

1898 4392 2007 4431 non
2054 4374 2120 4428 de
2147 4374 2382 4427 amicitia
2407 4373 2726 4442 angebatur,
2776 4387 2884 4424 non
2914 4373 3191 4426 metuebat
3247 4389 3318 4427 ne
3351 4377 3476 4443 quis

1900 4462 2332 4518 inrestimabilem
2365 4462 2730 4532 margaritam.
2768 4461 2993 4530 piratica
3017 4461 3246 4530 quadam
3278 4473 3391 4517 arte
3420 4473 3476 4518 et

222 4571 431 4624 σματος
515 4556 819 4609 συνεκάλει.
881 4555 1149 4626 Ἕλληνας
1214 4557 1438 4622 ἐκάλει,
1488 4559 1796 4629 βαρϐάρους

1914 4558 2200 4622 lmpostura
2244 4552 2524 4621 abripiens
2574 4551 2922 4620 exspoliatam
2954 4552 3207 4606 omnibus
3241 4553 3474 4607 derelin-

219 4645 492 4714 ἅπαντας,
529 4648 818 4716 ἄρχοντας,
850 4649 1184 4718 ἀρχομένους
1207 4666 1222 4680 ο
1257 4651 1304 4701 εἰ
1358 4649 1537 4720 βούλει
1570 4652 1645 4716 δὲ,
1702 4656 1796 4707 καὶ

215 4735 424 4807 λῃστὰς
455 4739 557 4790 καὶ
589 4738 868 4808 πειρατὰς,
894 4738 986 4790 καὶ
1014 4740 1194 4791 πᾶσαν
1221 4739 1404 4803 ἁπλῶς
1453 4741 1550 4812 τὴν
1587 4743 1798 4814 ἀνθρω-

218 4829 381 4899 πίνην
414 4829 708 4898 συνήγειρε
745 4829 908 4897 φύσιν
937 4833 1016 4893 εἰς
1055 4831 1352 4884 ἀπόλαυσιν
1382 4832 1476 4885 τοῦ
1527 4838 1798 4906 μαργαρίο

214 4938 328 4976 του.
366 4923 483 4977 Καὶ
505 4923 605 4992 οὐχ
636 4925 820 4988 ἁπλῶς
847 4925 1038 4989 οὕτως,
1077 4924 1211 4978 ἀλλὰ
1255 4926 1350 4979 καὶ
1389 4928 1664 4993 σπεύδων,
1705 4932 1796 4983 καὶ

213 5013 428 5083 τρέχων
454 5014 553 5066 καὶ
577 5013 755 5066 πάντα
787 5015 1028 5083 πάσχων,
1052 5016 1138 5068 ῖνα
1164 5017 1381 5079 πάντως
1403 5017 1524 5070 τινὰ
1542 5017 1635 5071 τοῦ
1662 5022 1799 5073 ἐκεῖ·

213 5105 304 5157 θεν
352 5105 592 5168 κάλλους
643 5105 867 5174 καὶτῆς
893 5105 1017 5168 θέας
1042 5107 1270 5180 ἀξιώσῃ.
1325 5108 1414 5160 Διὸ
1453 5109 1546 5161 καὶ
1593 5112 1794 5183 σφόδρα

214 5191 437 5264 θαρρῶν
469 5193 658 5261 ἔλεγε·
697 5194 806 5248 Τὸν
828 5193 1026 5264 ἀγῶνα
1061 5198 1166 5249 τὸν
1196 5197 1388 5250 καλὸν
1425 5197 1755 5268 ἠγώνισμαι
1777 5241 1792 5267 ,

213 5287 321 5338 τὸν
348 5286 580 5355 δρόμον
605 5287 904 5350 τετέλεκα,
935 5286 1050 5354 τὴν
1083 5289 1289 5341 πίστιν
1321 5289 1632 5357 τετήρηκαο
1663 5295 1791 5346 λοι-

209 5375 330 5427 πὸν
358 5376 674 5429 ἀπόκειταί
698 5393 799 5445 μοι
825 5378 857 5428 ό
886 5374 994 5443 τῆς
1034 5377 1425 5444 δικαιοσύνης
1470 5379 1788 5448 στέφανος.

223 5465 368 5518 Ἀλλ’
399 5467 462 5520 ὲν
497 5467 598 5535 μὲν
621 5467 834 5530 τούτοις
861 5469 1095 5530 τοιοῦτος
1121 5465 1188 5539 ἦν
1216 5470 1484 5538 άπτόητος
1510 5476 1601 5524 καὶ
1633 5477 1789 5544 στερ-

212 5558 338 5625 ρός’
381 5557 635 5624 ἐφοϐεῖτο
689 5559 744 5612 δὲ
795 5561 881 5624 τίς
916 5561 1061 5630 Μήτι
1094 5561 1254 5624 αὐτὸς
1307 5560 1565 5614 ἐλλείπων
1597 5562 1788 5634 ὀφθείη

209 5647 305 5700 τοῦ
341 5648 562 5710 δέοντος
599 5649 1062 5721 συνεισενεχθῆναι
1108 5654 1218 5715 τοῖς
1253 5651 1655 5724 ἐπαγγέλμασι.
1694 5656 1790 5709 Διὰ

285 5845 325 5876 ¹¹
358 5845 376 5898 l
409 5842 545 5900 Cor.
579 5860 651 5910 Ix,
682 5842 771 5899 27.

1899 4653 2047 4714 quat.
2073 4644 2200 4698 Haec
2230 4651 2359 4697 sunt
2388 4642 2769 4712 proschemata
2809 4642 2897 4695 illa
2937 4643 3249 4713 gravitatem
3279 4643 3475 4712 przel'e-

1901 4736 2075 4794 rentia
2107 4736 2430 4792 timiditatis.
2477 4735 2554 4790 De
2601 4737 2750 4791 nullo
2788 4736 3014 4790 istorum
3051 4735 3327 4790 metuebat
3350 4737 3474 4807 ille;

1900 4849 1930 4888 c
1974 4831 2250 4886 contrario
2298 4828 2580 4884 conﬁdens
2619 4839 2781 4892 erat,
2822 4838 2877 4883 et
2926 4828 3214 4892 resolutus,
3263 4829 3306 4882 si
3353 4831 3475 4900 quis

1899 4927 2058 4990 alius,
2089 4926 2155 4980 de
2180 4924 2465 4994 promissis
2513 4924 2619 4978 illis
2648 4921 2944 4986 mirandis;
2977 4921 3164 4975 ﬁrmus
3190 4930 3308 4976 erat
3356 4923 3474 4992 pla-

1903 5033 1993 5083 ne,
2028 5026 2083 5071 et
2120 5025 2267 5070 totus
2299 5015 2655 5070 inconcussus
2684 5013 2737 5066 in
2771 5012 2984 5066 Domini
3008 5013 3299 5069 amicitiam
3322 5032 3475 5071 reco-

1904 5109 2064 5163 lendo
2116 5126 2130 5161 :
2193 5107 2479 5161 utilitatem
2546 5104 2761 5159 volebat
2813 5104 3065 5159 omnibus
3125 5120 3471 5164 communem

1908 5195 2182 5252 exhiberi.
2264 5195 2486 5249 Judaeos
2569 5193 2633 5247 ad
2703 5194 3142 5248 communionem
3231 5197 3472 5253 thesauri

1905 5290 2172 5352 vocabat;
2213 5287 2442 5340 vocabat
2510 5279 2728 5355 gentes,
2789 5300 2980 5341 omnes
3005 5287 3284 5353 barbaros,
3317 5291 3470 5360 prin-

1902 5381 2072 5451 cipes,
2107 5378 2374 5439 subditos,
2407 5377 2537 5441 imo,
2569 5377 2613 5429 si
2672 5375 2843 5440 lubet,
2874 5376 3132 5443 latrones,
3163 5380 3385 5448 piratas,
3415 5391 3470 5436 ct

1900 5475 2209 5528 universam
2266 5470 2575 5525 mortalium
2605 5477 2853 5522 naturam
2889 5469 2956 5524 ad
3004 5471 3467 5540 participationem

1900 5565 2203 5635 margaritae
2241 5562 2595 5617 convocabat.
2650 5561 2764 5616 Nec
2813 5561 2918 5616 hoc
2972 5561 3322 5631 simpliciter,
3373 5565 3469 5620 sed

1900 5674 2023 5714 cum
2045 5665 2266 5722 conatu,
2303 5671 2484 5719 cursu,
2510 5665 2561 5712 et
2583 5655 2728 5710 omni
2759 5655 3063 5720 tolerantia,
3086 5663 3144 5709 ut
3173 5655 3254 5711 sic
3276 5670 3468 5712 omnes
