4080 6410
578 389 671 451 9H

1737 378 1999 439 ΡΗΟΤΙΙ
2034 376 2255 436 ΡΑἸἪῘ
2268 375 2533 437 ΑΠΟΗῶ
2571 378 2679 437 CP.

3722 382 3831 447 91?.

579 506 661 555 vel
694 501 925 568 aliquem
954 501 1141 554 saltem
1190 496 1611 569 pulchritudinis
1666 492 1791 545 inde
1841 487 2154 543 resultantis

2263 489 2411 541 τοῦτο
2444 488 2553 559 γὰρ
2590 488 2836 556 ἀγωνιῶν
2863 489 3079 555 ἔλεγεν·
3124 487 3322 554 Οὕτως
3356 488 3563 559 τρέχω,
3594 492 3677 558 ὠς
3719 499 3831 549 οὐκ

577 592 742 647 faciat
787 591 1101 662 participes.
1164 590 1525 660 Quapropter,
1578 600 1699 639 cum
1745 583 1912 635 multa
1981 580 2152 635 conli—

580 681 763 735 dentia
792 680 869 734 ait
905 698 917 733 :
943 680 1146 733 Bonum
1170 679 1367 733 certavi
1405 684 1669 730 certamen
1696 689 1713 735 ;
1740 672 1933 726 absolvi
1980 688 2151 724 meum

579 788 836 835 cursum;
890 772 1045 839 ﬁdem
1075 770 1411 833 conservavi;
1460 769 1522 821 de
1575 778 1779 827 cwtero,
1803 765 2028 834 reposita
2078 773 2149 817 est

580 865 707 917 mihi
746 864 971 931 justitia:
1002 878 1195 915 corona
1228 862 1292 914 ".
1320 860 1519 914 Verum
1554 866 1671 912 erat
1700 856 1788 910 ille
1811 856 1863 908 in
1897 856 2014 909 istis
2042 863 2148 907 tam

582 953 978 1021 imperterritus
1000 964 1055 1007 et
1096 952 1436 1014 obfirmatus,
1480 960 1539 1003 ut
1566 949 1698 1002 nihil
1743 955 2049 1010 metueret;
2083 961 2151 999 ne

581 1044 857 1099 videretur
913 1043 968 1097 in
1002 1044 1183 1113 aliquo
1214 1043 1492 1103 deficiens,
1526 1049 1619 1094 aut
1642 1048 1836 1110 praater
1851 1052 2151 1107 congruum

578 1135 874 1204 quidquam
946 1136 1216 1190 omisisse.
1293 1134 1467 1199 Quam
1518 1134 1587 1187 ob
1651 1146 1869 1186 causam
1921 1139 1975 1184 et
2028 1144 2151 1183 cum

579 1228 850 1281 anxietate
875 1227 1089 1282 dicebat
1118 1247 1132 1282 :
1167 1230 1251 1281 Ita
1284 1243 1458 1287 curro,
1492 1236 1547 1277 ut
1571 1242 1671 1277 non
1700 1226 1751 1278 in
1778 1225 1990 1277 obscuro
2015 1223 2152 1292 posi-

581 1329 661 1371 tus
695 1336 709 1380 ;
742 1320 817 1370 ita
849 1328 1107 1383 concerta,
1142 1329 1197 1371 ut
1239 1334 1340 1371 non
1375 1327 1625 1387 tanquam
1661 1332 1833 1369 aerem
1868 1314 2149 1378 verberem,

578 1412 667 1464 sed
685 1410 865 1480 subigo
892 1410 1136 1464 vibiribus
1158 1427 1342 1477 corpus
1373 1426 1565 1471 meum,
1598 1417 1645 1461 et
1658 1395 1726 1461 'in
1744 1408 2042 1461 servitutem
2069 1422 2152 1459 re-

577 1504 719 1573 digo,
756 1520 818 1557 ne
844 1506 1024 1575 forsan
1044 1505 1167 1557 dum
1201 1504 1321 1557 aliis
1356 1504 1605 1571 praedico,
1649 1503 1758 1571 ipse
1787 1500 1917 1568 ﬁam
1971 1516 2151 1568 repro—

580 1600 671 1652 bus
696 1599 760 1652 ¹³.
797 1598 1083 1665 Quocirca,
1112 1601 1179 1653 de
1212 1600 1488 1670 prOposito
1517 1614 1623 1652 non
1657 1608 1770 1652 erat
1797 1597 2014 1659 dubius,
2055 1597 2151 1650 de-

580 1691 781 1745 siderio
808 1706 915 1745 non
939 1692 1236 1760 deliquium
1295 1690 1618 1761 patiebatur,
1657 1690 2003 1760 margaritam
2042 1702 2149 1742 non

580 1784 777 1838 metuit
813 1784 1185 1855 abripiendam
1211 1800 1225 1848 ;
1266 1783 1359 1837 sed
1386 1798 1453 1837 ne
1474 1781 1604 1852 quid
1641 1781 1754 1851 ipse
1783 1796 1847 1835 eo
1870 1780 2149 1851 indignum

580 1883 878 1942 pateretur,
926 1841 998 1927 ne
1076 1887 1238 1942 quem
1272 1841 1567 1935 defectum,
1594 1841 1678 1924 ne.
1717 1869 1849 1940 quid
1907 1841 2153 1923 admittat
2181 1841 2226 1901 Β

580 1965 725 2033 quod
751 1973 989 2018 mentem
1016 1971 1281 2018 einoveat.
1307 1962 1459 2015 Alius
1490 1961 1578 2016 hic
1598 1970 1712 2015 erat
1744 1958 2015 2014 metuendi
2042 1973 2158 2011 mo.

582 2057 705 2121 dus,
738 2056 876 2111 alius
908 2055 999 2125 qui
1032 2055 1329 2125 respiceret
1368 2054 1774 2118 retributiones,
1804 2052 1894 2107 ille
1926 2051 2155 2106 laudan-

583 2148 703 2213 dus,
732 2147 1124 2218 vituperandus
1156 2147 1278 2210 iste,
1321 2146 1408 2203 ille
1439 2144 1841 2208 ﬂuctuantium,
1865 2144 2158 2199 confirma-

584 2251 759 2296 torum
791 2241 915 2306 iste,
948 2256 978 2294 a
1003 2240 1194 2295 brabio
1214 2240 1436 2295 abducit
1460 2239 1569 2304 ille,
1594 2239 1682 2293 hic
1697 2236 2159 2307 componitvicto-

583 2334 675 2387 ria:
696 2333 941 2402 praemia,
986 2332 1075 2386 ille
1109 2340 1226 2385 erat
1261 2330 1433 2394 Pauli,
1462 2330 1551 2385 hic
1592 2338 1676 2384 est
1703 2338 1904 2383 noster.
1940 2328 2157 2382 Atenim

581 2438 724 2483 amo,
765 2422 997 2492 inquies,
1030 2437 1099 2475 ne
1122 2422 1252 2492 quid
1302 2421 1480 2475 nullus
1500 2436 1601 2492 ego
1626 2419 1747 2489 plus
1778 2417 2009 2472 edicam.
2037 2416 2156 2470 Me-

585 2523 677 2567 tuo
706 2524 889 2568 autem
920 2515 1002 2568 vel
1035 2514 1267 2568 maxime
1293 2513 1357 2580 (si
1384 2512 1506 2582 quis
1533 2510 1695 2581 alius)
1737 2511 1939 2581 piratas
1970 2509 2023 2562 in
2053 2508 2159 2561 vita

584 2605 872 2669 obeuntes,
914 2621 983 2659 ne
1016 2622 1102 2659 me
1131 2605 1366 2675 spolient
1400 2603 1651 2657 amicitia:
1697 2601 1899 2665 fructu,
1926 2615 1995 2654 ne
2026 2598 2160 2652 insi-

582 2694 699 2749 dias
732 2704 944 2769 struant
965 2695 1267 2766 margaritte
1294 2711 1447 2749 mea}.
1479 2693 1643 2759 Quid,
1678 2694 1863 2757 homo,
1891 2702 1947 2745 tu
1973 2690 2162 2745 balbu-

585 2787 699 2841 tis?
774 2787 1050 2841 amicosne
1104 2786 1396 2840 malevolos
1446 2784 1622 2839 facis?
1704 2800 1807 2837 nec
1860 2783 1915 2836 in
1964 2783 2161 2836 bonam

585 2889 833 2948 partem,
890 2888 949 2934 ut
999 2888 1336 2932 venustatem
1389 2878 1590 2937 habeas
1646 2875 2048 2937 admiratione,
2106 2882 2163 2929 ut

585 2970 874 3040 Splendore
908 2980 1230 3025 coruscante
1258 2986 1321 3024 ex
1355 2970 1595 3025 amicitia
1635 2969 1938 3023 illustratus
1968 2965 2165 3022 allicia—

589 3062 666 3114 ris
692 3061 908 3131 gaudio,
947 3072 1001 3115 et
1030 3077 1125 3130 spe
1179 3062 1388 3116 meliori
1426 3060 1740 3115 luxuriere:
1779 3061 1870 3114 sed
1914 3059 1989 3112 uti
2035 3074 2161 3127 pro-

589 3152 727 3205 clive
755 3152 848 3207 tibi
880 3153 970 3216 sit,
998 3162 1253 3224 tanquam
1304 3167 1393 3207 res
1427 3152 1693 3207 inanimes
1712 3152 1961 3220 prodere,
1996 3149 2161 3203 latro-

587 3259 719 3299 num
781 3245 1091 3299 incursibus
1159 3255 1214 3300 et
1280 3245 1487 3315 rapinis
1556 3244 1797 3306 cedens,
1853 3243 2045 3313 partim
2105 3250 2163 3295 ut

588 3334 855 3401 ingestam
909 3335 1291 3389 contumeliam
1347 3336 1618 3390 occultare
1662 3348 1830 3402 queas
1890 3330 2161 3401 perartili-

590 3428 783 3491 ciose,
833 3436 887 3481 et
944 3436 1289 3497 contemptus
1349 3428 1468 3482 velo
1523 3426 1784 3498 religiosae
1826 3425 2164 3480 verecundia:

589 3518 784 3571 famam
834 3519 1048 3573 veneris
1086 3535 1100 3581 ;
1137 3518 1299 3572 simul
1369 3519 1531 3573 etiam
1593 3527 1649 3571 ut
1717 3517 1919 3572 amicos
1978 3532 2164 3570 morsu

590 3610 834 3680 graviore
863 3620 918 3664 et
952 3609 1306 3680 profundiore
1338 3611 1619 3680 corripias.
1657 3608 1733 3663 lta
1772 3620 1850 3675 ut,
1900 3625 2006 3663 non
2032 3624 2164 3676 quo-

588 3702 750 3756 modo
779 3702 957 3757 solent
986 3704 1262 3768 malevoli,
1318 3704 1387 3757 ita
1430 3712 1484 3757 et
1515 3704 1673 3757 amici
1705 3703 1812 3757 sint
1844 3704 1913 3757 ob
1944 3702 2165 3771 pusilla-

589 3793 889 3847 nimilatem
923 3794 1215 3848 cavillandi
1249 3812 1263 3861 ;
1294 3796 1389 3849 sed
1434 3795 1555 3848 ideo
1576 3795 1720 3863 quod
1742 3794 1924 3847 videre
1960 3794 2163 3855 videor,

589 3899 809 3938 omnem
869 3885 924 3937 in
958 3900 1054 3938 eos
1088 3895 1433 3953 potestatem,
1476 3901 1695 3939 omnem
1720 3884 2013 3939 voluntatis
2067 3884 2167 3938 do-

588 3974 967 4037 minationem,
1014 3974 1078 4027 ad
1105 3975 1427 4044 mergendos
1473 3974 1727 4029 ﬂuetibus
1750 3974 1969 4039 abiisse,
2024 3974 2167 4042 quod

589 4064 941 4118 insidiatores
996 4066 1280 4120 observem
1333 4076 1389 4119 et
1421 4066 1719 4137 naufragia.
1753 4066 2059 4131 Enimvero,
2088 4066 2168 4119 vir

593 4157 735 4210 bone
766 4167 821 4210 ct
849 4157 1138 4219 laudande,
1170 4157 1460 4213 artificiose
1500 4159 1804 4229 procedens
1837 4158 2165 4223 convicium,

590 4250 716 4303 licet
748 4250 883 4303 nihil
928 4252 1029 4305 tale
1051 4252 1364 4317 intenderit,
1396 4252 1639 4322 proderit
1674 4263 1855 4306 tamen
1915 4251 2165 4315 fortasse,

587 4342 715 4395 dum
764 4343 894 4396 foris
948 4344 1154 4398 illatum
1218 4345 1419 4398 mentis
1474 4354 1742 4399 tumorem
1799 4354 2108 4416 compescat
2151 4385 2166 4408 ,

588 4434 885 4505 frangendo
913 4436 1062 4489 illum
1086 4438 1327 4506 quidem,
1360 4438 1454 4491 sed
1488 4446 1543 4491 et
1573 4438 1860 4492 consilium
1892 4439 2162 4493 adhiben-

2253 580 2511 647 ἁδηλῶς,
2537 582 2726 647 οὕτως
2751 583 3041 646 πυκτεύω,
3070 581 3151 647 ὡς
3173 584 3283 635 οὐκ
3314 581 3458 649 ἀέρα
3474 581 3666 652 δέρων
3691 586 3832 639 ἀλλ’

2251 673 2553 734 ὑποπιάζω
2569 691 2688 742 μου
2713 673 2780 727 τὸ
2809 673 3001 741 σῶμα,
3042 674 3141 727 καὶ
3162 673 3520 743 δουλαγωγῶ
3543 715 3558 737 ,
3583 675 3672 745 μή
3708 692 3835 743 πως

2252 763 2466 831 ἄλλοις
2492 766 2775 833 κηρύξας,
2800 766 2983 830 αὐτὸς
3018 766 3300 834 ἀδόκιμος
3314 766 3589 835 γένωμαι.
3622 768 3699 820 Οὐ
3736 769 3837 837 μὲν

2253 855 2367 919 οὖν,
2398 858 2499 909 οὐκ
2555 856 2800 921 ἐδίσταζε
2825 858 2923 926 τὴν
2958 857 3269 925 ὑπόσχεσιν·
3322 856 3425 909 οὑκ
3469 858 3686 925 ἠγωνία
3745 862 3837 912 τὸν

2254 947 2454 1000 πόθον·
2490 949 2550 1001 οὐ
2588 948 2687 1016 τὴν
2742 948 2997 1020 ἁρπαγὴν
3057 948 3256 1002 ἐδειλία
3309 948 3403 1001 τοῦ
3454 952 3835 1021 μαργαρίτου·

2256 1041 2388 1094 ἀλλά
2420 1043 2493 1113 μή
2519 1059 2571 1093 τι
2600 1042 2759 1105 αὑτὸς
2788 1041 3007 1105 ἀνάξιον
3028 1040 3217 1094 τούτου
3244 1041 3645 1111 διαπράξηται,
3678 1045 3753 1112 μή
3784 1061 3839 1097 τι

2254 1132 2456 1192 ἐνδέον,
2502 1131 2574 1202 μή
2600 1148 2655 1185 τι
2688 1132 3053 1201 σαλευομένης
3078 1128 3306 1199 γνώμης
3348 1132 3668 1186 ἀκόλουθον.
3701 1134 3838 1186 ’Δλ-

2267 1222 2355 1285 λος
2388 1216 2542 1286 οὗτος
2565 1223 2764 1287 δειλίας
2794 1224 3014 1293 τρόπος,
3040 1223 3137 1274 καὶ
3166 1221 3323 1285 ἄλλος
3342 1222 3370 1273 ὁ
3402 1222 3531 1291 περὶ
3557 1223 3842 1292 τὰς’ἀμοι-

2256 1314 2380 1378 ϐάς.
2447 1315 2683 1376 Ἐκεῖνος
2712 1315 2992 1376 ἐπαινετὸς
3020 1353 3035 1377 ,
3066 1309 3217 1378 οὗτος
3236 1314 3470 1383 ψεκτός·
3500 1316 3713 1377 ἐκεῖνος
3741 1334 3843 1369 σα-

2254 1407 2561 1478 λευομένων
2586 1447 2603 1474 ,
2632 1403 2785 1470 οὗτος
2808 1407 3162 1478 ήδρασμένων
3187 1422 3200 1435 ·
3234 1409 3438 1469 ἐκεῖνος
3480 1406 3688 1474 ἀπάγει
3730 1407 3842 1460 τῶν

2258 1494 2529 1573 βράϐείων
2556 1543 2569 1564 ,
2599 1496 2753 1563 οὗτος
2777 1500 3279 1569 συγκατασκευάζει
3307 1500 3376 1553 τὰ
3420 1498 3657 1553 ἔπαθλα·
3682 1495 3840 1565 οὗτος

2258 1592 2496 1657 Παύλου,
2525 1595 2730 1656 ἐκεῖνος
2752 1594 3041 1663 ἡμέτερος.
3085 1592 3246 1646 Ἀλλὰ
3278 1593 3388 1664 γὰρ
3423 1591 3586 1661 φιλῶ,
3642 1594 3837 1663 φησιν,

2258 1687 2345 1739 ἵνα
2374 1687 2447 1757 μὴ
2477 1686 2550 1749 ὡς
2576 1686 2747 1749 οὐδεὶς
2777 1686 2913 1739 είπω
2943 1686 3100 1739 πλέον
3119 1702 3131 1714 ·
3166 1684 3241 1747 ὡς
3262 1685 3417 1745 εἴτις
3438 1683 3596 1746 ἄλλος
3623 1684 3840 1763 δέδοικα

2255 1777 2312 1831 δὲ
2336 1780 2461 1839 τοὺς
2493 1780 2550 1831 ἐν
2572 1777 2671 1847 βίῳ
2694 1782 2977 1847 πειρατὰς,
3017 1778 3090 1846 μή
3128 1794 3194 1846 με
3230 1776 3507 1846 συλήσωσι
3526 1776 3629 1845 τῆς
3656 1776 3840 1845 φιλίας

2256 1870 2590 1925 ἀπόνασθαι⁹
2625 1871 2699 1942 μὴ
2732 1872 2821 1924 τὸν
2858 1870 2989 1939 ἐμὸν
3033 1870 3380 1940 μαργαρίτην
3422 1869 3719 1938 λοχήσωσι.
3776 1870 3840 1921 Τί

2256 1964 2455 2027 λαλεῖς,
2486 1964 2735 2033 ἄνθρωπε
2756 1981 2769 2030 ;
2791 1963 3107 2033 μαργάρους
3137 1962 3260 2024 τοὺς
3296 1962 3481 2031 φίλους
3513 1964 3710 2025 ποιεῖς,
3741 1963 3843 2015 οὐκ

2258 2057 2323 2107 ἐκ
2346 2056 2443 2107 τοῦ
2473 2055 2758 2125 βελτίονος,
2793 2056 2880 2109 ἵνα
2908 2054 2967 2108 τὸ
2994 2054 3187 2118 κάλλος
3225 2054 3513 2123 θαυμάζῃς
3532 2094 3548 2116 ,
3583 2055 3682 2106 καὶ
3720 2057 3842 2117 ταῖς

2262 2152 2657 2219 μαρμαρυγαῖς
2687 2150 2786 2216 τῆς
2808 2150 2865 2199 ἐν
2895 2150 2961 2217 τῇ
3008 2146 3165 2217 φιλίᾳ
3232 2146 3624 2216 λαμπρότητος
3678 2163 3841 2213 περι-

2259 2239 2703 2310 αστραπτόμενος
2726 2239 2945 2309 χαίρῃς,
2961 2239 3055 2293 καὶ
3076 2239 3285 2308 τρυφᾷς
3308 2240 3428 2301 ταῖς
3452 2239 3739 2307 ἀμείνοσιν
3755 2239 3844 2291 kl-

2261 2331 2434 2386 πίσιν.
2473 2329 2612 2383 Ἀλλ’
2654 2330 2743 2385 ῖνα
2767 2330 2862 2401 ἐξῇ
2906 2347 2988 2383 σοι
3012 2329 3170 2383 τοῦτο
3194 2330 3314 2399 μὲν,
3338 2329 3415 2393 ὡς
3451 2331 3583 2398 περὶ
3615 2330 3844 2399 ἀψύχων

2260 2421 2549 2492 προδοσίαν
2581 2422 2855 2486 πλάττειν,
2887 2423 2980 2475 καὶ
3014 2421 3229 2494 λῃστῶν
3262 2420 3486 2490 ἐφόδους
3516 2421 3617 2475 καὶ
3649 2422 3843 2492 ἀρπαο

2260 2517 2384 2583 τήν.
2416 2513 2587 2566 Τοῦτο
2619 2513 2695 2578 δὲ,
2724 2513 2799 2577 ὡς
2824 2514 2890 2568 ἂν
2921 2513 3207 2586 δυνηθείης
3238 2514 3329 2568 τὸν
3376 2514 3845 2586 προπηλακισμὸν

2260 2605 2525 2675 κρύπτειν
2574 2606 2652 2676 τῷ
2703 2607 3077 2676 τεχνάσματι·
3132 2606 3343 2676 καὶτῷ
3372 2608 3845 2678 ἐσχηματισμένῳ

2263 2698 2494 2767 ὕϐρεως,
2518 2698 2635 2768 ἅμα
2670 2698 2767 2769 μὲν
2806 2699 3091 2762 εὐλαϐείας
3123 2697 3281 2763 δόξαν
3309 2698 3570 2770 θηρᾶσαι,
3623 2699 3747 2770 ἅμα
3791 2700 3845 2751 δὲ

2263 2787 2559 2859 βαθύτερόν
2606 2805 2664 2840 τε
2716 2788 2813 2841 καὶ
2871 2788 3199 2860 πικρότερον
3227 2788 3339 2840 τῶν
3370 2789 3541 2856 φίλων
3566 2788 3848 2842 καθάπτεο

2263 2880 2417 2933 σθαι·
2448 2881 2530 2933 ὅτι
2560 2880 2681 2934 καθ’
2718 2882 2778 2933 ὃν
2834 2882 3053 2950 τρόπον,
3108 2882 3207 2951 οὐχ
3235 2882 3284 2935 οἱ
3343 2884 3645 2952 μάργαροι,
3678 2882 3846 2949 λέγω,

2261 2973 2432 3038 οὕτως
2458 2975 2566 3027 οὐδ’
2594 2976 2642 3027 oi
2677 2974 2817 3041 φίλοι
2848 2975 2947 3043 τῆς
2975 2974 3178 3037 δειλίας
3231 2974 3341 3027 είσί
3378 2993 3469 3045 μοι
3520 2976 3844 3046 παραίτιοι·

2262 3065 2379 3118 ἀλλ’
2409 3066 2491 3117 ὅτι
2530 3065 2642 3136 ὁρῶ
2671 3066 2769 3134 τὴν
2804 3065 2930 3135 περὶ
2958 3065 3154 3127 αὐτοὺς
3182 3064 3453 3131 ἐξουσίαν,
3489 3066 3587 3117 καὶ
3614 3066 3678 3118 τὸ
3711 3066 3846 3135 κράο

2263 3174 2353 3221 τος
2381 3157 2473 3210 τοῦ
2518 3156 2877 3227 βουλήματος,
2922 3156 3042 3210 ὅλον
3094 3159 3174 3219 είς
3224 3156 3347 3219 τοὺς
3405 3159 3848 3217 καταποντιστὰς

2267 3249 2683 3319 μεταχωρῆσαν.
2742 3251 2835 3302 καὶ
2888 3250 3015 3311 τοὺς
3043 3248 3317 3318 λοχῶντας
3364 3249 3459 3300 καὶ
3489 3249 3557 3302 τὰ
3588 3248 3845 3316 ναυάγια.

2276 3338 2415 3389 Ἀλλ’
2446 3338 2623 3407 ὕϐρις,
2650 3332 2695 3391 ὦ
2731 3338 2862 3392 καλὲ
2892 3340 2986 3391 καὶ
3018 3338 3209 3407 ἀγαθὲ,
3239 3339 3335 3391 σὺν
3365 3338 3532 3409 τέχνῃ
3557 3339 3846 3408 προϊοῦσα,

2265 3430 2604 3484 λανθάνουσα
2635 3433 2754 3501 μὲν,
2778 3432 2919 3499 τάχα
2952 3448 3005 3483 τι
3045 3433 3139 3484 καὶ
3169 3433 3411 3501 συνήσει,
3442 3430 3541 3500 τῆς
3579 3432 3768 3501 ψυχῆς
3794 3434 3851 3483 τὸ

2265 3525 2491 3577 οἱδαῖνον
2518 3524 2623 3588 ἔξω
2655 3524 2923 3595 ῥηγνῦσα,
2954 3523 3345 3595 παρηγοροῦσά
3369 3540 3427 3575 τε
3460 3525 3556 3576 καὶ
3578 3526 3851 3595 διαπραεο

2264 3632 2430 3669 νουσα
2450 3631 2464 3645 ·
2496 3616 2666 3668 ἐπειδ⁸
2685 3615 2751 3669 ἂν
2780 3615 2837 3669 δέ
2866 3616 3191 3686 κατάφωρος
3235 3616 3481 3686 γένηται,
3536 3618 3622 3679 εῖς
3655 3618 3848 3669 ταύτὴν

2267 3708 2441 3760 ἄτοπα
2468 3707 2642 3760 πολλὰ
2692 3708 2932 3775 συνάγει·
2967 3704 3099 3779 ἦθος
3156 3707 3329 3780 βαρὺ,
3374 3707 3543 3777 ψογὸν
3590 3710 3850 3770 ἐπαίνους

2269 3802 2727 3871 ὑποκρινόμενον·
2794 3802 3076 3870 αἰσχύνην,
3131 3800 3216 3867 ἐφ’
3266 3795 3349 3863 οἷς
3378 3800 3407 3851 ὁ
3458 3800 3724 3870 κρύπτων
3753 3802 3851 3853 αὶκ

2268 3892 2477 3946 ἔλαθεν.
2500 3892 2608 3944 Καὶ
2648 3893 2980 3962 παρατρέχω
3014 3892 3084 3945 τὰ
3116 3890 3356 3945 πλείονα.
3405 3892 3631 3955 Καίτοι,
3663 3894 3713 3944 εί
3753 3894 3850 3962 μὲν

2270 3983 2512 4051 ὑϐρίζειν
2570 3982 2673 4035 ἔδει
2700 4023 2714 4045 ,
2770 3981 2852 4044 τίς
2886 3986 2917 4051 ὴ
2974 3981 3191 4051 μηχανὴ
3247 3980 3339 4033 τοῦ
3373 3982 3682 4051 κρύπτειν;
3711 3986 3762 4035 εί
3793 3984 3848 4035 δὲ

2268 4076 2449 4131 λαθεῖν
2480 4078 2667 4145 ἐχρῆν,
2698 4076 2919 4142 ἄμεινον
2944 4069 3012 4143 ἦν
3053 4074 3191 4143 μηδὲ
3226 4074 3325 4143 τὴν
3353 4074 3528 4142 ἀρχὴν
3548 4074 3631 4137 είς
3663 4072 3850 4143 ὕϐρεις

2268 4168 2465 4221 ἐλθεῖν.
2506 4167 2563 4221 '0
2582 4166 2638 4218 δὲ
2665 4165 2923 4235 κρύπτων
2955 4165 3125 4234 μὲνέν
3148 4163 3224 4234 τῷ
3251 4166 3521 4233 μαργάρῳ
3541 4166 3644 4235 τὴν
3666 4165 3845 4236 ὓϐριν,

2267 4258 2451 4312 λαθεῖν
2478 4258 2535 4311 δὲ
2586 4257 2686 4310 οὐκ
2718 4256 2855 4325 ἔχων
2892 4255 2991 4322 τὴν
3041 4256 3236 4323 τέχνην
3256 4292 3272 4316 ,
3305 4254 3406 4308 οὑκ
3440 4249 3536 4308 οἷδ’
3566 4256 3742 4320 ὅπως,
3775 4252 3848 4307 ῶν

2272 4354 2517 4425 βούλεται
2547 4353 2605 4405 οὐ
2639 4353 3004 4406 διαπεσεῖται.
3040 4344 3176 4400 Οὔτε
3204 4346 3312 4415 γὰρ
3349 4344 3542 4398 ἔλαθεν
3593 4346 3842 4414 ὑϐρίσας,

2271 4448 2363 4499 καὶ
2402 4444 2501 4516 τὴν
2534 4442 2736 4513 σκηνὴν
2784 4441 2890 4511 (ἵνα
2948 4439 3113 4509 μηδὲν
3143 4439 3282 4489 εἴπω
3334 4435 3520 4507 πλέον)
3562 4436 3844 4507 ἐλέγχεται

586 4528 676 4591 do,
719 4537 775 4581 et
808 4528 1140 4583 sedatiorem
1179 4531 1475 4597 operando.
1534 4531 1601 4584 At
1640 4546 1760 4583 cum
1794 4530 2006 4599 publice
2034 4544 2160 4584 con-

2272 4536 2446 4605 μάτην
2502 4533 2834 4595 διαπλώσας.
2892 4529 3077 4582 Βούλει
3134 4526 3480 4597 μαργαρίδας
3532 4527 3664 4588 τοὺς
3726 4528 3847 4588 σοὺς

586 4621 819 4674 vicictur
851 4622 1068 4690 aliquis,
1104 4622 1302 4676 multas
1350 4623 1728 4691 superinducit
1774 4623 2162 4687 absurditates,

586 4714 959 4769 intolerandos
1006 4730 1209 4779 mores,
1238 4715 1566 4784 vituperium
1606 4714 1708 4768 sub
1738 4722 1998 4782 prmtextu
2047 4714 2165 4766 lau~

588 4805 688 4871 dis,
751 4805 1187 4875 pudefactionem
1217 4806 1287 4860 de
1321 4805 1386 4860 iis
1424 4821 1543 4874 qua:
1570 4806 1760 4871 voluit,
1798 4807 1891 4860 sed
1922 4806 2121 4860 frustra
2148 4848 2164 4872 ,

588 4898 882 4953 occultare.
950 4899 1187 4953 Plurima
1238 4908 1519 4968 pratereo.
1559 4897 1713 4964 Quod
1770 4898 1813 4950 si
1874 4899 2166 4952 conviciari

586 4991 924 5059 propositum
951 4992 1073 5053 fuit,
1108 4991 1237 5061 quid
1275 5007 1413 5061 opus
1435 4991 1744 5046 occultandi
1776 4990 2050 5043 artificio?
2080 4992 2163 5043 sin

587 5084 725 5137 clam
771 5098 892 5139 esse
941 5093 995 5137 et
1052 5085 1220 5139 latere
1257 5126 1272 5150 ,
1305 5093 1456 5139 certe
1505 5082 1847 5153 prmstitisset
1904 5082 1973 5134 ab
2014 5082 2165 5135 omni

589 5189 813 5243 prorsus
863 5177 1193 5230 contumelia
1239 5175 1567 5229 abstinuisse
1599 5175 1653 5228 in
1685 5173 1859 5227 initio.
1897 5172 2000 5237 Qui
2038 5189 2166 5228 vero

588 5266 975 5321 coxitumeliam
1012 5284 1109 5335 per
1155 5268 1501 5338 margaritam
1549 5267 1829 5330 occultat,
1861 5280 1964 5319 nec
1992 5265 2168 5319 celare

588 5358 1065 5423 novitartiliciose,
1097 5370 1301 5423 tamen,
1332 5360 1517 5414 nescio
1543 5374 1651 5428 quo
1684 5367 1863 5427 pacto,
1892 5372 1922 5409 a
1946 5372 2040 5426 spe
2072 5372 2167 5410 sua

590 5468 697 5506 non
728 5451 927 5506 excidit
978 5460 1034 5505 et
1068 5452 1353 5507 desiderio.
1394 5450 1579 5520 Neque
1635 5450 1779 5503 enim
1821 5447 1979 5502 latuit
2025 5463 2163 5501 con-

590 5545 929 5611 tumeliosius
961 5560 1145 5616 agens,
1186 5555 1241 5600 et
1271 5561 1489 5600 scenam
1521 5545 1687 5608 illam,
1707 5558 1775 5595 ne
1795 5542 1924 5611 quid
1951 5541 2167 5612 gravius

591 5637 791 5702 dicam,
816 5637 1016 5693 frustra
1046 5640 1391 5694 convincitur
1420 5619 1917 5694 adornasseiV'isne
1948 5638 2164 5691 amicis-

667 5822 707 5850 "
736 5820 782 5874 ll
813 5819 954 5876 Tim.
992 5839 1065 5886 iv,
1102 5827 1154 5878 8.
1234 5824 1275 5853 ”
1308 5823 1323 5875 l
1354 5821 1479 5875 Cor.
1512 5837 1585 5887 IS,
1614 5824 1704 5889 ΞΟ,
1734 5824 1826 5877 ΞΠ.

2266 4626 2613 4697 ἐξονομάζειν
2642 4624 2859 4691 φίλους
2893 4622 2968 4692 μὴ
3003 4621 3200 4675 σαὺτὺν
3254 4619 3541 4689 δισταγμῷ
3585 4621 3844 4690 περιτρέ-

2268 4735 2410 4784 ποις,
2458 4719 2534 4779 ὡς
2567 4717 2628 4769 τὸ
2686 4715 2878 4767 λευκὸν
2908 4714 3008 4783 τῆς
3066 4710 3287 4780 ἀγάπης
3320 4710 3418 4764 καὶ
3456 4709 3736 4780 λαμπρὸν,
3770 4713 3849 4771 εἰς

2267 4810 2365 4878 τὴν
2395 4807 2657 4878 μέλαιναν
2709 4805 3041 4875 διαχύσωσιν
3097 4800 3325 4872 ἔχθραν·
3364 4799 3500 4870 μηδὲ
3556 4800 3765 4870 δειλιᾷς
3792 4801 3849 4853 τὸ

2268 4907 2367 4977 τῆς
2402 4904 2693 4963 διαθέσεως
2754 4900 3009 4969 ἐντορον,
3074 4896 3170 4949 καὶ
3202 4894 3543 4964 πανταχόθεν
3586 4892 3705 4947 ἴσον
3754 4895 3851 4947 καὶ

2271 4996 2532 5066 καθαρὸν,
2565 4994 2640 5056 ὡς
2669 4994 2749 5055 εἰς
2778 4990 2995 5051 ἀνίσους
3021 4988 3221 5057 γωνίας
3259 4985 3503 5054 πλαστῆς
3547 4986 3851 5057 περιθραύ-

2275 5090 2534 5159 σθήσεται
2557 5084 2801 5154 γνώμης.
2844 5081 3005 5136 Ἀλλὰ
3023 5081 3249 5149 δειλιᾷς,
3294 5079 3370 5148 μὴ
3401 5079 3624 5148 ἁρπαγῇ
3663 5097 3757 5133 σου
3793 5082 3851 5135 τὸ

2272 5180 2621 5251 τιμιώτατον.
2667 5178 2780 5230 Οὐκ
2808 5177 2953 5228 ἐστιν
2988 5173 3195 5242 ἄψυχος
3242 5171 3363 5224 οὐδὲ
3397 5170 3654 5238 ἀκίνητος
3693 5172 3723 5223 ὀ
3764 5174 3852 5240 φί-

2273 5273 2363 5335 λος
2392 5272 2491 5342 τὴν
2547 5270 2739 5339 φύσιν·
2782 5270 2846 5322 ἐκ
2876 5267 2968 5321 τοῦ
3031 5268 3271 5335 χείρονος
3307 5266 3340 5333 ἡ
3392 5264 3614 5333 τοιαύτη
3656 5266 3853 5333 χρῆσις

2275 5362 2368 5416 τοῦ
2393 5362 2834 5433 παραδείγματος
2851 5376 2863 5389 ·
2898 5361 2993 5412 καὶ
3012 5360 3040 5410 ὁ
3062 5358 3160 5427 τὴν
3185 5354 3441 5426 ἁρπαγὴν
3466 5354 3642 5421 λέγων
3679 5354 3852 5408 δεδιέ-

2276 5474 2402 5521 ναι,
2453 5457 2551 5524 τῆς
2604 5454 2806 5516 εἰκόνος
2853 5448 3194 5505 ἐπιϐουλεύει
3250 5448 3311 5500 τὸ
3336 5448 3627 5517 χρήσιμον.
3691 5449 3854 5503 Ἀλλά

2272 5550 2435 5618 φοϐῇ,
2464 5547 2539 5617 μὴ
2569 5546 2837 5616 ἅρπαγμα
2867 5546 2981 5608 τοῖς
3019 5542 3217 5612 λοχῶσι
3244 5541 3484 5608 γένηται.
3523 5540 3637 5592 Καὶ
3680 5541 3737 5592 τί
3778 5543 3852 5611 μὴ

2272 5641 2450 5709 λέγεις
2500 5639 2719 5705 ἁπλῶς;
2771 5637 2907 5694 ἀλλὰ
2966 5634 3232 5707 φοϐοῦμαι
3295 5634 3369 5703 μὴ
3398 5631 3562 5695 αὑτὸς
3608 5634 3853 5698 ἀποστὰς
