4046 6408
212 365 322 429 913

1363 366 1897 428 EPISTOLARUM
1936 369 2168 431 LIBER
2207 373 2284 432 Π.

3347 372 3452 436 914

207 479 244 547 ἡ
255 474 371 545 μῶν
403 470 545 543 μετὰ
588 472 697 525 τῶν
720 472 1003 543 λοχώντων
1047 474 1269 544 γένηται
1290 489 1305 504 ⁸
1355 476 1428 546 μὴ
1459 476 1783 545 ὲπιλήσηται

1889 479 2051 535 simos
2093 490 2214 537 tuos
2266 483 2439 552 palam
2490 483 2774 537 nominare
2867 483 2889 535 ?
2939 482 3058 538 Noli
3118 486 3463 555 temetipsum

209 563 415 633 φιλίας,
449 561 646 627 πόνων,
683 561 885 625 ἄθλων,
916 562 1009 625 οὓς
1032 563 1122 616 διὰ
1140 563 1372 633 Χριστὸν
1429 564 1525 618 καὶ
1558 564 1655 636 τὴν
1679 564 1778 617 αύ-

208 652 308 707 τοῦ
350 650 675 721 Ἐκκλησίαν
697 651 1029 722 ἠνέγκαμεν.
1058 653 1243 715 Οὖτως
1268 655 1295 706 ὁ
1319 652 1493 721 λέγων
1524 654 1615 707 καὶ
1638 654 1776 707 ἀπο-

1878 572 2213 628 distractioni
2267 574 2556 644 subjicere,
2607 576 2679 629 ita
2718 583 2780 629 ut
2838 574 3128 629 candorem
3178 575 3374 629 amoris
3410 584 3466 631 et

1880 667 2223 736 splendorem
2264 666 2333 719 ‘in
2395 666 2728 737 nigredinem
2804 678 3089 721 convertas
3151 665 3462 719 inimicitia-

209 743 504 798 καλύπτων
540 742 642 809 τῆς
674 742 915 809 ἀγωνίας
940 743 1000 795 τὸ
1017 745 1207 806 αἴτιον,
1237 745 1329 797 καὶ
1353 745 1422 797 τὰ
1449 746 1644 798 ἑαυτοῦ
1672 765 1779 816 χω-

1889 773 2023 811 rum.
2047 757 2164 813 Noli
2203 757 2274 811 ita
2312 756 2660 811 meticulosus
2682 772 2821 821 esse,
2857 767 2917 811 ut
2964 757 3037 811 tui
3073 757 3303 810 instituti
3330 757 3461 810 soli-

210 834 301 900 (.1;
329 833 578 904 μηχανῆς
606 835 856 903 πράττει,
890 835 985 888 καὶ
1015 836 1106 888 τὸν
1130 836 1303 888 αῖτιον
1334 837 1504 905 ῥᾷστα
1532 837 1776 908 διορθοῦ-

206 944 321 991 ται,
351 928 444 980 καὶ
486 926 720 980 δεικνύει
776 926 1000 999 θαρρεῖν
1029 928 1240 990 ἑαυτὸν,
1290 924 1371 991 οἷς
1403 929 1672 982 ἐπικαλεῖ.
1719 931 1779 981 '0

207 1017 269 1070 δὲ
298 1019 504 1089 σκηνὴν
523 1021 757 1087 πηγνὺς,
782 1015 901 1073 εἶτα
920 1020 1348 1091 δραματουργῶν
1373 1022 1429 1073 ὲν
1453 1022 1611 1090 αὐτῇ,
1645 1022 1782 1090 μετὰ

208 1112 559 1178 προσωπείου
583 1112 641 1163 τὸ
664 1112 1005 1183 βλάσφημον,
1034 1113 1153 1165 ἀντὶ
1190 1112 1285 1164 τοῦ
1327 1113 1532 1183 σκηνὴν
1575 1116 1783 1185 ἑτέροις

209 1200 522 1270 προϐαλεῖν,
580 1201 900 1273 λαϐύρινθον
955 1203 1133 1271 ἑαυτῷ
1160 1205 1409 1259 λανθάνει
1440 1207 1740 1276 περιτιθείς
1765 1226 1778 1239 ο

208 1291 289 1354 ὡς
324 1292 420 1344 καὶ
443 1291 537 1344 νῦν
562 1295 694 1362 ὁρᾷς
723 1294 823 1347 ούκ
853 1295 999 1348 ἔστιν
1056 1294 1312 1360 ἐξελθεῖν.
1382 1296 1520 1350 Ἀλλ’
1551 1298 1672 1351 ὅθεν
1719 1300 1784 1353 ἄν

207 1398 295 1443 τις
321 1383 598 1453 προκύψαι
630 1387 937 1458 πειραθείη,
963 1389 1290 1443 ἀπαντῶσαν
1309 1389 1421 1461 ἔχει
1452 1392 1785 1461 πανταχόθεν

211 1471 308 1523 τοῦ
341 1471 665 1543 λαϐυρίνθου
720 1477 819 1546 τὴν
850 1480 1214 1548 κατασκευήν.
1276 1480 1460 1547 Χωρὶς
1522 1479 1632 1551 γὰρ
1676 1479 1783 1533 τῶν

213 1564 544 1634 εἰρημένων,
576 1568 624 1618 εί
659 1568 756 1636 μὲν
784 1568 878 1620 νῦν
898 1568 1099 1640 δειλιᾷς
1129 1570 1228 1641 τὴν
1250 1571 1452 1639 φιλίαν,
1488 1571 1539 1623 τί
1581 1570 1655 1642 μὴ
1703 1572 1785 1642 ῥί-

213 1672 356 1725 πτῃς
378 1664 423 1721 ο,
459 1656 493 1727 ἥ
518 1674 577 1710 σε
612 1657 700 1711 διὰ
727 1658 844 1727 βίου
878 1659 1175 1713 σαλεύουσα
1201 1660 1385 1725 παίζει
1415 1678 1429 1725 ;
1461 1662 1522 1713 Et
1545 1661 1601 1714 δὲ
1624 1660 1786 1733 ἐθάρ-

213 1749 415 1814 ρηκας,
446 1747 561 1809 πῶς
600 1750 663 1801 ὲκ
693 1748 788 1802 τοῦ
813 1751 1099 1821 παρόντος,
1134 1752 1229 1805 καὶ
1255 1753 1381 1822 περὶ
1409 1752 1516 1804 τῶν
1564 1752 1784 1821 μελλόν-

1882 849 2128 914 ditatem,
2186 856 2240 903 et
2288 858 2488 902 statum
2530 847 2889 917 undequaque
2951 848 3238 916 aequalem,
3297 856 3461 915 atque

1884 938 2002 991 labe
2029 938 2177 991 omni
2211 938 2533 999 immunem,
2570 936 2623 989 in
2644 937 2870 1005 angulos
2895 937 3189 1006 inaequales
3217 937 3464 991 confictae

1883 1027 2154 1096 Opinionis
2190 1026 2465 1082 collidere.
2504 1025 2609 1081 Sed
2642 1042 2827 1080 curam
2873 1026 3159 1096 dejiceris,
3207 1042 3275 1080 ne
3321 1026 3460 1080 forte

1885 1119 2027 1187 quod
2073 1119 2523 1188 pretiosissimam
2552 1128 2634 1173 est
2707 1118 2971 1173 violenter
3023 1135 3053 1172 a
3103 1130 3153 1172 te
3199 1120 3459 1186 rapiatur.

1885 1209 2106 1263 Amicus
2146 1226 2253 1262 non
2285 1219 2369 1264 est
2407 1211 2525 1263 sine
2548 1209 2751 1273 anima,
2802 1224 2904 1263 nec
2931 1208 3224 1263 immobilis
3266 1218 3461 1261 natura

1887 1317 2031 1363 sua;
2082 1318 2111 1355 a
2163 1311 2315 1371 parte
2366 1301 2632 1356 deteriore
2681 1302 2966 1356 deducitur
3016 1301 3176 1369 hujus
3226 1300 3459 1368 exempli

1887 1408 2039 1446 usus.
2075 1393 2123 1446 Is
2148 1394 2236 1461 qui
2271 1409 2329 1447 se
2353 1394 2486 1447 dicit
2514 1393 2757 1463 rapinam
2789 1402 3052 1457 metuere,
3090 1392 3231 1460 quod
3263 1391 3316 1444 in
3346 1392 3460 1459 ipsa

1888 1485 2120 1554 imagine
2172 1485 2299 1538 utile
2330 1484 2561 1539 habetur
2587 1526 2600 1548 ,
2644 1486 2784 1539 idem
2815 1492 3089 1555 oppugnat
3131 1498 3195 1537 ex
3229 1482 3454 1536 insidiis.

1890 1576 2084 1630 Metuis
2134 1591 2315 1645 porro,
2358 1592 2426 1628 ne
2456 1575 2837 1630 insidiantibus
2872 1575 3049 1645 przeda
3082 1574 3214 1638 ﬁat;
3271 1570 3458 1641 quidni

1889 1677 2067 1721 autem
2093 1661 2639 1719 discrtim'allirmas?
2685 1681 2877 1719 vereor
2902 1680 2970 1718 ne
3016 1665 3261 1718 desertor
3287 1665 3455 1716 nostri

1895 1757 1963 1811 ad
2006 1764 2187 1825 partes
2237 1770 2295 1809 se
2329 1755 2624 1808 transferat
2662 1754 3082 1819 insidiatorum;
3141 1767 3334 1806 vereor
3386 1765 3457 1804 ne

210 1854 324 1889 των
353 1837 413 1889 ού
444 1837 737 1908 λαμϐάνεις
761 1842 858 1912 τὴν
884 1814 1219 1911 άσφάλειαν;
1252 1814 1366 1899 ἀλλ’
1388 1843 1469 1909 οἷς
1499 1814 1596 1915 μὲν
1620 1847 1781 1918 ἔχεις,

1890 1848 2241 1903 obliviscatur
2289 1846 2562 1910 amicitiae,
2592 1846 2863 1908 laborum,
2904 1844 3285 1907 certaminum,
3337 1857 3459 1908 quae

210 1928 275 1980 οὐ
310 1929 521 1999 χαίρεις
543 1947 559 1961 ·
587 1931 622 1984 ἂ
648 1932 689 1983 δ’
728 1934 997 2000 ὑπονοεῖς,
1044 1938 1119 2000 ὡς
1142 1938 1233 1990 ὑπ’
1266 1937 1446 1991 αὐτῶν
1492 1940 1788 2011 κατειλημ-

215 2021 399 2089 μένος,
435 2023 638 2085 στένεις
662 2041 675 2054 ·
704 2025 903 2094 μᾶλλον
925 2028 969 2080 δ’
1000 2029 1065 2082 ἄν
1101 2047 1185 2092 τις
1223 2030 1407 2099 ἔτερος
1454 2032 1683 2085 αίτιάσοι
1728 2034 1788 2086 τὸ

214 2112 300 2181 (οὐ
330 2112 437 2182 γὰρ
470 2113 644 2183 ἔγωγε
678 2116 744 2169 ἂν
772 2118 959 2189 φαίην)
983 2110 1060 2183 ib;
1084 2122 1142 2187 ἐξ
1166 2116 1241 2174 ὦν
1274 2123 1400 2193 περὶ
1426 2123 1535 2175 τῶν
1565 2125 1786 2193 μελλόν-

211 2222 321 2256 των
349 2206 735 2276 τεθορύϐησαι,
768 2210 915 2281 ἔργῳ
947 2212 1049 2267 κᾶν
1086 2216 1161 2285 μὴ
1183 2214 1324 2286 λόγῳ
1349 2216 1685 2287 διομολογῇς,
1712 2216 1787 2279 ὡς

210 2296 334 2348 οὐδὲ
359 2298 427 2351 τὰ.
444 2301 686 2369 παρόντα
715 2319 797 2355 σοι
824 2293 1104 2375 πέπηγεν*
1141 2306 1254 2359 ἀλλ’
1304 2309 1485 2378 ἡμεῖς,
1521 2303 1566 2361 ὦ
1612 2308 1785 2378 φίλος,

212 2380 303 2437 οἷα
356 2387 609 2459 λέγομεν,
666 2393 814 2446 ἁπλᾶ
853 2395 949 2447 καὶ⁸
995 2397 1142 2467 σαφῆ
1204 2400 1616 2453 συνεπισκόπει.
1674 2402 1789 2454 Οὐκ

212 2478 497 2549 ἐπιτρέπω
530 2482 629 2551 μέν
652 2500 732 2538 σοι
761 2486 1050 2555 προδοῦναι
1097 2488 1189 2540 τὸν
1221 2490 1568 2559 μαργαρίτην
1590 2507 1602 2520 ⁸
1651 2492 1787 2545 ἀλλὰ

216 2567 348 2638 μηδ’
380 2571 701 2642 εὐπρόδοτον
723 2575 959 2644 λογίζου·
995 2579 1153 2631 τοῦτο
1184 2580 1294 2651 γὰρ
1326 2582 1433 2649 πρὸ
1459 2582 1670 2636 ἐκείνου
1695 2602 1786 2637 πι-

212 2663 452 2733 κροτέρα
478 2666 677 2733 μᾶλλον
704 2671 799 2722 καὶ
830 2670 1101 2742 βαθυτέρα
1138 2672 1416 2742 προδοσία.
1459 2675 1550 2744 Μὴ
1575 2676 1788 2745 προδῷς

213 2751 308 2802 τὸν
351 2751 441 2805 σὸν
467 2758 834 2828 μαργαρίτην,
864 2760 1000 2812 ἀλλὰ
1028 2761 1149 2831 μηδ’
1181 2761 1504 2833 ἀναίσθητον
1542 2766 1635 2817 καὶ
1659 2765 1783 2816 ἀκί-

215 2861 377 2913 νητον
407 2847 639 2914 ὑπονόει,
676 2851 809 2919 μηδὲ
830 2854 941 2915 τοῖς
970 2853 1183 2923 ἐχθροῖς
1212 2855 1293 2917 εἰς
1321 2854 1520 2909 ἅλωσιν
1563 2855 1785 2927 πρόχει-

215 2953 311 3008 ρον
331 2954 343 2967 '
380 2937 454 3009 μὴ
484 2938 652 2992 δειλία
685 2942 784 3010 τὴν
809 2942 1010 3010 φιλίαν
1045 2944 1200 3014 ὕϐρις
1230 2944 1348 2997 ἐστὶ
1386 2946 1602 3011 πάντως
1628 2947 1661 3018 ἢ
1692 2947 1787 3001 τοῦ

212 3029 600 3102 δειλιῶντος,ἢ
648 3035 777 3104 περὶ
801 3029 877 3088 ὧν
924 3035 1317 3107 δειλαινόμεθα.
1382 3039 1485 3091 Τὸν
1533 3040 1632 3109 μὲν
1679 3041 1787 3112 γὰρ

1887 1956 1986 2011 pro
2025 1939 2243 1995 Christo
2273 1939 2605 1993 sustinemus
2648 1947 2702 1992 et
2726 1936 2984 1991 Ecclesia.
3037 1935 3160 1989 Haec
3189 1936 3279 2004 qui
3328 1950 3459 2003 pro-

1887 2030 2121 2095 nuntiat,
2150 2038 2205 2083 et
2232 2038 2410 2083 metus
2440 2028 2524 2081 sui
2547 2041 2764 2082 causam
2799 2026 2879 2080 sic
2907 2025 3133 2089 revelat,
3160 2039 3277 2078 rem
3305 2038 3459 2077 suam

1887 2123 1997 2189 agit
2032 2121 2150 2174 sine
2184 2119 2451 2184 machina,
2506 2126 2562 2174 et
2598 2133 2724 2173 eum
2778 2117 2934 2171 facile
2966 2116 3175 2170 reducit
3206 2115 3261 2169 in
3314 2114 3457 2169 viam

1888 2221 2088 2267 rectam
2113 2212 2204 2280 qui
2235 2221 2318 2265 est
2342 2212 2400 2264 in
2434 2211 2613 2280 culpa,
2657 2218 2713 2264 et
2743 2225 2801 2264 se
2835 2210 2890 2262 in
2920 2208 2985 2262 iis
3012 2222 3160 2275 spem
3183 2221 3334 2260 suam
3361 2222 3458 2276 po-

1887 2320 2019 2359 nere
2074 2304 2334 2375 agnoscit,
2382 2318 2518 2373 quos
2546 2302 2774 2357 advocat
2807 2302 2864 2354 in
2911 2298 3192 2353 auxilium.
3240 2302 3311 2353 At
3364 2297 3457 2367 qui

1888 2413 2106 2453 scenam
2137 2396 2344 2459 statuit,
2385 2406 2439 2450 et
2474 2396 2527 2449 in
2579 2395 2722 2449 illam
2751 2393 3045 2448 introducit
3091 2401 3323 2455 actores,
3364 2391 3458 2460 qui

1887 2500 2148 2559 personas
2172 2490 2472 2544 maledictis
2501 2489 2794 2550 incessant,
2828 2502 2925 2557 pro
2956 2500 3118 2541 scena
3149 2500 3308 2554 quam
3340 2484 3460 2539 aliis

1887 2583 2190 2645 adornavit,
2216 2597 2336 2635 sese
2377 2580 2552 2635 induit
2589 2580 2645 2633 in
2669 2578 3059 2648 labyrinthum,
3088 2575 3253 2637 unde,
3311 2574 3457 2642 quod

1888 2672 2046 2727 facile
2083 2680 2327 2741 apparet,
2349 2686 2459 2725 non
2484 2670 2611 2724 licet
2638 2668 2931 2733 extricari;
2970 2667 3063 2721 sed
3106 2680 3263 2735 aqua
3302 2674 3458 2734 parte

1888 2763 2010 2832 quis
2055 2762 2365 2832 prospicere
2430 2759 2743 2821 tentaverit,
2788 2768 3040 2814 occursat
3090 2757 3138 2811 ei
3161 2755 3457 2828 labyrinthi

1888 2864 2140 2924 paratura
2175 2866 2271 2919 ;ut
2294 2853 2362 2907 ad
2394 2868 2476 2914 ea,
2520 2867 2641 2921 qua:
2666 2851 2823 2905 allata
2857 2859 3003 2913 sunt,
3043 2863 3153 2902 non
3185 2848 3455 2913 attendas,

1888 2946 1931 2998 si
1968 2946 2146 3001 adhuc
2170 2961 2316 3001 nunc
2342 2944 2633 2999 amicitiam
2667 2942 3004 3007 reformides,
3030 2940 3158 3010 quid
3181 2953 3288 2993 non
3311 2940 3454 2992 illam

1887 3039 2097 3107 abjicis,
2121 3054 2244 3108 quae
2275 3037 2352 3092 sic
2384 3045 2435 3091 te
2466 3052 2560 3105 per
2584 3044 2750 3090 totam
2771 3044 2915 3088 tuam
2945 3034 3107 3087 vitam
3133 3032 3457 3104 exagitando

216 3124 565 3212 μαργαρίτην
596 3125 797 3196 ἐξαίρει
851 3128 951 3197 τῆς
984 3129 1165 3193 αίτίας
1190 3129 1251 3181 τὸ
1296 3130 1501 3200 ἄψυχον
1522 3148 1536 3162 ·
1567 3133 1659 3185 τὸν
1687 3134 1782 3187 άν-

1890 3130 2143 3185 deludit?
2194 3126 2347 3194 Quod
2369 3128 2413 3184 si
2446 3127 2736 3197 aliquando
2772 3124 3101 3188 conﬁdebas,
3130 3139 3228 3178 cur
3253 3139 3362 3177 non
3402 3132 3459 3177 et

215 3209 433 3280 θρωπον
458 3213 515 3265 δὲ
547 3214 696 3268 οὐδὲν
722 3216 824 3278 ’ἐως
856 3218 921 3270 ἂν
954 3218 1238 3289 ἄνθρωπος
1266 3220 1427 3294 μένῃ,
1459 3224 1549 3275 καὶ
1582 3226 1678 3291 τῆς
1698 3224 1784 3277 ἐπ’

211 3303 384 3370 ἄμφω
444 3306 616 3375 ῥοπῆς
656 3307 879 3379 Κύριος.
913 3308 978 3361 Τί
1039 3311 1204 3377 ἄλλο;
1267 3314 1358 3383 Μὴ
1426 3313 1611 3381 νόμιζε
1661 3318 1787 3379 τοὺς

213 3393 408 3461 ἁγίους
435 3396 639 3467 ταύτην
670 3399 767 3470 τὴν
794 3400 992 3454 δειλίαν
1022 3405 1239 3471 νοῆσαι’
1285 3405 1360 3474 μὴ
1392 3405 1456 3457 σύ
1482 3422 1568 3473 γε,
1596 3400 1640 3458 ὦ
1666 3407 1787 3476 βέλ-

211 3503 387 3551 τιστε,
423 3489 543 3560 μηδ’
569 3492 660 3543 ἐπὶ
682 3491 853 3563 ταύτῃ
898 3494 1138 3565 καθαρὸς
1169 3496 1387 3549 ἀπιέναι
1430 3496 1637 3566 μώμων
1660 3516 1673 3529 ·
1714 3500 1788 3571 μὴ

214 3581 301 3632 ὅτι
341 3597 404 3649 γε
436 3585 714 3651 στεφάνων
749 3586 845 3638 σὺν
878 3587 1059 3650 αὐτοῖς
1088 3586 1395 3653 τεύξεσθαι.
1420 3589 1788 3663 Οὖτωςήμεῖς

218 3690 304 3727 σοι
339 3677 793 3746 προσφερόμεθα·
829 3678 973 3732 οὓτω
998 3680 1089 3733 καί
1110 3698 1168 3734 σε
1197 3682 1405 3752 πρέπον
1444 3683 1575 3752 ἡμῖν
1617 3703 1788 3755 προσ-

214 3764 510 3833 φέρεσθαιο
542 3768 929 3839 ἐπιτιμηθῆναι
959 3770 1074 3835 δεί;
1135 3771 1390 3839 καθαρῶς
1441 3775 1786 3844 ἐπιτίμησον.

213 3855 387 3909 Οὐδὲν
416 3858 660 3924 ἀπαίτει,
720 3861 854 3931 μηδὲ
887 3863 1025 3932 μετὰ
1054 3863 1251 3934 τέχνης
1279 3865 1536 3918 ἐπίϐαλλε
1555 3883 1569 3895 ·
1620 3868 1790 3937 ἀφορ-

217 3948 328 4017 μὰς
358 3948 667 4020 δεδώκαμεν
689 3953 922 4017 δειλίας;
964 3953 1166 4018 ταύτας
1187 3956 1451 4023 ὲπιδείξον
1474 3975 1486 3987 ·
1514 3960 1614 4013 ούκ
1645 3960 1791 4031 ἔχεις

216 4041 415 4092 εἰπεῖν·
466 4041 603 4111 μηδὲ
634 4043 693 4093 ὲν
716 4044 921 4113 ἐχθρῶν
950 4044 1247 4117 προσώπῳ,
1278 4047 1399 4101 καθ’
1425 4050 1459 4118 ἡ
1471 4048 1584 4118 μῶν
1621 4050 1787 4121 ῥίπτῃ

212 4131 308 4183 τὸν
327 4130 547 4184 δνειδον³
587 4137 680 4185 καὶ
721 4135 891 4205 μυρία
923 4135 967 4187 δ’
1025 4135 1092 4189 ἂν
1121 4138 1403 4208 κατόψαιτ⁹
1431 4140 1495 4193 ἄν
1528 4157 1632 4205 τις,
1681 4143 1790 4195 ἀπὸ

211 4224 324 4274 τῶν
354 4223 635 4295 ὑμετέρων
668 4226 1009 4299 γραμμάτων
1052 4228 1462 4297 προκύπτοντα·
1510 4232 1622 4284 ἀλλ’
1662 4232 1790 4295 ἴσως

214 4317 313 4367 καὶ
337 4314 507 4368 ταῦτα
529 4317 709 4380 πλέον,
734 4318 767 4388 ἢ
801 4321 919 4371 κατ’
945 4320 1231 4388 ἐπιστολῆς
1261 4321 1476 4390 νόμους.
1504 4323 1576 4375 Τὸ
1605 4322 1790 4376 λοιπὸν

215 4406 471 4475 ἀνδρίζου
514 4407 612 4476 τὴν
665 4410 871 4478 φιλίαν,
912 4412 1005 4463 καὶ
1052 4411 1282 4473 ἔκτεινε,
1332 4412 1429 4464 καὶ
1458 4414 1748 4467 κατευοδοῦ
1773 4431 1786 4445 ο

1891 3224 1945 3277 in
1984 3222 2264 3293 praesenti,
2302 3238 2396 3292 per
2440 3230 2639 3276 statum
2666 3235 2792 3273 eum
2830 3218 2921 3287 qui
2965 3225 3048 3271 est
3079 3226 3133 3271 et
3162 3217 3227 3270 de
3276 3216 3459 3270 futuro

1889 3316 1985 3369 tibi
2011 3315 2247 3384 acquiris
2273 3314 2665 3369 securitatem?
2691 3311 2795 3367 Sed
2822 3313 2889 3365 de
2918 3311 3078 3364 rebus
3103 3309 3460 3380 praesentibus

1889 3406 2113 3459 minime
2162 3404 2383 3466 laetaris,
2421 3419 2542 3472 qua:
2582 3402 2873 3472 suspicaris
2919 3400 3119 3466 futura,
3148 3418 3257 3455 non
3305 3402 3462 3455 aliter

1890 3496 2083 3565 gemis,
2114 3511 2273 3565 quam
2305 3495 2350 3549 si
2385 3494 2575 3547 iisdem
2607 3493 2938 3547 constrictus
2959 3493 3240 3545 tenereris.
3265 3493 3459 3547 Adhuc

1890 3588 2063 3658 magis
2108 3598 2162 3640 te
2195 3592 2412 3640 accuset
2446 3583 2640 3652 aliquis
2669 3584 2739 3651 (is
2769 3583 2913 3637 enim
2943 3590 3158 3652 egomet
3188 3598 3293 3635 non
3342 3598 3461 3650 pro-

1890 3678 2047 3732 ﬁteor
2090 3676 2232 3747 esse)
2281 3674 2426 3745 quod
2482 3684 2758 3743 utcunque
2794 3688 2904 3727 non
2940 3673 3108 3727 verbo
3162 3688 3222 3726 re
3279 3682 3456 3725 tamen

1891 3771 2007 3841 ipsa
2065 3771 2356 3840 profiteris,
2386 3783 2455 3822 ex
2494 3766 2562 3820 iis
2602 3782 2721 3837 qum
2761 3774 2986 3820 ventura
3019 3774 3169 3829 sunt,
3209 3765 3355 3834 quod
3408 3773 3467 3817 te

1892 3860 2241 3922 conturbant,
2272 3870 2323 3913 te
2358 3874 2427 3913 ne
2465 3856 2684 3928 quidem
2719 3854 3078 3924 praesentibus
3107 3854 3367 3908 adhibere
3394 3852 3461 3905 fi-

1890 3949 2031 4003 dem.
2066 3947 2145 4001 Tu
2164 3955 2366 4010 autem,
2390 3947 2561 4000 amice
2582 3945 2674 4011 mi,
2701 3960 2822 4013 quae
2855 3960 2884 3998 a
2912 3958 2998 3997 me
3021 3944 3296 4007 dicuntur,
3328 3942 3459 3997 sim.-

1889 4040 2099 4111 pliciter
2153 4051 2208 4095 et
2237 4048 2421 4109 aperte
2478 4039 2639 4092 velim
2668 4036 3015 4103 consideres;
3056 4052 3166 4090 non
3205 4037 3461 4106 permitto

1890 4142 1943 4186 te
1973 4142 2117 4185 tuam
2142 4132 2373 4200 prodere
2394 4129 2760 4200 margaritam,
2790 4144 2911 4197 quae
2935 4137 3116 4182 tamen
3151 4127 3309 4183 facile
3336 4144 3463 4198 pro-

1891 4224 1943 4280 di
1974 4239 2083 4277 non
2134 4232 2311 4291 potest
2338 4239 2352 4286 ;
2385 4230 2470 4275 est
2497 4220 2611 4274 haec
2636 4228 2763 4272 ante
2791 4218 2935 4271 illam
2958 4219 3203 4273 acerbior
3229 4228 3284 4272 et
3330 4234 3461 4289 pro-

1890 4314 2056 4369 funda
2096 4312 2267 4383 magis
2298 4310 2551 4382 proditio.
2574 4307 2651 4362 Ne
2684 4318 2830 4363 tuam
2854 4308 3052 4378 prodas
3078 4308 3457 4379 margaritam;

1892 4405 1988 4459 sed
2015 4418 2117 4457 nec
2138 4404 2467 4457 insensatam
2493 4401 2652 4455 crede
2680 4401 2766 4454 vel
2788 4400 3141 4465 immobilem,
3165 4416 3265 4454 nec
3287 4400 3463 4455 hosti-

213 4500 344 4561 τοὺς
374 4500 642 4569 πειρατὰς
673 4501 769 4553 κα)⁵
791 4501 1085 4571 λοχῶντας,
1120 4503 1216 4555 καὶ
1236 4486 1361 4555 είτι
1386 4502 1515 4556 ἄλλο
1546 4522 1785 4576 κακουρ-

1893 4496 1928 4549 li
1958 4495 2249 4565 direptioni
2276 4494 2607 4563 expositam:
2640 4493 2935 4547 amicitiam
2967 4508 3035 4545 ne
3077 4495 3344 4557 metuito;
3378 4503 3466 4547 est

214 4589 315 4656 γὸν
344 4589 521 4657 γένος,
550 4592 628 4655 είς
646 4592 743 4663 τὴν
768 4593 867 4660 τῆς
891 4593 1152 4663 αἰσχύνης
1171 4594 1406 4648 άπωθῶν
1429 4597 1522 4648 καὶ
1551 4595 1783 4665 βυθίζων

216 4681 494 4735 θάλασσαν
532 4697 546 4711 ⁸
586 4684 781 4735 σαυτὸν
808 4684 852 4736 δ’
883 4685 1090 4749 ἐκεῖθεν
1121 4686 1368 4753 ἀνάγων,
1407 4686 1498 4739 τὸν
1537 4688 1785 4758 λαμπρό-

214 4773 377 4825 τατόν
403 4790 494 4825 σου
514 4772 781 4843 λαμπρῶς
806 4775 1121 4845 περιφέρων
1149 4775 1496 4846 μαργαρίτην
1515 4791 1530 4807 ⁸
1554 4776 1656 4830 κᾶν
1680 4780 1788 4842 πᾶς

215 4864 497 4935 ὀφθαλμὸς
520 4866 656 4935 πρὸς
683 4866 844 4920 αὑτὸν
868 4866 1283 4937 ὲπιστρὲψηται,
1310 4868 1343 4938 ἢ
1375 4868 1789 4940 ὲποφθαλμιῶν,

216 4957 250 5025 ἣ
289 4956 576 5009 ἀπολαύων
604 4957 696 5010 τοῦ
726 4957 973 5025 κάλλους,
1008 4958 1127 5011 ὅλον
1176 4958 1319 5028 ἔχειν
1349 4961 1499 5029 παρὰ
1561 4963 1642 5014 σοὶ
1674 4964 1791 5015 κεί-

221 5064 385 5117 μενον
418 5048 623 5117 νόμιζε.
684 5049 868 5103 Ταῦτα
931 5051 1140 5115 παίζων
1198 5050 1312 5121 ἅμα
1346 5053 1438 5104 καὶ
1475 5053 1790 5118 σπουδάζων

217 5139 441 5207 ἔγραψα
465 5153 477 5166 ⁶
512 5140 691 5203 παίζω
721 5140 839 5211 μὲν,
874 5142 960 5195 ἵνα
996 5142 1161 5212 γνῷς,
1218 5143 1293 5205 ὡς
1349 5145 1464 5196 ἐστὶ
1514 5145 1607 5197 καὶ
1661 5148 1792 5216 ἡμῖν

218 5234 858 5304 καταρῤητορευομένοις
879 5235 983 5288 ὑπὸ
1020 5238 1128 5289 τῶν
1184 5236 1534 5306 σφριγῶντων
1564 5238 1662 5309 τὴν
1696 5241 1793 5309 ῥη·

215 5323 431 5391 τορίαν,
465 5324 679 5396 ἀμύνης
730 5327 904 5398 ἀκμὴ,
942 5328 1036 5381 καὶ
1065 5328 1221 5396 λόγος
1253 5328 1398 5383 λύων
1444 5332 1758 5401 σοφίσματα
1780 5349 1793 5361 ’

220 5416 539 5481 σπουδάζων
569 5418 644 5482 δὲ,
679 5419 765 5472 ἵνα
798 5421 993 5490 μηκέτι
1022 5422 1192 5486 δειλὸς
1220 5418 1305 5494 ᾖς,
1334 5423 1461 5493 περὶ
1510 5417 1584 5475 ὧν
1628 5440 1790 5493 προσ-

1894 4589 2040 4643 enim
2067 4587 2225 4656 plane
2256 4585 2385 4639 illud
2427 4584 2625 4654 injuria
2656 4584 2741 4637 vel
2772 4585 3081 4642 metuentis.
3117 4584 3201 4636 vel
3252 4583 3319 4637 de
3351 4584 3465 4651 quio

1892 4684 1995 4737 bus
2052 4680 2362 4734 metuimus.
2400 4677 2743 4747 Margaritam
2778 4676 2935 4745 culpa
2970 4675 3176 4739 eximit,
3202 4675 3345 4743 quod
3395 4675 3467 4730 sit

1895 4774 2254 4829 inanimatum
2304 4771 2434 4841 quid
2467 4769 2782 4833 ;hominem
2815 4768 2952 4821 nihil
3004 4768 3465 4835 cximetquandiu

1892 4874 2080 4920 manet
2117 4865 2298 4928 homo,
2357 4870 2413 4915 et
2448 4859 2703 4914 dominus
2734 4866 2820 4911 est
2860 4856 3223 4909 inclinationis
3254 4872 3366 4910 sua:
3410 4858 3467 4911 in

1895 4967 2181 5026 utramque
2227 4961 2457 5023 partem.
2486 4946 2695 5017 Ecquid
2730 4945 2877 4999 aliud
2918 4941 3123 4997 restat?
3154 4940 3271 4996 Noli
3309 4958 3467 4997 acce-

1894 5053 2025 5107 dere
2050 5056 2267 5105 sanctos
2296 5046 2443 5099 hunc
2462 5042 2708 5096 timorem
2730 5037 3079 5092 intellexisse.
3107 5034 3294 5105 Neque
3321 5035 3467 5091 enim

1898 5158 1953 5202 tu
2001 5147 2105 5199 hoc
2136 5140 2296 5196 modo
2339 5155 2369 5192 a
2401 5134 2823 5206 reprehensione
2876 5130 3134 5185 immunis
3177 5130 3411 5185 abiveris
3448 5148 3464 5195 ;

1898 5256 1999 5295 nec
2030 5252 2256 5293 coronas
2290 5249 2413 5288 cum
2452 5232 2556 5285 illis
2585 5242 2904 5284 communes
2942 5225 3328 5294 consequeris:
3381 5233 3466 5277 at-

1899 5346 2004 5401 que
2032 5329 2137 5382 hoc
2182 5324 2342 5379 modo
2369 5337 2468 5392 ego
2520 5329 2570 5374 te
2603 5318 2871 5372 allocutus
2902 5331 3061 5379 sum;
3102 5315 3177 5369 ita
3206 5323 3261 5369 et
3286 5323 3339 5367 te
3380 5328 3466 5366 me

1901 5422 2097 5491 alloqui
2152 5434 2251 5489 par
2278 5425 2406 5479 est;
2447 5414 2488 5468 si
2530 5412 2873 5480 correptione
2925 5424 3067 5481 opus
3102 5407 3194 5473 sit,
3254 5408 3467 5463 sincere

1508 5634 1744 5688 VARIIE
1782 5627 2191 5688 LECTIONES.

306 5799 330 5825 ο
358 5791 446 5845 ἵσ.
477 5793 709 5861 ῥίπτεις.
