4046 6460
509 375 612 438 915
1638 376 1903 436 PIIOTII
1941 378 2112 437 PATI

2216 378 2445 439 .RCHAE
2485 379 2590 440 CP.

507 488 772 560 corripias
804 489 968 544 velim
1001 507 1016 555 ;
1050 490 1162 545 noli
1191 489 1395 561 aliquid
1425 489 1757 561 efflagitare;
1791 491 1900 545 noli
1931 492 2088 561 quid-

2216 494 2332 562 ἡκεν
2359 494 2728 565 ἀνδρίζεσθαι.
2771 495 2834 550 'l-l
2862 495 2920 550 δὲ
2947 497 3389 569 παρακαταθήκη
3420 498 3512 567 (σὺ
3540 497 3598 552 δέ
3631 499 3796 554 πάλιν

505 599 670 654 quam
706 583 1000 639 artiﬁciose
1027 584 1262 653 adjicere
1291 602 1305 650 ;
1347 583 1664 638 occasiones
1687 583 2084 638 meticulosita-

2216 583 2415 650 ἱειλία),
2452 585 2548 637 καὶ
2577 583 2811 648 σώζεται
2837 587 2931 639 καὶ
2955 586 3284 658 σωθήσεται.
3725 614 3760 624 -

506 681 574 736 tis
626 681 921 737 dedimus?
972 681 1133 735 hasce
1181 679 1380 744 revela,
1437 680 1533 734 sed
1583 680 1829 750 proferre
1875 680 2092 750 nequis.
2133 677 2253 734 Noli
2277 680 2441 751 igitur
2500 691 2828 750 personatus
2867 681 3039 738 hostis
3074 682 3128 736 in
3193 699 3281 737 me
3312 683 3792 753 exprobrationem

506 778 814 846 projicere:
846 798 1076 851 quorum
1107 779 1239 834 satis
1281 785 1485 832 tantam
1518 776 1906 846 supellectilem
1946 791 1976 830 e
2011 775 2118 830 tuis
2191 775 2388 830 litteris
2436 776 2871 845 proreptantium
2910 777 3096 832 videre
3148 777 3316 842 licet;
3369 787 3426 830 et
3477 778 3598 832 haec
3655 777 3793 836 forte

507 867 756 936 pluribus
805 886 967 940 quam
1036 869 1338 923 secundum
1386 870 1535 940 leges
1579 867 1908 937 epistolicas.
1948 867 2102 932 Quod
2141 875 2331 933 restat,
2400 866 2616 922 fortiter
2653 875 2806 921 tuere
2860 868 3186 934 amicitiam;
3215 884 3333 922 eam
3360 869 3622 931 extende,
3646 879 3792 924 recta

509 955 738 1019 incede;
776 960 1001 1028 piratas,
1054 959 1422 1022 insidiatores,
1457 968 1512 1012 et
1569 967 1796 1012 caeteros
1823 957 2095 1012 maleficos
2133 957 2188 1012 in
2221 958 2446 1028 pudoris
2487 958 2711 1030 pelagus
2773 960 3034 1029 propelle,
3081 968 3136 1014 et
3163 960 3420 1032 demerge
3492 961 3790 1031 profundo.

508 1047 712 1118 Expedi
767 1060 818 1105 te
870 1051 1018 1116 inde,
1064 1062 1120 1106 et
1160 1050 1498 1120 splendidam
1546 1051 1694 1104 illam
1745 1051 2092 1121 margaritam
2172 1059 2322 1106 tuam
2372 1053 2656 1122 splendide
2697 1053 3070 1114 circumferto,
3140 1055 3330 1110 oculus
3377 1056 3697 1126 quicunque
3739 1055 3791 1108 in

508 1155 632 1197 eam
686 1153 1058 1207 convertetur,
1107 1143 1192 1198 vel
1223 1143 1565 1213 lippitudine,
1601 1143 1687 1197 vel
1743 1159 1842 1198 sua
1887 1143 2294 1214 pulchritudine
2362 1143 2651 1210 fruiscens,
2711 1155 2766 1199 tu
2792 1161 2972 1201 tamen
2993 1148 3138 1216 apud
3165 1156 3216 1202 te
3272 1147 3580 1219 depositam
3614 1156 3795 1203 custo-

511 1236 668 1290 dito:
717 1233 834 1290 lucc
882 1236 1078 1306 partim
1133 1237 1296 1297 serio,
1339 1236 1536 1306 partim
1585 1237 1710 1306 joco
1758 1237 1975 1306 scripsi.
2031 1237 2098 1290 Et
2137 1237 2259 1292 ideo
2319 1236 2540 1306 quidem
2601 1237 2774 1306 jocor,
2814 1248 2874 1292 ut
2913 1239 3181 1306 intelligas
3209 1241 3352 1308 apud
3417 1255 3504 1294 me
3559 1240 3795 1293 rhetori-

513 1337 726 1383 cantem
782 1343 904 1382 esse
935 1336 989 1382 et
1024 1328 1204 1398 vigere
1247 1329 1466 1383 ultionis
1507 1329 1699 1391 aciem,
1740 1340 1796 1383 et
1845 1330 2090 1385 solvendi
2127 1330 2467 1400 50phismata
2525 1330 2796 1384 scientem
2837 1331 3103 1386 orationis
3149 1333 3283 1398 vim,
3349 1332 3513 1388 abiis
3546 1333 3790 1388 edoctam

512 1421 602 1489 qui
639 1420 1009 1476 valentissime
1039 1421 1476 1478 rhetoricantur:
1511 1423 1654 1477 serio
1696 1436 1880 1478 autem
1909 1425 2106 1489 scribo,
2150 1441 2222 1478 ne
2259 1423 2516 1495 deinceps
2560 1425 2638 1479 sis
2666 1425 3044 1489 meticulosus,
3079 1425 3168 1480 ubi
3219 1425 3397 1480 virum
3431 1434 3606 1480 temet
3661 1441 3795 1494 pra:-

3686 383 3796 447 916

514 1527 658 1573 stare
708 1527 942 1588 Oportet.
989 1518 1307 1590 Depositum
1337 1535 1468 1575 vero
1491 1521 1636 1592 apud
1679 1535 1766 1576 me
1799 1528 1974 1588 tuum,
2029 1531 2084 1576 et
2123 1531 2376 1576 servatur
2415 1531 2492 1585 et,
2529 1521 2640 1576 noli
2675 1530 2942 1586 metuere,
2966 1522 3294 1577 servabitur.

1144 1657 1363 1712 EPIST.
1405 1659 1468 1714 C.

1209 1748 1412 1803 Eidem.

2820 1663 3042 1714 ΕΠΙΣΤ.
3081 1664 3157 1716 P'.

2853 1753 2936 1817 Τῷ
2969 1752 3150 1818 αὐτῷ.

1748 1871 2022 1921 Montacut.
2054 1870 2159 1932 (ep.
2183 1871 2294 1931 ειι,
2317 1885 2366 1934 p.
2396 1869 2530 1931 571).

589 1966 702 2022 Nec
750 1982 967 2023 scenam
994 1985 1094 2041 ego
1123 1986 1227 2026 nec
1266 1972 1536 2028 theatrum
1569 1975 1671 2029 sub
1699 1976 1797 2029 alis
1829 1977 1962 2031 meis
2008 1992 2099 2048 ge-

521 2068 674 2114 stans
697 2061 1006 2133 prodigiose
1047 2080 1168 2118 sum
1199 2065 1413 2120 locutus
1449 2083 1463 2128 ;
1495 2067 1588 2120 sed
1613 2069 1758 2136 quod
1783 2084 2001 2138 arquum
2038 2079 2096 2124 et

518 2151 727 2222 justum
755 2154 876 2219 fuit,
924 2155 1092 2211 libere
1125 2173 1223 2228 pro
1257 2159 1484 2214 veritate
1542 2161 1802 2226 constiti;
1843 2177 1944 2232 ego
1990 2178 2102 2217 non

523 2255 714 2298 contra
745 2246 968 2311 amicos,
999 2248 1094 2302 sed
1117 2258 1173 2303 et
1202 2265 1304 2304 nec
1335 2259 1521 2306 contra
1555 2251 1740 2306 hostes
1773 2253 1896 2314 tela,
1920 2269 2101 2319 arcus,

523 2335 654 2391 belli
679 2339 902 2393 ordines
930 2339 1142 2395 institui
1172 2386 1186 2406 ,
1233 2343 1412 2396 nullos
1441 2343 1648 2406 hostes.
1678 2345 1894 2414 clypeos
1931 2347 2110 2401 nullos

525 2429 789 2484 somniavi
818 2447 834 2497 ;
887 2441 946 2485 ut
975 2433 1152 2486 solent
1182 2433 1277 2498 illi,
1305 2434 1397 2503 qui
1436 2450 1557 2489 cum
1589 2451 1716 2490 aere
1759 2437 2108 2507 depugnant;

524 2521 620 2576 sed
650 2522 822 2578 libere
847 2523 1062 2578 locutus
1097 2541 1216 2580 sum
1249 2542 1348 2596 pro
1381 2527 1588 2583 amicis.
1626 2528 1781 2594 Quod
1814 2529 1858 2585 si
1900 2530 1996 2584 tibi
2025 2546 2112 2584 ar-

525 2616 689 2682 ridet,
732 2629 788 2671 ut
823 2617 892 2672 ab
924 2618 1198 2672 ulceribus
1235 2620 1351 2673 suis
1399 2619 1636 2674 Lazarus
1669 2621 1952 2687 liberetur,
1987 2623 2111 2692 qui-

525 2709 628 2764 bus
651 2709 1018 2776 conﬂictatur,
1048 2727 1150 2766 nec
1177 2712 1438 2782 deinceps
1469 2714 1536 2767 ab
1577 2714 1643 2767 iis
1674 2715 1979 2769 molestiam
2015 2730 2112 2784 pa-

526 2802 698 2857 tiatur
733 2819 748 2869 ;
774 2803 818 2858 si
839 2820 1058 2859 omnem
1088 2803 1352 2860 fluctuum
1398 2806 1768 2877 ingruentium
1798 2807 1906 2860 vim
1938 2808 1992 2861 in
2022 2819 2114 2862 ca-

525 2904 626 2966 put
650 2895 945 2966 pirataram
963 2908 1269 2963 convertas,
1293 2908 1407 2953 tum
1425 2899 1644 2954 demum
1657 2916 1806 2956 mare
1819 2901 1940 2956 vitae
1958 2902 2114 2955 istius

526 2987 645 3044 sine
662 2998 808 3044 metu
829 2990 1376 3062 licetnavigare.Vide
1393 3000 1595 3056 autem,
1615 2993 1758 3061 quod
1775 3007 1873 3064 ego
1890 2994 2114 3048 minime

2275 1975 2412 2029 Οὔτε
2440 1974 2643 2044 σκηνὴν
2673 1975 2764 2027 καὶ
2791 1973 3016 2044 θέατρον
3040 1973 3144 2027 ὑπὸ
3177 1973 3351 2044 μάλης
3391 1973 3658 2043 φέροντες
3680 1977 3792 2028 ἐτε-

2209 2067 2608 2139 ρατευσάμεθα·
2667 2067 2850 2137 δικαίᾳ
2897 2068 2953 2119 δὲ
2986 2067 3160 2135 λόγων
3195 2067 3482 2138 ἐλευθερίᾳ
3538 2069 3642 2136 τῆς
3673 2068 3798 2139 ἀλη-

2210 2163 2359 2225 θείας
2388 2163 2734 2233 προέστημεν
2755 2176 2768 2190 ·
2799 2158 2921 2213 οὔτε
2957 2160 3099 2214 κατὰ
3126 2160 3316 2229 φίλων,
3364 2161 3484 2212 ἀλλ’
3521 2161 3644 2212 οὐδὲ
3677 2162 3794 2214 κατ’

2211 2252 2420 2324 ἐχθρῶν
2449 2252 2806 2323 ὠπλισάμεθα
2837 2252 2962 2323 βέλη
2991 2254 3085 2305 καὶ
3111 2252 3240 2316 τόξα
3290 2253 3388 2306 καὶ
3425 2253 3792 2323 παρατάξεις·

2209 2346 2302 2397 καὶ
2332 2344 2619 2414 πολεμίους
2654 2345 2748 2396 καὶ
2778 2343 3010 2406 ἀσπίδας
3043 2343 3484 2414 ὀνειρώττοντες,
3528 2343 3723 2412 ὥσπερ
3749 2345 3797 2395 οἱ

2211 2437 2348 2506 πρός
2380 2437 2518 2506 ἀέρα
2543 2435 2906 2499 πυκτεύοντες
2933 2453 2945 2466 ·
2999 2436 3116 2488 ἀλλ’
3155 2436 3295 2505 ὑπὲρ
3341 2437 3514 2506 φίλων
3553 2438 3796 2505 ὲπαῤῥηο

2212 2527 2539 2597 σιασάμεθα.
2573 2529 2637 2582 Εἰ
2666 2527 2845 2597 βούλει
2869 2527 2946 2592 δὲ,
2984 2527 3078 2580 καὶ
3108 2527 3194 2580 ἵνα
3219 2529 3246 2581 ὁ
3267 2528 3521 2597 Λάζαρος
3557 2527 3796 2581 ἀπαλλα-

2210 2623 2280 2691 γῇ
2307 2621 2401 2674 τοῦ
2433 2619 2882 2690 παραλυποῦντος
2939 2619 3153 2683 ἕλκους,
3206 2621 3303 2673 καὶ
3358 2620 3643 2689 ἀνώτερος
3705 2619 3795 2673 τοῦ

2210 2710 2546 2780 διοχλοῦντος
2577 2711 2826 2780 γένηται,
2857 2712 3038 2765 πᾶσαν
3087 2712 3345 2782 κυμάτων
3392 2712 3672 2782 ἐπιφορὰν
3722 2713 3797 2774 είς

2211 2803 2308 2867 τὰς
2338 2803 2449 2856 τῶν
2483 2803 2759 2873 πειρατῶν
2790 2803 3033 2873 κεφαλὰς
3077 2804 3532 2874 ἐπαναστρέφων,
3565 2803 3664 2857 καὶ
3696 2803 3796 2855 λοι-

2214 2898 2314 2951 πὸν
2341 2896 2510 2958 ἀδεῶς
2538 2896 2783 2950 διαπλέοι
2813 2896 2904 2950 τοῦ
2932 2896 3049 2967 βίου
3087 2895 3186 2968 τὴν
3215 2897 3528 2950 θάλασσαν.“
3566 2897 3682 2948 Καὶ
3706 2895 3799 2964 δρα

2212 2987 2288 3050 ὡς
2313 2987 2412 3057 ούχ
2437 2986 2772 3041 ἐπιδουλεύω
2789 2985 2864 3057 τῷ
2881 2987 3306 3057 παραδείγματι,
3329 2987 3451 3039 οὐδὲ
3477 2987 3802 3056 περιτρέπει

528 3081 625 3136 tibi
659 3082 886 3137 insidias
933 3093 1139 3138 struam
1164 3101 1261 3154 per
1298 3087 1403 3140 hoc
1450 3087 1757 3156 exemplum
1788 3105 1803 3154 ;
1834 3103 1938 3141 nec
1977 3087 2112 3142 indi-

2216 3077 2311 3130 τοῦ
2336 3078 2678 3148 κεχρημένου
2705 3076 2766 3129 τὸ
2788 3075 3060 3146 βούλημα,
3085 3077 3175 3129 τὸν
3199 3076 3456 3129 πλούσιον
3474 3075 3800 3136 ἑπιστένων,

528 3173 706 3242 gentis
735 3175 1066 3231 voluntatem
1101 3179 1377 3241 subverto,
1412 3195 1535 3233 cum
1565 3179 1853 3250 gemitibus
1883 3180 2107 3234 divitem

2216 3170 2309 3223 καὶ
2338 3171 2436 3239 τὴν
2463 3169 2732 3238 ἀστηκτον
2751 3168 2931 3238 δίψαν,
2971 3170 3066 3222 καὶ
3087 3168 3149 3220 τὸ
3182 3169 3368 3238 χάσμα
3389 3209 3404 3231 ,
3440 3170 3540 3219 καὶ
3573 3167 3636 3218 τὸ
3675 3165 3800 3234 πῦρ.

527 3280 846 3337 prosequor,
899 3278 954 3324 et
1004 3269 1150 3325 sitim
1206 3271 1734 3341 inexstinguibilem,
1777 3281 1833 3326 et
1878 3273 2101 3327 chasma

528 3357 682 3423 illud,
740 3369 796 3415 et
839 3361 1014 3432 ignem
1051 3405 1066 3428 ,
1099 3373 1154 3418 et
1190 3373 1475 3419 tormenta.
1536 3363 1651 3419 Non
1688 3368 1833 3420 enim
1873 3379 1905 3418 a
1952 3376 2104 3436 parte

527 3452 798 3507 deteriore
831 3455 1162 3525 {quanquam
1191 3465 1338 3511 recte
1384 3467 1438 3511 tu
1472 3457 1604 3512 illud
1633 3458 1686 3511 in
1728 3472 1924 3512 manus
1954 3473 2105 3513 sum-

527 3545 744 3617 pseris),
777 3547 872 3604 sed
919 3549 975 3604 in
1026 3549 1250 3603 meliore
1278 3550 1550 3616 sumitur;
1593 3552 1826 3605 arbitror
1875 3567 1963 3606 me
1997 3569 2104 3607 non

530 3639 728 3694 frustra
783 3657 1003 3710 operam
1057 3642 1273 3696 dedisse
1305 3643 1537 3698 libertati
1589 3643 1787 3714 lingua:
1821 3661 1834 3710 ;
1867 3645 2012 3713 quod
2061 3645 2105 3698 si

530 3731 662 3785 mihi
715 3731 892 3786 virum
937 3733 1328 3788 amicissimum
1373 3734 1615 3789 nancisci
1662 3735 1888 3805 contigit
1942 3735 2109 3806 (quod

531 3838 562 3875 a
597 3832 647 3878 te
689 3825 951 3893 scriptum
999 3827 1194 3896 gaudio
1225 3841 1312 3881 me
1347 3827 1576 3898 replevit
1623 3835 1680 3881 et
1723 3827 1963 3898 laetitia),
2016 3829 2109 3897 qui

532 3915 876 3971 timiditatem
912 3933 1017 3986 qua
1052 3918 1189 3972 male
1240 3919 1590 3987 premebatur
1620 3919 1773 3990 longe
1797 3935 1826 3973 a
1851 3935 1908 3974 se
1933 3936 2112 3974 remo-

533 4008 632 4072 vit,
658 4008 777 4077 ejus
803 4015 984 4062 autem
1014 4009 1132 4063 loco
1165 4009 1325 4080 elegit
1346 4010 1448 4064 sibi
1481 4011 1727 4066 moribus
1746 4011 1859 4065 suis
1887 4023 1940 4066 et
1967 4023 2114 4066 recte

535 4099 695 4153 factis
715 4114 1007 4169 congruam
1043 4109 1098 4156 et
1135 4116 1497 4172 congenerem
1539 4101 1952 4170 fortitudinem;
1992 4105 2114 4174 qui-

536 4207 644 4262 que
667 4192 867 4261 piratas
896 4192 1016 4247 illos
1046 4209 1170 4248 cum
1206 4197 1318 4250 suis
1351 4195 1595 4251 artificiis
1617 4206 1672 4251 et
1702 4199 2115 4254 machinamen-

539 4284 608 4338 tis
636 4283 907 4353 profundo
929 4285 1209 4342 demersos
1231 4289 1435 4350 obruit.
1468 4289 1587 4358 ipse
1636 4300 1824 4346 autem
1861 4292 2115 4346 omnibus

538 4378 805 4432 malorum
879 4389 1165 4436 ventorum
1232 4381 1447 4438 flatibus
1506 4393 1561 4439 et
1627 4384 1880 4440 fluctibus
1952 4401 2117 4456 super

539 4478 780 4533 exstans,
817 4486 913 4540 spe
940 4487 1000 4526 se
1030 4470 1184 4527 fulcit
1212 4481 1265 4528 et
1306 4475 1564 4530 sublimat
1596 4475 1759 4531 bona.
1795 4477 1921 4532 Hzec
1955 4493 2116 4546 porro

2209 3262 2303 3316 καὶ
2329 3262 2428 3333 τὴν
2463 3260 2713 3332 βάσανον.
2747 3262 2822 3314 Οὐ
2851 3261 2959 3330 γὰρ
2989 3263 3052 3314 ἐκ
3081 3260 3174 3314 τοῦ
3209 3259 3454 3331 χείρονος
3477 3260 3621 3328 (ἀλλ’
3679 3258 3806 3326 εὖγὲ

2210 3374 2294 3410 σοι
2321 3353 2818 3426 μεταχειριζομένῳ
2842 3355 2982 3406 κατά
2998 3352 3058 3404 τὸ
3082 3352 3287 3422 βέλτιον
3309 3351 3620 3421 εἴληπται),
3645 3348 3799 3421 οἶμαι

2207 3449 2252 3502 δ’
2277 3448 2350 3512 ὡς
2381 3447 2501 3501 οὐδὲ
2538 3447 2716 3518 μάτην
2745 3448 2778 3516 ἠ
2808 3445 3109 3514 παρρησία,
3137 3445 3230 3498 καὶ
3260 3445 3322 3497 τὺ
3368 3443 3662 3514 ἐλεύθερον
3703 3444 3804 3511 τῆς

2210 3539 2454 3611 γλώττης
2487 3555 2577 3609 μοι
2609 3537 3043 3592 διεσπούδασται.
3076 3536 3144 3589 Εί
3173 3553 3236 3605 γε
3265 3536 3357 3589 τὸν
3398 3537 3660 3604 φίλτατον
3686 3536 3802 3605 ἔχοο

2214 3651 2311 3703 μεν
2341 3634 2435 3704 (ὠς
2461 3635 2557 3688 καὶ
2585 3634 2649 3686 σὺ
2682 3633 2922 3704 γράφεις
2947 3634 3122 3705 χαρᾶς
3144 3635 3177 3702 ἠ
3189 3632 3296 3702 μᾶς
3331 3633 3426 3685 καὶ
3455 3631 3801 3701 εὺφῳσύνης

2213 3724 2463 3796 πληρῶν)
2513 3725 2910 3796 παρωσάμενον
2961 3726 3059 3796 μὲν
3114 3725 3217 3794 τὴν
3279 3723 3580 3792 οὐδαμόθεν
3645 3721 3794 3790 αὐτῷ

2215 3819 2600 3890 προσήκουσαν
2622 3819 2861 3884 δειλίαν,
2894 3819 3253 3888 ἁνθελόμενον
3299 3817 3357 3870 δὲ
3411 3817 3508 3888 τὴν
3553 3814 3790 3884 συγγενῆ

2212 3911 2322 3963 τῶν
2359 3910 2534 3964 ἄλλων
2577 3911 2794 3981 τρόπων
2851 3912 2946 3964 καὶ
2992 3910 3438 3980 κατορθωμάτων
3490 3907 3743 3978 ἀνδρείαν
3774 3923 3789 3935 ·

2215 4007 2308 4058 καὶ
2337 4004 2484 4075 βυθῷ
2521 4005 2618 4075 μὲν
2662 4006 2790 4068 τοὺς
2846 4006 3132 4076 πειρατὰς,
3185 4005 3378 4067 αὐταῖς
3411 4006 3674 4074 μηχαναῖς
3705 4003 3802 4054 καί

2215 4096 2433 4166 τέχναις
2462 4095 2563 4165 τῆς
2593 4094 2743 4164 σφῶν
2781 4094 3085 4166 βδελυρίας,
3109 4093 3481 4146 ἐπικλύσαντα
3509 4109 3524 4122 ·
3561 4091 3723 4152 αὑτὸν
3747 4089 3805 4141 δὲ

2218 4189 2400 4258 πάσης
2426 4188 2721 4259 τρικυμίας
2754 4187 3005 4257 πονηρῶν
3063 4187 3516 4256 ὑπερανασχόντα
3560 4182 3807 4252 πνευμά-

2219 4298 2349 4346 των,
2369 4282 2463 4333 καὶ
2495 4282 2617 4342 ταῖς
2640 4278 2834 4342 καλαῖς
2855 4279 3068 4332 ἐλπίσιν
3088 4279 3455 4348 γεγενημένον
3485 4279 3806 4346 μετάρσιον.

2223 4369 2304 4424 Τὰ
2336 4372 2434 4439 μέν
2463 4387 2546 4422 τοι
2575 4369 2994 4440 παραδείγματα
3022 4369 3080 4420 οὖ
3123 4367 3222 4437 μὲν
3267 4363 3361 4419 οὖν
3393 4367 3455 4418 οὐ
3495 4364 3810 4432 κεκακούρ-

2223 4481 2386 4536 γηται
2416 4463 2546 4534 παρ’
2579 4463 2755 4533 ἡμῶν,
2797 4460 2913 4514 ἀλλ’
2944 4461 3029 4513 ἵνα
3072 4461 3146 4530 μὴ
3186 4449 3607 4529 κακουργῆται,
3651 4456 3812 4524 λόγον

539 4559 785 4630 exempla
840 4575 1181 4632 nequaquam
1220 4565 1358 4618 mala
1407 4574 1588 4621 mente
1618 4583 1647 4619 a
1689 4583 1775 4621 me
1823 4567 2110 4635 proferun-

2217 4559 2539 4628 ἀπείληφεν.
2571 4556 2636 4610 Τί
2657 4573 2720 4622 γε
2747 4555 2924 4623 λέγω;
2959 4555 3046 4607 ἵνα
3074 4555 3146 4623 μή
3175 4571 3258 4616 τις
3293 4553 3477 4622 πηγὴν
3511 4552 3609 4604 καὶ
3638 4567 3810 4603 ποτα-

540 4660 649 4716 tur,
703 4662 760 4706 et
814 4669 886 4708 ne
940 4654 1077 4708 male
1144 4656 1411 4721 multent,
1469 4657 1733 4712 rationem
1801 4658 1977 4711 inivi:
2030 4658 2116 4712 illa

542 4753 724 4799 autem
761 4760 1012 4814 quaenam
1043 4757 1126 4801 est
1155 4747 1281 4802 ?Ne
1298 4749 1419 4818 quis
1449 4748 1678 4813 scilicet,
1709 4747 1911 4802 fontem
1934 4758 1988 4803 et
2018 4749 2118 4802 llu-

540 4837 689 4892 vium
736 4853 765 4890 a
812 4848 1004 4893 natura
1036 4839 1248 4894 sincera
1281 4840 1335 4893 in
1374 4840 1679 4907 exemplum
1710 4840 1934 4893 trahens
1989 4839 2118 4909 (quo

542 4937 696 4982 tuum
750 4938 802 4983 te
854 4930 1066 4999 lapsum
1105 4931 1377 4986 sustinere
1411 4945 1573 5000 posse
1611 4930 1859 5000 exemplo
1915 4928 2116 4999 putas),

542 5021 744 5076 deinde
775 5031 1000 5088 metuat,
1037 5038 1106 5076 ne
1140 5023 1240 5077 sibi
1266 5023 1542 5077 veneratio
1571 5022 1859 5086 dilabatur,
1889 5031 1982 5075 aut
2026 5021 2119 5074 de-

541 5115 718 5185 ploret
743 5123 993 5185 tanquam
1033 5117 1100 5170 ab
1127 5116 1245 5171 aliis
1274 5131 1370 5185 per
1401 5115 1603 5168 rivulos
1627 5115 1881 5179 deducta,
1912 5115 2121 5183 δίεμαι·-

544 5217 634 5263 eat
669 5225 682 5260 :
716 5223 818 5262 nec
846 5209 1038 5263 metuit
1065 5224 1134 5262 ne
1175 5206 1466 5276 aliquando
1513 5221 1701 5260 ansam
1734 5206 1840 5260 illis
1867 5205 1959 5260 det
2017 5205 2119 5259 sibi

543 5300 909 5370 applaudendi
955 5301 1024 5355 de
1053 5300 1221 5364 furto,
1249 5299 1341 5367 qui
1394 5298 1727 5353 utauferant
1772 5298 2117 5362 insidiantur,

545 5402 638 5445 aut
665 5391 899 5460 negligat
933 5391 1302 5455 insidiatores,
1345 5391 1542 5458 quibus
1569 5390 1620 5444 id
1663 5391 1716 5443 in
1745 5389 1883 5443 votis
1905 5397 2006 5452 est,
2062 5398 2122 5441 ut

543 5489 821 5535 amatores
846 5484 989 5549 justa
1023 5479 1285 5533 fruitione
1313 5480 1660 5534 defraudem.
1691 5475 1816 5534 llaec
1843 5495 1942 5533 nos
1967 5479 2119 5532 senili

544 5572 772 5627 consilio
817 5571 1118 5626 secundum
1164 5571 1448 5626 veritatem
1485 5572 1738 5636 diximus,
1769 5587 1878 5626 non
1940 5581 2120 5627 autem

545 5666 856 5720 ostentandi
885 5680 984 5720 nos
1030 5665 1218 5736 gratia,
1248 5672 1340 5718 aut
1362 5674 1418 5718 ut
1442 5666 1674 5734 juvenes
1704 5665 1901 5728 solent,
1947 5665 2117 5719 disse-

549 5755 780 5811 ruimus.
827 5755 1114 5821 Quocirca,
1151 5771 1258 5810 non
1290 5757 1486 5810 hortati
1532 5771 1720 5810 sumus
1748 5766 1807 5810 ut
1846 5757 2119 5810 abrenun-

547 5850 652 5908 ties
704 5849 958 5906 amiciti-.2
1010 5849 1192 5921 (absit,
1235 5856 1294 5904 ut
1328 5848 1510 5921 aliqua
1537 5849 1824 5908 rhetoricae
1885 5849 2118 5922 gravitas

2225 4652 2347 4721 μὸν,
2377 4653 2471 4703 ἐπὶ
2501 4650 2600 4720 τῆς
2634 4648 2914 4718 ἀκηράτου
2937 4647 3152 4728 φύσεως
3184 4645 3491 4713 ὑπόδειγμα
3531 4642 3720 4697 λαϐὼν
3753 4644 3814 4711 (ὃ

2221 4746 2314 4798 καὶ
2344 4743 2403 4795 τὸ
2432 4742 2521 4796 σὸν
2548 4741 2760 4810 ἀνέχειν
2794 4739 3099 4809 ὑπείληφας
3132 4736 3567 4808 παρολίσοημα),
3613 4735 3813 4786 ἔπειτα

2220 4838 2280 4887 τὸ
2319 4835 2392 4905 μὴ
2425 4834 2750 4905 διαρρυῆναι
2781 4834 2929 4901 αὐτῷ
2955 4832 3016 4885 τὸ
3041 4829 3203 4893 σέϐας
3226 4830 3397 4899 δειλιᾷ
3419 4847 3432 4860 ο
3461 4829 3584 4899 μηδ’
3611 4829 3689 4890 ὡς
3717 4829 3814 4896 ὑφ’

2221 4930 2425 4998 ἐτέρων
2448 4925 2916 4997 παροχετούμενον
2937 4925 3298 4992 κατοδύρηται
3322 4941 3336 4955 ο
3399 4924 3522 4994 μηδ’
3556 4922 3676 4991 ἔχοι
3707 4923 3813 4989 φό-

2222 5026 2333 5086 ϐον,
2365 5023 2439 5084 ὼς
2461 5025 2572 5084 τοῖς
2594 5019 2933 5090 ἐνεδρεύουσί
2957 5037 3084 5071 ποτε
3107 5018 3222 5089 δοίη
3253 5017 3515 5087 κροτῆσαι
3539 5015 3639 5085 τὴν
3667 5015 3816 5067 61m-

2223 5132 2308 5168 σιν
2333 5131 2346 5144 ⁸
2382 5113 2413 5183 ἢ
2449 5113 2574 5175 τοὺς
2602 5112 2873 5182 λοχῶντας
2924 5097 3266 5180 περιόψεται,
3303 5109 3628 5176 ἀποστερεῖν
3683 5107 3816 5156 ἐπι-

2221 5205 2538 5278 χειροῦντας
2565 5205 2662 5267 τὰς
2692 5203 2929 5272 ἐραστὰς
2957 5202 3125 5254 αὐτοῦ
3171 5201 3271 5270 τῆς
3313 5199 3526 5262 δικαίας
3557 5199 3819 5251 ἀπολαύ-

2223 5313 2380 5357 σεως.
2409 5293 2596 5358 οὕτως
2629 5295 2790 5364 ἡμεῖς
2821 5290 3206 5362 πρεσϐυτικῶς
3230 5307 3289 5342 τε
3335 5290 3431 5342 καὶ
3461 5289 3816 5359 φιλαλήθως,

2222 5387 2457 5441 ἀλλὀὐκ
2486 5386 2886 5448 ἐπιδεικτικῶς,
2921 5385 3042 5437 οὐδὲ
3101 5383 3244 5437 κατά
3287 5383 3625 5442 νεανίσκους,
3676 5399 3748 5433 πε
3761 5385 3824 5453 ρί

2220 5473 2298 5534 ὧν
2327 5479 2515 5550 ἐχρῆν,
2541 5478 2912 5547 διεξήλθομεν.
2947 5478 3144 5549 Διόπερ
3168 5477 3287 5529 οὐδὲ
3311 5476 3408 5546 τὴν
3434 5475 3616 5543 φιλίαν
3650 5475 3824 5542 ῥίψαι

2223 5573 2395 5642 προύτ
2408 5571 2652 5642 ρέψαμεν
2687 5570 2786 5639 (μή
2823 5587 2915 5639 μοι
2947 5571 3158 5638 γένοιτο
3187 5569 3263 5639 μὴ
3291 5567 3434 5621 οὕτω
3472 5568 3570 5636 τῆς
3602 5565 3826 5638 πολλῆς

2221 5666 2379 5736 ἡμῶν
2411 5664 2712 5736 ἁπλότητος
2763 5665 2824 5716 τὸ
2857 5664 3031 5716 δεινὸν
3060 5665 3159 5734 τῆς
3200 5662 3458 5732 ρητορίας
3499 5675 3824 5728 κατεντρυ-

2223 5759 2421 5828 φάτω),
2457 5757 2571 5809 ἀλλ’
2623 5758 2742 5827 ἥτις
2800 5759 2914 5808 ἐστὶ
2959 5759 3083 5817 τοὺς
3143 5756 3326 5824 φίλους
3360 5754 3652 5817 παίζουσα,
3684 5753 3826 5821 ἥτις

2226 5853 2548 5920 σαλεύοντα,
2585 5849 2797 5920 ἐκείνην
2833 5848 3250 5917 ἀποτείσασθαι,
3295 5847 3511 5916 ἐκείνην
3535 5844 3706 5917 ,ῥίψαι
3731 5860 3746 5874 ·
3789 5847 3828 5917 ἡ
