4046 6412
206 358 311 423 917

1359 313 1892 423 EPISTOLARUM
1935 362 2165 423 LIBER
2197 362 2281 422 II.

3350 358 3452 420 918

203 477 270 530 τό
295 492 361 545 γε
391 475 589 545 ἑαυτῆς
622 475 786 547 μέρος
819 476 1163 547 προαπέστη,
1216 478 1312 532 καὶ
1356 479 1742 533 καταλέλοιπεν
1763 494 1776 508 ⁶

1900 481 1960 535 sic
1986 477 2319 549 simplicitati
2379 491 2511 530 mem
2540 475 2810 543 insultet),
2834 475 2927 530 sed
2960 474 3034 528 i!li
3066 474 3315 528 nuntium
3370 493 3456 529 rc-

203 568 425 636 ὲκείνην
459 568 533 637 μὴ
556 568 746 638 φέρειν
769 569 933 639 ἄχθος
967 569 1214 639 μόίταιον,
1255 571 1570 642 τὴνδλόγοις
1624 573 1785 642 μόνον

202 660 595 730 ἐπιμειδιῶσαν
615 678 631 693 ·
683 661 831 731 ἔργῳ
870 662 928 716 δὲ
955 662 1016 716 τὺ
1047 664 1369 734 σκυθρωπὸν
1393 665 1487 717 καὶ
1514 664 1614 734 τὴν
1651 680 1782 716 κατ-

202 752 406 821 ήφειαν
429 752 569 822 μετὰ
597 752 703 806 τῶν
724 754 933 824 ἐχθρῶν
958 754 1418 818 συσκευάζουσαν.
1446 756 1524 809 Τὰ
1554 757 1598 809 δ’
1624 756 1781 817 ἄλλα,

203 842 399 915 ῶσπερ
423 844 649 914 ᾔτησας,
680 845 951 914 πτέρυγες
981 846 1163 915 φιλίας
1200 846 1479 916 ἥρπασαν,
1518 848 1613 900 καὶ
1647 864 1783 918 προ-

206 932 359 995 νοίας
390 934 714 1002 περιέπουσι
744 934 975 1006 θάλαμοι
1003 979 1017 1002 ,
1050 936 1147 990 καὶ
1193 936 1501 1008 οἱκειοῦμαι
1533 936 1599 989 τὰ
1631 934 1741 1005 ἐμά
1765 950 1779 964 ο

203 1026 304 1078 καὶ
335 1026 517 1078 οὐκέτι
543 1026 734 1096 δέομαι
768 1028 1099 1098 φαρμάκων,
1134 1027 1256 1081 οὐδὲ
1300 1027 1629 1098 θεραπείας,
1663 1026 1787 1097 μηδ’

1888 569 2238 629 mittendum,
2303 582 2422 636 qua:
2452 565 2628 621 illudit
2675 565 2880 621 amicos
2908 606 2923 629 ,
2964 581 3084 635 qua:
3129 564 3348 620 fluctuat
3405 576 3461 621 et

1884 660 2101 715 vacillat
2131 676 2146 725 ;
2208 657 2352 712 illam
2378 656 2733 726 rejiciendam
2764 672 2905 721 esse,
2945 671 3064 726 quae
3094 655 3238 725 quod
3288 656 3461 725 ipsam

1886 760 2115 822 spectat,
2172 750 2285 820 jam
2334 749 2564 804 recessit
2593 758 2648 804 et
2680 749 2895 818 reliquit
2944 747 3149 813 sedem,
3176 762 3300 801 cum
3354 762 3464 801 non

1886 853 2031 898 esset
2058 841 2213 896 oneri
2268 839 2589 895 sustinendo
2623 856 2739 909 par,
2772 856 2891 909 quae
2926 840 3106 895 verbis
3149 850 3305 894 tenus
3328 839 3469 893 arri-

1886 935 1977 989 det
2009 943 2217 988 tantum
2240 972 2255 995 ,
2295 948 2356 987 re
2382 939 2563 987 autem
2605 932 2720 1001 ipsa
2767 947 2866 1003 per
2897 933 3241 987 tetricitatem
3268 944 3323 985 et
3371 932 3467 986 dc-

1878 1025 2088 1095 jectum
2122 1024 2330 1080 vultum
2369 1039 2398 1077 a
2444 1022 2689 1092 partibus
2715 1012 2963 1078 censistit
2994 1023 3253 1078 hostium.
3313 1021 3467 1088 Quod

207 1115 498 1179 ἱλεοῦντος,
529 1117 691 1180 αὑτός
716 1135 801 1185 γε,
838 1119 972 1188 μηδὲ
998 1118 1422 1189 πρεσϐεύοντος.
1476 1117 1624 1187 Ἔχω
1675 1116 1784 1186 γὰρ

1900 1115 2153 1185 ἐιίῳιυιῐι
2185 1125 2292 1180 est,
2326 1114 2379 1168 id
2409 1112 2554 1183 quod
2597 1114 2834 1178 volebas,
2872 1115 2969 1168 alte
2988 1114 3284 1168 amicitiam
3320 1113 3467 1167 abri-

200 1207 298 1259 τὺν
326 1208 659 1275 ποθούμενον
689 1210 870 1279 πάσης
893 1210 1205 1281 ἀρρωστίας
1237 1210 1517 1281 ἀνώτερον
1539 1225 1553 1239 ο
1600 1210 1694 1261 καὶ
1723 1209 1783 1261 τὸ

1900 1224 2050 1264 ruere
2072 1248 2087 1272 ,
2127 1215 2181 1262 et
2216 1207 2571 1278 providentiae
2600 1206 2908 1263 refocillant
2938 1206 3161 1262 thalami
3203 1226 3215 1261 :
3251 1222 3350 1277 ego
3380 1222 3468 1259 res

204 1299 356 1366 ἴχνος
386 1299 516 1351 αὐτὸ
544 1299 639 1352 τοῦ
665 1302 991 1371 νοσήματος,
1018 1303 1116 1371 τὴν
1154 1302 1360 1372 μικρὰν
1379 1301 1604 1367 δειλίαν,
1634 1301 1785 1369 εὐγε-

1900 1314 2033 1353 neas
2059 1298 2190 1352 mihi
2215 1299 2383 1353 reddo
2419 1298 2716 1354 familiares
2751 1317 2765 1365 ;
2802 1314 2905 1354 nec
2930 1298 3109 1354 adhuc
3140 1297 3274 1352 mihi
3299 1296 3470 1350 medi-

203 1390 316 1451 νῶς
345 1406 403 1442 τε
431 1392 523 1443 καὶ
552 1391 740 1463 ὥσπερ
787 1394 1059 1464 ηὐχόμην,
1092 1394 1491 1465 ἀπορρίψαντα.

1900 1391 1999 1445 :ina
2032 1404 2167 1457 opus
2222 1396 2326 1453 est,
2359 1400 2452 1444 aut
2502 1390 2785 1445 curatione
2830 1390 2957 1454 ulla,
2994 1390 3081 1444 vel
3126 1404 3156 1443 a
3195 1402 3469 1459 quoquam

204 1481 584 1545 miseratione,
634 1485 836 1539 nedum
866 1486 1095 1555 alicujus
1138 1485 1548 1540 intercessione.
1608 1481 1781 1548 Quem
1819 1482 1965 1536 enim
2020 1481 2290 1543 desidero,
2330 1481 2474 1535 hunc
2502 1481 2774 1550 possideo,
2811 1481 2956 1533 omni
3026 1479 3216 1533 morbo
3247 1487 3303 1534 et
3334 1478 3472 1533 vale-

205 1575 398 1629 tudine
447 1577 804 1644 superiorem,
870 1578 1073 1647 quique
1126 1576 1413 1647 vestigium
1477 1575 1655 1630 omnis
1720 1571 2057 1646 aegritudinis
2119 1580 2325 1625 metum
2408 1571 2495 1626 vel
2543 1571 2829 1626 minimum
2880 1586 3161 1642 generose,
3209 1580 3269 1624 ut
3310 1580 3469 1639 Opta-

206 1666 407 1731 verim,
445 1667 671 1737 rejiciat.

803 1778 1025 1834 ΕΠΙΣΤ.
1059 1780 1184 1833 PA'.

208 1871 504 1938 Εὐσεὸεἰᾳ
523 1871 866 1952 μρναιζοριζῃ
892 1872 1026 1952 καὶ-
1042 1871 1344 1952 ήγουμένῃ
1366 1941 1378 1952 ²
1393 1872 1790 1942 παραμυθητιο

524 1942 623 2009 κὴ,
663 1943 761 1995 ἐπὶ
789 1942 1026 2012 ἀδελφῇ
1048 1941 1486 2011 τελεύτησάσῃ.

2512 1777 2730 1833 EPIST.
2773 1777 2861 1831 Ct.

1895 1867 2137 1922 Eusebia:
2188 1870 2475 1935 monac/iw,
2533 1878 2582 1922 et
2632 1869 2931 1991 hlequntenw
2980 1867 3043 1918 de
3090 1865 3286 1919 sororis
3308 1867 3476 1931 obitu,

2496 1956 2649 1991 conso
2673 1949 2865 1991 αισι-ια.

2496 1949 2865 1993 consolatorta.

1438 2033 1703 2082 Montacut.
1738 2033 1840 2097 (ep.
1865 2030 1975 2093 245,
1999 2045 2047 2093 ρ.
2071 2032 2202 2094 572).

281 2140 345 2191 Εἰ
385 2139 482 2209 μὲν
527 2139 621 2207 ἀφ’
647 2140 802 2209 ἡμῶν
847 2140 875 2192 ὀ
926 2140 1154 2202 θάνατος
1202 2139 1421 2209 ἡρχετο,
1454 2138 1552 2191 καὶ
1581 2136 1788 2206 πρῶτοι

1967 2135 2023 2190 Si
2060 2152 2090 2190 a
2124 2134 2281 2190 nobis
2304 2149 2453 2189 mors
2502 2135 2796 2203 inciperet,
2826 2140 2883 2187 et
2910 2132 3157 2186 omnium
3196 2130 3249 2184 in
3278 2145 3476 2201 genere

207 2229 301 2283 διὰ
331 2230 422 2282 τοῦ
448 2230 639 2297 γένους
668 2231 746 2293 είς
778 2232 975 2301 πεῖραν
1002 2228 1164 2283 αὐτοῦ
1201 2227 1579 2297 καθιστάμεθα
1603 2268 1618 2290 ,
1649 2227 1793 2280 εἰκό-

210 2339 321 2383 τως
350 2320 416 2374 ἂν
461 2321 537 2385 ὡς
588 2321 979 2391 ἀπροσδοκήτῳ
1032 2322 1126 2374 καὶ
1177 2320 1349 2390 καινῷ
1401 2320 1792 2390 περιπεσόντες

209 2412 619 2483 ὲθορυὸούμεθα
638 2413 715 2485 τῷ
744 2412 1110 2483 συμπτώματι
1135 2429 1147 2442 ·
1183 2413 1306 2465 ἐπεὶ
1336 2412 1413 2477 δὲ,
1436 2412 1530 2481 ἀφ’
1552 2405 1613 2464 οὗ
1638 2410 1795 2478 γεγόα

210 2522 371 2557 νασιν
406 2503 709 2575 ἄνθρωποι,
758 2504 869 2576 ζωῇ
902 2506 997 2559 καὶ
1037 2504 1253 2575 θανάτῳ
1307 2502 1667 2574 μεριζόμεθα,
1700 2503 1796 2554 καὶ

210 2597 539 2667 προγονικὸν
592 2599 827 2669 ὑπάρχει
858 2598 920 2650 τὺ
948 2597 1223 2668 ἐπιτίμιον
1242 2613 1255 2627 ο
1311 2597 1406 2650 καὶ
1432 2596 1533 2649 οὐκ
1559 2594 1706 2649 ἔστιν
1736 2594 1796 2655 ὃς

210 2688 461 2756 ζήσεται,
489 2691 580 2743 καὶ
608 2692 708 2742 οὐκ
736 2690 929 2758 ὄψεται
950 2689 1211 2742 θάνατον’
1241 2689 1293 2741 τί
1314 2689 1375 2741 τὸ
1405 2689 1585 2742 κοινὸν
1636 2689 1795 2758 χρεὸς

216 2780 354 2834 ἰδίαν
384 2780 588 2850 ζημίαν
612 2778 939 2848 λογιζόμεθα
962 2795 976 2844 ;
1008 2778 1124 2844 καὶ,
1149 2777 1224 2841 ὡς
1244 2777 1436 2847 καινὴν
1465 2776 1795 2846 ἀπαιτηθέν-

210 2889 306 2935 τες
327 2870 613 2939 εἴσπραξιν
627 2869 1100 2941 ἀπολοφυρόμεθα;
1126 2870 1221 2924 καὶ
1236 2869 1265 2922 ὂ
1286 2868 1431 2942 [οὐκ]
1448 2870 1595 2922 ἐστὶν
1620 2868 1793 2930 ἄλλως

212 2964 499 3033 γενέσθαι,
535 2964 644 3016 οὐδ’
676 2966 708 3035 ή
745 2962 906 3032 φύσις
931 2964 1090 3018 ἄλλον
1115 2963 1279 3033 νόμον
1308 2963 1616 3027 ἐπίσταται,
1638 2961 1712 3024 ώς
1740 2961 1794 3013 τὶ

218 3056 331 3107 τῶν
384 3055 702 3126 παραδόξων
748 3054 1343 3125 ὑπερεκπληττόμεθα;
1396 3054 1488 3108 καὶ
1537 3054 1793 3123 διδόαμεν

218 3149 449 3208 ἑαυτοὺς
482 3148 581 3200 οὐκ
631 3147 877 3215 εύαγῶς,
943 3148 1064 3200 οὐδὲ
1115 3148 1261 3201 κατὰ
1306 3148 1431 3210 τοὺς
1471 3147 1669 3216 νόμους
1696 3144 1791 3198 τοῦ

214 3237 550 3306 πνεύματος,
581 3238 733 3302 ὅλους
767 3241 832 3307 τῇ
856 3237 1002 3310 λύπῃ
1037 3238 1396 3308 βαπτίζεσθαι
1423 3255 1437 3303 ;
1470 3238 1564 3291 καὶ
1597 3237 1794 3291 λανθά-

212 3344 405 3396 νομεν,
455 3327 684 3380 θάνατον
745 3326 1023 3395 συγγενῶν
1053 3327 1408 3397 ὀδυρόμενοι,
1466 3327 1678 3388 ἑαυτοῖς
1716 3324 1795 3393 τῷ

214 3417 402 3489 θρήνῳ
426 3416 516 3471 τὸν
550 3418 777 3470 θάνατον
801 3417 1439 3485 συγκατασκευάζοντες
1469 3418 1699 3481 Καίτοι,
1746 3418 1792 3468 εί

218 3511 323 3580 μὲν
354 3509 587 3579 χαλεπὸν
610 3511 637 3561 ό
658 3508 905 3573 θάνατος,
933 3509 987 3561 τί
1014 3508 1203 3561 τοῦτον
1233 3510 1447 3570 ἑαυτοῖς
1474 3510 1795 3579 επιταχύνο-

217 3620 358 3669 μεν;
392 3604 482 3655 καὶ
507 3603 597 3655 τὸν
624 3605 747 3673 ὅρον
770 3601 864 3655 τοῦ
893 3601 1139 3662 Πλάστου
1168 3600 1795 3671 φθάσαιδιανιστάμεθα;

215 3692 283 3745 Εί
311 3692 358 3744 δ’
384 3692 588 3761 ἀγαθὸν
644 3693 738 3746 καὶ
774 3694 1060 3763 σωτήριον,
1088 3693 1142 3745 τί
1166 3694 1296 3755 τοὺς
1345 3692 1797 3763 ἀποικουμένους,

213 3785 317 3836 καὶ
342 3783 463 3835 τότε
487 3784 668 3854 κρίσει
697 3784 791 3837 τοῦ
820 3784 1121 3850 Δεσπότου,
1157 3785 1301 3855 πέρα
1325 3784 1420 3837 τοῦ
1453 3786 1676 3856 μετρίου
1710 3803 1801 3839 κο·

214 3874 503 3943 πτόμεθα;
570 3875 795 3945 Ἀδελφή
828 3892 917 3945 με,
966 3877 1156 3946 φησὶν,
1188 3875 1570 3944 ἐγκατέλιπεν.
1598 3879 1631 3947 ἡ
1665 3878 1800 3947 μόνη

221 3968 363 4036 μετὰ
385 3966 517 4019 Θεὸν
556 3967 877 4039 παραψυχὴ,
914 3970 1022 4022 τῶν
1046 3968 1307 4039 λυπηρῶν
1351 3972 1385 4039 ή
1435 3970 1798 4040 παράκλησις,

215 4058 331 4112 τῶν
354 4058 619 4127 ἀλγεινῶν
649 4060 966 4130 ήδιάλυσις,
992 4064 1025 4131 ή
1050 4061 1241 4134 πρώτη
1267 4060 1377 4114 τῶν
1402 4062 1802 4133 εύιρραινόντων

216 4151 501 4215 ὑπόθεσις.
556 4154 668 4207 Καὶ
722 4156 773 4207 τί
810 4154 1001 4219 τοῦτο;
1048 4157 1142 4207 κο.)⁴
1188 4156 1370 4226 πατήρ
1393 4173 1452 4207 σε
1491 4154 1584 4208 καὶ
1619 4157 1803 4228 μήτηρ

220 4244 603 4316 προλέλοιπεν,
654 4248 746 4299 καὶ
805 4248 1087 4313 συγγενεῖς
1137 4246 1286 4300 ἄλλοι
1315 4287 1331 4309 ,
1370 4248 1463 4300 καὶ
1514 4247 1575 4300 τὸ
1613 4248 1805 4319 μέχρις

232 4335 411 4405 Ἀδὰμ
431 4337 588 4403 γένος
620 4336 1048 4407 ἀναφερόμενον.
1077 4336 1149 4390 Σὺ
1187 4336 1246 4390 δὲ
1270 4338 1431 4391 πάλιν
1480 4337 1673 4402 ἄλλους
1705 4356 1805 4395 κα-

217 4428 522 4497 ταλείψεις,
549 4429 644 4482 καὶ
665 4430 765 4481 οὐκ
795 4429 942 4483 ἔστιν
962 4430 1166 4500 εὑρεῖν,
1194 4430 1254 4483 ὃν
1282 4431 1342 4482 ού
1370 4431 1611 4485 πλεῖστοι
1633 4449 1803 4485 κατα-

1896 2236 2087 2282 nostro
2142 2226 2304 2297 primi
2335 2242 2436 2281 nos
2477 2226 2622 2281 illam
2654 2225 3049 2295 experiremur,
3100 2224 3297 2279 merito
3355 2221 3478 2293 qui-

1894 2322 2038 2386 dem,
2062 2329 2121 2374 ut
2142 2320 2210 2375 de
2240 2335 2298 2374 re
2345 2319 2710 2389 inexspectata
2736 2328 2791 2372 et
2816 2318 3078 2373 inusitato
3101 2334 3230 2373 casu
3257 2326 3477 2373 contur-

1897 2413 2171 2467 baremur.
2204 2410 2274 2465 At
2300 2426 2424 2464 cum
2454 2418 2578 2481 post
2613 2410 2862 2464 homines
2882 2410 3118 2480 primum
3153 2418 3311 2464 natos
3335 2409 3478 2463 inter

1894 2503 2061 2557 vitam
2117 2508 2172 2555 et
2214 2509 2447 2555 mortem
2502 2500 2845 2564 dividantur,
2899 2515 3132 2569 cumque
3180 2498 3481 2569 majoribus

1895 2596 2097 2650 nostris
2130 2594 2393 2649 inflictum
2423 2594 2493 2650 sit
2539 2594 2866 2664 supplicium
2896 2634 2911 2658 ,
2940 2609 3043 2647 nec
3082 2592 3152 2647 sit
3186 2591 3280 2661 qui
3320 2591 3475 2655 vivit,

1895 2686 2027 2755 quin
2060 2685 2301 2755 gustabit
2328 2695 2559 2739 mortem
2585 2702 2597 2738 :
2622 2700 2914 2739 commune
2944 2684 3188 2739 debitum
3214 2698 3476 2753 quorsum

1896 2793 1995 2831 nos
2050 2786 2111 2831 ut
2140 2777 2416 2847 peculiare
2448 2777 2709 2831 damnum
2752 2784 3091 2846 reputamus,
3116 2784 3173 2830 et
3216 2783 3475 2844 tanquam

1896 2871 1962 2924 ad
1990 2870 2205 2924 noviter
2235 2869 2681 2939 superinductam
2725 2868 3051 2924 solutionem
3094 2868 3271 2937 adacti
3306 2868 3475 2939 gemi-

1896 2963 2301 3017 mus?etcum
2359 2962 2517 3015 aliter
2574 2960 2688 3015 fieri
2744 2976 2853 3015 non
2903 2960 3092 3029 possit,
3144 2975 3248 3014 nec
3304 2960 3478 3029 legem

1896 3054 2149 3109 admittat
2178 3063 2372 3107 natura
2405 3052 2592 3117 aliam,
2628 3068 2726 3107 cur
2754 3062 3012 3120 tanquam
3042 3060 3241 3121 praeter
3263 3050 3478 3119 opinio-

1895 3162 2021 3200 nem
2069 3146 2478 3217 contingentem
2504 3144 2570 3198 ad
2598 3160 2718 3199 eam
2763 3142 3174 3206 conturbamur,
3207 3151 3260 3195 el
3326 3140 3483 3195 tradi-

1897 3253 2018 3291 mus
2054 3253 2151 3291 nos
2198 3235 2417 3291 mmrori
2450 3234 2882 3305 immergendos,
2911 3248 3021 3287 non
3064 3242 3253 3286 sancto
3299 3231 3485 3300 aliqua

1897 3344 2069 3393 more,
2120 3338 2214 3382 aut
2262 3327 2562 3381 secundum
2606 3326 2753 3395 leges
2804 3324 3079 3394 spiritus?
3113 3324 3296 3379 Nosne
3356 3322 3485 3376 latet

1899 3422 2026 3473 dum
2060 3428 2290 3473 mortem
2322 3418 2481 3472 nobis
2523 3415 2764 3471 affinium
2794 3417 3061 3487 lugemus,
3095 3430 3196 3467 nos
3245 3422 3480 3467 mortem

1899 3512 2056 3565 nobis
2076 3510 2207 3581 ipsis
2238 3524 2335 3579 per
2364 3509 2572 3562 luctum
2604 3507 2915 3562 adornare?
2950 3505 3105 3571 Quod
3144 3505 3190 3559 si
3226 3519 3314 3559 res
3343 3505 3480 3558 adeo

1899 3605 2033 3657 dura
2061 3617 2208 3656 mors
2248 3610 2355 3665 est,
2388 3616 2486 3655 cur
2514 3616 2636 3655 eam
2668 3599 2741 3653 ita
2772 3598 2931 3653 nobis
2964 3598 3338 3652 acceleramus
3365 3596 3387 3648 ?
3430 3603 3487 3648 et

1900 3704 2087 3750 contra
2124 3693 2300 3763 legem
2346 3691 2616 3746 Creatoris
2656 3690 2825 3746 nostri
2862 3688 3215 3758 insurgimus,
3250 3696 3311 3741 ut
3364 3701 3485 3741 eam

1902 3783 2298 3854 praeveniamus
2328 3782 2351 3835 ?
2379 3782 2475 3837 Sin
2506 3797 2537 3836 e
2565 3781 2725 3835 bonis
2758 3780 2828 3834 sit
2855 3789 2908 3834 et
2941 3778 3288 3842 salutaribus,
3318 3791 3487 3847 quor-

1902 3890 2022 3930 sum
2080 3874 2366 3930 defunctos
2410 3873 2480 3928 de
2520 3871 2732 3927 Domini
2771 3870 3041 3925 sententia
3075 3869 3216 3923 ultra
3267 3884 3488 3923 omnem

1900 3969 2125 4024 modum
2155 3968 2540 4037 deploramus?
2569 3965 2737 4019 Soror
2760 3977 2846 4017 me
2880 3960 3118 4031 reliquit,
3142 3960 3373 4029 inquies,
3397 3974 3488 4013 so-

1904 4063 2013 4117 lum
2050 4070 2173 4131 post
2228 4062 2399 4115 Deum
2445 4059 2686 4113 Solamen
2727 4071 2930 4119 meum,
2983 4054 3184 4109 doloris
3227 4052 3485 4115 lenimen,

1904 4154 2215 4211 acerbitatis
2249 4154 2581 4224 dissipatrix,
2625 4154 2922 4224 principale
2950 4154 3151 4209 lmtitiaa
3178 4169 3313 4208 mete
3359 4153 3489 4207 sub-

1901 4248 2128 4317 jectum.
2165 4246 2231 4301 Et
2272 4245 2402 4314 quid
2430 4255 2543 4300 tum
2585 4255 2773 4315 postea
2802 4247 2826 4299 ?
2861 4246 3022 4300 Pater
3058 4255 3111 4300 te
3145 4253 3203 4299 et
3226 4253 3399 4298 mater
3420 4258 3492 4297 an

1906 4354 2017 4394 non
2042 4338 2470 4407 dereliquerunt,
2499 4339 2716 4408 cognati
2739 4354 2957 4409 quoque
2981 4337 3090 4401 alii,
3120 4346 3174 4392 et
3194 4337 3261 4390 ab
3283 4336 3491 4391 Adamo

1907 4430 2125 4501 longum
2164 4428 2373 4500 genus?
2414 4436 2468 4482 et
2510 4438 2570 4484 tu
2617 4438 2741 4499 post
2781 4438 2833 4484 te
2866 4429 3142 4498 relinques
3186 4427 3342 4489 alios,
3386 4441 3492 4482 nec

217 4521 601 4590 λιμπάνουσιν.
643 4520 870 4591 Ἀδελφὴ
895 4521 1188 4575 κατέλιπεν
1217 4521 1452 4592 ἀδελφήν
1472 4539 1486 4554 ⁸
1510 4523 1623 4576 ἀλλ’
1649 4518 1796 4593 εὔρει

1909 4518 2157 4573 invenies
2183 4518 2361 4572 virum
2381 4532 2544 4587 quem
2568 4533 2679 4574 non
2726 4518 2945 4588 plurimi
2978 4518 3293 4573 deseruere.
3325 4516 3492 4571 Soror

218 4614 352 4673 τοὺς
385 4612 757 4683 προλαϐόντας
784 4613 1145 4682 γεννήτορας·
1198 4613 1491 4666 κατέλιπεν
1547 4614 1796 4685 ἀδελφὴν,

1910 4609 2156 4666 deseruit
2189 4624 2456 4675 sororem,
2502 4610 2599 4665 sed
2627 4617 2887 4680 parentes
2924 4610 3132 4665 invenit
3173 4607 3493 4678 praeceden-

218 4704 344 4758 ἀλλ’
372 4707 450 4767 είς
480 4705 574 4758 τὸν
606 4706 785 4759 κοινὸν
832 4706 1111 4775 Δεσπότην
1144 4705 1237 4758 καὶ
1268 4706 1487 4776 Πατέρα
1515 4707 1796 4777 ἀπεδήμη-

1912 4712 2033 4769 tes;
2068 4702 2312 4756 deseruit
2338 4717 2607 4767 sororem,
2650 4704 2747 4757 sed
2787 4702 2855 4757 ad
2890 4702 3177 4756 Dominum
3208 4709 3263 4754 et
3293 4714 3496 4769 paren-

220 4812 320 4848 σεν
342 4811 356 4827 ο
383 4795 518 4848 ἀλλὰ
549 4797 683 4865 πρὸς
720 4796 933 4865 ἐκείνην
975 4795 1075 4865 τὴν
1106 4795 1404 4860 πολιτείαν,
1448 4795 1584 4863 πρὸς
1615 4797 1683 4866 ἣν
1710 4797 1796 4849 καῖ

1915 4806 2022 4850 tem
2052 4810 2400 4850 communem
2432 4796 2566 4849 abiit
2596 4812 2610 4860 ;
2648 4795 2703 4849 in
2743 4796 2889 4849 illam
2916 4793 3168 4865 migravit
3193 4793 3494 4862 rempubli-

216 4891 389 4957 ἡμεῖς
416 4888 786 4959 πορευόμεθα.
839 4884 974 4941 Εἶτα
1001 4889 1081 4941 ὅτι
1123 4887 1223 4957 μέν
1255 4904 1313 4939 σε
1346 4888 1687 4953 κατέλειπεν,
1718 4888 1796 4941 λο-

1911 4906 2052 4954 cam,
2105 4890 2171 4944 ad
2207 4905 2365 4958 quam
2400 4905 2501 4943 nos
2530 4904 2747 4958 quoque
2786 4888 3080 4958 pergimus.
3110 4886 3211 4952 Tu,
3246 4886 3391 4956 quod
3442 4896 3497 4941 te

216 4980 393 5051 γίζῃ’
425 4982 570 5043 οἵους
600 4981 654 5033 δὲ
690 4980 990 5033 κατέλαδεν
1017 4980 1118 5032 οὐκ
1156 4981 1395 5045 ὲννοεῖς;
1450 4982 1561 5033 Καὶ
1612 4981 1674 5034 τὸ
1709 4982 1796 5051 μὲι

1908 4983 2174 5047 deseruit,
2205 4996 2635 5047 commemoras;
2679 4990 2734 5034 at
2762 4995 2901 5049 quos
2924 4979 3155 5045 invenit,
3182 4996 3291 5035 non
3337 4994 3497 5034 reco-

221 5073 391 5142 σῶμα
422 5073 629 5135 στένεις
681 5074 762 5126 ὅτι
819 5074 918 5143 οὐχ
956 5074 1090 5144 ὁρᾷς
1110 5088 1123 5103 ⁸
1154 5074 1187 5142 ἡ
1214 5072 1272 5126 δὲ
1323 5072 1467 5143 ψυχὴ
1491 5074 1573 5127 ὅτι
1607 5072 1796 5142 μᾶλλοι

1908 5075 2017 5141 lis;
2063 5074 2207 5145 quod
2265 5090 2463 5144 corpus
2496 5088 2608 5127 non
2656 5073 2939 5140 intuearis,
2995 5074 3167 5144 gemis
3195 5090 3210 5138 ;
3238 5084 3293 5129 at
3350 5073 3502 5143 quod

221 5164 506 5219 ἀκώλυτον
538 5160 694 5234 εὗρεν
731 5164 830 5234 τὴν
864 5165 1000 5235 πρὸς
1037 5165 1097 5218 σὲ
1131 5167 1445 5235 συνάφειαν,
1500 5166 1560 5217 ού
1595 5164 1796 5235 χαίρεις

1909 5167 2091 5220 anima
2120 5181 2233 5218 non
2268 5162 2673 5234 impediendam
2716 5171 2898 5217 tecum
2936 5163 3378 5232 conjunctionem
3413 5163 3499 5216 in-

222 5258 493 5327 συνορᾷν’
552 5257 647 5309 καὶ⁸
695 5256 777 5308 ὅτι
833 5255 931 5325 μὲν
988 5256 1247 5329 φθαρτῶν
1301 5257 1613 5329 ἀπηλλάγη,
1659 5259 1807 5311 δεινά

221 5351 402 5410 ποιεῖς
421 5366 435 5381 ο
464 5349 546 5402 ὅτι
579 5349 633 5400 δὲ
655 5347 762 5400 τῶν
787 5347 1078 5419 ἀφθάρτων
1098 5350 1382 5411 ἀπολαύει,
1416 5352 1477 5403 οὺ
1510 5351 1653 5419 μέγα
1674 5353 1806 5423 ἡγῇ.

222 5441 356 5500 Πῶς
402 5439 490 5492 δαὶ
516 5440 611 5492 καὶ
642 5439 974 5504 κατέλιπεν;
1004 5440 1052 5492 εί
1083 5440 1182 5509 μὲν
1207 5443 1287 5505 είς
1302 5441 1362 5493 τὸ
1392 5443 1467 5512 μὴ
1497 5442 1557 5494 ὃν
1592 5442 1805 5513 ὑπεχώ-

227 5550 423 5606 ρησεν,
455 5535 504 5586 εί
526 5533 616 5585 ὑπ’
639 5533 805 5603 ἄλλην
827 5533 1078 5599 ἐξουσίαν
1107 5535 1204 5588 καὶ
1234 5536 1536 5606 κυριότητα
1564 5538 1806 5607 γέγονεν,

222 5625 353 5677 τότε
414 5622 480 5675 ἂν
534 5624 681 5693 ἡμᾶς
733 5623 809 5686 ὼς
841 5623 1057 5694 ἀληθῶς
1109 5624 1521 5691 ἐγκατέλειπεν.
1572 5628 1635 5679 Εί
1664 5628 1720 5680 δὲ
1741 5632 1808 5700 τῇ

227 5714 370 5783 αὐτῇ
425 5713 648 5785 παλάμῃ
687 5717 1003 5785 φρουρεῖται
1061 5715 1155 5767 τοῦ
1212 5717 1541 5783 Πλάσαντος,
1594 5720 1811 5772 καὶτὸν

230 5806 397 5858 αὑτὸν
426 5806 628 5875 Κύριον
656 5805 981 5871 δεσπόζοντα
1013 5824 1069 5861 τε
1102 5809 1197 5861 καὶ
1250 5809 1643 5881 προνοούμενον
1689 5813 1809 5884 ἕχο-

1915 5259 2083 5320 venit,
2132 5259 2238 5312 hoc
2278 5272 2388 5310 non
2418 5270 2833 5321 commemoras,
2882 5271 3006 5311 cum
3038 5256 3234 5328 gaudio
3292 5253 3495 5309 intueri

1916 5364 2027 5402 non
2062 5362 2245 5403 curas.
2277 5347 2433 5412 Quod
2456 5364 2487 5400 a
2519 5346 2872 5415 corruptione
2897 5347 3152 5415 expedita
3178 5346 3270 5409 sit,
3304 5360 3493 5415 grava-

1918 5442 2014 5495 tim
2069 5441 2177 5495 fers
2211 5457 2225 5505 ;
2276 5440 2419 5509 quod
2451 5439 2665 5493 fruatur
2694 5440 3103 5510 incorruptione
3143 5453 3253 5494 non
3312 5438 3494 5508 magni

1920 5535 2072 5590 facis.
2100 5532 2299 5588 Verum
2339 5541 2392 5587 te
2434 5532 2705 5601 quomodo
2751 5532 3041 5602 dereliquit
3083 5531 3106 5584 ?
3148 5531 3307 5584 Certe
3345 5528 3407 5583 si?
3437 5530 3506 5584 in,

1920 5644 2026 5681 non
2069 5642 2166 5680 ens
2197 5624 2484 5688 reciderit,
2535 5624 2579 5677 si
2608 5625 2664 5677 in
2704 5624 2936 5678 alienam
2963 5620 3401 5692 jurisdictionem
3441 5633 3499 5676 et

1921 5727 2249 5789 potestatem
2270 5717 2423 5783 abiit,
2456 5730 2569 5771 tum
2607 5716 2817 5771 fatebor
2839 5729 3079 5770 cam-nos
3119 5713 3497 5783 dereliquisse.

1922 5816 2084 5884 Quod
2119 5812 2161 5869 si
2193 5810 2382 5866 eadem
2412 5809 2723 5866 Conditoris
2750 5807 2833 5863 sui
2867 5805 3121 5861 manibus
3156 5806 3496 5873 custoditur;
