4046 6468
526 388 631 455 919

1648 391 1911 452 ΡΗΟΤΙΙ
1950 390 2452 457 ΡΑΤΗΙΑΗΟΗᾹΞ
2486 391 2596 451 CP.

3666 385 3785 448 920

524 503 571 557 sl
618 501 869 558 eumdem
922 518 1023 558 nos
1056 512 1113 559 et
1159 505 1246 559 illa
1295 504 1580 559 Dominum
1625 506 1981 576 imperantem
2045 512 2098 558 et

2202 521 2321 573 μεν,
2355 505 2502 574 καὶὴ
2533 500 2673 572 αὐτὴ
2706 502 2989 570 ἑκατέροις
3016 498 3265 570 διατριϐή
3291 515 3353 551 τε
3372 498 3466 551 καὶ
3485 498 3779 566 κατασκή-

525 603 909 663 procura-atem
950 593 1214 651 habemus
1245 614 1261 663 ;
1307 598 1352 651 si
1385 598 1570 652 eadem
1601 599 1864 654 habitatio
1885 606 1941 653 et
1964 612 2096 652 con-

526 684 766 741 versatio
814 687 1055 757 utrisque
1105 696 1417 758 apparatur,
1482 689 1528 745 si
1590 689 1734 744 illam
1787 689 1950 744 habet
1988 688 2097 743 vita

528 778 860 832 tumultuum
916 795 1149 850 expers,
1196 794 1297 836 nos
1354 789 1537 835 autem
1589 779 1841 836 fluctibus
1899 781 2096 835 etiam-

528 884 660 923 num
696 870 881 940 jactati
911 872 1343 927 circumferimur
1374 891 1387 925 :
1420 888 1587 943 quare
1642 874 1867 929 dicenda
1897 883 1981 929 est
2009 873 2097 929 illa

528 977 632 1016 nos
672 962 1073 1031 dereliquisse?
1114 964 1168 1017 Si
1210 980 1321 1017 non
1367 965 1433 1019 ad
1460 964 1709 1019 eumdem
1744 964 1941 1033 quietis
1968 980 2097 1033 por-

530 1062 645 1106 tum
688 1068 848 1107 cursu
888 1054 1079 1110 directi
1118 1055 1357 1109 feramur
1386 1074 1399 1109 :
1431 1056 1473 1111 si
1514 1071 1623 1109 non
1663 1056 1849 1110 eadem
1878 1056 2097 1111 insista-

529 1159 653 1198 mus
682 1143 766 1198 via
800 1163 812 1199 :
847 1145 890 1199 si
914 1162 1021 1199 non
1046 1155 1101 1199 et
1120 1162 1219 1201 nos
1238 1162 1449 1216 quoque
1473 1146 1595 1201 finis
1622 1147 1765 1201 idem
1786 1155 2095 1217 exspectet;

532 1242 646 1287 tum
684 1234 1119 1290 ratiocinandum
1151 1236 1255 1290 fuit
1297 1254 1413 1292 eam
1445 1236 1835 1305 dereliquisse;
1872 1247 1982 1291 tum
2012 1238 2098 1290 di-

530 1327 767 1382 vortium
814 1328 1015 1384 factum
1063 1330 1451 1399 deplorandum
1497 1331 1617 1384 fuit.
1651 1331 1745 1385 Sin
1772 1346 1898 1385 vero
1925 1332 2097 1400 quod-

532 1432 765 1487 cumque
794 1419 914 1488 quis
944 1420 1171 1475 consilio
1201 1420 1383 1491 agitet,
1411 1429 1465 1475 et
1488 1421 1697 1490 agendo
1721 1422 1984 1490 perﬁciat,
2031 1437 2098 1476 eo

530 1516 741 1562 tantum
784 1509 1117 1563 contendat:
1171 1509 1299 1578 quid
1331 1509 1526 1563 frustra
1569 1508 1913 1579 plangimus?
1959 1508 2098 1574 Quid

528 1598 630 1668 legi
664 1609 869 1653 natura:
894 1600 1364 1655 obmurmuramus
1389 1640 1404 1665 ,
1431 1615 1497 1654 eo
1517 1601 1682 1670 quod,
1714 1617 1835 1656 cum
1860 1603 2099 1657 mortalis

527 1688 833 1751 exsisteret,
858 1689 1016 1743 morti
1048 1690 1374 1745 subservivit
1404 1706 1418 1753 ;
1464 1691 1607 1758 quod
1633 1692 1929 1759 aequalibus
1972 1706 2097 1757 spa-

502 1778 619 1837 tiis
646 1794 769 1832 cum
802 1790 973 1848 patre,
1010 1788 1205 1843 matre,
1246 1780 1503 1835 universo
1530 1795 1727 1850 genere
1758 1781 1923 1834 vitam
1956 1780 2097 1835 hanc

2198 612 2359 658 νωσις
2402 594 2783 666 ἑτοιμάξεταυ
2848 595 2953 647 κᾶν
2983 593 3082 664 τὴν
3132 592 3232 661 μὲν
3261 590 3361 661 ἢδη
3398 589 3776 661 ὼρύσωνέχῃ

2199 688 2309 756 βίος
2340 687 2643 757 ἐλεύθερος,
2677 689 2838 757 ἡμεις
2863 686 2920 739 δὲ
2951 685 3030 739 ἔτι
3060 684 3143 754 τῷ
3187 683 3509 753 κυμαίνοντι
3543 697 3779 752 περιφε-

2198 780 2435 850 ρόμεθα·
2471 782 2591 844 πῶς
2640 782 2786 850 ἡμᾶς
2834 778 3251 845 ὲγκατέλειπενς
3284 777 3347 829 Ei
3386 775 3459 845 μὴ
3509 775 3652 840 προς
3682 774 3776 827 τὸν

2195 872 2359 927 αὐτὸν
2391 873 2485 926 καὶ
2509 875 2671 942 ἡμεῖς
2693 869 3085 941 κυϐερνώμεθα
3112 870 3211 937 τῆς
3254 865 3657 927 καταπαύσεως
3689 865 3774 916 λι-

2200 963 2355 1031 μένα⁶
2382 964 2430 1014 εί
2461 962 2534 1032 μὴ
2559 962 2657 1033 τὴν
2676 961 2843 1031 αὐτὴν
2868 961 2987 1015 ὁδὸν
3007 958 3314 1029 διανύωμιν
3331 975 3345 991 ·
3375 961 3423 1011 εί
3454 958 3530 1028 μὴ
3551 957 3617 1011 τὸ
3642 956 3775 1010 αὐτὸ

2195 1051 2344 1121 ἡμᾶς
2386 1051 2663 1119 ἐκδέχεται
2688 1050 2839 1111 τέλος
2857 1064 2870 1077 ⁶
2912 1048 3022 1101 ἔδει
3050 1048 3171 1100 τότε
3204 1046 3519 1114 λογίζεσθαι
3542 1046 3649 1115 τὴν
3676 1046 3772 1111 ἑγ-

2197 1142 2532 1211 κατάλειψιν,
2564 1143 2671 1196 ἔδει
2708 1143 2831 1195 τότε
2876 1139 3095 1194 πενθεῖν
3146 1139 3245 1208 τὴν
3291 1138 3597 1191 διάστασιν.
3623 1137 3686 1190 Εἰ
3716 1136 3774 1188 δὲ

2194 1238 2295 1289 ὅσα
2324 1235 2388 1289 ἄν
2416 1252 2499 1298 τις
2527 1236 2621 1288 καὶ
2652 1233 2913 1305 βουλεύσῃ
2949 1251 3007 1286 τε
3040 1234 3135 1286 καὶ
3172 1230 3375 1303 πράξῃ,
3405 1231 3587 1284 πάντα
3634 1227 3774 1297 πρδς

2195 1328 2411 1396 ἐκείνην
2434 1327 2531 1397 τὴν
2558 1327 2723 1397 μονὴν
2750 1326 2949 1390 ἀπάγει
2969 1341 2985 1356 ο
3015 1324 3067 1377 τί
3104 1324 3282 1394 μάτην
3326 1321 3688 1391 κοπτόμεθα;
3720 1318 3775 1370 τί

2196 1420 2252 1473 δὲ
2282 1422 2424 1475 κατὰ
2465 1419 2559 1473 τοῦ
2606 1420 2772 1490 νόμου
2806 1419 2906 1488 τῆς
2958 1418 3171 1488 φύσεως
3202 1415 3609 1484 χαλεπαίνομεν
3636 1456 3650 1469 .
3690 1414 3773 1464 ὅτι

2198 1513 2388 1583 θνητὸς
2424 1512 2499 1567 ὢν
2519 1512 2619 1582 τὴν
2658 1511 2818 1581 φύσιν
2839 1512 3125 1581 ἄνθρωπος
3150 1509 3230 1580 τῷ
3254 1508 3470 1577 Θανάτῳ
3498 1506 3779 1572 ἐλειτούρρ

2196 1622 2395 1673 γησεν;
2424 1605 2504 1658 ὅτι
2531 1604 2598 1657 τά
2622 1604 2712 1656 ἴσα
2737 1603 2833 1655 καλ⁹
2853 1603 3013 1672 ὃμοια
3042 1600 3213 1671 πατρὶ
3246 1600 3341 1652 καὶ
3372 1598 3546 1668 μητρὶ
3580 1595 3679 1648 καὶ
3698 1594 3775 1661 τῷ

2195 1698 2365 1767 λοιπῷ
2417 1695 2564 1764 γένει
2614 1694 2705 1747 τὸν
2740 1693 2986 1764 παρόντα
3044 1694 3157 1763 βίον
3207 1691 3566 1760 διεπέρασεν;
3613 1686 3681 1738 Τί
3723 1685 3769 1738 δ’

2195 1789 2363 1859 ἐχρῆν
2394 1789 2481 1854 ἐφ’
2511 1786 2668 1855 ἡμῶν
2694 1785 2851 1855 μόνον
2881 1784 3258 1852 ἀνατραπῆναι
3306 1781 3407 1851 τὴν
3458 1779 3651 1849 φύσιν,
3681 1779 3774 1829 καὶ

530 1870 829 1925 transivit?
863 1873 947 1925 An
978 1881 1095 1925 erat
1120 1888 1332 1942 aequum
1365 1882 1426 1927 ut
1450 1883 1630 1927 nostra
1654 1888 1816 1927 causa
1864 1874 2090 1927 subrueo

2201 1878 2531 1951 συγχυθῆναι
2556 1878 2681 1939 τοὺς
2709 1877 2867 1946 ὄρους
2907 1877 3009 1945 τῆς
3032 1874 3258 1933 κτίσεως
3282 1888 3299 1937 ;
3324 1872 3377 1923 τί
3407 1870 3519 1939 γάρ
3560 1866 3780 1937 προκύ-

532 1970 683 2015 retur
712 1971 905 2016 natura
931 2002 946 2026 ,
980 1972 1036 2017 et
1069 1972 1127 2017 ut
1151 1964 1439 2018 creationis
1470 1963 1686 2018 termini
1707 1964 2097 2019 confunderen-

532 2052 659 2107 tur?
688 2052 821 2106 Nam
849 2053 979 2121 quid
1021 2069 1255 2124 unquam
1308 2054 1505 2123 prodiit
1534 2070 1630 2124 per
1670 2055 2094 2126 generationem,

533 2140 677 2210 quod
709 2157 817 2195 non
856 2143 1071 2196 demum
1100 2159 1197 2211 per
1225 2142 1629 2198 dissolutlonem
1672 2153 1726 2198 et
1755 2154 1982 2199 mortem
2006 2159 2097 2199 re-

532 2234 835 2305 mergitur?
871 2236 1073 2291 Omitto
1106 2237 1301 2291 herbas
1341 2237 1615 2301 florentes,
1660 2238 1929 2307 pulchras,
1972 2238 2095 2309 qui-

529 2323 634 2379 bus
652 2340 757 2378 non
776 2326 936 2380 modo
953 2326 1116 2393 oculi,
1142 2326 1236 2381 sed
1254 2335 1305 2380 et
1322 2342 1511 2381 sensus
1528 2327 1705 2381 exteri
1721 2328 2059 2383 oblectantur
2079 2346 2093 2382 :

532 2416 844 2487 plantarum
902 2427 1116 2474 transeo
1150 2419 1423 2486 decorem,
1465 2427 1522 2473 et
1555 2418 1931 2477 universorum
1978 2422 2096 2475 ani-

529 2508 755 2565 malium
790 2525 1003 2580 greges,
1035 2526 1155 2580 qua:
1196 2512 1376 2566 omnia
1402 2511 1735 2581 temporibus
1790 2521 2095 2579 transeunt,

529 2606 585 2651 et
622 2598 921 2653 sortiuntur
974 2600 1377 2671 generationem
1429 2617 1571 2666 eam,
1605 2617 1724 2672 quae
1773 2604 2095 2672 prooemium

529 2689 713 2760 pangit
758 2690 1123 2746 dissolutioni.
1183 2692 1288 2747 Sed
1332 2694 1511 2748 recole
1553 2704 1825 2748 astrorum
1866 2696 2095 2749 chorum

530 2779 670 2835 bene
694 2780 1102 2851 dispositorum,
1129 2793 1329 2853 quanta
1352 2783 1605 2839 firmitate
1626 2794 1889 2839 exornant
1916 2784 2097 2839 firma-

529 2880 797 2938 mentum,
853 2874 1237 2930 illustrioribus
1269 2891 1451 2931 aerem
1480 2877 1751 2931 coloribus
1792 2877 1984 2932 ﬂorum
2042 2879 2095 2933 in

528 2978 739 3019 morem
806 2966 1217 3035 illuminantes;
1272 2978 1489 3025 noctem
1539 2972 1770 3039 qualiter
1820 2972 2096 3047 funalibus

529 3065 813 3122 exornant,
859 3057 988 3113 dum
1040 3060 1411 3117 ltorriditatem
1469 3063 1611 3117 illius
1668 3065 1834 3120 radiis
1886 3066 2097 3122 emissis

532 3156 856 3214 temperant,
883 3150 953 3203 ita
976 3160 1182 3221 gratum
1215 3154 1524 3209 hominibus
1538 3158 1902 3225 spectaculum
1938 3159 2091 3215 exhi-

2195 1973 2300 2043 ψαν
2331 1971 2419 2023 διὰ
2443 1969 2735 2038 γενέσεως,
2760 1967 2821 2021 οὐ
2844 1966 2933 2019 διὰ
2956 1966 3161 2027 λύσεως
3188 1964 3349 2017 πάλιν
3388 1963 3485 2015 καὶ
3539 1960 3773 2012 θανάτου

2194 2063 2550 2128 καταδύεται;
2586 2060 2916 2132 Παραλείπω
2943 2056 3180 2128 βοτανῶν
3209 2056 3345 2125 ἄνθη
3372 2056 3468 2107 καὶ
3491 2052 3690 2120 κάλλη,
3714 2051 3776 2103 οὐ

2192 2154 2290 2225 τὴν
2319 2151 2441 2223 δψιν
2474 2152 2653 2223 μόνον,
2685 2149 2821 2202 ἀλλὰ
2859 2152 2956 2202 καὶ
2985 2148 3081 2210 τὰς
3114 2146 3279 2209 ἄλλας
3334 2144 3625 2213 αἰσθήσεις
3652 2143 3775 2212 τέρ-

2195 2262 2385 2298 ποντα.
2448 2242 2787 2312 Παρατρέχω
2834 2238 3018 2307 φυτῶν
3066 2236 3431 2307 ὡραιότητας,
3474 2233 3685 2302 ἀγέλας
3714 2248 3778 2288 τε

2196 2334 2550 2392 παντοδαπῶν
2602 2330 2778 2395 ζώων.
2820 2332 3073 2383 Ἀπαντα
3097 2328 3174 2398 τῷ
3204 2328 3382 2397 χρόνῳ
3411 2326 3773 2395 παρέρχεται,

2194 2430 2291 2484 καὶ
2308 2428 2407 2499 τὴν
2433 2426 2648 2494 γένεσιν
2680 2423 2928 2494 εὑρίσκει
2968 2420 3430 2493 προοιμιάζουσαν
3461 2419 3567 2487 τὴν
3594 2416 3777 2471 διάλυ-

2196 2538 2303 2573 σιν.
2346 2516 2484 2570 Ἀλλ’
2520 2516 2691 2569 ὲννὸει
2724 2531 2814 2584 μοι
2838 2513 2929 2565 τὸν
2955 2511 3215 2566 εὔτακτον
3240 2511 3402 2581 χορὸν
3459 2510 3575 2562 τῶν
3619 2510 3779 2562 ἀστέ-

2197 2627 2327 2681 ρων,
2353 2610 2501 2669 ὅπως
2523 2625 2580 2660 τε
2614 2605 2952 2659 ποικίλλουσι
2982 2607 3044 2657 τὸ
3068 2603 3371 2673 στερέωμα,
3404 2602 3610 2670 βαφαῖς
3638 2601 3776 2669 λαμ-

2195 2702 2488 2774 προτέραις
2514 2695 2952 2768 περιανθίζοντες
2977 2696 3047 2748 τὰ
3062 2694 3317 2765 οὐράνια.
3358 2696 3471 2748 Καὶ
3497 2695 3653 2754 ὅπως
3683 2693 3775 2763 δα-

2194 2793 2441 2865 δουχοῦσι
2460 2791 2558 2861 τὴν
2581 2788 2772 2851 νύκτα,
2802 2788 2862 2840 τὸ
2892 2786 3120 2856 στυγνὸν
3146 2786 3317 2854 αὐτῆς
3340 2785 3777 2851 ύπαυγάζοντες,

2196 2885 2290 2938 καὶ
2326 2884 2425 2952 τὴν
2460 2883 2585 2936 θέαν
2627 2880 2832 2935 ἄλυπον
2874 2881 2987 2941 τοῖς
3015 2876 3183 2947 ὁρῶσι
3237 2877 3652 2946 παρεχόμενοι·
3682 2874 3781 2943 τὴν

2198 2977 2425 3046 σελήνην
2451 2974 2611 3026 πάλιν
2642 2972 3116 3033 ὲπισκόπει,ὃπως
3144 2970 3209 3022 ὲκ
3226 2968 3318 3023 τοῦ
3349 2968 3506 3039 ἡλίου
3533 2966 3779 3029 δανειζομ-

2208 3069 2343 3141 μένη
2360 3068 2420 3121 τὸ
2444 3068 2579 3136 φῶς,
2606 3069 2807 3135 προῖκα
2826 3066 2919 3119 τὸν
2938 3064 3077 3133 ἀέρα
3121 3060 3406 3130 πυρσεύει,
3450 3059 3553 3112 καὶ
3573 3059 3779 3127 φιλοτι-

2202 3165 2384 3233 μεῖται
2412 3161 2471 3215 τὸ
2495 3160 2690 3228 δῶρον,
2720 3159 2813 3211 καὶ
2835 3157 2941 3227 πρὸ
2960 3155 3170 3225 ἡμέρας
3189 3153 3357 3221 ἄλλην
3385 3153 3613 3222 ἡμέραν
3637 3152 3785 3221 φιλο-

531 3236 715 3291 hentia
745 3256 757 3292 :
785 3238 963 3294 lunam
985 3241 1240 3313 deinceps
1261 3243 1491 3311 intuere,
1516 3262 1633 3316 quae
1660 3258 1901 3305 mutuata
1924 3266 1953 3305 a
1981 3252 2094 3308 sole

2201 3212 2824 3321 ἀπεργάζεσθαι.
2841 3212 3119 3299 ’Ᾰλλάὶκάὶ
3146 3212 3325 3298 ταῦτα
3550 3212 3693 3313 πρδς
3710 3241 3788 3294 τὲ-

531 3329 706 3386 lueem
736 3347 911 3401 suam,
949 3336 1065 3390 sine
1092 3336 1217 3393 dote
1248 3339 1411 3409 gratis
1434 3355 1613 3395 aerem
1641 3342 1889 3409 illustrat,
1913 3354 1966 3399 et
1998 3345 2096 3400 do-

2201 3343 2285 3405 λος
2307 3342 2429 3411 ὁρᾷ,
2443 3341 2538 3393 καὶ
2556 3340 2616 3392 τὸ
2636 3339 2792 3409 χρέος
2808 3333 2937 3403 οἶδε,
2956 3336 3050 3391 καὶ
3069 3336 3253 3407 τρέχει
3277 3334 3415 3404 πρὸς
3435 3334 3538 3404 τὴν
3552 3334 3788 3402 ἀπαίτηο

531 3436 662 3475 num
686 3434 965 3493 acceptum
1012 3427 1252 3497 impertit
1273 3429 1429 3501 longe
1461 3433 1675 3500 lateque
1701 3472 1717 3498 ,
1746 3435 1817 3489 ita
1840 3444 1899 3489 ut
1952 3436 2094 3491 diem

2201 3448 2303 3486 σιν.
2337 3430 2507 3493 Αὐτὸς
2532 3432 2559 3483 ὁ
2588 3429 2736 3499 ἣλιος
2751 3429 2812 3480 οὐ
2836 3428 3089 3499 λαμπρὸς
3110 3428 3207 3498 μὲν
3235 3427 3383 3489 ἰδεῖν,
3405 3426 3715 3494 θαυμάσιος
3730 3426 3786 3477 δὲ

531 3513 640 3569 diei
672 3518 1097 3573 antecedaneum
1143 3522 1473 3579 constituere
1515 3525 1735 3580 nitatur.
1772 3526 1877 3581 Sed
1911 3529 2097 3582 termi-

2201 3524 2257 3577 τὸ
2282 3522 2510 3588 κάλλοςς
2546 3521 2642 3574 καίΙ
2680 3520 2732 3573 τί
2776 3520 2887 3591 γὰρ
2921 3520 3049 3575 ἄλλο
3088 3521 3297 3580 εἰπεῖν,
3326 3519 3358 3589 ἢ
3394 3520 3479 3571 ὅτι
3512 3519 3595 3583 ὡς
3618 3518 3787 3586 γιγπς

532 3622 664 3660 num
722 3607 823 3661 ista
850 3611 1029 3663 omnia
1084 3613 1381 3681 respiciunt
1428 3632 1606 3681 suum,
1644 3617 1886 3672 debitum
1933 3634 2098 3690 agno-

2201 3615 2644 3684 ἁγαλλιώμενος
2663 3611 2908 3681 δραμεῖν
2937 3610 3083 3665 ὁδὸν
3104 3610 3313 3669 αὐτοῦ,
3328 3608 3432 3662 ἀπ’
3462 3607 3656 3674 ἄκρου
3680 3605 3791 3659 τοῦ

533 3707 692 3753 scunt
719 3715 898 3765 suum,
931 3710 985 3756 et
1010 3702 1077 3755 ad
1110 3702 1411 3759 faciendam
1444 3706 1767 3762 solutionem
1802 3718 2096 3764 maturant.

2201 3705 2482 3776 οὐρανοῦ,
2497 3704 2607 3772 ἕως
2638 3705 2825 3772 ἄκρου
2850 3702 2956 3757 τοῦ
2970 3702 3255 3770 οὐρανοῦ,
3277 3703 3487 3754 ἐκεῖνον
3504 3699 3598 3751 τὸν
3612 3699 3784 3767 ὑπερο

535 3790 624 3846 Sol
659 3792 775 3861 ipse
800 3808 983 3846 nonne
1018 3794 1281 3848 mirabilis
1302 3806 1384 3850 est
1413 3808 1655 3866 aspectu,
1695 3798 2099 3868 pulchritudine

2201 3801 2310 3871 φυῆ
2343 3799 2541 3871 δρόμον
2566 3798 2659 3851 καὶ
2703 3795 2966 3850 εῠητακτον
3020 3797 3078 3847 ὲν
3109 3794 3259 3863 αὑτῷ
3284 3794 3439 3863 μέσῳ
3486 3791 3560 3860 τῷ
3584 3791 3777 3859 κόσμῳ

535 3882 698 3950 plane
743 3885 1134 3946 admirabilis?
1186 3892 1253 3941 de
1302 3904 1410 3957 quo
1462 3905 1571 3942 non
1623 3890 1770 3944 aliud
1822 3891 2099 3958 edixeris,

2203 3889 2873 3959 ἀνελίττων,θεατρίζειτε
2892 3889 2981 3941 καὶ
3009 3887 3407 3941 ἐπιδείκνυται⁸
3439 3887 3528 3937 καὶ
3548 3884 3613 3935 τά
3631 3883 3772 3950 σύμ-

536 3990 698 4041 quam
717 3976 860 4044 quod
903 3987 959 4029 ut
988 3979 1136 4047 gigas
1168 3980 1395 4034 exsultat
1418 3981 1665 4049 conﬁcere
1690 3998 1897 4035 cursum
1927 4000 2099 4047 suum,

2204 4001 2378 4037 παντα
2401 3985 2521 4044 ταῖς
2548 3982 2732 4035 ἀκτῖσι
2764 3978 2993 4049 βάλλων,
3026 3977 3122 4031 καὶ
3150 3976 3311 4029 τοῦτο
3345 3975 3445 4045 μὲν
3474 3973 3779 4040 ζωογονῶν,

537 4064 603 4118 ab
634 4082 740 4118 una
765 4066 878 4120 caeli
903 4073 1227 4124 extremitate
1256 4072 1325 4123 ad
1346 4072 1569 4125 alterunt
1595 4073 1658 4138 η,
1685 4088 1852 4128 cursu
1870 4076 2099 4144 quodam

2203 4076 2361 4128 τοῦτο
2388 4075 2445 4127 δὲ
2479 4073 2721 4137 θάλπων,
2751 4070 2849 4124 καὶ
2879 4069 3117 4139 συνέχων
3138 4069 3208 4119 τὰ
3230 4066 3487 4136 περίγεια
3517 4064 3661 4131 λόγῳ
3691 4064 3786 4116 καὶ

536 4157 788 4212 ordinato
817 4199 831 4224 ,
890 4161 1014 4215 licet
1061 4165 1455 4232 superuaturali
1486 4206 1500 4229 ,
1539 4165 1591 4217 in
1633 4166 1781 4220 orbis
1828 4168 2005 4223 medio
2048 4184 2099 4223 se

2207 4166 2358 4235 νόμῳ
2394 4163 2490 4218 τοῦ
2530 4163 2855 4224 Κτίσαντος,
2883 4163 3005 4231 οὐχὶ
3035 4160 3273 4229 τοσούτῳ
3333 4160 3569 4228 μακροῖς
3614 4155 3788 4209 ταῦτα

536 4248 834 4317 explicans,
868 4258 1121 4320 tanquam
1150 4254 1203 4306 in
1236 4254 1447 4307 theatro
1487 4254 1883 4322 manifestatur,
1918 4266 1973 4311 et
2022 4273 2099 4312 ra-

2209 4256 2462 4327 πράττων
2478 4256 2539 4308 ού
2561 4254 2828 4324 γηράσκει
2849 4254 3083 4324 χρόνοις,
3106 4253 3216 4305 οὐδ’
3240 4250 3549 4304 ἀλλοιοῦται
3571 4248 3635 4301 τὸ
3660 4248 3789 4300 κάλ-

534 4337 639 4393 diis
692 4340 872 4393 omnia
923 4342 1254 4410 percutiens,
1287 4344 1481 4412 partim
1523 4344 1629 4398 vita
1661 4346 1841 4399 dotata
1892 4346 2099 4412 imbuit,

2208 4350 2319 4412 λος,
2354 4348 2475 4400 οὐδὲ
2504 4348 2595 4400 τὸν
2627 4348 2830 4417 δρόμον
2884 4344 3127 4408 ὀκλάζει,
3163 4343 3273 4395 οὐδ’
3304 4342 3418 4410 ἔχει
3461 4340 3690 4411 πρᾶξιν,
3720 4339 3787 4392 δι’

534 4429 733 4497 partim
764 4430 911 4485 fovet
944 4450 959 4497 ;
993 4442 1046 4486 et
1086 4435 1383 4504 eompingit
1415 4435 1466 4487 in
1504 4450 1582 4498 se,
1618 4452 1953 4505 quaecunque
1982 4438 2099 4492 sub-

2208 4437 2268 4497 οὗ
2316 4442 2415 4511 τὴν
2466 4440 2618 4492 λύσιν
2672 4437 3124 4507 άπαιτηθήσεται.
3191 4435 3353 4487 Ἀλλά
3411 4434 3510 4487 καὶ
3567 4428 3730 4493 οὗτος
3761 4433 3791 4485 ὁ

535 4521 745 4575 lunaria
800 4525 1098 4577 secundum
1153 4524 1391 4579 edictum
1453 4526 1781 4581 conditionis
1808 4544 1920 4582 sua:
1954 4547 1966 4582 :
2005 4546 2099 4584 ne-

2209 4531 2463 4595 τοσοῦτος
2490 4532 2583 4584 καὶ
2616 4529 2934 4600 τηλικοῦτος
2964 4529 3025 4581 οὐ
3056 4527 3342 4595 διαφεύγει
3370 4524 3432 4577 τὸ
3460 4525 3639 4587 τέλος,
3673 4524 3790 4576 ἀλλ’

532 4629 640 4682 que
670 4615 899 4678 interea,
943 4617 1072 4669 dum
1100 4617 1204 4671 hoc
1247 4618 1455 4688 peragit
1486 4620 1648 4673 tantis
1673 4630 1727 4674 et
1756 4628 1863 4675 tam
1900 4623 2106 4691 produ-

535 4707 636 4762 ctis
658 4709 848 4777 spatiis
874 4710 1238 4774 consenescit,
1268 4725 1446 4780 neque
1468 4711 1680 4766 decoris
1703 4713 1785 4766 sui
1807 4713 2104 4783 deliquium

535 4800 622 4854 vel
670 4801 1088 4856 diminutionem
1137 4803 1361 4872 patitur,
1413 4821 1521 4859 non
1571 4804 1625 4858 in
1672 4821 1835 4859 cursu
1884 4805 2103 4870 fatiscit,

534 4892 670 4946 nihil
700 4878 827 4965 agit,
852 4894 997 4949 unde
1049 4894 1115 4948 de
1141 4895 1497 4951 dissolutione
1542 4897 1847 4965 postuletur
1878 4914 1893 4962 ;
1923 4906 1977 4950 et
2022 4907 2105 4951 ta-

535 5000 659 5038 men
680 4985 769 5039 ille
799 4985 919 5039 talis
961 4994 1249 5056 tantusque
1271 4987 1432 5043 linem
1477 5002 1634 5041 suum
1694 4998 2108 5042 etconsumma-

537 5076 740 5130 tionem
768 5091 881 5131 non
912 5077 1143 5149 diffugit,
1181 5079 1275 5133 sed
1322 5079 1556 5134 decretis
1608 5080 1915 5134 succumbit
1945 5088 2109 5133 natu-

534 5166 759 5219 ralibus.
790 5167 983 5222 Omnia
1008 5169 1211 5239 quippe
1251 5170 1629 5234 immutantur,
1678 5184 1781 5223 nec
1812 5169 2106 5240 quidquam

534 5268 639 5320 est,
695 5258 841 5327 quod
895 5276 993 5330 per
1047 5263 1448 5332 generationem
1496 5262 1919 5329 substantiatur,
1978 5263 2109 5332 quin

535 5358 662 5410 ante
704 5360 934 5405 mortem
973 5354 1176 5422 aspiret
1210 5354 1692 5411 immortalitatem.
1746 5354 1889 5420 Quid
1935 5355 2110 5424 ergo?

536 5437 665 5491 Haec
694 5439 875 5493 omnia
913 5440 1270 5511 refinguntur,
1306 5452 1363 5498 et
1410 5460 1467 5499 se
1522 5444 1830 5506 immutant,
1881 5459 1986 5498 nec
2043 5443 2109 5499 de

538 5530 645 5584 fine
685 5530 1013 5585 conditionis
1062 5548 1173 5587 suae
1215 5544 1576 5601 murmurant,
1614 5535 1708 5590 sed
1761 5535 1983 5606 Opificis
2025 5537 2109 5591 sui

536 5620 940 5691 beueplacitum
1005 5639 1160 5692 aequo
1225 5625 1408 5682 animo
1455 5626 1677 5683 ferunt:
1735 5637 1789 5682 at
1841 5644 1965 5693 nos,
2016 5629 2107 5705 qui

616 5806 656 5846 ii
690 5804 832 5868 Psal.
863 5823 1017 5874 xviii,
1057 5808 1115 5867 6.

2214 4624 2519 4677 ὑποκύπτει
2543 4624 2654 4685 τοῖς
2671 4621 2856 4689 νόμοις
2878 4621 2974 4687 τῆς
3006 4619 3244 4686 φύσεως.
3264 4618 3450 4670 Πάντα
3476 4616 3588 4685 γάρ
3622 4632 3790 4683 μετα-

2213 4713 2487 4776 ϐάλλεται,
2517 4712 2611 4762 καί
2635 4709 2809 4773 οὐδὲν,
2854 4708 2883 4760 ὃ
2928 4708 3015 4761 διὰ
3050 4706 3315 4774 γενέσεως
3352 4702 3615 4770 οὑσιώθη,
3669 4706 3790 4754 ἐπι-

2213 4805 2367 4877 ζητεῖ
2406 4803 2509 4875 πρὸ
2534 4802 2627 4855 τοῦ
2660 4801 2889 4855 θανάτου
2921 4798 3108 4869 μαθεῖν
3134 4798 3194 4850 τὸ
3221 4797 3508 4850 ἀθάνατον.
3551 4793 3620 4846 Τί
3652 4794 3789 4856 οὗνς

2212 4896 2385 4950 ταῦτα
2407 4895 2582 4948 πάντα
2605 4892 3036 4963 μεταπλάττεται
3064 4890 3157 4943 καὶ
3184 4887 3508 4958 μεταϐάλλει
3534 4887 3631 4938 καὶ
3653 4886 3795 4955 πρὸς

2212 4988 2305 5039 τὸν
2330 4988 2456 5055 ὅρον
2476 4986 2576 5038 οὐκ
2603 4984 2900 5052 ἀγανακτεί
2936 4982 3035 5050 τῆς
3066 4980 3337 5042 πλάσεως,
3368 4978 3483 5030 ἀλλ’
3519 4976 3796 5037 εὐπειθῶς

2213 5076 2368 5147 φέρει
2404 5073 2496 5127 τοῦ
2526 5073 2772 5144 τεχνίτου
2796 5072 2856 5124 τὸ
2886 5070 3133 5140 βούλημα
3157 5085 3171 5097 '
3202 5069 3364 5137 ἡμεῖς
3400 5065 3456 5118 δὲ
3484 5062 3551 5116 δι’
3580 5058 3661 5116 ὢν
3687 5064 3799 5128 μά-

2212 5187 2309 5239 την
2336 5167 2668 5236 κοπτόμεθα;
2689 5163 2812 5217 καθ’
2837 5165 2991 5234 ήμῶν
3033 5163 3094 5214 τὸ
3121 5160 3276 5213 Θεῖον
3302 5157 3662 5230 παροργίζειν
3689 5157 3801 5209 οὐκ

2212 5262 2515 5331 ὀκνήσομεν
2536 5275 2550 5322 ;
2570 5258 2665 5311 καὶ¹
2680 5255 2917 5309 τοσαῦτα
2938 5254 3042 5326 πρὸ
3059 5250 3351 5320 ὀφθαλμῶν
3371 5251 3585 5319 ἔχοντες
3608 5265 3799 5317 παρα-

2210 5354 2513 5423 δείγματα,
2544 5351 2647 5404 ὑπὸ
2667 5349 2869 5402 τούτων
2896 5348 2992 5418 μὲν
3022 5345 3233 5407 οὐδενὸς
3261 5342 3645 5412 ἀνανὴψομεν;
3692 5341 3801 5392 ὅσα

2212 5446 2269 5499 δὲ
2295 5446 2355 5498 τὸ
2386 5444 2558 5503 πάθος
2580 5442 2674 5495 καὶ
2702 5444 2730 5494 ὀ
2760 5439 2993 5509 πονηρὸς
3023 5437 3374 5506 ὑπαγορεύει,
3419 5434 3631 5494 τούτοις
3660 5432 3800 5482 ἐαυ-

2219 5539 2344 5598 reb;
2374 5533 2805 5605 παραδώσομενς
2842 5529 3071 5583 Ἔλαϐεν
3111 5530 3139 5581 ὁ
3163 5527 3415 5596 Πλάστης
3442 5524 3575 5593 πρὸς
3602 5524 3805 5574 ἑαυτὸν

2219 5630 2278 5684 τὸ
2308 5627 2739 5703 πλαστούργημα
2764 5642 2777 5656 ⁸
2808 5625 2899 5678 καὶ
2924 5623 2987 5677 σὺ
3013 5623 3111 5676 οὐκ
3137 5619 3305 5690 ἀνέχῃ
3330 5619 3416 5671 ἵνα
3444 5616 3581 5686 λύσῃ
3618 5615 3803 5668 πόνων
