4046 6412
176 360 280 426 921

1328 368 1870 433 EPISTOLARUM
1908 372 2141 436 LIBER
2180 375 2263 436 II.

3326 378 3435 445 9‘22

176 482 281 532 καὶ
311 472 629 547 φροντίδων,
662 474 699 528 ἃ
719 472 796 546 τῷ
826 473 925 544 βίῳ
951 474 1166 539 πάντως
1213 478 1719 534 συνανακύπτουσιν
1738 496 1751 510 ·

1868 482 2059 540 frustra
2084 485 2409 557 plangimur,
2437 497 2536 556 per
2564 488 2813 538 nostram
2840 483 2986 538 illam
3009 485 3287 554 querelam
3315 489 3431 543 Nu-

178 569 280 623 xai.
318 568 387 622 σὺ
408 565 780 638 δυσχεραίνεις
814 568 900 620 ἵνα
930 568 1209 639 ἀναστήσῃ
1237 585 1251 600 ·
1284 568 1381 623 καὶ
1404 571 1470 623 σὺ
1498 569 1595 642 τὴν
1635 587 1760 624 τοσ-

177 658 358 729 αύτην
378 659 541 729 χάριν
571 658 811 731 ὀλοφύρη
838 678 854 727 ;
881 660 1055 725 Αὐτὸς
1097 661 1518 729 ἀπαθανατίζει,
1542 663 1639 717 καὶ
1668 666 1757 729 σὺ,

177 751 261 815 ὡς
293 751 494 821 μηκέτι
513 748 699 820 οὔσης,
721 753 801 814 είς
823 752 1090 823 ὀδυρμοὺς
1112 754 1471 818 καταπίπτεις
1494 770 1508 785 ·
1536 754 1630 810 καὶ
1654 755 1759 809 ποῦ

176 842 357 895 ταῦτα
386 843 487 912 τῆς
518 843 616 913 σῆς
648 844 849 914 ἀρετῆς
898 844 1063 911 άξιας
1102 846 1216 899 ἀλλ’
1245 846 1604 916 ἀναλάϐωμεν
1633 848 1762 901 ἑαυ-

176 937 333 999 τοὺς,
364 936 679 1005 ὲπιγνῶμεν
719 936 879 1006 ήμῶν
919 936 1018 1007 τὴν
1074 937 1258 1007 φύσιν,
1319 939 1636 1011 ἐπι-γνῶμεν
1670 938 1761 993 τὸν

180 1028 459 1096 Ιιλάστην,
494 1027 839 1097 ἐννοήσωμεν
870 1028 971 1100 τὴν
1020 1028 1256 1083 ἄϐυσσον
1280 1031 1383 1098 τῆς
1422 1034 1760 1100 Δεσποτικῆς

180 1113 620 1186 φιλανθρωπίας.
660 1118 898 1174 Ἔδωκεν
932 1121 1011 1183 είς
1042 1121 1319 1190 ἐπιτιμίου
1348 1122 1504 1191 λόγον
1544 1124 1637 1176 τὸν
1663 1123 1762 1177 θά-

180 1221 381 1260 νατον·
414 1206 531 1259 ἀλλ’
570 1207 872 1272 ἀθανασίας
921 1210 1082 1263 αὐτὸν
1135 1210 1313 1281 πύλην
1338 1212 1405 1265 δι’
1467 1213 1597 1266 ἰδίου
1633 1230 1763 1279 μετο

180 1299 485 1353 εσκεύασεν
507 1299 761 1356 θανάτου.
810 1302 1010 1372 Ὀργῆς
1055 1301 1150 1355 καὶ
1168 1304 1593 1375 ἀγανακτήσεως
1620 1305 1760 1357 άπό-

182 1409 354 1460 φασις
383 1389 478 1463 ἦν·
533 1393 671 1446 άλλά
728 1395 827 1462 τὴν
851 1394 1027 1464 ἄκραν
1085 1394 1401 1467 άγαθότητα
1440 1395 1535 1451 τοῦ
1570 1396 1760 1468 κριτοῦ

185 1484 388 1555 μηνύει
410 1501 425 1516 ·
454 1485 570 1539 ἀλλ’
609 1485 925 1556 ὑπερϐαίνει
972 1486 1246 1556 λογισμῶν
1306 1486 1562 1556 μεθόδους
1591 1490 1652 1542 τὸ
1674 1490 1762 1542 ὲν-

183 1572 389 1642 νόημα.
420 1573 552 1627 Λύει
589 1574 686 1646 μὲν
712 1574 821 1644 γάρ
843 1573 1055 1646 Θανάτῳ
1080 1576 1177 1647 τὴν
1198 1576 1379 1645 φύσιν,
1404 1578 1525 1647 ἥτις
1555 1578 1643 1631 διὰ
1667 1578 1761 1632 τοῦ

183 1663 517 1731 προγονικοῦ
553 1664 837 1736 συνετρίϐη
870 1666 1343 1737 παραπτώματος·
1370 1667 1485 1721 ἀλλ’
1533 1669 1566 1738 ή
1611 1668 1763 1732 λύσις

182 1754 475 1825 προοίμιον
501 1754 599 1824 τῆς
627 1754 987 1819 άναπλάσεως
1007 1756 1235 1824 γίνεται.
1266 1758 1475 1827 Διαιρεί
1519 1757 1614 1810 τοῦ
1650 1758 1758 1811 σώ-

186 1860 363 1914 ματος
414 1845 513 1913 τὴν
544 1842 723 1915 ψυχήν
744 1861 757 1875 ο
789 1846 883 1899 καὶ
934 1846 967 1915 ή
998 1844 1259 1916 διαίρεσις
1282 1826 1424 1918 ἀρχῆ
1469 1846 1760 1917 συναφείας
1790 1826 1836 1884 Β

182 1936 577 2007 λαμπροτέρας
606 1953 667 1988 τε
706 1936 800 1992 καὶ
825 1936 1103 2007 θειοτέρας
1146 1938 1480 2008 εὑρίσκεται⁹
1515 1941 1762 2009 Σπείρε-

181 2044 285 2082 ται
318 2030 427 2098 γὰρ
458 2026 629 2097 σῶμα
648 2028 938 2097 ψυχικὸν,
968 2029 1252 2099 ἐγείρεται
1275 2030 1446 2099 σῶμα
1494 2046 1763 2100 πνευμα-

181 2120 391 2173 τικόν·⁸
437 2119 743 2188 σπείρεται
784 2119 855 2173 ἐν
906 2121 1126 2189 ἀτιμίᾳ,
1173 2121 1459 2191 ἐγείρεται
1486 2122 1556 2175 ἐν
1584 2123 1760 2192 δόξῃ.

198 2209 598 2280 ’Λναλαμὸάνει
621 2211 683 2263 τὸ
709 2210 1079 2282 φιλοτέχνημα
1116 2212 1226 2267 τῶν
1263 2216 1477 2267 οίκείων
1506 2215 1704 2286 χειρῶν
1733 2218 1762 2268 ὁ

183 2302 531 2374 Δημιουργὸς
555 2342 572 2369 ,
619 2302 768 2357 ἕλκει
808 2304 947 2374 πρὸς
980 2305 1171 2359 ἑαυτόν
1197 2322 1211 2336 ·
1260 2306 1482 2376 χωρίζει
1524 2308 1625 2376 μὲν
1653 2305 1762 2360 τῶν

180 2394 542 2466 ἀνθρωπίνων
574 2395 892 2465 ὀφθαλμῶν,
947 2397 1061 2449 ἀλλ’
1123 2396 1227 2449 ὑπὸ
1269 2400 1389 2461 ταῖς
1442 2398 1763 2466 άγγελικαῖς

182 2487 499 2557 ἀστραπαῖς
514 2487 608 2539 καὶ
630 2485 1005 2557 λαμπρότησιν
1022 2486 1409 2554 ὲγκατοικίξει.
1448 2488 1559 2541 Ποῦ
1589 2489 1763 2543 ταῦτα

185 2576 422 2647 θρήνων,
482 2575 587 2628 ποῦ
634 2576 692 2629 δὲ
719 2575 1006 2646 δακρύων;
1040 2576 1200 2629 πόσον
1231 2577 1426 2648 ἀπέχει
1459 2579 1663 2633 τούτων
1700 2580 1762 2634 τὸ

182 2668 381 2732 πένθος
404 2685 419 2735 ;
448 2668 632 2722 Ταῦτα
657 2669 1014 2741 διανοουμένη
1044 2670 1137 2722 καὶ
1158 2670 1389 2741 μελέτην
1410 2671 1630 2742 ἔχουσα,
1667 2674 1763 2727 καὶ

185 2765 296 2832 πρό
321 2780 386 2831 γε
412 2762 618 2817 τούτων
645 2762 900 2816 ἁπάντων
926 2765 1102 2815 ἐκεῖνο
1124 2761 1365 2817 λαϐοῦσα
1388 2765 1489 2833 τῆς
1518 2766 1759 2836 μνήμης,

180 2858 265 2910 ὅτι
295 2859 365 2909 ὲκ
389 2854 624 2926 βρέφους
650 2855 770 2926 Θεῷ
798 2854 1116 2923 έκολλήθης,
1145 2854 1242 2907 καὶ
1275 2856 1354 2929 τῷ
1374 2855 1638 2928 ἀφθάρτῳ
1667 2858 1763 2909 καὶ

182 2948 441 3019 ἀθανάτῳ
466 2948 683 3018 νυμφίῳ
710 2947 931 3017 Χριστῷ
965 2946 1350 3017 συνηρμόσθης
1369 2987 1386 3011 ,
1433 2951 1762 3019 γεννήτορας

184 3042 288 3113 μὲν
312 3043 406 3095 καὶ
434 3042 697 3110 ἀδελφοὺς
720 3043 815 3099 καὶ
837 3042 1159 3110 συγγένειαν
1181 3042 1362 3094 πᾶσαν
1384 3041 1760 3113 άρνησαμένη,

1861 590 1985 631 men
2016 576 2232 632 irritare
2262 591 2372 632 non
2403 590 2733 647 gravamur:
2766 590 2945 644 neque
2966 590 3089 629 cum
3123 585 3202 631 tot
3232 577 3435 633 habea-

1860 682 1985 722 mus
2009 683 2121 738 prae
2148 668 2322 723 oculis
2350 668 2627 738 exempla,
2646 668 2715 722 ad
2738 682 2926 722 eorum
2961 668 3175 738 aliquod
3214 671 3435 726 excitati

1860 759 2011 814 velut
2036 760 2103 814 de
2131 759 2344 814 somnio
2378 759 2622 829 sapimus
2645 800 2661 825 ,
2702 760 2800 815 sed
2837 760 3018 829 potius
3049 775 3149 815 nos
3176 761 3242 815 iis
3273 764 3438 817 tradi-

1862 866 1984 907 mus
2011 852 2379 922 exagitandos,
2404 869 2525 923 quae
2572 854 2821 910 diabolus
2853 854 3093 924 suggerit
3125 863 3180 909 et
3205 854 3437 911 allectus

1861 943 2054 999 nostri.
2082 942 2385 1000 Transtulit
2421 944 2700 1014 opiﬁcium
2735 961 2893 1001 suum
2929 948 2997 1000 ad
3031 947 3270 1017 seipsum
3301 949 3433 1002 arti-
3502 935 3507 941 ’

1861 1034 1950 1088 fex
1973 1050 1999 1100 ;Δ
2022 1042 2081 1089 tu
2128 1044 2315 1091 autem
2351 1050 2493 1107 aegre
2521 1035 2629 1090 fers
2654 1077 2669 1100 ,
2710 1042 2769 1091 ut
2801 1052 2830 1090 a
2856 1036 3128 1091 laboribus
3172 1046 3228 1091 et
3266 1039 3434 1103 curis,

1861 1141 1982 1195 quae
2024 1127 2229 1196 passim
2284 1142 2384 1197 per
2410 1128 2533 1183 vitae
2561 1142 2780 1182 cursum
2828 1138 3143 1191 occurrunt,
3169 1144 3229 1184 se
3274 1145 3437 1198 expe-

1862 1217 1996 1272 diat.
2036 1216 2156 1275 Pati
2185 1234 2294 1273 non
2337 1228 2491 1289 potes
2522 1228 2581 1273 ut
2623 1228 2872 1292 resurgat
2911 1221 3034 1286 illa;
3063 1220 3157 1276 sed
3184 1221 3344 1275 talem
3382 1229 3439 1277 et

1866 1319 2068 1363 tantam
2099 1310 2323 1380 gratiam
2364 1310 2619 1367 collatam
2649 1311 2823 1366 doles.
2880 1310 3019 1366 Dcus
3055 1313 3201 1367 illam
3250 1313 3437 1367 reddi-

1862 1402 1943 1456 dit
1996 1401 2379 1468 immortalem,
2415 1411 2469 1457 et
2524 1410 2585 1457 tu
2639 1403 2863 1469 idcirco,
2919 1404 3073 1472 quasi
3110 1420 3219 1458 non
3259 1403 3439 1459 adhuc

1864 1503 2103 1548 exstaret
2162 1494 2383 1561 alicubi,
2429 1495 2485 1549 in
2548 1495 2723 1550 lessus
2792 1505 2845 1550 te
2895 1496 3049 1550 dedis
3082 1504 3136 1549 et
3176 1496 3434 1549 lamenta.

1866 1586 2119 1641 Haaccine
2153 1596 2299 1641 tuam
2330 1602 2399 1641 an
2444 1603 2555 1642 non
2587 1587 2857 1642 dedecent
2882 1587 3181 1641 virtutem?
3206 1587 3439 1640 Recolli-

1865 1693 2054 1748 gamus
2084 1693 2185 1733 nos
2236 1679 2379 1747 ipsos
2426 1688 2632 1743 autem,
2664 1689 2915 1733 naturam
2960 1688 3204 1733 nostram
3235 1680 3439 1733 recola-

1869 1774 2017 1837 mus’,
2070 1770 2417 1825 Conditorem
2488 1786 2848 1841 agnoscamus
2878 1812 2893 1835 ,
2943 1773 3191 1842 abyssum
3241 1773 3440 1827 divina:

1864 1862 2252 1918 misericordia:
2274 1864 2595 1933 cogitemus.
2628 1862 2854 1917 Mortem
2902 1864 2992 1918 ille
3018 1864 3298 1918 constituit
3318 1875 3439 1919 tan-

1861 1970 2025 2023 quam
2073 1970 2329 2024 pcenam,
2389 1956 2484 2010 sed
2538 1972 2636 2026 per
2672 1956 2946 2025 propriam
3004 1971 3155 2010 suam
3208 1967 3439 2010 mortem

1858 2046 2080 2116 januam
2114 2047 2531 2102 immortalitatis
2550 2058 2784 2102 mortem
2814 2048 3100 2102 constituit
3126 2066 3140 2101 :
3170 2050 3441 2103 sententia

1864 2139 1966 2194 fuit
2026 2139 2171 2203 irati,
2219 2148 2274 2193 et
2309 2140 2644 2210 indignantis
2668 2140 2786 2202 Dei,
2829 2141 2925 2196 sed
2953 2148 3139 2194 tamen
3188 2141 3442 2195 eximiam

1859 2229 2057 2299 judicis
2092 2230 2389 2285 bonitatem
2450 2229 2695 2295 indicat;
2751 2230 2977 2285 rationis
3030 2230 3172 2284 viam
3220 2245 3440 2283 omnem

1864 2332 2155 2393 exsuperat
2174 2322 2448 2393 cogitatio.
2479 2322 2583 2377 Per
2606 2332 2842 2377 mortem
2879 2331 3074 2377 natura
3102 2321 3331 2377 solvitur
3353 2337 3439 2385 ea,

1863 2431 1985 2485 quae
2007 2416 2392 2470 conterebatur
2424 2429 2523 2484 per
2576 2414 2737 2485 primi
2784 2414 3025 2485 parentis
3052 2412 3441 2484 transgressio-

1864 2527 2029 2577 nem;
2062 2511 2156 2565 sed
2214 2510 2303 2565 illa
2347 2510 2633 2565 dissolutio
2668 2510 2728 2565 fit
2756 2510 3076 2580 proremium
3123 2518 3325 2563 nostra!
3353 2522 3443 2563 re-

1864 2601 2177 2657 creationis.
2234 2601 2446 2669 Corpus
2490 2609 2544 2654 et
2573 2599 2811 2654 animam
2856 2605 3071 2667 separat
3131 2611 3315 2659 mors;
3352 2594 3445 2650 illa

1864 2704 2044 2748 autem
2072 2693 2478 2762 conjunctionis
2511 2693 2735 2747 alterius
2771 2700 2825 2745 et
2854 2688 3164 2745 illustrioris
3195 2697 3251 2742 et
3301 2687 3443 2742 divi-

1864 2786 2031 2841 nioris
2099 2785 2313 2839 initium
2363 2786 2672 2855 reperitur:
2716 2783 3021 2839 Seminatur
3070 2782 3211 2835 enim
3256 2796 3445 2849 corpus

1864 2878 2123 2941 animale,
2149 2879 2318 2949 surgit
2349 2894 2537 2947 corpus
2583 2878 2900 2947 spirituale;
2928 2876 3221 2930 seminatur
3258 2890 3449 2943 corpus

1865 2973 1917 3024 in
1948 2971 2214 3035 dedecore,
2242 2976 2408 3041 surgit
2446 2972 2501 3023 in
2528 2970 2698 3041 gloria
2732 2970 2797 3021 ¹³.
2832 2970 2983 3038 Opus
3011 2968 3158 3023 enim
3184 2982 3445 3021 manuum

1865 3075 2083 3113 suarum
2119 3060 2352 3114 assumit
2375 3057 2588 3129 Opifex,
2623 3059 2690 3112 ad
2716 3074 2775 3113 se
2806 3058 3063 3112 transfert
3091 3076 3104 3123 ;
3138 3058 3354 3127 seponit
3378 3056 3447 3109 ab

183 3134 336 3205 αὐτῷ
368 3134 425 3187 δὲ
448 3134 596 3205 μόνῳ
622 3134 712 3187 τὸν
743 3134 853 3205 βίον
880 3134 999 3187 ὅλον
1019 3132 1115 3187 καὶ⁵
1133 3133 1233 3204 τήν
1252 3132 1399 3201 ζωὴν
1421 3133 1761 3204 καθυποσχο-

1871 3150 2121 3204 humanis
2182 3150 2394 3215 oculis,
2430 3150 2524 3204 sed
2576 3150 2820 3204 habitare
2870 3149 3001 3203 facit
3028 3150 3083 3203 in
3127 3158 3450 3204 coruscante

188 3229 360 3299 μένη·
401 3227 477 3298 μὴ
507 3226 806 3296 καθύϐριζε
850 3228 964 3292 τοῖς
1010 3226 1264 3297 ὀδυρμοῖς
1320 3226 1418 3297 τὴν
1449 3228 1760 3297 ὁμολογίαν,

186 3321 326 3393 μηδὲ
356 3319 436 3391 τῷ
468 3320 655 3374 πένθει
680 3321 780 3391 τὴν
808 3320 968 3391 χάριν
991 3320 1206 3389 ἐκείνην
1226 3320 1596 3392 ἁμαυρὼσῃς,
1631 3320 1765 3391 μηδὲ

182 3418 254 3486 τῇ
282 3414 378 3469 νῦν
403 3415 815 3485 σκυθρωπότητι
853 3414 953 3485 τὴν
980 3416 1087 3468 τῶν
1121 3415 1369 3482 ἀγγέλων
1420 3416 1542 3467 τότε
1592 3416 1767 3485 χαράν

185 3507 517 3581 ἀπαλλάξῃ.
556 3509 654 3561 Ἂν
674 3509 782 3579 γάρ
813 3504 896 3571 οἷς
925 3510 1123 3561 ἐκεῖνοι
1156 3508 1276 3562 νυνὶ
1304 3507 1586 3579 χαίρουσιν
1624 3525 1767 3577 παρ-

185 3603 344 3656 Θένον
368 3602 548 3671 ψυχὴν
574 3604 667 3654 καὶ
696 3603 807 3654 τῶν
843 3601 1033 3655 παθῶν
1070 3600 1371 3671 ἁνωτέραν,
1420 3604 1499 3664 εἰς
1524 3602 1767 3671 ἀναπλή-

190 3709 360 3764 ρωσιν
388 3692 499 3746 τῶν
530 3692 915 3763 ἀπορρυέντων
939 3692 1232 3762 δαιμονίων
1276 3693 1667 3762 εἰσδεξάμενοι,
1702 3694 1767 3747 σὺ

185 3785 361 3839 ταῦτα
396 3784 624 3848 πένθους
658 3786 1089 3849 κατασκευάζεις
1112 3784 1389 3839 ὑπόθεσιν.
1435 3787 1579 3856 Ὅρα
1620 3787 1767 3849 ὅπως

186 3881 304 3941 τοῖς
328 3878 603 3945 δευτέροις
637 3877 849 3947 πικρῶς
879 3878 1178 3948 ὲξυὸρίζεις
1201 3878 1267 3930 τὰ
1289 3878 1549 3949 πρότερα.
1581 3878 1769 3941 Οὐδεὶς

185 3970 457 4040 ἀκμάζων
478 3969 557 4039 τῷ
583 3968 717 4040 πρὸς
747 3971 837 4021 τὸν
878 3970 1110 4037 νυμφίον
1133 3970 1316 4039 ἔρωτι,
1352 3969 1527 4022 λείπει
1553 3969 1652 4039 μὲν
1675 3970 1769 4022 τὸν

190 4063 380 4129 πόθον,
410 4062 618 4131 γίνεται
643 4062 700 4115 δὲ
726 4062 819 4115 τοῦ
849 4062 1099 4126 πένθους.
1151 4064 1261 4117 Καὶ
1312 4063 1395 4115 ὅτι
1441 4063 1541 4131 μὲν
1564 4064 1769 4115 ἐκεῖνον

188 4159 332 4227 ἔχει,
363 4154 815 4209 ὲπιλανθάνεταν
869 4154 1133 4215 θανάτους
1184 4154 1241 4207 δὲ
1288 4157 1617 4225 περισκοπεῖ
1674 4154 1771 4207 καὶ

187 4249 620 4320 περιεργάζεται
654 4247 752 4301 καὶ
782 4247 993 4310 τούτοις
1035 4247 1433 4316 περιοδυνεῖται
1454 4261 1468 4275 ο
1505 4246 1581 4317 τῷ
1607 4246 1770 4301 πάθει

190 4343 286 4393 τὸν
329 4340 492 4392 πόθον
523 4339 819 4409 βαπτίζων,
851 4337 947 4391 καὶ
997 4338 1096 4407 τὴν
1148 4338 1322 4407 χαράν
1374 4336 1656 4407 προδιδοὺς
1700 4339 1767 4408 τῇ

191 4432 342 4506 λύπῃ
367 4432 735 4503 αἰχμάλωτον.
772 4431 834 4485 El
870 4430 968 4498 μὲν
996 4426 1089 4483 οὖν
1123 4432 1150 4483 ὁ
1176 4430 1526 4499 τελευτήσας,
1567 4427 1769 4498 μᾶλλον

1872 3242 2262 3297 illuminatione
2290 3243 2626 3313 angelorum.
2665 3244 2748 3295 An
2791 3241 3039 3310 lacrymae
3068 3239 3283 3307 hicjam
3311 3253 3448 3292 con-

1872 3333 2118 3405 gruunt?
2143 3350 2212 3387 an
2246 3334 2482 3387 lamenta
2510 3332 2533 3385 ?
2567 3347 2729 3401 quam
2774 3331 2932 3401 longe
2979 3330 3108 3383 hinc
3138 3336 3447 3382 removetur

1875 3428 2123 3495 planctus
2154 3424 2176 3479 ?
2208 3422 2335 3478 Haec
2358 3434 2416 3477 tu
2446 3423 2754 3486 revolvens,
2782 3436 2835 3475 et
2856 3422 2999 3490 apud
3026 3419 3266 3472 animum
3295 3426 3449 3471 tuum

1873 3517 2141 3586 cogitans,
2166 3524 2221 3570 et
2242 3523 2439 3584 praeter
2466 3514 2583 3569 haec
2608 3514 2791 3569 omnia
2827 3513 2971 3566 illius
3005 3510 3273 3580 imprimis
3296 3510 3454 3562 remi-

1873 3611 2114 3674 niscens,
2170 3608 2314 3678 quod
2352 3608 2463 3662 Deo
2492 3608 2560 3661 ab
2599 3605 2944 3660 incunabulis
2988 3602 3203 3656 addicta
3243 3602 3449 3663 fueras,

1875 3700 2274 3771 incorruptibili
2327 3708 2382 3754 et
2406 3698 2699 3754 immortali
2736 3711 2938 3765 sponso
2980 3695 3200 3749 Christo
3233 3692 3455 3762 cepula-

1877 3804 1948 3859 ta,
1980 3802 2256 3862 parentes,
2287 3792 2505 3855 fratres,
2534 3788 2974 3860 consanguineos
3000 3787 3295 3857 abnegans,
3349 3785 3456 3855 ipsi

1874 3887 1978 3942 soli
2009 3888 2177 3941 vitam
2204 3886 2517 3940 universam
2544 3893 2600 3938 et
2627 3882 2843 3938 vivendi
2875 3882 3144 3935 rationem
3173 3876 3449 3948 stipulata.

1874 3979 1993 4035 Noli
2018 3978 2182 4050 igitur
2211 3978 2560 4032 lamentando
2586 3975 2730 4030 illam
2752 3984 2897 4031 tuam
2927 3973 3324 4044 professionem
3354 3972 3453 4025 de-

1876 4073 2172 4137 decorare;
2204 4070 2312 4124 noli
2344 4070 2490 4123 luctu
2510 4069 2651 4122 illam
2674 4069 2904 4139 gratiam
2940 4066 3230 4129 otl‘uscare,
3254 4082 3323 4119 ne
3355 4080 3457 4135 pro

1876 4164 2129 4233 praesenti
2163 4162 2453 4217 tetricitate
2482 4162 2737 4231 gaudium
2778 4169 3084 4215 commutes
3113 4160 3453 4229 angelorum.

1876 4255 1932 4309 Si
1979 4254 2147 4316 enim,
2185 4252 2479 4322 quibusilli
2508 4266 2657 4305 nunc
2712 4252 2985 4315 laetantur,
3030 4250 3268 4301 animam
3302 4248 3459 4315 virgi-

1876 4358 2036 4397 neam
2067 4342 2411 4413 passionibus
2433 4341 2777 4410 superiorem
2807 4338 3081 4401 humanis,
3105 4338 3169 4391 ad
3200 4337 3457 4406 supplen-

1878 4437 2006 4491 dum
2066 4436 2244 4490 locum
2292 4444 2344 4488 et
2396 4442 2597 4488 statum
2638 4432 3055 4496 daemoniorum,
3104 4431 3193 4499 qui
3240 4429 3307 4483 de
3364 4429 3461 4480 illo.

186 4526 246 4578 δὲ
273 4525 425 4595 ἡμᾶς
462 4526 497 4593 ή
527 4523 875 4591 προλαϐοῦσα
902 4522 1010 4575 τῶν
1030 4522 1249 4592 ἀμελῶς
1274 4524 1369 4577 καὶ
1396 4523 1498 4574 οὐκ
1530 4521 1766 4584 εὐσεϐῶς

1874 4528 2212 4590 exciderunt,
2239 4525 2599 4593 suscipientes
2619 4563 2634 4587 ,
2668 4532 2725 4577 tu
2764 4524 2816 4576 in
2840 4528 3219 4593 argumentum
3251 4519 3463 4572 doloris.

187 4616 537 4689 βεϐιωκότων
567 4616 865 4686 ἐτύγχανεν
885 4633 899 4646 ·
932 4616 1074 4686 τάχα
1102 4617 1168 4669 ἂν
1204 4614 1534 4685 συγγνώμην
1562 4610 1707 4685 εἶχεν
1740 4615 1769 4666 ὁ

186 4711 499 4780 στεναγμὸς
533 4711 628 4762 καὶ
648 4711 717 4762 τὰ
750 4710 984 4779 δάκρυα,
1017 4708 1194 4761 καίτοι
1227 4726 1291 4777 γε
1314 4710 1343 4761 ὁ
1374 4707 1578 4778 Κύριος
1612 4708 1770 4777 ἡμῶν

183 4806 287 4857 καὶ
313 4802 524 4872 Σωτὴρ,
549 4804 582 4872 ἡ
602 4801 703 4871 τῆς
727 4801 1139 4870 φιλανθρωπίας
1158 4802 1331 4869 πηγὴ,
1352 4801 1475 4852 οὐδὲ
1490 4800 1629 4868 πρὸς
1650 4797 1771 4851 τού-

182 4907 317 4953 τους
342 4890 768 4961 ἐπιστρέφεσθαι
790 4895 901 4953 τοῐς
934 4890 1250 4943 ἀκολουθεῖν
1300 4889 1449 4959 αὐτῷ
1472 4906 1769 4959 προαιρου-

187 4983 377 5051 μένοις
397 4984 560 5053 νόμον
580 4983 754 5038 ἔθετο.
814 4986 999 5055 Ἄφες
1021 4984 1147 5054 γὰρ,
1177 4985 1303 5053 ἔφη,
1331 4984 1472 5048 τοὺς
1516 4982 1771 5050 νεκροὺς

185 5075 378 5144 θάψαι
428 5075 571 5141 τοὺς
613 5075 843 5129 ἑαυτῶν
886 5076 1137 5144 νεκρούς
1163 5092 1177 5107 ⁸
1218 5076 1300 5129 σὺ
1329 5075 1398 5128 δὲ
1453 5076 1773 5129 ἀκολούθει

173 5186 310 5237 μοι.
356 5167 510 5221 Ἐπεὶ
536 5170 592 5222 δὲ
624 5170 731 5221 τῶν
758 5170 922 5231 ὁσίως
954 5172 1048 5222 καὶ
1079 5168 1345 5237 θεοφιλῶς
1372 5168 1768 5237 διαςησάντων,

183 5264 284 5316 καὶ
319 5262 437 5332 Θεῷ
461 5263 560 5333 τὴν
604 5263 788 5317 πίστιν
824 5263 1070 5333 καθαράν
1097 5262 1498 5334 τετηρηκότων,
1535 5265 1596 5314 τὸ
1628 5279 1769 5331 παρτ

182 5355 401 5407 Οενικὸν
435 5356 610 5407 έκεῖνο
636 5358 731 5408 καὶ
765 5356 1034 5424 μακάριον
1064 5356 1258 5417 σκεῦος
1289 5354 1587 5423 ἐτύγχανεν
1611 5368 1625 5382 °
1651 5355 1770 5417 πῶς

178 5448 286 5517 τὴν
310 5447 645 5518 Δεσποτικὴν
690 5448 875 5517 φωνὴν
925 5448 987 5499 οὐ
1041 5448 1473 5519 δυσωπούμεθα;
1526 5447 1644 5510 πῶς
1674 5449 1773 5517 οὐχ

180 5540 517 5609 εὑρίσκομεν
537 5544 595 5594 ἐν
617 5542 753 5613 αὐτῇ
779 5544 962 5595 πᾶσαν
984 5544 1286 5613 κατηφείας
1309 5544 1553 5596 διάλυσιν
1576 5562 1590 5609 ;
1610 5543 1671 5595 '0
1689 5555 1775 5594 πι-

181 5633 425 5686 στεύων
450 5635 538 5699 εις
564 5634 690 5702 ἐμὲ,
709 5635 827 5690 κᾶν
847 5635 1142 5705 ἀποθάνῃ,
1174 5636 1412 5704 ζήσεται
1436 5653 1448 5666 ⁸
1489 5637 1577 5689 διὰ
1606 5634 1773 5690 θανά-

265 5820 307 5857 υ
343 5820 365 5880 1
397 5820 525 5880 Cor.
553 5841 643 5892 xv,
677 5826 762 5883 44.

1880 4621 2246 4679 transtuleris.
2278 4620 2397 4674 vide
2420 4636 2489 4673 an
2518 4634 2625 4672 non
2659 4618 2840 4686 priora
2866 4627 2957 4671 tua
2990 4627 3134 4669 recte
3161 4612 3321 4676 facta,
3358 4626 3456 4679 per

1878 4717 1978 4769 ista
2050 4714 2347 4784 posteriora
2416 4711 2596 4766 vities.
2650 4708 2823 4764 Nemo
2887 4724 3073 4762 amore
3121 4706 3205 4760 sui
3268 4705 3457 4774 sponsi

1878 4808 2243 4862 inﬂammatus
2294 4804 2467 4860 amori
2500 4803 2752 4857 nuntium
2810 4801 3071 4857 remittet.
3110 4807 3167 4851 ut
3206 4811 3265 4850 sc
3293 4796 3456 4850 dedat

1878 4900 2081 4954 luctui:
2115 4898 2317 4951 oblitus
2338 4896 2483 4965 quod
2517 4894 2668 4947 illum
2704 4890 3084 4959 amplectatur,
3116 4894 3318 4939 mortes
3342 4883 3453 4937 cir-

1877 4991 2191 5060 cumspicit,
2214 4998 2266 5042 ct
2292 4988 2505 5041 curiose
2530 4983 2787 5051 inquirat,
2810 4989 2864 5033 ct
2880 4980 2950 5033 ob
2968 4978 3084 5031 illas
3102 4976 3454 5029 vehementer

1870 5101 1928 5139 se
1959 5082 2177 5152 alIliget,
2196 5079 2541 5150 passionibus
2576 5076 2901 5142 immergens
2923 5068 3253 5124 desiderium
3269 5084 3453 5131 suum,

1870 5186 1925 5233 et
1956 5176 2207 5247 gaudium
2240 5174 2296 5227 in
2338 5169 2571 5225 vinculis
2613 5165 2968 5221 constrictum
2995 5162 3161 5216 luctui
3196 5161 3403 5215 dedens
3435 5179 3449 5214 :

1870 5271 1935 5332 si,
1958 5278 2137 5322 autem
2174 5266 2262 5320 illa
2290 5280 2391 5318 suo
2420 5264 2530 5317 fato
2567 5260 2775 5322 functa,
2806 5258 2892 5311 vel
2929 5263 2991 5309 ut
3038 5255 3223 5309 verius
3252 5255 3449 5312 dicam,

1872 5380 1991 5434 qua
2020 5377 2121 5415 nos
2152 5357 2465 5418 antecessit,
2504 5357 2558 5410 in
2599 5369 2785 5409 earum
2821 5352 3012 5405 fuisset
3038 5365 3288 5413 numero,
3331 5362 3455 5416 qua:

1871 5469 2078 5510 secura:
2155 5450 2259 5513 sui,
2322 5464 2428 5502 nec
2518 5445 2817 5500 secundum
2903 5444 3074 5497 Deum
3150 5442 3448 5502 vixerant,

1870 5560 1985 5604 tum
2060 5555 2208 5600 certe
2298 5542 2590 5615 gemitibus
2660 5538 3051 5609 indulgendum
3107 5534 3202 5589 tibi
3281 5531 3445 5584 foret.

1874 5642 2009 5695 Nam
2065 5634 2331 5693 Dominus
2358 5643 2413 5688 et
2452 5630 2712 5687 Servator
2739 5638 2929 5685 noster
2950 5625 3041 5683 ille
3068 5624 3194 5681 fons
3217 5633 3279 5679 et
3293 5621 3452 5694 origo
