4046 6422
574 376 677 439 923i

1711 377 1969 438 ΡΙΙΟΤΙΙ
2010 378 2509 440 PATRIARCH/E
2552 382 2663 445 (ΣΡ.

3722 380 3832 440 924

571 483 797 539 humani
834 486 1035 541 amoris
1072 503 1334 558 sequaces
1366 506 1493 546 suos
1518 503 1856 559 nequaquam
1906 488 2144 557 permisit

2250 505 2343 541 του
2370 489 2516 559 ζωὴν
2544 492 2814 546 ἀθάνατον
2839 491 3038 561 εὕρατο
3061 507 3074 520 ·
3105 492 3193 547 διὰ
3235 492 3438 555 λύσεως
3465 492 3565 562 τὴν
3605 492 3830 545 ἀδιάλυ-

571 576 770 631 talibus
828 579 1204 634 allectionibus
1254 582 1447 636 abduci
1500 599 1513 635 :
1569 580 1841 647 Permitte,
1868 580 2142 649 inquiens,

570 675 803 719 mortuos
835 682 955 720 suos
998 678 1226 723 mortuos
1276 670 1495 739 sepelire
1540 685 1559 723 :
1614 680 1670 723 tu
1706 680 1883 723 autem
1933 684 2146 739 sequere

571 775 653 812 me
677 758 741 813 ”.
773 758 908 813 Cum
934 775 1063 813 vero
1116 761 1257 815 inter
1286 778 1382 818 eos
1408 764 1499 833 qui
1526 764 1825 818 secundum
1868 761 1963 816 Dei
2014 762 2148 816 dile-

570 850 805 904 Ctionem
860 852 1131 917 vixerunt,
1155 862 1209 907 et
1247 853 1355 908 Deo
1394 856 1555 910 ﬁdem
1588 856 1853 911 sinceram
1883 861 1938 909 et
1974 854 2146 909 illiba-

569 947 677 991 tam
734 952 1109 1008 servaverunt,
1168 944 1469 1016 virgineum
1514 947 1645 1001 illud
1677 954 1730 1000 et
1782 947 2002 1002 beatum
2049 962 2145 1001 vas

570 1029 753 1094 fuerit,
784 1032 926 1085 unde
957 1043 1060 1099 est,
1078 1036 1221 1104 quod
1256 1036 1588 1092 Dominieam
1614 1053 1797 1092 vocem
1827 1053 1935 1093 non
1961 1053 2147 1092 verea-

569 1137 693 1174 mur
719 1122 740 1174 ?
781 1122 889 1177 Cur
918 1140 1028 1179 non
1069 1126 1123 1180 in
1152 1144 1216 1181 eo
1262 1144 1389 1183 vase
1420 1130 1827 1199 dissipationem
1858 1130 2143 1185 obnubila-

568 1214 731 1269 tionis
779 1218 1105 1285 requirimus
1152 1220 1373 1289 potius?
1420 1220 1520 1285 Qui
1568 1220 1731 1274 credit
1764 1222 1817 1274 in
1875 1238 1975 1286 me,
2027 1220 2142 1273 licet

567 1309 827 1362 moriatur
855 1313 1054 1376 vivet”,
1082 1324 1425 1383 permortem
1452 1331 1649 1386 nempe
1673 1316 1899 1385 adeptus
1922 1317 2143 1369 immor-

565 1400 849 1467 talitatem,
871 1419 968 1473 per
999 1405 1322 1461 solutionem
1348 1418 1540 1462 nactus
1573 1408 1943 1462 indissolubile
1968 1407 2141 1461 taber-

563 1494 837 1549 naculum.
896 1496 1038 1551 Dixit
1088 1499 1283 1552 iterum
1349 1501 1657 1554 communis
1721 1501 1811 1553 ille
1858 1499 2143 1553 hominum

563 1586 841 1654 Serv-ator,
896 1597 951 1642 et
982 1590 1361 1646 salvandorum
1393 1608 1661 1663 sponsus:
1712 1592 1837 1646 Filii
1882 1593 2142 1661 sponsalia

564 1678 788 1731 thalami
821 1680 997 1749 lugere
1024 1699 1126 1736 non
1150 1693 1385 1750 possunt,
1433 1686 1665 1753 quaudiu
1694 1702 1807 1737 cum
1834 1686 1935 1737 illis
1966 1695 2141 1738 manet

562 1787 782 1837 sponsus
800 1772 860 1826 ¹⁸.
889 1775 1065 1829 Audin
1089 1776 1218 1844 quid
1252 1777 1423 1830 dicit?
1452 1777 1570 1831 Noli
1609 1787 1659 1831 te
1693 1787 1897 1832 tuamet
1921 1789 2139 1832 senten-

564 1862 637 1916 tia
700 1863 980 1929 damnare,
1043 1868 1108 1920 ad
1164 1870 1564 1937 separationem
1621 1870 1740 1925 talis
1793 1869 1985 1939 Sponsi
2046 1888 2142 1940 per

565 1954 800 2010 lamenta
834 1974 847 2022 ;
885 1974 985 2012 nec
1038 1960 1170 2014 illud
1204 1961 1257 2014 in
1299 1962 1528 2031 teipsum
1566 1963 1844 2017 decretum
1907 1966 2140 2027 saucias,

565 2046 709 2113 quod
739 2047 783 2101 si
805 2048 927 2116 quis
957 2050 1095 2104 alius
1125 2051 1354 2118 tulisset,
1388 2053 1639 2122 injuriam
1676 2070 1783 2107 non
1808 2055 1979 2109 ferres
2008 2055 2143 2109 irro-

566 2144 767 2203 gatam,
798 2140 891 2194 sed
922 2140 978 2193 in
1010 2141 1127 2197 loco
1158 2144 1326 2199 hostis
1356 2154 1410 2199 et
1441 2146 1643 2199 malum
1698 2146 1792 2199 tibi
1826 2147 2143 2200 machinan-

566 2225 638 2278 tis
666 2226 865 2282 habere
906 2231 1088 2292 velles,
1126 2242 1181 2286 et
1209 2235 1523 2288 omnimodo
1545 2250 1576 2287 a
1604 2245 1653 2289 te
1678 2236 2023 2307 relegandum
2060 2239 2142 2291 di-

567 2332 741 2371 ceres.
798 2317 914 2374 Noli
962 2330 1015 2375 tu
1062 2322 1296 2389 lugendo
1319 2326 1546 2395 gloriam
1598 2327 1763 2391 illam,
1797 2344 1902 2397 qua
1946 2328 2146 2383 fruitur

570 2406 679 2471 illa,
709 2418 759 2463 te
794 2412 965 2481 ipsam
1004 2415 1257 2486 lacrymis
1286 2417 1501 2487 dignam
1532 2419 1712 2473 facere
1743 2438 1757 2473 :
1791 2419 1993 2489 Lugere
2042 2438 2146 2475 non

568 2513 804 2569 possunt,
855 2507 943 2575 qui
984 2510 1233 2561 assistunt
1290 2528 1479 2577 sponso
1510 2513 1575 2565 '9.
1615 2511 1729 2565 lloc
1766 2513 1984 2565 eﬂatum
2016 2515 2145 2582 quid

569 2592 668 2644 sibi
694 2595 809 2647 vult
838 2596 861 2648 ?
894 2598 1035 2662 Quid
1066 2616 1200 2654 voce
1246 2602 1346 2656 hac
1372 2602 1649 2657 Dominiea
1683 2604 2017 2659 terribilius?
2042 2607 2145 2659 De-

569 2683 786 2754 ploras?
844 2687 1025 2759 itaque
1086 2693 1351 2764 disjungis
1399 2710 1428 2748 a
1475 2711 1727 2763 sponso;
1786 2697 2147 2753 lamentaris?

568 2780 732 2841 atque
758 2776 830 2831 ita
877 2780 1147 2847 genialem
1176 2784 1471 2838 thalamum
1497 2787 1824 2841 contumelia
1855 2788 2042 2853 allicis,
2093 2790 2145 2843 id

568 2866 715 2933 quod
744 2868 993 2925 homines
1023 2874 1271 2944 plerique
1301 2877 1491 2931 etvilis
1516 2879 1800 2933 multitudo
1817 2880 1962 2945 facit,
1992 2897 2147 2936 nem-

568 2971 636 3025 pe
690 2974 721 3012 ο
776 2961 1015 3018 thalamo
1050 2967 1320 3022 excidisti.
1358 2968 1623 3033 Quocirca
1664 2986 1733 3024 ne
1763 2980 1822 3025 ut
1876 2980 2144 3027 mortuam

569 3049 918 3119 deploremus
972 3073 1113 3124 eam,
1146 3075 1265 3128 qua:
1287 3078 1411 3116 cum
1462 3063 1692 3118 Domino
1722 3065 1886 3130 vivit;
1921 3082 1988 3121 ne
2050 3084 2147 3136 per

2245 596 2338 633 τον
2360 584 2777 652 κατασκήνωσιν
2804 582 3175 653 ἐκληρώσατο.
3205 583 3352 651 Ἔφη
3387 582 3551 636 πάλιν
3589 584 3618 635 ὁ
3649 582 3831 644 κοινὸς

2246 673 2548 745 ἀνθρώπων
2569 674 2778 745 Σωτὴρ,
2802 677 2894 727 καὶ
2920 678 3028 728 τῶν
3071 676 3392 745 σωζομένων
3424 672 3663 744 νυμφίος
3690 688 3703 700 ·
3744 674 3825 726 Οὐ

2244 767 2533 821 δύνανται
2562 767 2807 821 πενθεῖν
2826 772 2878 822 ol
2901 768 3017 822 υἱοὶ
3044 768 3149 821 τοῦ
3175 766 3516 836 νυμφῶνος,
3555 766 3652 834 ἐφ’
3676 767 3829 820 ὅσον

2244 860 2470 928 χρόνον
2479 858 2808 929 μετάὑτῶν
2824 859 2996 913 ἐστιν
3010 863 3041 914 ὀ
3053 860 3331 928 νυμφίος·
3346 858 3571 921 ἀκούεις
3586 858 3640 909 τί
3652 858 3821 923 λέγεις

2247 950 2323 1019 μὴ
2347 950 2717 1021 καταδικήσης
2743 954 2962 1021 σεαυτῇ,
3000 950 3087 1004 διὰ
3114 950 3208 1003 τοῦ
3238 948 3491 1013 πένθους,
3522 946 3623 1000 τοῦ
3678 946 3827 1016 τηλι-

2245 1040 2437 1095 κούτου
2472 1043 2706 1112 νυμφίου
2758 1043 2855 1114 τὴν
2892 1043 3193 1106 διάστασιν,
3255 1040 3395 1110 μηδὲ
3437 1040 3626 1109 ψῆφον
3685 1034 3864 1090 κατεῖ

2247 1134 2478 1202 σεαυτῆς
2525 1134 2839 1207 ὲξενέγκῃς,
2870 1134 2900 1187 ὃ
2952 1135 3045 1187 καὶ
3091 1132 3250 1187 ἄλλου
3281 1131 3592 1201 τολμῶντος
3625 1129 3729 1182 οὐκ
3762 1129 3826 1180 ἂν

2246 1225 2385 1296 αὐτὴ
2410 1225 2509 1295 τὴν
2534 1227 2796 1296 ἐπήρειαν
2827 1228 3063 1297 ἤνεγκας
3086 1243 3100 1257 °
3124 1227 3237 1279 ἀλλ’
3255 1225 3467 1297 ἐχθρὸν,
3500 1222 3641 1275 ἀλλά
3671 1221 3823 1274 πολέο

2248 1336 2390 1387 μιον,
2426 1319 2563 1372 ἀλλά
2585 1320 2761 1373 πάντα
2777 1320 2943 1372 κακον
2966 1320 3144 1389 ἀπεκή
3156 1320 3317 1391 ρυξας
3334 1335 3347 1348 ·
3382 1318 3519 1388 μηδὲ
3543 1316 3647 1385 τὴν
3669 1312 3823 1383 δόξης

2244 1411 2620 1464 ἁπολαύουσαν
2650 1410 2924 1482 θρηνοῦσα
2948 1411 3179 1479 σεαυτὴν
3209 1410 3390 1480 ἔνοχον
3428 1410 3649 1478 θρήνων
3693 1406 3823 1458 ἀπο-

2244 1504 2444 1577 δείξῃςο
2485 1506 2567 1557 Οὐ
2592 1504 2877 1558 δύνανται
2908 1503 3151 1558 πενθεῖν
3167 1504 3219 1555 οι
3237 1503 3537 1565 συνόντες
3572 1498 3657 1562 τῷ
3678 1515 3796 1565 νυμ

2244 1598 2379 1665 spiro.
2404 1596 2467 1648 Τί
2486 1594 2688 1663 ταύτης
2709 1595 2809 1662 τῆς
2832 1595 3033 1664 φωνῆς,
3063 1593 3261 1663 μᾶλλον
3285 1593 3343 1645 δὲ
3363 1592 3463 1660 τῆς
3480 1588 3820 1653 Δεσποτικῆς

2244 1689 2676 1760 διαμαρτυρίας,
2708 1687 3113 1758 φοόερώτερονς
3143 1686 3399 1749 Πενθεῖςς
3432 1686 3687 1751 ἀπέστης
3728 1682 3819 1734 τοῦ

2245 1782 2500 1851 νυμφίου.
2547 1780 2778 1851 Ὀδύρῃς
2826 1780 2915 1832 τὸν
2977 1779 3217 1847 θάλαμον
3260 1777 3530 1850 ὑϐρίζεις.
3603 1774 3691 1827 Τὰ
3717 1775 3820 1826 τῶν

2244 1875 2455 1926 πολλῶν
2484 1875 2579 1927 καὶ
2612 1874 2844 1943 χυδαίων
2870 1872 3149 1942 πράττεις,
3177 1869 3463 1931 ὲκτιίπτεις
3485 1868 3593 1934 τῆς
3616 1866 3821 1918 παστά-

2242 1968 2358 2031 δος·
2388 1966 2525 2019 ἀλλά
2565 1965 2759 2035 μηκέτι
2791 1964 2887 2034 τὴν
2910 1965 2966 2015 ἐν
2985 1962 3103 2033 Θεῷ
3137 1962 3320 2025 ζῶσαν
3350 1962 3425 2023 ὡς
3455 1958 3666 2028 νεκρὰν
3689 1957 3819 2025 θρηο

2244 2061 2423 2129 νῷμεν
2444 2077 2456 2088 ο
2487 2058 2620 2129 μηδὲ
2651 2056 2716 2109 δι’
2751 2050 2827 2109 ὧν
2855 2055 3107 2124 στέργειν
3141 2053 3309 2122 αὐτὴν
3339 2051 3644 2120 νομίζομεν
3670 2089 3685 2111 ,
3733 2047 3822 2099 καὶ

2244 2146 2414 2215 αὐτὴν
2443 2146 2657 2214 ἐκείνην
2686 2143 3066 2213 ἀτιμάζωμεν.
3099 2140 3293 2209 ’Ὺὸρις
3324 2140 3439 2192 ἐστὶ
3466 2141 3583 2201 τοῖς
3608 2137 3704 2188 τὸν
3733 2138 3821 2188 οὐ·

2247 2239 2405 2309 ρανὸν
2450 2236 2920 2307 θαλαμηπολοῦσιν
2977 2237 3006 2288 ὁ
3034 2235 3291 2304 ὀδυρμός·
3341 2237 3435 2285 καὶ
3476 2230 3551 2283 τά
3610 2231 3822 2299 δάκρυα.

2244 2329 2668 2399 δυσφημούντων
2690 2330 2836 2380 ἐστὶν
2858 2326 3037 2381 αὐτῶν
3058 2326 3116 2377 τὸ
3140 2324 3430 2394 μακάριον,
3453 2321 3823 2384 δισταζόντων

2244 2422 2342 2490 τὴν
2365 2420 2681 2485 ἀπόλαυσιν,
2711 2418 3157 2488 ἀμφιϐαλλόντων
3179 2416 3286 2482 (ἵνα
3332 2414 3408 2485 μὴ
3442 2412 3823 2466 ἀπιστούντων

2244 2514 2408 2584 λέγω)
2439 2514 2536 2583 τὴν
2566 2514 2859 2566 ἀνάστασιν
2881 2528 2894 2541 ·
2925 2510 2961 2565 ἃ
2984 2511 3162 2562 πάντα
3196 2506 3560 2577 λογισαμένη,
3596 2505 3698 2557 καὶ
3730 2521 3821 2572 νηο

2248 2605 2422 2677 φούσῃ
2447 2604 2623 2674 κρίσει
2649 2602 3082 2673 ὲπισκοπὴσασα,
3120 2600 3274 2671 ῥίψον
3328 2599 3389 2651 τὸ
3436 2597 3661 2657 πένθος,
3696 2594 3825 2647 ἀπό·

2247 2698 2340 2749 θου
2361 2698 2421 2748 τὸ
2441 2695 2630 2760 πάθος,
2651 2695 2776 2756 τοὺς
2799 2694 3157 2762 στεναγμοὺς,
3179 2692 3267 2743 καὶ
3285 2690 3354 2742 τά
3374 2690 3476 2743 δάκ
3486 2706 3613 2759 ρυα.
3635 2686 3822 2737 Ἔσται

2246 2790 2303 2842 δὲ
2336 2788 2492 2841 τοῦτο
2518 2790 2630 2850 τοῖς
2650 2803 2708 2838 τε
2738 2784 2937 2849 ἄλλοις,
2968 2779 3050 2847 οἷς
3083 2783 3419 2853 προείπομεν
3438 2821 3453 2843 ,
3498 2781 3597 2831 καὶ
3624 2780 3823 2845 ἐάνπερ

2249 2882 2449 2951 ἑαυτὴν
2495 2880 2711 2932 πάντων
2751 2878 2861 2931 τῶν
2884 2876 3084 2931 λοιπῶν
3115 2875 3511 2936 ἀποσπάσασα,
3540 2874 3710 2944 μόνον
3737 2871 3825 2924 τοῦ

2249 2971 2490 3041 καθαροῦ
2530 2972 2624 3023 καὶ
2651 2970 2917 3039 ἁχράντου
2951 2968 3183 3038 νυμφίου
3214 2964 3452 3036 Χριστοῦ
3498 2965 3595 3016 τὸν
3654 2965 3827 3032 μακά-

2251 3081 2365 3134 ριον
2390 3064 2484 3115 καὶ
2512 3062 2815 3131 ἀνώλεθρον
2846 3060 3026 3129 ἔρωτα
3051 3099 3067 3122 ,
3100 3059 3219 3111 ὅλον
3251 3056 3373 3110 καθ’
3421 3056 3555 3125 ὅλην
3590 3053 3830 3123 σεαυτὴν

570 3154 634 3193 ea
666 3141 809 3196 illam
832 3147 1275 3215 dehonestemus,
1300 3154 1499 3222 quibus
1530 3170 1650 3208 eam
1676 3171 1859 3211 amore
1892 3159 2143 3227 prosequi

2250 3153 2612 3219 ἀναλαϐοῦσα,
2646 3154 2781 3223 πρὸς
2810 3155 3012 3206 ἐκεῖνον
3051 3152 3111 3203 οὑ
3151 3151 3338 3221 λήγεις
3382 3145 3829 3217 ἐπιστρεφομένη

570 3230 739 3286 videri
801 3236 1049 3294 volumus
1081 3259 1092 3294 :
1122 3242 1370 3311 planctus
1395 3245 1702 3300 convicium
1730 3247 1835 3299 illis
1865 3246 2013 3311 facit,
2044 3251 2135 3318 qui

2244 3250 2338 3303 καὶ
2364 3248 2703 3310 ἀτενίζουσα.

571 3322 821 3381 caelestes
852 3330 1113 3387 thalamos
1158 3333 1400 3390 incolunt
1432 3353 1446 3401 ;
1483 3337 1730 3408 lacrymaa
1783 3338 2147 3396 convitiantur
2183 3344 2344 3399 beato
2378 3344 2588 3396 illorum
2614 3339 2817 3407 statui;
2849 3339 2915 3393 de
2946 3337 3204 3392 fruitione
3229 3335 3505 3392 dubitant.
3566 3333 3665 3403 qui
3730 3330 3832 3383 du-

568 3418 744 3473 bitant
774 3421 842 3475 de
878 3428 1296 3495 resurrectione,
1345 3446 1412 3486 ne
1440 3431 1615 3485 dicam
1643 3434 1734 3503 qui
1764 3434 1980 3488 tollunt.
2023 3433 2136 3490 lloc
2178 3446 2231 3491 tu
2266 3437 2570 3499 ruminans,
2603 3444 2658 3489 et
2684 3433 2864 3489 sobrio
2888 3442 3049 3502 atque
3075 3432 3357 3501 jejunante
3427 3428 3580 3482 velut
3649 3426 3834 3477 animo

570 3518 935 3584 perpendens,
977 3536 1169 3577 amove
1204 3525 1433 3591 luctum,
1468 3528 1705 3583 laetitiam
1742 3530 2008 3598 exprime,
2053 3532 2360 3600 passionem
2412 3532 2552 3585 hanc
2620 3530 2831 3593 abdica,
2868 3528 3059 3592 lessus,
3128 3526 3387 3587 lamenta,
3456 3522 3700 3581 dolores,
3753 3521 3833 3572 la-

569 3622 798 3677 crymas.
828 3609 939 3666 lloe
956 3614 1175 3679 efﬁcies,
1211 3634 1332 3673 cum
1365 3620 1429 3673 ad
1461 3636 1523 3674 ea
1553 3638 1673 3690 qua:
1703 3622 1940 3678 diximus
1970 3624 2318 3687 attendendo,
2377 3634 2431 3679 et
2460 3624 2724 3692 imprimis
2754 3623 2797 3677 si
2850 3632 2901 3676 te
2937 3622 3175 3676 abducas
3197 3619 3417 3690 penitus
3479 3617 3547 3669 ab
3575 3612 3837 3669 omnibus

569 3701 710 3765 aliis,
739 3703 1081 3761 solummodo
1105 3708 1171 3762 ad
1193 3710 1409 3764 beatum
1426 3711 1577 3765 illum
1600 3713 1985 3768 etduraturum
2013 3729 2229 3784 semper
2254 3730 2494 3769 amorem
2519 3713 2744 3780 Christi,
2769 3712 3042 3784 purissimi
3070 3712 3210 3764 illius
3238 3719 3294 3764 et
3316 3706 3583 3779 impolluti
3606 3706 3823 3775 sponsi,

569 3793 839 3865 integrum
877 3800 1087 3870 integre
1119 3810 1459 3872 assumptum
1481 3812 1790 3869 convertas,
1822 3814 1878 3859 et
1934 3821 2277 3877 nequaquam
2337 3806 2554 3863 desinas
2610 3805 2690 3862 sic
2743 3820 3003 3861 conversa
3046 3805 3198 3859 illum
3226 3802 3506 3858 anhelare.

1400 4158 1925 4237 FRANCISCI

2006 4160 2356 4238 SCOBSI
2438 4159 2941 4238 MONlTUM

1704 4335 1771 4390 IN
1827 4336 2248 4404 SEQUENTEM
2296 4334 2704 4393 EPISTOLAM.

1482 4497 1581 4567 (Ex
1604 4501 1922 4570 praefatione
1954 4500 2021 4555 ad
2050 4516 2215 4571 opera
2240 4501 2596 4572 Theophanis
2624 4495 2917 4563 Ceramci.)

648 4630 835 4686 Habeo
868 4630 920 4707 in
948 4632 1084 4688 meis
1104 4634 1471 4707 monumentis
1499 4651 1543 4707 a7
1563 4638 1625 4707 P.
1656 4636 1879 4691 Octavio
1906 4635 2145 4690 Caetano
2175 4638 2415 4692 collectis
2440 4636 2721 4707 epistolam
2751 4632 2931 4707 Photii
2965 4630 3181 4685 missam
3207 4628 3533 4707 Theophani
3566 4631 3849 4707 monacho

574 4702 763 4757 Graece
803 4704 1057 4769 scriptam
1111 4720 1274 4757 manu
1306 4705 1367 4758 P.
1401 4703 1586 4760 Jacobi
1620 4707 1893 4760 Sirmondi
1917 4718 1971 4761 et
2019 4707 2210 4763 Latine
2242 4711 2309 4764 ab
2332 4724 2397 4764 eo
2418 4702 2707 4773 redditam,
2735 4705 3132 4774 depromptam,
3170 4710 3229 4754 ut
3258 4702 3469 4770 judico,
3511 4716 3581 4755 ex
3642 4702 3851 4756 Biblio-

580 4774 733 4828 theca
762 4774 1051 4828 cardinalis
1090 4774 1315 4838 Sirletti,
1359 4790 1506 4829 nunc
1540 4777 1695 4832 ducis
1732 4778 1994 4848 Altemps.

1182 4956 1401 5013 EPIST.
1454 4955 1560 5013 Cll.

1065 5046 1361 5119 Theophani
1407 5052 1681 5105 monacho.

2862 4952 3086 5008 ΕΠΙΣΤ.
3117 4952 3239 5004 PB'.

2732 5046 3003 5115 9805;an
3025 5044 3359 5114 μονάζοντι.

921 5156 1060 5207 Edita
1090 5173 1119 5207 a
1150 5160 1416 5211 Francisco
1440 5161 1619 5210 Scorso
1652 5160 1704 5209 in
1734 5159 2024 5209 Prazfatione
2047 5162 2106 5211 ad
2137 5162 2302 5224 Opera
2332 5162 2651 5224 Theophanis
2680 5158 2904 5211 Ceramei
2939 5158 3123 5222 (in-fol.
3150 5158 3306 5205 Paris.
3334 5154 3501 5216 1644).

657 5258 713 5313 Si
762 5267 818 5314 te
874 5260 1196 5319 humilitatis
1226 5273 1429 5319 nostra:
1456 5265 1650 5319 littera:
1696 5264 1989 5330 delectant,
2040 5282 2159 5319 rur-

2331 5266 2394 5317 Ei
2419 5265 2501 5317 σοὶ
2523 5264 2674 5331 φίλον
2708 5264 2769 5316 τὸ
2794 5263 2932 5333 πρὸς
2963 5261 3120 5331 ἡμῶν
3144 5259 3253 5314 τῶν
3294 5258 3530 5311 εὐτελῶν
3581 5256 3861 5327 γράμμα,

583 5366 703 5406 sum
733 5353 941 5423 accipe,
969 5356 1453 5421 desideratissime,
1494 5374 1617 5427 qua:
1640 5358 1772 5411 nihil
1804 5358 2020 5426 quidem
2054 5360 2144 5413 ele-

2261 5356 2435 5427 δέχοιο
2468 5359 2559 5409 καὶ
2593 5352 2767 5418 αὖθις,
2789 5347 2833 5406 ὦ
2852 5354 3166 5424 τριπόθητε,
3189 5353 3342 5405 οὐδὲν
3366 5351 3462 5421 μὲν
3489 5350 3613 5418 ἕχον
3645 5352 3837 5420 εὐπρε
3853 5380 3872 5390 -

585 5445 805 5515 gantim,
862 5446 1238 5517 facundizeque
1270 5450 1523 5513 habeant,
1565 5459 1626 5503 ut
1667 5458 1725 5503 tu
1754 5450 1949 5503 blande
1976 5449 2112 5504 dicis
2147 5465 2162 5515 ;

2265 5450 2365 5511 πὲς
2394 5466 2452 5501 τε
2492 5450 2585 5501 καὶ
2619 5447 2886 5516 εὐφραδὲς
2907 5487 2923 5509 .
2958 5445 3033 5508 ὡς
3064 5447 3246 5516 χάριτι
3280 5445 3416 5513 φής’
3448 5442 3509 5495 τδ
3533 5441 3580 5495 δ’
3608 5441 3713 5494 οὖν
3766 5444 3874 5509 τῆς

588 5536 871 5591 rharitatis
898 5554 1028 5593 vero
1060 5540 1362 5609 symbolum
1390 5550 1518 5594 sunt
1543 5540 1731 5610 procul
1757 5541 1958 5595 dubio:
1995 5556 2139 5609 quan

2265 5543 2486 5611 ἀγάπης
2517 5540 2784 5611 σύμϐολον
2837 5538 3309 5608 ὁμολογουμένως.
3367 5534 3476 5588 Καὶ
3518 5550 3586 5601 γε
3647 5535 3792 5586 ὅσον
3829 5538 3867 5603 ἡ

582 5638 764 5698 neque
824 5629 1030 5686 fuerint
1053 5631 1356 5687 litterarum
1399 5632 1566 5698 vices,
1604 5643 1754 5688 tanto
1788 5642 1843 5688 et
1890 5631 2137 5687 charitati

2268 5631 2536 5695 ἀντίδοσις
2585 5630 2695 5683 τῶν
2732 5630 3076 5701 γραμμάτων
3103 5627 3331 5697 γένοιτο,
3383 5623 3645 5677 τοσοῦτον
3670 5626 3709 5692 ἡ
3758 5624 3871 5690 τῆς

667 5807 709 5838 ³⁸
742 5806 931 5864 Matth.
971 5825 1087 5875 vni,
1120 5810 1207 5863 22.
1288 5812 1327 5843 ¹⁷
1356 5811 1513 5865 Joan.
1545 5829 1615 5872 vn.
1652 5812 1739 5865 47.

1853 5812 1893 5843 ⁸⁸
1928 5809 2090 5865 Marc.
2128 5827 2185 5875 ιι,
2228 5812 2309 5864 ll).

2390 5812 2430 5841 ¹⁹
2468 5808 2655 5862 Matth.
2692 5823 2763 5873 lx,
2804 5807 2888 5861 15.
