4046 6416
188 373 286 435 925

1327 384 1870 450 EPISTOLARUM
1909 391 2141 454 LIBER
2182 395 2257 456 ΙΙ.

3329 396 3432 458 9'26

183 481 391 553 ἀγάπης
417 481 656 548 διάθεσις
679 484 914 552 αὔξοιτο.
946 481 1021 542 Οῦ
1049 489 1101 544 τί
1134 491 1203 545 ἂν
1247 494 1332 565 εἴη
1396 497 1737 552 σπουδαιότε-

1845 512 2062 558 crescat
2119 505 2367 560 allectus.
2409 504 2526 570 Quo
2552 505 2769 575 quidem
2809 505 3098 576 optabilius
3129 521 3248 561 esse
3302 509 3439 578 quid.

187 591 304 646 ρον;
331 574 466 629 ἀλλά
499 575 656 630 τοῦτο
687 577 784 631 νῦν
837 580 1040 635 κείσθω
1092 584 1350 642 ἐνταῦθα.
1408 590 1548 660 Πρὸς
1602 592 1659 644 δὲ
1687 593 1747 646 τὸ

182 663 300 737 ἑξῆς
323 666 604 737 βαδιστέον
634 670 664 722 ὁ
691 669 871 738 λόγος.
912 673 979 725 Τί
1010 674 1071 727 τὸ
1112 675 1206 730 νῦν
1261 683 1658 754 καινοτομηθὲν
1687 687 1745 738 ἐν

181 761 285 847 τοῖς
309 757 515 824 αὐτόθι;
546 761 658 814 Καὶ
680 762 825 827 τίνες
843 765 894 817 οἱ
915 767 1190 835 νεοφανῶς
1217 769 1512 841 δράκοντες
1540 775 1746 847 χαρυϐ⁴

181 844 326 936 suam
381 849 776 916 καταπίνοντες
816 853 994 924 ψυχὰς
1071 855 1148 930 μὴ
1212 844 1626 932 ὲστηριγμένας⁷
1667 864 1745 936 τῷ

179 934 313 1008 λόγῳ
335 939 430 1009 τῆς
467 939 760 1010 ἀληθείας;
787 945 956 1010 Αὐτὸς
987 949 1084 1018 μὲν
1111 944 1207 1006 οὖν
1253 953 1352 1006 οὐκ
1404 934 1741 1026 ὲξωνομόιτιξ-

182 1043 308 1095 σας,
346 1031 506 1101 ἡμεῖς
551 1032 608 1086 δὲ
641 1033 732 1087 καὶ
781 1036 890 1108 πρὸ
936 1039 1038 1110 τῆς
1078 1041 1362 1111 δηλώσεως
1405 1045 1513 1099 τῶν
1561 1063 1745 1118 γραμ-

180 1121 357 1191 μάτων
381 1125 873 1197 κατεστενάξαμεν,
919 1131 1002 1185 ὅτι
1050 1133 1286 1202 μάλιστα
1317 1136 1403 1204 ἐφ’
1451 1139 1532 1191 ἐνὶ
1585 1139 1742 1210 ἀνδρὶ

177 1217 450 1288 αἱρετικῷ,
491 1219 688 1288 μᾶλλον
718 1221 774 1274 δὲ
819 1221 1136 1298 βλασφήμῳ
1182 1228 1262 1294 τῷ
1315 1230 1428 1282 ὄντι
1464 1233 1544 1294 εἰς
1573 1231 1740 1285 Θεόνο

178 1305 386 1376 λαχόντι
419 1311 479 1362 ἐν
513 1313 625 1373 τοῖς
649 1312 836 1366 αὐτόθι
892 1317 1045 1386 παρὰ
1099 1317 1193 1369 τοῦ
1239 1319 1477 1389 κράτους
1513 1338 1743 1390 χαρτου-

176 1399 444 1470 λαρεῦσιν,
497 1405 673 1457 ἐκεῖνο
714 1407 1100 1471 είπόντες,ὅτι
1150 1427 1213 1478 γε
1259 1413 1360 1483 τῆς
1412 1395 1740 1486 περιϐοήτου

175 1491 447 1557 Σικελίας,
487 1492 722 1563 ἔφθασεν
749 1497 989 1566 ὄλεθρος.
1014 1500 1146 1552 Τόδε
1193 1499 1254 1553 τὸ
1307 1502 1492 1573 πῆμα,
1524 1505 1624 1558 οὐκ
1677 1506 1743 1557 ὲκ

175 1584 503 1655 ὀογματικῆς
546 1587 743 1657 πείρας
776 1591 1176 1660 τετεχνωμένον
1208 1609 1219 1621 ·
1256 1595 1480 1666 ἄπειρον
1535 1596 1644 1667 γὰρ
1682 1598 1743 1651 τὸ

174 1672 577 1745 ἀνδριαντάριον
625 1690 642 1706 ο
694 1677 830 1730 ἀλλά
874 1680 933 1744 ἐξ
980 1681 1211 1746 ἀσεϐοῦς
1258 1685 1484 1755 γνώμης
1534 1687 1743 1755 πεπλη-

177 1767 434 1836 ρωμένον,
477 1770 572 1822 καὶ
607 1770 694 1824 ἴνα
720 1772 1114 1845 τάληθέστερον
1143 1775 1358 1847 ῥηθείη,
1383 1779 1616 1848 πρόσθεν
1649 1779 1740 1834 ἐπὶ

1849 595 2074 663 possit?
2101 593 2301 650 Verum
2337 596 2450 649 haec
2501 596 2666 651 missa
2711 595 2974 651 faciamus
3005 613 3018 649 :
3046 596 3112 651 ad
3151 598 3433 666 sequentia

1852 697 2040 758 pergat
2101 689 2295 743 oratio.
2330 688 2472 754 Quid
2521 690 2626 745 hoe
2655 699 2758 754 est,
2781 689 2925 758 quod
2955 705 3102 744 nunc
3144 691 3287 760 apud
3337 706 3435 746 vos

1852 782 2172 837 innovatum
2231 783 2447 836 audio?
2489 782 2555 837 Et
2604 782 2824 852 quinam
2868 780 2922 834 hi
2965 780 3088 834 novi
3146 781 3432 846 dracones,
3479 827 3484 830 _

1851 873 2137 943 charybdis
2178 873 2352 928 instar
2401 875 2610 929 animas
2655 873 3012 928 absorbentes
3048 889 3167 942 quae
3193 874 3438 927 veritatis

1847 964 2016 1017 verbo
2055 964 2283 1020 ﬁrmatae
2331 981 2441 1019 non
2474 965 2650 1019 sunt?
2698 965 2779 1019 Tu
2807 963 3026 1034 quidem
3059 964 3201 1018 haud
3255 965 3434 1018 nomi-

1849 1053 1990 1107 nasti
2022 1071 2034 1106 :
2062 1069 2164 1109 nos
2196 1071 2326 1110 vero
2356 1056 2518 1110 etiam
2565 1063 2859 1125 antequam
2906 1056 3102 1111 litterae
3128 1065 3234 1111 tua:
3269 1056 3435 1127 signi-

1848 1144 2102 1212 ﬁcarent,
2159 1147 2518 1202 vehementer
2571 1148 2919 1217 planximus,
2978 1148 3139 1202 unius
3193 1149 3432 1202 hominis

1847 1253 2011 1292 causa
2064 1239 2302 1294 hmretici
2333 1280 2347 1305 ,
2408 1241 2504 1295 sed
2561 1241 2742 1310 potius
2801 1256 2990 1294 revera
3037 1241 3334 1310 blasphemi
3377 1242 3432 1294 in
3495 1261 3500 1264 ·

1846 1329 2042 1395 Deum,
2083 1331 2175 1400 qui
2225 1332 2544 1387 chartularii
2587 1348 2789 1387 munus
2828 1333 2949 1387 istic
2997 1332 3065 1387 ab
3105 1333 3432 1402 imperatore

1846 1423 2077 1492 adeptus
2108 1433 2212 1488 est,
2229 1424 2333 1480 hoc
2352 1426 2597 1480 dicentes
2614 1425 2983 1480 celeberrimae
2997 1425 3192 1479 Sicilim
3205 1425 3430 1480 exitium

1848 1515 2129 1586 obtigisse.
2167 1517 2444 1573 Pernicies
2484 1529 2674 1576 autem
2711 1520 2828 1574 hanc
2877 1536 2987 1574 non
3015 1537 3082 1576 ex
3126 1519 3430 1590 dogmalica

1846 1607 2100 1662 doctrina
2131 1610 2362 1664 conﬂata
2399 1619 2482 1665 est
2511 1629 2524 1664 :
2566 1611 2828 1667 doctrina:
2847 1613 2990 1666 enim
3020 1629 3212 1682 expers
3239 1614 3431 1683 ingens

1849 1699 1964 1755 haec
1999 1709 2214 1755 statua:
2250 1702 2345 1756 sed
2403 1703 2470 1756 ab
2505 1703 2669 1772 impia
2715 1712 2897 1758 mente
2924 1705 3184 1774 profecta,
3243 1715 3427 1773 atque,

1849 1800 1909 1845 ut
1941 1793 2087 1861 quod
2151 1793 2334 1847 verius
2370 1803 2452 1848 est
2500 1795 2735 1857 dicatur,
2777 1796 2846 1850 ad
2889 1796 3221 1866 impietatem
3274 1798 3431 1866 prius

173 1857 234 1909 τὸ
263 1859 496 1913 ἁσεϐοῦν
529 1863 768 1932 ἠγμένον
789 1881 802 1895 ·
844 1840 939 1919 καί
978 1840 1043 1933 γε
1079 1840 1547 1934 συννϐόσιννάλλοις
1577 1872 1737 1941 ὁμαί-

1855 1840 1907 1845 _-
1945 1840 2087 1861 Ἰ---
2163 1840 2333 1847 mm-
2372 1840 2452 1848 ν--
2502 1840 2735 1857 ...πηη
2778 1840 2846 1850 ι...
2889 1840 3221 1866 ....ν.ν...-υ...
3279 1840 3426 1866 ,_.....-

1846 1892 1972 1937 nata
2006 1902 2019 1938 :
2053 1892 2109 1939 et
2138 1885 2357 1954 quidem
2401 1899 2524 1938 cum
2570 1886 2781 1942 duabus
2814 1887 2935 1940 aliis
2989 1887 3426 1957 consanguineis.

182 1967 354 2019 μοσιν.
393 1952 552 2008 Ἀλλά
572 1954 780 2021 τούτοις
807 1957 906 2028 μὲν
955 1961 989 2029 ἡ
1020 1960 1192 2032 Τριάς
1227 1961 1445 2026 ἐνθέους
1480 1965 1740 2035 στόμασιν

171 2037 266 2095 οἶδ’
315 2044 396 2096 ὅτι
445 2045 814 2116 ἀποῤῥαπίσει
869 2049 1022 2120 ὑμῶν
1066 2069 1127 2105 τε
1190 2054 1285 2106 καὶ
1338 2055 1448 2108 τῶν
1507 2053 1742 2112 ἐνταῦθα

174 2133 630 2204 ὑπερμαχοῦντων
651 2137 750 2207 τῆς
777 2137 1056 2209 ἀληθείας.
1082 2142 1147 2194 Σὲ
1179 2142 1257 2204 δὲ,
1290 2146 1383 2196 καὶ
1405 2145 1497 2197 τὸν
1519 2138 1628 2208 οἷος
1649 2146 1737 2210 σὺ,

174 2225 338 2298 μηδὲν
372 2226 648 2293 ξενιζέτω,
685 2229 718 2300 ἡ
747 2229 828 2283 ἔτι
858 2231 1128 2286 λυττοῦσα
1155 2235 1385 2305 αἵρεσις.
1427 2234 1596 2289 Οῦπω
1628 2235 1736 2305 γὰρ

171 2320 520 2390 ἐκτέτριπται
581 2322 643 2374 τὸ
689 2323 858 2376 κακὸν
917 2323 1042 2377 οὔτε
1094 2327 1502 2397 δεδοικίμασται
1541 2329 1739 2392 ἱκανῶς

169 2409 274 2462 τῶν
304 2411 510 2466 πιστῶν
538 2413 600 2467 τὸ
634 2416 909 2483 φιλόθεονο
941 2419 1034 2471 καὶ
1067 2421 1288 2488 τρίτον,
1321 2423 1418 2492 οὐχ
1442 2416 1542 2474 οἷοί
1573 2425 1739 2491 ἐσμεν

169 2503 486 2572 ἐμϐατεύειν
535 2507 615 2571 είς
670 2508 907 2564 ἄϐυσσον
949 2511 1231 2582 κριμάτων
1280 2513 1436 2580 Θεοῦ,
1486 2513 1608 2568 καθ’
1645 2513 1738 2577 οὓς

167 2597 398 2667 τρόπους
448 2603 698 2671 ἀνέχεται
753 2602 938 2674 ἀκμὴν
995 2604 1415 2670 κλυδωνίζεσθαι
1463 2607 1540 2676 τῷ
1591 2607 1738 2678 σάλῳ

165 2692 263 2762 τῆς
294 2692 551 2757 ἀπιστίας
574 2695 666 2747 τὸν
700 2694 830 2748 λαὸν
858 2696 1022 2750 αὐτοῦ

233 2781 381 2850 Πλὴν
431 2786 827 2856 συμπερασμοῦ
877 2786 972 2840 τοῦ
1011 2787 1209 2855 λόγου,
1267 2789 1352 2842 ἴνα
1417 2791 1466 2842 οί
1522 2789 1736 2860 δόκιμοι

165 2875 435 2942 γίγνοιντο
468 2878 713 2949 φανεροὶ,
741 2877 818 2942 ὡς
856 2881 884 2932 ὁ
924 2880 1024 2950 τῆς
1071 2880 1262 2950 σοφίας
1289 2881 1492 2952 ταμίας
1525 2881 1735 2946 Παῦλος

163 2965 399 3037 λέλεχεν.
432 2969 524 3022 Διὸ
568 2971 997 3040 παρακαλοῦμεν
1056 2973 1153 3026 καὶ
1197 2973 1605 3046 ἀντιϐολοῦμεν,
1659 2977 1734 3046 μὴ

166 3061 424 3113 ἐκκακεῖν
455 3060 900 3132 διακατελὲγχειν
934 3080 992 3116 σε
1022 3067 1136 3128 τοῖς
1171 3065 1514 3130 ὑπεναντίοις
1536 3068 1601 3121 ὲκ
1625 3067 1734 3121 τῶν

1846 1973 1951 2029 Sed
1980 1975 2080 2030 hos
2110 1974 2352 2031 Trinitas
2374 1977 2574 2032 divinis
2591 1978 2779 2032 oribus
2806 1977 3132 2049 proﬁigabit,
3165 1989 3220 2032 et
3250 1991 3429 2034 vestro

1842 2074 1896 2120 et
1919 2066 2173 2130 aliorum,
2217 2083 2337 2138 quze
2365 2069 2651 2123 veritatem
2693 2069 2766 2124 ibi
2823 2069 3141 2124 defendunt.
3175 2071 3251 2124 Te
3297 2086 3428 2124 vero

1842 2167 1897 2212 et
1929 2158 2003 2213 tui
2032 2159 2238 2214 similes
2285 2160 2515 2215 minime
2545 2162 2726 2216 turbet
2775 2163 2952 2217 adhuc
2968 2162 3156 2217 furens
3178 2163 3426 2218 haeresis.

1841 2250 2098 2305 Nondum
2156 2252 2301 2306 enim
2349 2269 2637 2308 excussum
2664 2264 2719 2309 et
2763 2263 3051 2310 contusum
3084 2264 3167 2309 est
3200 2256 3426 2318 malum,

1841 2356 1944 2396 nec
1975 2343 2104 2397 satis
2141 2343 2322 2398 adhuc
2351 2345 2616 2414 probatus
2667 2344 2908 2400 ﬁdelium
2950 2346 3002 2399 in
3037 2346 3204 2399 Deum
3235 2347 3423 2411 amor;

1844 2447 1908 2488 ac
1939 2434 2124 2499 tertio,
2157 2450 2268 2489 non
2307 2451 2599 2504 possumus
2646 2437 2853 2507 ingredi
2907 2437 2961 2490 in
3001 2437 3250 2508 abyssum
3278 2437 3429 2506 judi-

1843 2521 2053 2576 ciorum
2109 2520 2228 2588 Dei,
2264 2525 2538 2593 quomodo
2595 2525 2853 2595 populum
2885 2540 3045 2579 suum
3097 2524 3430 2580 inﬁdelitatis

1842 2614 2087 2682 procella
2116 2631 2289 2686 usque
2317 2617 2454 2672 adeo
2475 2618 2664 2688 agitari
2696 2618 2856 2672 sinat.

1913 2796 2188 2852 Caeterum
2237 2799 2506 2852 sermonis
2573 2796 2850 2853 conclusio
2917 2807 3000 2852 est
3043 2806 3105 2850 ut
3152 2795 3425 2850 manifesti

1844 2890 1978 2945 ﬁant
2010 2889 2189 2955 electi,
2223 2891 2366 2945 sicut
2405 2888 2685 2960 sapientiae
2712 2890 3053 2958 dispensator
3081 2889 3279 2943 Paulus
3327 2889 3421 2943 ait.

1840 2982 2183 3052 Quapropter
2213 2983 2497 3037 hortamur
2533 2991 2588 3036 et
2629 2982 3010 3046 obsecramus,
3043 2997 3112 3035 ne
3163 2982 3427 3052 fatigeris,

1846 3089 2024 3144 neque
2058 3089 2242 3129 cesses
2275 3073 2620 3128 adversarios
2662 3088 2956 3144 coarguere
2991 3088 3054 3126 ex
3087 3073 3276 3126 intimo
3303 3089 3426 3127 cor-

165 3151 377 3207 ἀδύτων
411 3155 652 3224 ταμείων
679 3157 780 3226 τῆς
809 3157 1038 3227 καρδίας
1087 3175 1201 3224 σου,
1269 3161 1614 3229 προφέροντα
1665 3163 1733 3215 τά

1842 3167 1924 3221 dis
1954 3166 2030 3220 tui
2058 3181 2204 3235 penu
2240 3165 2427 3220 divina
2446 3179 2706 3234 promens
2737 3165 3084 3228 documenta,
3118 3173 3277 3233 atque
3300 3163 3425 3218 hinc

161 3244 283 3296 θεῖα
323 3243 648 3316 διδάγματα,
699 3250 793 3301 καὶ
841 3249 1265 3302 ὑποδεικνύοντα
1313 3251 1560 3305 ἐντεῦθεν
1608 3254 1735 3324 ἀρι-

157 3333 353 3405 δήλως,
401 3336 482 3390 ὅτι
511 3339 748 3408 Χριστὸς
779 3339 840 3392 ού
868 3341 1126 3410 Χριστὸς,
1155 3343 1201 3394 εί
1228 3341 1302 3413 μὴ
1337 3343 1738 3414 περιγράφοντο

153 3430 222 3499 τῇ
243 3431 368 3485 καθ’
388 3433 533 3502 ἡμᾶς
567 3432 699 3504 ίδέᾳ.
733 3433 904 3504 Εῐπερ
925 3434 1033 3507 γὰρ
1059 3434 1194 3504 σὰρξ
1223 3435 1487 3503 ἐγεγόνει,
1519 3439 1738 3501 πάντως

153 3527 253 3580 καὶ
276 3526 354 3590 ὡς
384 3527 522 3596 σὰρξ
555 3527 970 3598 περιγράφοιτο.
1016 3529 1080 3580 Ὃ
1125 3529 1180 3582 δὲ
1218 3529 1292 3600 μὴ
1323 3529 1734 3600 περιγράφοιτο,

151 3618 318 3674 τοῦτο
353 3619 454 3672 οὐκ
503 3618 633 3672 εἴσω
676 3619 1117 3690 ἀνθρωπότητος,
1161 3621 1277 3674 ἀλλ’
1335 3621 1438 3686 ἔξω
1491 3623 1736 3694 δηλονότι

151 3712 253 3766 καὶ
279 3712 449 3765 τόπου
477 3713 569 3766 καὶ
607 3713 822 3783 χρόνου,
875 3713 1006 3776 Θεὸς
1056 3714 1260 3784 γυμνὸς
1303 3718 1368 3787 τῇ
1401 3716 1736 3788 ἀπεριληψίᾳ

152 3822 218 3857 τε
277 3805 376 3857 καὶ
443 3804 725 3875 ἀοριστίᾳ,
775 3804 870 3857 καὶ
933 3804 1225 3874 λεγόμενος
1275 3806 1369 3858 καί⁸
1420 3805 1734 3876 νοούμενοςο

150 3896 253 3949 καὶ
307 3895 465 3950 τοῦτο
523 3896 808 3966 ἀραρότως
865 3897 944 3960 είς
994 3897 1401 3968 ἀναμφίλεκτον
1453 3898 1732 3964 ἀπόδειξιν

143 3988 253 4057 τῆς
323 3986 583 4055 ἀληθείας
673 3991 910 4058 φυσικῆς
1000 3989 1322 4053 ἀκολουθίας
1422 3991 1733 4059 ἀναγκαζό-

147 4097 320 4151 μενον
401 4079 839 4152 περιγράφεσθαι
911 4083 1146 4153 Χριστὸν
1228 4081 1333 4136 κᾶν
1413 4086 1479 4153 τῇ
1565 4085 1734 4139 είκόνι

141 4175 663 4245 προσκυνούμενον,
725 4175 956 4246 ἐπείπερ
1006 4177 1063 4228 ὲν
1119 4177 1256 4247 αὐτῇ
1315 4175 1374 4230 τὸ
1425 4178 1736 4248 ἀρχέτυπον

143 4267 540 4334 ὲκπέφανται,
603 4266 795 4333 ὥσπερ
861 4267 996 4336 φησὶ⁴
1070 4267 1360 4336 θεόφαντος
1415 4269 1732 4333 Διονύσιος,

141 4359 250 4411 καὶ
305 4357 561 4428 ἀλλαχοῦ,
593 4359 854 4429 ἑκάτερον
901 4361 958 4411 ἐν
1017 4360 1261 4431 ἐκατέρῳ
1312 4359 1464 4432 παρὰ
1514 4361 1575 4413 τὺ
1633 4361 1735 4430 τῆς

139 4449 345 4511 οὐσίας
405 4449 683 4519 διάφορον.
733 4450 898 4501 Ὥστε
955 4452 982 4502 ό
1037 4450 1472 4519 ἁπαναινόμενος
1528 4451 1733 4523 ἐγγρά-

1839 3259 2130 3330 perspicue
2191 3259 2596 3324 demonstrans,
2641 3256 2924 3312 Christum
2955 3271 3065 3310 non
3092 3271 3212 3310 esse
3261 3254 3425 3310 Chri—

1839 3359 2004 3412 stum,
2068 3349 2172 3404 nisi
2197 3350 2350 3418 juxta
2383 3349 2610 3421 ﬁguram
2645 3357 2887 3402 nostram
2921 3346 3424 3400 circumscribatur.

1835 3445 1972 3497 Nam
2004 3443 2047 3498 si
2079 3458 2205 3498 caro
2237 3442 2409 3496 factus
2459 3450 2563 3507 est,
2595 3441 2781 3509 utique
2812 3439 2978 3494 veluti
3033 3453 3161 3493 caro
3186 3440 3423 3492 circum-

1838 3534 2130 3590 scribetur.
2193 3532 2349 3600 Quod
2379 3548 2510 3587 vero
2552 3547 2661 3586 non
2701 3530 3186 3594 circumscribitur,
3216 3530 3268 3583 id
3312 3545 3421 3582 non

1836 3625 1979 3679 intra
2019 3623 2414 3679 humanitatem
2457 3631 2575 3685 est,
2627 3620 2722 3676 sed
2771 3631 2924 3676 extra
2969 3621 3114 3674 haud
3163 3619 3326 3674 dubie
3369 3628 3426 3672 et

1836 3719 2014 3771 locum
2074 3727 2130 3772 et
2185 3725 2422 3785 tempus,
2457 3713 2602 3768 Deus
2635 3712 2840 3775 nudus,
2889 3727 3053 3782 quem
3115 3711 3425 3779 incompre-

1837 3807 2124 3861 hensibilis
2182 3814 2238 3860 et
2289 3802 2591 3860 indeﬁnite
2624 3809 2833 3856 natura:
2860 3801 3096 3861 dicimus
3142 3809 3196 3854 et
3224 3800 3426 3870 cogita-

1834 3918 1980 3957 mus.
2015 3899 2197 3970 Atque
2231 3899 2335 3954 hoc
2355 3905 2724 3969 congruenter
2748 3894 2814 3948 ad
2847 3905 3047 3950 certam
3087 3892 3427 3950 demonstra-

1838 3993 2040 4048 tionem
2071 3991 2318 4048 veritatis
2349 3999 2560 4046 naturaa
2603 3991 2757 4059 sequi
2801 4001 3026 4042 necesse
3059 3991 3161 4048 est,
3191 3984 3429 4038 circum-

1837 4086 2003 4141 scribi
2065 4085 2366 4149 Christum,
2421 4083 2554 4136 etin
2589 4079 2826 4151 imagine
2867 4077 3102 4141 adorari,
3159 4075 3428 4146 siquidem

1837 4180 1894 4234 in
1949 4195 2010 4234 ea
2045 4180 2402 4249 archetypum
2448 4181 2870 4245 reprzesentatur
2898 4210 2914 4234 ,
2969 4167 3427 4239 quemadmodum

1836 4270 2203 4339 diviniloquus
2250 4269 2323 4322 ait
2375 4267 2696 4337 Dionysius,
2754 4271 2810 4317 et
2883 4261 3036 4323 alibi,
3085 4260 3316 4314 alterum
3373 4258 3426 4309 in

1836 4363 2029 4425 altero,
2073 4372 2274 4430 praeter
2322 4359 2640 4414 substantiae
2699 4356 3083 4412 diﬁ‘ereutiam.
3121 4353 3297 4418 Quare
3335 4352 3429 4420 qui

1838 4463 2000 4524 negat
2052 4453 2268 4524 depingi
2311 4452 2614 4513 Christum,
2661 4451 2706 4504 is
2747 4458 2934 4503 natum
2982 4447 3258 4501 hominem
3306 4457 3428 4497 esse

138 4541 354 4607 φεσθαι
395 4542 631 4613 Χριστὸν
659 4542 893 4612 ἤρνηται
938 4540 1222 4612 ἄνθρωπον
1263 4541 1568 4611 γεγονέναι.
1619 4545 1729 4598 Καὶ

1842 4547 2055 4617 negavit
2083 4565 2096 4611 ;
2137 4556 2192 4600 et
2217 4546 2308 4615 qui
2330 4546 2450 4614 ejus
2471 4543 2760 4614 imaginem
2787 4557 2897 4596 non
2923 4540 3132 4603 adorat,
3157 4555 3225 4592 ne
3249 4538 3428 4606 ipsum

133 4635 169 4686 ὁ
205 4632 290 4704 μὴ
319 4631 640 4702 προσκυνῶν
677 4632 840 4686 αὑτοῦ
881 4632 980 4703 τὴν
1020 4633 1226 4697 εἰκόνα,
1265 4635 1326 4685 ού
1356 4633 1525 4686 τύπον
1560 4651 1733 4705 προσ-

135 4727 308 4781 κυνεῖ
377 4725 540 4779 αὑτὸν
595 4725 656 4778 τὸ
694 4725 947 4788 καθόλου,
1002 4727 1106 4778 κᾶν
1159 4725 1355 4797 νομίζῃ
1390 4728 1732 4797 προσκυνεῖν,

140 4817 281 4872 ἐπεί
342 4835 508 4888 φησιν
537 4820 565 4871 ό
606 4819 749 4889 ἱερὸς
803 4819 981 4886 λόγος,
1029 4820 1091 4872 Ol
1139 4818 1359 4872 ἄπιστοι
1406 4819 1729 4889 ὁμολογοῦσι

138 4910 292 4965 Θεὸν
327 4911 563 4978 εἰδέναι,
594 4913 706 4973 τοῖς
753 4912 810 4965 δὲ
842 4911 1025 4982 ἔργοις
1063 4911 1369 4981 ἀρνοῦνται.
1415 4911 1599 4966 Ταῦτα
1635 4913 1733 4983 οὐχ

135 5003 223 5065 ὡς
255 5002 536 5073 ἀγνοούσῃ
582 5005 647 5072 τῇ
699 5003 971 5073 τιμιότητί
1004 5020 1096 5054 σου
1128 5002 1473 5072 ύπεδήλωσα,
1522 5003 1636 5056 ἀλλ’
1657 5003 1733 5066 ῶς

135 5111 476 5165 συνομογνω
507 5095 742 5166 μονούσῃ
768 5136 781 5159 ,
806 5097 900 5147 καὶ
922 5094 1112 5165 ὥσπερ
1148 5095 1333 5166 ρανίδα
1361 5096 1423 5148 ἐκ
1466 5096 1737 5164 πελάγους

126 5190 444 5258 δογμάτων
477 5189 802 5252 ἀνελκύσας.
863 5191 1000 5258 πρὸς
1055 5190 1115 5243 τὸ
1157 5189 1251 5242 καὶ
1305 5188 1530 5261 ἄπειρον
1571 5191 1738 5260 ἐσμὸν

129 5277 296 5335 εἶναι
328 5283 642 5354 Πατρικῶν,
671 5283 808 5352 μετά
841 5282 935 5335 καὶ
966 5283 1063 5353 τῆς
1085 5282 1442 5354 ἀρχαιολόγου
1472 5284 1734 5355 ἱστορίας,

124 5374 239 5428 ἀπ’
294 5377 468 5447 αὐτῆς
507 5376 756 5447 βαλϐίδος
795 5377 887 5430 τοῦ
948 5377 1304 5448 κηρύγματος
1353 5377 1433 5439 είς
1479 5375 1739 5431 σύστασιν

119 5468 237 5535 τῆς
287 5470 595 5539 ἀμωμήτου
627 5470 781 5541 ἡμῶν
812 5471 919 5523 τῶν
958 5469 1301 5540 Χριστιανῶν
1332 5467 1589 5532 πίστεως.

1835 4642 2056 4711 quidem
2109 4653 2338 4709 prorsus
2387 4638 2598 4701 adorat,
2647 4636 2778 4690 licet
2823 4634 3053 4689 adorare
3105 4648 3163 4685 se
3220 4640 3424 4700 putet:

1833 4733 2052 4804 quando
2083 4733 2302 4804 quidem
2327 4773 2342 4797 ,
2385 4740 2445 4784 ut
2467 4743 2649 4784 sermo
2674 4743 2829 4783 sacer
2856 4728 2950 4790 ait,
2986 4725 3228 4779 inﬁdeles
3257 4723 3430 4778 conli-

1833 4835 2017 4881 tentur
2066 4841 2126 4881 se
2176 4825 2348 4880 Deum
2382 4840 2567 4889 nosse,
2605 4821 2766 4878 factis
2802 4831 2983 4874 autem
3031 4825 3246 4887 negant.
3301 4814 3429 4869 llaec

1833 4935 1932 4989 ego
1966 4935 2074 4973 non
2109 4927 2367 4987 tanquam
2401 4916 2672 4988 ignoranti
2709 4911 3028 4968 reverentia:
3051 4919 3156 4964 tua:
3177 4908 3425 4978 exposui.

1834 5013 1930 5067 sed
1986 5023 2239 5081 tanquam
2277 5027 2384 5065 una
2437 5008 2724 5069 sentienti,
2771 5022 2834 5060 ac
2881 5003 3044 5058 veluti
3102 5010 3308 5072 guttam
3357 5016 3427 5054 ex

1849 5107 2163 5177 dogmatum
2218 5106 2406 5176 pelago
2439 5103 2716 5164 hauriens,
2745 5115 2868 5154 cum
2901 5097 3129 5152 inﬁnita:
3163 5103 3425 5164 prmterea

1849 5199 1958 5252 sint
1981 5197 2205 5252 Patrum
2230 5196 2538 5258 sementim,
2574 5209 2679 5246 una
2708 5208 2832 5246 cum
2864 5200 3046 5245 vetere
3079 5190 3326 5253 historia,
3359 5188 3426 5242 ab

1846 5289 2070 5345 exordio
2118 5291 2238 5359 ipso
2282 5288 2608 5358 evangelica:
2652 5282 3056 5354 praedicationis
3102 5281 3168 5336 ad
3210 5281 3427 5338 illibata:

1844 5381 1969 5436 ﬁdei
2018 5390 2220 5436 nostrae
2251 5378 2576 5436 Christianae
2608 5374 3106 5432 conﬁrmationem.
