4046 6426
573 376 675 438 927

1735 386 1991 445 ΡΠΟΤΙΙ
2029 387 2528 449 ΡΑΤΒΙΑΒΕΗιΈ
2565 387 2659 451 CP.

2248 516 2253 521 ,
2336 516 2339 517 ν

1200 608 1565 685 PHOTII
1614 608 2335 691 EPISTOLARUM
2380 574 3201 695 LIBER-TERTIUS.

1011 760 1367 816 EPISTOLIE
1407 762 1499 817 AD
1536 762 1942 819 OFFICIALES
1985 763 2231 821 LAICOS
2264 764 2353 819 ΕΤ
2386 766 2877 825 MAGISTRATUS
2913 766 3362 825 SIECULARES.

1160 935 1377 992 EPIST.
1412 937 1449 992 Ι.

781 1026 973 1080 Joanni
1000 1031 1302 1099 aspathario
1330 1040 1377 1085 el
1400 1030 1729 1100 Philoponesi
1749 1032 1891 1088 duci.

2164 955 2214 1010 Δ

2850 943 3075 997 ΕΠΙΣΤ.
3123 944 3203 997 Α’.

2256 1035 2502 1105 Ἰωάννῃ
2536 1036 2885 1106 ἀσπαθαρίῳ
2903 1039 3002 1091 καὶ
3038 1032 3822 1105 στωτηγῷφᾲοπονήσου.

1792 1126 2057 1178 Montacut.
2094 1132 2199 1193 (ep.
2233 1131 2281 1192 5,
2315 1145 2364 1193 p.
2396 1130 2499 1193 69).

646 1206 890 1261 Adverso
920 1204 1162 1273 flumine,
1192 1207 1333 1275 quod
1357 1210 1649 1277 proverbio
1683 1212 1900 1274 dicitur,
1929 1212 1982 1264 in
2008 1228 2147 1281 pra:-

576 1301 718 1354 senti
775 1300 990 1371 negotia
1046 1300 1176 1355 ferri
1214 1302 1517 1359 videntur:
1568 1304 1808 1360 Joannes
1847 1305 1995 1360 enim
2062 1306 2153 1360 ille

577 1392 850 1461 quondam
898 1392 1148 1447 laudatus
1180 1394 1464 1464 bonusque
1518 1397 1700 1451 subito
1728 1412 1836 1450 non
1870 1405 1953 1451 est
1983 1395 2027 1449 is
2060 1396 2150 1465 qui

578 1483 684 1537 fuit
709 1493 834 1537 ante
852 1484 1059 1555 (religio
1086 1484 1232 1539 enim
1264 1486 1393 1539 mihi
1421 1496 1505 1541 est
1530 1488 1705 1542 adhuc
1727 1487 1910 1542 dicere
1950 1488 2149 1553 aliter),

576 1589 687 1627 non
715 1583 797 1628 est
819 1576 909 1644 qui
940 1576 1134 1640 fuerat,
1168 1593 1269 1631 nec
1293 1579 1505 1647 qualem
1537 1594 1758 1633 manere
1780 1594 1905 1633 eum
1936 1579 1993 1632 in
2014 1578 2153 1633 votis

575 1666 707 1720 mihi
742 1676 879 1731 erat,
914 1669 1005 1722 sed
1034 1684 1157 1723 eum
1188 1670 1288 1724 hac
1320 1678 1478 1724 attale
1511 1672 1599 1733 sit,
1627 1681 1681 1725 et
1709 1671 1777 1725 ad
1822 1673 1945 1725 vita:
1988 1687 2146 1725 occa-

578 1772 698 1810 sum
746 1758 967 1829 jamjam
1016 1762 1290 1833 devergat,
1344 1762 1680 1815 immutatur.
1732 1762 2012 1817 Deﬂuxere
2064 1778 2149 1816 res

578 1851 875 1917 praeclarae.
908 1865 1122 1906 mortua
1152 1862 1235 1906 est
1269 1852 1463 1917 virtus,
1499 1853 1786 1908 oblivionis
1818 1855 2026 1908 tumulo
2056 1870 2150 1909 oc-

579 1940 814 1994 cultatur
834 1942 1069 1996 amicitia
1095 1960 1107 1995 :
1128 1943 1334 1998 amicus
1355 1945 1627 1999 communi
1644 1946 1850 1999 calculo
1875 1956 2147 2011 censetur,

579 2047 689 2084 non
729 2033 819 2087 ille
851 2034 944 2102 qui
972 2036 1115 2111 quod
1150 2036 1388 2105 loquitur
1416 2052 1480 2088 ex
1512 2045 1621 2089 tota
1676 2036 1853 2090 anima
1890 2037 2147 2105 loquitur,

2319 1216 2469 1269 Ἀνω
2498 1214 2781 1284 ποταμῶν,
2828 1216 2862 1282 ἡ
2904 1215 3195 1285 παροιμία,
3246 1214 3337 1267 ἐπὶ
3371 1213 3569 1283 καιροῦ
3598 1213 3666 1266 ἂν
3690 1212 3824 1281 φαίη

2246 1310 2312 1360 τά
2359 1305 2660 1377 πράγματα
2687 1321 2700 1333 ·
2756 1305 3012 1375 Ἰωάννης
3064 1308 3092 1359 ὁ
3139 1305 3303 1368 καλός
3338 1323 3397 1358 τε
3438 1306 3534 1358 καὶ
3597 1304 3824 1371 ἀγαθὸς,

2248 1400 2505 1469 ἐξαίφνης
2526 1399 2627 1456 (ἔτι
2650 1400 2758 1469 γάρ
2780 1398 3111 1467 εὐλαϐοῦμαι
3135 1399 3267 1451 αὐτὸ
3286 1398 3602 1453 τούναντίον
3626 1400 3823 1465 εἰπεῖν)

2246 1494 2345 1546 οὐκ
2378 1493 2524 1545 ἔστιν
2559 1487 2786 1561 οἷόσπερ
2838 1486 2927 1560 ἦν,
2957 1490 3065 1542 οὐδ’
3101 1485 3211 1563 οἷον
3241 1489 3403 1542 αὑτὸν
3457 1490 3648 1559 μένειν
3674 1489 3828 1557 εὐχόο

2251 1583 2387 1653 μεθα
2405 1600 2420 1614 ο
2447 1583 2561 1636 ἀλλ’
2595 1581 2828 1635 ἐνταῦθα
2848 1581 3068 1651 ἡλικίας
3090 1579 3283 1643 ἐλθὼν,
3314 1581 3410 1633 καὶ
3443 1582 3585 1651 πρὸς
3613 1580 3828 1648 δυσμάς

2250 1675 2489 1729 ἐλαύνων
2541 1676 2678 1745 βίου,
2734 1673 3151 1744 μεταϐέϐληται.
3220 1674 3428 1743 ἘρειΡ
3482 1674 3555 1725 τά
3612 1672 3759 1726 καλά
3806 1688 3825 1725 t

2246 1768 2477 1837 τέθνηκε
2518 1765 2561 1819 δ’
2599 1766 2772 1836 ἀρετὴ
2804 1806 2818 1829 ,
2849 1764 2946 1818 καὶ⁸
2970 1764 3139 1834 λήθης
3166 1764 3321 1833 τάφῳ
3364 1764 3523 1832 φιλία.
3552 1763 3830 1816 καλύπτει

2252 1876 2373 1913 ται·
2413 1859 2507 1913 καὶ
2539 1858 2690 1927 φίλος
2717 1858 2941 1921 ἐκεῖνος,
2996 1858 3093 1927 οὐχ
3119 1858 3265 1920 ὅστις
3288 1856 3348 1922 ἐξ
3371 1858 3495 1909 ὅλου
3542 1856 3699 1922 λέγει
3736 1856 3827 1907 τοῦ

2254 1950 2367 2013 νοῦ,
2415 1950 2509 2002 καὶ
2558 1948 2758 2010 ἀδόλως
2791 1947 2880 2000 διὰ
2915 1946 3031 2017 βίου
3085 1947 3237 2016 μένει
3288 1946 3481 2015 φιλῶν,
3534 1945 3655 1998 ἀλλ’
3686 1946 3829 2008 ὅστις

2256 2043 2443 2113 ὑφάλῳ
2466 2040 2679 2110 γνώμη,
2710 2040 2849 2092 κατὰ
2890 2040 3182 2109 πρόσωπον
3216 2040 3316 2107 μὲν
3346 2039 3521 2108 ἡδέως
3552 2036 3828 2105 γαληνιῶν

579 2132 636 2177 et
670 2124 785 2178 sine
811 2126 933 2181 dolo
979 2128 1153 2199 diligit
1202 2144 1299 2197 per
1329 2129 1496 2183 totius
1521 2130 1645 2184 vita:
1693 2144 1937 2195 cursum,
1976 2131 2071 2185 sed
2104 2131 2150 2186 is

2266 2134 2451 2201 Βμιλεῖ,
2485 2132 2587 2195 ἔξω
2606 2133 2663 2184 δὲ
2688 2131 2976 2200 γενόμενος
3003 2130 3319 2199 ὀφθαλμῶν,
3352 2129 3662 2199 τρικυμίας
3693 2127 3831 2181 άπά-

579 2218 669 2285 qui
704 2218 925 2273 subdola
966 2229 1020 2275 et
1048 2221 1285 2276 sublesta
1317 2230 1519 2283 mente,
1568 2238 1749 2277 coram
1780 2230 1837 2277 et
1869 2224 1922 2278 in
1958 2224 2152 2279 faciem

2262 2240 2360 2287 σας
2396 2225 2601 2292 ἐγείρει
2626 2222 2926 2293 πονηριῶν.

581 2312 940 2381 tranquilliter
965 2323 1019 2368 et
1052 2315 1293 2383 jucunde
1356 2326 1732 2383 conversatur,
1793 2326 1849 2372 at
1876 2333 2004 2372 cum
2072 2327 2222 2372 extra
2261 2317 2426 2372 fuerit
2472 2316 2751 2372 oculorum
2832 2323 3207 2383 conspectum,
3238 2312 3585 2367 omnimodas
3639 2308 3831 2365 ﬂuctus

580 2405 778 2457 malum
808 2405 1127 2460 intentando
1166 2408 1421 2461 concitat.

1171 2495 1389 2553 EPIS'I‘.
1427 2499 1491 2553 ll.

799 2586 983 2658 Sergio
1022 2590 1299 2658 magistro,
1342 2600 1390 2643 et
1419 2590 1600 2645 Dromi
1634 2591 1923 2662 legat/reme.

2850 2492 3076 2547 ΕΠΙΣΤ.
3131 2492 3203 2547 B’.

2326 2591 2545 2658 Σεργίῳ
2568 2588 2874 2658 ματίστρῳ
2922 2588 3021 2640 καὶ
3053 2585 3339 2656 λογοθέτῃ
3370 2586 3476 2640 τοῦ
3508 2587 3765 2654 Δρόμου.

1830 2690 2095 2737 Montacut.
2135 2689 2237 2750 (ep.
2276 2686 2349 2745 10,
2386 2699 2433 2747 p.
2469 2683 2549 2745 75)

651 2765 771 2820 Non
800 2768 1017 2837 quidem
1059 2780 1247 2824 contra
1285 2787 1407 2836 nos,
1439 2780 1499 2823 ut
1530 2780 1647 2826 tute
1676 2771 1893 2837 scribis,
1924 2773 2018 2826 sed
2063 2786 2161 2840 pro

2333 2768 2408 2819 1ιὺ
2440 2765 2561 2819 καθ’
2588 2765 2770 2833 ἡμῶν,
2801 2763 2993 2832 ὥσπερ
3016 2762 3285 2833 ἔγραψας,
3313 2764 3450 2818 ἀλλὰ
3477 2767 3625 2837 ὑπὲρ
3657 2769 3828 2838 ἡμῶν,

581 2860 741 2913 nobis
765 2862 934 2927 dicta,
958 2878 1081 2930 quae
1110 2863 1430 2917 dicebantur
1459 2880 1488 2917 a
1517 2872 1588 2925 te.
1620 2874 1970 2933 reputamus;
2002 2873 2162 2932 atque

2266 2860 2328 2912 τά
2356 2857 2660 2927 λαληθέντα
2692 2873 2778 2907 σοι
2804 2855 3139 2925 λογιζόμεθα
3162 2870 3174 2883 ⁸
3213 2855 3410 2909 οὐκοῦν
3438 2858 3565 2911 οὐδὲ
3596 2861 3834 2928 συγγνώ-

582 2953 706 3006 ideo
735 2954 1126 3019 veniamzdictis
1152 2956 1359 3023 precari
1387 2972 1496 3008 non
1530 2965 1645 3009 erat
1670 2970 1827 3025 opus.
1865 2954 1920 3008 Si
1939 2956 2157 3025 quidem

2266 2971 2392 3022 μην,
2428 2946 2509 3014 οἷς
2567 2950 2855 3019 ἐλάλησας,
2897 2950 3174 3019 προσῆκεν
3228 2953 3420 3006 αἰτεῖν.
3475 2953 3543 3003 Ei
3588 2954 3697 3021 μὲν
3736 2956 3836 3023 γὰρ

582 3060 703 3113 qua:
721 3045 991 3113 protulisti
1017 3060 1142 3099 Vera
1166 3056 1314 3109 sunt,
1343 3048 1648 3110 commodo,
1678 3062 1785 3101 non
1820 3047 2163 3101 incommodo

2266 3044 2433 3113 ἀληθῆ
2483 3042 2549 3095 τά
2593 3041 2844 3111 ῥηθέντα,
2876 3041 3187 3111 ὠφέλησας,
3242 3040 3356 3093 ἀλλ’
3410 3042 3514 3093 οὐκ
3574 3042 3833 3110 ἔϐλαψ,

584 3152 673 3189 me
702 3136 953 3197 alfecisti,
997 3137 1125 3192 dum
1156 3138 1437 3207 culparum
1484 3139 1723 3194 instituis
1776 3139 2163 3209 reprehensio-

2266 3137 2487 3205 ἔλεγχον
2513 3133 2622 3188 τῶν
2645 3134 3053 3205 ἡμαρτημένων
3077 3134 3462 3203 ποιησάμενος,
3489 3135 3553 3200 ἐξ
3577 3130 3660 3188 ῶν
3686 3138 3839 3189 εἴωθε

587 3244 761 3292 nem,
815 3244 936 3297 qua:
988 3230 1127 3283 solet
1179 3246 1475 3300 procurare
1547 3233 2019 3298 emendationem;
2076 3232 2161 3287 sin

2266 3228 2547 3299 διόρθωσις
2584 3226 2998 3297 περιγίνεσθαι·
3035 3226 3084 3278 εί
3147 3226 3202 3279 δὲ
3232 3226 3426 3297 ψευδῆ,
3461 3228 3603 3282 πολὺ
3642 3229 3841 3298 μᾶλλον

587 3317 723 3372 falsa
754 3318 1063 3386 protuleris,
1097 3322 1266 3391 magis
1295 3322 1513 3390 quidem
1544 3324 1822 3392 magisque
1864 3322 2153 3393 profueris,

588 3426 655 3463 eo
683 3411 829 3479 quod
863 3410 997 3466 falso
1024 3413 1369 3482 culpaveris;
1409 3430 1497 3469 res
1534 3416 1679 3469 enim
1713 3416 1885 3487 magis
1910 3416 2159 3471 attende-

589 3517 670 3566 re,
696 3510 751 3554 et
784 3500 838 3555 in
868 3502 1225 3570 princinctura
1261 3514 1406 3557 stare
1437 3520 1537 3559 nos
1562 3504 1735 3559 fecisti
1768 3522 1783 3569 ;
1820 3520 1933 3557 non
1955 3513 2166 3559 tantum

590 3601 651 3646 ut
679 3593 747 3647 ab
771 3594 1025 3662 Operihus
1050 3595 1116 3649 iis
1144 3595 1515 3649 abstineamus
1550 3611 1671 3665 quze
1709 3596 2076 3661 retulisti,sed
2108 3606 2167 3651 ut

590 3694 645 3740 et
676 3702 706 3739 a
738 3686 919 3755 pravis
962 3688 1381 3757 cogitationibus
1418 3690 1745 3757 quantocius
1794 3703 1953 3757 quam
2012 3688 2169 3758 longe

594 3779 916 3832 recedamus
941 3796 956 3845 ;
986 3794 1053 3833 eo
1075 3780 1219 3847 quod
1256 3780 1542 3838 retributio
1569 3796 1597 3833 a
1622 3780 1775 3835 caelis
1814 3781 2051 3849 reposita
2084 3788 2170 3834 est

591 3871 683 3934 iis,
713 3871 804 3939 qui
830 3886 953 3925 cum
992 3871 1269 3941 proposito
1300 3873 1591 3926 mentiendi
1622 3873 1788 3928 verba
1841 3872 2003 3942 impia
2036 3889 2164 3941 pro-

594 3962 788 4014 tulere.
830 3962 947 4016 Noli
1014 3964 1175 4033 igitur
1224 3966 1491 4021 dedictis
1536 3967 1898 4031 erubescere;
1952 3974 2163 4018 tantum

595 4052 751 4107 abest
786 4062 841 4106 ut
871 4063 922 4107 te
952 4071 1051 4107 nos
1081 4058 1151 4109 oh
1180 4056 1268 4109 illa
1306 4057 1636 4125 incusemus,
1667 4070 1727 4114 ut
1768 4059 1935 4115 etiam
1965 4058 2167 4128 scripto

595 4143 938 4213 consignatas
968 4146 1262 4201 habeamus
1288 4150 1505 4217 gratias.

1196 4237 1412 4291 EPIST.
1448 4236 1535 4291 Ill.

876 4321 1076 4377 Basilio
1107 4328 1330 4395 patricio
1365 4328 1510 4381 urbis
1539 4330 1802 4398 prwfecto.

2262 3322 2571 3393 ὠφέλησας,
2610 3324 2786 3391 μάτην
2821 3320 3227 3387 αἰτιασάμενος.
3276 3320 3580 3390 Προσέχειν
3620 3340 3685 3375 τε
3738 3322 3842 3391 γὰρ

2264 3414 2405 3467 οὓτω
2430 3414 2650 3483 μᾶλλον,
2674 3413 2769 3464 καὶ
2791 3412 3161 3482 περιστέλλειν
3181 3413 3426 3473 ἑαυτοὺς.
3449 3414 3513 3464 ού
3537 3413 3650 3464 τῶν
3668 3413 3841 3481 ἔργων

2268 3506 2450 3576 μόνον,
2482 3508 2583 3558 ὅσα
2619 3504 2695 3574 μὴ
2736 3504 2835 3567 δεῖ,
2880 3504 3258 3573 διανέστησας,
3305 3504 3420 3558 ἀλλ’
3479 3506 3638 3559 οὐδὲν
3681 3504 3842 3577 ἦττον

2268 3601 2520 3653 σπεύδειν
2550 3601 2852 3675 ἀναχωρεῖν
2882 3601 2976 3652 καὶ
3009 3600 3118 3651 τῶν
3167 3600 3243 3669 μὴ
3270 3599 3454 3651 καλῶν
3486 3598 3842 3667 ὑπολήῴεων.

2270 3689 2477 3751 ’Ἄλλως
2510 3705 2569 3740 τε
2616 3688 2692 3751 δὲ,
2724 3688 2803 3740 ὅτι
2834 3688 2929 3740 καὶ
2979 3685 3391 3755 μισθαποδοσίαι
3425 3687 3538 3747 τοῖς
3574 3686 3668 3736 ἐπὶ
3700 3681 3842 3750 ψεύ-

2266 3781 2381 3833 δεσι
2419 3779 2572 3850 ῥῆμα
2605 3777 2841 3848 πονηρὸν
2881 3778 3289 3847 ὑφισταμένοις,
3328 3778 3535 3829 ἐκεῖθεν
3576 3775 3837 3827 ἀπόκειν-

2266 3889 2376 3924 ται.
2427 3872 2643 3942 Μηκέτι
2692 3867 2783 3924 οὗν
2842 3870 3184 3941 ὲπερυθριῶν
3242 3870 3355 3930 τοῖς
3408 3885 3488 3920 σοι
3527 3866 3840 3934 λαληθεῖσιν

2268 3962 2652 4015 ὲπιδείκνυσο·
2710 3964 2873 4031 ἡμεῖς
2930 3960 3037 4030 γὰρ
3086 3958 3344 4012 τοσοῦτον
3389 3960 3661 4026 ἀπέχομεν
3708 3956 3851 4023 περὶ

2266 4053 2471 4106 τούτων
2526 4054 2825 4119 ἐπικαλεῖν,
2870 4052 3010 4106 ὥστε
3064 4068 3146 4104 σοι
3195 4052 3288 4105 καὶ
3342 4052 3504 4122 χάριν
3556 4048 3854 4119 ὁμολογεῖν

2272 4145 2561 4215 ἐγγράφως
2585 4145 2683 4217 ἤδη
2720 4145 3098 4214 συντιθέμεθα.

2899 4236 3123 4289 ΕΠΙΣΤ.
3165 4237 3242 4289 1".

2424 4330 2723 4392 Βασιλείᾳ)
2749 4329 3035 4397 πατρικίῳ
3063 4328 3157 4380 καὶ
3180 4326 3421 4395 ἐπάρχῳ
3447 4326 3708 4390 πόλεως.

1848 4418 2115 4468 Montacut.
2153 4420 2251 4481 (ep.
2293 4418 2369 4479 15,
2403 4434 2451 4481 p.
2487 4421 2590 4479 74).

669 4500 907 4556 Dimuxit
944 4502 1137 4569 virtus,
1170 4505 1302 4558 abiit
1328 4506 1446 4575 ejus
1492 4507 1680 4576 gratia,
1715 4508 1927 4562 obtinet
1975 4508 2172 4577 impie-
2205 4512 2252 4563 ι)

598 4601 701 4655 tas,
729 4602 781 4647 et
828 4595 1171 4650 mendacium
1212 4598 1310 4650 alis
1355 4597 1745 4666 pullulantibus
1778 4601 1996 4665 crescit,
2031 4600 2171 4653 veri-

598 4686 724 4741 tatis
752 4688 847 4741 ala:
871 4687 1134 4758 floresque
1164 4691 1441 4746 decidunt.
1476 4691 1631 4748 Unde
1661 4704 1841 4747 autem
1874 4696 1989 4749 haec
2015 4695 2171 4748 inva-

598 4779 700 4832 luit
762 4781 1025 4835 malorum
1085 4783 1254 4837 Ilias?
1287 4783 1553 4839 Nimirum
1598 4786 1753 4840 aiunt
1782 4788 1925 4855 quod
1975 4796 2033 4840 tu
2094 4787 2169 4839 sis

601 4886 722 4923 cum
751 4872 998 4941 imperio,
1031 4884 1087 4928 et
1111 4876 1203 4943 qui
1246 4878 1415 4931 multo
1468 4879 1741 4947 digniores
1790 4886 1919 4934 sunt
1962 4887 2023 4931 ut
2076 4879 2171 4931 tibi

600 4962 887 5031 imperent,
920 4974 1073 5018 tuum
1124 4968 1350 5021 tolerare
1375 4980 1428 5023 et
1478 4972 1694 5025 trahere
1737 4972 1925 5043 jugum
1974 4987 2174 5041 cogan-

604 5064 713 5109 tur.
752 5057 1025 5113 Moderata
1070 5072 1218 5115 certe
1257 5064 1471 5117 videtur
1496 5064 1813 5133 improbitas
1840 5082 1960 5135 qua}
2005 5066 2170 5119 vitam

604 5149 735 5217 ipsis
782 5152 998 5219 penitus
1056 5170 1167 5208 non
1218 5157 1681 5223 absciderit;hoc
1726 5167 1811 5212 est
1854 5159 1997 5227 quod
2026 5158 2175 5213 fures

604 5240 805 5307 passim
838 5251 892 5295 et
948 5245 1232 5299 carniﬁces
1266 5262 1363 5315 per
1414 5247 1601 5300 urbem
1652 5256 1879 5301 scatent.
1918 5247 2041 5301 Haec
2073 5263 2173 5317 ego

604 5332 671 5384 de
701 5342 749 5386 te
775 5334 954 5387 nullus
984 5335 1252 5404 prtedico;
1298 5337 1341 5390 is
1372 5348 1551 5391 autem
1597 5338 1688 5407 qui
1717 5338 1769 5390 in
1796 5340 2049 5407 praesenti
2080 5354 2174 5406 pa-

607 5434 711 5478 trat
767 5441 827 5479 ea
866 5443 985 5495 quze
1012 5444 1109 5495 per
1130 5429 1372 5482 omnium
1407 5445 1499 5483 ora
1530 5440 1584 5483 ct
1618 5446 1778 5483 aures
1806 5431 2172 5493 celebrantur,

606 5516 722 5585 ipse
787 5526 871 5570 est
917 5519 1009 5586 qui
1058 5519 1228 5587 (licet
1271 5535 1371 5590 ego
1427 5521 1825 5590 conticescam)
1868 5521 2171 5575 istiusmodi

609 5609 781 5664 titulis
811 5608 1005 5676 dignus
1045 5619 1145 5663 est.
1181 5609 1259 5663 Tu
1312 5627 1493 5679 porro,
1530 5611 1576 5663 si
1624 5610 1766 5680 quod
1796 5610 2061 5675 referunt,
2088 5612 2174 5664 illa

609 5703 741 5773 agis,
772 5704 897 5758 odio
930 5704 1110 5773 potius
1136 5704 1335 5758 habeto
1360 5704 1628 5757 actionem
1658 5703 1849 5773 ipsam,
1877 5703 1944 5757 de
1978 5718 2173 5772 perpe-

2359 4508 2547 4577 Ἐῤῥει
2580 4506 2647 4559 τὰ
2679 4507 2839 4571 καλά,
2878 4506 2974 4559 καὶ
3003 4506 3102 4575 τῆς
3142 4504 3344 4574 ἀρετῆς
3368 4504 3401 4573 ὴ
3428 4502 3587 4572 χάρις
3620 4502 3863 4570 οῐχεται.

2276 4595 2442 4647 κακία
2470 4595 2526 4647 δὲ
2551 4596 2912 4649 πολιτεύεται·
2939 4595 3033 4647 καὶ
3054 4594 3114 4646 τὸ
3142 4592 3243 4661 μὲν
3265 4592 3458 4662 ψεῦδος
3486 4593 3801 4659 πτεροφυεῖ
3814 4600 3865 4651 ει,

2275 4684 2592 4751 φυλλοϐολεῖ
2647 4686 2703 4739 δὲ
2756 4687 2826 4739 τὰ
2880 4687 3054 4756 πτέρα
3100 4688 3133 4756 ή
3183 4686 3427 4753 ἀλήθεια.
3460 4683 3633 4735 Πόθεν
3676 4681 3787 4733 οὖν
3835 4683 3870 4750 ἡ

2276 4779 2510 4850 τοσαύτη
2540 4779 2648 4831 τῶν
2684 4779 2871 4833 κακῶν
2916 4780 3076 4839 Ἰλίας
3102 4797 3118 4844 ;
3150 4780 3273 4831 Ὅτι
3308 4778 3371 4830 σὺ
3406 4776 3524 4847 μὲν,
3554 4775 3633 4837 ῶς
3663 4791 3868 4841 φασιν,

2278 4873 2500 4941 ἄρχειςο
2533 4875 2582 4926 οἱ
2614 4872 2673 4925 δέ
2720 4890 2813 4926 σου
2872 4873 3005 4925 πολὺ
3046 4872 3334 4943 κρείσσους
3369 4871 3557 4939 ἄρχειν
3579 4909 3596 4931 ,
3628 4868 3729 4919 τὸν
3778 4869 3875 4919 σὴν

2276 4966 2444 5041 βαρὺν
2476 4966 2657 5020 ἓλκειν
2684 4967 2848 5033 ζυγὸν
2899 4964 3302 5031 ἀναγκάζονται
3323 4980 3337 4993 ·
3368 4964 3462 5015 καὶ
3492 4964 3693 5032 μετρία
3738 4964 3879 5016 τοὺ-

2270 5079 2382 5123 τοις
2413 5064 2688 5124 κάκωσις,
2725 5062 2758 5129 ἡ
2805 5057 2881 5128 μὴ
2932 5059 3113 5110 πᾶσαν
3159 5056 3339 5109 αὐτῶν
3378 5056 3475 5123 τὴν
3506 5056 3651 5121 ζωὴν
3695 5073 3879 5125 περι-

2275 5156 2583 5208 κόπτουσα⁶
2639 5152 2795 5206 τοῦτό
2852 5154 2999 5202 ἐστιν
3049 5152 3077 5202 ὁ
3124 5150 3180 5201 ἐν
3218 5148 3370 5200 πόλει
3408 5148 3649 5217 λῃστὴς,
3696 5150 3812 5199 καὶ
3850 5151 3882 5201 ὁ

2282 5245 2561 5314 πάνδημος
2608 5244 2819 5311 δήμιος.
2864 5241 3004 5308 Ἐγὼ
3050 5242 3152 5309 μὲν
3196 5242 3258 5293 ού
3313 5240 3453 5306 λέγω
3498 5238 3674 5290 ταῦτα
3738 5242 3885 5309 περὶ

2284 5338 2406 5391 σοῦ·
2442 5336 2560 5388 ἀλλ’
2613 5338 2640 5388 ὁ
2682 5335 2851 5387 ποιῶν
2894 5335 2961 5386 τά
2996 5336 3113 5385 vovi.
3163 5335 3310 5402 πάσῃ
3336 5331 3555 5401 γλώσσῃ
3588 5332 3687 5383 καὶ
3726 5333 3883 5401 ἀκοῇ

2280 5432 2428 5499 πάσῃ
2464 5427 2852 5498 περιᾳδόμενα,
2895 5426 3101 5487 ἐκεῖνός
3126 5426 3240 5477 ἐστι
3266 5424 3388 5488 (κᾶν
3420 5422 3528 5488 ἐγὼ
3559 5425 3885 5491 σιωπήσω-

2285 5522 2405 5592 μαι)
2460 5522 2488 5573 ὁ
2534 5520 2741 5571 τούτων
2774 5518 2883 5570 τῶν
2934 5518 3216 5586 ὀνομάτων
3248 5517 3415 5580 ἄξιος.
3456 5517 3528 5568 Σὺ
3551 5515 3633 5575 δὲ,
3668 5518 3731 5566 εὶ
3774 5516 3885 5585 μὲν

2283 5617 2541 5683 πράττεις
2566 5611 2600 5665 ἆ
2628 5628 2810 5680 φασιν,
2857 5609 3086 5679 μίσησον
3136 5607 3334 5677 μᾶλλον
3363 5607 3463 5676 τὴν
3512 5605 3753 5673 πρᾶξιν,
3784 5608 3890 5658 καὶ

2285 5707 2396 5765 τοῖς
2457 5700 2851 5769 πραττομένοις
2900 5696 3240 5768 αἰσχύνθητι,
3308 5697 3343 5766 ἦ
3376 5696 3490 5754 τοῖς
3524 5693 3887 5763 ὀνομάζουω

1892 5796 2122 5852 VARI/15
2160 5793 2542 5851 LECTIONES

692 5875 719 5914 ν
748 5866 830 5919 id.
868 5868 1034 5938 ἔῤῥει.
1112 5878 1139 5918 τι
1165 5870 1249 5924 ῐο.
1282 5869 1589 5938 πτερορυεῖ.
