4080 6458
196 414 319 479 9‘29

1394 420 1930 482 EPISTOLARUM
1971 419 2200 481 LIBER
2242 419 2355 481 ΙΙΙ.

3393 432 3500 493 930

200 524 680 596 μνησικάκησον,
732 524 809 578 Ub
857 523 966 594 γὰρ
1015 523 1161 578 ἐστιν
1209 525 1384 591 ἄλλως
1438 529 1537 591 τὰς
1567 529 1818 598 πράξεις,

1932 527 2088 581 tratis
2118 527 2380 596 pudeﬁas,
2412 541 2572 596 quam
2609 527 2926 586 memineris
2970 542 3030 586 ut
3064 532 3256 603 punias
3288 549 3383 590 eos
3406 537 3502 605 qui

198 618 331 672 ἀλλ’
369 617 410 690 ἢ
449 621 573 682 τοῖς
617 619 838 682 οἰκείοις
889 620 1238 690 ἐξονομάζειν
1279 622 1561 692 ὀνόμασιν.
1595 623 1706 677 Καὶ
1739 623 1818 692 τῷ

197 707 649 780 δυσχεραίνοντι
696 713 818 774 ταῖς
882 712 1167 781 κλήσεσιν,
1218 712 1399 783 πολλῷ
1457 713 1724 784 πρότερον
1782 715 1816 784 ὴ

199 801 372 872 φυγὴ
400 801 754 858 διαπονεῖται
776 801 885 857 τῶν
923 803 1196 873 πράξεων.
1231 805 1296 860 Ei
1342 804 1402 858 δὲ
1429 804 1499 858 τὰ
1520 805 1688 875 ψευδῆ
1722 823 1815 859 σου

201 896 612 965 καταχέουσιο
664 893 898 948 σπεῦσον
950 894 1138 967 ὥσπερ
1185 895 1390 966 ἔφυγες
1442 898 1542 968 τὴν
1589 898 1809 967 πρᾶξιν,

198 981 365 1037 οὕτω
393 987 604 1055 φυγεῖν
625 1002 684 1038 σε
714 987 809 1039 καὶ
828 985 890 1040 τὸ
911 986 1081 1055 ἐγγὺς
1109 987 1396 1058 τυγχάνειν
1421 986 1522 1057 τῆς
1545 987 1816 1058 πράξεως.

201 1073 285 1126 Τὸ
323 1074 443 1144 μὲν
481 1079 593 1147 γὰρ
617 1077 915 1143 κολάσεως,
943 1077 1004 1131 τὸ
1030 1079 1090 1132 δὲ
1118 1079 1220 1133 οὐκ
1248 1080 1486 1134 ἐπαίνων
1516 1079 1668 1145 ἄξιον
1688 1096 1702 1111 ·
1733 1081 1829 1133 καὶ

197 1167 339 1236 οὐχὶ
401 1170 475 1222 τὸ
526 1169 638 1235 πῦρ
691 1170 1012 1242 λυμαίνεται
1077 1171 1240 1242 μόνον
1287 1175 1413 1238 τοὺς
1466 1175 1825 1245 ἁπτομένους,

206 1260 368 1314 ἀλλὰ
402 1263 564 1317 καὶὸ
591 1263 831 1331 καπνὸς,
879 1263 988 1318 τῶν
1025 1267 1099 1336 μὴ
1133 1247 1323 1338 πόρῤω
1360 1267 1456 1320 τοῦ
1501 1268 1676 1338 πυρὸς
1720 1269 1824 1336 ἀφ-

201 1355 555 1422 εστηκότων
588 1356 905 1427 δριμύσσων
935 1357 1033 1421 τὰς
1059 1358 1210 1427 ὄψεις
1248 1360 1343 1414 καὶ
1379 1359 1821 1431 ἀμαυρούμενος.

832 1557 1056 1611 ΕΠΙΣΤ.
1115 1560 1188 1609 Δ’.

518 1648 740 1718 Σεργίῳ
773 1651 1082 1719 μαγίστρῳ
1108 1649 1206 1703 καί
1241 1649 1552 1720 λογοθέτῃ.

1920 619 2000 673 sic
2028 619 2343 688 loquuntur.
2370 618 2506 674 Sunt
2536 621 2682 675 enim
2712 623 2959 678 actiones
2985 625 3226 694 prepriis
3254 627 3369 681 suis
3397 643 3504 680 uo-

1924 711 2162 766 minibus
2213 710 2579 782 designandaa.
2627 713 2730 779 Qui
2772 729 3151 786 quemcunque
3196 717 3411 772 titulum
3447 720 3500 773 in

1924 802 2121 856 malam
2148 811 2359 872 partem
2389 805 2554 873 capit.
2592 803 2638 859 is
2660 805 2842 873 potius
2881 805 2934 860 id
2967 822 3124 878 agere
3162 809 3414 875 debebat,
3445 817 3506 864 ut

1924 894 2169 951 actiones
2227 895 2374 964 ipsas
2417 896 2680 951 evitaret:
2732 898 2816 952 sin
2868 909 3048 954 autem
3109 909 3159 955 te
3201 903 3505 958 mendaciis

1926 997 2180 1051 onerant,
2209 989 2261 1043 id
2301 1004 2428 1061 agas
2473 1001 2707 1060 oportet,
2739 1001 2799 1046 ut
2835 994 3287 1062 quemadmodum
3321 1010 3504 1049 reces-

1925 1079 2064 1134 seris
2112 1082 2180 1134 ab
2227 1082 2438 1152 agendo
2467 1082 2629 1141 male.
2663 1083 2738 1136 ita
2788 1092 2842 1137 et
2882 1099 3100 1138 omnem
3131 1085 3336 1140 devites
3383 1088 3504 1156 ejus

1925 1172 2414 1244 propinquitatem.
2451 1172 2585 1228 Illud
2620 1175 2948 1244 supplicium
2997 1184 3256 1241 meretur,
3285 1177 3504 1232 laudem

1927 1260 2074 1318 istud
2138 1279 2249 1318 non
2305 1273 2564 1318 meretur.
2593 1264 2713 1318 Non
2762 1264 2924 1334 modo
2959 1266 3105 1321 laadit
3169 1267 3308 1338 ignis
3365 1268 3507 1322 arri-

1921 1354 2156 1422 pientes,
2204 1355 2299 1410 sed
2352 1363 2408 1409 et
2447 1355 2629 1409 fumus
2663 1371 2852 1410 eorum
2884 1358 3073 1414 oculos
3104 1361 3423 1430 perstringit
3451 1370 3507 1416 et

1919 1445 2168 1517 iuliginat
2192 1448 2283 1516 qui
2315 1462 2427 1502 non
2461 1447 2617 1518 longe
2659 1449 2728 1502 ab
2746 1449 2869 1520 igne
2895 1450 3223 1507 consistunt.

2586 1559 2805 1615 EPIST.
2849 1561 2940 1616 1V.

2299 1648 2486 1722 Sergio
2510 1653 2762 1723 magistro
2789 1666 2836 1706 et
2869 1653 3158 1725 legat/tene.

1476 1767 1743 1817 Montaeut.
1784 1768 1888 1830 (ep.
1927 1767 2003 1822 Li.
2036 1782 2086 1830 p.
2123 1768 2224 1830 75).

297 1843 568 1916 Ἐχθρῶν
627 1847 766 1900 είσιν
814 1847 871 1899 αί
941 1847 1229 1902 ἐπιϐουλαὶ
1282 1849 1378 1902 καὶ
1436 1850 1493 1904 αἱ
1539 1849 1821 1920 λοιδορίαι,
1854 1851 1902 1920 Β

207 1939 313 1993 καὶ⁸
345 1941 426 1991 τὰ
482 1937 760 2010 βάραθρα·
819 1939 991 2009 φίλων
1019 1941 1100 2006 δὲ,
1135 1941 1198 1994 τὸ
1246 1942 1682 2014 ὑπερασπίζειν,
1727 1945 1820 1996 καὶ

210 2031 719 2103 προκινδυνεύειν,
745 2033 838 2085 καὶ
865 2033 1093 2087 κωλύειν
1115 2035 1240 2098 τοὺς
1262 2036 1692 2107 ἐπηρεάζοντας,
1720 2037 1820 2106 ὅση

208 2123 493 2194 δύναμις.
553 2124 792 2198 Μέτριος
842 2123 936 2181 οὖν
985 2127 1092 2180 τῶν
1139 2128 1349 2198 ἐχθρῶν
1382 2131 1605 2192 ἐκεῖνος,
1657 2130 1820 2183 ὁτῶν

213 2217 663 2288 προειρημένων
687 2219 877 2271 ἐαυτὸν
917 2218 1185 2289 καθυφείς
1211 2235 1227 2252 ο
1265 2221 1359 2273 καὶ
1393 2222 1530 2292 μήτε
1559 2238 1822 2290 συκοφανο

212 2306 359 2370 τῶν,
403 2297 406 2301 ’
437 2308 583 2379 μήτε
618 2307 825 2372 δόλους,
878 2310 1017 2378 μήτε
1057 2309 1352 2372 ἐπιϐουλὰς
1400 2310 1817 2379 σκευαζόμενος.

213 2396 337 2451 Καὶ
375 2396 577 2460 ἅθλιος
625 2397 737 2450 τῶν
789 2397 958 2466 φίλων
1009 2400 1217 2464 ἐκεῖνος
1250 2399 1386 2470 (εἴγε
1418 2400 1572 2468 φίλος
1609 2399 1767 2468 ὅλως)
1793 2404 1821 2456 ὁ

215 2490 371 2558 μήτε
456 2487 890 2560 ὑπερασπίζων,
965 2493 1103 2561 μήτε
1159 2494 1620 2563 προκινδυνεύων,
1681 2497 1820 2566 μήτε

213 2581 574 2635 ἀνακόπτειν
638 2580 886 2635 σπεύδων
931 2583 1060 2646 τοὺς
1113 2585 1582 2655 προαιρουμένους
1648 2587 1823 2640 ἐπιτί-

217 2674 459 2729 θεσθαι.
499 2674 673 2728 Τοῦτο
693 2675 805 2746 γὰρ
835 2674 931 2730 καὶ
957 2676 1066 2730 τῶν
1095 2676 1306 2748 ἐχθρῶν
1336 2677 1403 2732 ἂν
1429 2677 1640 2748 (ὥσπερ
1663 2677 1820 2750 ἔφην)

213 2768 455 2842 ποιήσῃ
481 2769 510 2820 ό
537 2767 777 2839 μέτριος.
811 2769 1010 2822 Σκόπει
1058 2765 1173 2836 οὖν,
1215 2763 1296 2832 οἷς
1327 2770 1468 2840 ὑπὲρ
1497 2770 1589 2824 σοῦ
1623 2771 1820 2839 λέγεις,

213 2861 335 2915 τίνι
391 2860 627 2914 σεαυτὸν
661 2861 994 2925 συντάττεις.
1033 2863 1144 2932 Οὐχ
1174 2861 1373 2934 ὓϐρισα
1399 2863 1532 2934 γὰρ,
1575 2863 1693 2917 οὐδὲ
1717 2863 1823 2916 τῶν

217 2952 628 3023 διασυρόντων,
661 2955 873 3023 φήσεις,
922 2955 1142 3022 γέγονα,
1178 2955 1302 3008 ούδέ
1347 2958 1490 3010 κατὰ
1520 2955 1613 3008 σοῦ
1640 2956 1822 3020 δόλους

221 3042 602 3114 ὲρραψάμην.
644 3041 785 3112 Ἐγὼ
812 3042 857 3096 δ’
898 3045 947 3096 εί
978 3045 1050 3113 μὴ
1079 3044 1139 3096 τὸ
1163 3044 1420 3114 φορτικὸν
1444 3043 1820 3114 ηὐλαϐούμην,

227 3136 625 3208 ἱσχυρισάμην
656 3136 748 3203 διν,
780 3138 855 3201 ὼς
901 3137 1022 3192 οὐδὲ
1054 3136 1213 3190 τοῦτο
1241 3138 1342 3202 τῆς
1393 3137 1494 3207 σῆς
1527 3139 1693 3190 ἕνεκα
1731 3157 1822 3206 φι-

2006 1852 2089 1905 Ab
2114 1851 2365 1908 hostibus
2392 1852 2624 1914 insidiae,
2645 1853 2910 1919 convicia,
2944 1855 3196 1910 baratltra
3220 1865 3501 1925 parantur.

1923 1943 2223 1998 amicorum
2247 1953 2351 2007 est,
2385 1943 2630 2016 indignis
2682 1945 2860 2001 modis
2892 1947 3149 2001 nmltatos
3176 1948 3315 2003 tueri
3345 1948 3502 2014 velle,

1923 2034 2179 2102 periculis
2211 2049 2271 2089 se
2319 2033 2390 2088 ob
2445 2050 2540 2090 eos
2584 2035 2805 2100 oli‘erre,
2845 2045 2900 2090 et
2946 2037 3055 2091 vim
3091 2037 3292 2090 illatam
3322 2038 3510 2106 prohi-

1924 2126 2074 2188 bere,
2101 2135 2364 2194 quantum
2420 2127 2645 2196 quidem
2701 2127 2757 2182 in
2817 2128 2946 2198 ipsis
2984 2127 3170 2183 fuerit.
3224 2129 3508 2184 lnterini-

1923 2215 2093 2270 micos
2145 2217 2428 2271 modestus
2481 2227 2583 2282 est,
2639 2218 2732 2287 qui
2792 2219 2860 2272 ab
2915 2228 3044 2274 ante
3099 2222 3410 2274 memoratis
3447 2234 3509 2276 se

1923 2305 2236 2374 expeditum
2299 2317 2493 2361 tenens
2519 2348 2533 2371 ,
2564 2322 2667 2361 nec
2721 2308 3078 2377 sycophanta,
3129 2324 3234 2364 nec
3263 2310 3505 2375 dolosus,

1923 2413 2024 2452 nec
2067 2398 2388 2452 insidiarum
2421 2407 2657 2452 structor
2680 2399 2802 2452 erit.
2843 2399 3126 2468 Improbus
3156 2409 3338 2454 autem
3365 2401 3506 2454 amio

1923 2506 2020 2545 cus
2047 2491 2137 2546 ille
2166 2491 2248 2564 (si
2291 2493 2452 2545 modo
2505 2491 2627 2545 talis
2687 2491 2895 2546 anticus
2949 2492 3245 2562 dicendus)
3280 2492 3371 2561 qui
3404 2508 3506 2548 nec

1923 2584 2182 2654 protegit,
2243 2599 2348 2638 nec
2392 2584 2727 2655 periclitatur
2771 2599 2871 2654 pro
2902 2585 3100 2646 amico.
3145 2598 3249 2638 nec
3288 2583 3506 2639 festinat

1924 2689 2020 2728 eos
2049 2674 2336 2744 repellere,
2397 2675 2488 2744 qui
2525 2675 2579 2728 in
2633 2675 2866 2730 amicum
2899 2675 3018 2743 ejus
3061 2675 3274 2730 irruere
3316 2689 3504 2730 secum

1925 2773 2255 2820 statuerunt.
2283 2766 2342 2820 ld
2372 2766 2520 2820 enim
2549 2767 2634 2821 vel
2660 2766 2753 2836 qui
2782 2767 2924 2821 inter
2947 2765 3196 2822 inimicos
3226 2766 3507 2821 modestus

1926 2866 2008 2910 est
2044 2861 2146 2926 (ut
2184 2855 2333 2925 dixi)
2363 2855 2581 2911 eiﬁcict.
2623 2855 2752 2912 Vide
2781 2856 2858 2912 sis
2897 2871 3026 2927 ergo
3067 2857 3153 2912 cui
3181 2857 3421 2928 ipsorum
3455 2867 3509 2912 te

1925 2964 2277 3013 annumeres,
2309 2965 2404 3018 per
2422 2965 2484 3002 ea
2516 2964 2638 3019 qua:
2660 2964 2760 3018 pro
2786 2957 2839 3004 te
2865 2949 3084 3020 allegas.
3117 2948 3193 3004 Te
3214 2965 3324 3004 non
3350 2948 3506 3005 alieci

1925 3040 2297 3106 contumeliis,
2345 3039 2582 3109 inquies,
2631 3055 2735 3094 nec
2783 3041 2851 3094 iis
2883 3041 3284 3096 annumerabar
3329 3042 3421 3112 qui
3455 3053 3509 3099 te

1926 3130 2256 3198 irridebant;
2288 3132 2466 3186 nullos
2495 3132 2551 3185 in
2601 3142 2652 3186 te
2699 3133 2958 3188 contexui
2999 3132 3172 3188 dolos.
3204 3134 3310 3205 Ego
3334 3144 3504 3203 certe,

225 3227 494 3300 λοτιμίας
544 3229 639 3283 καὶ
685 3230 946 3301 γνώμης·
993 3229 1107 3283 ἀλλ’
1160 3230 1243 3282 ὅτι
1302 3229 1426 3298 μηδ’
1458 3229 1622 3300 ἔχεις,
1665 3230 1722 3296 ἐξ
1750 3223 1824 3283 ὧν

1927 3222 2031 3278 nisi
2064 3223 2212 3293 quod
2239 3223 2485 3279 odiosum
2512 3224 2617 3278 hoc
2650 3223 2766 3279 fore
2797 3240 3008 3290 verear,
3053 3224 3379 3280 conﬁrmare
3407 3243 3508 3280 au-

232 3335 323 3370 σοι
350 3319 558 3381 ταῦτα,
596 3319 672 3390 μὴ
721 3319 842 3373 λίαν
891 3321 1226 3390 ἀσχημόνως
1282 3321 1379 3373 καὶ
1427 3319 1822 3387 ἐπιγελάστως,

235 3425 302 3462 συ
312 3411 766 3482 μπλασθήσεται.

863 3675 1087 3730 ΕΠΙΣΤ.
1137 3674 1218 3736 Ε’.

671 3769 837 3835 Ἠλίᾳ
879 3765 1405 3836 πρωτοσπαθαρίῳ.

1926 3317 2113 3372 derem
2151 3319 2256 3372 hoc
2281 3320 2434 3373 nullo
2461 3319 2627 3373 modo
2652 3327 2714 3372 ut
2739 3318 3082 3373 aestimationi
3113 3328 3221 3373 tuae
3253 3320 3508 3374 consule-

1923 3423 2034 3471 res,
2070 3417 2166 3462 aut
2205 3409 2491 3462 sententiae
2528 3408 2753 3463 factum.
2791 3409 2905 3462 lmo
2926 3423 3057 3463 vero
3099 3407 3303 3462 nullam
3337 3408 3508 3462 habes

1923 3500 2266 3554 occasionem
2297 3501 2392 3555 tibi
2430 3502 2826 3572 suppeditatam
2856 3501 2999 3554 unde
3029 3501 3150 3562 ista,
3184 3499 3292 3556 nisi
3317 3501 3505 3554 admo-

1926 3591 2055 3644 dum
2087 3592 2322 3648 absurde
2353 3604 2408 3648 et
2430 3593 2678 3656 ridicule,
2719 3593 3033 3663 conﬁngere
3059 3591 3260 3662 possis.

2523 3681 2740 3738 EPIST.
2773 3681 2839 3737 V.

2435 3774 2570 3830 Elia:
2614 3775 3058 3844 protospatltario.

1480 3877 1760 3928 Montaeut.
1795 3879 1901 3943 (ep.
1937 3883 2014 3942 l6,
2049 3898 2100 3946 p.
2134 3885 2235 3945 77).

313 3985 587 4058 ᾘτήσω·
647 3984 1013 4055 συνεθέμεθα·
1062 3985 1312 4054 γέγονεν·
1373 3985 1681 4057 εὐχαρίστει
1733 3983 1826 4041 οὖν

1997 3989 2363 4062 Supplicasti:
2415 3993 2816 4048 eondescendi:
2869 3991 3070 4047 factum
3137 4005 3242 4050 est.
3290 3993 3503 4054 Gratias

232 4075 354 4149 Θεῷ
383 4079 475 4146 τῷ
511 4079 734 4149 χορηγῷ
769 4078 864 4130 καὶ
888 4078 1050 4147 αἰτίῳ
1083 4078 1312 4130 πάντων
1349 4077 1456 4130 τῶν
1495 4079 1696 4142 καλῶν,
1729 4079 1826 4150 τῆς

1925 4098 2022 4154 age
2056 4083 2166 4138 Deo
2195 4083 2360 4155 igitur
2381 4083 2620 4154 largitori
2649 4091 2704 4137 et
2732 4099 2906 4137 causa
2934 4083 3201 4138 bonorum
3234 4087 3502 4156 omnium,

240 4167 563 4240 βαρυτάτης
597 4169 919 4241 φορολογίας
954 4168 1310 4235 ἀπαλλαγείς.

869 4292 1090 4346 ΕιιιΣΤ.
1110 4295 1203 4360 q'.

240 4386 649 4458 Θεοφυλὰκτφ
706 4386 1028 4453 πατρικίῳ,
1063 4385 1188 4462 ⁹καὶ
1246 4383 1559 4453 στρατηγῷ
1627 4387 1822 4455 Ἀρμε-

912 4470 1154 4508 maxum.

1921 4175 2066 4247 quod
2095 4175 2235 4230 liber
2263 4175 2339 4229 sis
2385 4191 2416 4229 a
2451 4175 2653 4230 tributo
2681 4174 3003 4245 gravissimo
3037 4176 3360 4240 colligendo.

2514 4302 2728 4358 EPIST.
2761 4302 2847 4355 Vl.

2035 4395 2414 4465 Thwphylacto
2440 4398 2687 4464 patricio,
2715 4407 2764 4450 et
2799 4398 2918 4450 duci
2938 4396 3393 4451 Armeniacorum.

1495 4549 1762 4598 Montacut.
1803 4552 1904 4614 (ep.
1941 4553 2020 4613 2|,
2053 4568 2102 4616 p.
2136 4553 2237 4616 82).

310 4638 460 4711 Τρία
485 4639 662 4708 μισεῖν
691 4631 940 4698 οἷδα,καὶ
961 4635 1086 4696 τοὺς
1121 4631 1311 4696 ἄλλους
1343 4635 1520 4702 μισεῖν
1547 4634 1816 4702 παραινῶ,
1855 4639 1899 4693 1)

241 4731 463 4802 ψεῦδος,
497 4729 594 4781 καὶ
623 4727 826 4790 δόλους,
863 4726 959 4779 καὶ
983 4725 1205 4793 ἀγάπης
1239 4723 1555 4793 διαφθοράν.
1612 4724 1821 4795 Ἀλοίην

248 4824 314 4875 ἂν
339 4827 454 4885 τοῖς
503 4821 702 4892 τρισὶν,
741 4820 795 4872 εί
820 4819 874 4871 τί
913 4836 1024 4889 μοι,
1080 4818 1211 4888 παρ’
1272 4816 1309 4871 ἃ.
1351 4817 1674 4888 διεπράχθη,
1730 4818 1824 4870 καὶ

251 4916 392 4968 κατὰ
443 4913 568 4966 νοῦν
602 4912 732 4982 ἐχω,
769 4912 944 4973 ἄλλως
996 4912 1144 4981 ἐρεῖν
1207 4909 1506 4980 μελετήσω.
1567 4908 1710 4996 Ἐγώ
1763 4925 1822 4962 σε

250 5006 405 5073 φίλον
431 5006 799 5076 ἐποιησάμην,
842 5004 994 5072 φίλον
1045 5003 1145 5072 μὲν
1170 5001 1300 5056 ὄντα
1326 5002 1484 5065 θεοῦ,
1515 5003 1614 5055 ὅσα
1644 5018 1708 5070 γε
1745 5004 1825 5066 εἰς

254 5099 506 5161 εὐσεϐεῖς
537 5092 641 5169 ἧκε
683 5095 998 5164 λογισμοὺς,
1027 5094 1180 5164 φίλον
1211 5093 1270 5146 δὲ
1308 5095 1495 5147 πιστὸν
1534 5097 1646 5156 τοῖς
1673 5092 1825 5160 φιλο-

255 5191 495 5258 χρίστοις
546 5187 854 5259 βασιλεῦσιν
896 5187 1087 5258 ἠμῶνο
1139 5187 1258 5240 οὐδὲ
1285 5189 1355 5239 τὰ
1409 5187 1544 5255 πρὸς
1591 5187 1741 5256 ἡμᾶς
1769 5186 1826 5238 δὲ

257 5283 406 5351 παρὰ
437 5281 609 5334 ταῦτα
639 5278 737 5347 (ὥς
771 5293 834 5346 γε
871 5278 1064 5340 αὐτοὺς
1091 5279 1300 5348 ἤγομεν
1329 5278 1409 5339 είς
1442 5275 1658 5344 πειθὼ),
1691 5275 1828 5330 ἀλλὰ

256 5372 346 5424 τὸν
374 5374 557 5443 ὅμοιον
582 5372 792 5443 τρόπον
819 5369 1160 5440 διακείμενον
1178 5386 1192 5400 ·
1227 5370 1362 5423 ἀλλά
1377 5369 1498 5422 τότε
1526 5369 1624 5438 μὲν
1655 5367 1827 5430 οὕτως

262 5465 478 5536 εἴχομέν
528 5483 587 5519 τε
645 5464 742 5516 καὶ
797 5463 1182 5532 πεπείσμεθα,
1228 5464 1426 5533 ἔχομεν
1470 5461 1526 5514 δὲ
1568 5460 1828 5523 ὡσαύτως

260 5559 348 5610 καὶ
385 5559 498 5613 νῦν.
531 5558 656 5623 Πῶς
689 5557 782 5610 οὖν
825 5555 952 5627 ἡδύς
990 5557 1104 5624 εἰμι
1135 5558 1246 5618 τοῖς
1278 5558 1390 5618 σοῖς
1421 5554 1827 5621 συκοφάνταις;

264 5649 601 5720 Αἰσχύνομαι
633 5649 744 5720 γὰρ
780 5649 978 5711 εἰπεῖν,
1020 5647 1138 5710 πῶς
1173 5643 1335 5716 ἦλθον
1366 5646 1460 5698 ἐπὶ
1509 5645 1607 5707 σὰς
1650 5643 1828 5697 διαϐο-

265 5741 392 5805 λάςο
446 5744 566 5796 οὐδὲ
614 5744 724 5813 γὰρ
783 5743 844 5795 τὸ
902 5740 1157 5793 ἀπολύειν
1219 5739 1456 5810 ἐμαυτὸν
1510 5736 1830 5807 ὑπολήψεως

268 5835 538 5906 τοιαύτης,
580 5835 803 5889 ἄνεκτον
841 5833 1002 5904 ἐμοί·
1033 5831 1147 5886 ἀλλ’
1195 5833 1396 5894 ἐκεῖνος
1441 5829 1655 5900 ἐχθρὸς,
1689 5828 1830 5880 Exsi-

1999 4637 2124 4692 'l‘ria
2153 4638 2278 4692 odio
2305 4639 2556 4708 prosequi
2595 4647 2803 4693 certum
2831 4648 2934 4702 est,
2965 4646 3021 4693 et
3053 4639 3190 4693 alios
3216 4639 3408 4693 hortor
3443 4652 3502 4696 ut

1924 4729 2174 4784 similiter
2229 4745 2391 4784 exosa
2429 4730 2683 4796 habeant,
2716 4730 3080 4793 mendacium,
3126 4730 3298 4794 dolos,
3333 4731 3502 4785 inter-

1927 4825 2062 4876 itum
2115 4825 2335 4878 amoris.
2390 4823 2448 4876 Si
2493 4824 2620 4894 quid
2681 4825 2836 4878 aliter
2875 4823 3073 4878 efferre
3123 4825 3499 4892 proposuerim

1925 4931 2086 4985 quam
2109 4915 2382 4984 quomodo
2407 4925 2618 4986 gestum
2650 4923 2752 4981 est,
2785 4924 2840 4968 et
2872 4913 3013 4982 apud
3043 4914 3282 4966 anintum
3318 4929 3498 4969 meum

1926 5007 2226 5076 cognitum,
2266 5007 2440 5061 tribus
2489 5007 2605 5060 istis
2647 5021 2746 5076 ego
2796 5003 3240 5071 culpabilisﬁam.
3290 5007 3400 5078 Ego
3451 5018 3503 5062 te

1928 5097 2060 5151 mihi
2093 5097 2326 5150 amicum
2373 5096 2678 5161 conciliavi,
2717 5097 2807 5150 Dei
2871 5094 3104 5148 amicum
3150 5095 3504 5151 exsistentem

1927 5188 2024 5256 (in
2087 5197 2350 5257 quantum
2398 5187 2484 5256 pia
2543 5186 2870 5255 cogitatione
2911 5186 3124 5253 assequi
3166 5186 3458 5254 pouterim)
3487 5225 3502 5248 ,

1926 5279 2159 5334 amicum
2207 5287 2388 5332 autem
2431 5277 2665 5338 ﬁdelem,
2715 5276 2931 5346 regibus
2970 5276 3174 5330 nostris
3203 5292 3233 5330 a
3283 5276 3505 5333 Christo

1927 5369 2175 5424 dilectis:
2212 5384 2312 5422 nec
2346 5376 2397 5422 te
2427 5367 2764 5436 reputabam,
2791 5367 2933 5436 quod
2981 5383 3298 5436 persuasum
3335 5369 3503 5423 habe—

1930 5460 2076 5525 bam,
2111 5459 2270 5513 aliter
2313 5457 2366 5510 in
2399 5472 2500 5510 nos
2546 5456 2707 5510 etiam
2755 5457 3086 5518 anit‘natum;
3127 5455 3266 5510 bene
3315 5472 3502 5508 verum

1932 5563 2062 5606 tunc
2086 5551 2304 5619 quidem
2357 5550 2428 5602 ita
2460 5547 2598 5603 forte
2643 5563 2959 5617 persuasum
2992 5546 3278 5606 habebam,
3315 5544 3424 5599 imo
3449 5555 3505 5600 ct

1929 5643 2224 5697 etiamnum
2261 5638 2452 5693 eodem
2499 5639 2662 5692 modo
2691 5638 2869 5693 all‘eeti
2901 5653 3108 5691 sumus.
3140 5635 3318 5701 Quare
3346 5636 3505 5706 igitur

1930 5741 2116 5803 gratus
2180 5745 2300 5782 sum
2337 5738 2389 5783 ct
2441 5737 2696 5798 acceptus
2753 5729 2859 5781 tuis
2910 5725 3300 5796 symphantis?
3340 5727 3506 5790 pudet

1931 5825 2078 5881 enim
2137 5823 2319 5878 dicere
2357 5838 2444 5876 me
2500 5822 2566 5875 ad
2607 5828 2658 5874 te
2712 5817 3075 5875 accusandum
3132 5815 3501 5884 descendisse,
