4046 6478
527 410 630 475 931

1657 402 1918 464 PHOTII
1951 398 2176 460 PATRI
2184 393 2454 457 ARCHIE
2495 393 2603 453 GP.

3682 372 3792 437 932

521 536 627 576 nec
658 518 790 573 mihi
837 525 987 574 certe
1034 515 1374 572 tolerandum
1413 512 1629 568 videtur
1679 513 1748 566 ab
1797 507 2145 579 huiusmodi.

2245 522 2304 570 ος
2338 501 2701 571 συκοφάντης,
2729 495 2938 558 ἐκεῖνος
2966 493 3146 550 πάντα
3177 490 3363 558 κακὸς,
3388 492 3418 544 ὁ
3448 488 3793 559 τηλικαύτην

525 613 846 684 suspicione
874 625 964 666 me
989 609 1248 680 expedire
1278 627 1291 661 :
1322 621 1510 660 verum
1543 605 1632 659 ille
1684 593 1880 664 hostis.
1913 601 2000 654 ille
2029 616 2107 670 sy-

530 707 806 775 cophanta
845 703 1135 774 omnigcna
1166 699 1371 754 malitia
1405 697 1646 767 repletus
1671 706 1774 758 est,
1804 696 1894 765 qui
1922 693 2105 757 talem,

2211 594 2426 656 πλάσας
2452 588 2748 659 συσκευὴν,
2785 586 2878 640 καί
2908 602 2967 638 σε
2998 585 3169 655 φίλων
3191 584 3287 637 καὶ
3312 582 3423 635 τῶν
3440 581 3528 635 ὅτι
3557 579 3794 650 μάλιστα

2213 685 2524 747 σπουδάσας
2563 683 2768 754 ἔρημον
2809 681 3003 744 ποιεῖν,
3033 676 3128 729 καὶ
3155 675 3301 746 ἡμᾶς
3333 675 3414 737 είς
3445 673 3540 727 τὸν
3564 670 3795 740 ἔσχατον

531 763 735 853 tantam
774 763 1234 850 machinationem
1268 791 1547 852 instruxit,
1572 798 1633 842 ut
1664 797 1716 844 te
1741 789 1957 858 penitus
1983 803 2112 857 spo-

2245 780 2320 833 ὦν
2389 776 2722 849 κακουργῶν
2801 773 2985 846 χώραν
3033 771 3250 824 τάττειν
3300 767 3532 837 οἰηθεὶς,
3605 763 3796 835 ἄρχειν

532 891 720 944 liatum
749 888 938 942 amicis
976 886 1247 948 redderet,
1277 893 1334 939 et.
1371 898 1472 937 nos
1499 893 1612 937 tum
1645 881 1807 936 etiam
1861 881 1913 934 in
1943 881 2112 934 male-

533 985 760 1036 licorum
785 990 1027 1033 extrema
1055 978 1277 1049 regione
1306 977 1488 1030 locare
1513 974 1832 1036 destinarat,
1856 973 2113 1027 nimirum

539 1084 601 1128 ut
634 1074 962 1136 principium
1023 1087 1133 1126 non
1177 1071 1447 1124 violenter
1504 1084 1765 1123 manuum
1822 1067 2112 1132 illatarum,

542 1164 635 1219 sed
670 1163 902 1233 improbi
934 1163 1121 1228 animi,
1146 1179 1175 1216 a
1205 1163 1362 1217 nobis
1395 1161 1749 1231 procederet(
1779 1159 1921 1214 unde
1947 1159 2120 1213 multo

542 1257 808 1324 majorum
853 1255 1121 1309 malorum
1170 1255 1325 1326 origo
1357 1269 1520 1324 quam
1573 1269 1604 1306 a
1644 1251 1898 1306 manibus
1926 1266 2120 1320 proce-

543 1347 681 1399 dunt
733 1345 1116 1415 violentis),ut
1196 1361 1297 1414 pro
1364 1343 1662 1398 dilectione
1711 1342 1896 1395 odium
1940 1342 2122 1410 potius

546 1446 1003 1506 exspectaremus.
1026 1446 1081 1490 et
1101 1435 1258 1491 dolos
1294 1435 1562 1506 refugium
1591 1434 1752 1488 nobis
1782 1434 1838 1487 in
1870 1433 2124 1487 omnibus

547 1539 935 1584 statueremus.
965 1529 1159 1584 Omnia
1190 1528 1244 1582 in
1292 1543 1392 1582 nos
1424 1543 1522 1597 per
1553 1527 1654 1581 hoc
1683 1526 1858 1596 ipsum
1891 1525 2124 1596 ingerit;

547 1621 867 1676 coincidunt
895 1620 1098 1674 etenim
1127 1620 1183 1673 in
1225 1635 1283 1674 se
1310 1618 1433 1683 ista,
1463 1633 1588 1672 cum
1628 1617 1829 1671 malum
1861 1631 1963 1670 nos
1998 1617 2130 1670 ami-

549 1713 628 1766 cis
663 1711 963 1765 machinari
1012 1711 1220 1774 statuit,
1264 1717 1321 1763 et
1373 1719 1552 1763 tamen
1599 1709 1716 1763 haec
1757 1708 1876 1777 ipsa
1913 1708 2129 1763 etl‘utire

552 1819 662 1856 non
693 1803 908 1855 horruit
947 1801 1094 1870 apud
1132 1815 1228 1855 eos
1278 1800 1476 1870 quibus
1502 1799 1709 1868 optime
1745 1799 1916 1854 nostri
1950 1814 2129 1855 mores

2213 874 2437 934 ἀδίκων,
2477 871 2537 924 οὐ
2561 869 2781 939 χειρῶν,
2818 867 2952 920 ἀλλὰ
3002 864 3230 934 γνώμης
3259 861 3305 933 (ὃ
3339 859 3611 914 πλειόνων
3653 857 3796 910 αἰτία

2216 966 2422 1027 κακῶν,
2453 963 2486 1034 ἢ
2514 963 2701 1034 χερσὶν
2735 959 3027 1031 ὑϐρίζειν),
3061 959 3217 1028 μῖσος
3237 954 3294 1008 δὲ
3323 955 3430 1025 πρὸ
3450 951 3555 1018 τῆς
3575 949 3800 1018 ἀγάπης

2216 1058 2404 1126 τιμᾷν,
2473 1056 2567 1107 καὶ
2610 1055 2701 1108 τὸν
2753 1052 2904 1105 δόλον
2967 1050 3112 1120 ἔχειν
3165 1049 3244 1109 είς
3292 1044 3625 1114 ἀποφυγήν⁸
3689 1041 3801 1110 ἅμα

2220 1149 2398 1200 πάντα
2433 1146 2615 1215 φέρων
2650 1145 2773 1197 καθ’
2827 1141 2984 1212 ἡμῶν
3035 1139 3336 1211 (συντρέχει
3367 1135 3478 1206 γὰρ
3514 1131 3695 1188 ταῦτα
3727 1133 3802 1193 εἰς

2221 1238 2358 1291 αὐτὸ
2384 1236 2461 1306 τῷ
2493 1235 2663 1290 κακόν
2694 1252 2746 1287 τι
2781 1237 2898 1296 τοῖς
2925 1232 3102 1302 φίλοις
3128 1230 3330 1282 ἐθέλειν
3359 1229 3558 1288 ποιεῖν,
3593 1224 3635 1280 ἃ
3660 1224 3802 1291 λέγει

2223 1330 2476 1401 ἐκεῖνος),
2530 1329 2624 1382 καί
2669 1344 2754 1381 τοι
2810 1325 3026 1394 γέλωτα
3083 1321 3446 1390 ὀφλισκάνων,
3502 1320 3621 1380 τοῖς
3661 1317 3803 1386 ἡμᾶς

2225 1424 2410 1488 είδόσι,
2428 1425 2523 1476 καὶ
2548 1423 2640 1475 τὸν
2657 1420 2926 1492 ἡμέτερον
2949 1417 3173 1488 τρόπον,
3220 1417 3371 1485 ὅμως
3398 1414 3504 1467 οὐκ
3533 1410 3803 1481 ὲνάρκτβε

2225 1517 2448 1587 τολμᾷν.
2496 1516 2666 1586 Δήλου
2703 1515 2892 1567 τοῦτον
2942 1513 3092 1575 ὅστις
3135 1511 3201 1564 ἂν
3331 1518 3356 1549 ι’
3380 1524 3396 1540 ο
3429 1505 3806 1575 ἀπαλλαγείης

2229 1610 2337 1677 γὰρ
2361 1609 2428 1661 ἂν
2465 1607 2610 1661 οὕτω
2635 1607 2825 1678 θηρίου
2856 1605 3052 1669 κακοῦ,
3098 1605 3194 1657 καὶ
3230 1603 3290 1656 σὲ
3326 1603 3584 1663 καὶτοὺς
3626 1599 3806 1668 φίλους

2229 1700 2405 1770 λάθρα
2441 1699 2842 1770 λυμαινομένου
2873 1699 2967 1751 καὶ
3018 1697 3330 1760 δάκνοντος,
3373 1693 3470 1748 καὶ
3531 1694 3593 1745 ἐν
3647 1708 3809 1761 προσ-

2233 1793 2451 1864 ποιήσει
2489 1792 2704 1855 εὐνοίας
2759 1790 2961 1861 πολλὴν
3017 1789 3371 1852 ὲκκενοῦντος
3457 1786 3561 1855 τὴν
3613 1784 3809 1852 δυσμέ-

553 1895 667 1947 noti
694 1901 872 1957 erant,
908 1868 1184 1959 utcunque
1238 1868 1311 1945 de
1358 1890 1592 1944 ridiculo
1644 1888 1964 1943 habebatur.
1993 1889 2126 1954 Quis

2245 1901 2408 1937 νειαν.
2451 1884 2514 1936 Εἰ
2553 1883 2610 1935 δὲ
2665 1882 2896 1952 κρύψεις
2943 1880 3164 1946 τοῦτον,
3203 1881 3364 1950 ἡμεῖς
3410 1878 3535 1946 μὲν,
3593 1874 3674 1936 ὡς
3726 1876 3812 1926 ἐπὶ

556 1983 994 2049 dcmumcunque
1056 1979 1238 2042 fuerit,
1295 1976 1644 2030 manifestum
1700 1975 1848 2029 illum
1924 1973 2124 2029 facito:

557 2074 636 2127 sic
667 2083 813 2126 certe
851 2079 901 2124 te
926 2086 955 2122 a
1006 2071 1144 2124 mala
1182 2069 1360 2124 bestia
1399 2067 1742 2138 expediveris
1771 2081 1891 2136 quae
1920 2067 2130 2120 clancu-

559 2165 670 2217 lum
705 2179 825 2217 cum
881 2163 1112 2230 teipsum
1150 2171 1264 2215 tum
1318 2161 1484 2214 etiam
1535 2159 1739 2214 amicos
1787 2158 2130 2226 deprendatur

558 2265 616 2308 et
645 2253 946 2316 admordet,
993 2263 1048 2306 et
1076 2253 1178 2306 sub
1217 2259 1480 2322 praetextu
1510 2249 1904 2304 benevolentia:
1957 2250 2141 2306 multi-

561 2345 728 2414 plices
756 2345 1054 2398 instimulat
1105 2342 1436 2396 inimicitias.
1489 2341 1583 2394 Sin
1625 2341 1927 2396 abscondes
1966 2340 2140 2408 illum,

561 2451 660 2507 ego
689 2444 942 2504 tanquam
979 2437 1031 2487 in
1068 2443 1365 2503 conspectu
1406 2433 1526 2498 Dei,
1550 2434 1855 2504 apologiam
1883 2433 2028 2499 dedi,
2054 2450 2142 2489 me

561 2528 786 2582 credere
832 2526 1050 2595 quidem
1106 2533 1159 2579 et
1207 2523 1452 2595 proﬁteri
1499 2524 1735 2577 amicum
1782 2534 1835 2578 te
1895 2533 2144 2578 nostrum

562 2620 694 2684 Deo,
723 2630 776 2672 et
807 2618 1065 2688 piissimis
1104 2616 1527 2686 imperatoribus
1575 2615 1859 2676 devotum,
1895 2630 2004 2668 non
2036 2615 2141 2668 mi-

561 2727 667 2766 nus
711 2711 766 2764 in
808 2709 1063 2780 pra-senti
1097 2724 1257 2778 quam
1310 2707 1378 2761 ab
1416 2707 1567 2761 olim.
1623 2707 1908 2777 Improbus
1959 2717 2141 2761 autem

564 2803 654 2858 ille
682 2805 845 2858 homo
876 2803 1022 2858 haud
1047 2801 1304 2871 quadam,
1355 2800 1486 2853 mihi
1519 2799 1702 2865 crede,
1736 2799 1939 2853 malitia
1973 2800 2142 2854 desti-

2237 1974 2464 2043 Κυρίου,
2525 1971 2992 2042 άπολελογήμεθα,
3056 1971 3151 2024 καὶ
3198 1969 3352 2038 φίλον
3405 1985 3468 2021 σε
3535 1967 3637 2020 καὶ
3686 1963 3812 2017 Θεοῦ

2236 2064 2413 2134 ἡμῶν,
2456 2065 2551 2118 καὶ
2605 2065 2713 2118 τῶν
2768 2063 3178 2117 εὐσεϐεστάτων
3224 2060 3496 2133 βασιλέων
3550 2057 3726 2111 πάλαι
3761 2073 3813 2108 τε

2237 2157 2331 2209 καὶ
2362 2155 2479 2219 νῦν,
2534 2157 2628 2210 καὶ
2677 2156 3025 2226 πιστεύομεν,
3106 2154 3201 2210 καὶ
3248 2155 3630 2225 κηρύσσομεν.
3680 2150 3817 2207 Ὀὃὲ

2243 2249 2413 2313 κακὸς
2446 2252 2652 2314 ἐκεῖνος
2687 2250 2846 2322 ἀνὴρ,
2895 2247 2954 2304 εὖ
2986 2252 3116 2313 ίσθι,
3144 2250 3220 2313 ὡς
3268 2251 3369 2304 οὐκ
3397 2249 3680 2317 ἀπορήσει
3726 2264 3818 2300 κα-

2240 2342 2386 2407 κίας,
2413 2341 2479 2395 δι’
2511 2336 2586 2395 ὧν
2619 2343 2688 2396 τὰ
2729 2343 2797 2395 σὰ
2827 2342 2994 2414 χείρω
3042 2341 3310 2411 διαθήσει.
3359 2338 3508 2408 Ἐγὼ
3552 2339 3614 2392 δέ
3641 2355 3727 2391 σοι
3749 2339 3817 2392 ἔτι

2245 2432 2722 2503 συμϐουλεύσαιμι
2756 2432 2821 2487 ἂν
2849 2435 2924 2504 μὴ
2951 2434 3217 2504 κρύπτειν
3241 2433 3333 2486 τὸν
3370 2430 3556 2486 κοινὸν
3591 2429 3782 2501 ἐχθρόν
3803 2448 3814 2461 ·

2243 2527 2336 2580 καὶ
2371 2527 2420 2578 εί
2454 2527 2552 2595 μὲν
2587 2527 2856 2590 ἀπιστεῖς,
2877 2519 2951 2579 ὧν
2971 2525 3207 2597 ἔγραψα,
3242 2522 3301 2579 εὖ
3324 2520 3420 2578 οἷδ’
3446 2527 3536 2578 ὅτι
3566 2524 3817 2594 κρύψεις

2250 2619 2405 2687 φίλον
2430 2619 2538 2690 γὰρ
2569 2619 2810 2689 νομίσεις
2836 2636 2848 2650 °
2878 2620 2979 2689 ἐμὲ
3005 2619 3062 2672 δὲ
3090 2619 3279 2690 μακρὰ
3305 2619 3500 2690 ληρεῖν
3526 2621 3629 2671 καὶ
3668 2617 3821 2685 φλυα-

2253 2713 2367 2778 ρεῖν
2413 2712 2613 2781 μάτην.
2663 2712 2726 2764 Εἰ
2763 2711 2820 2766 δὲ
2862 2712 3272 2783 θριαμϐεύσεις,
3306 2713 3650 2774 ἐπίστευσας
3703 2713 3823 2781 ὅπερ

2253 2801 2484 2872 εὔχομαί
2517 2820 2599 2867 τε,
2631 2804 2726 2856 καὶ
2755 2806 2960 2874 ἀμφοῖν
2992 2804 3358 2875 λυσιτελήσει.

566 2905 768 2960 utetur,
802 2912 906 2965 qua
971 2910 1059 2948 res
1106 2903 1229 2947 tuas
1273 2892 1514 2962 pessimo
1556 2892 1675 2945 loco
1728 2901 1950 2947 statuat.
2013 2892 2368 2948 Consulerem
2417 2910 2518 2965 ego
2592 2895 2690 2949 tibi
2740 2907 2908 2963 certe,
2971 2913 3042 2952 ne
3089 2901 3224 2953 velis
3284 2911 3646 2954 communem
3691 2895 3828 2948 illum

567 2993 775 3043 hostem
811 2990 1104 3043 occultare.
1151 2987 1312 3040 Certe
1356 2996 1538 3039 autem
1593 2986 1636 3039 si
1665 2985 1875 3040 dillidas
1943 2987 2011 3041 iis
2064 3003 2184 3056 quae
2228 2989 2374 3043 dicta
2405 3000 2536 3044 sunt
2596 3007 2694 3060 per
2737 3007 2846 3058 me,
2904 2995 3019 3048 seio
3052 3003 3102 3048 te
3131 2994 3280 3047 illum
3311 2993 3750 3057 occultaturum,
3785 3000 3832 3045 et

572 3079 625 3134 in
659 3082 818 3135 amici
849 3097 1014 3135 censu
1046 3080 1398 3143 habiturum;
1439 3094 1633 3148 passus
1673 3079 1892 3133 interim
1924 3095 2009 3134 me
2062 3081 2250 3151 longas
2283 3083 2518 3154 ineptias
2578 3101 2741 3157 agere
2771 3096 2827 3141 et
2851 3088 3100 3158 desipere
3139 3089 3338 3143 frustra
3380 3105 3394 3140 :
3438 3089 3530 3142 sin
3559 3089 3832 3158 prepalam

575 3175 793 3240 feceris,
825 3174 1102 3229 credidisti
1141 3172 1311 3235 mihi;
1343 3171 1486 3240 quod
1517 3171 1573 3224 in
1600 3173 1756 3226 vobis
1795 3182 1898 3237 est,
1935 3173 2155 3244 utrique
2193 3185 2343 3230 certe
2383 3187 2633 3233 nostrum
2668 3181 3090 3236 conducturum.

1209 3286 1425 3342 EPIST.
1460 3287 1574 3342 VII.

970 3378 1305 3434 Pantoleonti
1344 3381 1789 3450 protospathario.

2859 3295 3085 3348 ΕΠΙΣΤ.
3131 3293 3203 3348 Z'.

2560 3387 2960 3442 Πανταλέοντι
2995 3387 3530 3456 πρωτοσπαθαρίῳ.

1823 3494 2089 3544 Montacat.
2128 3493 2232 3555 (ep.
2266 3496 2346 3557 22,
2380 3511 2430 3559 p.
2465 3499 2566 3558 85).

645 3599 749 3666 Qui
780 3597 958 3669 vergis
1003 3596 1068 3651 ad
1098 3611 1354 3651 occasum
1395 3597 1522 3651 vita:
1559 3608 1686 3663 ture,
1721 3597 1978 3667 propellis
2023 3605 2076 3649 te
2107 3595 2160 3648 in
2189 3599 2231 3656 ς.

576 3693 792 3747 illorum
843 3689 1142 3744 insolentes
1186 3688 1444 3742 audacias
1471 3690 1669 3758 quibus
1712 3690 1932 3760 sanguis
1979 3687 2155 3742 bullit.

575 3785 716 3852 Quin
760 3783 903 3852 quod
933 3782 1117 3836 verius
1161 3791 1246 3836 est
1281 3791 1341 3836 ut
1384 3782 1677 3851 proferam,
1711 3783 1985 3836 latronum
2025 3781 2161 3836 faci-

580 3891 710 3930 nora
766 3884 825 3928 ut
873 3875 1075 3928 leviora
1132 3873 1436 3927 habeantur
1491 3883 1737 3942 praestas.
1781 3873 1949 3931 Totos
2015 3874 2161 3927 enim

581 3967 716 4031 dies,
745 3974 934 4018 noctes
965 3964 1226 4032 integras,
1260 3963 1312 4014 iu
1345 3963 1620 4017 caedendis
1641 3962 1957 4018 hominibus
1984 3972 2162 4017 trans-

580 4056 790 4120 mittis;
821 4070 922 4108 nec
945 4054 1027 4107 vel
1057 4055 1328 4107 tantillum
1365 4055 1628 4122 temporis
1661 4053 1867 4108 omittis
1913 4054 2159 4123 improbe

581 4144 799 4215 gloriari
847 4143 913 4198 de
961 4143 1174 4196 illorum
1223 4144 1401 4214 poenis
1439 4159 1576 4212 quos
1623 4144 1928 4214 puniendos
1983 4153 2158 4200 tenes.

585 4239 828 4294 Phalaris
847 4239 982 4292 forte
998 4238 1215 4308 aliquis,
1235 4249 1329 4293 aut
1351 4239 1656 4310 Dionysius,
1676 4251 1770 4294 aut
1785 4241 1824 4293 si
1840 4241 1931 4310 qui
1949 4241 2018 4295 ob
2033 4257 2160 4295 cru-

585 4332 860 4386 drlitatem
905 4331 1197 4385 barbaram
1253 4330 1524 4385 celebrius
1571 4346 1771 4385 nomen
1820 4332 2042 4397 habent,
2104 4332 2160 4386 in

583 4432 861 4478 certamen
902 4422 1122 4491 prodire
1167 4422 1505 4477 ambitiosius
1537 4431 1736 4477 tentas.
1779 4422 1888 4478 Nec
1927 4423 2024 4478 tibi
2055 4423 2164 4478 vita

585 4513 763 4567 vitalis
821 4513 1070 4578 habetur,
1127 4514 1171 4566 si
1210 4524 1260 4567 te
1309 4514 1572 4583 aequalem
1619 4513 1724 4568 illis
1753 4523 1999 4584 praestes,
2056 4515 2164 4569 nisi

587 4605 772 4660 multis
803 4605 1032 4659 excedas
1078 4605 1415 4676 parasangis.
1457 4607 1559 4661 Ast
1593 4614 1744 4661 certe
1784 4622 1906 4662 cum
1936 4607 2071 4662 viris
2106 4608 2162 4661 in

585 4707 862 4764 certamen
899 4697 1184 4752 descendit
1215 4713 1369 4767 puer.
1423 4697 1556 4752 Nam
1592 4700 1709 4753 sine
1752 4699 1859 4753 illis
1897 4715 2018 4769 quae
2050 4715 2167 4753 ma-

585 4789 779 4858 gniﬁce
828 4789 1069 4856 alioquin
1119 4789 1448 4860 gerebantur
1490 4790 1558 4843 ab
1605 4790 1712 4844 illis
1755 4790 2020 4861 tyrannis,
2067 4789 2165 4844 tibi

588 4879 830 4949 tyrannis
866 4879 1012 4932 haud
1057 4879 1292 4944 videtur,
1344 4880 1469 4934 licet
1510 4879 1654 4933 omni
1692 4895 1859 4950 opere
1891 4880 1947 4934 in
2003 4880 2054 4934 id
2086 4881 2167 4934 in-

2349 3599 2471 3652 Ἐπὶ
2498 3599 2616 3669 βίου
2656 3601 2865 3672 δυσμὰς
2910 3603 3082 3673 ἥκων,
3116 3604 3196 3666 είς
3229 3602 3299 3656 τὰ
3335 3602 3448 3656 τῶν
3480 3605 3842 3675 σφριγῶντων

2263 3687 2508 3753 ἐλαύνεις
2542 3691 2938 3761 νεανιεύματα’
2963 3693 3163 3762 μᾶλλον
3185 3693 3241 3746 δὲ
3259 3691 3626 3764 ἀληθέστερον
3642 3697 3835 3761 είπεῖν,

2264 3775 2428 3851 ἦττον
2457 3782 2666 3854 φοϐερά
2705 3784 2774 3838 τὰ
2805 3785 2913 3838 τῶν
2943 3786 3154 3859 λῃστῶν
3185 3785 3453 3850 δεικνύεις
3484 3787 3832 3857 τολμήματα·

2262 3870 2388 3932 ὅλας
2424 3871 2628 3934 νύκτας
2666 3873 2760 3926 καὶ
2788 3873 2916 3937 ὅλας
2951 3874 3168 3944 ἡμέρας
3197 3874 3458 3928 δαπανῶν
3483 3877 3557 3937 είς
3582 3875 3680 3938 τάς
3720 3875 3836 3928 τῶν

2263 3962 2570 4035 ἀνθρώπων
2604 3966 2912 4034 μάστιγας·
2965 3965 3058 4021 καὶ
3097 3965 3294 4036 μικροῦ
3344 3966 3483 4036 μηδὲ
3507 3963 3702 4030 λιπὼν,
3742 3965 3841 4029 οὓς

2263 4055 2345 4108 ἔτι
2372 4055 2616 4120 κολάζων
2645 4057 2811 4126 ἔχεις,
2838 4057 3006 4121 κακὸς
3033 4054 3171 4111 εἶναι
3198 4057 3583 4128 σεμνύνεσθαι.
3605 4057 3847 4124 Φάλαρις

2267 4144 2398 4208 ἴσως
2435 4163 2539 4209 σοι,
2570 4148 2664 4200 καὶ
2693 4147 2994 4214 Διονύσιος,
3025 4150 3120 4202 καὶ
3148 4143 3230 4212 οἷς
3258 4150 3352 4201 ἐπὶ
3382 4149 3631 4218 ὠμότητι
3664 4148 3848 4216 μεῖζον

2264 4237 2459 4308 ὄνομα,
2493 4240 2572 4301 είς
2605 4239 2794 4308 ἀγῶνα
2849 4241 3172 4311 προκεῖσθαι
3223 4239 3660 4310 πεφιλοτίμησαι
3691 4257 3707 4272 ο
3755 4239 3851 4293 καὶ

2263 4331 2362 4399 οὐχ
2391 4331 2473 4383 ὃτι
2507 4329 2722 4394 τούτοις
2775 4331 3000 4385 σεαυτὸν
3031 4331 3336 4402 ἐνάμιλλον,
3374 4331 3490 4384 ἀλλ’
3524 4333 3575 4383 εί
3613 4331 3691 4400 μὴ
3743 4347 3850 4400 μα-

2266 4418 2384 4491 κρῷ
2443 4420 2827 4490 παραδράμοις
2865 4421 3109 4484 τούτους,
3146 4420 3238 4474 τὸν
3309 4420 3423 4490 βίον
3477 4437 3560 4473 σοι
3616 4420 3853 4474 ἀϐίωτον

2265 4511 2529 4582 νομίζεις.
2598 4513 2760 4566 Ἀλλά
2826 4517 2954 4578 παῖς
3013 4514 3150 4584 πρὸς
3204 4514 3420 4585 ἄνδραί
3473 4511 3852 4581 ἀγωνίζεται*

2268 4605 2440 4672 χωρὶς
2471 4602 2580 4673 γὰρ
2630 4603 2761 4670 τῶν,
2813 4605 2958 4674 ἇπερ
2981 4605 3211 4666 ἐκείνοις
3244 4603 3420 4665 ἄλλως
3453 4620 3513 4656 τε
3541 4602 3640 4655 καὶ
3677 4619 3856 4672 μεγαο

2267 4691 2427 4755 λείως
2459 4692 2888 4765 διαπέπρακται,
2929 4693 3039 4748 οὐδ’
3079 4696 3112 4764 ή
3141 4694 3418 4764 τυραννὶς,
3464 4693 3549 4746 σοὶ
3570 4697 3859 4765 τυραννίς,

2270 4785 2372 4838 κᾶν
2402 4784 2523 4838 λίαν
2559 4785 2812 4858 ὲκϐιάζῃ,
2833 4788 2929 4840 καὶ
2947 4787 3042 4840 τοῦ
3070 4787 3263 4840 παθεῖν
3281 4787 3312 4838 ὁ
3335 4786 3546 4856 χρόνος,
3574 4779 3654 4839 ὧν
3678 4786 3863 4856 πράτ-

2271 4893 2409 4940 τεις,
2441 4877 2509 4930 τὰ
2542 4879 2705 4948 ὃμοια
2735 4879 2794 4931 οὐ
2830 4880 3048 4948 μακράν
3072 4893 3087 4908 ·
3137 4877 3262 4931 οὔτε
3292 4879 3400 4948 γάρ
3430 4881 3478 4931 oi
3507 4879 3690 4948 νόμοι,
3737 4876 3868 4931 καθ’

547 4969 747 5058 ,ιιίκυε
795 4967 987 5032 fueris,
1041 4978 1096 5023 et
1139 4978 1354 5040 tempus
1407 4970 1603 5025 similia
1653 4970 2002 5042 perpetrandi
2053 4987 2145 5025 nox

2273 4966 2368 5031 οὓς
2396 4970 2451 5021 αἱ
2482 4969 2750 5022 πολιτεῖαι
2803 4969 2960 5034 ζῶσι,
3016 4969 3336 5040 τεθνήκασι,
3378 4970 3474 5023 καὶ
3509 4970 3538 5021 ὁ
3570 4969 3674 5036 τῆς
3698 4969 3868 5039 δίκης

587 5057 748 5128 longe
778 5058 941 5112 absit.
999 5058 1168 5130 Leges
1213 5063 1479 5130 profecto,
1521 5077 1752 5132 quarum
1794 5062 2060 5118 beneﬁcio
2085 5064 2166 5116 vi-

588 5157 725 5203 vunt
772 5150 1114 5218 respublica,
1159 5151 1304 5206 haud
1344 5151 1522 5207 adhuc
1567 5163 1830 5208 emortua:
1871 5163 2024 5215 sunt,
2068 5169 2167 5208 nec

589 5239 798 5294 diutius
827 5240 1079 5294 tolerabit
1106 5241 1222 5295 h:~:c
1241 5241 1465 5310 justitizn
1493 5243 1706 5298 oculus.
1739 5243 1872 5298 Cum
1901 5243 2047 5297 enim
2074 5243 2165 5312 qui

589 5345 688 5399 per
713 5340 925 5384 montes
955 5331 1350 5386 latrocinantur
1377 5332 1548 5394 fures,
1581 5349 1679 5404 pro
1706 5334 1914 5388 meritis
1945 5331 2167 5406 dignum

591 5421 914 5491 supplicium
951 5425 1241 5490 sufferant,
1279 5427 1422 5481 haud
1455 5444 1666 5496 aequum
1703 5439 1805 5492 est,
1845 5440 1904 5483 ut
1934 5432 2026 5500 qui
2068 5447 2165 5501 per

590 5529 727 5581 ram,
757 5531 881 5570 cum
909 5515 1210 5587 improbius
1233 5518 1581 5587 deliquerint,
1615 5521 1958 5589 tranquillius
1983 5532 2164 5591 agant.

2272 5061 2374 5113 οὐκ
2403 5061 2630 5125 dvas-50:1"
2655 5063 2723 5116 ἂν
2753 5062 2835 5114 ἔτι
2857 5062 3157 5132 ὀφθαλμὸς,
3185 5063 3328 5116 ὥστε
3346 5062 3455 5115 τῶν
3475 5063 3534 5115 ὲν
3569 5064 3685 5124 τοῖς
3703 5062 3875 5131 ὄρεσι

2273 5152 2510 5222 λῃστῶν,
2547 5156 2644 5220 τὴν
2693 5151 2849 5215 ἀξίαν
2898 5152 3150 5207 διδόντων
3193 5152 3566 5223 ποινηλασίαν,
3617 5153 3756 5214 τοὺς
3812 5153 3874 5204 ὲν

2275 5244 2397 5305 ταῖς
2428 5241 2649 5296 πόλεσιν
2690 5241 3070 5313 ἀναιδέστερον
3101 5242 3545 5314 μιαιφονοῦντας,
3569 5235 3649 5296 ὧν
3687 5242 3875 5312 χείρω

2277 5333 2702 5404 τελολμήκασιν,
2735 5333 3052 5405 ἀδεέστερον
3087 5335 3378 5407 βιώσεσθαι

2237 5429 2490 5485 civitates
2541 5431 2715 5486 multo
2759 5431 3128 5502 impudentius
3173 5431 3479 5487 homicidiis
3521 5431 3658 5486 dant
3730 5445 3882 5500 ope-

1861 5695 2092 5750 V'ARUE
2148 5691 2558 5751 LECTIONES.

669 5865 690 5890 ι’
721 5857 807 5910 10‘.
841 5856 951 5927 εἴη.
977 5869 995 5891 κ
1020 5873 1110 5925 γρ.
1148 5855 1552 5920 ὲκκεντοῦντος.
1636 5858 1650 5893 ί
1689 5857 1724 5926 ἣ
1763 5857 1976 5928 ἄνδρας.
