4080 6406
230 374 335 433 933

840 473 1064 535 ΕΠΙΣιῖ
1102 483 1180 534 II'.

285 582 497 639 Λέοντι
526 575 838 643 σπαθαρίῳ
866 573 947 638 τῷ
980 572 1381 643 ἐπιλεγομένῳ
1410 571 1715 639 Δράκοντι.

1364 372 1903 434 EPISTOLARUM
1948 371 2181 432 LIBER
2216 371 2334 431 III.

1822 491 1869 543 Α

3367 367 3469 433 934

2534 476 2744 532 EPIST.
2779 476 2912 532 VIII.

2089 572 2271 625 Leonti
2313 572 2606 640 spathario,
2649 574 3011 640 cognominata
3047 571 3291 626 Draconi.

1460 690 1732 739 Montacut.
1768 688 1871 752 (ep.
1907 687 1986 747 29,
2022 702 2070 750 p.
2105 687 2208 750 87).

281 806 479 862 Πολλοὶ
503 802 642 873 πρὸς
669 802 819 872 ἡμᾶς
846 797 1000 852 λύκοι
1028 796 1127 865 τὴν
1156 795 1381 865 γνώμην
1406 794 1792 865 παρεγένοντο,

211 900 504 959 προόάτων
538 896 817 966 ἐνδύματα
850 889 1171 963 φοροῦντες,
1212 891 1305 942 καὶ
1335 889 1412 959 τῷ
1442 888 1641 952 ἔξωθεν
1666 905 1796 958 σχη-

212 989 473 1060 ματισμῷ
502 988 602 1059 τὴν
650 986 852 1039 ἔσωθεν
885 982 1333 1055 περιστέλλοντες
1366 980 1564 1033 κακίαν
1584 996 1598 1010 ·
1662 978 1796 1035 ἀλλά

210 1084 418 1138 τούτων
472 1084 521 1135 οί
556 1081 774 1143 πλείους
804 1081 903 1132 οὐκ
936 1078 1127 1131 ἔλαθον
1159 1073 1415 1137 ἐπιπολὺ,
1474 1076 1568 1125 τοῦ
1604 1073 1791 1143 χρόνου

1899 1067 2141 1137 plerique
2169 1067 2262 1121 diu
2289 1084 2398 1122 non
2442 1069 2760 1124 celabantur

210 1174 569 1244 φωράσαντος
615 1170 793 1223 αύτῶν
837 1169 936 1238 τὴν
982 1168 1175 1237 τέχνην
1209 1206 1224 1231 ,
1268 1166 1360 1219 καὶ
1388 1164 1456 1235 τὴ
1498 1163 1787 1233 περιϐολὴν

208 1266 310 1333 τῆς
342 1264 523 1333 δορᾶς,
560 1262 659 1313 ούκ
692 1262 771 1324 είς
803 1260 978 1330 μάτην
1013 1261 1171 1328 μόνον
1217 1257 1619 1326 ἐπινοηθείσαν,
1654 1255 1791 1308 ἀλλὰ

216 1357 313 1409 καὶ
335 1354 531 1422 διπλὴν
553 1352 976 1414 ἐπιδεικνύντος,
991 1349 1301 1402 τούναντίον
1324 1350 1466 1419 ἥπερ
1485 1347 1787 1409 ἐϐούλοντο,

210 1450 312 1517 τὴν
338 1447 643 1517 προσοῦσαν
672 1447 854 1507 αὐτοῖς
881 1443 1147 1512 πονηρίαν
1172 1442 1273 1511 τήν
1308 1459 1368 1494 τε
1402 1441 1788 1511 κρυπτομένην

213 1538 357 1607 φημὶ
391 1538 486 1590 κα)⁸
514 1538 611 1607 τὴν
665 1537 1035 1607 κρύπτουσαν.
1091 1534 1157 1586 Ἦ
1192 1533 1248 1586 δὲ
1292 1532 1358 1603 σὴ
1403 1532 1784 1603 μεγαλειότης,

214 1628 292 1690 ὡς
315 1627 510 1690 ἔοικεν,
535 1630 596 1680 ἐκ
628 1627 823 1680 πολλοῦ
865 1627 1022 1679 τοῦτο
1074 1628 1167 1679 καὶ
1199 1624 1545 1693 μελετήσασα
1576 1624 1667 1676 καὶ
1696 1640 1786 1675 τε-

218 1718 477 1789 ινώσασα
500 1760 513 1781 ,
544 1719 683 1790 σοφὴ
733 1718 827 1770 τοῦ
879 1717 1179 1770 καλύπτειν
1229 1716 1444 1784 ἐγένετο
1470 1716 1530 1768 τὸ
1552 1715 1740 1786 θηρίον
1767 1756 1782 1779 ,

1966 793 2116 847 Multi
2171 793 2238 847 ad
2292 807 2393 846 nos
2435 793 2694 847 animitus
2732 794 2845 863 lupi
2885 806 3255 861 accesserunt,
3289 799 3471 853 ovium

1894 884 2211 937 indumenta
2245 896 2534 954 gestantes,
2560 884 2761 953 quique
2786 901 2881 954 per
2910 894 3195 940 externum
3228 888 3472 944 habitum

1895 976 2167 1031 internam
2244 976 2547 1030 vestierunt.
2612 976 3034 1045 improbitatem.
3108 980 3214 1035 Sed
3278 983 3471 1038 horum

2812 1088 2825 1122 :
2872 1071 3129 1126 revelavit
3160 1072 3303 1126 etiim
3336 1084 3473 1127 tem-

1896 1180 2000 1233 pus
2041 1163 2332 1219 artiﬁcium
2365 1167 2631 1235 ipsorum,
2665 1177 2721 1222 et
2771 1170 3029 1222 amictum
3076 1172 3339 1239 pelliculae
3363 1189 3470 1227 non

1900 1266 2109 1311 tantum
2141 1258 2193 1311 iu
2227 1274 2424 1312 vanum
2477 1260 2836 1330 excogitatum
2876 1263 3218 1324 monstravit,
3253 1265 3346 1317 sed
3390 1266 3474 1318 in-

1900 1364 2084 1417 super,
2140 1348 2287 1416 quod
2344 1348 2567 1403 minime
2619 1350 2874 1404 volebant
2924 1351 3148 1415 factum,
3201 1352 3473 1423 duplicem

1900 1441 2033 1509 ipsis
2072 1440 2265 1495 adesse
2314 1440 2677 1510 iniquitatem,
2708 1444 3080 1499 absconditam
3124 1446 3380 1500 nimirum
3421 1457 3477 1502 et

1893 1534 2338 1587 abscondentem.
2412 1533 2528 1588 Tua
2587 1547 2765 1590 autem
2821 1538 3257 1607 magniﬁcentia,
3329 1539 3473 1606 quod

1893 1642 1990 1695 par
2022 1638 2105 1681 est
2152 1628 2395 1694 credere,
2446 1644 2628 1682 cuma
2681 1630 2841 1699 longo
2892 1640 3135 1699 tempore
3192 1632 3469 1694 meditata,

1890 1728 1946 1772 et
1986 1718 2278 1773 artiﬁciose
2334 1728 2659 1775 construens
2715 1720 2883 1775 fueris
2925 1722 3069 1776 istud
3099 1764 3113 1785 ,
3176 1724 3475 1792 prudenter

214 1813 313 1864 καὶ
344 1812 536 1881 μέχρις
562 1811 628 1864 ἂν
657 1811 827 1881 ἀρνίῳ
856 1812 1168 1881 περιέτυχε,
1198 1810 1297 1879 τὴν
1326 1809 1488 1878 δορὰν
1536 1809 1635 1861 ούκ
1683 1810 1787 1859 ἀπ-

1899 1810 2116 1863 bestiam
2148 1810 2443 1864 occultavit
2470 1827 2485 1876 ;
2533 1826 2709 1879 neque
2738 1812 2932 1881 pellem
2968 1813 3266 1882 deposuisti
3290 1816 3473 1883 prius-

216 1902 372 1955 ἑθετο
392 1917 405 1929 ·
439 1900 769 1971 ἐπιτυχοῢσα
803 1901 881 1966 δὲ,
933 1903 1025 1953 καὶ
1050 1900 1375 1960 ἀπεδύσατο,
1411 1898 1504 1952 καὶ
1531 1899 1618 1951 τὸν
1646 1899 1786 1969 θῆρα

215 1992 413 2056 ἔδειξε·
448 1994 541 2045 καὶ
570 1991 840 2055 τοσοῦτον,
870 1992 928 2043 τό
952 2008 1015 2057 γε
1037 1989 1209 2059 αὐτῆς
1238 1991 1422 2060 μέρος,
1455 1989 1522 2041 τά
1548 2006 1787 2059 προστυ-

218 2083 385 2152 χόντα
411 2082 731 2152 διέφθειρεν,
766 2084 889 2134 ὅσον
911 2081 1032 2134 οὐδὲ
1093 2081 1161 2134 τὰ
1219 2080 1636 2151 προφανέστατα
1679 2080 1787 2132 τῶν

216 2175 572 2245 ἀγριωτάτων
601 2174 786 2245 θηρῶν
842 2174 1148 2244 ἐλυμήνατο
1191 2174 1275 2227 ἄν.
1318 2173 1481 2226 Ἀλλὰ
1527 2173 1788 2243 χαίρομεν

217 2268 321 2321 κάν
352 2267 544 2338 τούτῳ,
580 2268 659 2320 ὅτι
688 2266 925 2321 λαθοῦσα
957 2266 1258 2338 προέλαϐεν
1287 2265 1435 2335 ἡμᾶς
1474 2264 1788 2335 κρυπτομέν-

215 2382 282 2434 νη
334 2363 588 2433 κακία,ῆ
640 2362 1119 2435 προκατελάϐομεν
1174 2362 1336 2431 ἡμεῖς
1385 2358 1611 2412 κολάσαι
1656 2358 1790 2409 ὑπο-

217 2456 518 2525 νοουμένην
543 2454 867 2525 μοχθηρίαν*
901 2455 960 2506 τὸ
993 2455 1091 2524 μὲν
1120 2456 1228 2522 γὰρ
1247 2454 1339 2506 καὶ
1366 2452 1557 2522 σφάλοι
1582 2450 1647 2504 ἂν
1662 2450 1792 2503 πολ-

214 2547 375 2612 λάκις
406 2549 504 2601 οὐκ
530 2548 615 2600 ἐπ’
647 2548 861 2616 ὀλίγον·
891 2547 952 2599 τὸ
979 2547 1035 2601 δέ
1064 2546 1156 2601 καὶ
1191 2545 1369 2611 λαθὸν,
1415 2544 1517 2614 τὴν
1554 2543 1790 2611 ὑστάτην

214 2641 317 2693 οὐκ
341 2641 410 2694 ἂν
441 2640 600 2708 φύγοι
621 2640 778 2711 δίκην
800 2657 812 2669 ·
842 2640 975 2693 ἀλλὰ
1004 2639 1176 2693 ταῦτα
1208 2639 1512 2709 γράφομεν,
1558 2636 1657 2705 ούχ
1706 2636 1791 2685 ἵνα

214 2735 563 2804 ἐπιστραφῇς
619 2734 1021 2804 (ἐπιστραφήσῃ
1059 2733 1167 2803 γάρ
1202 2732 1295 2785 καὶ
1327 2732 1401 2803 μὴ
1429 2729 1642 2800 θέλων),
1674 2726 1789 2782 ἀλλ’

215 2827 306 2879 ἴνα
332 2825 477 2896 γνῷς
504 2827 581 2889 ὡς
608 2825 728 2879 ούδέ
780 2827 879 2894 τὴν
908 2825 1081 2897 ἀρχὴν
1138 2825 1327 2889 ἔλαθες
1346 2826 1411 2879 ἂν
1439 2827 1606 2896 ἡμᾶς,
1635 2826 1684 2877 εί
1715 2824 1791 2895 μὴ

217 2920 485 2991 συνεργὸν
524 2914 684 2988 εὗρες
709 2918 806 2989 τὴν
836 2918 1112 2990 ἡμετέραν
1152 2918 1584 2988 φιλανθρωπίαν.
1641 2918 1721 2971 Τὰ
1747 2917 1790 2969 δ’

214 3011 357 3067 ἄλλα
381 3011 658 3082 ἐρρῶσθαι
682 3030 741 3064 σε
770 3013 869 3080 τὴν
900 3010 1079 3083 ψυχὴν
1098 3010 1295 3081 μᾶλλον
1318 3010 1430 3081 ῆτὸ
1452 3010 1610 3080 σῶμα
1638 3011 1796 3062 ἐπευ-

217 3105 428 3175 χόμεθα
455 3122 469 3133 ⁸
518 3105 615 3159 καὶ
679 3105 787 3157 τῶν
838 3105 1254 3176 τετολμημένων
1286 3103 1374 3157 διὰ
1409 3103 1697 3174 μετανοίας
1725 3104 1795 3155 τὰ

1893 1916 2056 1970 quam
2108 1904 2162 1955 in
2202 1919 2399 1973 agnum
2453 1914 2729 1973 arreptum
2776 1905 3048 1960 incidisti:
3108 1907 3199 1961 illo
3242 1908 3469 1977 potitus,

1894 2003 1950 2047 et
1980 1994 2203 2058 exuisti,
2252 2006 2307 2047 et
2354 2004 2406 2048 te
2436 1995 2665 2049 bestiam
2712 1996 2989 2065 professus
3035 2014 3115 2053 es.
3159 1999 3217 2053 In
3262 2010 3471 2054 tantum

1894 2101 2027 2141 vero
2054 2086 2251 2149 oblata,
2277 2088 2418 2153 quod
2444 2096 2563 2140 tuas
2593 2097 2774 2157 partes
2800 2090 3083 2154 attinebat,
3109 2090 3469 2160 discerpsisti,

1897 2190 1953 2235 ut
2013 2195 2115 2233 nec
2158 2180 2549 2235 crudelissimae
2599 2180 2789 2235 bestia:
2841 2183 3057 2250 publica
3120 2183 3468 2238 devorarent.

1899 2270 2173 2325 Laetamur
2204 2271 2308 2325 hoc
2347 2271 2465 2340 ipso
2514 2280 2719 2337 tamen,
2762 2275 2907 2342 quod
2934 2276 3103 2328 celata
3152 2276 3472 2345 improbitas

1897 2363 2049 2431 prius
2080 2377 2181 2417 nos
2216 2364 2524 2432 occupavit,
2570 2380 2732 2434 quam
2766 2367 2831 2418 ad
2868 2368 3224 2421 coercendam
3260 2384 3474 2435 suspec-

1900 2462 2007 2505 tam
2041 2462 2247 2507 tantum
2294 2453 2743 2525 acciugeremur;
2790 2456 2920 2511 illud
2965 2458 3108 2511 enim
3150 2458 3278 2514 licet
3301 2475 3473 2530 smpe-

1900 2559 2132 2598 numero
2175 2546 2414 2611 aberret,
2473 2562 2583 2601 non
2634 2556 2814 2602 tamen
2848 2549 2901 2602 in
2944 2550 3220 2616 minimis;
3270 2551 3395 2617 hoc,
3426 2552 3474 2606 si

1902 2635 2159 2703 latuerit,.
2203 2647 2484 2707 postremo
2548 2640 2840 2695 vindictam
2903 2656 3013 2694 non
3063 2642 3352 2713 elongabit.
3407 2643 3477 2698 Et

1900 2726 2019 2782 lucc
2048 2728 2267 2798 quidem
2298 2731 2501 2795 scribo,
2544 2747 2654 2785 non
2680 2740 2739 2785 ut
2784 2735 3123 2789 convertaris
3148 2736 3310 2803 (nam
3346 2734 3479 2791 licet

1900 2822 2104 2879 invitus
2140 2824 2267 2880 olim
2309 2826 2700 2899 converteris),
2741 2828 2835 2882 sed
2896 2836 2956 2882 ut
2993 2829 3151 2899 plane
3186 2829 3475 2901 intelligas,

1900 2918 2047 2985 quod
2082 2933 2149 2971 ne
2178 2918 2397 2987 quidem
2431 2919 2498 2973 ab
2547 2919 2711 2973 initlo
2737 2935 2839 2975 nos
2878 2920 3118 2985 latueris,
3150 2921 3243 2976 sed
3274 2936 3476 2991 coope-

1904 3018 2115 3062 rantem
2148 3019 2389 3063 nostram
2422 3020 2677 3080 expertus
2707 3012 2783 3066 sis
2809 3014 3178 3067 clementiam.
3210 3012 3478 3069 Caeterum

1905 3108 1958 3155 te
1986 3101 2171 3155 animo
2203 3102 2372 3173 magis
2394 3118 2554 3171 quam
2586 3118 2815 3172 corpore
2846 3106 3025 3158 valere
3068 3104 3301 3174 cupiam,
3330 3116 3384 3159 et
3422 3113 3484 3159 ut

221 3195 498 3266 στίγματα
526 3195 924 3263 ἀπαλείψαντα,
952 3197 1045 3249 καὶ
1075 3197 1136 3249 ού
1167 3198 1228 3249 τὸ
1256 3196 1547 3265 πρόϐατον,
1576 3194 1711 3247 ἀλλὰ
1740 3194 1791 3246 τὲ

1904 3208 2000 3263 per
2026 3195 2399 3263 paenitentiam
2431 3195 2681 3266 stigmata
2730 3197 2996 3265 impressa
3019 3197 3190 3259 eluas.
3225 3213 3326 3252 nec
3350 3197 3484 3251 velis

223 3288 415 3358 θηρίον
452 3292 530 3351 είς
559 3291 651 3341 τὸν
698 3289 961 3351 παντελὲς
1016 3288 1493 3357 ἀπεκδυσάμενον,
1533 3289 1673 3360 μήτε
1716 3289 1791 3340 ἐν·

1908 3298 2090 3348 ovem,
2115 3285 2209 3339 sed
2238 3286 2466 3340 bestiam
2503 3289 2724 3355 penitus
2753 3292 3046 3357 deponere,
3080 3288 3150 3342 ita
3179 3299 3258 3352 ut,
3299 3304 3401 3343 nec
3428 3289 3483 3342 in

222 3377 420 3443 ταῦθα,
461 3381 599 3448 μήτε
620 3378 829 3431 ἐκεῖθεν
857 3378 1087 3442 εὐθύνας
1122 3377 1360 3448 ὑφέξειν.

834 3581 1059 3633 ΕΠΙΣΤ.
1089 3580 1167 3636 Θ⁹.

465 3673 709 3742 Ἰώαννῃ
738 3674 1051 3742 σπαθαρίῳ
1081 3672 1161 3737 τῷ
1191 3670 1557 3741 χρυσοχέρῃ.

1904 3375 2029 3439 hoc,
2056 3391 2155 3430 nec
2191 3376 2374 3430 futuro
2418 3378 2618 3433 saeculo
2663 3379 2731 3433 ad
2761 3380 2998 3433 calculos
3032 3380 3244 3433 voceris
3274 3389 3329 3434 et
3358 3381 3485 3433 red-

1905 3468 2137 3523 dendam
2173 3468 2438 3522 rationem

2544 3580 2755 3636 EPIST.
2796 3581 2887 3636 IX.

2238 3671 2432 3725 Joanm'
2461 3672 2756 3742 spat/tario,
2785 3677 3130 3745 chrysocltert'.

1473 3786 1741 3835 Montacut.
1780 3786 1883 3848 (ep.
1918 3787 1998 3846 59,
2032 3800 2081 3849 p.
2116 3786 2219 3850 98).

296 3899 413 3952 Ούκ
434 3898 753 3970 ἐγράψαμεν
784 3898 872 3952 ἵνα
902 3896 1209 3969 θαυμάζῃς,
1226 3893 1341 3948 ἀλλ’
1370 3895 1460 3948 ἴνα
1485 3896 1800 3964 στηριχθῇς,

1972 3894 2324 3964 Nequaquam
2357 3909 2420 3948 eo
2454 3894 2563 3951 ﬁne
2595 3894 2921 3964 scripsimus
2964 3905 3023 3948 ut
3051 3894 3347 3960 mirareris,
3384 3896 3482 3952 sed

225 3994 286 4045 ἐν
341 3986 423 4053 οἷς
476 3991 565 4043 τὸν
616 3991 776 4043 σάλον
814 3989 1136 4060 ὑπέμεινας.
1170 3988 1232 4041 EE
1282 3988 1326 4041 δ’
1362 3987 1657 4058 ἀρραϐῶνα
1709 3986 1791 4039 eoi.

1904 3997 1961 4038 ut
1993 3986 2242 4040 stabilem
2278 3995 2330 4039 te
2372 3987 2657 4043 redderem
2693 3986 2748 4041 in
2782 3986 2848 4041 iis
2874 3987 3071 4056 quibus
3101 3987 3483 4055 ﬂuctuabaris;

226 4084 591 4155 στηριχθῆναι
615 4083 674 4135 τὸ
701 4082 886 4152 θαῦμα
904 4083 1182 4153 παρέχεις,
1208 4082 1380 4150 ἡδέως
1402 4080 1800 4150 ἀποδεχόμεθα.

226 4175 365 4228 Ούδέ
394 4175 504 4243 γὰρ
532 4174 591 4239 ἐξ
614 4173 825 4226 ἑαυτῶν
854 4173 1205 4243 προφέρομεν
1233 4172 1375 4240 ἆπερ
1405 4171 1659 4241 λέγομεν,
1685 4170 1800 4223 ἀλλ’

1901 4079 1949 4133 si
1997 4080 2049 4131 in
2102 4080 2299 4150 pignus
2345 4078 2773 4135 conﬁrmationis
2819 4088 2923 4133 tua:
2965 4078 3126 4134 aﬁ‘ers
3170 4082 3489 4136 admiratio-

1904 4188 2047 4234 nem,
2080 4172 2331 4225 lubenter
2376 4171 2628 4226 admitto.
2662 4168 2798 4224 Nam
2845 4186 2955 4224 non
3004 4187 3034 4224 a
3068 4172 3223 4225 nobis
3252 4173 3485 4241 proferi-

224 4267 287 4332 ἐξ
307 4262 381 4318 ὧν
404 4268 503 4336 τῆς
528 4264 812 4333 ζωηφόρου
837 4266 1021 4333 πηγῆς
1043 4262 1468 4331 ἀπηντλήσαμεν
1484 4278 1497 4292 ’
1519 4263 1639 4331 ἥτις
1665 4260 1791 4330 μετᾶ

1901 4282 2024 4320 mus
2078 4281 2198 4333 quae
2248 4264 2515 4328 dicimus,
2551 4263 2647 4317 sed
2683 4262 2753 4317 ab
2815 4262 2881 4317 iis
2946 4264 3088 4317 unde
3135 4265 3202 4318 de
3250 4264 3400 4319 fonte
3430 4266 3483 4318 in

224 4360 329 4429 τῆς
365 4360 423 4411 ἐν
472 4357 653 4411 πίστει
695 4356 854 4426 δίψης
888 4358 998 4418 τοῖς
1048 4354 1360 4425 προσιοῦσιν
1408 4353 1618 4421 ἄφθονα
1670 4370 1801 4423 προ-

226 4454 376 4523 χέειν
400 4452 468 4505 τά
491 4451 587 4521 τῆς
619 4450 892 4521 σωτηρίας
923 4446 1288 4518 ἐπηγγείλατο
1314 4448 1553 4516 νάματα.

855 4748 1078 4801 ΕΠΙΣΤ.
1128 4749 1184 4801 l'.

403 4841 606 4898 Λέοντι
636 4843 901 4912 γεγονότι
933 4839 1223 4912 λογΟΘέτῃ
1262 4839 1342 4907 τῷ
1371 4838 1624 4909 Μαδιάμ.

1832 4699 1881 4752 ί)

1900 4358 2064 4412 vitam
2100 4355 2311 4409 salienti
2336 4355 2655 4409 hausimus:
2688 4356 2779 4425 qui
2812 4372 2921 4426 prae
2960 4372 3017 4410 se
3046 4356 3148 4409 fert
3173 4365 3227 4409 et
3254 4356 3484 4424 proﬁte-

1903 4458 2011 4512 tur,
2060 4449 2128 4502 iis
2172 4447 2267 4517 qui
2332 4445 2490 4501 ﬁdem
2534 4446 2757 4513 sitiunt,
2808 4459 2969 4519 atque
3011 4448 3132 4503 ideo
3176 4448 3382 4502 adeunt
3424 4456 3484 4501 ut

1904 4554 2022 4592 eam
2109 4537 2399 4606 expleant,
2465 4538 2962 4594 abundantissimos
3031 4540 3218 4593 salutis
3291 4538 3483 4591 latices

1908 4629 2346 4685 subministrare.

2547 4742 2761 4797 EPIST.
2798 4744 2862 4798 Χ.

2313 4835 2499 4890 Leonti
2535 4835 2805 4907 logotheta:
2836 4835 3089 4889 Modiam.

1471 4950 1733 5000 Montacut.
1771 4950 1875 5014 (ep.
1910 4950 1989 5008 Η.
2026 4963 2075 5012 p.
2114 4949 2246 5013 100).

302 5054 603 5124 Εύτύχημα
669 5054 767 5123 μὲν
830 5054 926 5108 καὶ
978 5055 1040 5107 τὸ
1092 5053 1282 5122 φίλους
1329 5052 1475 5121 ἔχειν
1535 5054 1592 5105 ἐν
1635 5050 1811 5122 καιρῷ

1984 5049 2235 5106 Felicitas
2262 5060 2345 5106 est
2368 5051 2571 5107 amicos
2600 5049 2876 5120 possidere
2901 5048 3213 5104 lentationis
3238 5058 3484 5120 tempore

229 5145 579 5217 πειρασμῶν,
622 5146 716 5197 καὶ
759 5146 994 5215 χρείαςιι
1024 5147 1086 5198 τὸ
1120 5148 1216 5217 τῆς
1252 5144 1435 5215 φιλίας
1470 5145 1791 5214 παρέχοντας

1911 5158 2067 5197 usum
2099 5152 2261 5213 atque
2290 5143 2530 5198 debitum
2563 5140 2818 5195 amicitia:
2851 5140 2982 5194 utile
3009 5141 3356 5196 exhibentes:
3389 5142 3484 5197 sed

229 5237 539 5309 χρησιμόν·
587 5238 637 5290 οἱ
680 5237 737 5289 δὲ
777 5236 851 5307 μὴ
895 5237 1129 5291 τοιοῦτοι
1187 5238 1468 5307 φανέντες,
1517 5236 1635 5289 ούδέ
1664 5229 1787 5288 οὗτο

1910 5253 2016 5293 nec
2064 5236 2266 5291 amanti
2313 5237 2472 5305 plane
2517 5242 2644 5287 sunt
2689 5232 2909 5286 inutiles
2957 5233 3049 5302 qui
3100 5232 3232 5287 tales
3269 5248 3327 5287 se
3373 5249 3484 5287 non

230 5328 311 5398 τῷ
362 5329 708 5397 ἁγαπήσαντι
767 5328 1062 5399 ἄχρηστοι,
1092 5330 1204 5382 ἀλλ’
1238 5332 1363 5383 ὅσον
1395 5328 1549 5383 αὐτοὶ
1583 5330 1683 5398 τῆς
1719 5344 1791 5395 φι-

1908 5337 2190 5399 praestant.
2241 5328 2374 5382 Nam
2428 5328 2483 5381 in
2527 5335 2791 5396 quantum
2842 5325 3096 5380 amicitia:
3140 5325 3391 5389 dcerint,
3427 5326 3481 5377 in

230 5419 355 5483 λίας
394 5420 821 5489 ἀπελείφθησαν,
876 5420 1131 5474 τοσοῦτον
1172 5422 1267 5493 τὴν
1302 5422 1500 5493 ἀρετὴν
1538 5419 1631 5472 τοῦ
1668 5419 1806 5487 ἠγα-

231 5512 472 5583 πηκύτος
527 5511 864 5583 παριστῶσιν
899 5513 1355 5584 ύπερθαύμαστον
1426 5515 1507 5567 ὅτι
1543 5513 1639 5566 καὶ
1692 5528 1807 5563 τοι-

1916 5430 2124 5475 tantum
2154 5420 2426 5490 diligentis
2447 5419 2703 5474 virtutem
2728 5417 2882 5472 valde
2908 5425 3169 5487 praastant
3194 5416 3485 5471 admirabi-

1916 5513 2058 5567 lem:
2112 5527 2178 5567 eo
2226 5511 2371 5582 quod
2414 5510 2578 5567 etiam
2631 5510 2764 5565 tales
2806 5509 3163 5565 nihilominus
3210 5506 3483 5573 dilexerit,

1519 5665 1752 5721 VARIAS
1779 5664 2187 5723 LECTIONES.
