  <div class='ocr_page' id='page_1' title='image "/cluster/home/n/w/nwhite01/storage/ocr_20150623/102/hvd.32044012543948/475.png"; bbox 0 0 4046 6460; ppageno 0'>
   <div class='ocr_carea' id='block_1_1' title="bbox 549 389 651 451">
    <p class='ocr_par' dir='ltr' id='par_1_1' title="bbox 549 389 651 451">
     <span class='ocr_line' id='line_1_1' title="bbox 549 389 651 451; baseline 0 0"><span class='ocrx_word' id='word_1_1' title='bbox 549 389 651 451; x_wconf 81' lang='grc'><strong>935</strong></span> 
     </span>
    </p>
   </div>
   <div class='ocr_carea' id='block_1_2' title="bbox 1689 380 2626 444">
    <p class='ocr_par' dir='ltr' id='par_1_2' title="bbox 1689 380 2626 444">
     <span class='ocr_line' id='line_1_2' title="bbox 1689 380 2626 444; baseline -0.004 0"><span class='ocrx_word' id='word_1_2' title='bbox 1689 383 1950 444; x_wconf 86' lang='grc' dir='ltr'><strong>ΡΗΟΤΙΙ</strong></span> <span class='ocrx_word' id='word_1_3' title='bbox 1987 381 2486 442; x_wconf 70' lang='lat' dir='ltr'><strong>PATRIABCH/E</strong></span> <span class='ocrx_word' id='word_1_4' title='bbox 2519 380 2626 441; x_wconf 77' lang='grc' dir='ltr'><strong>ΟΡ.</strong></span> 
     </span>
    </p>
   </div>
   <div class='ocr_carea' id='block_1_3' title="bbox 3692 387 3809 450">
    <p class='ocr_par' dir='ltr' id='par_1_3' title="bbox 3692 387 3809 450">
     <span class='ocr_line' id='line_1_3' title="bbox 3692 387 3809 450; baseline -0.017 0"><span class='ocrx_word' id='word_1_5' title='bbox 3692 387 3809 450; x_wconf 71' lang='grc'><strong>938</strong></span> 
     </span>
    </p>
   </div>
   <div class='ocr_carea' id='block_1_4' title="bbox 547 489 2145 571">
    <p class='ocr_par' dir='ltr' id='par_1_4' title="bbox 547 489 2119 564">
     <span class='ocr_line' id='line_1_4' title="bbox 547 489 2119 564; baseline -0.005 -15"><span class='ocrx_word' id='word_1_6' title='bbox 547 494 692 564; x_wconf 89' lang='lat' dir='ltr'><strong>quod</strong></span> <span class='ocrx_word' id='word_1_7' title='bbox 742 496 1068 551; x_wconf 74' lang='lat' dir='ltr'><strong>non&#39;omnia</strong></span> <span class='ocrx_word' id='word_1_8' title='bbox 1121 512 1183 550; x_wconf 75' lang='lat' dir='ltr'><strong>ex</strong></span> <span class='ocrx_word' id='word_1_9' title='bbox 1235 494 1434 548; x_wconf 88' lang='lat' dir='ltr'><strong>intuitu</strong></span> <span class='ocrx_word' id='word_1_10' title='bbox 1499 490 1874 545; x_wconf 75' lang='lat' dir='ltr'><strong>retributionis</strong></span> <span class='ocrx_word' id='word_1_11' title='bbox 1908 489 2119 560; x_wconf 72' lang='lat' dir='ltr'><strong>przesli-</strong></span> 
     </span>
    </p>
   </div>
   <div class='ocr_carea' id='block_1_5' title="bbox 2248 489 3807 571">
    <p class='ocr_par' dir='ltr' id='par_1_5' title="bbox 2248 493 3807 571">
     <span class='ocr_line' id='line_1_5' title="bbox 2248 493 3807 571; baseline 0.007 -28"><span class='ocrx_word' id='word_1_12' title='bbox 2248 494 2408 556; x_wconf 80' lang='grc' dir='ltr'>ιύτους</span> <span class='ocrx_word' id='word_1_13' title='bbox 2459 493 2641 555; x_wconf 72' lang='grc' dir='ltr'>ὄντας.</span> <span class='ocrx_word' id='word_1_14' title='bbox 2693 493 2839 564; x_wconf 77' lang='grc' dir='ltr'>ὅμως</span> <span class='ocrx_word' id='word_1_15' title='bbox 2882 493 3128 565; x_wconf 76' lang='grc' dir='ltr'>ἐφίλησε,</span> <span class='ocrx_word' id='word_1_16' title='bbox 3169 496 3263 549; x_wconf 73' lang='grc' dir='ltr'><strong>καὶ</strong></span> <span class='ocrx_word' id='word_1_17' title='bbox 3318 497 3378 549; x_wconf 78' lang='grc' dir='ltr'><strong>ού</strong></span> <span class='ocrx_word' id='word_1_18' title='bbox 3409 497 3588 552; x_wconf 82' lang='grc' dir='ltr'>πάντα</span> <span class='ocrx_word' id='word_1_19' title='bbox 3638 511 3807 571; x_wconf 71' lang='grc' dir='ltr'>χάριν</span> 
     </span>
    </p>
   </div>
   <div class='ocr_carea' id='block_1_6' title="bbox 553 579 2119 660">
    <p class='ocr_par' dir='ltr' id='par_1_6' title="bbox 553 579 2119 660">
     <span class='ocr_line' id='line_1_6' title="bbox 553 579 2119 660; baseline -0.006 -18"><span class='ocrx_word' id='word_1_20' title='bbox 553 589 698 653; x_wconf 82' lang='lat' dir='ltr'><strong>terit,</strong></span> <span class='ocrx_word' id='word_1_21' title='bbox 743 589 838 643; x_wconf 86' lang='lat' dir='ltr'><strong>sed</strong></span> <span class='ocrx_word' id='word_1_22' title='bbox 883 591 1051 660; x_wconf 84' lang='lat' dir='ltr'><strong>gratis</strong></span> <span class='ocrx_word' id='word_1_23' title='bbox 1092 603 1275 642; x_wconf 88' lang='lat' dir='ltr'><strong>amare</strong></span> <span class='ocrx_word' id='word_1_24' title='bbox 1325 585 1498 647; x_wconf 87' lang='lat' dir='ltr'><strong>novit,</strong></span> <span class='ocrx_word' id='word_1_25' title='bbox 1550 592 1604 635; x_wconf 85' lang='lat' dir='ltr'><strong>et</strong></span> <span class='ocrx_word' id='word_1_26' title='bbox 1650 581 1884 643; x_wconf 85' lang='lat' dir='ltr'><strong>Patrem,</strong></span> <span class='ocrx_word' id='word_1_27' title='bbox 1933 579 2023 649; x_wconf 87' lang='lat' dir='ltr'><strong>qui</strong></span> <span class='ocrx_word' id='word_1_28' title='bbox 2066 579 2119 632; x_wconf 93' lang='lat' dir='ltr'><strong>in</strong></span> 
     </span>
    </p>
   </div>
   <div class='ocr_carea' id='block_1_7' title="bbox 552 671 2123 744">
    <p class='ocr_par' dir='ltr' id='par_1_7' title="bbox 552 671 2123 744">
     <span class='ocr_line' id='line_1_7' title="bbox 552 671 2123 744; baseline -0.006 -12"><span class='ocrx_word' id='word_1_29' title='bbox 552 681 704 735; x_wconf 58' lang='lat' dir='ltr'><strong>caulis</strong></span> <span class='ocrx_word' id='word_1_30' title='bbox 748 691 851 744; x_wconf 89' lang='lat' dir='ltr'><strong>est,</strong></span> <span class='ocrx_word' id='word_1_31' title='bbox 910 681 1109 736; x_wconf 91' lang='lat' dir='ltr'><strong>imitari</strong></span> <span class='ocrx_word' id='word_1_32' title='bbox 1160 681 1214 732; x_wconf 93' lang='lat' dir='ltr'><strong>in</strong></span> <span class='ocrx_word' id='word_1_33' title='bbox 1268 692 1356 741; x_wconf 90' lang='lat' dir='ltr'><strong>eo,</strong></span> <span class='ocrx_word' id='word_1_34' title='bbox 1414 674 1559 744; x_wconf 92' lang='lat' dir='ltr'><strong>quod</strong></span> <span class='ocrx_word' id='word_1_35' title='bbox 1605 688 1708 727; x_wconf 87' lang='lat' dir='ltr'><strong>nec</strong></span> <span class='ocrx_word' id='word_1_36' title='bbox 1755 673 1838 727; x_wconf 81' lang='lat' dir='ltr'><strong>vel</strong></span> <span class='ocrx_word' id='word_1_37' title='bbox 1869 671 2123 725; x_wconf 87' lang='lat' dir='ltr'><strong>inimicos</strong></span> 
     </span>
    </p>
   </div>
   <div class='ocr_carea' id='block_1_8' title="bbox 554 764 2124 839">
    <p class='ocr_par' dir='ltr' id='par_1_8' title="bbox 554 764 2124 839">
     <span class='ocr_line' id='line_1_8' title="bbox 554 764 2124 839; baseline -0.007 -13"><span class='ocrx_word' id='word_1_38' title='bbox 554 781 856 827; x_wconf 75' lang='lat' dir='ltr'><strong>aversetur.</strong></span> <span class='ocrx_word' id='word_1_39' title='bbox 880 773 1148 839; x_wconf 87' lang='lat' dir='ltr'><strong>Quocirca</strong></span> <span class='ocrx_word' id='word_1_40' title='bbox 1171 785 1273 825; x_wconf 90' lang='lat' dir='ltr'><strong>nec</strong></span> <span class='ocrx_word' id='word_1_41' title='bbox 1296 767 1498 822; x_wconf 87' lang='lat' dir='ltr'><strong>amoris</strong></span> <span class='ocrx_word' id='word_1_42' title='bbox 1521 765 1693 820; x_wconf 88' lang='lat' dir='ltr'><strong>nostri</strong></span> <span class='ocrx_word' id='word_1_43' title='bbox 1716 765 1885 835; x_wconf 75' lang='lat' dir='ltr'><strong>legem</strong></span> <span class='ocrx_word' id='word_1_44' title='bbox 1913 764 2124 817; x_wconf 87' lang='lat' dir='ltr'><strong>solvere</strong></span> 
     </span>
    </p>
   </div>
   <div class='ocr_carea' id='block_1_9' title="bbox 554 855 2124 936">
    <p class='ocr_par' dir='ltr' id='par_1_9' title="bbox 554 855 2124 936">
     <span class='ocr_line' id='line_1_9' title="bbox 554 855 2124 936; baseline -0.008 -18"><span class='ocrx_word' id='word_1_45' title='bbox 554 869 792 936; x_wconf 75' lang='lat' dir='ltr'><strong>poteris,</strong></span> <span class='ocrx_word' id='word_1_46' title='bbox 839 875 1115 933; x_wconf 87' lang='lat' dir='ltr'><strong>utcunque</strong></span> <span class='ocrx_word' id='word_1_47' title='bbox 1149 861 1331 931; x_wconf 85' lang='lat' dir='ltr'><strong>(quod</strong></span> <span class='ocrx_word' id='word_1_48' title='bbox 1367 873 1551 914; x_wconf 88' lang='lat' dir='ltr'><strong>rumor</strong></span> <span class='ocrx_word' id='word_1_49' title='bbox 1582 855 1708 924; x_wconf 90' lang='lat' dir='ltr'><strong>est)</strong></span> <span class='ocrx_word' id='word_1_50' title='bbox 1749 855 1991 926; x_wconf 79' lang='lat' dir='ltr'><strong>ingratus</strong></span> <span class='ocrx_word' id='word_1_51' title='bbox 2024 867 2124 908; x_wconf 82' lang='lat' dir='ltr'><strong>ex-</strong></span> 
     </span>
    </p>
   </div>
   <div class='ocr_carea' id='block_1_10' title="bbox 555 946 2128 1021">
    <p class='ocr_par' dir='ltr' id='par_1_10' title="bbox 555 946 2128 1021">
     <span class='ocr_line' id='line_1_10' title="bbox 555 946 2128 1021; baseline -0.008 -11"><span class='ocrx_word' id='word_1_52' title='bbox 555 957 780 1021; x_wconf 87' lang='lat' dir='ltr'><strong>stiteris,</strong></span> <span class='ocrx_word' id='word_1_53' title='bbox 812 964 868 1009; x_wconf 89' lang='lat' dir='ltr'><strong>et</strong></span> <span class='ocrx_word' id='word_1_54' title='bbox 887 955 1203 1010; x_wconf 89' lang='lat' dir='ltr'><strong>ementiaris</strong></span> <span class='ocrx_word' id='word_1_55' title='bbox 1233 949 1552 1006; x_wconf 84' lang='lat' dir='ltr'><strong>amicitiam.</strong></span> <span class='ocrx_word' id='word_1_56' title='bbox 1590 946 1802 1001; x_wconf 84' lang='lat' dir='ltr'><strong>Etenim</strong></span> <span class='ocrx_word' id='word_1_57' title='bbox 1830 953 2128 1014; x_wconf 88' lang='lat' dir='ltr'><strong>quantum-</strong></span> 
     </span>
    </p>
   </div>
   <div class='ocr_carea' id='block_1_11' title="bbox 555 1035 2126 1113">
    <p class='ocr_par' dir='ltr' id='par_1_11' title="bbox 555 1035 2126 1113">
     <span class='ocr_line' id='line_1_11' title="bbox 555 1035 2126 1113; baseline -0.006 -15"><span class='ocrx_word' id='word_1_58' title='bbox 555 1045 640 1098; x_wconf 88' lang='lat' dir='ltr'><strong>vis</strong></span> <span class='ocrx_word' id='word_1_59' title='bbox 666 1045 904 1113; x_wconf 83' lang='lat' dir='ltr'><strong>ingratus</strong></span> <span class='ocrx_word' id='word_1_60' title='bbox 931 1042 1226 1103; x_wconf 82' lang='lat' dir='ltr'><strong>exstiteris,</strong></span> <span class='ocrx_word' id='word_1_61' title='bbox 1258 1056 1360 1094; x_wconf 92' lang='lat' dir='ltr'><strong>nos</strong></span> <span class='ocrx_word' id='word_1_62' title='bbox 1391 1050 1594 1102; x_wconf 90' lang='lat' dir='ltr'><strong>tamen,</strong></span> <span class='ocrx_word' id='word_1_63' title='bbox 1625 1044 1685 1090; x_wconf 91' lang='lat' dir='ltr'><strong>ut</strong></span> <span class='ocrx_word' id='word_1_64' title='bbox 1716 1035 1900 1089; x_wconf 86' lang='lat' dir='ltr'><strong>videre</strong></span> <span class='ocrx_word' id='word_1_65' title='bbox 1936 1045 2126 1105; x_wconf 86' lang='lat' dir='ltr'><strong>potes,</strong></span> 
     </span>
    </p>
   </div>
   <div class='ocr_carea' id='block_1_12' title="bbox 556 1127 2129 1202">
    <p class='ocr_par' dir='ltr' id='par_1_12' title="bbox 556 1127 2129 1202">
     <span class='ocr_line' id='line_1_12' title="bbox 556 1127 2129 1202; baseline -0.006 -12"><span class='ocrx_word' id='word_1_66' title='bbox 556 1137 872 1190; x_wconf 84' lang='lat' dir='ltr'><strong>occasiones</strong></span> <span class='ocrx_word' id='word_1_67' title='bbox 956 1132 1368 1202; x_wconf 90' lang='lat' dir='ltr'><strong>nobismetipsis</strong></span> <span class='ocrx_word' id='word_1_68' title='bbox 1454 1127 1898 1192; x_wconf 88' lang='lat' dir='ltr'><strong>ministravimus,</strong></span> <span class='ocrx_word' id='word_1_69' title='bbox 1949 1136 2129 1181; x_wconf 87' lang='lat' dir='ltr'><strong>utne</strong></span> 
     </span>
    </p>
   </div>
   <div class='ocr_carea' id='block_1_13' title="bbox 557 1217 2129 1296">
    <p class='ocr_par' dir='ltr' id='par_1_13' title="bbox 557 1217 2129 1296">
     <span class='ocr_line' id='line_1_13' title="bbox 557 1217 2129 1296; baseline -0.008 -14"><span class='ocrx_word' id='word_1_70' title='bbox 557 1229 642 1282; x_wconf 89' lang='lat' dir='ltr'><strong>vel</strong></span> <span class='ocrx_word' id='word_1_71' title='bbox 701 1228 779 1281; x_wconf 92' lang='lat' dir='ltr'><strong>sic</strong></span> <span class='ocrx_word' id='word_1_72' title='bbox 818 1227 1035 1296; x_wconf 86' lang='lat' dir='ltr'><strong>quidem</strong></span> <span class='ocrx_word' id='word_1_73' title='bbox 1087 1226 1211 1281; x_wconf 91' lang='lat' dir='ltr'><strong>odio</strong></span> <span class='ocrx_word' id='word_1_74' title='bbox 1257 1234 1312 1279; x_wconf 87' lang='lat' dir='ltr'><strong>te</strong></span> <span class='ocrx_word' id='word_1_75' title='bbox 1346 1224 1664 1278; x_wconf 84' lang='lat' dir='ltr'><strong>habeamus.</strong></span> <span class='ocrx_word' id='word_1_76' title='bbox 1705 1220 1786 1274; x_wconf 91' lang='lat' dir='ltr'><strong>Tu</strong></span> <span class='ocrx_word' id='word_1_77' title='bbox 1819 1218 1948 1288; x_wconf 89' lang='lat' dir='ltr'><strong>quid</strong></span> <span class='ocrx_word' id='word_1_78' title='bbox 1979 1217 2046 1272; x_wconf 90' lang='lat' dir='ltr'><strong>de</strong></span> <span class='ocrx_word' id='word_1_79' title='bbox 2074 1227 2129 1271; x_wconf 89' lang='lat' dir='ltr'><strong>te</strong></span> 
     </span>
    </p>
   </div>
   <div class='ocr_carea' id='block_1_14' title="bbox 558 1310 2134 1387">
    <p class='ocr_par' dir='ltr' id='par_1_14' title="bbox 558 1310 2134 1387">
     <span class='ocr_line' id='line_1_14' title="bbox 558 1310 2134 1387; baseline -0.008 -15"><span class='ocrx_word' id='word_1_80' title='bbox 558 1318 809 1373; x_wconf 89' lang='lat' dir='ltr'><strong>homines</strong></span> <span class='ocrx_word' id='word_1_81' title='bbox 853 1317 1148 1387; x_wconf 85' lang='lat' dir='ltr'><strong>opinentur</strong></span> <span class='ocrx_word' id='word_1_82' title='bbox 1188 1315 1505 1370; x_wconf 87' lang='lat' dir='ltr'><strong>considera:</strong></span> <span class='ocrx_word' id='word_1_83' title='bbox 1552 1322 1608 1368; x_wconf 87' lang='lat' dir='ltr'><strong>et</strong></span> <span class='ocrx_word' id='word_1_84' title='bbox 1651 1321 1776 1366; x_wconf 82' lang='lat' dir='ltr'><strong>ante</strong></span> <span class='ocrx_word' id='word_1_85' title='bbox 1824 1310 1948 1374; x_wconf 89' lang='lat' dir='ltr'><strong>alia,</strong></span> <span class='ocrx_word' id='word_1_86' title='bbox 1987 1317 2134 1362; x_wconf 89' lang='lat' dir='ltr'><strong>tuam</strong></span> 
     </span>
    </p>
   </div>
   <div class='ocr_carea' id='block_1_15' title="bbox 560 1399 2136 1481">
    <p class='ocr_par' dir='ltr' id='par_1_15' title="bbox 560 1399 2136 1481">
     <span class='ocr_line' id='line_1_15' title="bbox 560 1399 2136 1481; baseline -0.008 -16"><span class='ocrx_word' id='word_1_87' title='bbox 560 1411 734 1481; x_wconf 90' lang='lat' dir='ltr'><strong>ipsius</strong></span> <span class='ocrx_word' id='word_1_88' title='bbox 795 1409 1212 1472; x_wconf 90' lang='lat' dir='ltr'><strong>conscientiam,</strong></span> <span class='ocrx_word' id='word_1_89' title='bbox 1273 1416 1329 1463; x_wconf 91' lang='lat' dir='ltr'><strong>et</strong></span> <span class='ocrx_word' id='word_1_90' title='bbox 1380 1407 1623 1462; x_wconf 87' lang='lat' dir='ltr'><strong>futurum</strong></span> <span class='ocrx_word' id='word_1_91' title='bbox 1685 1404 1814 1460; x_wconf 92' lang='lat' dir='ltr'><strong>olim</strong></span> <span class='ocrx_word' id='word_1_92' title='bbox 1869 1399 2136 1472; x_wconf 80' lang='lat' dir='ltr'><strong>judicium</strong></span> 
     </span>
    </p>
   </div>
   <div class='ocr_carea' id='block_1_16' title="bbox 559 1503 807 1559">
    <p class='ocr_par' dir='ltr' id='par_1_16' title="bbox 559 1503 807 1559">
     <span class='ocr_line' id='line_1_16' title="bbox 559 1503 807 1559; baseline 0 -2"><span class='ocrx_word' id='word_1_93' title='bbox 559 1503 807 1559; x_wconf 90' lang='lat' dir='ltr'><strong>recolito.</strong></span> 
     </span>
    </p>
   </div>
   <div class='ocr_carea' id='block_1_17' title="bbox 1176 1609 1517 1667">
    <p class='ocr_par' dir='ltr' id='par_1_17' title="bbox 1176 1609 1517 1667">
     <span class='ocr_line' id='line_1_17' title="bbox 1176 1609 1517 1667; baseline -0.006 0"><span class='ocrx_word' id='word_1_94' title='bbox 1176 1611 1396 1667; x_wconf 85' lang='lat' dir='ltr'><strong>EPIST.</strong></span> <span class='ocrx_word' id='word_1_95' title='bbox 1422 1609 1517 1665; x_wconf 83' lang='lat' dir='ltr'><strong>XI.</strong></span> 
     </span>
    </p>
   </div>
   <div class='ocr_carea' id='block_1_18' title="bbox 1086 1702 1616 1760">
    <p class='ocr_par' dir='ltr' id='par_1_18' title="bbox 1086 1702 1616 1760">
     <span class='ocr_line' id='line_1_18' title="bbox 1086 1702 1616 1760; baseline -0.004 -2"><span class='ocrx_word' id='word_1_96' title='bbox 1086 1704 1392 1760; x_wconf 72' lang='lat' dir='ltr'><strong>Alexandro</strong></span> <span class='ocrx_word' id='word_1_97' title='bbox 1418 1702 1616 1756; x_wconf 79' lang='lat' dir='ltr'><strong>comiti.</strong></span> 
     </span>
    </p>
   </div>
   <div class='ocr_carea' id='block_1_19' title="bbox 2223 583 3808 660">
    <p class='ocr_par' dir='ltr' id='par_1_19' title="bbox 2223 583 3808 660">
     <span class='ocr_line' id='line_1_19' title="bbox 2223 583 3808 660; baseline 0.006 -25"><span class='ocrx_word' id='word_1_98' title='bbox 2223 583 2456 654; x_wconf 76' lang='grc' dir='ltr'>ἀμοιϐῆς</span> <span class='ocrx_word' id='word_1_99' title='bbox 2483 585 2778 655; x_wconf 80' lang='grc' dir='ltr'>ἔπραττεν,</span> <span class='ocrx_word' id='word_1_100' title='bbox 2813 585 2928 639; x_wconf 80' lang='grc' dir='ltr'>ἀλλ’</span> <span class='ocrx_word' id='word_1_101' title='bbox 2958 586 3076 656; x_wconf 72' lang='grc' dir='ltr'>ᾔδει</span> <span class='ocrx_word' id='word_1_102' title='bbox 3107 589 3202 641; x_wconf 79' lang='grc' dir='ltr'><strong>καὶ</strong></span> <span class='ocrx_word' id='word_1_103' title='bbox 3243 593 3442 660; x_wconf 82' lang='grc' dir='ltr'>προῖκα</span> <span class='ocrx_word' id='word_1_104' title='bbox 3469 593 3674 658; x_wconf 78' lang='grc' dir='ltr'>φιλεῖν,</span> <span class='ocrx_word' id='word_1_105' title='bbox 3703 596 3808 647; x_wconf 71' lang='grc' dir='ltr'><strong>καὶ</strong></span> 
     </span>
    </p>
   </div>
   <div class='ocr_carea' id='block_1_20' title="bbox 2224 675 3810 750">
    <p class='ocr_par' dir='ltr' id='par_1_20' title="bbox 2224 675 3810 750">
     <span class='ocr_line' id='line_1_20' title="bbox 2224 675 3810 750; baseline 0.006 -23"><span class='ocrx_word' id='word_1_106' title='bbox 2224 675 2316 728; x_wconf 77' lang='grc' dir='ltr'>τὸν</span> <span class='ocrx_word' id='word_1_107' title='bbox 2360 677 2418 730; x_wconf 84' lang='grc' dir='ltr'>ὲν</span> <span class='ocrx_word' id='word_1_108' title='bbox 2445 676 2694 747; x_wconf 75' lang='grc' dir='ltr'>οὐρανοῖς</span> <span class='ocrx_word' id='word_1_109' title='bbox 2740 677 3025 747; x_wconf 85' lang='grc' dir='ltr'>μιμεῖσθαι</span> <span class='ocrx_word' id='word_1_110' title='bbox 3057 680 3308 750; x_wconf 81' lang='grc' dir='ltr'>Πατέρα,</span> <span class='ocrx_word' id='word_1_111' title='bbox 3338 676 3419 745; x_wconf 73' lang='grc' dir='ltr'>οἷς</span> <span class='ocrx_word' id='word_1_112' title='bbox 3458 691 3489 721; x_wconf 73' lang='grc' dir='ltr'><strong>ν</strong></span> <span class='ocrx_word' id='word_1_113' title='bbox 3519 683 3643 737; x_wconf 76' lang='grc' dir='ltr'>οὐδὲ</span> <span class='ocrx_word' id='word_1_114' title='bbox 3673 685 3810 747; x_wconf 74' lang='grc' dir='ltr'>τοὺς</span> 
     </span>
    </p>
   </div>
   <div class='ocr_carea' id='block_1_21' title="bbox 2225 765 3810 844">
    <p class='ocr_par' dir='ltr' id='par_1_21' title="bbox 2225 765 3810 844">
     <span class='ocr_line' id='line_1_21' title="bbox 2225 765 3810 844; baseline 0.006 -27"><span class='ocrx_word' id='word_1_115' title='bbox 2225 765 2450 836; x_wconf 73' lang='grc' dir='ltr'>ἐχθροὺς</span> <span class='ocrx_word' id='word_1_116' title='bbox 2486 767 2877 838; x_wconf 80' lang='grc' dir='ltr'>ἀπεστρέφετο.</span> <span class='ocrx_word' id='word_1_117' title='bbox 2927 771 3040 824; x_wconf 86' lang='grc' dir='ltr'>Ούκ</span> <span class='ocrx_word' id='word_1_118' title='bbox 3087 773 3155 824; x_wconf 80' lang='grc' dir='ltr'>ἂν</span> <span class='ocrx_word' id='word_1_119' title='bbox 3188 771 3279 824; x_wconf 82' lang='grc' dir='ltr'>οὖν</span> <span class='ocrx_word' id='word_1_120' title='bbox 3307 772 3475 844; x_wconf 82' lang='grc' dir='ltr'><strong>λύσῃς</strong></span> <span class='ocrx_word' id='word_1_121' title='bbox 3517 775 3686 839; x_wconf 79' lang='grc' dir='ltr'>αὐτὸς</span> <span class='ocrx_word' id='word_1_122' title='bbox 3710 777 3810 830; x_wconf 80' lang='grc' dir='ltr'>τὸν</span> 
     </span>
    </p>
   </div>
   <div class='ocr_carea' id='block_1_22' title="bbox 2227 857 3812 936">
    <p class='ocr_par' dir='ltr' id='par_1_22' title="bbox 2227 857 3812 936">
     <span class='ocr_line' id='line_1_22' title="bbox 2227 857 3812 936; baseline 0.007 -27"><span class='ocrx_word' id='word_1_123' title='bbox 2227 857 2496 929; x_wconf 78' lang='grc' dir='ltr'>ἡμέτερον</span> <span class='ocrx_word' id='word_1_124' title='bbox 2531 857 2634 928; x_wconf 82' lang='grc' dir='ltr'>τῆς</span> <span class='ocrx_word' id='word_1_125' title='bbox 2667 859 2889 931; x_wconf 83' lang='grc' dir='ltr'><strong>ἀγάπης</strong></span> <span class='ocrx_word' id='word_1_126' title='bbox 2913 861 3097 931; x_wconf 86' lang='grc' dir='ltr'>νόμον,</span> <span class='ocrx_word' id='word_1_127' title='bbox 3132 862 3235 916; x_wconf 87' lang='grc' dir='ltr'>κᾶν</span> <span class='ocrx_word' id='word_1_128' title='bbox 3259 865 3554 936; x_wconf 85' lang='grc' dir='ltr'>ἀγνώμων,</span> <span class='ocrx_word' id='word_1_129' title='bbox 3592 867 3672 929; x_wconf 85' lang='grc' dir='ltr'><strong>ὡς</strong></span> <span class='ocrx_word' id='word_1_130' title='bbox 3700 884 3812 936; x_wconf 69' lang='grc' dir='ltr'><strong>φη·-</strong></span> 
     </span>
    </p>
   </div>
   <div class='ocr_carea' id='block_1_23' title="bbox 2231 949 3813 1031">
    <p class='ocr_par' dir='ltr' id='par_1_23' title="bbox 2231 949 3813 1031">
     <span class='ocr_line' id='line_1_23' title="bbox 2231 949 3813 1031; baseline 0.007 -29"><span class='ocrx_word' id='word_1_131' title='bbox 2231 949 2469 1020; x_wconf 78' lang='grc' dir='ltr'>μίζουσι,</span> <span class='ocrx_word' id='word_1_132' title='bbox 2499 955 2690 1022; x_wconf 79' lang='grc' dir='ltr'>φανῇς,</span> <span class='ocrx_word' id='word_1_133' title='bbox 2725 953 2821 1006; x_wconf 70' lang='grc' dir='ltr'>καὶ</span> <span class='ocrx_word' id='word_1_134' title='bbox 2848 953 2944 1025; x_wconf 81' lang='grc' dir='ltr'>τὴν</span> <span class='ocrx_word' id='word_1_135' title='bbox 2970 955 3151 1024; x_wconf 75' lang='grc' dir='ltr'>φιλίαν</span> <span class='ocrx_word' id='word_1_136' title='bbox 3169 957 3521 1028; x_wconf 68' lang='grc' dir='ltr'>ψευδόμενος.</span> <span class='ocrx_word' id='word_1_137' title='bbox 3549 960 3668 1013; x_wconf 82' lang='grc' dir='ltr'><strong>Καὶ</strong></span> <span class='ocrx_word' id='word_1_138' title='bbox 3697 962 3813 1031; x_wconf 80' lang='grc' dir='ltr'>γὰρ</span> 
     </span>
    </p>
   </div>
   <div class='ocr_carea' id='block_1_24' title="bbox 2230 1037 3815 1124">
    <p class='ocr_par' dir='ltr' id='par_1_24' title="bbox 2230 1037 3815 1124">
     <span class='ocr_line' id='line_1_24' title="bbox 2230 1037 3815 1124; baseline 0.008 -30"><span class='ocrx_word' id='word_1_139' title='bbox 2230 1042 2326 1095; x_wconf 78' lang='grc' dir='ltr'>καὶ</span> <span class='ocrx_word' id='word_1_140' title='bbox 2372 1042 2440 1095; x_wconf 75' lang='grc' dir='ltr'><strong>δι’</strong></span> <span class='ocrx_word' id='word_1_141' title='bbox 2473 1037 2548 1099; x_wconf 79' lang='grc' dir='ltr'>ὧν</span> <span class='ocrx_word' id='word_1_142' title='bbox 2581 1046 3032 1118; x_wconf 80' lang='grc' dir='ltr'>ἁγνωμονήσεις,</span> <span class='ocrx_word' id='word_1_143' title='bbox 3068 1051 3341 1121; x_wconf 69' lang='grc' dir='ltr'>ἀφορμὰς,</span> <span class='ocrx_word' id='word_1_144' title='bbox 3371 1052 3448 1114; x_wconf 84' lang='grc' dir='ltr'><strong>ὡς</strong></span> <span class='ocrx_word' id='word_1_145' title='bbox 3472 1055 3635 1124; x_wconf 75' lang='grc' dir='ltr'>ὁρᾷς,</span> <span class='ocrx_word' id='word_1_146' title='bbox 3673 1055 3815 1124; x_wconf 74' lang='grc' dir='ltr'>ἡμῖν</span> 
     </span>
    </p>
   </div>
   <div class='ocr_carea' id='block_1_25' title="bbox 2231 1135 3814 1216">
    <p class='ocr_par' dir='ltr' id='par_1_25' title="bbox 2231 1135 3814 1216">
     <span class='ocr_line' id='line_1_25' title="bbox 2231 1135 3814 1216; baseline 0.006 -28"><span class='ocrx_word' id='word_1_147' title='bbox 2231 1135 2444 1199; x_wconf 79' lang='grc' dir='ltr'><strong>ἑαυτοῖς</strong></span> <span class='ocrx_word' id='word_1_148' title='bbox 2482 1137 2894 1210; x_wconf 85' lang='grc' dir='ltr'>πεπορίσμεθα,</span> <span class='ocrx_word' id='word_1_149' title='bbox 2948 1140 3016 1194; x_wconf 85' lang='grc' dir='ltr'>δι’</span> <span class='ocrx_word' id='word_1_150' title='bbox 3065 1140 3133 1205; x_wconf 74' lang='grc' dir='ltr'>ἃς</span> <span class='ocrx_word' id='word_1_151' title='bbox 3177 1143 3298 1196; x_wconf 57' lang='lat' dir='ltr'><strong>eos:</strong></span> <span class='ocrx_word' id='word_1_152' title='bbox 3340 1141 3487 1198; x_wconf 76' lang='grc' dir='ltr'>οὕτω</span> <span class='ocrx_word' id='word_1_153' title='bbox 3525 1163 3588 1198; x_wconf 88' lang='grc' dir='ltr'><strong>σε</strong></span> <span class='ocrx_word' id='word_1_154' title='bbox 3627 1148 3814 1216; x_wconf 83' lang='grc' dir='ltr'>μισεῖν</span> 
     </span>
    </p>
   </div>
   <div class='ocr_carea' id='block_1_26' title="bbox 2231 1227 3815 1308">
    <p class='ocr_par' dir='ltr' id='par_1_26' title="bbox 2231 1227 3815 1308">
     <span class='ocr_line' id='line_1_26' title="bbox 2231 1227 3815 1308; baseline 0.006 -28"><span class='ocrx_word' id='word_1_155' title='bbox 2231 1227 2686 1300; x_wconf 81' lang='grc' dir='ltr'>ύπαχθησόμεθα.</span> <span class='ocrx_word' id='word_1_156' title='bbox 2736 1232 2808 1285; x_wconf 82' lang='grc' dir='ltr'><strong>Σὺ</strong></span> <span class='ocrx_word' id='word_1_157' title='bbox 2861 1231 2917 1286; x_wconf 79' lang='grc' dir='ltr'><strong>δὲ</strong></span> <span class='ocrx_word' id='word_1_158' title='bbox 2960 1235 3063 1303; x_wconf 83' lang='grc' dir='ltr'>τὴν</span> <span class='ocrx_word' id='word_1_159' title='bbox 3106 1237 3234 1306; x_wconf 79' lang='grc' dir='ltr'>περὶ</span> <span class='ocrx_word' id='word_1_160' title='bbox 3265 1238 3324 1289; x_wconf 86' lang='grc' dir='ltr'>σὲ</span> <span class='ocrx_word' id='word_1_161' title='bbox 3355 1237 3466 1291; x_wconf 85' lang='grc' dir='ltr'><strong>τῶν</strong></span> <span class='ocrx_word' id='word_1_162' title='bbox 3498 1236 3815 1308; x_wconf 75' lang='grc' dir='ltr'>ἀνθρώπων</span> 
     </span>
    </p>
   </div>
   <div class='ocr_carea' id='block_1_27' title="bbox 2227 1315 3816 1398">
    <p class='ocr_par' dir='ltr' id='par_1_27' title="bbox 2227 1315 3816 1398">
     <span class='ocr_line' id='line_1_27' title="bbox 2227 1315 3816 1398; baseline 0.006 -30"><span class='ocrx_word' id='word_1_163' title='bbox 2227 1315 2383 1379; x_wconf 82' lang='grc' dir='ltr'>δόξαν</span> <span class='ocrx_word' id='word_1_164' title='bbox 2411 1318 2730 1373; x_wconf 73' lang='grc' dir='ltr'>ἐπισκόπειο</span> <span class='ocrx_word' id='word_1_165' title='bbox 2772 1321 2973 1390; x_wconf 84' lang='grc' dir='ltr'>μᾶλλον</span> <span class='ocrx_word' id='word_1_166' title='bbox 2995 1323 3053 1376; x_wconf 87' lang='grc' dir='ltr'>δὲ</span> <span class='ocrx_word' id='word_1_167' title='bbox 3089 1325 3195 1395; x_wconf 81' lang='grc' dir='ltr'><strong>πρῦ</strong></span> <span class='ocrx_word' id='word_1_168' title='bbox 3226 1325 3431 1398; x_wconf 79' lang='grc' dir='ltr'>ταύτης</span> <span class='ocrx_word' id='word_1_169' title='bbox 3457 1327 3524 1380; x_wconf 80' lang='grc' dir='ltr'>τὸ</span> <span class='ocrx_word' id='word_1_170' title='bbox 3550 1326 3649 1381; x_wconf 78' lang='grc' dir='ltr'><strong>σὺν</strong></span> <span class='ocrx_word' id='word_1_171' title='bbox 3682 1345 3816 1380; x_wconf 78' lang='grc' dir='ltr'>συν-</span> 
     </span>
    </p>
   </div>
   <div class='ocr_carea' id='block_1_28' title="bbox 2229 1406 3149 1485">
    <p class='ocr_par' dir='ltr' id='par_1_28' title="bbox 2229 1406 3149 1485">
     <span class='ocr_line' id='line_1_28' title="bbox 2229 1406 3149 1485; baseline 0.01 -27"><span class='ocrx_word' id='word_1_172' title='bbox 2229 1406 2367 1471; x_wconf 82' lang='grc' dir='ltr'>ειδὸς</span> <span class='ocrx_word' id='word_1_173' title='bbox 2401 1409 2492 1462; x_wconf 76' lang='grc' dir='ltr'>καὶ</span> <span class='ocrx_word' id='word_1_174' title='bbox 2521 1410 2582 1462; x_wconf 88' lang='grc' dir='ltr'>τὸ</span> <span class='ocrx_word' id='word_1_175' title='bbox 2608 1411 2819 1464; x_wconf 81' lang='grc' dir='ltr'>ἐκεῖθεν</span> <span class='ocrx_word' id='word_1_176' title='bbox 2846 1413 3149 1485; x_wconf 84' lang='grc' dir='ltr'>κριτήριον.</span> 
     </span>
    </p>
   </div>
   <div class='ocr_carea' id='block_1_29' title="bbox 2825 1607 3204 1665">
    <p class='ocr_par' dir='ltr' id='par_1_29' title="bbox 2825 1607 3204 1665">
     <span class='ocr_line' id='line_1_29' title="bbox 2825 1607 3204 1665; baseline 0.016 -6"><span class='ocrx_word' id='word_1_177' title='bbox 2825 1607 3049 1664; x_wconf 79' lang='grc' dir='ltr'><strong>ΕΠΙΣΤ.</strong></span> <span class='ocrx_word' id='word_1_178' title='bbox 3100 1612 3204 1665; x_wconf 81' lang='lat' dir='ltr'><strong>lA’.</strong></span> 
     </span>
    </p>
   </div>
   <div class='ocr_carea' id='block_1_30' title="bbox 2717 1697 3347 1774">
    <p class='ocr_par' dir='ltr' id='par_1_30' title="bbox 2717 1697 3347 1774">
     <span class='ocr_line' id='line_1_30' title="bbox 2717 1697 3347 1774; baseline 0.01 -22"><span class='ocrx_word' id='word_1_179' title='bbox 2717 1697 3078 1772; x_wconf 74' lang='grc' dir='ltr'>Ἀλεξάνδρῳ</span> <span class='ocrx_word' id='word_1_180' title='bbox 3116 1706 3347 1774; x_wconf 80' lang='grc' dir='ltr'>κόμητι.</span> 
     </span>
    </p>
   </div>
   <div class='ocr_carea' id='block_1_31' title="bbox 1817 1803 2584 1870">
    <p class='ocr_par' dir='ltr' id='par_1_31' title="bbox 1817 1803 2584 1870">
     <span class='ocr_line' id='line_1_31' title="bbox 1817 1803 2584 1870; baseline -0.001 -13"><span class='ocrx_word' id='word_1_181' title='bbox 1817 1807 2083 1857; x_wconf 79' lang='lat' dir='ltr'><strong>Montacut.</strong></span> <span class='ocrx_word' id='word_1_182' title='bbox 2117 1805 2220 1867; x_wconf 85' lang='lat' dir='ltr'><strong>(ep.</strong></span> <span class='ocrx_word' id='word_1_183' title='bbox 2253 1803 2334 1865; x_wconf 70' lang='grc'><strong>46,</strong></span> <span class='ocrx_word' id='word_1_184' title='bbox 2367 1819 2418 1867; x_wconf 90' lang='lat' dir='ltr'><strong>p.</strong></span> <span class='ocrx_word' id='word_1_185' title='bbox 2452 1804 2584 1870; x_wconf 89' lang='grc'><strong>101).</strong></span> 
     </span>
    </p>
   </div>
   <div class='ocr_carea' id='block_1_32' title="bbox 633 1911 2213 1987">
    <p class='ocr_par' dir='ltr' id='par_1_32' title="bbox 633 1911 2213 1987">
     <span class='ocr_line' id='line_1_32' title="bbox 633 1911 2213 1987; baseline -0.01 -9"><span class='ocrx_word' id='word_1_186' title='bbox 633 1920 940 1979; x_wconf 81' lang='lat' dir='ltr'><strong>Alexander</strong></span> <span class='ocrx_word' id='word_1_187' title='bbox 966 1917 1208 1982; x_wconf 81' lang='lat' dir='ltr'><strong>Macedo,</strong></span> <span class='ocrx_word' id='word_1_188' title='bbox 1237 1915 1330 1987; x_wconf 87' lang='lat' dir='ltr'><strong>qui</strong></span> <span class='ocrx_word' id='word_1_189' title='bbox 1368 1915 1423 1968; x_wconf 92' lang='lat' dir='ltr'><strong>in</strong></span> <span class='ocrx_word' id='word_1_190' title='bbox 1447 1927 1715 1968; x_wconf 87' lang='lat' dir='ltr'><strong>summam</strong></span> <span class='ocrx_word' id='word_1_191' title='bbox 1749 1911 2135 1967; x_wconf 86' lang='lat' dir='ltr'><strong>sublimitatem</strong></span> <span class='ocrx_word' id='word_1_192' title='bbox 2166 1912 2213 1970; x_wconf 91' lang='lat' dir='ltr'><strong>B</strong></span> 
     </span>
    </p>
   </div>
   <div class='ocr_carea' id='block_1_33' title="bbox 565 2007 2138 2083">
    <p class='ocr_par' dir='ltr' id='par_1_33' title="bbox 565 2007 2138 2083">
     <span class='ocr_line' id='line_1_33' title="bbox 565 2007 2138 2083; baseline -0.011 -7"><span class='ocrx_word' id='word_1_193' title='bbox 565 2020 746 2076; x_wconf 72' lang='lat' dir='ltr'><strong>evexit</strong></span> <span class='ocrx_word' id='word_1_194' title='bbox 809 2014 1138 2072; x_wconf 84' lang='lat' dir='ltr'><strong>Macedoniae</strong></span> <span class='ocrx_word' id='word_1_195' title='bbox 1209 2025 1458 2083; x_wconf 72' lang='lat' dir='ltr'><strong>regnum,</strong></span> <span class='ocrx_word' id='word_1_196' title='bbox 1512 2024 1578 2064; x_wconf 91' lang='lat' dir='ltr'><strong>eo</strong></span> <span class='ocrx_word' id='word_1_197' title='bbox 1632 2008 1721 2063; x_wconf 91' lang='lat' dir='ltr'><strong>die</strong></span> <span class='ocrx_word' id='word_1_198' title='bbox 1778 2007 2138 2077; x_wconf 89' lang='lat' dir='ltr'><strong>principatum</strong></span> 
     </span>
    </p>
   </div>
   <div class='ocr_carea' id='block_1_34' title="bbox 567 2099 2142 2175">
    <p class='ocr_par' dir='ltr' id='par_1_34' title="bbox 567 2099 2142 2175">
     <span class='ocr_line' id='line_1_34' title="bbox 567 2099 2142 2175; baseline -0.011 -7"><span class='ocrx_word' id='word_1_199' title='bbox 567 2113 850 2168; x_wconf 84' lang='lat' dir='ltr'><strong>abdicasse</strong></span> <span class='ocrx_word' id='word_1_200' title='bbox 875 2108 1178 2172; x_wconf 87' lang='lat' dir='ltr'><strong>videbatur,</strong></span> <span class='ocrx_word' id='word_1_201' title='bbox 1202 2121 1309 2175; x_wconf 94' lang='lat' dir='ltr'><strong>quo</strong></span> <span class='ocrx_word' id='word_1_202' title='bbox 1328 2102 1602 2158; x_wconf 90' lang='lat' dir='ltr'><strong>neminem</strong></span> <span class='ocrx_word' id='word_1_203' title='bbox 1629 2099 1895 2155; x_wconf 83' lang='lat' dir='ltr'><strong>beneficio</strong></span> <span class='ocrx_word' id='word_1_204' title='bbox 1917 2112 2142 2152; x_wconf 87' lang='lat' dir='ltr'><strong>ornasse</strong></span> 
     </span>
    </p>
   </div>
   <div class='ocr_carea' id='block_1_35' title="bbox 565 2191 2142 2262">
    <p class='ocr_par' dir='ltr' id='par_1_35' title="bbox 565 2191 2142 2262">
     <span class='ocr_line' id='line_1_35' title="bbox 565 2191 2142 2262; baseline -0.011 -2"><span class='ocrx_word' id='word_1_205' title='bbox 565 2206 866 2260; x_wconf 84' lang='lat' dir='ltr'><strong>dicebatur.</strong></span> <span class='ocrx_word' id='word_1_206' title='bbox 913 2199 1209 2254; x_wconf 80' lang='lat' dir='ltr'><strong>Rarissime</strong></span> <span class='ocrx_word' id='word_1_207' title='bbox 1252 2197 1355 2251; x_wconf 90' lang='lat' dir='ltr'><strong>hoc</strong></span> <span class='ocrx_word' id='word_1_208' title='bbox 1394 2195 1470 2248; x_wconf 91' lang='lat' dir='ltr'><strong>illi</strong></span> <span class='ocrx_word' id='word_1_209' title='bbox 1509 2194 1585 2248; x_wconf 90' lang='lat' dir='ltr'><strong>ita</strong></span> <span class='ocrx_word' id='word_1_210' title='bbox 1625 2191 2010 2262; x_wconf 82' lang='lat' dir='ltr'><strong>contingebat;</strong></span> <span class='ocrx_word' id='word_1_211' title='bbox 2050 2198 2142 2244; x_wconf 84' lang='lat' dir='ltr'><strong>ut-</strong></span> 
     </span>
    </p>
   </div>
   <div class='ocr_carea' id='block_1_36' title="bbox 570 2284 2142 2368">
    <p class='ocr_par' dir='ltr' id='par_1_36' title="bbox 570 2284 2142 2368">
     <span class='ocr_line' id='line_1_36' title="bbox 570 2284 2142 2368; baseline -0.009 -18"><span class='ocrx_word' id='word_1_212' title='bbox 570 2308 696 2368; x_wconf 86' lang='lat' dir='ltr'><strong>pote</strong></span> <span class='ocrx_word' id='word_1_213' title='bbox 723 2297 816 2366; x_wconf 89' lang='lat' dir='ltr'><strong>qui</strong></span> <span class='ocrx_word' id='word_1_214' title='bbox 839 2295 895 2348; x_wconf 90' lang='lat' dir='ltr'><strong>in</strong></span> <span class='ocrx_word' id='word_1_215' title='bbox 926 2293 1056 2347; x_wconf 90' lang='lat' dir='ltr'><strong>illud</strong></span> <span class='ocrx_word' id='word_1_216' title='bbox 1085 2289 1232 2346; x_wconf 88' lang='lat' dir='ltr'><strong>omni</strong></span> <span class='ocrx_word' id='word_1_217' title='bbox 1264 2287 1444 2344; x_wconf 88' lang='lat' dir='ltr'><strong>studio</strong></span> <span class='ocrx_word' id='word_1_218' title='bbox 1477 2285 1845 2350; x_wconf 82' lang='lat' dir='ltr'><strong>incumbebat,</strong></span> <span class='ocrx_word' id='word_1_219' title='bbox 1883 2292 1942 2338; x_wconf 88' lang='lat' dir='ltr'><strong>ut</strong></span> <span class='ocrx_word' id='word_1_220' title='bbox 1969 2284 2142 2338; x_wconf 90' lang='lat' dir='ltr'><strong>bene-</strong></span> 
     </span>
    </p>
   </div>
   <div class='ocr_carea' id='block_1_37' title="bbox 570 2373 2145 2447">
    <p class='ocr_par' dir='ltr' id='par_1_37' title="bbox 570 2373 2145 2447">
     <span class='ocr_line' id='line_1_37' title="bbox 570 2373 2145 2447; baseline -0.011 -3"><span class='ocrx_word' id='word_1_221' title='bbox 570 2393 771 2444; x_wconf 86' lang='lat' dir='ltr'><strong>l&#39;aceret</strong></span> <span class='ocrx_word' id='word_1_222' title='bbox 799 2384 1128 2441; x_wconf 88' lang='lat' dir='ltr'><strong>hominibus.</strong></span> <span class='ocrx_word' id='word_1_223' title='bbox 1153 2379 1309 2447; x_wconf 87' lang='lat' dir='ltr'><strong>Quod</strong></span> <span class='ocrx_word' id='word_1_224' title='bbox 1333 2378 1377 2434; x_wconf 91' lang='lat' dir='ltr'><strong>si</strong></span> <span class='ocrx_word' id='word_1_225' title='bbox 1407 2377 1678 2432; x_wconf 88' lang='lat' dir='ltr'><strong>interdum</strong></span> <span class='ocrx_word' id='word_1_226' title='bbox 1703 2375 1776 2431; x_wconf 91' lang='lat' dir='ltr'><strong>ita</strong></span> <span class='ocrx_word' id='word_1_227' title='bbox 1796 2373 2145 2445; x_wconf 80' lang='lat' dir='ltr'><strong>contingebat</strong></span> 
     </span>
    </p>
   </div>
   <div class='ocr_carea' id='block_1_38' title="bbox 571 2466 2145 2546">
    <p class='ocr_par' dir='ltr' id='par_1_38' title="bbox 571 2466 2145 2546">
     <span class='ocr_line' id='line_1_38' title="bbox 571 2466 2145 2546; baseline -0.011 -12"><span class='ocrx_word' id='word_1_228' title='bbox 571 2489 631 2534; x_wconf 89' lang='lat' dir='ltr'><strong>ut</strong></span> <span class='ocrx_word' id='word_1_229' title='bbox 676 2476 814 2530; x_wconf 88' lang='lat' dir='ltr'><strong>nihil</strong></span> <span class='ocrx_word' id='word_1_230' title='bbox 856 2482 1172 2546; x_wconf 75' lang='lat' dir='ltr'><strong>praestaret,</strong></span> <span class='ocrx_word' id='word_1_231' title='bbox 1209 2471 1400 2526; x_wconf 87' lang='lat' dir='ltr'><strong>dolens</strong></span> <span class='ocrx_word' id='word_1_232' title='bbox 1433 2468 1679 2523; x_wconf 86' lang='lat' dir='ltr'><strong>dicebat:</strong></span> <span class='ocrx_word' id='word_1_233' title='bbox 1717 2466 1887 2522; x_wconf 81' lang='lat' dir='ltr'><strong>Hodie</strong></span> <span class='ocrx_word' id='word_1_234' title='bbox 1920 2481 2020 2519; x_wconf 85' lang='lat' dir='ltr'><strong>non</strong></span> <span class='ocrx_word' id='word_1_235' title='bbox 2057 2481 2145 2518; x_wconf 85' lang='lat' dir='ltr'><strong>re-</strong></span> 
     </span>
    </p>
   </div>
   <div class='ocr_carea' id='block_1_39' title="bbox 569 2559 2142 2641">
    <p class='ocr_par' dir='ltr' id='par_1_39' title="bbox 569 2559 2142 2641">
     <span class='ocr_line' id='line_1_39' title="bbox 569 2559 2142 2641; baseline -0.008 -19"><span class='ocrx_word' id='word_1_236' title='bbox 569 2569 747 2641; x_wconf 75' lang='lat' dir='ltr'><strong>gnavi.</strong></span> <span class='ocrx_word' id='word_1_237' title='bbox 779 2566 886 2621; x_wconf 90' lang='lat' dir='ltr'><strong>Sed</strong></span> <span class='ocrx_word' id='word_1_238' title='bbox 923 2579 1164 2636; x_wconf 76' lang='lat' dir='ltr'><strong>paganus</strong></span> <span class='ocrx_word' id='word_1_239' title='bbox 1195 2562 1286 2618; x_wconf 89' lang='lat' dir='ltr'><strong>ille</strong></span> <span class='ocrx_word' id='word_1_240' title='bbox 1327 2561 1430 2616; x_wconf 86' lang='lat' dir='ltr'><strong>fuit</strong></span> <span class='ocrx_word' id='word_1_241' title='bbox 1464 2568 1519 2615; x_wconf 82' lang='lat' dir='ltr'><strong>et</strong></span> <span class='ocrx_word' id='word_1_242' title='bbox 1562 2559 1706 2614; x_wconf 91' lang='lat' dir='ltr'><strong>inter</strong></span> <span class='ocrx_word' id='word_1_243' title='bbox 1745 2573 1982 2628; x_wconf 74' lang='lat' dir='ltr'><strong>paganos</strong></span> <span class='ocrx_word' id='word_1_244' title='bbox 2020 2571 2142 2622; x_wconf 86' lang='lat' dir='ltr'><strong>rex,</strong></span> 
     </span>
    </p>
   </div>
   <div class='ocr_carea' id='block_1_40' title="bbox 571 2649 2146 2730">
    <p class='ocr_par' dir='ltr' id='par_1_40' title="bbox 571 2649 2146 2730">
     <span class='ocr_line' id='line_1_40' title="bbox 571 2649 2146 2730; baseline -0.008 -15"><span class='ocrx_word' id='word_1_245' title='bbox 571 2671 626 2716; x_wconf 85' lang='lat' dir='ltr'><strong>et</strong></span> <span class='ocrx_word' id='word_1_246' title='bbox 670 2659 931 2730; x_wconf 88' lang='lat' dir='ltr'><strong>voluptati</strong></span> <span class='ocrx_word' id='word_1_247' title='bbox 975 2668 1138 2728; x_wconf 91' lang='lat' dir='ltr'><strong>atque</strong></span> <span class='ocrx_word' id='word_1_248' title='bbox 1172 2654 1326 2710; x_wconf 79' lang='lat' dir='ltr'><strong>luxui</strong></span> <span class='ocrx_word' id='word_1_249' title='bbox 1365 2653 1601 2714; x_wconf 85' lang='lat' dir='ltr'><strong>deditus,</strong></span> <span class='ocrx_word' id='word_1_250' title='bbox 1643 2661 1700 2706; x_wconf 86' lang='lat' dir='ltr'><strong>et</strong></span> <span class='ocrx_word' id='word_1_251' title='bbox 1734 2651 1805 2706; x_wconf 91' lang='lat' dir='ltr'><strong>ob</strong></span> <span class='ocrx_word' id='word_1_252' title='bbox 1836 2649 2146 2705; x_wconf 83' lang='lat' dir='ltr'><strong>felicitatem</strong></span> 
     </span>
    </p>
   </div>
   <div class='ocr_carea' id='block_1_41' title="bbox 572 2741 2145 2818">
    <p class='ocr_par' dir='ltr' id='par_1_41' title="bbox 572 2741 2145 2818">
     <span class='ocr_line' id='line_1_41' title="bbox 572 2741 2145 2818; baseline -0.01 -10"><span class='ocrx_word' id='word_1_253' title='bbox 572 2751 778 2815; x_wconf 88' lang='lat' dir='ltr'><strong>ebrius,</strong></span> <span class='ocrx_word' id='word_1_254' title='bbox 823 2749 1026 2818; x_wconf 89' lang='lat' dir='ltr'><strong>quique</strong></span> <span class='ocrx_word' id='word_1_255' title='bbox 1054 2746 1160 2801; x_wconf 90' lang='lat' dir='ltr'><strong>sibi</strong></span> <span class='ocrx_word' id='word_1_256' title='bbox 1197 2743 1508 2800; x_wconf 89' lang='lat' dir='ltr'><strong>consimiles</strong></span> <span class='ocrx_word' id='word_1_257' title='bbox 1547 2744 1680 2796; x_wconf 87' lang='lat' dir='ltr'><strong>deos</strong></span> <span class='ocrx_word' id='word_1_258' title='bbox 1715 2755 1935 2796; x_wconf 91' lang='lat' dir='ltr'><strong>suarum</strong></span> <span class='ocrx_word' id='word_1_259' title='bbox 1973 2741 2145 2794; x_wconf 87' lang='lat' dir='ltr'><strong>actio-</strong></span> 
     </span>
    </p>
   </div>
   <div class='ocr_carea' id='block_1_42' title="bbox 574 2831 2148 2908">
    <p class='ocr_par' dir='ltr' id='par_1_42' title="bbox 574 2831 2148 2908">
     <span class='ocr_line' id='line_1_42' title="bbox 574 2831 2148 2908; baseline -0.008 -13"><span class='ocrx_word' id='word_1_260' title='bbox 574 2857 704 2896; x_wconf 91' lang='lat' dir='ltr'><strong>num</strong></span> <span class='ocrx_word' id='word_1_261' title='bbox 727 2840 1065 2908; x_wconf 88' lang='lat' dir='ltr'><strong>inspectorcs</strong></span> <span class='ocrx_word' id='word_1_262' title='bbox 1093 2837 1314 2892; x_wconf 77' lang='lat' dir='ltr'><strong>fecerat.</strong></span> <span class='ocrx_word' id='word_1_263' title='bbox 1343 2834 1424 2890; x_wconf 92' lang='lat' dir='ltr'><strong>Tu</strong></span> <span class='ocrx_word' id='word_1_264' title='bbox 1454 2845 1635 2890; x_wconf 81' lang='lat' dir='ltr'><strong>autem</strong></span> <span class='ocrx_word' id='word_1_265' title='bbox 1655 2831 2001 2888; x_wconf 88' lang='lat' dir='ltr'><strong>Christianus</strong></span> <span class='ocrx_word' id='word_1_266' title='bbox 2021 2845 2148 2884; x_wconf 88' lang='lat' dir='ltr'><strong>cum</strong></span> 
     </span>
    </p>
   </div>
   <div class='ocr_carea' id='block_1_43' title="bbox 573 2918 2146 3000">
    <p class='ocr_par' dir='ltr' id='par_1_43' title="bbox 573 2918 2146 3000">
     <span class='ocr_line' id='line_1_43' title="bbox 573 2918 2146 3000; baseline -0.01 -10"><span class='ocrx_word' id='word_1_267' title='bbox 573 2933 901 2990; x_wconf 79' lang='lat' dir='ltr'><strong>Christianis</strong></span> <span class='ocrx_word' id='word_1_268' title='bbox 943 2931 1154 2993; x_wconf 86' lang='lat' dir='ltr'><strong>vivens,</strong></span> <span class='ocrx_word' id='word_1_269' title='bbox 1201 2938 1257 2983; x_wconf 88' lang='lat' dir='ltr'><strong>et</strong></span> <span class='ocrx_word' id='word_1_270' title='bbox 1299 2930 1412 3000; x_wconf 92' lang='lat' dir='ltr'><strong>(ut</strong></span> <span class='ocrx_word' id='word_1_271' title='bbox 1455 2925 1756 2981; x_wconf 88' lang='lat' dir='ltr'><strong>secundum</strong></span> <span class='ocrx_word' id='word_1_272' title='bbox 1801 2923 1946 2993; x_wconf 79' lang='lat' dir='ltr'><strong>leges</strong></span> <span class='ocrx_word' id='word_1_273' title='bbox 1985 2918 2146 2992; x_wconf 79' lang='lat' dir='ltr'><strong>agas)</strong></span> 
     </span>
    </p>
   </div>
   <div class='ocr_carea' id='block_1_44' title="bbox 576 3013 2150 3093">
    <p class='ocr_par' dir='ltr' id='par_1_44' title="bbox 576 3013 2150 3093">
     <span class='ocr_line' id='line_1_44' title="bbox 576 3013 2150 3093; baseline -0.009 -14"><span class='ocrx_word' id='word_1_274' title='bbox 576 3039 700 3079; x_wconf 89' lang='lat' dir='ltr'><strong>cum</strong></span> <span class='ocrx_word' id='word_1_275' title='bbox 721 3022 951 3093; x_wconf 89' lang='lat' dir='ltr'><strong>imperio</strong></span> <span class='ocrx_word' id='word_1_276' title='bbox 971 3021 1261 3082; x_wconf 85' lang='lat' dir='ltr'><strong>exsistens,</strong></span> <span class='ocrx_word' id='word_1_277' title='bbox 1279 3018 1476 3088; x_wconf 73' lang='lat' dir='ltr'><strong>saepius</strong></span> <span class='ocrx_word' id='word_1_278' title='bbox 1492 3017 1545 3071; x_wconf 90' lang='lat' dir='ltr'><strong>in</strong></span> <span class='ocrx_word' id='word_1_279' title='bbox 1573 3017 1696 3071; x_wconf 72' lang='lat' dir='ltr'><strong>vitae</strong></span> <span class='ocrx_word' id='word_1_280' title='bbox 1719 3029 1879 3070; x_wconf 90' lang='lat' dir='ltr'><strong>cursu</strong></span> <span class='ocrx_word' id='word_1_281' title='bbox 1896 3013 2150 3067; x_wconf 83' lang='lat' dir='ltr'><strong>ﬂuctibus</strong></span> 
     </span>
    </p>
   </div>
   <div class='ocr_carea' id='block_1_45' title="bbox 577 3104 2149 3188">
    <p class='ocr_par' dir='ltr' id='par_1_45' title="bbox 577 3104 2149 3188">
     <span class='ocr_line' id='line_1_45' title="bbox 577 3104 2149 3188; baseline -0.008 -18"><span class='ocrx_word' id='word_1_282' title='bbox 577 3117 811 3188; x_wconf 81' lang='lat' dir='ltr'><strong>agitatus</strong></span> <span class='ocrx_word' id='word_1_283' title='bbox 843 3113 1112 3177; x_wconf 85' lang='lat' dir='ltr'><strong>obrueris,</strong></span> <span class='ocrx_word' id='word_1_284' title='bbox 1156 3111 1209 3166; x_wconf 90' lang='lat' dir='ltr'><strong>in</strong></span> <span class='ocrx_word' id='word_1_285' title='bbox 1244 3110 1375 3180; x_wconf 89' lang='lat' dir='ltr'><strong>ipsis</strong></span> <span class='ocrx_word' id='word_1_286' title='bbox 1412 3108 1601 3173; x_wconf 84' lang='lat' dir='ltr'><strong>sacris,</strong></span> <span class='ocrx_word' id='word_1_287' title='bbox 1642 3108 1785 3161; x_wconf 90' lang='lat' dir='ltr'><strong>inter</strong></span> <span class='ocrx_word' id='word_1_288' title='bbox 1817 3104 2149 3165; x_wconf 88' lang='lat' dir='ltr'><strong>sacerdotes,</strong></span> 
     </span>
    </p>
   </div>
   <div class='ocr_carea' id='block_1_46' title="bbox 579 3200 2150 3278">
    <p class='ocr_par' dir='ltr' id='par_1_46' title="bbox 579 3200 2150 3278">
     <span class='ocr_line' id='line_1_46' title="bbox 579 3200 2150 3278; baseline -0.007 -16"><span class='ocrx_word' id='word_1_289' title='bbox 579 3210 742 3278; x_wconf 86' lang='lat' dir='ltr'><strong>idque</strong></span> <span class='ocrx_word' id='word_1_290' title='bbox 783 3222 908 3261; x_wconf 86' lang='lat' dir='ltr'><strong>cum</strong></span> <span class='ocrx_word' id='word_1_291' title='bbox 952 3203 1364 3275; x_wconf 87' lang='lat' dir='ltr'><strong>temperantiam</strong></span> <span class='ocrx_word' id='word_1_292' title='bbox 1407 3211 1462 3257; x_wconf 92' lang='lat' dir='ltr'><strong>et</strong></span> <span class='ocrx_word' id='word_1_293' title='bbox 1498 3202 1752 3256; x_wconf 86' lang='lat' dir='ltr'><strong>virtutem</strong></span> <span class='ocrx_word' id='word_1_294' title='bbox 1795 3200 2063 3254; x_wconf 87' lang='lat' dir='ltr'><strong>honorare.</strong></span> <span class='ocrx_word' id='word_1_295' title='bbox 2097 3205 2150 3251; x_wconf 87' lang='lat' dir='ltr'><strong>te</strong></span> 
     </span>
    </p>
   </div>
   <div class='ocr_carea' id='block_1_47' title="bbox 581 3290 2146 3372">
    <p class='ocr_par' dir='ltr' id='par_1_47' title="bbox 581 3290 2146 3372">
     <span class='ocr_line' id='line_1_47' title="bbox 581 3290 2146 3372; baseline -0.008 -16"><span class='ocrx_word' id='word_1_296' title='bbox 581 3316 692 3356; x_wconf 91' lang='lat' dir='ltr'><strong>non</strong></span> <span class='ocrx_word' id='word_1_297' title='bbox 729 3314 916 3372; x_wconf 82' lang='lat' dir='ltr'><strong>neges,</strong></span> <span class='ocrx_word' id='word_1_298' title='bbox 951 3297 1044 3353; x_wconf 87' lang='lat' dir='ltr'><strong>sed</strong></span> <span class='ocrx_word' id='word_1_299' title='bbox 1074 3303 1129 3351; x_wconf 85' lang='lat' dir='ltr'><strong>et</strong></span> <span class='ocrx_word' id='word_1_300' title='bbox 1166 3311 1334 3350; x_wconf 90' lang='lat' dir='ltr'><strong>unum</strong></span> <span class='ocrx_word' id='word_1_301' title='bbox 1364 3294 1514 3349; x_wconf 89' lang='lat' dir='ltr'><strong>illum</strong></span> <span class='ocrx_word' id='word_1_302' title='bbox 1546 3308 1735 3348; x_wconf 91' lang='lat' dir='ltr'><strong>verum</strong></span> <span class='ocrx_word' id='word_1_303' title='bbox 1775 3291 1945 3346; x_wconf 87' lang='lat' dir='ltr'><strong>Deum</strong></span> <span class='ocrx_word' id='word_1_304' title='bbox 1979 3290 2146 3345; x_wconf 79' lang='lat' dir='ltr'><strong>actio-</strong></span> 
     </span>
    </p>
   </div>
   <div class='ocr_carea' id='block_1_48' title="bbox 582 3384 2148 3458">
    <p class='ocr_par' dir='ltr' id='par_1_48' title="bbox 582 3384 2148 3458">
     <span class='ocr_line' id='line_1_48' title="bbox 582 3384 2148 3458; baseline -0.006 -12"><span class='ocrx_word' id='word_1_305' title='bbox 582 3409 712 3447; x_wconf 89' lang='lat' dir='ltr'><strong>num</strong></span> <span class='ocrx_word' id='word_1_306' title='bbox 755 3391 998 3446; x_wconf 90' lang='lat' dir='ltr'><strong>omnium</strong></span> <span class='ocrx_word' id='word_1_307' title='bbox 1035 3389 1394 3458; x_wconf 88' lang='lat' dir='ltr'><strong>inspectorem</strong></span> <span class='ocrx_word' id='word_1_308' title='bbox 1427 3384 1613 3440; x_wconf 89' lang='lat' dir='ltr'><strong>fallere</strong></span> <span class='ocrx_word' id='word_1_309' title='bbox 1644 3399 1755 3438; x_wconf 92' lang='lat' dir='ltr'><strong>non</strong></span> <span class='ocrx_word' id='word_1_310' title='bbox 1786 3398 1942 3454; x_wconf 88' lang='lat' dir='ltr'><strong>posse</strong></span> <span class='ocrx_word' id='word_1_311' title='bbox 1971 3390 2148 3453; x_wconf 84' lang='lat' dir='ltr'><strong>putes.</strong></span> 
     </span>
    </p>
   </div>
   <div class='ocr_carea' id='block_1_49' title="bbox 582 3473 2153 3551">
    <p class='ocr_par' dir='ltr' id='par_1_49' title="bbox 582 3473 2153 3551">
     <span class='ocr_line' id='line_1_49' title="bbox 582 3473 2153 3551; baseline -0.008 -12"><span class='ocrx_word' id='word_1_312' title='bbox 582 3484 723 3551; x_wconf 89' lang='lat' dir='ltr'><strong>Quid</strong></span> <span class='ocrx_word' id='word_1_313' title='bbox 753 3484 880 3538; x_wconf 90' lang='lat' dir='ltr'><strong>hinc</strong></span> <span class='ocrx_word' id='word_1_314' title='bbox 910 3490 1186 3551; x_wconf 88' lang='lat' dir='ltr'><strong>sequatur,</strong></span> <span class='ocrx_word' id='word_1_315' title='bbox 1213 3493 1405 3550; x_wconf 75' lang='lat' dir='ltr'><strong>gravor</strong></span> <span class='ocrx_word' id='word_1_316' title='bbox 1443 3492 1542 3547; x_wconf 80' lang='lat' dir='ltr'><strong>ego</strong></span> <span class='ocrx_word' id='word_1_317' title='bbox 1568 3475 1769 3530; x_wconf 86' lang='lat' dir='ltr'><strong>dicere.</strong></span> <span class='ocrx_word' id='word_1_318' title='bbox 1806 3473 1938 3528; x_wconf 92' lang='lat' dir='ltr'><strong>lllud</strong></span> <span class='ocrx_word' id='word_1_319' title='bbox 1971 3482 2153 3528; x_wconf 89' lang='lat' dir='ltr'><strong>autem</strong></span> 
     </span>
    </p>
   </div>
   <div class='ocr_carea' id='block_1_50' title="bbox 583 3564 2153 3638">
    <p class='ocr_par' dir='ltr' id='par_1_50' title="bbox 583 3564 2153 3638">
     <span class='ocr_line' id='line_1_50' title="bbox 583 3564 2153 3638; baseline -0.009 -7"><span class='ocrx_word' id='word_1_320' title='bbox 583 3576 813 3638; x_wconf 85' lang='lat' dir='ltr'><strong>aflirmo,</strong></span> <span class='ocrx_word' id='word_1_321' title='bbox 835 3573 1110 3628; x_wconf 89' lang='lat' dir='ltr'><strong>neminem</strong></span> <span class='ocrx_word' id='word_1_322' title='bbox 1142 3587 1172 3627; x_wconf 91' lang='lat' dir='ltr'><strong>e</strong></span> <span class='ocrx_word' id='word_1_323' title='bbox 1200 3580 1295 3625; x_wconf 87' lang='lat' dir='ltr'><strong>tuo</strong></span> <span class='ocrx_word' id='word_1_324' title='bbox 1321 3569 1552 3625; x_wconf 89' lang='lat' dir='ltr'><strong>subditis</strong></span> <span class='ocrx_word' id='word_1_325' title='bbox 1572 3566 1825 3638; x_wconf 80' lang='lat' dir='ltr'><strong>regimini</strong></span> <span class='ocrx_word' id='word_1_326' title='bbox 1851 3581 1990 3632; x_wconf 88' lang='lat' dir='ltr'><strong>esse,</strong></span> <span class='ocrx_word' id='word_1_327' title='bbox 2023 3564 2153 3635; x_wconf 92' lang='lat' dir='ltr'><strong>quin</strong></span> 
     </span>
    </p>
   </div>
   <div class='ocr_carea' id='block_1_51' title="bbox 585 3659 2155 3736">
    <p class='ocr_par' dir='ltr' id='par_1_51' title="bbox 585 3659 2155 3736">
     <span class='ocr_line' id='line_1_51' title="bbox 585 3659 2155 3736; baseline -0.008 -14"><span class='ocrx_word' id='word_1_328' title='bbox 585 3670 704 3722; x_wconf 89' lang='lat' dir='ltr'><strong>loco</strong></span> <span class='ocrx_word' id='word_1_329' title='bbox 733 3665 958 3736; x_wconf 82' lang='lat' dir='ltr'><strong>alicujus</strong></span> <span class='ocrx_word' id='word_1_330' title='bbox 989 3663 1236 3719; x_wconf 86' lang='lat' dir='ltr'><strong>beneficii</strong></span> <span class='ocrx_word' id='word_1_331' title='bbox 1262 3672 1357 3717; x_wconf 90' lang='lat' dir='ltr'><strong>aut</strong></span> <span class='ocrx_word' id='word_1_332' title='bbox 1384 3659 1731 3732; x_wconf 82' lang='lat' dir='ltr'><strong>benignitatis</strong></span> <span class='ocrx_word' id='word_1_333' title='bbox 1772 3673 1934 3729; x_wconf 89' lang='lat' dir='ltr'><strong>quam</strong></span> <span class='ocrx_word' id='word_1_334' title='bbox 1987 3672 2155 3728; x_wconf 80' lang='lat' dir='ltr'><strong>agno-</strong></span> 
     </span>
    </p>
   </div>
   <div class='ocr_carea' id='block_1_52' title="bbox 584 3750 2153 3825">
    <p class='ocr_par' dir='ltr' id='par_1_52' title="bbox 584 3750 2153 3825">
     <span class='ocr_line' id='line_1_52' title="bbox 584 3750 2153 3825; baseline -0.009 -10"><span class='ocrx_word' id='word_1_335' title='bbox 584 3775 737 3815; x_wconf 86' lang='lat' dir='ltr'><strong>scere</strong></span> <span class='ocrx_word' id='word_1_336' title='bbox 760 3758 940 3820; x_wconf 87' lang='lat' dir='ltr'><strong>vellet,</strong></span> <span class='ocrx_word' id='word_1_337' title='bbox 963 3772 1073 3810; x_wconf 91' lang='lat' dir='ltr'><strong>non</strong></span> <span class='ocrx_word' id='word_1_338' title='bbox 1100 3755 1360 3825; x_wconf 89' lang='lat' dir='ltr'><strong>supplicia</strong></span> <span class='ocrx_word' id='word_1_339' title='bbox 1381 3754 1623 3823; x_wconf 90' lang='lat' dir='ltr'><strong>deplorat</strong></span> <span class='ocrx_word' id='word_1_340' title='bbox 1643 3750 1880 3805; x_wconf 87' lang='lat' dir='ltr'><strong>inaudita</strong></span> <span class='ocrx_word' id='word_1_341' title='bbox 1899 3750 2153 3819; x_wconf 80' lang='lat' dir='ltr'><strong>irrogata,</strong></span> 
     </span>
    </p>
   </div>
   <div class='ocr_carea' id='block_1_53' title="bbox 585 3837 2157 3914">
    <p class='ocr_par' dir='ltr' id='par_1_53' title="bbox 585 3837 2157 3914">
     <span class='ocr_line' id='line_1_53' title="bbox 585 3837 2157 3914; baseline -0.008 -10"><span class='ocrx_word' id='word_1_342' title='bbox 585 3859 679 3904; x_wconf 91' lang='lat' dir='ltr'><strong>aut</strong></span> <span class='ocrx_word' id='word_1_343' title='bbox 729 3849 989 3903; x_wconf 89' lang='lat' dir='ltr'><strong>damnum</strong></span> <span class='ocrx_word' id='word_1_344' title='bbox 1037 3847 1244 3900; x_wconf 89' lang='lat' dir='ltr'><strong>illatum</strong></span> <span class='ocrx_word' id='word_1_345' title='bbox 1303 3845 1757 3914; x_wconf 77' lang='lat' dir='ltr'><strong>inexspectatum.</strong></span> <span class='ocrx_word' id='word_1_346' title='bbox 1803 3841 1956 3894; x_wconf 87' lang='lat' dir='ltr'><strong>Alius</strong></span> <span class='ocrx_word' id='word_1_347' title='bbox 2009 3837 2157 3892; x_wconf 89' lang='lat' dir='ltr'><strong>aliud</strong></span> 
     </span>
    </p>
   </div>
   <div class='ocr_carea' id='block_1_54' title="bbox 587 3930 2157 4011">
    <p class='ocr_par' dir='ltr' id='par_1_54' title="bbox 587 3930 2157 4011">
     <span class='ocr_line' id='line_1_54' title="bbox 587 3930 2157 4011; baseline -0.01 -15"><span class='ocrx_word' id='word_1_348' title='bbox 587 3941 801 4011; x_wconf 74' lang='lat' dir='ltr'><strong>insigne</strong></span> <span class='ocrx_word' id='word_1_349' title='bbox 828 3939 1040 3994; x_wconf 84' lang='lat' dir='ltr'><strong>facinus</strong></span> <span class='ocrx_word' id='word_1_350' title='bbox 1059 3938 1261 3992; x_wconf 69' lang='lat' dir='ltr'><strong>dextrae</strong></span> <span class='ocrx_word' id='word_1_351' title='bbox 1282 3945 1388 3990; x_wconf 65' lang='lat' dir='ltr'><strong>tua:</strong></span> <span class='ocrx_word' id='word_1_352' title='bbox 1410 3935 1610 4006; x_wconf 78' lang='lat' dir='ltr'><strong>tragico</strong></span> <span class='ocrx_word' id='word_1_353' title='bbox 1643 3932 1914 3987; x_wconf 90' lang='lat' dir='ltr'><strong>cothurno</strong></span> <span class='ocrx_word' id='word_1_354' title='bbox 1935 3930 2157 4000; x_wconf 79' lang='lat' dir='ltr'><strong>dignum</strong></span> 
     </span>
    </p>
   </div>
   <div class='ocr_carea' id='block_1_55' title="bbox 586 4020 2160 4101">
    <p class='ocr_par' dir='ltr' id='par_1_55' title="bbox 586 4020 2160 4101">
     <span class='ocr_line' id='line_1_55' title="bbox 586 4020 2160 4101; baseline -0.008 -14"><span class='ocrx_word' id='word_1_355' title='bbox 586 4032 877 4101; x_wconf 89' lang='lat' dir='ltr'><strong>deplorans</strong></span> <span class='ocrx_word' id='word_1_356' title='bbox 905 4029 1094 4084; x_wconf 88' lang='lat' dir='ltr'><strong>refert.</strong></span> <span class='ocrx_word' id='word_1_357' title='bbox 1113 4028 1249 4082; x_wconf 82' lang='lat' dir='ltr'><strong>Cum</strong></span> <span class='ocrx_word' id='word_1_358' title='bbox 1273 4026 1579 4080; x_wconf 82' lang='lat' dir='ltr'><strong>Alexander</strong></span> <span class='ocrx_word' id='word_1_359' title='bbox 1597 4040 1720 4078; x_wconf 87' lang='lat' dir='ltr'><strong>eum</strong></span> <span class='ocrx_word' id='word_1_360' title='bbox 1744 4023 1929 4077; x_wconf 90' lang='lat' dir='ltr'><strong>dolore</strong></span> <span class='ocrx_word' id='word_1_361' title='bbox 1958 4020 2160 4092; x_wconf 90' lang='lat' dir='ltr'><strong>profes-</strong></span> 
     </span>
    </p>
   </div>
   <div class='ocr_carea' id='block_1_56' title="bbox 589 4112 2157 4189">
    <p class='ocr_par' dir='ltr' id='par_1_56' title="bbox 589 4112 2157 4189">
     <span class='ocr_line' id='line_1_56' title="bbox 589 4112 2157 4189; baseline -0.008 -11"><span class='ocrx_word' id='word_1_362' title='bbox 589 4139 683 4178; x_wconf 86' lang='lat' dir='ltr'><strong>sus</strong></span> <span class='ocrx_word' id='word_1_363' title='bbox 726 4121 888 4178; x_wconf 84' lang='lat' dir='ltr'><strong>fuerit</strong></span> <span class='ocrx_word' id='word_1_364' title='bbox 934 4139 948 4174; x_wconf 90' lang='lat'><strong>:</strong></span> <span class='ocrx_word' id='word_1_365' title='bbox 992 4120 1165 4174; x_wconf 81' lang='lat' dir='ltr'><strong>Hodie</strong></span> <span class='ocrx_word' id='word_1_366' title='bbox 1214 4120 1440 4189; x_wconf 80' lang='lat' dir='ltr'><strong>quidem</strong></span> <span class='ocrx_word' id='word_1_367' title='bbox 1481 4133 1573 4171; x_wconf 77' lang='lat' dir='ltr'><strong>rex</strong></span> <span class='ocrx_word' id='word_1_368' title='bbox 1600 4132 1703 4170; x_wconf 83' lang='lat' dir='ltr'><strong>non</strong></span> <span class='ocrx_word' id='word_1_369' title='bbox 1737 4115 1814 4186; x_wconf 78' lang='lat' dir='ltr'><strong>{ui</strong></span> <span class='ocrx_word' id='word_1_370' title='bbox 1847 4130 1863 4168; x_wconf 90' lang='lat'><strong><em>:</em></strong></span> <span class='ocrx_word' id='word_1_371' title='bbox 1896 4122 1974 4176; x_wconf 90' lang='lat' dir='ltr'><strong>tu,</strong></span> <span class='ocrx_word' id='word_1_372' title='bbox 2013 4112 2157 4182; x_wconf 88' lang='lat' dir='ltr'><strong>quod</strong></span> 
     </span>
    </p>
   </div>
   <div class='ocr_carea' id='block_1_57' title="bbox 589 4205 2158 4283">
    <p class='ocr_par' dir='ltr' id='par_1_57' title="bbox 589 4205 2158 4283">
     <span class='ocr_line' id='line_1_57' title="bbox 589 4205 2158 4283; baseline -0.008 -13"><span class='ocrx_word' id='word_1_373' title='bbox 589 4216 826 4280; x_wconf 79' lang='lat' dir='ltr'><strong>videtur,</strong></span> <span class='ocrx_word' id='word_1_374' title='bbox 863 4229 971 4268; x_wconf 92' lang='lat' dir='ltr'><strong>non</strong></span> <span class='ocrx_word' id='word_1_375' title='bbox 1011 4211 1318 4283; x_wconf 67' lang='lat' dir='ltr'><strong>praeterlabi</strong></span> <span class='ocrx_word' id='word_1_376' title='bbox 1356 4209 1452 4264; x_wconf 92' lang='lat' dir='ltr'><strong>tibi</strong></span> <span class='ocrx_word' id='word_1_377' title='bbox 1498 4208 1641 4263; x_wconf 89' lang='lat' dir='ltr'><strong>diem</strong></span> <span class='ocrx_word' id='word_1_378' title='bbox 1680 4205 1923 4276; x_wconf 86' lang='lat' dir='ltr'><strong>patieris,</strong></span> <span class='ocrx_word' id='word_1_379' title='bbox 1961 4205 2016 4259; x_wconf 91' lang='lat' dir='ltr'><strong>in</strong></span> <span class='ocrx_word' id='word_1_380' title='bbox 2049 4218 2158 4275; x_wconf 89' lang='lat' dir='ltr'><strong>quo</strong></span> 
     </span>
    </p>
   </div>
   <div class='ocr_carea' id='block_1_58' title="bbox 589 4299 1948 4373">
    <p class='ocr_par' dir='ltr' id='par_1_58' title="bbox 589 4299 1948 4373">
     <span class='ocr_line' id='line_1_58' title="bbox 589 4299 1948 4373; baseline -0.007 -11"><span class='ocrx_word' id='word_1_381' title='bbox 589 4323 699 4363; x_wconf 92' lang='lat' dir='ltr'><strong>non</strong></span> <span class='ocrx_word' id='word_1_382' title='bbox 723 4307 963 4363; x_wconf 80' lang='lat' dir='ltr'><strong>rerearis</strong></span> <span class='ocrx_word' id='word_1_383' title='bbox 989 4306 1170 4360; x_wconf 88' lang='lat' dir='ltr'><strong>dicere</strong></span> <span class='ocrx_word' id='word_1_384' title='bbox 1202 4320 1215 4356; x_wconf 89' lang='lat'><strong>:</strong></span> <span class='ocrx_word' id='word_1_385' title='bbox 1247 4302 1414 4357; x_wconf 78' lang='lat' dir='ltr'><strong>Hodie</strong></span> <span class='ocrx_word' id='word_1_386' title='bbox 1440 4311 1696 4373; x_wconf 66' lang='lat' dir='ltr'><strong>tyrannus</strong></span> <span class='ocrx_word' id='word_1_387' title='bbox 1720 4315 1825 4352; x_wconf 83' lang='lat' dir='ltr'><strong>non</strong></span> <span class='ocrx_word' id='word_1_388' title='bbox 1848 4299 1948 4370; x_wconf 81' lang='lat' dir='ltr'><strong>fui.</strong></span> 
     </span>
    </p>
   </div>
   <div class='ocr_carea' id='block_1_59' title="bbox 1187 4413 1563 4470">
    <p class='ocr_par' dir='ltr' id='par_1_59' title="bbox 1187 4413 1563 4470">
     <span class='ocr_line' id='line_1_59' title="bbox 1187 4413 1563 4470; baseline -0.011 0"><span class='ocrx_word' id='word_1_389' title='bbox 1187 4413 1396 4470; x_wconf 80' lang='lat' dir='ltr'><strong>EPIS&#39;I‘.</strong></span> <span class='ocrx_word' id='word_1_390' title='bbox 1450 4414 1563 4467; x_wconf 71' lang='lat' dir='ltr'><strong>XII.</strong></span> 
     </span>
    </p>
   </div>
   <div class='ocr_carea' id='block_1_60' title="bbox 1124 4507 1613 4578">
    <p class='ocr_par' dir='ltr' id='par_1_60' title="bbox 1124 4507 1613 4578">
     <span class='ocr_line' id='line_1_60' title="bbox 1124 4507 1613 4578; baseline 0 -17"><span class='ocrx_word' id='word_1_391' title='bbox 1124 4509 1320 4562; x_wconf 78' lang='lat' dir='ltr'><strong>Basilio</strong></span> <span class='ocrx_word' id='word_1_392' title='bbox 1352 4507 1613 4578; x_wconf 76' lang='lat' dir='ltr'><strong>qua‘stori.</strong></span> 
     </span>
    </p>
   </div>
   <div class='ocr_carea' id='block_1_61' title="bbox 2327 1910 3818 1997">
    <p class='ocr_par' dir='ltr' id='par_1_61' title="bbox 2327 1910 3818 1997">
     <span class='ocr_line' id='line_1_61' title="bbox 2327 1910 3818 1997; baseline 0.013 -34"><span class='ocrx_word' id='word_1_393' title='bbox 2327 1910 2671 1984; x_wconf 79' lang='grc' dir='ltr'>Ἀλέξανδρος</span> <span class='ocrx_word' id='word_1_394' title='bbox 2707 1918 2736 1968; x_wconf 83' lang='grc' dir='ltr'>ὁ</span> <span class='ocrx_word' id='word_1_395' title='bbox 2769 1917 3056 1984; x_wconf 84' lang='grc' dir='ltr'>Μακεδὼν,</span> <span class='ocrx_word' id='word_1_396' title='bbox 3087 1921 3181 1974; x_wconf 76' lang='grc' dir='ltr'>καὶ</span> <span class='ocrx_word' id='word_1_397' title='bbox 3205 1923 3535 1977; x_wconf 74' lang='grc' dir='ltr'><strong>Μακεδόνων</strong></span> <span class='ocrx_word' id='word_1_398' title='bbox 3565 1925 3706 1997; x_wconf 82' lang='grc' dir='ltr'>ἄρας</span> <span class='ocrx_word' id='word_1_399' title='bbox 3738 1932 3818 1993; x_wconf 79' lang='grc' dir='ltr'><strong>είς</strong></span> 
     </span>
    </p>
   </div>
   <div class='ocr_carea' id='block_1_62' title="bbox 2242 2000 3815 2089">
    <p class='ocr_par' dir='ltr' id='par_1_62' title="bbox 2242 2000 3815 2089">
     <span class='ocr_line' id='line_1_62' title="bbox 2242 2000 3815 2089; baseline 0.013 -36"><span class='ocrx_word' id='word_1_400' title='bbox 2242 2000 2374 2071; x_wconf 77' lang='grc' dir='ltr'>ὕψος</span> <span class='ocrx_word' id='word_1_401' title='bbox 2398 2003 2498 2074; x_wconf 81' lang='grc' dir='ltr'>τὴν</span> <span class='ocrx_word' id='word_1_402' title='bbox 2527 2004 2821 2074; x_wconf 88' lang='grc' dir='ltr'>βασιλείαν,</span> <span class='ocrx_word' id='word_1_403' title='bbox 2868 2011 2990 2063; x_wconf 75' lang='grc' dir='ltr'>κατ’</span> <span class='ocrx_word' id='word_1_404' title='bbox 3018 2012 3234 2082; x_wconf 74' lang='grc' dir='ltr'>ἐκείνην</span> <span class='ocrx_word' id='word_1_405' title='bbox 3261 2014 3360 2086; x_wconf 82' lang='grc' dir='ltr'>τὴν</span> <span class='ocrx_word' id='word_1_406' title='bbox 3393 2017 3613 2089; x_wconf 74' lang='grc' dir='ltr'>ἡμέραν</span> <span class='ocrx_word' id='word_1_407' title='bbox 3642 2019 3815 2073; x_wconf 58' lang='grc' dir='ltr'>ὲῶκει</span> 
     </span>
    </p>
   </div>
   <div class='ocr_carea' id='block_1_63' title="bbox 2242 2094 3816 2179">
    <p class='ocr_par' dir='ltr' id='par_1_63' title="bbox 2242 2094 3816 2179">
     <span class='ocr_line' id='line_1_63' title="bbox 2242 2094 3816 2179; baseline 0.012 -33"><span class='ocrx_word' id='word_1_408' title='bbox 2242 2095 2510 2149; x_wconf 85' lang='grc' dir='ltr'>παύεσθαι</span> <span class='ocrx_word' id='word_1_409' title='bbox 2558 2100 2657 2167; x_wconf 78' lang='grc' dir='ltr'>τῆς</span> <span class='ocrx_word' id='word_1_410' title='bbox 2688 2094 2895 2174; x_wconf 79' lang='grc' dir='ltr'>ἀρχῆς,</span> <span class='ocrx_word' id='word_1_411' title='bbox 2925 2102 3047 2156; x_wconf 85' lang='grc' dir='ltr'>καθ’</span> <span class='ocrx_word' id='word_1_412' title='bbox 3088 2103 3155 2174; x_wconf 74' lang='grc' dir='ltr'>ἢν</span> <span class='ocrx_word' id='word_1_413' title='bbox 3203 2107 3575 2179; x_wconf 77' lang='grc' dir='ltr'><strong>εὐεργετήσας</strong></span> <span class='ocrx_word' id='word_1_414' title='bbox 3624 2111 3816 2165; x_wconf 70' lang='grc' dir='ltr'>οὐδένα</span> 
     </span>
    </p>
   </div>
   <div class='ocr_carea' id='block_1_64' title="bbox 2242 2188 3811 2266">
    <p class='ocr_par' dir='ltr' id='par_1_64' title="bbox 2242 2188 3811 2266">
     <span class='ocr_line' id='line_1_64' title="bbox 2242 2188 3811 2266; baseline 0.01 -26"><span class='ocrx_word' id='word_1_415' title='bbox 2242 2188 2532 2244; x_wconf 78' lang='grc' dir='ltr'><strong>ἐδείκνυτο.</strong></span> <span class='ocrx_word' id='word_1_416' title='bbox 2578 2192 2810 2248; x_wconf 85' lang='grc' dir='ltr'>Σπάνιον</span> <span class='ocrx_word' id='word_1_417' title='bbox 2839 2193 2895 2247; x_wconf 84' lang='grc' dir='ltr'><strong>δὲ</strong></span> <span class='ocrx_word' id='word_1_418' title='bbox 2931 2195 3079 2266; x_wconf 84' lang='grc' dir='ltr'>αὐτῷ</span> <span class='ocrx_word' id='word_1_419' title='bbox 3117 2198 3177 2250; x_wconf 69' lang='grc' dir='ltr'>τὸ</span> <span class='ocrx_word' id='word_1_420' title='bbox 3205 2201 3414 2253; x_wconf 84' lang='grc' dir='ltr'>τοιοῦτο</span> <span class='ocrx_word' id='word_1_421' title='bbox 3443 2203 3811 2266; x_wconf 74' lang='grc' dir='ltr'>συνέπιπτεν,</span> 
     </span>
    </p>
   </div>
   <div class='ocr_carea' id='block_1_65' title="bbox 2243 2281 3816 2359">
    <p class='ocr_par' dir='ltr' id='par_1_65' title="bbox 2243 2281 3816 2359">
     <span class='ocr_line' id='line_1_65' title="bbox 2243 2281 3816 2359; baseline 0.008 -25"><span class='ocrx_word' id='word_1_422' title='bbox 2243 2281 2339 2334; x_wconf 77' lang='grc' dir='ltr'>ἅτε</span> <span class='ocrx_word' id='word_1_423' title='bbox 2389 2283 2621 2354; x_wconf 70' lang='grc' dir='ltr'>μελέτην</span> <span class='ocrx_word' id='word_1_424' title='bbox 2642 2285 2830 2354; x_wconf 74' lang='grc' dir='ltr'>ἄγοντι</span> <span class='ocrx_word' id='word_1_425' title='bbox 2869 2287 3174 2359; x_wconf 84' lang='grc' dir='ltr'>ἀνθρώποις</span> <span class='ocrx_word' id='word_1_426' title='bbox 3206 2292 3464 2346; x_wconf 86' lang='grc' dir='ltr'>εύποιεῖν.</span> <span class='ocrx_word' id='word_1_427' title='bbox 3503 2294 3566 2346; x_wconf 83' lang='grc' dir='ltr'><strong>Εἰ</strong></span> <span class='ocrx_word' id='word_1_428' title='bbox 3599 2295 3658 2346; x_wconf 79' lang='grc' dir='ltr'>δέ</span> <span class='ocrx_word' id='word_1_429' title='bbox 3692 2312 3816 2348; x_wconf 69' lang='lat' dir='ltr'><strong>mre</strong></span> 
     </span>
    </p>
   </div>
   <div class='ocr_carea' id='block_1_66' title="bbox 2243 2376 3816 2455">
    <p class='ocr_par' dir='ltr' id='par_1_66' title="bbox 2243 2376 3816 2455">
     <span class='ocr_line' id='line_1_66' title="bbox 2243 2376 3816 2455; baseline 0.008 -27"><span class='ocrx_word' id='word_1_430' title='bbox 2243 2377 2338 2429; x_wconf 71' lang='lat' dir='ltr'><strong>xui.</strong></span> <span class='ocrx_word' id='word_1_431' title='bbox 2393 2376 2740 2448; x_wconf 87' lang='grc' dir='ltr'>συμπέσειεν,</span> <span class='ocrx_word' id='word_1_432' title='bbox 2787 2380 3085 2452; x_wconf 82' lang='grc' dir='ltr'>ἀνιώμενος</span> <span class='ocrx_word' id='word_1_433' title='bbox 3130 2383 3318 2453; x_wconf 78' lang='grc' dir='ltr'>ἔλεγε·</span> <span class='ocrx_word' id='word_1_434' title='bbox 3375 2387 3659 2455; x_wconf 64' lang='grc' dir='ltr'><strong>,Σήμερον⁹</strong></span> <span class='ocrx_word' id='word_1_435' title='bbox 3709 2391 3816 2442; x_wconf 63' lang='grc' dir='ltr'>οὐκ.</span> 
     </span>
    </p>
   </div>
   <div class='ocr_carea' id='block_1_67' title="bbox 2243 2469 3816 2548">
    <p class='ocr_par' dir='ltr' id='par_1_67' title="bbox 2243 2469 3816 2548">
     <span class='ocr_line' id='line_1_67' title="bbox 2243 2469 3816 2548; baseline 0.006 -25"><span class='ocrx_word' id='word_1_436' title='bbox 2243 2469 2634 2526; x_wconf 73' lang='grc' dir='ltr'>ἐϐασίλευσα.</span> <span class='ocrx_word' id='word_1_437' title='bbox 2691 2473 2830 2527; x_wconf 79' lang='grc' dir='ltr'>Ἀλλ’</span> <span class='ocrx_word' id='word_1_438' title='bbox 2863 2475 2892 2525; x_wconf 83' lang='grc' dir='ltr'>ὁ</span> <span class='ocrx_word' id='word_1_439' title='bbox 2940 2476 3037 2544; x_wconf 80' lang='grc' dir='ltr'>μὲν</span> <span class='ocrx_word' id='word_1_440' title='bbox 3090 2476 3312 2548; x_wconf 81' lang='grc' dir='ltr'>Ἕλλην,</span> <span class='ocrx_word' id='word_1_441' title='bbox 3366 2477 3464 2531; x_wconf 76' lang='grc' dir='ltr'>καὶ</span> <span class='ocrx_word' id='word_1_442' title='bbox 3497 2479 3557 2530; x_wconf 81' lang='grc' dir='ltr'>ἐν</span> <span class='ocrx_word' id='word_1_443' title='bbox 3595 2480 3816 2548; x_wconf 75' lang='grc' dir='ltr'>Ἕλλησι</span> 
     </span>
    </p>
   </div>
   <div class='ocr_carea' id='block_1_68' title="bbox 2244 2560 3820 2639">
    <p class='ocr_par' dir='ltr' id='par_1_68' title="bbox 2244 2560 3820 2639">
     <span class='ocr_line' id='line_1_68' title="bbox 2244 2560 3820 2639; baseline 0.005 -26"><span class='ocrx_word' id='word_1_444' title='bbox 2244 2561 2342 2614; x_wconf 75' lang='grc' dir='ltr'>καὶ</span> <span class='ocrx_word' id='word_1_445' title='bbox 2377 2560 2662 2631; x_wconf 76' lang='grc' dir='ltr'>βασιλεύς’</span> <span class='ocrx_word' id='word_1_446' title='bbox 2699 2563 2794 2617; x_wconf 68' lang='grc' dir='ltr'>καὶ</span> <span class='ocrx_word' id='word_1_447' title='bbox 2827 2565 3052 2635; x_wconf 77' lang='grc' dir='ltr'>ἡδονῶν,</span> <span class='ocrx_word' id='word_1_448' title='bbox 3085 2568 3178 2619; x_wconf 72' lang='grc' dir='ltr'>καὶ</span> <span class='ocrx_word' id='word_1_449' title='bbox 3209 2568 3423 2638; x_wconf 72' lang='grc' dir='ltr'>τρυφῆς</span> <span class='ocrx_word' id='word_1_450' title='bbox 3445 2570 3542 2621; x_wconf 73' lang='grc' dir='ltr'>καὶ</span> <span class='ocrx_word' id='word_1_451' title='bbox 3565 2568 3820 2639; x_wconf 74' lang='grc' dir='ltr'>εὐτυχίαν</span> 
     </span>
    </p>
   </div>
   <div class='ocr_carea' id='block_1_69' title="bbox 2250 2649 3821 2726">
    <p class='ocr_par' dir='ltr' id='par_1_69' title="bbox 2250 2649 3821 2726">
     <span class='ocr_line' id='line_1_69' title="bbox 2250 2649 3821 2726; baseline 0.002 -23"><span class='ocrx_word' id='word_1_452' title='bbox 2250 2649 2462 2721; x_wconf 83' lang='grc' dir='ltr'>μεθύων</span> <span class='ocrx_word' id='word_1_453' title='bbox 2485 2651 2789 2722; x_wconf 81' lang='grc' dir='ltr'>ἄνθρωπος,</span> <span class='ocrx_word' id='word_1_454' title='bbox 2834 2655 2929 2706; x_wconf 73' lang='grc' dir='ltr'>καὶ</span> <span class='ocrx_word' id='word_1_455' title='bbox 2973 2654 3130 2718; x_wconf 76' lang='grc' dir='ltr'>θεοὺς</span> <span class='ocrx_word' id='word_1_456' title='bbox 3161 2654 3434 2718; x_wconf 82' lang='grc' dir='ltr'>τοιούτους</span> <span class='ocrx_word' id='word_1_457' title='bbox 3479 2656 3588 2726; x_wconf 83' lang='grc' dir='ltr'>τῆς</span> <span class='ocrx_word' id='word_1_458' title='bbox 3619 2657 3821 2719; x_wconf 75' lang='grc' dir='ltr'>οἰκείας</span> 
     </span>
    </p>
   </div>
   <div class='ocr_carea' id='block_1_70' title="bbox 2248 2743 3822 2816">
    <p class='ocr_par' dir='ltr' id='par_1_70' title="bbox 2248 2743 3822 2816">
     <span class='ocr_line' id='line_1_70' title="bbox 2248 2743 3822 2816; baseline 0.004 -23"><span class='ocrx_word' id='word_1_459' title='bbox 2248 2743 2522 2806; x_wconf 80' lang='grc' dir='ltr'>πολιτείας</span> <span class='ocrx_word' id='word_1_460' title='bbox 2549 2745 2777 2816; x_wconf 70' lang='grc' dir='ltr'>ἐφόρους</span> <span class='ocrx_word' id='word_1_461' title='bbox 2820 2745 3162 2816; x_wconf 86' lang='grc' dir='ltr'>ποιούμενος.</span> <span class='ocrx_word' id='word_1_462' title='bbox 3193 2747 3266 2800; x_wconf 80' lang='grc' dir='ltr'><strong>Σὺ</strong></span> <span class='ocrx_word' id='word_1_463' title='bbox 3291 2747 3349 2800; x_wconf 70' lang='grc' dir='ltr'><strong>δὲ</strong></span> <span class='ocrx_word' id='word_1_464' title='bbox 3395 2747 3615 2811; x_wconf 81' lang='grc' dir='ltr'>πιστὸς,</span> <span class='ocrx_word' id='word_1_465' title='bbox 3657 2749 3749 2800; x_wconf 78' lang='grc' dir='ltr'>καὶ</span> <span class='ocrx_word' id='word_1_466' title='bbox 3767 2750 3822 2800; x_wconf 80' lang='grc' dir='ltr'><strong>έν</strong></span> 
     </span>
    </p>
   </div>
   <div class='ocr_carea' id='block_1_71' title="bbox 2249 2836 3825 2912">
    <p class='ocr_par' dir='ltr' id='par_1_71' title="bbox 2249 2836 3825 2912">
     <span class='ocr_line' id='line_1_71' title="bbox 2249 2836 3825 2912; baseline 0.004 -25"><span class='ocrx_word' id='word_1_467' title='bbox 2249 2838 2460 2901; x_wconf 84' lang='grc' dir='ltr'>πιστοῖς</span> <span class='ocrx_word' id='word_1_468' title='bbox 2490 2836 2584 2890; x_wconf 79' lang='grc' dir='ltr'>καὶ</span> <span class='ocrx_word' id='word_1_469' title='bbox 2616 2839 2754 2908; x_wconf 82' lang='grc' dir='ltr'>μετὰ</span> <span class='ocrx_word' id='word_1_470' title='bbox 2779 2838 2889 2892; x_wconf 83' lang='grc' dir='ltr'>τῶν</span> <span class='ocrx_word' id='word_1_471' title='bbox 2923 2840 3103 2909; x_wconf 79' lang='grc' dir='ltr'>νόμων</span> <span class='ocrx_word' id='word_1_472' title='bbox 3130 2840 3314 2912; x_wconf 81' lang='grc' dir='ltr'>ἄρχειν</span> <span class='ocrx_word' id='word_1_473' title='bbox 3339 2840 3705 2910; x_wconf 81' lang='grc' dir='ltr'>τεταγμένος,</span> <span class='ocrx_word' id='word_1_474' title='bbox 3735 2843 3825 2893; x_wconf 80' lang='grc' dir='ltr'>καὶ</span> 
     </span>
    </p>
   </div>
   <div class='ocr_carea' id='block_1_72' title="bbox 2251 2927 3826 3003">
    <p class='ocr_par' dir='ltr' id='par_1_72' title="bbox 2251 2927 3826 3003">
     <span class='ocr_line' id='line_1_72' title="bbox 2251 2927 3826 3003; baseline 0.001 -22"><span class='ocrx_word' id='word_1_475' title='bbox 2251 2927 2424 2981; x_wconf 83' lang='grc' dir='ltr'>πολλὰ</span> <span class='ocrx_word' id='word_1_476' title='bbox 2443 2929 2794 2998; x_wconf 82' lang='grc' dir='ltr'>προσπταίων</span> <span class='ocrx_word' id='word_1_477' title='bbox 2815 2929 2908 2983; x_wconf 80' lang='grc' dir='ltr'>τοῦ</span> <span class='ocrx_word' id='word_1_478' title='bbox 2930 2930 3046 2999; x_wconf 84' lang='grc' dir='ltr'>βίου</span> <span class='ocrx_word' id='word_1_479' title='bbox 3063 2934 3172 2995; x_wconf 84' lang='grc' dir='ltr'>τοῖς</span> <span class='ocrx_word' id='word_1_480' title='bbox 3196 2932 3423 3000; x_wconf 72' lang='grc' dir='ltr'>κύμασν</span> <span class='ocrx_word' id='word_1_481' title='bbox 3443 2933 3543 2985; x_wconf 77' lang='grc' dir='ltr'>καὶ</span> <span class='ocrx_word' id='word_1_482' title='bbox 3562 2934 3625 2984; x_wconf 83' lang='grc' dir='ltr'><strong>έν</strong></span> <span class='ocrx_word' id='word_1_483' title='bbox 3646 2933 3826 3003; x_wconf 77' lang='grc' dir='ltr'>μέσοις</span> 
     </span>
    </p>
   </div>
   <div class='ocr_carea' id='block_1_73' title="bbox 2250 3019 3827 3092">
    <p class='ocr_par' dir='ltr' id='par_1_73' title="bbox 2250 3019 3827 3092">
     <span class='ocr_line' id='line_1_73' title="bbox 2250 3019 3827 3092; baseline 0.003 -20"><span class='ocrx_word' id='word_1_484' title='bbox 2250 3019 2434 3083; x_wconf 84' lang='grc' dir='ltr'>αὐτοῖς</span> <span class='ocrx_word' id='word_1_485' title='bbox 2466 3022 2631 3090; x_wconf 76' lang='grc' dir='ltr'>ἱεροῖς</span> <span class='ocrx_word' id='word_1_486' title='bbox 2654 3020 2749 3074; x_wconf 75' lang='grc' dir='ltr'>καὶ</span> <span class='ocrx_word' id='word_1_487' title='bbox 2773 3021 2997 3092; x_wconf 74' lang='grc' dir='ltr'>ἱερεῦσι,</span> <span class='ocrx_word' id='word_1_488' title='bbox 3022 3023 3116 3077; x_wconf 73' lang='grc' dir='ltr'>καὶ</span> <span class='ocrx_word' id='word_1_489' title='bbox 3141 3024 3470 3092; x_wconf 75' lang='grc' dir='ltr'>ἐγκράτειαν</span> <span class='ocrx_word' id='word_1_490' title='bbox 3500 3023 3601 3077; x_wconf 80' lang='grc' dir='ltr'><strong>καὶ</strong></span> <span class='ocrx_word' id='word_1_491' title='bbox 3630 3023 3827 3092; x_wconf 74' lang='grc' dir='ltr'>ἀρετὴν</span> 
     </span>
    </p>
   </div>
   <div class='ocr_carea' id='block_1_74' title="bbox 2249 3113 3827 3186">
    <p class='ocr_par' dir='ltr' id='par_1_74' title="bbox 2249 3113 3827 3186">
     <span class='ocr_line' id='line_1_74' title="bbox 2249 3113 3827 3186; baseline 0.001 -22"><span class='ocrx_word' id='word_1_492' title='bbox 2249 3114 2413 3183; x_wconf 81' lang='grc' dir='ltr'>τιμᾷν</span> <span class='ocrx_word' id='word_1_493' title='bbox 2432 3113 2532 3167; x_wconf 90' lang='grc' dir='ltr'><strong>ούκ</strong></span> <span class='ocrx_word' id='word_1_494' title='bbox 2555 3113 2886 3184; x_wconf 80' lang='grc' dir='ltr'>ἀρνούμενος</span> <span class='ocrx_word' id='word_1_495' title='bbox 2904 3131 2916 3143; x_wconf 88' lang='grc'><strong>·</strong></span> <span class='ocrx_word' id='word_1_496' title='bbox 2943 3116 3032 3170; x_wconf 73' lang='grc' dir='ltr'>ναὶ</span> <span class='ocrx_word' id='word_1_497' title='bbox 3055 3116 3120 3186; x_wconf 84' lang='grc' dir='ltr'><strong>δὴ</strong></span> <span class='ocrx_word' id='word_1_498' title='bbox 3145 3117 3241 3169; x_wconf 70' lang='grc' dir='ltr'>καὶ</span> <span class='ocrx_word' id='word_1_499' title='bbox 3267 3116 3360 3168; x_wconf 77' lang='grc' dir='ltr'>τὸν</span> <span class='ocrx_word' id='word_1_500' title='bbox 3383 3115 3546 3186; x_wconf 76' lang='grc' dir='ltr'>μόνον</span> <span class='ocrx_word' id='word_1_501' title='bbox 3573 3115 3827 3184; x_wconf 72' lang='grc' dir='ltr'>ἀληθινὸν</span> 
     </span>
    </p>
   </div>
   <div class='ocr_carea' id='block_1_75' title="bbox 2250 3204 3830 3290">
    <p class='ocr_par' dir='ltr' id='par_1_75' title="bbox 2250 3204 3830 3290">
     <span class='ocr_line' id='line_1_75' title="bbox 2250 3204 3830 3290; baseline 0.001 -34"><span class='ocrx_word' id='word_1_502' title='bbox 2250 3204 2382 3256; x_wconf 84' lang='grc' dir='ltr'>Θεὸν</span> <span class='ocrx_word' id='word_1_503' title='bbox 2407 3204 2652 3275; x_wconf 75' lang='grc' dir='ltr'>ἐπόπτην</span> <span class='ocrx_word' id='word_1_504' title='bbox 2679 3206 2790 3290; x_wconf 82' lang='grc' dir='ltr'><strong>τῶν</strong></span> <span class='ocrx_word' id='word_1_505' title='bbox 2815 3207 3123 3276; x_wconf 81' lang='grc' dir='ltr'>πρακτέων,</span> <span class='ocrx_word' id='word_1_506' title='bbox 3160 3209 3222 3260; x_wconf 78' lang='grc' dir='ltr'>οὐ</span> <span class='ocrx_word' id='word_1_507' title='bbox 3255 3208 3352 3277; x_wconf 83' lang='grc' dir='ltr'>μὲν</span> <span class='ocrx_word' id='word_1_508' title='bbox 3377 3204 3472 3261; x_wconf 85' lang='grc' dir='ltr'>οὖν</span> <span class='ocrx_word' id='word_1_509' title='bbox 3501 3208 3606 3260; x_wconf 76' lang='grc' dir='ltr'>οὐκ</span> <span class='ocrx_word' id='word_1_510' title='bbox 3632 3208 3700 3262; x_wconf 80' lang='grc' dir='ltr'>ἄν</span> <span class='ocrx_word' id='word_1_511' title='bbox 3738 3208 3830 3260; x_wconf 80' lang='grc' dir='ltr'>δυ-</span> 
     </span>
    </p>
   </div>
   <div class='ocr_carea' id='block_1_76' title="bbox 2253 3295 3828 3367">
    <p class='ocr_par' dir='ltr' id='par_1_76' title="bbox 2253 3295 3828 3367">
     <span class='ocr_line' id='line_1_76' title="bbox 2253 3295 3828 3367; baseline 0.002 -20"><span class='ocrx_word' id='word_1_512' title='bbox 2253 3297 2485 3365; x_wconf 84' lang='grc' dir='ltr'>νάμενος</span> <span class='ocrx_word' id='word_1_513' title='bbox 2537 3295 3030 3367; x_wconf 80' lang='grc' dir='ltr'>παραγράψασθαι.</span> <span class='ocrx_word' id='word_1_514' title='bbox 3099 3297 3262 3351; x_wconf 80' lang='grc' dir='ltr'>Ἀλλὰ</span> <span class='ocrx_word' id='word_1_515' title='bbox 3316 3300 3370 3352; x_wconf 86' lang='grc' dir='ltr'><strong>τί</strong></span> <span class='ocrx_word' id='word_1_516' title='bbox 3425 3300 3491 3353; x_wconf 82' lang='grc' dir='ltr'>τὸ</span> <span class='ocrx_word' id='word_1_517' title='bbox 3542 3299 3828 3362; x_wconf 75' lang='grc' dir='ltr'>ὲντεῦθενς</span> 
     </span>
    </p>
   </div>
   <div class='ocr_carea' id='block_1_77' title="bbox 2266 3385 3831 3461">
    <p class='ocr_par' dir='ltr' id='par_1_77' title="bbox 2266 3385 3831 3461">
     <span class='ocr_line' id='line_1_77' title="bbox 2266 3385 3831 3461; baseline 0.004 -22"><span class='ocrx_word' id='word_1_518' title='bbox 2266 3385 2408 3454; x_wconf 86' lang='grc' dir='ltr'>Ἐγὼ</span> <span class='ocrx_word' id='word_1_519' title='bbox 2436 3387 2536 3458; x_wconf 87' lang='grc' dir='ltr'>μὲν</span> <span class='ocrx_word' id='word_1_520' title='bbox 2574 3390 2748 3441; x_wconf 79' lang='grc' dir='ltr'>εἰπεῖν</span> <span class='ocrx_word' id='word_1_521' title='bbox 2783 3389 3026 3446; x_wconf 84' lang='grc' dir='ltr'>ἀποκνῶ.</span> <span class='ocrx_word' id='word_1_522' title='bbox 3061 3390 3208 3461; x_wconf 84' lang='grc' dir='ltr'>Πλὴν</span> <span class='ocrx_word' id='word_1_523' title='bbox 3244 3391 3343 3444; x_wconf 82' lang='grc' dir='ltr'>οὐκ</span> <span class='ocrx_word' id='word_1_524' title='bbox 3377 3392 3527 3445; x_wconf 75' lang='grc' dir='ltr'>ἐστιν</span> <span class='ocrx_word' id='word_1_525' title='bbox 3562 3393 3696 3446; x_wconf 73' lang='grc' dir='ltr'>ἰδεῖν</span> <span class='ocrx_word' id='word_1_526' title='bbox 3737 3395 3831 3446; x_wconf 82' lang='grc' dir='ltr'>ού-</span> 
     </span>
    </p>
   </div>
   <div class='ocr_carea' id='block_1_78' title="bbox 2253 3479 3831 3556">
    <p class='ocr_par' dir='ltr' id='par_1_78' title="bbox 2253 3479 3831 3556">
     <span class='ocr_line' id='line_1_78' title="bbox 2253 3479 3831 3556; baseline 0.003 -24"><span class='ocrx_word' id='word_1_527' title='bbox 2253 3479 2378 3532; x_wconf 87' lang='grc' dir='ltr'>δένα</span> <span class='ocrx_word' id='word_1_528' title='bbox 2403 3479 2511 3532; x_wconf 85' lang='grc' dir='ltr'><strong>τῶν</strong></span> <span class='ocrx_word' id='word_1_529' title='bbox 2541 3480 2644 3533; x_wconf 83' lang='grc' dir='ltr'><strong>ύπὺ</strong></span> <span class='ocrx_word' id='word_1_530' title='bbox 2674 3481 2754 3544; x_wconf 84' lang='grc' dir='ltr'>σὲ,</span> <span class='ocrx_word' id='word_1_531' title='bbox 2787 3481 2846 3543; x_wconf 77' lang='grc' dir='ltr'>ὃς</span> <span class='ocrx_word' id='word_1_532' title='bbox 2873 3483 2992 3535; x_wconf 75' lang='grc' dir='ltr'>ἀντὶ</span> <span class='ocrx_word' id='word_1_533' title='bbox 3020 3483 3115 3536; x_wconf 81' lang='grc' dir='ltr'>τοῦ</span> <span class='ocrx_word' id='word_1_534' title='bbox 3143 3483 3304 3553; x_wconf 83' lang='grc' dir='ltr'>χάριν</span> <span class='ocrx_word' id='word_1_535' title='bbox 3329 3485 3653 3552; x_wconf 74' lang='grc' dir='ltr'>εὐεργεσίας</span> <span class='ocrx_word' id='word_1_536' title='bbox 3681 3486 3716 3556; x_wconf 74' lang='grc' dir='ltr'>ἦ</span> <span class='ocrx_word' id='word_1_537' title='bbox 3747 3503 3831 3537; x_wconf 85' lang='grc' dir='ltr'>τι·</span> 
     </span>
    </p>
   </div>
   <div class='ocr_carea' id='block_1_79' title="bbox 2258 3571 3835 3647">
    <p class='ocr_par' dir='ltr' id='par_1_79' title="bbox 2258 3571 3835 3647">
     <span class='ocr_line' id='line_1_79' title="bbox 2258 3571 3835 3647; baseline 0.001 -21"><span class='ocrx_word' id='word_1_538' title='bbox 2258 3590 2346 3636; x_wconf 93' lang='grc' dir='ltr'><strong>νος</strong></span> <span class='ocrx_word' id='word_1_539' title='bbox 2391 3572 2558 3641; x_wconf 77' lang='grc' dir='ltr'>ἄλλης</span> <span class='ocrx_word' id='word_1_540' title='bbox 2601 3571 3008 3643; x_wconf 86' lang='grc' dir='ltr'>φιλανθρωπίας</span> <span class='ocrx_word' id='word_1_541' title='bbox 3053 3574 3356 3644; x_wconf 81' lang='grc' dir='ltr'>ὁμολογεῖν,</span> <span class='ocrx_word' id='word_1_542' title='bbox 3388 3577 3511 3646; x_wconf 72' lang='grc' dir='ltr'>οὐχὶ</span> <span class='ocrx_word' id='word_1_543' title='bbox 3555 3577 3835 3647; x_wconf 73' lang='grc' dir='ltr'>τιμωρίαν</span> 
     </span>
    </p>
   </div>
   <div class='ocr_carea' id='block_1_80' title="bbox 2255 3664 3838 3736">
    <p class='ocr_par' dir='ltr' id='par_1_80' title="bbox 2255 3664 3838 3736">
     <span class='ocr_line' id='line_1_80' title="bbox 2255 3664 3838 3736; baseline 0.002 -19"><span class='ocrx_word' id='word_1_544' title='bbox 2255 3665 2355 3717; x_wconf 84' lang='grc' dir='ltr'>οὐκ</span> <span class='ocrx_word' id='word_1_545' title='bbox 2397 3665 2647 3734; x_wconf 87' lang='grc' dir='ltr'>ὀδύρεται</span> <span class='ocrx_word' id='word_1_546' title='bbox 2686 3664 2913 3735; x_wconf 77' lang='grc' dir='ltr'>ἄκριτον</span> <span class='ocrx_word' id='word_1_547' title='bbox 2949 3664 2982 3735; x_wconf 83' lang='grc' dir='ltr'><strong>ἢ</strong></span> <span class='ocrx_word' id='word_1_548' title='bbox 3015 3665 3218 3735; x_wconf 81' lang='grc' dir='ltr'>ζημίαν</span> <span class='ocrx_word' id='word_1_549' title='bbox 3256 3667 3682 3736; x_wconf 75' lang='grc' dir='ltr'>ἀπροφάσιστον.</span> <span class='ocrx_word' id='word_1_550' title='bbox 3716 3668 3838 3721; x_wconf 78' lang='grc' dir='ltr'>Καὶ</span> 
     </span>
    </p>
   </div>
   <div class='ocr_carea' id='block_1_81' title="bbox 2256 3755 3834 3830">
    <p class='ocr_par' dir='ltr' id='par_1_81' title="bbox 2256 3755 3834 3830">
     <span class='ocr_line' id='line_1_81' title="bbox 2256 3755 3834 3830; baseline 0.001 -20"><span class='ocrx_word' id='word_1_551' title='bbox 2256 3757 2412 3819; x_wconf 80' lang='grc' dir='ltr'>ἄλλος</span> <span class='ocrx_word' id='word_1_552' title='bbox 2435 3755 2560 3808; x_wconf 82' lang='grc' dir='ltr'>ἄλλο</span> <span class='ocrx_word' id='word_1_553' title='bbox 2587 3774 2638 3809; x_wconf 88' lang='grc' dir='ltr'><strong>τι</strong></span> <span class='ocrx_word' id='word_1_554' title='bbox 2668 3755 2827 3826; x_wconf 76' lang='grc' dir='ltr'>ἔργον</span> <span class='ocrx_word' id='word_1_555' title='bbox 2851 3758 2950 3828; x_wconf 83' lang='grc' dir='ltr'>τῆς</span> <span class='ocrx_word' id='word_1_556' title='bbox 2977 3757 3074 3827; x_wconf 84' lang='grc' dir='ltr'>σῆς</span> <span class='ocrx_word' id='word_1_557' title='bbox 3107 3758 3286 3824; x_wconf 81' lang='grc' dir='ltr'>δεξιᾶς</span> <span class='ocrx_word' id='word_1_558' title='bbox 3316 3760 3583 3830; x_wconf 77' lang='grc' dir='ltr'>τραγικῆς</span> <span class='ocrx_word' id='word_1_559' title='bbox 3614 3760 3834 3828; x_wconf 57' lang='grc' dir='ltr'><strong>ηηής</strong></span> 
     </span>
    </p>
   </div>
   <div class='ocr_carea' id='block_1_82' title="bbox 2257 3846 3830 3920">
    <p class='ocr_par' dir='ltr' id='par_1_82' title="bbox 2257 3846 3830 3920">
     <span class='ocr_line' id='line_1_82' title="bbox 2257 3846 3830 3920; baseline 0.002 -21"><span class='ocrx_word' id='word_1_560' title='bbox 2257 3846 2435 3916; x_wconf 86' lang='grc' dir='ltr'>θέαμα</span> <span class='ocrx_word' id='word_1_561' title='bbox 2464 3848 2961 3918; x_wconf 74' lang='grc' dir='ltr'>κατολοφυρόμενος</span> <span class='ocrx_word' id='word_1_562' title='bbox 3002 3847 3371 3920; x_wconf 72' lang='grc' dir='ltr'>διεξέρχεταιο</span> <span class='ocrx_word' id='word_1_563' title='bbox 3419 3849 3528 3902; x_wconf 82' lang='grc' dir='ltr'>ἀλλ’</span> <span class='ocrx_word' id='word_1_564' title='bbox 3566 3849 3830 3914; x_wconf 77' lang='grc' dir='ltr'>Ἀλέξαν-</span> 
     </span>
    </p>
   </div>
   <div class='ocr_carea' id='block_1_83' title="bbox 2257 3937 3835 4010">
    <p class='ocr_par' dir='ltr' id='par_1_83' title="bbox 2257 3937 3835 4010">
     <span class='ocr_line' id='line_1_83' title="bbox 2257 3937 3835 4010; baseline 0.003 -20"><span class='ocrx_word' id='word_1_565' title='bbox 2257 3937 2380 4009; x_wconf 87' lang='grc' dir='ltr'>δρος</span> <span class='ocrx_word' id='word_1_566' title='bbox 2403 3939 2501 4009; x_wconf 88' lang='grc' dir='ltr'>μὲν</span> <span class='ocrx_word' id='word_1_567' title='bbox 2518 3938 2818 4009; x_wconf 76' lang='grc' dir='ltr'>ἀνιώμενος</span> <span class='ocrx_word' id='word_1_568' title='bbox 2846 3939 2998 4008; x_wconf 75' lang='grc' dir='ltr'>ἔλεγέ</span> <span class='ocrx_word' id='word_1_569' title='bbox 3024 3957 3173 3994; x_wconf 87' lang='grc' dir='ltr'>ποτε·</span> <span class='ocrx_word' id='word_1_570' title='bbox 3201 3941 3473 4010; x_wconf 76' lang='grc' dir='ltr'>Σήμερον</span> <span class='ocrx_word' id='word_1_571' title='bbox 3485 3945 3584 3996; x_wconf 77' lang='grc' dir='ltr'>οὐκ</span> <span class='ocrx_word' id='word_1_572' title='bbox 3609 3943 3835 3997; x_wconf 74' lang='grc' dir='ltr'>ἐϐασί-</span> 
     </span>
    </p>
   </div>
   <div class='ocr_carea' id='block_1_84' title="bbox 2255 4029 3843 4106">
    <p class='ocr_par' dir='ltr' id='par_1_84' title="bbox 2255 4029 3843 4106">
     <span class='ocr_line' id='line_1_84' title="bbox 2255 4029 3843 4106; baseline 0.002 -23"><span class='ocrx_word' id='word_1_573' title='bbox 2255 4033 2471 4084; x_wconf 75' lang='grc' dir='ltr'>λευσα·</span> <span class='ocrx_word' id='word_1_574' title='bbox 2498 4031 2562 4083; x_wconf 82' lang='grc' dir='ltr'>σὺ</span> <span class='ocrx_word' id='word_1_575' title='bbox 2580 4029 2647 4093; x_wconf 80' lang='grc' dir='ltr'><strong>δ’,</strong></span> <span class='ocrx_word' id='word_1_576' title='bbox 2667 4029 2742 4093; x_wconf 85' lang='grc' dir='ltr'>ὡς</span> <span class='ocrx_word' id='word_1_577' title='bbox 2763 4030 2955 4092; x_wconf 80' lang='grc' dir='ltr'>ἔοικεν,</span> <span class='ocrx_word' id='word_1_578' title='bbox 2975 4033 3036 4086; x_wconf 88' lang='grc' dir='ltr'>οὑ</span> <span class='ocrx_word' id='word_1_579' title='bbox 3057 4033 3392 4102; x_wconf 76' lang='grc' dir='ltr'>περιλείψεις</span> <span class='ocrx_word' id='word_1_580' title='bbox 3413 4035 3616 4105; x_wconf 78' lang='grc' dir='ltr'>ἡμέραν</span> <span class='ocrx_word' id='word_1_581' title='bbox 3642 4035 3843 4106; x_wconf 73' lang='grc' dir='ltr'>σαιντῷ</span> 
     </span>
    </p>
   </div>
   <div class='ocr_carea' id='block_1_85' title="bbox 2258 4116 3843 4196">
    <p class='ocr_par' dir='ltr' id='par_1_85' title="bbox 2258 4116 3843 4196">
     <span class='ocr_line' id='line_1_85' title="bbox 2258 4116 3843 4196; baseline 0.003 -22"><span class='ocrx_word' id='word_1_582' title='bbox 2258 4124 2316 4174; x_wconf 74' lang='grc' dir='ltr'>ἐν</span> <span class='ocrx_word' id='word_1_583' title='bbox 2409 4122 2701 4194; x_wconf 74' lang='grc' dir='ltr'>θαρρῄσεις</span> <span class='ocrx_word' id='word_1_584' title='bbox 2735 4125 2907 4177; x_wconf 77' lang='grc' dir='ltr'>εἰπεῖν</span> <span class='ocrx_word' id='word_1_585' title='bbox 2931 4139 2945 4154; x_wconf 76' lang='grc' dir='ltr'><strong><em>ο</em></strong></span> <span class='ocrx_word' id='word_1_586' title='bbox 2977 4125 3245 4194; x_wconf 73' lang='grc' dir='ltr'>Σήμερον</span> <span class='ocrx_word' id='word_1_587' title='bbox 3279 4130 3392 4180; x_wconf 83' lang='grc' dir='ltr'>οὐκ</span> <span class='ocrx_word' id='word_1_588' title='bbox 3423 4126 3843 4196; x_wconf 70' lang='grc' dir='ltr'>ἐτυρὰνηισα.</span> 
     </span>
    </p>
   </div>
   <div class='ocr_carea' id='block_1_86' title="bbox 2861 4409 3230 4464">
    <p class='ocr_par' dir='ltr' id='par_1_86' title="bbox 2861 4409 3230 4464">
     <span class='ocr_line' id='line_1_86' title="bbox 2861 4409 3230 4464; baseline 0.005 -2"><span class='ocrx_word' id='word_1_589' title='bbox 2861 4410 3082 4464; x_wconf 84' lang='grc' dir='ltr'><strong>ΕΠΙΣΤ.</strong></span> <span class='ocrx_word' id='word_1_590' title='bbox 3129 4409 3230 4464; x_wconf 87' lang='lat' dir='ltr'><strong>IB&#39;.</strong></span> 
     </span>
    </p>
   </div>
   <div class='ocr_carea' id='block_1_87' title="bbox 2698 4500 3372 4568">
    <p class='ocr_par' dir='ltr' id='par_1_87' title="bbox 2698 4500 3372 4568">
     <span class='ocr_line' id='line_1_87' title="bbox 2698 4500 3372 4568; baseline -0.003 -14"><span class='ocrx_word' id='word_1_591' title='bbox 2698 4502 2994 4565; x_wconf 74' lang='grc' dir='ltr'>Βασιλείῳ</span> <span class='ocrx_word' id='word_1_592' title='bbox 3026 4500 3372 4568; x_wconf 82' lang='grc' dir='ltr'>κοιαίστορι.</span> 
     </span>
    </p>
   </div>
   <div class='ocr_carea' id='block_1_88' title="bbox 1818 4619 2595 4690">
    <p class='ocr_par' dir='ltr' id='par_1_88' title="bbox 1818 4619 2595 4690">
     <span class='ocr_line' id='line_1_88' title="bbox 1818 4619 2595 4690; baseline -0.005 -17"><span class='ocrx_word' id='word_1_593' title='bbox 1818 4623 2082 4675; x_wconf 81' lang='lat' dir='ltr'><strong>Montacut.</strong></span> <span class='ocrx_word' id='word_1_594' title='bbox 2121 4624 2223 4690; x_wconf 89' lang='lat' dir='ltr'><strong>(ep.</strong></span> <span class='ocrx_word' id='word_1_595' title='bbox 2264 4625 2344 4683; x_wconf 69' lang='grc' dir='ltr'>Η,</span> <span class='ocrx_word' id='word_1_596' title='bbox 2378 4637 2428 4684; x_wconf 89' lang='lat' dir='ltr'><strong>p.</strong></span> <span class='ocrx_word' id='word_1_597' title='bbox 2465 4619 2595 4679; x_wconf 84' lang='lat' dir='ltr'><strong>IOI).</strong></span> 
     </span>
    </p>
   </div>
   <div class='ocr_carea' id='block_1_89' title="bbox 661 4722 2145 4804">
    <p class='ocr_par' dir='ltr' id='par_1_89' title="bbox 661 4729 2145 4804">
     <span class='ocr_line' id='line_1_89' title="bbox 661 4729 2145 4804; baseline -0.004 -14"><span class='ocrx_word' id='word_1_598' title='bbox 661 4734 720 4790; x_wconf 86' lang='lat' dir='ltr'><strong>Si</strong></span> <span class='ocrx_word' id='word_1_599' title='bbox 740 4734 886 4804; x_wconf 88' lang='lat' dir='ltr'><strong>justa</strong></span> <span class='ocrx_word' id='word_1_600' title='bbox 903 4749 1025 4788; x_wconf 90' lang='lat' dir='ltr'><strong>cum</strong></span> <span class='ocrx_word' id='word_1_601' title='bbox 1055 4747 1309 4786; x_wconf 90' lang='lat' dir='ltr'><strong>mensura</strong></span> <span class='ocrx_word' id='word_1_602' title='bbox 1343 4729 1978 4784; x_wconf 77' lang='lat' dir='ltr'><strong>eontendentesinvieem</strong></span> <span class='ocrx_word' id='word_1_603' title='bbox 2009 4729 2145 4798; x_wconf 83' lang='lat' dir='ltr'><strong>judi-</strong></span> 
     </span>
    </p>
   </div>
   <div class='ocr_carea' id='block_1_90' title="bbox 2248 4722 3858 4804">
    <p class='ocr_par' dir='ltr' id='par_1_90' title="bbox 2332 4722 3858 4799">
     <span class='ocr_line' id='line_1_90' title="bbox 2332 4722 3858 4799; baseline 0.001 -20"><span class='ocrx_word' id='word_1_604' title='bbox 2332 4728 2394 4779; x_wconf 79' lang='grc' dir='ltr'><strong>Εἰ</strong></span> <span class='ocrx_word' id='word_1_605' title='bbox 2428 4723 2506 4795; x_wconf 85' lang='grc' dir='ltr'>τῷ</span> <span class='ocrx_word' id='word_1_606' title='bbox 2543 4723 2736 4793; x_wconf 76' lang='grc' dir='ltr'>δικαίῳ</span> <span class='ocrx_word' id='word_1_607' title='bbox 2770 4723 2953 4794; x_wconf 86' lang='grc' dir='ltr'>μέτρῳ</span> <span class='ocrx_word' id='word_1_608' title='bbox 2999 4722 3278 4794; x_wconf 82' lang='grc' dir='ltr'>χρώμενος</span> <span class='ocrx_word' id='word_1_609' title='bbox 3321 4725 3448 4789; x_wconf 78' lang='grc' dir='ltr'>τοὺς</span> <span class='ocrx_word' id='word_1_610' title='bbox 3497 4725 3858 4799; x_wconf 71' lang='grc' dir='ltr'>διαμφισϐη-</span> 
     </span>
    </p>
   </div>
   <div class='ocr_carea' id='block_1_91' title="bbox 591 4819 2161 4892">
    <p class='ocr_par' dir='ltr' id='par_1_91' title="bbox 591 4819 2161 4892">
     <span class='ocr_line' id='line_1_91' title="bbox 591 4819 2161 4892; baseline -0.005 -10"><span class='ocrx_word' id='word_1_611' title='bbox 591 4827 817 4892; x_wconf 86' lang='lat' dir='ltr'><strong>caveris,</strong></span> <span class='ocrx_word' id='word_1_612' title='bbox 857 4825 1000 4880; x_wconf 89' lang='lat' dir='ltr'><strong>haud</strong></span> <span class='ocrx_word' id='word_1_613' title='bbox 1031 4831 1083 4878; x_wconf 91' lang='lat' dir='ltr'><strong>te</strong></span> <span class='ocrx_word' id='word_1_614' title='bbox 1120 4823 1237 4876; x_wconf 89' lang='lat' dir='ltr'><strong>auri</strong></span> <span class='ocrx_word' id='word_1_615' title='bbox 1271 4821 1441 4892; x_wconf 88' lang='lat' dir='ltr'><strong>pallor</strong></span> <span class='ocrx_word' id='word_1_616' title='bbox 1473 4819 1678 4890; x_wconf 81' lang='lat' dir='ltr'><strong>majore</strong></span> <span class='ocrx_word' id='word_1_617' title='bbox 1711 4821 1918 4890; x_wconf 90' lang='lat' dir='ltr'><strong>pudore</strong></span> <span class='ocrx_word' id='word_1_618' title='bbox 1949 4821 2161 4876; x_wconf 75' lang='lat' dir='ltr'><strong>suffun-</strong></span> 
     </span>
    </p>
   </div>
   <div class='ocr_carea' id='block_1_92' title="bbox 594 4912 2000 4987">
    <p class='ocr_par' dir='ltr' id='par_1_92' title="bbox 594 4912 2000 4987">
     <span class='ocr_line' id='line_1_92' title="bbox 594 4912 2000 4987; baseline -0.004 -14"><span class='ocrx_word' id='word_1_619' title='bbox 594 4921 766 4984; x_wconf 87' lang='lat' dir='ltr'><strong>deret,</strong></span> <span class='ocrx_word' id='word_1_620' title='bbox 792 4916 1138 4987; x_wconf 90' lang='lat' dir='ltr'><strong>temetipsum</strong></span> <span class='ocrx_word' id='word_1_621' title='bbox 1167 4930 1327 4985; x_wconf 87' lang='lat' dir='ltr'><strong>quam</strong></span> <span class='ocrx_word' id='word_1_622' title='bbox 1352 4913 1472 4968; x_wconf 89' lang='lat' dir='ltr'><strong>illos</strong></span> <span class='ocrx_word' id='word_1_623' title='bbox 1502 4912 1594 4983; x_wconf 89' lang='lat' dir='ltr'><strong>qui</strong></span> <span class='ocrx_word' id='word_1_624' title='bbox 1619 4913 1715 4968; x_wconf 89' lang='lat' dir='ltr'><strong>tibi</strong></span> <span class='ocrx_word' id='word_1_625' title='bbox 1743 4913 2000 4968; x_wconf 73' lang='lat' dir='ltr'><strong>offerunt.</strong></span> 
     </span>
    </p>
   </div>
   <div class='ocr_carea' id='block_1_93' title="bbox 1175 5107 1580 5166">
    <p class='ocr_par' dir='ltr' id='par_1_93' title="bbox 1175 5107 1580 5166">
     <span class='ocr_line' id='line_1_93' title="bbox 1175 5107 1580 5166; baseline -0.005 0"><span class='ocrx_word' id='word_1_626' title='bbox 1175 5107 1399 5166; x_wconf 84' lang='lat' dir='ltr'><strong>EPIST.</strong></span> <span class='ocrx_word' id='word_1_627' title='bbox 1437 5108 1580 5164; x_wconf 76' lang='lat' dir='ltr'><strong>XIII.</strong></span> 
     </span>
    </p>
   </div>
   <div class='ocr_carea' id='block_1_94' title="bbox 942 5201 1810 5272">
    <p class='ocr_par' dir='ltr' id='par_1_94' title="bbox 942 5201 1810 5272">
     <span class='ocr_line' id='line_1_94' title="bbox 942 5201 1810 5272; baseline -0.006 -14"><span class='ocrx_word' id='word_1_628' title='bbox 942 5201 1136 5258; x_wconf 80' lang='lat' dir='ltr'><strong>Joanm&#39;</strong></span> <span class='ocrx_word' id='word_1_629' title='bbox 1170 5203 1395 5272; x_wconf 78' lang='lat' dir='ltr'><strong>patricio</strong></span> <span class='ocrx_word' id='word_1_630' title='bbox 1433 5211 1482 5256; x_wconf 78' lang='lat' dir='ltr'><strong>et</strong></span> <span class='ocrx_word' id='word_1_631' title='bbox 1527 5202 1810 5256; x_wconf 78' lang='lat' dir='ltr'><strong>sacellano.</strong></span> 
     </span>
    </p>
   </div>
   <div class='ocr_carea' id='block_1_95' title="bbox 2257 4816 3859 4891">
    <p class='ocr_par' dir='ltr' id='par_1_95' title="bbox 2257 4816 3859 4891">
     <span class='ocr_line' id='line_1_95' title="bbox 2257 4816 3859 4891; baseline 0.003 -21"><span class='ocrx_word' id='word_1_632' title='bbox 2257 4819 2484 4881; x_wconf 79' lang='grc' dir='ltr'>τούντας</span> <span class='ocrx_word' id='word_1_633' title='bbox 2527 4816 2774 4888; x_wconf 76' lang='grc' dir='ltr'>ἀλλήλοις</span> <span class='ocrx_word' id='word_1_634' title='bbox 2820 4817 3087 4883; x_wconf 80' lang='grc' dir='ltr'>ὲδίκαζες,</span> <span class='ocrx_word' id='word_1_635' title='bbox 3129 4818 3230 4870; x_wconf 82' lang='grc' dir='ltr'>οὐκ</span> <span class='ocrx_word' id='word_1_636' title='bbox 3256 4817 3323 4872; x_wconf 79' lang='grc' dir='ltr'>ἄν</span> <span class='ocrx_word' id='word_1_637' title='bbox 3352 4835 3411 4871; x_wconf 89' lang='grc' dir='ltr'><strong>σε</strong></span> <span class='ocrx_word' id='word_1_638' title='bbox 3439 4820 3474 4890; x_wconf 76' lang='grc' dir='ltr'>ἡ</span> <span class='ocrx_word' id='word_1_639' title='bbox 3503 4819 3599 4872; x_wconf 77' lang='grc' dir='ltr'>τοῦ</span> <span class='ocrx_word' id='word_1_640' title='bbox 3631 4823 3859 4891; x_wconf 74' lang='grc' dir='ltr'>χρυσοῦ</span> 
     </span>
    </p>
   </div>
   <div class='ocr_carea' id='block_1_96' title="bbox 2261 4908 3861 4985">
    <p class='ocr_par' dir='ltr' id='par_1_96' title="bbox 2261 4908 3861 4985">
     <span class='ocr_line' id='line_1_96' title="bbox 2261 4908 3861 4985; baseline 0.011 -35"><span class='ocrx_word' id='word_1_641' title='bbox 2261 4911 2507 4982; x_wconf 70' lang='grc' dir='ltr'>ὠχρότης</span> <span class='ocrx_word' id='word_1_642' title='bbox 2539 4909 2699 4963; x_wconf 81' lang='grc' dir='ltr'>πλέον</span> <span class='ocrx_word' id='word_1_643' title='bbox 2730 4908 3076 4979; x_wconf 75' lang='grc' dir='ltr'>αἰσχύνεσθαι</span> <span class='ocrx_word' id='word_1_644' title='bbox 3121 4909 3247 4974; x_wconf 84' lang='grc' dir='ltr'>τοὺς</span> <span class='ocrx_word' id='word_1_645' title='bbox 3281 4910 3440 4964; x_wconf 81' lang='grc' dir='ltr'>πλέον</span> <span class='ocrx_word' id='word_1_646' title='bbox 3474 4912 3640 4966; x_wconf 73' lang='grc' dir='ltr'>αὐτὸν</span> <span class='ocrx_word' id='word_1_647' title='bbox 3672 4931 3861 4985; x_wconf 63' lang='lat' dir='ltr'><strong>x091;-</strong></span> 
     </span>
    </p>
   </div>
   <div class='ocr_carea' id='block_1_97' title="bbox 2259 5001 3086 5071">
    <p class='ocr_par' dir='ltr' id='par_1_97' title="bbox 2259 5001 3086 5071">
     <span class='ocr_line' id='line_1_97' title="bbox 2259 5001 3086 5071; baseline -0.001 -16"><span class='ocrx_word' id='word_1_648' title='bbox 2259 5002 2487 5071; x_wconf 84' lang='grc' dir='ltr'>γοῦντάς</span> <span class='ocrx_word' id='word_1_649' title='bbox 2517 5017 2621 5067; x_wconf 88' lang='grc' dir='ltr'>σοι,</span> <span class='ocrx_word' id='word_1_650' title='bbox 2660 5001 3086 5071; x_wconf 77' lang='grc' dir='ltr'>παρεσκεύαζεν.</span> 
     </span>
    </p>
   </div>
   <div class='ocr_carea' id='block_1_98' title="bbox 2860 5112 3234 5170">
    <p class='ocr_par' dir='ltr' id='par_1_98' title="bbox 2860 5112 3234 5170">
     <span class='ocr_line' id='line_1_98' title="bbox 2860 5112 3234 5170; baseline 0.011 -4"><span class='ocrx_word' id='word_1_651' title='bbox 2860 5113 3082 5168; x_wconf 84' lang='grc' dir='ltr'><strong>ΕΠΙΣΤ.</strong></span> <span class='ocrx_word' id='word_1_652' title='bbox 3132 5112 3234 5170; x_wconf 72' lang='lat' dir='ltr'><strong>Il&quot;.</strong></span> 
     </span>
    </p>
   </div>
   <div class='ocr_carea' id='block_1_99' title="bbox 2488 5205 3608 5278">
    <p class='ocr_par' dir='ltr' id='par_1_99' title="bbox 2488 5205 3608 5278">
     <span class='ocr_line' id='line_1_99' title="bbox 2488 5205 3608 5278; baseline 0.002 -20"><span class='ocrx_word' id='word_1_653' title='bbox 2488 5205 2721 5274; x_wconf 80' lang='grc' dir='ltr'><strong>Ἰωάννῃ</strong></span> <span class='ocrx_word' id='word_1_654' title='bbox 2754 5208 3038 5275; x_wconf 82' lang='grc' dir='ltr'>πατρικίῳ</span> <span class='ocrx_word' id='word_1_655' title='bbox 3070 5207 3168 5260; x_wconf 76' lang='grc' dir='ltr'>καὶ</span> <span class='ocrx_word' id='word_1_656' title='bbox 3209 5207 3608 5278; x_wconf 72' lang='grc' dir='ltr'>σᾳκελλαρὶῳ.</span> 
     </span>
    </p>
   </div>
   <div class='ocr_carea' id='block_1_100' title="bbox 1836 5317 2609 5382">
    <p class='ocr_par' dir='ltr' id='par_1_100' title="bbox 1836 5317 2609 5382">
     <span class='ocr_line' id='line_1_100' title="bbox 1836 5317 2609 5382; baseline 0.005 -16"><span class='ocrx_word' id='word_1_657' title='bbox 1836 5317 2104 5366; x_wconf 80' lang='lat' dir='ltr'><strong>Montacut.</strong></span> <span class='ocrx_word' id='word_1_658' title='bbox 2142 5317 2243 5380; x_wconf 90' lang='lat' dir='ltr'><strong>(ep.</strong></span> <span class='ocrx_word' id='word_1_659' title='bbox 2279 5318 2358 5376; x_wconf 60' lang='lat'><strong>48,</strong></span> <span class='ocrx_word' id='word_1_660' title='bbox 2392 5332 2442 5380; x_wconf 91' lang='lat' dir='ltr'><strong>p.</strong></span> <span class='ocrx_word' id='word_1_661' title='bbox 2478 5317 2609 5382; x_wconf 76' lang='lat'><strong>102).</strong></span> 
     </span>
    </p>
   </div>
   <div class='ocr_carea' id='block_1_101' title="bbox 667 5399 2164 5472">
    <p class='ocr_par' dir='ltr' id='par_1_101' title="bbox 667 5399 2164 5472">
     <span class='ocr_line' id='line_1_101' title="bbox 667 5399 2164 5472; baseline 0 -18"><span class='ocrx_word' id='word_1_662' title='bbox 667 5400 867 5456; x_wconf 89' lang='lat' dir='ltr'><strong>lllustri</strong></span> <span class='ocrx_word' id='word_1_663' title='bbox 889 5399 1108 5455; x_wconf 90' lang='lat' dir='ltr'><strong>laudum</strong></span> <span class='ocrx_word' id='word_1_664' title='bbox 1131 5399 1402 5470; x_wconf 66' lang='lat' dir='ltr'><strong>praeconio</strong></span> <span class='ocrx_word' id='word_1_665' title='bbox 1423 5399 1491 5454; x_wconf 90' lang='lat' dir='ltr'><strong>ob</strong></span> <span class='ocrx_word' id='word_1_666' title='bbox 1517 5415 1577 5454; x_wconf 89' lang='lat' dir='ltr'><strong>ea</strong></span> <span class='ocrx_word' id='word_1_667' title='bbox 1599 5416 1720 5470; x_wconf 67' lang='lat' dir='ltr'><strong>qum</strong></span> <span class='ocrx_word' id='word_1_668' title='bbox 1745 5401 1886 5472; x_wconf 81' lang='lat' dir='ltr'><strong>geris</strong></span> <span class='ocrx_word' id='word_1_669' title='bbox 1911 5401 2056 5469; x_wconf 90' lang='lat' dir='ltr'><strong>apud</strong></span> <span class='ocrx_word' id='word_1_670' title='bbox 2083 5400 2164 5454; x_wconf 61' lang='grc' dir='ltr'><strong>νίς</strong></span> 
     </span>
    </p>
   </div>
   <div class='ocr_carea' id='block_1_102' title="bbox 594 5491 2165 5564">
    <p class='ocr_par' dir='ltr' id='par_1_102' title="bbox 594 5491 2165 5564">
     <span class='ocr_line' id='line_1_102' title="bbox 594 5491 2165 5564; baseline 0.001 -19"><span class='ocrx_word' id='word_1_671' title='bbox 594 5505 684 5545; x_wconf 86' lang='lat' dir='ltr'><strong>ros</strong></span> <span class='ocrx_word' id='word_1_672' title='bbox 705 5493 903 5564; x_wconf 88' lang='lat' dir='ltr'><strong>probos</strong></span> <span class='ocrx_word' id='word_1_673' title='bbox 921 5502 975 5547; x_wconf 88' lang='lat' dir='ltr'><strong>et</strong></span> <span class='ocrx_word' id='word_1_674' title='bbox 1003 5492 1262 5548; x_wconf 89' lang='lat' dir='ltr'><strong>honestos</strong></span> <span class='ocrx_word' id='word_1_675' title='bbox 1276 5491 1471 5560; x_wconf 79' lang='lat' dir='ltr'><strong>dignus</strong></span> <span class='ocrx_word' id='word_1_676' title='bbox 1491 5507 1568 5547; x_wconf 84' lang='lat' dir='ltr'><strong>es.</strong></span> <span class='ocrx_word' id='word_1_677' title='bbox 1597 5491 1782 5562; x_wconf 83' lang='lat' dir='ltr'><strong>Neque</strong></span> <span class='ocrx_word' id='word_1_678' title='bbox 1823 5491 2069 5563; x_wconf 82' lang='lat' dir='ltr'><strong>ignorare</strong></span> <span class='ocrx_word' id='word_1_679' title='bbox 2112 5501 2165 5546; x_wconf 89' lang='lat' dir='ltr'><strong>te</strong></span> 
     </span>
    </p>
   </div>
   <div class='ocr_carea' id='block_1_103' title="bbox 2343 5395 3874 5472">
    <p class='ocr_par' dir='ltr' id='par_1_103' title="bbox 2343 5395 3874 5472">
     <span class='ocr_line' id='line_1_103' title="bbox 2343 5395 3874 5472; baseline -0.001 -18"><span class='ocrx_word' id='word_1_680' title='bbox 2343 5403 2626 5472; x_wconf 88' lang='grc' dir='ltr'>Λαμπρῶν</span> <span class='ocrx_word' id='word_1_681' title='bbox 2672 5402 2930 5466; x_wconf 82' lang='grc' dir='ltr'>ἐπαίνων,</span> <span class='ocrx_word' id='word_1_682' title='bbox 2977 5401 3042 5454; x_wconf 86' lang='grc' dir='ltr'><strong>δι’</strong></span> <span class='ocrx_word' id='word_1_683' title='bbox 3087 5395 3162 5455; x_wconf 82' lang='grc' dir='ltr'>ὧν</span> <span class='ocrx_word' id='word_1_684' title='bbox 3216 5401 3494 5470; x_wconf 75' lang='grc' dir='ltr'>πράττεις,</span> <span class='ocrx_word' id='word_1_685' title='bbox 3549 5397 3717 5469; x_wconf 81' lang='grc' dir='ltr'>παρὰ</span> <span class='ocrx_word' id='word_1_686' title='bbox 3748 5401 3874 5464; x_wconf 80' lang='grc' dir='ltr'>τοῖς</span> 
     </span>
    </p>
   </div>
   <div class='ocr_carea' id='block_1_104' title="bbox 2273 5491 3873 5566">
    <p class='ocr_par' dir='ltr' id='par_1_104' title="bbox 2273 5491 3873 5566">
     <span class='ocr_line' id='line_1_104' title="bbox 2273 5491 3873 5566; baseline -0.001 -22"><span class='ocrx_word' id='word_1_687' title='bbox 2273 5493 2580 5558; x_wconf 86' lang='grc' dir='ltr'>σπουδαίοις</span> <span class='ocrx_word' id='word_1_688' title='bbox 2596 5495 2878 5566; x_wconf 84' lang='grc' dir='ltr'>τυγχάνων</span> <span class='ocrx_word' id='word_1_689' title='bbox 2902 5504 2923 5531; x_wconf 77' lang='grc' dir='ltr'><strong>ι</strong></span> <span class='ocrx_word' id='word_1_690' title='bbox 2955 5494 3159 5556; x_wconf 83' lang='grc' dir='ltr'>δίκαιος</span> <span class='ocrx_word' id='word_1_691' title='bbox 3185 5493 3250 5546; x_wconf 81' lang='grc' dir='ltr'>ἂν</span> <span class='ocrx_word' id='word_1_692' title='bbox 3291 5491 3441 5563; x_wconf 82' lang='grc' dir='ltr'>εἴης·</span> <span class='ocrx_word' id='word_1_693' title='bbox 3483 5491 3622 5562; x_wconf 81' lang='grc' dir='ltr'>μηδὲ</span> <span class='ocrx_word' id='word_1_694' title='bbox 3655 5491 3873 5545; x_wconf 80' lang='grc' dir='ltr'>τούτου</span> 
     </span>
    </p>
   </div>
   <div class='ocr_carea' id='block_1_105' title="bbox 1877 5646 2568 5708">
    <p class='ocr_par' dir='ltr' id='par_1_105' title="bbox 1877 5646 2568 5708">
     <span class='ocr_line' id='line_1_105' title="bbox 1877 5646 2568 5708; baseline 0.006 -6"><span class='ocrx_word' id='word_1_695' title='bbox 1877 5647 2110 5703; x_wconf 69' lang='grc' dir='ltr'>νΑῐιυΕ</span> <span class='ocrx_word' id='word_1_696' title='bbox 2161 5646 2568 5708; x_wconf 80' lang='lat' dir='ltr'><strong>LECTIONES.</strong></span> 
     </span>
    </p>
   </div>
   <div class='ocr_carea' id='block_1_106' title="bbox 661 5801 1473 5872">
    <p class='ocr_par' dir='ltr' id='par_1_106' title="bbox 661 5801 1473 5872">
     <span class='ocr_line' id='line_1_106' title="bbox 661 5801 1473 5872; baseline -0.005 -14"><span class='ocrx_word' id='word_1_697' title='bbox 661 5811 689 5839; x_wconf 69' lang='grc' dir='ltr'><strong><em>τ</em></strong></span> <span class='ocrx_word' id='word_1_698' title='bbox 716 5820 808 5872; x_wconf 73' lang='grc' dir='ltr'><strong>γρ.</strong></span> <span class='ocrx_word' id='word_1_699' title='bbox 841 5803 918 5864; x_wconf 81' lang='grc' dir='ltr'>ὅς.</span> <span class='ocrx_word' id='word_1_700' title='bbox 997 5813 1022 5839; x_wconf 80' lang='grc' dir='ltr'><strong>ι</strong></span> <span class='ocrx_word' id='word_1_701' title='bbox 1054 5801 1141 5856; x_wconf 85' lang='grc' dir='ltr'>ἵσ.</span> <span class='ocrx_word' id='word_1_702' title='bbox 1169 5801 1473 5871; x_wconf 79' lang='grc' dir='ltr'>τυγχάνειν.</span> 
     </span>
    </p>
   </div>
  </div>
