4080 6404
198 341 296 410 931

1344 346 1883 411 EPISTOLARUM
1920 350 2152 412 LIBER
2175 349 2286 410 IIl.

3336 345 3442 412 938

204 453 260 506 ιν
288 448 482 521 ἀγνοίᾳ
513 446 675 519 εἶναι,
720 450 803 505 ὄτι
851 451 976 507 ὅσον
1000 452 1203 525 ὑψηλὸν
1249 455 1346 509 καὶ
1374 458 1676 529 θαυμάσιον
1704 459 1767 512 τὸ

1888 476 1965 514 iar
1992 470 2049 517 et
2085 476 2302 531 aequum
2330 470 2437 523 est,
2470 474 2615 529 quon
2646 467 2850 529 quanto
2879 457 3163 513 sublimior
3183 467 3238 514 et
3269 458 3443 515 admi-

204 544 261 596 ιν
296 540 505 606 τούτοις
548 543 725 610 κλέος,
768 543 1040 617 τοσαύτης
1080 547 1301 619 καὶτῆς
1339 548 1644 619 ἀσφαλείας
1672 551 1769 604 καὶ

203 630 513 701 ἐπιμελείας
536 630 726 690 δεῖται.
760 632 939 687 Πολλὰ
970 634 1069 705 μὲν
1097 635 1205 709 γάρ
1234 637 1379 690 κατά
1406 630 1524 693 τῶν
1551 639 1767 693 εὐδοκι-

205 721 461 793 μούντων,
486 722 595 777 ἀπὸ
612 722 716 801 τῆς
741 724 852 778 τῶν
882 724 1151 797 δαιμόνων
1183 727 1475 799 ἐπιϐουλῆς
1499 730 1719 799 ἀφίεται
1737 739 1768 779 y

205 814 360 886 βέλη·
383 815 533 869 οὐδὲν
559 815 618 870 δὲ
644 815 885 884 ἔλαττον,
917 820 1014 873 καὶ
1049 818 1078 873 ὁ
1112 817 1173 885 ἐξ
1215 820 1519 891 ἀνθρώπων
1575 823 1769 894 ἀνερε-

202 909 479 979 θιζόμενος
506 909 720 980 φθόνος,
738 913 831 966 τὸν
857 911 934 965 ίδν
955 914 1157 984 ὲκχέει.
1189 913 1350 968 Ἀλλά
1373 914 1437 968 σύ
1464 932 1528 985 γε
1554 916 1643 969 τὸν
1669 916 1771 987 τῆς

199 1003 397 1073 ἀρετῆς
432 1002 533 1056 οὐκ
571 1002 806 1067 ἐνδιδοὺς
827 1005 1000 1070 τόνον,
1032 1006 1128 1060 καὶ
1160 1007 1240 1071 είς
1266 1008 1359 1061 τὸν
1386 1008 1549 1064 αὐτὸν
1571 1009 1629 1063 δὲ
1660 1012 1772 1074 τοῖς

202 1093 487 1166 προτέροις
508 1093 696 1164 ἀγῶνα
732 1095 833 1149 σὺν
856 1097 1063 1169 μετρίῳ
1090 1098 1185 1151 καὶ
1210 1100 1452 1169 ταπεινῷ
1476 1101 1771 1155 ὲναποδυόο

203 1202 360 1257 μενος
381 1184 463 1258 τῷ
485 1188 815 1258 φρονήματι,
839 1188 949 1242 τῶν
972 1189 1071 1260 μὶν
1091 1190 1254 1259 κωφά
1272 1192 1467 1247 θᾶττον
1492 1192 1773 1263 διελέγξας

200 1280 267 1333 τά
296 1277 433 1350 μέλη
454 1286 479 1316 ι
503 1279 585 1343 είς
614 1279 849 1351 ισχάτην
880 1280 1144 1353 αἰσχύνην
1170 1284 1265 1337 καὶ
1298 1284 1534 1355 ἀπορίαν
1572 1286 1774 1356 μᾶλλον

200 1370 397 1433 αὐτοὺς
419 1371 774 1443 περιστήσας
791 1387 808 1404 ο
836 1371 929 1426 τὸν
949 1373 1007 1428 δὲ
1024 1414 1041 1439 ,
1065 1376 1146 1438 είς
1166 1376 1297 1439 τοὺς
1316 1376 1575 1441 τεκόντας
1594 1415 1610 1443 ,
1635 1378 1776 1448 μετά

200 1461 443 1525 πλείονος
482 1462 709 1531 πικρίας
733 1464 1140 1537 ἑπαναστρέψαι
1176 1468 1653 1539 παρασκευάσειςο
1680 1471 1776 1525 καὶ

199 1553 291 1608 τὸν
319 1553 423 1624 τῆς
465 1554 680 1624 ἐχίδνης
719 1556 890 1627 μῦθον
928 1558 988 1613 ὲν
1013 1559 1202 1623 αὐτοῖς
1234 1560 1625 1633 ἐνεργούμενον
1654 1563 1775 1616 ἐπι-

199 1645 429 1714 δείξεις·
475 1645 676 1716 δείξας,
728 1648 827 1721 οὐχ
873 1650 1116 1721 ἑτέρους,
1170 1652 1290 1707 ἀλλ’
1330 1653 1530 1717 αύτούς
1557 1670 1622 1723 γε
1650 1656 1777 1720 τοὺς

200 1739 635 1811 γεννησαμένους
677 1743 1133 1814 κατεσθιομένους
1168 1746 1370 1816 μᾶλλον
1404 1747 1498 1800 καὶ
1529 1747 1775 1818 διαφθει-

1870 554 2084 609 ratione
2132 553 2347 625 dignior
2382 552 2451 607 ab
2490 552 2608 607 istis
2654 551 2822 623 gloria
2879 560 3247 620 comparatur,
3290 560 3444 606 tanto

1869 645 2063 715 majori
2103 645 2191 699 illa
2224 660 2356 699 cura
2384 652 2439 699 et
2470 644 2757 700 sedulitate
2793 642 3165 709 custodienda,
3206 649 3263 699 et
3298 652 3445 697 sarta

1873 748 2124 809 tectaque
2163 738 2469 809 praestanda
2506 747 2608 815 est.
2653 735 2886 791 Plurima
2928 736 3196 806 siquidem
3245 735 3300 790 in
3350 751 3447 791 eos

1872 832 1963 900 qui
1989 830 2333 900 prosperiore
2364 830 2505 884 fama
2526 830 2721 885 ﬂorent
2741 844 2840 899 per
2870 828 3187 884 insidiantes
3206 828 3448 884 diabolos

1873 922 2242 977 immittuntur
2284 922 2420 987 tela;
2460 938 2636 992 neque
2671 922 2900 976 multum
2937 920 3195 977 deﬁciunt
3228 922 3314 977 his
3345 920 3449 977 ho-

1872 1015 2071 1079 mines,
2121 1013 2215 1084 qui
2259 1012 2475 1069 invidite
2520 1028 2632 1069 suae
2683 1014 2835 1068 virus
2882 1013 3161 1084 prurigine
3216 1013 3448 1084 quadam

1873 1108 2166 1163 excitatum
2216 1106 2527 1164 eﬂ'undunt.
2578 1105 2660 1161 Tu
2716 1116 2902 1162 autem
2944 1106 3081 1161 nihil
3127 1106 3197 1162 de
3232 1107 3452 1163 virtutis

1874 1214 2039 1255 cursu
2072 1200 2325 1263 remittis,
2358 1209 2415 1256 et
2438 1201 2507 1255 ad
2537 1200 2848 1256 eademmet
2866 1199 3007 1269 ipsa,
3039 1214 3161 1269 quae
3178 1200 3289 1270 jam
3317 1199 3451 1254 olim

1874 1293 2035 1348 adisti
2069 1294 2386 1358 certamina,
2428 1300 2482 1347 te
2515 1307 2747 1363 apparas
2784 1304 2910 1346 cum
2946 1291 3220 1346 moderata
3256 1298 3312 1343 et
3350 1289 3453 1343 hu-

1876 1385 1991 1441 mili
2018 1385 2309 1443 aﬂ‘ectione
2334 1385 2500 1441 animi
2525 1403 2540 1454 ;
2571 1386 2677 1441 tela
2706 1384 2858 1439 irrita
2888 1383 3193 1449 reddidisti,
3215 1390 3273 1438 et
3296 1381 3455 1437 insu-

1877 1492 1975 1547 per
2013 1477 2163 1548 ipsos
2207 1478 2265 1534 in
2302 1487 2602 1535 extremam
2632 1477 3070 1548 desperationem
3103 1484 3265 1545 atque
3296 1488 3456 1530 vere-

1879 1568 2134 1625 cundiam
2188 1569 2503 1635 adduxisti;
2558 1569 2819 1626 invidiam
2863 1578 3046 1624 autem
3092 1566 3147 1621 in
3201 1574 3457 1621 auctores

1878 1659 2031 1731 ipsos
2049 1675 2175 1716 cum
2197 1662 2388 1732 majori
2405 1661 2769 1718 amaritudine
2789 1658 3209 1729 retorquendam
3228 1656 3455 1713 curasti.

1879 1750 2043 1806 Certe
2091 1750 2331 1806 fabulam
2374 1765 2497 1821 qua;
2543 1752 2613 1806 de
2657 1750 2841 1819 vipera
2873 1748 3068 1811 fertur,
3118 1746 3262 1816 apud
3311 1745 3459 1815 ipsos

203 1832 486 1905 ρομένους,
527 1833 633 1887 ὑπὸ
681 1834 777 1889 τοῦ
834 1836 1005 1891 καλοῦ
1061 1807 1399 1909 γεννήματος
1448 1807 1646 1906 αὐτοῖς.
1680 1842 1777 1897 τοῦ

1888 1844 1995 1900 vim
2050 1844 2298 1901 obtinere
2366 1859 2522 1899 suam
2570 1842 2905 1908 declarabis;
2960 1842 3091 1896 dum
3152 1837 3461 1911 ostenderis

202 1923 420 1995 φθόνου,
468 1924 537 1979 δι’
568 1917 645 1981 ὧν
682 1927 908 1982 σεαυτὸν
948 1928 1337 2002 λαμπροτέρας
1374 1930 1650 2003 εὐφημίας
1683 1934 1793 1989 atat-

204 2014 559 2088 ἀναρρήσεως
586 2014 824 2087 μάλιστα
844 2015 1119 2085 ἀξιώσεις

1885 1935 2305 2007 haudquaquam
2334 1934 2480 1990 illam
2500 1934 2634 1991 alios
2675 1934 2771 1991 sed
2795 1934 2939 2005 ipsos
2954 1941 3209 2004 parentes
3228 1930 3465 1986 exedere

1885 2038 1941 2081 et
1968 2028 2306 2098 disperdere,
2348 2029 2424 2082 ita
2460 2028 2687 2099 pulchra
2729 2041 2972 2099 propago
3007 2034 3093 2081 est
3123 2022 3349 2080 invidia.
3380 2019 3461 2076 Tu

205 2120 386 2167 tamen
412 2111 553 2169 hanc
579 2112 649 2169 ob
677 2128 896 2169 causam
942 2114 1225 2172 illustriori
1282 2116 1514 2185 quadam
1544 2117 1998 2189 depraadicatione
2046 2124 2521 2195 publicationeque
2564 2132 2617 2178 te
2685 2121 2909 2195 dignum
2983 2119 3250 2192 imprimis
3314 2117 3463 2173 arbi-

206 2206 387 2262 tiaris.

815 2292 1041 2348 ΕΠῘΣΤ.
1084 2293 1182 2348 IA’.

218 2381 465 2452 Ἰωάννῃ
525 2380 829 2452 πατρικίφᾴ
864 2379 967 2434 καὶ
1016 2383 1397 2452 σιικελλαριφ
1448 2383 1601 2439 κατὰ
1648 2384 1787 2450 τοὺς

817 2449 1211 2520 Ἀγγουρίους.

2496 2295 2713 2352 EPIST.
2739 2294 2878 2349 XIV.

2036 2391 2229 2445 Joanni
2270 2390 2496 2460 patricio
2530 2401 2578 2445 et
2625 2389 2892 2444 sacellano
2936 2404 3028 2456 per
3060 2387 3341 2457 Angurios.

1449 2547 1721 2598 Montacut.
1760 2549 1865 2613 (ep.
1900 2546 1979 2608 49,
2014 2562 2066 2611 p.
2102 2547 2235 2611 102).

275 2652 370 2723 Τῷ
406 2652 617 2706 ’Δττιδι
650 2649 750 2722 μέν
774 2667 834 2704 σε
859 2651 1211 2725 ἀναφέρουσι,
1240 2653 1440 2709 Γάλλον
1468 2654 1781 2718 καλοῦντες,

203 2746 257 2799 οί
290 2745 425 2815 παρ’
455 2743 682 2814 Ἕλλησι
729 2744 1012 2814 σοφισταί’
1064 2749 1131 2819 τῇ
1162 2748 1565 2816 γυναικωνίτιδι
1599 2764 1659 2801 σε
1689 2765 1787 2801 κα-

208 2834 574 2900 τακλείουσιν,
598 2833 924 2905 ἀνδρόγυνον
946 2836 1041 2889 καὶ
1059 2836 1263 2901 εἰδότες
1288 2838 1385 2892 καὶ
1405 2836 1785 2909 ὀνομάζοντες,

211 2929 263 2979 oi
294 2927 557 2997 ἡμέτεροι
606 2925 780 2995 σοφοί.
817 2927 989 2983 Πόθεν
1032 2923 1126 2983 οὖν
1176 2929 1242 2983 σὺ
1272 2930 1401 2994 τοὺς
1447 2930 1789 3001 ἑκατέρωθεν

213 3021 371 3090 δρους
394 3019 639 3091 ὑπερϐάς
660 3019 741 3082 είς
768 3018 839 3073 τὰ
862 3019 965 3091 τῆς
1001 3020 1329 3094 Ἐκκλησίας
1352 3021 1491 3076 Θεοῦ
1512 3024 1790 3094 μυστήρια

1965 2656 2106 2711 Sunt
2126 2656 2216 2726 qui
2249 2668 2302 2711 te
2332 2661 2652 2725 comparant
2683 2652 2817 2719 Atti,
2841 2650 3052 2708 Gallum
3088 2650 3464 2705 nominantes:

1893 2751 2152 2807 nimirum
2207 2750 2504 2807 Graecanici
2553 2747 2834 2820 sophistae.
2894 2747 3075 2804 Nostri
3131 2745 3462 2809 nasutiores,

1891 2844 1985 2916 qui
2005 2853 2061 2899 et
2088 2843 2268 2899 sciunt
2298 2843 2683 2914 Androgynon,
2703 2849 2757 2897 et
2774 2840 2850 2896 ita
2864 2839 3151 2896 nominant
3168 2878 3183 2903 ,
3215 2838 3467 2910 Gynaecio

1893 2934 2283 2992 includendum
2306 2933 2546 2991 tradunt.
2572 2934 2727 2989 Unde
2746 2947 2877 3005 ergo
2892 2932 3097 2988 factum
3134 2939 3195 2987 ut
3217 2930 3474 3001 utrinque

1895 3028 2159 3085 terminos
2233 3026 2674 3097 circumscriptos
2724 3025 3060 3091 transiliens,
3114 3024 3169 3079 in
3215 3022 3472 3079 Ecclesia:

216 3113 686 3186 παρεισέφρησας,
729 3115 844 3171 ἀνω
887 3114 982 3168 καὶ
1011 3113 1164 3169 κάτω
1215 3114 1396 3169 πάντα
1437 3114 1608 3169 ποιῶν
1629 3132 1643 3146 ·
1694 3116 1784 3169 καὶ

1894 3130 1950 3178 te
1999 3122 2237 3177 sacraria
2271 3120 2558 3192 iniecisti?
2614 3120 2797 3176 omnia
2825 3134 3030 3189 susque
3063 3118 3240 3188 deque
3279 3116 3471 3170 habes.

217 3206 276 3259 τὸ
305 3207 363 3260 ὲν
394 3208 464 3276 τῇ
490 3209 557 3278 σῇ
585 3206 921 3280 παραφθόρῳ
950 3205 1110 3275 φύσει
1134 3205 1386 3278 ἄκαρπόν
1412 3224 1473 3260 τε
1498 3206 1595 3261 καὶ
1622 3207 1795 3277 ἄχρη-

219 3315 341 3357 στον
374 3304 436 3358 ιν
463 3306 530 3376 τῇ
568 3301 666 3355 τοῦ
706 3299 946 3372 Χριστοῦ
976 3299 1328 3374 γονιμωτάτῃ
1357 3300 1452 3355 καὶ
1480 3300 1794 3370 πολυτέχνῳ

231 3393 563 3467 Ἐκκλησία,
616 3395 938 3463 φιλονειχεῖς
990 3391 1447 3463 καταπράξασθαι
1476 3409 1491 3459 ;
1520 3392 1635 3447 ἀλλ’
1685 3392 1793 3446 ίσθι

222 3485 409 3552 σαφῶς
432 3526 449 3551 ,
486 3485 569 3539 ὅτι
598 3484 724 3556 ᾅδου
760 3482 860 3553 μὲν
882 3482 975 3535 καὶ
1021 3481 1131 3535 τῶν
1167 3481 1335 3535 αὐτοῦ
1369 3481 1579 3548 πυλῶν,
1611 3482 1680 3535 δι’
1718 3477 1795 3538 ὧν

220 3578 481 3646 πράττεις
504 3575 904 3647 ἀναιδέστερον,
942 3574 1166 3628 σεαυτὸν
1192 3585 1219 3614 ι
1247 3573 1664 3643 ὲστηλίτευσας·
1712 3575 1795 3628 ὅτι

217 3667 274 3723 δὲ
302 3671 396 3726 καὶ
430 3672 821 3740 ἀσθενέστερος
853 3664 1022 3740 ἦσθα,
1052 3670 1213 3739 ήμεῖς
1243 3669 1341 3723 καὶ
1373 3671 1401 3722 ό
1427 3667 1522 3721 τοῦ
1554 3668 1794 3739 Χριστοῦ

223 3758 315 3813 σὺν
339 3760 481 3831 ήμῖν
515 3759 939 3829 πολυάνθρωπος
970 3759 1065 3811 καὶ
1098 3760 1255 3827 ἆγιος
1282 3759 1463 3830 χορὸς,
1491 3759 1596 3813 κᾶν
1619 3759 1794 3831 λυπή-

222 3868 431 3923 σωμεν.
478 3851 842 3921 διελέγξομεν.
886 3851 949 3904 Εἰ
980 3851 1025 3905 δ’
1054 3852 1261 3905 ἐκεῖνον
1313 3852 1403 3905 τὸν
1437 3851 1796 3923 ἀρχιτέκτονα

218 3943 323 3997 τῶν
348 3945 810 4014 πονηρευμάτων,
839 3942 977 4014 μετά
1018 3943 1127 3997 τῶν
1154 3944 1319 3997 αύτοῦ
1359 3945 1545 3999 πυλῶν
1561 3939 1668 4014 (ὧν
1698 3946 1797 4015 μία

220 4032 355 4101 τάχα
388 4032 688 4101 τυγχάνεις
727 4033 919 4098 αὐτὸς,
975 4032 1095 4087 ὅλον
1143 4033 1337 4103 ἐκείνῳ
1375 4035 1435 4086 τὸ
1488 4035 1665 4105 στόμα
1702 4036 1797 4088 καὶ

221 4124 315 4192 τὴν
359 4122 622 4192 γλῶσσαν
659 4124 756 4177 καὶ
804 4126 903 4195 τὴν
952 4123 1137 4196 φωνὴν
1192 4125 1606 4196 χαρισάμενος),
1647 4127 1797 4196 ὅμως

223 4216 523 4289 σύμπασαν
572 4216 738 4272 αὐτοῦ
784 4217 883 4285 τὴν
952 4218 1259 4287 παράταξιν
1316 4217 1644 4287 ἀνισχύρους
1701 4219 1798 4271 καὶ

1895 3212 2117 3268 Naturae
2171 3221 2354 3267 autem
2402 3221 2510 3267 tua:
2564 3210 2991 3281 corruptissima:
3040 3207 3301 3278 quidquid
3353 3207 3474 3262 sine

1897 3306 2071 3360 t‘ructu
2106 3314 2162 3359 et
2186 3304 2376 3360 inutile
2405 3303 2739 3368 adhaerebat,
2766 3303 2822 3357 in
2854 3301 3241 3357 fecundissima
3266 3300 3471 3355 Christi

1898 3395 2136 3452 Ecclesia
2160 3406 2216 3452 et
2240 3396 2426 3453 liberis
2445 3394 2861 3466 quamplurimis
2904 3393 3015 3449 feta
3035 3433 3050 3457 ,
3077 3408 3346 3448 summam
3373 3406 3474 3461 per

1898 3484 2289 3555 impudentiam
2312 3485 2555 3540 inserere
2576 3483 2816 3539 voluisti.
2839 3482 2946 3538 Sed
2976 3481 3277 3537 clarissime
3306 3480 3473 3534 intel-

1896 3576 2031 3647 ligas
2069 3585 2316 3647 oportet,
2357 3575 2500 3645 quod
2533 3590 2631 3644 per
2662 3590 2727 3629 ea
2759 3590 2881 3644 quae
2910 3572 3155 3643 operaris
3185 3571 3473 3642 impuden-

1898 3668 2127 3733 tissime,
2178 3676 2233 3723 te
2272 3668 2449 3739 palam
2486 3666 2773 3721 declarasti
2811 3666 2956 3736 quod
2994 3665 3062 3720 ad
3104 3664 3377 3721 infernum
3418 3670 3474 3718 et

1898 3760 2099 3816 inferni
2149 3770 2333 3830 portas
2376 3768 2610 3830 spectes.
2655 3758 2814 3824 Quod
2850 3772 3013 3828 porro
3053 3757 3130 3812 sis
3164 3770 3323 3825 quam
3369 3755 3475 3809 illa:

1898 3853 2045 3907 fores
2078 3851 2368 3915 inﬁrmior,
2398 3866 2501 3906 nos
2537 3863 2594 3907 et
2630 3850 2913 3906 nobiscum
2948 3864 3054 3903 una
3090 3846 3471 3903 numerosissi-

1901 3959 2026 3998 mus
2077 3942 2283 4000 Christi
2308 3957 2458 4014 grex,
2480 3942 2605 3997 licet
2633 3952 2823 3998 nostro
2851 3956 2974 3995 cunt
2994 3940 3184 3995 dolore
3201 3977 3217 4003 ,
3244 3939 3475 3994 manife-

1899 4046 2044 4093 stum
2061 4036 2310 4091 facimus.
2350 4034 2483 4089 Cum
2511 4050 2644 4091 vero
2668 4034 2933 4088 malorum
2962 4031 3206 4088 omnium
3236 4030 3475 4086 archite-

1906 4139 2051 4184 ctum
2076 4128 2249 4193 illum,
2276 4143 2382 4182 una
2407 4143 2531 4181 cum
2559 4127 2727 4195 ipsius
2757 4124 2928 4195 portis
2951 4124 3206 4195 (quarum
3230 4122 3477 4179 fortassis

1902 4230 1960 4274 tu
1992 4236 2097 4275 una
2131 4236 2210 4284 es,
2244 4235 2371 4273 cum
2400 4219 2452 4272 in
2484 4219 2714 4273 solidum
2747 4216 2845 4286 ipsi
2877 4232 2961 4282 os,
2995 4217 3254 4287 linguam,
3285 4230 3475 4270 vocem

223 4308 544 4381 ἀπράκτους
576 4309 763 4365 κατάδ
783 4309 888 4378 τῆς
937 4309 1264 4380 Ἐκκλησίας
1293 4311 1458 4364 αὑτοῦ
1501 4311 1735 4382 Χριστὸς
1762 4313 1784 4377 i

1901 4312 2304 4381 concesseris),
2333 4321 2388 4366 et
2427 4326 2621 4365 onmes
2669 4310 2839 4379 ipsius
2880 4308 3152 4365 exercitus
3186 4307 3476 4370 invalidos,

229 4401 454 4472 ἀλήθεια
502 4403 822 4473 ἀπεφήνατο
842 4418 854 4430 ·
893 4400 1058 4471 μέχρι
1088 4400 1233 4464 τίνος
1263 4401 1364 4454 οὐκ
1394 4402 1606 4463 ὲνδίδως
1638 4403 1784 4456 ἀναι-

1905 4414 1961 4459 et
2012 4404 2148 4458 nihil
2198 4412 2423 4473 agentes
2464 4411 2653 4458 contra
2700 4400 3017 4465 Ecclesiam,
3061 4399 3313 4454 Christus
3360 4398 3478 4468 ipsa

228 4490 548 4564 δευόμενος,
602 4494 695 4548 καὶ
741 4494 822 4556 είς
849 4491 1110 4561 οὐρανοὺς
1137 4491 1207 4544 τὰ
1236 4491 1340 4561 τῆς
1383 4494 1642 4555 ἀπονοίας
1673 4492 1784 4562 βέλτ

1906 4495 2108 4550 veritas
2134 4495 2296 4551 nobis
2323 4493 2761 4550 conﬁrmaverit:
2794 4506 3075 4564 quousque
3111 4500 3167 4545 tu
3200 4490 3268 4546 de
3297 4490 3477 4559 impu-

236 4585 369 4651 μετὰ
390 4584 596 4655 πολλῆς
618 4585 719 4654 τῆς
743 4582 1101 4649 ἀναισθησίας
1130 4583 1310 4651 ἀφιείς
1331 4600 1345 4651 ;
1368 4584 1437 4637 8t‘
1462 4578 1558 4648 ὧν,
1592 4585 1784 4653 γέλωτι

1904 4588 2089 4644 dentia
2120 4597 2211 4643 tua
2242 4588 2320 4642 nil
2350 4587 2629 4643 remittis?
2665 4600 2947 4657 quousque
2983 4601 3093 4642 non
3125 4584 3346 4639 emittes
3372 4582 3478 4636 ini-

235 4675 332 4743 μὶν
357 4681 470 4741 τοῖς
500 4676 917 4748 συμπράττουσι
952 4673 1172 4747 δαίμοσι
1202 4678 1390 4741 κινεῖς,
1420 4676 1595 4747 λύπην
1622 4678 1681 4731 δὲ
1711 4679 1784 4730 ὲπ¹

1902 4678 2179 4750 pudentiae
2203 4686 2312 4733 tuac
2333 4678 2437 4733 tela
2464 4677 2671 4733 furioso
2699 4692 2853 4732 more
2883 4676 2941 4731 in
2959 4676 3158 4731 malum
3180 4670 3481 4742 cjaculari?

232 4767 298 4836 τῇ
329 4772 395 4840 σῇ
433 4768 683 4840 ἀπωλείᾳ
707 4771 821 4831 τοῖς
853 4767 1031 4837 ἁγίοις
1062 4766 1365 4838 προξενείς,
1402 4769 1632 4839 μισητὸν
1660 4769 1717 4823 δὲ
1746 4771 1784 4823 τε

1904 4771 2051 4827 unde
2106 4771 2279 4826 risum
2340 4779 2395 4825 et
2453 4771 2749 4826 ludibrium
2803 4767 3191 4824 auxiliantibus
3247 4763 3480 4821 diabolis

238 4858 326 4912 σὺν
351 4861 511 4929 γένος
539 4859 635 4914 νῦν
663 4859 863 4929 μᾶλλον
896 4860 931 4930 ἢ
962 4858 1231 4930 πρότερον
1271 4860 1364 4912 καὶ
1393 4858 1676 4931 διαϐόητον
1705 4861 1784 4913 ἐπ’

1906 4861 2205 4926 ministras,
2247 4860 2492 4916 dolorem
2524 4876 2655 4915 vero
2690 4861 2759 4915 de
2798 4869 2886 4914 tua
2930 4856 3234 4928 perditione
3277 4855 3481 4912 sanctis

236 4949 402 5023 κακίᾳ.
431 4950 724 5022 παριστᾷς.

1910 4952 2203 5009 suﬂ‘undis.
2256 4951 2442 5008 Genus
2482 4967 2650 5024 porro
2697 4961 2892 5014 tuum,
2939 4949 3080 5003 ultra
3136 4963 3297 5017 quam
3348 4946 3483 5003 olim

1915 5045 2114 5107 fuerat,
2165 5044 2293 5100 odio
2343 5044 2530 5099 haberi
2581 5051 2638 5098 et
2707 5041 3055 5098 detestationi
3108 5040 3261 5106 facis,
3311 5050 3369 5094 et
3412 5041 3484 5095 ob

1914 5138 2319 5208 improbitatem
2342 5135 2701 5191 diﬂ'amatutn.

831 5224 1055 5279 ΕΠΙΣΤ.
1097 5226 1196 5280 IE'.

657 5315 1020 5379 Ἀναστασιῳ
1060 5318 1389 5383 φορολόγῖρ.

2522 5223 2738 5279 EPlST.
2760 5222 2882 5280 XV.

2277 5317 2560 5373 Anastasio
2597 5316 2781 5371 tributi
2829 5316 3113 5372 collectori.

1510 5406 1780 5460 Montacut.
1818 5413 1923 5477 (ep.
1957 5414 2038 5473 5i,
2072 5428 2121 5477 p.
2155 5414 2285 5475 106).

308 5494 423 5548 Οὐκ
449 5495 567 5549 ἔστι
594 5510 678 5547 σοι
700 5490 931 5561 πάροδος
956 5490 1035 5551 είς
1052 5490 1153 5556 τὴν
1178 5490 1280 5560 τῆς
1305 5490 1580 5560 βασιλείας
1607 5492 1805 5562 πύλην,

240 5576 370 5635 διότι
398 5602 480 5637 σοι
495 5582 699 5653 ταύτην
718 5579 1065 5649 ἀπετείχισεν
1082 5579 1112 5631 ὁ
1132 5579 1232 5649 τῆς
1259 5581 1625 5653 φιλαργυρίας
1646 5583 1805 5652 ἔρως.

1986 5496 2142 5551 Haud
2164 5496 2260 5551 tibi
2283 5504 2431 5566 patet
2470 5493 2747 5563 ingressus
2775 5509 2873 5564 per
2899 5496 3099 5549 ostium
3132 5492 3187 5545 in
3221 5503 3481 5559 regnum:

1915 5589 2266 5658 pecuniarum
2303 5587 2506 5657 quippe
2554 5600 2706 5639 amor
2743 5599 2869 5640 eum
2913 5586 3008 5640 tibi
3042 5583 3291 5639 occlusit.
3335 5577 3487 5646 Quod

1525 5691 1758 5747 VARUE
1808 5694 2213 5753 LECTIONES.

320 5795 347 5835 ³
379 5792 613 5860 ἓφιέται.
691 5798 713 5826 ²
744 5807 835 5858 γρ.
877 5789 1025 5858 βέλη.

518 5890 785 5948 Ρλτηοι..
823 5886 938 5948 (in.
979 5888 1108 5944 ιλιι.

1104 5804 1127 5831 ι
1153 5792 1363 5844 ἑαυτόν.
1443 5792 1469 5829 ι’
1512 5790 1650 5859 μετὰ
1678 5789 1900 5849 llwsch.

3030 5878 3102 5937 30
