4080 6416
612 340 725 419 tua

1750 350 2011 412 PHOTII
2050 344 2552 409 PATRIARCILE
2589 344 2698 405 ΟΡ.

3776 344 3892 408 9ίο

618 466 664 524 si
707 480 920 523 murum
963 464 1304 536 interiectum
1346 481 1454 536 quo
1490 464 1815 529 cxcluderis,
1854 478 1951 533 per
1989 477 2189 533 paupe-

2296 460 2359 513 Εί
2394 457 2453 511 δὲ
2475 456 2537 511 τὸ
2568 456 2883 527 μεσότοιχον
2906 456 2994 510 διὰ
3024 456 3425 528 φιλοπτωχειας
3442 456 3653 524 λύσεις,
3688 457 3894 512 θᾶττον

617 575 740 615 rum
788 572 1030 613 amorem
1070 556 1410 612 submoveris
1440 597 1456 620 ,
1502 557 1824 626 quantocius
1870 563 1925 609 te
1968 553 2189 625 recipiet

2296 552 2330 620 ἡ
2357 548 2455 619 τῆς
2488 547 2866 621 ἐλεημοσύνης
2893 546 3211 612 ὑποδέξεταί
3244 564 3303 602 σε
3330 548 3609 603 κατοικία.

617 653 974 725 eleemosynac
1001 651 1271 708 destinata
1296 650 1582 705 habitatio.

1201 762 1420 821 EPIST.
1452 762 1598 819 XVI.

1295 856 1501 911 Eidem.

2884 748 3109 802 emzr.
3164 744 3281 815 ις.

2934 838 3019 906 Τῷ
3062 839 3246 907 αὐτῷ.

1844 969 2113 1020 Montacul.
2153 971 2257 1035 (ep.
2292 974 2372 1036 52,
2407 990 2457 1039 p.
2492 975 2627 1037 106).

681 1078 898 1136 Nullum
940 1076 1232 1134 admittunt
1271 1077 1413 1133 inter
1451 1093 1511 1133 se
1544 1080 1935 1135 commercium
1961 1078 2192 1136 avaritia

2369 1086 2485 1139 Οὐκ
2533 1081 2643 1139 οἶδε
2688 1083 2905 1138 συνοδον
2945 1083 3215 1151 ἀλλήλων,
3256 1080 3543 1147 πλεονεξία
3571 1080 3674 1136 καὶ
3701 1081 3895 1149 φιλανο

612 1181 666 1225 et
709 1172 1039 1226 humanitas.
1076 1169 1262 1243 Longe
1297 1172 1453 1227 abest
1494 1172 1641 1226 enim
1671 1171 1753 1227 vir
1786 1172 2097 1227 misericors
2124 1173 2189 1227 ab

2296 1176 2537 1249 θρωπία.
2586 1176 2824 1247 Μακράν
2863 1174 3060 1244 ἀπέχει
3109 1174 3250 1245 ἀνὴρ
3322 1174 3576 1243 ἐλεήμων
3625 1172 3732 1241 τῆς
3780 1188 3895 1223 των

590 1263 735 1348 _odio
762 1263 1025 1325 fraterno,
1054 1276 1162 1331 quo
1184 1262 1437 1318 laborant
1458 1263 1677 1318 divites.
1704 1261 1974 1329 Quocirca
2007 1263 2189 1318 hiatus

2294 1267 2662 1322 πλουτούντων
2688 1265 3069 1336 μισαδελφίας.
3100 1266 3201 1318 Διά
3217 1264 3376 1317 τοῦτο
3401 1265 3499 1317 καὶ
3526 1263 3679 1333 μέγα
3697 1263 3890 1333 χάσμα

588 1355 802 1426 "ingens
846 1354 1193 1411 constituitur
1231 1354 1380 1425 inter,
1411 1354 1686 1410 infernum
1723 1354 2069 1410 etmalorum
2102 1370 2189 1410 re-

2294 1358 2602 1430 ἐστήρικται
2627 1355 2831 1427 μεταξὺ
2861 1358 3091 1428 γεέννης
3125 1357 3220 1410 καὶ⁵
3242 1355 3541 1427 βασιλείας.

585 1448 798 1519 (gnum.

600 1555 609 1571 ’
1198 1558 1420 1614 EPIST.
1447 1558 1614 1613 XVII.

596 1617 616 1722 ³
1300 1648 1506 1703 Eidem.

2216 1656 2262 1714 B

2904 1553 3129 1609 ΕΠΙΣΤ.
3179 1554 3277 1607 IZ'.

2934 1644 3020 1711 Τῷ
3050 1644 3235 1710 αὐτῷ.

1856 1762 2122 1811 Montacut.
2162 1762 2265 1823 (ep.
2302 1759 2380 1819 55,
2415 1774 2465 1823 p.
2506 1759 2634 1821 [07).

680 1875 911 1932 Divitias
958 1886 1211 1936 evacuas,
1262 1879 1319 1926 et
1371 1870 1723 1925 vehementer
1770 1868 2000 1939 gaudeo,
2042 1867 2184 1937 quod

613 1969 707 2024 tibi
751 1967 1013 2022 cmlorum
1065 1979 1291 2035 regnum
1330 1962 1655 2018 aediﬁcatum
1698 1960 1949 2016 videam:
1999 1960 2091 2014 sed
2132 1968 2187 2013 et

611 2074 719 2115 una
752 2067 1085 2115 evacuentur
1112 2056 1339 2111 affectus
1370 2056 1467 2119 illi,
1498 2056 1591 2127 qui
1627 2054 1845 2110 divitias
1875 2056 2025 2125 prius
2063 2070 2187 2125 pos-

611 2152 872 2208 sederunt
909 2169 924 2206 :
966 2160 1027 2206 ut
1058 2166 1171 2206 non
1203 2150 1365 2206 modo
1390 2150 1658 2204 thalamus
1696 2150 1794 2204 tibi
1829 2150 2023 2221 regalis
2053 2164 2187 2204 con—

611 2244 812 2316 tingat,
829 2242 926 2300 sed
949 2251 1004 2298 et
1035 2257 1268 2313 sponsus
1305 2242 1465 2297 etiam
1497 2241 1724 2312 prodeat
1764 2241 1993 2312 pulchre
2026 2256 2188 2297 exor-

610 2344 793 2391 natus.

1193 2424 1620 2481 EPISTJXVIII.

1102 2516 1374 2579 Galatoni,
1398 2534 1429 2569 a
1457 2518 1683 2570 secretis.

2358 1866 2550 1927 Κενοίς
2578 1865 2671 1918 τὸν
2713 1863 2943 1918 πλοῦτον
2967 1881 2980 1895 ·
3016 1863 3111 1917 καὶ
3143 1863 3285 1935 μέγα
3328 1862 3505 1934 χαίρω
3533 1863 3619 1915 ὅτι
3661 1878 3746 1913 σοι
3787 1860 3888 1930 βα-

2289 1955 2492 2009 σιλείαν
2511 1956 2570 2009 ού
2580 1956 2758 2026 ρανῶν
2773 1957 2885 2027 δρῶ
2904 1956 3189 2026 οἰκοδομου
3200 1956 3391 2027 μένην.
3420 1954 3583 2006 Ἀλλὰ
3607 1952 3888 2006 κενούσθω

2289 2068 2370 2103 σοι
2421 2050 2514 2101 καὶ
2566 2049 2602 2103 ἃ
2648 2052 2975 2122 προκατεῖχε
3024 2050 3116 2104 τὸν
3151 2049 3383 2103 πλοῦτον
3444 2048 3629 2117 πάθηο
3686 2048 3779 2100 ἵνα
3810 2047 3884 2116 μὴ

2291 2144 2451 2215 μόνον
2479 2145 2512 2214 ἡ
2544 2142 2759 2206 παστὰς
2808 2142 3031 2215 ὑπάρχῃ
3079 2142 3357 2214 βασιλικὴ,
3386 2141 3522 2196 ἀλλὰ
3556 2140 3655 2193 καὶ
3686 2141 3718 2193 δ
3750 2160 3812 2191 νυ
3820 2159 3885 2209 μ·

2290 2233 2411 2303 φίος
2447 2232 2875 2305 ἑξωραῖσμένος.

2886 2430 3113 2486 ΕΠΙΣΤ.
3164 2434 3268 2487 IH'.

2737 2523 3049 2579 l‘aldtwrt
3075 2522 3424 2591 ἁσηκρῆτις.

1862 2635 2127 2685 Montacut.
2163 2636 2267 2701 (ep.
2300 2639 2380 2701 55,
2420 2653 2470 2703 p.
2508 2638 2641 2703 110).

686 2746 1025 2817 Archetypon
1049 2746 1067 2815 (
1090 2744 1318 2813 opinor)
1345 2753 1445 2809 cst,
1473 2758 1571 2797 nec
1590 2743 1653 2797 ad
1677 2742 2030 2799 imitationem
2063 2744 2187 2800 alio-

609 2855 728 2893 rum
778 2838 1111 2903 institutum,
1168 2835 1413 2906 praeclari
1471 2836 1631 2889 amici
1687 2836 1763 2891 tui
1815 2838 2181 2896 mendacium.
2213 2872 2256 2930 ο

607 2931 797 3000 Neque
845 2930 992 2985 enim
1031 2928 1347 2999 persuaderi
1384 2928 1486 2997 ipsi
1522 2927 1732 2997 possit,
1765 2939 1825 2983 ut
1858 2944 1980 2983 cum
2013 2930 2187 2999 poetis

2295 2930 2511 3000 ψεῦδος.
2552 2932 2810 2999 Ποιηταῖς
2852 2931 2950 2999 μὲν
2981 2932 3113 3000 γαρ,
3148 2931 3321 2983 καίτοι
3354 2928 3751 2999 φιλομυθούσιν
3782 2928 3877 2999 (οὗ

613 3024 702 3078 vel
751 3022 1140 3077 amantissimis
1179 3020 1476 3085 ﬁctionum,
1511 3036 1581 3075 ne
1622 3020 1797 3075 dicam
1832 3022 2055 3076 comicis
2097 3033 2189 3077 aut

602 3115 856 3185 tragicis,
889 3121 1265 3183 comparetur;
1297 3113 1469 3166 multo
1506 3113 1674 3182 magis
1710 3112 1799 3182 qui
1834 3128 1921 3168 res
1961 3114 2185 3168 heroum

612 3217 792 3279 gestas
827 3215 1000 3261 metro
1044 3219 1339 3275 paronymo
1369 3202 1387 3275 (
1418 3204 1520 3259 hoc
1559 3214 1663 3268 est,
1702 3204 1923 3260 heroico
1952 3205 1971 3277 )
2002 3222 2187 3277 persc-

600 3300 723 3354 -cuti
756 3307 903 3353 sunt.
950 3297 1086 3351 Cum
1116 3311 1242 3351 vero
1286 3307 1476 3367 poetas
1523 3312 1710 3352 onmes
1752 3298 1808 3351 in
1845 3305 2188 3368 extempora-

614 3390 756 3443 libus
780 3388 1047 3460 ligmentis
1066 3387 1480 3458 transgreditur,
1520 3388 1681 3459 idque
1725 3404 1848 3443 cum
1876 3390 2186 3460 supercilio,

606 3483 905 3537 historicus
945 3482 1210 3552 quispiam
1255 3492 1349 3535 aut
1396 3496 1556 3551 prosa
1620 3481 1871 3552 scriptor,
1911 3482 1997 3536 hic
2045 3497 2186 3551 opus

614 3585 714 3637 est,
766 3583 825 3629 ut
869 3573 923 3627 in
967 3573 1283 3627 memoriam
1325 3581 1609 3627 revocetur
1642 3574 1725 3638 ei,
1770 3582 1824 3627 et
1864 3589 1927 3627 ex
1960 3573 2187 3628 adverso

606 3674 971 3736 componatur
1008 3673 1265 3719 strenuus
1303 3665 1571 3734 quispiam
1616 3665 2022 3719 mendaciorum
2069 3680 2188 3719 sar-

614 3768 718 3821 tor,
773 3764 832 3811 ut
860 3757 933 3810 ita
980 3771 1234 3827 magnum
1270 3765 1326 3811 et
1360 3756 1583 3811 dubium
1619 3756 1851 3811 subeant
1887 3764 2182 3812 certamen.

602 3848 744 3914 ‘Quis
772 3856 953 3903 autem
984 3848 1073 3902 ille
1104 3848 1320 3902 tandem
1348 3848 1455 3902 erit
1480 3848 1502 3900 ?
1538 3846 1699 3902 Certe
1726 3862 1829 3902 nec
1868 3847 2009 3902 inter
2034 3847 2186 3903 Grae-

613 3958 727 4000 cos,
771 3940 868 3994 sed
956 3955 1133 4008 neque
1178 3939 1436 3993 barbaros
1477 3938 1682 3993 versari
1720 3938 2032 4009 dignabitur
2072 3939 2182 3995 ille.

604 4030 721 4084 'Scd
760 4044 901 4099 opus
940 4039 1120 4084 autem
1154 4042 1239 4085 est
1279 4038 1338 4084 ut
1368 4029 1661 4102 investiges
1706 4040 1905 4085 terram
1947 4030 2185 4084 homini-

612 4121 716 4175 bus
771 4121 1106 4191 incognitam
1135 4164 1150 4189 ,
1195 4121 1377 4193 potius
1424 4137 1545 4192 quae
1599 4138 1866 4192 nusquam
1930 4122 2180 4189 habetur,

2382 2750 2729 2820 ’Λρχέτυπον,
2768 2746 2944 2819 οἶμαι,
2991 2751 3085 2803 καὶ
3127 2750 3187 2802 ού
3225 2748 3361 2820 πρὸς
3405 2747 3645 2816 μίμησιν
3678 2747 3881 2817 ἐτέρων

2294 2842 2771 2911 μεμηχανημένον,
2798 2842 2893 2894 τοῦ
2926 2840 3092 2893 καλοῦ
3139 2858 3233 2892 σου
3289 2838 3444 2909 φίλου
3498 2837 3765 2906 τυγχάνει
3820 2837 3880 2888 τὸ

2296 3023 2441 3091 λέγω
2459 3026 2742 3093 κωμικοῖς,
2758 3023 2873 3075 ἀλλ’
2894 3023 3013 3075 οὐδὲ
3036 3022 3373 3091 τραγικοῖς),
3396 3020 3496 3073 ούκ
3529 3019 3599 3073 ἂν
3621 3020 3874 3088 πεισθείη

2299 3114 2705 3187 συγκρίνεσθαι.
2754 3114 2939 3184 Ιῐολλῷ
2982 3115 3039 3167 δὲ
3071 3114 3292 3184 μᾶλλον,
3328 3113 3438 3165 οὐδ’
3467 3105 3552 3175 οἷς
3581 3110 3651 3164 τά
3681 3111 3877 3183 ἡρώων

2298 3204 2615 3276 παρωνύμῳ
2664 3204 2850 3276 μέτρῳ
2914 3204 3197 3276 ἐξῄρηται.
3250 3204 3424 3259 Ὅπου
3472 3204 3564 3267 δὲ,
3632 3205 3877 3274 ποιητῶν

2295 3298 2575 3361 ἁπάντων,
2634 3300 2691 3352 ἐν
2747 3298 2826 3368 τῷ
2877 3298 3201 3368 σχεδιάζειν,
3266 3298 3741 3370 ὑπερωφρύωται,
3795 3301 3877 3361 τες

2299 3390 2584 3462 ἱστορικῶν
2642 3391 2675 3462 ἦ
2735 3390 3097 3462 συγγραφέων
3149 3394 3230 3455 εἰς
3277 3392 3496 3461 μνήμην
3556 3392 3722 3461 χρεία
3782 3392 3877 3444 καὶ

2295 3483 2618 3554 παράθεσις;
2644 3484 2778 3555 πρὸς
2811 3485 2906 3537 ἕνα
2946 3488 3094 3549 τινὰ,
3129 3484 3335 3541 λοιπὸν,
3370 3482 3660 3550 γενναίων,
3698 3478 3872 3550 οἶμαι,

2293 3578 2362 3630 τὰ
2387 3577 2578 3647 ψευδῆ,
2615 3577 2791 3648 μέγας
2822 3577 2970 3649 αύτῷ
2998 3579 3092 3630 καὶ
3126 3578 3474 3646 ἀμφήριστος
3518 3574 3872 3627 ὑπολείπεται

2294 3670 2323 3720 ὁ
2351 3667 2519 3737 ἀγών.
2566 3667 2664 3732 Τίς
2693 3664 2786 3722 οὖν
2819 3671 2966 3722 ἐστιν
3010 3662 3195 3732 οὗτος
3228 3666 3341 3719 Οὐκ
3368 3666 3424 3717 ὲν
3448 3664 3732 3732 Ἕλλησιν,
3766 3663 3872 3715 οὐδ’

2294 3759 2352 3810 ὲν
2396 3758 2702 3830 Βαρδάροις
2750 3758 2893 3824 ἀξιοῖ
2934 3756 3345 3810 πολιτεύεσθαιο
3380 3757 3483 3825 γῆν
3502 3753 3561 3806 δὲ
3592 3753 3875 3820 ἄγνωστον

2293 3849 2624 3920 ἀνθρώποις,
2676 3850 2878 3919 μᾶλλον
2924 3850 2969 3902 δ’
2999 3849 3349 3917 ἀνύπαρκτον
3394 3846 3552 3909 ὅλως,
3594 3845 3694 3898 καὶ
3720 3847 3873 3913 γένος

2293 3942 2733 4011 ἀκατονόμαστον
2758 3941 3115 4011 ἐπιζητήσας,
3141 3939 3395 3992 κακείθεν
3427 3936 3739 4006 ἐπιδημῶν,
3762 3938 3874 3999 τοῖς

2296 4032 2507 4101 μύθοις,
2541 4032 2650 4087 τῶν
2692 4034 3018 4105 ἀπορρήτων
3069 4028 3380 4102 ὑφηγητὴς,
3438 4029 3578 4099 μετά
3632 4028 3874 4097 φοϐερᾶς

2292 4125 2390 4193 τῆς
2412 4124 2612 4194 ὀφρύος
2647 4124 3009 4195 προκάθηται.
3049 4122 3324 4193 Τιμοκλέα
3371 4123 3521 4186 ποτὲ,
3577 4122 3781 4191 μᾶλλον
3816 4121 3871 4173 δὲ

612 4221 667 4267 ci
700 4222 914 4284 gentem
949 4213 1183 4284 aliquam
1226 4215 1660 4283 innominatam;
1709 4216 1834 4270 inde
1874 4216 1981 4271 huc
2025 4232 2183 4287 pere-

2294 4216 2725 4270 Χ).ονθάκονθλον
2749 4217 2839 4269 τὸν
2857 4216 3175 4285 Ὀφιοκανὸν
3205 4216 3304 4283 (δεῖ
3328 4216 3456 4287 γάρ,
3480 4216 3555 4279 ὼς
3582 4217 3750 4283 ἔοικε,
3779 4217 3871 4271 καὶ

612 4305 801 4376 grinus
843 4306 1098 4362 adveniat
1143 4316 1245 4374 ;et
1291 4322 1413 4362 cum
1457 4308 1685 4363 terribili
1724 4309 1956 4378 quodam
1996 4323 2187 4379 super-

611 4397 739 4452 cilio
768 4438 784 4463 ,
845 4407 1184 4454 secretorum
1246 4409 1531 4455 enarrator
1562 4442 1577 4465 ,
1643 4400 1839 4457 fabulis
1902 4402 2189 4471 praasideat

611 4490 955 4545 enarrandis.
992 4488 1290 4545 Timoclem
1324 4491 1463 4546 forte
1494 4492 1751 4562 aliquem,
1785 4509 1909 4547 cum
1934 4494 2017 4548 vel
2052 4509 2188 4562 puer

611 4582 699 4637 vel
741 4580 1061 4637 adolescens
1098 4580 1506 4652 disciplinarum
1538 4583 1749 4637 scholas
1779 4584 1990 4649 adires,
2030 4586 2188 4639 audi-

611 4676 758 4737 visti,
792 4674 1406 4731 autClonthacontblou
1444 4675 1793 4744 Ophicianum
1823 4682 1840 4746 (
1868 4692 1992 4729 nam
2026 4692 2186 4730 mon-

612 4780 723 4825 stra
757 4769 915 4826 nobis
935 4768 1219 4824 nominum
1247 4767 1525 4823 formanda
1547 4778 1673 4823 sunt
1696 4770 1711 4834 )
1737 4766 2186 4838 Ophicianorum,

612 4877 752 4935 quos
785 4862 888 4917 sibi
909 4860 1168 4935 conﬁxit,
1198 4860 1436 4915 nationis
1465 4870 1734 4924 naturam,
1766 4861 2006 4930 politian)
2034 4900 2047 4924 ,
2084 4877 2187 4931 pu-

615 4970 772 5024 gnas,
820 4952 1095 5016 victorias,
1146 4952 1272 5008 vita:
1324 4954 1543 5018 saecula,
1604 4961 1813 5017 aetates,
1865 4952 2186 5017 felicitates,

616 5062 795 5116 neque
829 5046 1115 5101 hominum
1148 5046 1545 5111 tantummodo,
1578 5045 1673 5100 sed
1709 5054 1766 5099 et
1798 5045 2100 5115 plantarum
2135 5055 2191 5099 et

617 5138 954 5201 animalium,
987 5138 1172 5204 maris,
1209 5146 1267 5193 et
1303 5147 1462 5193 terra:
1485 5179 1499 5203 ,
1533 5138 1802 5208 aerisque,
1842 5137 2189 5207 hyperbolice

620 5226 993 5292 mentientem,
1037 5236 1093 5283 et
1137 5228 1444 5299 prodigiose
1478 5236 1921 5298 prosequentem.
1954 5227 2114 5282 Certe
2145 5228 2189 5282 si

618 5319 912 5390 praeclarus
955 5319 1046 5373 ille
1094 5327 1223 5373 tuus
1261 5319 1491 5385 amicus,
1534 5319 1587 5373 in
1624 5328 1905 5375 certamen
1936 5321 2003 5376 de
2033 5336 2189 5375 men-

618 5411 825 5477 tiendo,
874 5426 998 5465 cum
1040 5411 1143 5467 isto
1189 5412 1407 5468 homine
1445 5412 1823 5480 descenderet,
1871 5415 2085 5485 iudices
2135 5424 2191 5469 ct

619 5504 966 5575 praemiorum
999 5503 1381 5561 distributores
1406 5547 1421 5571 ,
1456 5505 1523 5560 ad
1556 5505 1861 5563 istiusmodi
1893 5508 2189 5563 certamina

2288 4308 2357 4361 τὰ
2402 4308 2642 4377 ὀνόματα
2671 4308 3095 4379 τερατεύεσθαι)
3146 4308 3414 4378 κουρίζων
3448 4308 3638 4378 ίσωςῆ
3682 4326 3870 4379 μειρα-

2289 4399 2460 4462 κίξων
2484 4402 2595 4463 τοῖς
2618 4399 2958 4470 μαθήμασιν,
2982 4401 3240 4470 ᾗκουσας,
3260 4398 3597 4469 Ὀφιοκανῶν
3616 4400 3866 4461 ἐκείνων,

2287 4491 2381 4556 οὒς
2422 4493 2581 4556 αὐτὸς
2626 4494 2990 4563 ὑπεστήσατο,
3036 4494 3214 4561 γένος,
3254 4495 3347 4546 καὶ
3376 4493 3561 4563 φύσιν,
3599 4496 3695 4546 καὶ
3723 4495 3870 4546 πολι-

2286 4582 2459 4646 τείαν,
2491 4583 2585 4635 καὶ
2609 4584 2811 4652 μάχας,
2843 4583 2937 4637 καὶ
2971 4583 3146 4648 νίκας,
3175 4584 3269 4636 καὶ
3305 4582 3434 4652 βίων
3469 4584 3675 4647 αἰῶνας
3698 4596 3747 4647 ε,
3774 4590 3871 4639 καὶ

2288 4674 2525 4746 ἡλικίας,
2551 4676 2645 4727 καὶ
2668 4674 3010 4745 εὐδαιμονίας
3030 4691 3043 4705 ο
3073 4676 3173 4728 οὑκ
3195 4675 3502 4746 ἀνθρώπιον
3528 4676 3712 4745 μόνον,
3736 4677 3872 4729 ἀλλὰ

2290 4770 2384 4820 καὶ
2413 4767 2619 4837 φυτῶν,
2662 4768 2753 4821 καὶ
2786 4767 2962 4832 ζώων,
2999 4769 3091 4821 καὶ
3133 4768 3258 4838 γῆς,
3290 4769 3386 4822 καλ⁵
3422 4767 3722 4839 θαλάσσης,
3776 4771 3873 4822 καὶ

2289 4862 2471 4931 ἀέρος,
2516 4862 2611 4913 καὶ
2650 4858 2960 4932 ὑπερϐολὴν
2998 4862 3329 4932 ψευσμάτων
3376 4863 3869 4932 τερατευσάμενον.

2304 4951 2465 5005 Ἀλλά
2493 4952 2587 5005 καὶ
2634 4951 2771 5022 πρὸς
2816 4952 3024 5015 τοῦτον,
3065 4955 3144 5015 εἰς
3184 4955 3312 5016 τοὺς
3348 4954 3477 5024 περὶ
3510 4952 3604 5005 τοῦ
3635 4952 3873 5021 ψεύδους

2292 5043 2529 5111 ἀγῶνας,
2561 5045 2588 5095 ὁ
2617 5043 2779 5106 καλός
2824 5061 2916 5096 σου
2949 5045 3101 5113 φίλος
3146 5058 3193 5097 ει
3219 5045 3566 5107 ἀποδύσαιτο,
3594 5046 3677 5107 εἰς
3714 5045 3874 5114 μεγίο

2292 5152 2424 5204 στην
2467 5135 2533 5187 ἂν
2586 5134 2822 5204 ἀπορίαν
2866 5135 2995 5197 τοὺς
3047 5134 3341 5199 ἀθλοθέτας
3383 5135 3477 5187 καὶ
3515 5134 3714 5205 κριτὰς
3767 5134 3873 5186 τῶν

2290 5228 2546 5282 τοιούτων
2597 5228 2995 5297 ἀγωνισμάτων
3042 5230 3447 5299 περιστήσειεν,
3482 5227 3737 5297 ὁποτέρῳ
3766 5228 3876 5280 τῶν

2291 5322 2383 5375 δύο
2434 5320 2532 5391 τὴν
2592 5320 2833 5373 νικῶσαν
2878 5319 3322 5389 ὲπιψηφίσονται.
3388 5322 3493 5373 Ἔα
3546 5319 3737 5373 τοίνυν
3786 5319 3876 5372 τὸν

2292 5414 2639 5484 ἀνεῳγμένον
2668 5412 2839 5481 τάφον
2892 5412 3002 5465 τῶν
3031 5414 3363 5483 ψευσμάτων
3402 5413 3659 5483 (ἄμεινον
3681 5412 3794 5483 γάρ
3815 5414 3879 5465 ἐκ

2294 5506 2393 5577 τῆς
2415 5503 2650 5567 ἀληθοῦς
2678 5504 2872 5572 σοφίας
2900 5505 3225 5571 ὲξεικονίσαι
3254 5505 3370 5576 ἅμα
3407 5506 3500 5559 καὶ
3528 5503 3880 5576 στηλιτεῦσαι

1924 5663 2154 5729 ¹λῖΑΙῖΙΑΞ
2196 5662 2599 5731 ΙιΕΕΤΙΟΝΕΒ,

694 5828 719 5856 ι
754 5819 840 5871 ισ.
863 5818 1103 5887 ἀγωγάς.
