4080 6406
243 350 348 417 9η

1397 344 1930 409 EPISTOLARUM
1961 346 2193 409 LIBER
2228 342 2343 407 ΙΙΙ.

3383 354 3490 417 949.

230 464 325 517 τὸν
347 459 530 516 ἀθλιον
553 458 573 528 )
596 455 693 511 καὶ
711 456 814 527 τῆς
830 454 1039 509 ἐκεῖθεν
1061 454 1323 518 δυσωδίας
1344 455 1539 509 σαυτὸν
1562 455 1797 527 ἀπόστη-

1912 454 2254 516 constitutos,
2296 454 2351 508 in
2381 454 2652 527 ambiguis
2683 456 2975 513 sententiis
3012 456 3302 514 distractos
3334 463 3483 519 vide-

233 572 349 610 σον.
384 552 447 606 Ei
469 552 578 622 γὰρ
602 548 723 603 οὐδὲ
742 546 918 615 δεξιοῦ
942 544 1247 617 ὀφθαλμοῦ,
1273 546 1395 599 οὐδὲ
1423 545 1607 627 χειρὸς
1631 546 1810 618 (άπερ

229 645 458 701 δύναται
486 643 656 714 φίλων
682 640 948 711 δεξιότης,
980 637 1087 693 τῶν
1120 638 1219 710 μὲν
1246 639 1381 710 όρᾷν
1411 638 1474 691 τὸ
1505 637 1807 709 συμφέρον,

229 737 343 792 τῶν
367 736 427 791 δὲ
462 733 938 807 μεταχειρίζεσθαι
980 729 1386 803 συνεργούντων
1430 730 1526 785 καὶ
1558 746 1810 801 συμπρο-

232 824 615 898 θυμουμένων,
663 824 758 878 καὶ
799 821 987 887 ἁπλῶς
1027 821 1164 892 πρὸς
1211 820 1431 875 ἅπαντα
1477 820 1578 890 μὲν
1620 819 1688 874 τά
1711 817 1809 874 τοῦ

234 914 354 986 βίου
386 912 850 986 χρησιμευόντων,
891 911 1069 975 ἄλλως
1095 912 1153 966 δὲ
1195 911 1333 983 πρὸς
1373 910 1574 966 κακίαν
1603 910 1810 965 ὑποσυ-

235 1004 496 1076 ρόντων),
546 1003 667 1056 οὐδὲ
712 1003 916 1055 τούτων
959 1001 1238 1073 φείδεσθαι
1280 1000 1807 1072 παρακελευόμεθα,

232 1096 371 1150 ἀλλά
414 1094 790 1166 διασχίζεσθαι
819 1093 1014 1147 θᾶττον
1059 1094 1242 1146 αὐτῶν
1293 1094 1389 1147 καὶ
1426 1092 1811 1161 διατεμνεσθαι

233 1185 687 1259 προσταττόμεθα
707 1202 721 1216 ·
756 1186 809 1239 τί
848 1185 953 1257 χρὴ
981 1188 1155 1238 ποιεῖν
1194 1185 1324 1256 περὶ
1356 1183 1451 1236 τοῦ
1482 1182 1811 1255 σεσηπότος,

232 1280 331 1333 καὶ
353 1279 414 1333 ού
440 1278 559 1344 νῦν,
582 1278 718 1333 ἀλλὰ
747 1277 1039 1341 διαπαντὸς
1069 1276 1165 1330 καὶ
1200 1277 1475 1348 ἀχρήστου
1501 1277 1597 1330 καὶ
1643 1273 1813 1328 πάλαι

230 1370 618 1444 διαιρεθέντος,
661 1370 759 1426 καὶ
805 1371 869 1425 ού
922 1370 1116 1442 μέλους
1159 1369 1291 1423 ποτὲ
1332 1367 1639 1438 γεγονότος,
1675 1364 1812 1420 ἀλλά

234 1463 408 1518 πολλά
433 1461 545 1518 τῶν
572 1463 751 1533 μελῶν
775 1462 1031 1533 ἀπαρχῆς
1050 1460 1545 1533 τραυματίσαντος.

1908 562 2117 610 remus,
2168 547 2256 602 cui
2301 562 2333 601 e
2370 547 2589 605 duobus
2618 550 2863 607 victoriae
2907 550 3174 606 calculum
3212 554 3488 612 ascribere

1909 639 2195 695 deberent.
2252 637 2454 695 Omitte
2512 649 2694 696 autem
2755 651 2813 697 tu
2870 653 3064 713 patens
3119 642 3253 699 illud
3305 646 3489 716 sepul-

1908 744 2061 786 crum
2101 728 2511 786 mendaciorum
2545 731 2759 803 (satius
2795 732 2961 787 fuerit
2990 749 3021 788 a
3055 733 3233 790 veraci
3269 735 3495 805 sapien-

1911 821 1987 876 tia
2044 831 2360 877 mutuantes
2417 833 2849 893 repraesentare,
2892 825 3056 881 simul
3100 835 3156 882 et
3204 827 3492 898 propalare

1919 913 2185 968 miserum
2219 914 2421 981 illum),
2453 926 2509 971 et
2535 917 2604 972 ab
2624 916 2915 973 exhalante
2938 917 3066 973 inde
3095 918 3270 975 fetore
3328 931 3496 975 temet

1913 1020 2077 1074 quam
2138 1006 2452 1077 longissime
2515 1008 2795 1065 submove.
2844 1008 2902 1065 Si
2939 1010 3085 1066 enim
3129 1027 3234 1069 nec
3271 1014 3495 1069 dextero

1912 1097 2105 1161 oculo,
2161 1108 2257 1153 aut
2307 1098 2468 1153 etiam
2523 1100 2707 1154 manui
2739 1116 2963 1172 parcere
3005 1105 3262 1174 jubemur
3303 1107 3370 1168 ³ο,
3401 1110 3495 1161 sed

1914 1201 2111 1243 eruere
2154 1198 2211 1243 et
2233 1189 2556 1246 abscindere
2592 1195 2919 1261 quantocius
2938 1205 3230 1266 utrumque
3255 1194 3495 1269 (quibus

1918 1278 2150 1352 intelligi
2210 1281 2427 1336 videtur
2460 1283 2760 1339 amicorum
2800 1286 3117 1351 dexteritas,
3155 1288 3246 1357 qui
3297 1289 3493 1358 partim

1917 1372 2065 1441 quod
2097 1373 2357 1428 conducit
2374 1374 2532 1430 nobis
2558 1390 2785 1432 cernere
2805 1378 3054 1448 possint;
3089 1380 3286 1449 partim
3316 1380 3497 1434 liben-

1920 1472 2006 1518 ter
2056 1473 2114 1519 et
2152 1476 2405 1537 prompto
2436 1467 2622 1522 animo
2652 1471 2932 1539 coeperari
2970 1480 3030 1526 et
3064 1472 3342 1541 adjutores
3375 1485 3498 1527 esse

235 1570 462 1631 possunt
482 1602 499 1624 ,
533 1562 589 1616 in
621 1561 688 1617 iis
717 1577 837 1633 quas
863 1560 1173 1632 accepimus
1194 1599 1210 1625 ,
1242 1557 1444 1628 quique
1488 1553 1811 1625 simpliciter
1846 1556 1914 1611 ad
1935 1573 2128 1615 omnes
2185 1562 2309 1618 vitae
2366 1574 2548 1634 partes
2566 1564 2726 1619 nobis
2749 1566 2956 1621 utiliter
2979 1567 3310 1634 inserviunt,
3333 1567 3494 1622 etiam

238 1654 329 1709 ubi
370 1654 671 1725 periculum
718 1663 820 1719 est,
891 1667 961 1708 ne
1004 1651 1072 1706 ad
1116 1650 1247 1706 vitia
1293 1648 1628 1719 abripiamur
1657 1647 1707 1717 ).
1741 1647 1871 1717 quid
1911 1657 2071 1719 putas
2099 1652 2405 1709 faciendum
2446 1655 2501 1709 in
2566 1658 2891 1725 putrefacto,
2931 1668 2988 1712 et
3032 1674 3140 1714 non
3193 1674 3343 1713 nunc
3387 1660 3497 1728 pri-

236 1759 408 1810 nium,
433 1744 525 1800 sed
548 1758 765 1813 semper
784 1743 984 1808 inutili,
1013 1742 1404 1817 olim‘divulso,
1435 1754 1612 1811 neque
1641 1738 1810 1795 unius
1855 1742 2086 1798 membri
2108 1745 2253 1815 quod
2280 1746 2458 1801 fuerat
2480 1784 2496 1810 ,
2529 1747 2624 1802 sed
2652 1748 2949 1804 multorum
3008 1751 3378 1806 membrorum
3397 1792 3412 1817 ,
3441 1761 3497 1805 et

234 1833 458 1905 quidem
487 1834 557 1889 ab
580 1832 757 1899 initio,
791 1832 1111 1888 vulneribus
1144 1830 1352 1885 infami.

828 1949 1058 2005 ΕΠΙΣΤ.
1100 1946 1200 2003 16'.

719 2040 958 2111 Ἰωάννῃ
1003 2043 1333 2112 σπαθαρίῳ.

1844 1952 1893 2010 Β

2512 1944 2734 2001 EPIST.
2762 1946 2902 2004 XIX.

2442 2035 2637 2091 Joanni
2665 2040 2957 2105 spat/tario.

1480 2144 1747 2195 Montacut.
1785 2141 1886 2205 (ep.
1921 2139 2000 2200 56,
2035 2153 2085 2203 p.
2124 2139 2255 2202 112).

264 2259 520 2328 ¹Ἀριστον
538 2255 658 2329 μὲν,
674 2254 956 2327 κρείττονα
968 2253 1178 2323 φαύλης
1194 2250 1450 2314 ὑπονοίας
1465 2247 1805 2320 νομίζεσθαιο

233 2352 284 2403 εἰ
311 2351 368 2403 δὲ
401 2350 501 2421 μὴ,
530 2348 897 2419 ύπονοηθέντα
922 2348 1017 2402 καὶ
1045 2346 1306 2419 κριθέντα
1337 2344 1414 2415 μὴ
1461 2341 1807 2398 ἁλίσκεσθαι.

247 2441 306 2494 '0
334 2441 391 2494 δὲ
414 2442 509 2496 καὶ
533 2440 747 2510 κριθεὶς
769 2440 866 2493 καὶ
890 2438 1072 2503 ἁλοὺς,
1105 2438 1210 2492 κᾶν
1238 2437 1397 2509 δίκην
1415 2435 1571 2491 οὕπω
1595 2435 1810 2489 δίδωσιν

238 2530 455 2601 ἑτέραν,
485 2529 601 2584 ἀλλ’
626 2528 719 2583 οὖν
746 2530 846 2599 τὴν
880 2528 1295 2601 χαλεπωτάτην,
1340 2527 1422 2592 τὸ,
1452 2525 1621 2589 κακὸς
1643 2524 1812 2595 ὀφθῆ-

232 2639 322 2675 ναι
353 2622 448 2674 καὶ
488 2620 646 2691 δίκην
676 2621 934 2690 ὀφείλειν,
976 2620 1199 2674 δέδωκε.
1232 2618 1448 2690 Πράττε
1482 2617 1660 2671 τοίνυν
1710 2617 1811 2670 αύ-

231 2712 345 2776 τδς.
395 2713 518 2765 ἐπεὶ
569 2716 767 2784 μηκέτι
817 2729 899 2765 σοι
952 2714 1150 2783 ῥᾷστον
1188 2709 1667 2765 ἀποσκευάσασθαι
1713 2707 1813 2779 τὴν

232 2804 522 2870 ὑπόνοιαν,
555 2805 655 2875 ούχ
687 2805 835 2869 ὅπως
868 2804 943 2875 μὴ
969 2804 1126 2875 δίκην
1148 2802 1274 2875 δῷς,
1305 2802 1419 2857 ἀλλ’
1438 2802 1587 2865 ὅπως
1609 2798 1687 2873 μὴ
1705 2800 1815 2854 τῶν

232 2894 391 2966 δίκην
415 2895 739 2966 ὀφειλόντων
758 2896 1043 2968 ἐλεγχθῇς.

833 3187 1061 3243 ΕΠΙΣΤ.
1121 3187 1209 3243 K'.

451 3279 691 3350 Μιχαὴλ
721 3282 1008 3350 πατρικίῳ
1048 3280 1147 3335 καί
1184 3278 1587 3348 σακελλαρίφ.

1993 2246 2273 2318 Optimum
2297 2245 2517 2318 quidem
2546 2256 2632 2303 est
2660 2248 2799 2303 ultra
2828 2263 3030 2306 omnen
3073 2252 3200 2307 mali
3231 2253 3501 2326 suspicio-

1906 2353 2033 2394 nem
2075 2338 2263 2395 locari.
2310 2337 2465 2406 Quod
2500 2340 2545 2395 si
2589 2356 2699 2395 non
2729 2341 2860 2397 illud
2891 2343 3199 2414 contigerit,
3232 2354 3501 2418 atsuspe-

1906 2438 2055 2486 ctum
2084 2440 2140 2484 et
2177 2429 2414 2484 examini
2454 2431 2755 2496 subditum,
2794 2448 2905 2487 non
2952 2449 3105 2490 .eum
3142 2435 3497 2506 deprehendi.

1907 2521 2011 2588 Qui
2036 2531 2217 2576 autem
2247 2521 2330 2577 sic
2355 2522 2622 2593 judicium
2649 2524 2898 2592 subierit,
2933 2537 2994 2581 ut
3019 2526 3075 2581 in
3116 2528 3274 2599 culpa
3307 2530 3500 2584 inven-

1912 2624 2001 2669 tus
2028 2614 2196 2669 fuerit
2216 2654 2230 2678 .
2256 2615 2383 2670 licet
2408 2616 2568 2671 aliam
2598 2632 2821 2686 poenam
2855 2634 2965 2674 non
2996 2619 3201 2687 tulerit,
3229 2629 3287 2677 at
3314 2630 3496 2684 certe.

1910 2720 2035 2775 quae
2077 2705 2391 2777 gravissima
2429 2714 2533 2771 est,
2565 2707 2753 2773 dedit;
2785 2723 2984 2778 nempe
3022 2710 3167 2779 quod
3218 2711 3500 2781 improbus

1910 2790 2186 2857 inventus,
2239 2793 2504 2864 etdignus
2556 2795 2651 2866 qui
2703 2797 2971 2867 supplicio
3024 2799 3365 2869 subjiciatur,
3400 2800 3499 2857 ha-

1912 2884 2126 2940 beatur.
2176 2885 2290 2957 Age
2338 2886 2540 2959 igitur,
2594 2890 3041 2960 quandoquidem
3099 2891 3242 2948 haud
3297 2893 3392 2948 tibi
3441 2894 3498 2949 in

1908 2987 2162 3048 promptu
2197 2985 2280 3033 est
2305 2978 2674 3050 suspicionem
2707 2982 2947 3050 amoliri,
2977 2998 3090 3038 non
3124 2993 3276 3040 utne
3308 3000 3499 3056 pcenas

1916 3068 2035 3136 des,
2067 3068 2167 3124 sed
2198 3078 2259 3125 ut
2296 3084 2369 3125 ne
2413 3087 2604 3142 pcenas
2638 3072 2785 3143 juste
2816 3074 3083 3132 meruisse
3132 3076 3496 3133 convincaris.

2526 3186 2749 3244 EPIST.
2774 3188 2892 3245 XX.

2250 3277 2497 3332 Michaeli
2543 3281 2772 3347 patricio
2800 3292 2849 3336 et
2878 3282 3178 3339 sacellan'o.

1487 3398 1750 3448 Monlacut.
1787 3396 1891 3462 (ep.
1924 3396 2004 3459 57,
2039 3411 2086 3460 p.
2124 3397 2254 3459 112).

308 3505 369 3559 Εἰ
401 3502 499 3575 μὲν
522 3504 716 3574 φιλεῖς,
744 3503 950 3568 ἀδικεῖς
968 3520 982 3535 ·
1024 3518 1075 3558 ει
1094 3504 1155 3558 δὲ
1179 3502 1255 3574 μὴ
1281 3502 1477 3573 φιλεῖς,
1508 3499 1670 3554 πλέον
1692 3499 1810 3553 ἀδι-

235 3598 383 3660 κεῖς’
408 3596 469 3649 τὸ
496 3594 618 3667 μὲν,
643 3596 724 3651 ὅτι
751 3595 858 3649 τῶν
898 3595 1239 3667 φιλουμένων
1268 3596 1327 3648 ὲν
1356 3596 1478 3658 ταῖς
1502 3592 1811 3664 συμφοραῖς

164 3710 167 3713 ·
235 3688 550 3759 ὀλιγωρεῖς·
599 3685 661 3739 τὸ
701 3686 780 3750 δὲ,
822 3686 906 3740 ὅτι
947 3686 1068 3740 οὐδὲ
1114 3684 1242 3750 τοὺς
1268 3683 1559 3754 φιλοῦντας
1603 3682 1800 3752 φιλεῖς.

237 3779 424 3833 Ταύτά
451 3796 534 3836 σοι
562 3781 590 3834 ό
612 3778 779 3834 πάλαι
810 3779 911 3851 μὲν
941 3778 1053 3844 σδς,
1082 3777 1179 3832 νῦν
1207 3777 1265 3831 δὲ
1301 3777 1398 3831 καὶ
1427 3777 1606 3840 κοινὸς
1636 3773 1810 3846 φίλος,

236 3871 396 3926 τοῦτο
440 3870 543 3943 μὲν
582 3870 815 3942 φιλικῶς
853 3870 1114 3943 ἐλέγχων,
1155 3870 1316 3925 τοῦτο
1344 3869 1402 3925 δὲ
1435 3867 1721 3936 δυσωπῶν,
1744 3868 1813 3922 δι’

237 3966 270 4035 ή
280 3962 401 4035 μῶν
427 3962 759 4036 χρηματίζει
790 3964 887 4018 καὶ
909 3961 1360 4036 διαμαρτύρεται.

828 4160 1051 4215 ΕΠΙΣΤ.
1091 4162 1219 4216 KA'.

744 4254 1021 4324 Ἀρσενίφ
1049 4253 1315 4324 μοναχῷ.

1986 3499 2043 3555 Si
2063 3500 2264 3570 diligis,
2293 3500 2589 3572 iniuriosus
2617 3517 2700 3568 es;
2731 3504 2777 3558 si
2804 3520 2912 3558 non
2940 3504 3145 3578 diligis,
3166 3507 3333 3579 magis
3360 3507 3475 3577 inju

1914 3591 2113 3648 riosus.
2148 3592 2316 3661 Illud;
2353 3594 2498 3663 quod
2529 3606 2738 3650 amatos
2786 3596 3188 3653 calamitatibus
3242 3600 3495 3655 obsessos

1914 3685 2172 3758 negligas.
2208 3687 2359 3752 Hoc;
2396 3687 2540 3757 quod
2587 3698 2832 3744 amantes
2866 3690 3281 3762 haudquaquam
3321 3706 3492 3747 amas.

1914 3776 1989 3831 Ita
2044 3776 2264 3847 quidem
2318 3777 2409 3833 ille
2468 3778 2597 3833 olim
2652 3789 2799 3845 tuus,
2858 3779 2912 3835 in
2970 3782 3246 3852 praesenti,
3310 3792 3496 3839 noster

1913 3868 2223 3923 communis
2252 3870 2482 3936 amicus,
2513 3871 2710 3942 partim
2738 3881 2987 3928 amanter
3017 3873 3492 3945 reprehendendo,

1912 3960 2108 4029 partim
2140 3976 2226 4015 uie
2253 3960 2538 4028 advocato,
2567 3964 2981 4035 intercedendo,
3012 3976 3069 4023 et
3100 3967 3409 4039 proﬁtetur,
3433 3979 3491 4024 ct

1914 4051 2227 4109 testimonio
2253 4063 2587 4125 protestatur
2610 4061 2757 4112 dato.

2508 4167 2732 4224 EPIST.
2767 4167 2909 4227 XXI.

2438 4260 2655 4315 Arsenio
2674 4263 2947 4316 monacho.

1466 4362 1733 4413 lontacut.
1768 4363 1875 4427 (ep.
1908 4365 1990 4428 59,
2024 4379 2076 4430 p.
2111 4367 2241 4431 115).

302 4473 498 4528 Πολλοὶ
527 4472 623 4527 καὶ
676 4472 785 4526 τῶν
834 4472 967 4545 παρ’
993 4472 1255 4545 Ἕλλησιν
1303 4473 1808 4544 εὐδοκιμησάντων,

1990 4475 2145 4531 Multi
2161 4478 2252 4548 qui
2274 4480 2417 4550 apud
2433 4480 2651 4537 Graecos
2669 4496 2795 4537 cum
2816 4482 2956 4538 fama
2972 4482 3243 4550 vixerunt,
3262 4492 3314 4537 et
3327 4483 3490 4538 etiam

230 4569 331 4623 καὶ
357 4568 468 4620 τῶν
499 4565 631 4636 παρ’
656 4566 790 4638 ἡμῖν
829 4566 1289 4639 ἀριπευσάντων,
1321 4567 1712 4639 ἐμαρτύρησαν
1740 4567 1809 4620 δι’

227 4655 307 4714 ῶν
354 4659 612 4731 ἔδρασαν,
657 4658 870 4731 ἄμαχον
913 4656 1056 4713 εἶναι
1100 4661 1199 4714 καὶ
1244 4659 1662 4732 χρησιμώτατον
1706 4660 1807 4733 τὴν

229 4754 457 4822 ἀρετήν.
484 4750 547 4804 Ei
572 4752 617 4805 δ’
649 4753 678 4804 ό
704 4751 896 4823 παρὼν
923 4751 1115 4823 καιρὸς
1142 4752 1427 4825 μονονουχὶ
1462 4753 1578 4825 βοᾷ,
1610 4753 1686 4817 ὡς
1715 4754 1808 4807 ού-

228 4844 324 4899 δὲν
352 4842 744 4913 ἀσθενέστερον
766 4844 861 4897 καὶ
908 4844 1374 4915 ἐπικινδυνότερον
1405 4845 1576 4914 αὐτῆς
1615 4844 1809 4913 (ὲλαύ-

231 4954 387 4991 νεται
432 4935 531 5005 μὲν
584 4934 688 5005 γὰρ
747 4936 842 4990 καὶ
886 4936 1359 5009 προπηλακίζεται
1410 4940 1561 4992 πᾶσα
1598 4939 1804 5010 ’ἀρετήν

232 5028 578 5097 θαυμάζεται
627 5027 686 5080 δὲ
728 5027 823 5081 καὶ
870 5030 1298 5101 περιπτύσσεται
1349 5032 1499 5084 πᾶσα
1560 5032 1805 5103 κακία),

237 5119 408 5190 μηδὲν
455 5117 768 5193 θαυμάσῃς.
814 5121 1007 5191 Ἀρετὴ
1051 5122 1160 5192 γὰρ
1181 5122 1258 5186 ὼς
1282 5122 1520 5192 ἀληθῶς,
1552 5125 1647 5178 καὶ
1674 5125 1806 5194 ἁρε-

1916 4567 2009 4637 qui
2039 4567 2183 4624 inter
2209 4585 2312 4625 nos
2340 4571 2559 4628 virtutis
2588 4573 2748 4629 laude
2781 4573 3102 4639 ﬂoruerunt,
3140 4589 3239 4645 per
3259 4590 3346 4630 res
3380 4590 3411 4630 a
3433 4591 3493 4629 se

1916 4669 2119 4728 gestas,
2174 4663 2546 4720 testimonium
2587 4667 3006 4737 perhibuerunt,
3060 4667 3319 4724 virtutem
3373 4684 3492 4724 esse

1912 4760 2031 4802 rem
2094 4749 2570 4823 inexpugnabilem
2629 4764 2684 4811 et
2732 4756 3072 4811 utilissimam
3132 4774 3146 4811 :
3216 4764 3493 4830 utcunque

1910 4842 2265 4908 prmsentium
2310 4861 2493 4901 rerum
2539 4856 2733 4914 status,
2780 4858 2991 4904 tantum
3026 4865 3137 4904 non
3172 4850 3317 4907 clara
3360 4868 3495 4907 voce

1911 4931 2247 4998 pronuntiat,
2301 4936 2437 4991 nihil
2486 4939 2572 4994 vel
2620 4939 2912 5006 inﬁrmius,
2970 4940 3057 4996 vel
3125 4942 3493 5011 periculosius

1908 5032 2050 5084 esse,
2082 5036 2247 5091 quam
2286 5025 2402 5097 ipsa
2434 5036 2537 5085 est.
2580 5031 2881 5101 Impellitur
2908 5031 3077 5098 enim,
3115 5043 3174 5089 et
3208 5034 3490 5098 conviciis.

1907 5111 2064 5178 quasi
2106 5114 2224 5171 luto
2273 5118 2494 5190 injecto,
2545 5122 2915 5191 proscinditur
2965 5123 3147 5181 omnis
3186 5126 3381 5182 virtus.
3434 5125 3492 5181 In

232 5211 338 5280 τῆς
378 5210 481 5281 τῆς
530 5211 753 5283 πρώτης
798 5212 1035 5282 μάλιστα
1064 5215 1245 5282 ἄνθος,
1272 5216 1334 5270 τὸ
1374 5216 1513 5287 μετὰ
1549 5218 1809 5273 κινδύνων

1912 5204 2275 5265 admiratione
2326 5221 2383 5268 et
2412 5213 2615 5269 osculis
2677 5221 2763 5268 est
2824 5214 3085 5283 qualibet
3144 5217 3492 5288 improbitas.

233 5304 333 5358 καὶ
362 5303 594 5373 θλίψεων
618 5305 713 5358 καὶ
740 5306 1317 5381 παρευδοκιμσυμένην
1349 5310 1455 5364 ὑπὸ
1485 5310 1586 5381 τῆς
1613 5312 1813 5377 κακίας

234 5395 580 5461 ἀσπάζεσθαι
624 5396 725 5468 τὴν
765 5397 988 5469 ἀρετήν.
1032 5400 1092 5453 Ὀ
1118 5401 1176 5455 δὲ
1209 5404 1398 5474 καιρὸς
1442 5404 1580 5474 βοῶν
1618 5405 1812 5458 τάναν-

1919 5303 2039 5361 Noli
2064 5312 2246 5361 autem
2273 5304 2483 5360 mirari.
2504 5304 2603 5359 Est
2624 5305 2771 5362 enim
2799 5305 2976 5361 virtus
3000 5316 3153 5363 certo
3179 5308 3380 5365 certius
3399 5346 3415 5371 ,
3438 5313 3496 5361 et

1918 5399 2136 5470 quidem
2163 5399 2379 5454 virtutis
2406 5398 2596 5468 prima:
2622 5398 2740 5454 llos.

234 5486 353 5554 τία,
411 5488 509 5558 τῆς
568 5490 667 5560 μὲν
722 5490 860 5556 ἰδίας
910 5492 1209 5564 μοχθηρίας
1238 5496 1337 5564 τὴν
1385 5496 1692 5569 ὑπερϐολὴν
1724 5498 1822 5551 καὶ
1858 5498 2119 5552 ἀπόνοιαν
2182 5490 2451 5562 λαμπρῶς
2493 5489 2728 5561 ἐλέγχεν
2797 5492 2907 5548 τῶν
2932 5493 2993 5548 δὲ
3024 5491 3323 5549 σπουδαίων
3352 5488 3489 5562 μιλ-

235 5584 331 5639 λον
358 5586 420 5639 τὸ
469 5585 902 5658 ἀξιοθαύμαστόν
933 5591 1026 5643 καὶ
1068 5589 1372 5663 ἀήττητον,
1420 5594 1621 5659 παντὸς
1653 5594 1814 5664 λόγου
1851 5592 2247 5664 ἐναργέστερον
2277 5586 2665 5659 ἀνακηρύττει.

313 5762 363 5797 ’⁸
394 5762 584 5819 Maltli.
616 5783 668 5827 ι’.
696 5768 786 5822 29.
