  <div class='ocr_page' id='page_1' title='image "/cluster/home/n/w/nwhite01/storage/ocr_20150623/102/hvd.32044012543948/479.png"; bbox 0 0 4080 6410; ppageno 0'>
   <div class='ocr_carea' id='block_1_1' title="bbox 618 374 723 438">
    <p class='ocr_par' dir='ltr' id='par_1_1' title="bbox 618 374 723 438">
     <span class='ocr_line' id='line_1_1' title="bbox 618 374 723 438; baseline 0.019 -2"><span class='ocrx_word' id='word_1_1' title='bbox 618 374 723 438; x_wconf 68' lang='grc'><strong>943</strong></span> 
     </span>
    </p>
   </div>
   <div class='ocr_carea' id='block_1_2' title="bbox 1204 490 1617 547">
    <p class='ocr_par' dir='ltr' id='par_1_2' title="bbox 1204 490 1617 547">
     <span class='ocr_line' id='line_1_2' title="bbox 1204 490 1617 547; baseline -0.005 -2"><span class='ocrx_word' id='word_1_2' title='bbox 1204 490 1419 547; x_wconf 76' lang='lat' dir='ltr'><strong>EPIST.</strong></span> <span class='ocrx_word' id='word_1_3' title='bbox 1453 490 1617 545; x_wconf 76' lang='lat' dir='ltr'><strong>XXII.</strong></span> 
     </span>
    </p>
   </div>
   <div class='ocr_carea' id='block_1_3' title="bbox 937 581 1865 651">
    <p class='ocr_par' dir='ltr' id='par_1_3' title="bbox 937 581 1865 651">
     <span class='ocr_line' id='line_1_3' title="bbox 937 581 1865 651; baseline 0.003 -16"><span class='ocrx_word' id='word_1_4' title='bbox 937 581 1131 637; x_wconf 81' lang='lat' dir='ltr'><strong>Joanni</strong></span> <span class='ocrx_word' id='word_1_5' title='bbox 1149 585 1393 651; x_wconf 83' lang='lat' dir='ltr'><strong>patricio,</strong></span> <span class='ocrx_word' id='word_1_6' title='bbox 1414 594 1463 638; x_wconf 80' lang='lat' dir='ltr'><strong>ct</strong></span> <span class='ocrx_word' id='word_1_7' title='bbox 1490 584 1702 640; x_wconf 66' lang='lat' dir='ltr'><strong>Grarciw</strong></span> <span class='ocrx_word' id='word_1_8' title='bbox 1728 583 1865 638; x_wconf 84' lang='lat' dir='ltr'><strong>duci.</strong></span> 
     </span>
    </p>
   </div>
   <div class='ocr_carea' id='block_1_4' title="bbox 1742 374 2695 437">
    <p class='ocr_par' dir='ltr' id='par_1_4' title="bbox 1742 374 2695 437">
     <span class='ocr_line' id='line_1_4' title="bbox 1742 374 2695 437; baseline -0.001 -2"><span class='ocrx_word' id='word_1_9' title='bbox 1742 375 2003 436; x_wconf 81' lang='lat' dir='ltr'>PHOTlI</span> <span class='ocrx_word' id='word_1_10' title='bbox 2040 374 2547 437; x_wconf 69' lang='lat' dir='ltr'><strong>PATRIARCIIE</strong></span> <span class='ocrx_word' id='word_1_11' title='bbox 2587 375 2695 435; x_wconf 67' lang='grc' dir='ltr'><strong>(ΣΡ.</strong></span> 
     </span>
    </p>
   </div>
   <div class='ocr_carea' id='block_1_5' title="bbox 2220 496 2267 555">
    <p class='ocr_par' dir='ltr' id='par_1_5' title="bbox 2220 496 2267 555">
     <span class='ocr_line' id='line_1_5' title="bbox 2220 496 2267 555; baseline 0 0"><span class='ocrx_word' id='word_1_12' title='bbox 2220 496 2267 555; x_wconf 81' lang='grc' dir='ltr'><strong>Λ</strong></span> 
     </span>
    </p>
   </div>
   <div class='ocr_carea' id='block_1_6' title="bbox 3766 363 3882 431">
    <p class='ocr_par' dir='ltr' id='par_1_6' title="bbox 3766 363 3882 431">
     <span class='ocr_line' id='line_1_6' title="bbox 3766 363 3882 431; baseline -0.052 0"><span class='ocrx_word' id='word_1_13' title='bbox 3766 365 3840 431; x_wconf 74' lang='lat' dir='ltr'><strong>9i</strong></span> <span class='ocrx_word' id='word_1_14' title='bbox 3852 363 3882 425; x_wconf 73' lang='grc'>4</span> 
     </span>
    </p>
   </div>
   <div class='ocr_carea' id='block_1_7' title="bbox 2877 488 3269 544">
    <p class='ocr_par' dir='ltr' id='par_1_7' title="bbox 2877 488 3269 544">
     <span class='ocr_line' id='line_1_7' title="bbox 2877 488 3269 544; baseline 0.005 -2"><span class='ocrx_word' id='word_1_15' title='bbox 2877 489 3099 544; x_wconf 86' lang='grc' dir='ltr'><strong>ΕΠΙΣΤ.</strong></span> <span class='ocrx_word' id='word_1_16' title='bbox 3140 488 3269 544; x_wconf 80' lang='lat' dir='ltr'><strong>KB&#39;.</strong></span> 
     </span>
    </p>
   </div>
   <div class='ocr_carea' id='block_1_8' title="bbox 2378 576 3808 651">
    <p class='ocr_par' dir='ltr' id='par_1_8' title="bbox 2378 576 3808 651">
     <span class='ocr_line' id='line_1_8' title="bbox 2378 576 3808 651; baseline -0.005 -14"><span class='ocrx_word' id='word_1_17' title='bbox 2378 581 2952 651; x_wconf 75' lang='grc' dir='ltr'>ἰωὰννῃιπατρικίῳ</span> <span class='ocrx_word' id='word_1_18' title='bbox 2983 582 3082 635; x_wconf 77' lang='grc' dir='ltr'><strong>καὶ</strong></span> <span class='ocrx_word' id='word_1_19' title='bbox 3128 576 3442 650; x_wconf 62' lang='grc' dir='ltr'>στρατηγῷ</span> <span class='ocrx_word' id='word_1_20' title='bbox 3488 576 3808 643; x_wconf 73' lang='grc' dir='ltr'>Ἑλλάδος.</span> 
     </span>
    </p>
   </div>
   <div class='ocr_carea' id='block_1_9' title="bbox 1855 699 2675 776">
    <p class='ocr_par' dir='ltr' id='par_1_9' title="bbox 1855 699 2675 776">
     <span class='ocr_line' id='line_1_9' title="bbox 1855 699 2675 776; baseline -0.001 -26"><span class='ocrx_word' id='word_1_21' title='bbox 1855 700 2120 751; x_wconf 72' lang='lat' dir='ltr'><strong>llontacut.</strong></span> <span class='ocrx_word' id='word_1_22' title='bbox 2158 702 2263 764; x_wconf 85' lang='lat' dir='ltr'><strong>(ep.</strong></span> <span class='ocrx_word' id='word_1_23' title='bbox 2299 702 2382 763; x_wconf 89' lang='lat'><strong>60,</strong></span> <span class='ocrx_word' id='word_1_24' title='bbox 2416 715 2465 764; x_wconf 87' lang='lat' dir='ltr'><strong>p.</strong></span> <span class='ocrx_word' id='word_1_25' title='bbox 2508 699 2641 764; x_wconf 80' lang='grc'><strong>115).</strong></span> <span class='ocrx_word' id='word_1_26' title='bbox 2664 761 2675 776; x_wconf 21' lang='grc' dir='ltr'><strong>ἢ</strong></span> 
     </span>
    </p>
   </div>
   <div class='ocr_carea' id='block_1_10' title="bbox 691 808 2185 877">
    <p class='ocr_par' dir='ltr' id='par_1_10' title="bbox 691 808 2185 877">
     <span class='ocr_line' id='line_1_10' title="bbox 691 808 2185 877; baseline 0 -13"><span class='ocrx_word' id='word_1_27' title='bbox 691 808 749 865; x_wconf 88' lang='lat' dir='ltr'>Si</span> <span class='ocrx_word' id='word_1_28' title='bbox 782 824 951 874; x_wconf 87' lang='lat' dir='ltr'><strong>amas,</strong></span> <span class='ocrx_word' id='word_1_29' title='bbox 988 808 1234 867; x_wconf 79' lang='lat' dir='ltr'><strong>inﬁmus</strong></span> <span class='ocrx_word' id='word_1_30' title='bbox 1266 823 1327 864; x_wconf 89' lang='lat' dir='ltr'><strong>es</strong></span> <span class='ocrx_word' id='word_1_31' title='bbox 1362 825 1376 863; x_wconf 90' lang='lat'><strong>:</strong></span> <span class='ocrx_word' id='word_1_32' title='bbox 1415 808 1588 863; x_wconf 84' lang='lat' dir='ltr'><strong>sinon</strong></span> <span class='ocrx_word' id='word_1_33' title='bbox 1627 823 1796 871; x_wconf 85' lang='lat' dir='ltr'><strong>amas,</strong></span> <span class='ocrx_word' id='word_1_34' title='bbox 1836 808 2071 877; x_wconf 76' lang='lat' dir='ltr'><strong>iniustus</strong></span> <span class='ocrx_word' id='word_1_35' title='bbox 2108 821 2185 864; x_wconf 85' lang='lat' dir='ltr'><strong>es.</strong></span> 
     </span>
    </p>
   </div>
   <div class='ocr_carea' id='block_1_11' title="bbox 622 896 2191 971">
    <p class='ocr_par' dir='ltr' id='par_1_11' title="bbox 622 896 2191 971">
     <span class='ocr_line' id='line_1_11' title="bbox 622 896 2191 971; baseline -0.005 -13"><span class='ocrx_word' id='word_1_36' title='bbox 622 902 719 958; x_wconf 86' lang='lat' dir='ltr'><strong>Sin</strong></span> <span class='ocrx_word' id='word_1_37' title='bbox 762 915 972 965; x_wconf 89' lang='lat' dir='ltr'><strong>amans,</strong></span> <span class='ocrx_word' id='word_1_38' title='bbox 1020 916 1130 955; x_wconf 91' lang='lat' dir='ltr'><strong>non</strong></span> <span class='ocrx_word' id='word_1_39' title='bbox 1185 898 1500 965; x_wconf 85' lang='lat' dir='ltr'><strong>inﬁrmaris,</strong></span> <span class='ocrx_word' id='word_1_40' title='bbox 1549 909 1697 971; x_wconf 80' lang='lat' dir='ltr'><strong>certe</strong></span> <span class='ocrx_word' id='word_1_41' title='bbox 1742 899 1945 953; x_wconf 88' lang='lat' dir='ltr'><strong>amicos</strong></span> <span class='ocrx_word' id='word_1_42' title='bbox 1990 896 2191 965; x_wconf 82' lang='lat' dir='ltr'><strong>injuria</strong></span> 
     </span>
    </p>
   </div>
   <div class='ocr_carea' id='block_1_12' title="bbox 621 987 2190 1062">
    <p class='ocr_par' dir='ltr' id='par_1_12' title="bbox 621 987 2190 1062">
     <span class='ocr_line' id='line_1_12' title="bbox 621 987 2190 1062; baseline -0.005 -15"><span class='ocrx_word' id='word_1_43' title='bbox 621 992 844 1047; x_wconf 68' lang='lat' dir='ltr'><strong>allectos</strong></span> <span class='ocrx_word' id='word_1_44' title='bbox 866 991 1112 1061; x_wconf 77' lang='lat' dir='ltr'><strong>negligis.</strong></span> <span class='ocrx_word' id='word_1_45' title='bbox 1152 990 1261 1062; x_wconf 84' lang='lat' dir='ltr'><strong>Ego</strong></span> <span class='ocrx_word' id='word_1_46' title='bbox 1288 991 1507 1061; x_wconf 87' lang='lat' dir='ltr'><strong>quidem</strong></span> <span class='ocrx_word' id='word_1_47' title='bbox 1536 991 1707 1045; x_wconf 90' lang='lat' dir='ltr'><strong>Deum</strong></span> <span class='ocrx_word' id='word_1_48' title='bbox 1734 1004 1852 1053; x_wconf 89' lang='lat' dir='ltr'><strong>oro,</strong></span> <span class='ocrx_word' id='word_1_49' title='bbox 1882 1003 1953 1042; x_wconf 90' lang='lat' dir='ltr'><strong>ne</strong></span> <span class='ocrx_word' id='word_1_50' title='bbox 1981 997 2036 1041; x_wconf 88' lang='lat' dir='ltr'><strong>tu</strong></span> <span class='ocrx_word' id='word_1_51' title='bbox 2071 987 2190 1040; x_wconf 88' lang='lat' dir='ltr'><strong>tali-</strong></span> 
     </span>
    </p>
   </div>
   <div class='ocr_carea' id='block_1_13' title="bbox 622 1080 2193 1141">
    <p class='ocr_par' dir='ltr' id='par_1_13' title="bbox 622 1080 2193 1141">
     <span class='ocr_line' id='line_1_13' title="bbox 622 1080 2193 1141; baseline -0.003 -4"><span class='ocrx_word' id='word_1_52' title='bbox 622 1084 723 1138; x_wconf 87' lang='lat' dir='ltr'><strong>bus</strong></span> <span class='ocrx_word' id='word_1_53' title='bbox 761 1082 1158 1141; x_wconf 74' lang='lat' dir='ltr'><strong>calamitatibus</strong></span> <span class='ocrx_word' id='word_1_54' title='bbox 1189 1092 1244 1137; x_wconf 88' lang='lat' dir='ltr'><strong>et</strong></span> <span class='ocrx_word' id='word_1_55' title='bbox 1280 1081 1695 1138; x_wconf 77' lang='lat' dir='ltr'><strong>necessitatibus</strong></span> <span class='ocrx_word' id='word_1_56' title='bbox 1732 1080 2042 1136; x_wconf 85' lang='lat' dir='ltr'><strong>distinearis</strong></span> <span class='ocrx_word' id='word_1_57' title='bbox 2091 1096 2104 1132; x_wconf 92' lang='lat'><strong>:</strong></span> <span class='ocrx_word' id='word_1_58' title='bbox 2138 1086 2193 1133; x_wconf 91' lang='lat' dir='ltr'><strong>et</strong></span> 
     </span>
    </p>
   </div>
   <div class='ocr_carea' id='block_1_14' title="bbox 620 1172 2197 1239">
    <p class='ocr_par' dir='ltr' id='par_1_14' title="bbox 620 1172 2197 1239">
     <span class='ocr_line' id='line_1_14' title="bbox 620 1172 2197 1239; baseline -0.004 -8"><span class='ocrx_word' id='word_1_59' title='bbox 620 1178 667 1232; x_wconf 91' lang='lat' dir='ltr'><strong>si</strong></span> <span class='ocrx_word' id='word_1_60' title='bbox 700 1175 755 1230; x_wconf 81' lang='lat' dir='ltr'><strong>in</strong></span> <span class='ocrx_word' id='word_1_61' title='bbox 790 1190 883 1231; x_wconf 90' lang='lat' dir='ltr'><strong>eas</strong></span> <span class='ocrx_word' id='word_1_62' title='bbox 920 1175 1195 1239; x_wconf 89' lang='lat' dir='ltr'><strong>incideris,</strong></span> <span class='ocrx_word' id='word_1_63' title='bbox 1236 1184 1295 1230; x_wconf 90' lang='lat' dir='ltr'><strong>ut</strong></span> <span class='ocrx_word' id='word_1_64' title='bbox 1320 1191 1391 1231; x_wconf 90' lang='lat' dir='ltr'><strong>ne</strong></span> <span class='ocrx_word' id='word_1_65' title='bbox 1424 1175 1584 1229; x_wconf 82' lang='lat' dir='ltr'><strong>talem</strong></span> <span class='ocrx_word' id='word_1_66' title='bbox 1623 1172 2058 1229; x_wconf 85' lang='lat' dir='ltr'><strong>benevolentiam</strong></span> <span class='ocrx_word' id='word_1_67' title='bbox 2103 1180 2197 1225; x_wconf 86' lang='lat' dir='ltr'><strong>aut</strong></span> 
     </span>
    </p>
   </div>
   <div class='ocr_carea' id='block_1_15' title="bbox 620 1263 2197 1337">
    <p class='ocr_par' dir='ltr' id='par_1_15' title="bbox 620 1263 2197 1337">
     <span class='ocr_line' id='line_1_15' title="bbox 620 1263 2197 1337; baseline -0.003 -15"><span class='ocrx_word' id='word_1_68' title='bbox 620 1268 884 1323; x_wconf 74' lang='lat' dir='ltr'><strong>auxilium</strong></span> <span class='ocrx_word' id='word_1_69' title='bbox 932 1268 1312 1337; x_wconf 90' lang='lat' dir='ltr'><strong>consequaris,</strong></span> <span class='ocrx_word' id='word_1_70' title='bbox 1346 1267 1561 1337; x_wconf 90' lang='lat' dir='ltr'><strong>qualem</strong></span> <span class='ocrx_word' id='word_1_71' title='bbox 1601 1277 1660 1320; x_wconf 89' lang='lat' dir='ltr'><strong>tu</strong></span> <span class='ocrx_word' id='word_1_72' title='bbox 1688 1265 1796 1319; x_wconf 87' lang='lat' dir='ltr'><strong>tuis</strong></span> <span class='ocrx_word' id='word_1_73' title='bbox 1832 1263 2024 1319; x_wconf 87' lang='lat' dir='ltr'><strong>amicis</strong></span> <span class='ocrx_word' id='word_1_74' title='bbox 2055 1276 2197 1332; x_wconf 64' lang='lat' dir='ltr'><strong>pra:-</strong></span> 
     </span>
    </p>
   </div>
   <div class='ocr_carea' id='block_1_16' title="bbox 618 1357 2199 1428">
    <p class='ocr_par' dir='ltr' id='par_1_16' title="bbox 618 1357 2199 1428">
     <span class='ocr_line' id='line_1_16' title="bbox 618 1357 2199 1428; baseline -0.004 -14"><span class='ocrx_word' id='word_1_75' title='bbox 618 1371 750 1414; x_wconf 82' lang='lat' dir='ltr'><strong>stas.</strong></span> <span class='ocrx_word' id='word_1_76' title='bbox 803 1360 884 1414; x_wconf 90' lang='lat' dir='ltr'><strong>Tu</strong></span> <span class='ocrx_word' id='word_1_77' title='bbox 934 1370 1115 1413; x_wconf 91' lang='lat' dir='ltr'><strong>autem</strong></span> <span class='ocrx_word' id='word_1_78' title='bbox 1172 1369 1463 1428; x_wconf 90' lang='lat' dir='ltr'><strong>utrumque</strong></span> <span class='ocrx_word' id='word_1_79' title='bbox 1517 1359 1570 1412; x_wconf 92' lang='lat' dir='ltr'><strong>in</strong></span> <span class='ocrx_word' id='word_1_80' title='bbox 1627 1357 1945 1412; x_wconf 84' lang='lat' dir='ltr'><strong>memoriam</strong></span> <span class='ocrx_word' id='word_1_81' title='bbox 2003 1369 2199 1409; x_wconf 83' lang='lat' dir='ltr'><strong>revoca</strong></span> 
     </span>
    </p>
   </div>
   <div class='ocr_carea' id='block_1_17' title="bbox 594 1449 2199 1520">
    <p class='ocr_par' dir='ltr' id='par_1_17' title="bbox 594 1449 2199 1520">
     <span class='ocr_line' id='line_1_17' title="bbox 594 1449 2199 1520; baseline -0.004 -14"><span class='ocrx_word' id='word_1_82' title='bbox 594 1451 833 1506; x_wconf 85' lang='lat' dir='ltr'><strong>Domini</strong></span> <span class='ocrx_word' id='word_1_83' title='bbox 882 1451 1184 1515; x_wconf 89' lang='lat' dir='ltr'><strong>oraculum,</strong></span> <span class='ocrx_word' id='word_1_84' title='bbox 1247 1467 1357 1520; x_wconf 91' lang='lat' dir='ltr'><strong>quo</strong></span> <span class='ocrx_word' id='word_1_85' title='bbox 1408 1452 1759 1506; x_wconf 82' lang='lat' dir='ltr'><strong>declaratur:</strong></span> <span class='ocrx_word' id='word_1_86' title='bbox 1791 1449 1909 1514; x_wconf 77' lang='lat' dir='ltr'><strong>Qua</strong></span> <span class='ocrx_word' id='word_1_87' title='bbox 1954 1463 2199 1501; x_wconf 78' lang='lat' dir='ltr'><strong>mensura</strong></span> 
     </span>
    </p>
   </div>
   <div class='ocr_carea' id='block_1_18' title="bbox 592 1542 1843 1605">
    <p class='ocr_par' dir='ltr' id='par_1_18' title="bbox 592 1542 1843 1605">
     <span class='ocr_line' id='line_1_18' title="bbox 592 1542 1843 1605; baseline -0.002 -8"><span class='ocrx_word' id='word_1_88' title='bbox 592 1544 741 1605; x_wconf 56' lang='lat' dir='ltr'><strong>aliis</strong></span> <span class='ocrx_word' id='word_1_89' title='bbox 777 1543 1006 1597; x_wconf 74' lang='lat' dir='ltr'><strong>metiatis</strong></span> <span class='ocrx_word' id='word_1_90' title='bbox 1058 1543 1240 1597; x_wconf 84' lang='lat' dir='ltr'><strong>eadem</strong></span> <span class='ocrx_word' id='word_1_91' title='bbox 1271 1552 1319 1596; x_wconf 84' lang='lat' dir='ltr'><strong>et</strong></span> <span class='ocrx_word' id='word_1_92' title='bbox 1347 1542 1487 1596; x_wconf 81' lang='lat' dir='ltr'><strong>vobis</strong></span> <span class='ocrx_word' id='word_1_93' title='bbox 1516 1544 1756 1596; x_wconf 82' lang='lat' dir='ltr'><strong>metietur</strong></span> <span class='ocrx_word' id='word_1_94' title='bbox 1776 1542 1843 1594; x_wconf 78' lang='grc'><strong>²¹.</strong></span> 
     </span>
    </p>
   </div>
   <div class='ocr_carea' id='block_1_19' title="bbox 1189 1652 1633 1709">
    <p class='ocr_par' dir='ltr' id='par_1_19' title="bbox 1189 1652 1633 1709">
     <span class='ocr_line' id='line_1_19' title="bbox 1189 1652 1633 1709; baseline -0.005 0"><span class='ocrx_word' id='word_1_95' title='bbox 1189 1652 1411 1709; x_wconf 78' lang='lat' dir='ltr'><strong>EPIST.</strong></span> <span class='ocrx_word' id='word_1_96' title='bbox 1441 1652 1633 1708; x_wconf 78' lang='lat' dir='ltr'><strong>XXI&quot;.</strong></span> 
     </span>
    </p>
   </div>
   <div class='ocr_carea' id='block_1_20' title="bbox 869 1743 1939 1813">
    <p class='ocr_par' dir='ltr' id='par_1_20' title="bbox 869 1743 1939 1813">
     <span class='ocr_line' id='line_1_20' title="bbox 869 1743 1939 1813; baseline -0.001 -15"><span class='ocrx_word' id='word_1_97' title='bbox 869 1745 1060 1800; x_wconf 78' lang='lat' dir='ltr'><strong>Barda:</strong></span> <span class='ocrx_word' id='word_1_98' title='bbox 1082 1746 1346 1813; x_wconf 75' lang='lat' dir='ltr'><strong>&#39;patricio,</strong></span> <span class='ocrx_word' id='word_1_99' title='bbox 1376 1754 1425 1799; x_wconf 84' lang='lat' dir='ltr'><strong>et</strong></span> <span class='ocrx_word' id='word_1_100' title='bbox 1453 1744 1769 1800; x_wconf 70' lang='lat' dir='ltr'><strong>Macedonia:</strong></span> <span class='ocrx_word' id='word_1_101' title='bbox 1798 1743 1939 1797; x_wconf 85' lang='lat' dir='ltr'><strong>duci.</strong></span> 
     </span>
    </p>
   </div>
   <div class='ocr_carea' id='block_1_21' title="bbox 2370 774 3886 857">
    <p class='ocr_par' dir='ltr' id='par_1_21' title="bbox 2370 774 3886 857">
     <span class='ocr_line' id='line_1_21' title="bbox 2370 774 3886 857; baseline -0.009 -16"><span class='ocrx_word' id='word_1_102' title='bbox 2370 788 2434 841; x_wconf 85' lang='grc' dir='ltr'>Εί</span> <span class='ocrx_word' id='word_1_103' title='bbox 2469 786 2569 857; x_wconf 88' lang='grc' dir='ltr'><strong>μὲν</strong></span> <span class='ocrx_word' id='word_1_104' title='bbox 2599 774 2797 854; x_wconf 84' lang='grc' dir='ltr'>φιλεῖς,</span> <span class='ocrx_word' id='word_1_105' title='bbox 2835 783 3111 845; x_wconf 80' lang='grc' dir='ltr'><strong>ἀσθενεῖς·</strong></span> <span class='ocrx_word' id='word_1_106' title='bbox 3144 780 3193 833; x_wconf 86' lang='grc' dir='ltr'>εἰ</span> <span class='ocrx_word' id='word_1_107' title='bbox 3226 780 3285 833; x_wconf 78' lang='grc' dir='ltr'>δὲ</span> <span class='ocrx_word' id='word_1_108' title='bbox 3317 778 3392 850; x_wconf 80' lang='grc' dir='ltr'>μὴ</span> <span class='ocrx_word' id='word_1_109' title='bbox 3418 778 3614 846; x_wconf 81' lang='grc' dir='ltr'>φιλεῖς.</span> <span class='ocrx_word' id='word_1_110' title='bbox 3648 774 3886 837; x_wconf 77' lang='grc' dir='ltr'><strong>ἀδικεῖς.</strong></span> 
     </span>
    </p>
   </div>
   <div class='ocr_carea' id='block_1_22' title="bbox 2296 866 3889 949">
    <p class='ocr_par' dir='ltr' id='par_1_22' title="bbox 2296 866 3889 949">
     <span class='ocr_line' id='line_1_22' title="bbox 2296 866 3889 949; baseline -0.012 -12"><span class='ocrx_word' id='word_1_111' title='bbox 2296 883 2363 937; x_wconf 74' lang='lat' dir='ltr'><strong>Et</strong></span> <span class='ocrx_word' id='word_1_112' title='bbox 2402 880 2459 934; x_wconf 82' lang='grc' dir='ltr'>δὲ</span> <span class='ocrx_word' id='word_1_113' title='bbox 2496 878 2690 949; x_wconf 84' lang='grc' dir='ltr'>φιλῶν,</span> <span class='ocrx_word' id='word_1_114' title='bbox 2723 878 2819 932; x_wconf 76' lang='grc' dir='ltr'><strong>καὶ</strong></span> <span class='ocrx_word' id='word_1_115' title='bbox 2855 877 2931 948; x_wconf 77' lang='grc' dir='ltr'>μὴ</span> <span class='ocrx_word' id='word_1_116' title='bbox 2958 874 3222 937; x_wconf 85' lang='grc' dir='ltr'>ἀσθενῶν,</span> <span class='ocrx_word' id='word_1_117' title='bbox 3255 872 3428 933; x_wconf 72' lang='grc' dir='ltr'>οὕτως</span> <span class='ocrx_word' id='word_1_118' title='bbox 3453 866 3617 923; x_wconf 76' lang='grc' dir='ltr'>ἄδικα</span> <span class='ocrx_word' id='word_1_119' title='bbox 3649 870 3759 921; x_wconf 82' lang='grc' dir='ltr'><strong>τῶν</strong></span> <span class='ocrx_word' id='word_1_120' title='bbox 3798 867 3889 937; x_wconf 76' lang='grc' dir='ltr'><strong>φί-</strong></span> 
     </span>
    </p>
   </div>
   <div class='ocr_carea' id='block_1_23' title="bbox 2296 960 3885 1043">
    <p class='ocr_par' dir='ltr' id='par_1_23' title="bbox 2296 960 3885 1043">
     <span class='ocr_line' id='line_1_23' title="bbox 2296 960 3885 1043; baseline -0.01 -16"><span class='ocrx_word' id='word_1_121' title='bbox 2296 974 2406 1029; x_wconf 87' lang='grc' dir='ltr'><strong>λων</strong></span> <span class='ocrx_word' id='word_1_122' title='bbox 2458 972 2796 1043; x_wconf 82' lang='grc' dir='ltr'><strong>πασχόντων,</strong></span> <span class='ocrx_word' id='word_1_123' title='bbox 2858 968 3176 1039; x_wconf 85' lang='grc' dir='ltr'>ὀλιγωρεῖς’</span> <span class='ocrx_word' id='word_1_124' title='bbox 3230 962 3340 1033; x_wconf 73' lang='grc' dir='ltr'>ἐγὼ</span> <span class='ocrx_word' id='word_1_125' title='bbox 3394 962 3492 1032; x_wconf 77' lang='grc' dir='ltr'>μὲν</span> <span class='ocrx_word' id='word_1_126' title='bbox 3525 960 3764 1030; x_wconf 77' lang='grc' dir='ltr'>εὔχομαί</span> <span class='ocrx_word' id='word_1_127' title='bbox 3826 977 3885 1012; x_wconf 86' lang='grc' dir='ltr'><strong>σε</strong></span> 
     </span>
    </p>
   </div>
   <div class='ocr_carea' id='block_1_24' title="bbox 2302 1055 3887 1140">
    <p class='ocr_par' dir='ltr' id='par_1_24' title="bbox 2302 1055 3887 1140">
     <span class='ocr_line' id='line_1_24' title="bbox 2302 1055 3887 1140; baseline -0.013 -17"><span class='ocrx_word' id='word_1_128' title='bbox 2302 1070 2440 1140; x_wconf 83' lang='grc' dir='ltr'>μήτε</span> <span class='ocrx_word' id='word_1_129' title='bbox 2467 1065 2743 1128; x_wconf 77' lang='grc' dir='ltr'><strong>τοιαύταις</strong></span> <span class='ocrx_word' id='word_1_130' title='bbox 2782 1062 3049 1131; x_wconf 82' lang='grc' dir='ltr'><strong>ἀνάγκαις</strong></span> <span class='ocrx_word' id='word_1_131' title='bbox 3095 1058 3435 1129; x_wconf 80' lang='grc' dir='ltr'>περιπεσεῖν,</span> <span class='ocrx_word' id='word_1_132' title='bbox 3472 1055 3611 1125; x_wconf 82' lang='grc' dir='ltr'>μήτε</span> <span class='ocrx_word' id='word_1_133' title='bbox 3648 1069 3887 1121; x_wconf 81' lang='grc' dir='ltr'>περιπε-</span> 
     </span>
    </p>
   </div>
   <div class='ocr_carea' id='block_1_25' title="bbox 2298 1147 3888 1227">
    <p class='ocr_par' dir='ltr' id='par_1_25' title="bbox 2298 1147 3888 1227">
     <span class='ocr_line' id='line_1_25' title="bbox 2298 1147 3888 1227; baseline -0.013 -12"><span class='ocrx_word' id='word_1_134' title='bbox 2298 1162 2460 1215; x_wconf 88' lang='grc' dir='ltr'>σόντα</span> <span class='ocrx_word' id='word_1_135' title='bbox 2508 1156 2605 1212; x_wconf 76' lang='grc' dir='ltr'><strong>καὶ</strong></span> <span class='ocrx_word' id='word_1_136' title='bbox 2641 1154 2927 1227; x_wconf 80' lang='grc' dir='ltr'>δεηθέντα,</span> <span class='ocrx_word' id='word_1_137' title='bbox 2975 1150 3232 1221; x_wconf 76' lang='grc' dir='ltr'><strong>τοιαύτης</strong></span> <span class='ocrx_word' id='word_1_138' title='bbox 3266 1148 3479 1210; x_wconf 76' lang='grc' dir='ltr'>εὐνοίας</span> <span class='ocrx_word' id='word_1_139' title='bbox 3514 1147 3610 1199; x_wconf 75' lang='grc' dir='ltr'><strong>καὶ</strong></span> <span class='ocrx_word' id='word_1_140' title='bbox 3658 1147 3888 1197; x_wconf 64' lang='grc' dir='ltr'>ἐπικοιμ-</span> 
     </span>
    </p>
   </div>
   <div class='ocr_carea' id='block_1_26' title="bbox 2301 1234 3887 1324">
    <p class='ocr_par' dir='ltr' id='par_1_26' title="bbox 2301 1234 3887 1324">
     <span class='ocr_line' id='line_1_26' title="bbox 2301 1234 3887 1324; baseline -0.013 -18"><span class='ocrx_word' id='word_1_141' title='bbox 2301 1252 2446 1324; x_wconf 84' lang='grc' dir='ltr'>ρίας,</span> <span class='ocrx_word' id='word_1_142' title='bbox 2471 1251 2590 1305; x_wconf 86' lang='grc' dir='ltr'>οἵαν</span> <span class='ocrx_word' id='word_1_143' title='bbox 2615 1250 2681 1303; x_wconf 74' lang='grc' dir='ltr'><strong>σὺ</strong></span> <span class='ocrx_word' id='word_1_144' title='bbox 2702 1250 2815 1310; x_wconf 87' lang='grc' dir='ltr'>τοῖς</span> <span class='ocrx_word' id='word_1_145' title='bbox 2844 1246 3019 1316; x_wconf 81' lang='grc' dir='ltr'><strong>φίλοις</strong></span> <span class='ocrx_word' id='word_1_146' title='bbox 3049 1244 3332 1314; x_wconf 80' lang='grc' dir='ltr'><strong>παρέχεις,</strong></span> <span class='ocrx_word' id='word_1_147' title='bbox 3363 1241 3666 1309; x_wconf 76' lang='grc' dir='ltr'>ἐπιτυχεῖν.</span> <span class='ocrx_word' id='word_1_148' title='bbox 3717 1234 3887 1291; x_wconf 75' lang='grc' dir='ltr'>Ἀλλὰ</span> 
     </span>
    </p>
   </div>
   <div class='ocr_carea' id='block_1_27' title="bbox 2304 1328 3884 1411">
    <p class='ocr_par' dir='ltr' id='par_1_27' title="bbox 2304 1328 3884 1411">
     <span class='ocr_line' id='line_1_27' title="bbox 2304 1328 3884 1411; baseline -0.013 -14"><span class='ocrx_word' id='word_1_149' title='bbox 2304 1346 2368 1396; x_wconf 81' lang='grc' dir='ltr'><strong>σύ</strong></span> <span class='ocrx_word' id='word_1_150' title='bbox 2422 1359 2485 1411; x_wconf 87' lang='grc' dir='ltr'><strong>γε</strong></span> <span class='ocrx_word' id='word_1_151' title='bbox 2532 1341 2623 1394; x_wconf 79' lang='grc' dir='ltr'><strong>τὸν</strong></span> <span class='ocrx_word' id='word_1_152' title='bbox 2657 1336 2985 1392; x_wconf 83' lang='grc' dir='ltr'>Δεσποτικὸν</span> <span class='ocrx_word' id='word_1_153' title='bbox 3036 1335 3186 1405; x_wconf 82' lang='grc' dir='ltr'>ὅμως</span> <span class='ocrx_word' id='word_1_154' title='bbox 3229 1330 3553 1399; x_wconf 76' lang='grc' dir='ltr'><strong>ἀναλογίζου</strong></span> <span class='ocrx_word' id='word_1_155' title='bbox 3588 1328 3884 1399; x_wconf 73' lang='grc' dir='ltr'>χρησμὸν,</span> 
     </span>
    </p>
   </div>
   <div class='ocr_carea' id='block_1_28' title="bbox 2317 1420 3885 1504">
    <p class='ocr_par' dir='ltr' id='par_1_28' title="bbox 2317 1420 3885 1504">
     <span class='ocr_line' id='line_1_28' title="bbox 2317 1420 3885 1504; baseline -0.013 -14"><span class='ocrx_word' id='word_1_156' title='bbox 2317 1436 2420 1489; x_wconf 80' lang='grc' dir='ltr'>Ἐν</span> <span class='ocrx_word' id='word_1_157' title='bbox 2438 1429 2487 1503; x_wconf 81' lang='grc' dir='ltr'><em>ᾧ</em></span> <span class='ocrx_word' id='word_1_158' title='bbox 2510 1433 2703 1504; x_wconf 76' lang='grc' dir='ltr'>μέτρῳ</span> <span class='ocrx_word' id='word_1_159' title='bbox 2725 1429 3012 1503; x_wconf 79' lang='grc' dir='ltr'>μετρεῖτε,</span> <span class='ocrx_word' id='word_1_160' title='bbox 3029 1425 3471 1499; x_wconf 81' lang='grc' dir='ltr'><strong>μετρηθήσεται</strong></span> <span class='ocrx_word' id='word_1_161' title='bbox 3493 1422 3660 1493; x_wconf 76' lang='grc' dir='ltr'>ὑμῖν,</span> <span class='ocrx_word' id='word_1_162' title='bbox 3694 1420 3885 1490; x_wconf 69' lang='grc' dir='ltr'>σαφῶς</span> 
     </span>
    </p>
   </div>
   <div class='ocr_carea' id='block_1_29' title="bbox 2303 1525 2708 1598">
    <p class='ocr_par' dir='ltr' id='par_1_29' title="bbox 2303 1525 2708 1598">
     <span class='ocr_line' id='line_1_29' title="bbox 2303 1525 2708 1598; baseline -0.012 -14"><span class='ocrx_word' id='word_1_163' title='bbox 2303 1525 2708 1598; x_wconf 86' lang='grc' dir='ltr'>διαγγέλλοντα.</span> 
     </span>
    </p>
   </div>
   <div class='ocr_carea' id='block_1_30' title="bbox 2886 1630 3281 1689">
    <p class='ocr_par' dir='ltr' id='par_1_30' title="bbox 2886 1630 3281 1689">
     <span class='ocr_line' id='line_1_30' title="bbox 2886 1630 3281 1689; baseline -0.008 0"><span class='ocrx_word' id='word_1_164' title='bbox 2886 1633 3113 1689; x_wconf 81' lang='grc' dir='ltr'><strong>ΕΠΙΣΤ.</strong></span> <span class='ocrx_word' id='word_1_165' title='bbox 3150 1630 3281 1686; x_wconf 81' lang='lat' dir='ltr'><strong>Kl&quot;.</strong></span> 
     </span>
    </p>
   </div>
   <div class='ocr_carea' id='block_1_31' title="bbox 2372 1719 3817 1801">
    <p class='ocr_par' dir='ltr' id='par_1_31' title="bbox 2372 1719 3817 1801">
     <span class='ocr_line' id='line_1_31' title="bbox 2372 1719 3817 1801; baseline -0.012 -13"><span class='ocrx_word' id='word_1_166' title='bbox 2372 1730 2573 1801; x_wconf 80' lang='grc' dir='ltr'>Βάρδᾳ</span> <span class='ocrx_word' id='word_1_167' title='bbox 2600 1728 2884 1797; x_wconf 77' lang='grc' dir='ltr'>πατρικὶῳ</span> <span class='ocrx_word' id='word_1_168' title='bbox 2919 1726 3016 1780; x_wconf 73' lang='grc' dir='ltr'><strong>καὶ</strong></span> <span class='ocrx_word' id='word_1_169' title='bbox 3060 1720 3373 1792; x_wconf 78' lang='grc' dir='ltr'>στρατηγῷ</span> <span class='ocrx_word' id='word_1_170' title='bbox 3413 1719 3817 1782; x_wconf 78' lang='grc' dir='ltr'>Μακεδονίας.</span> 
     </span>
    </p>
   </div>
   <div class='ocr_carea' id='block_1_32' title="bbox 1868 1849 2650 1920">
    <p class='ocr_par' dir='ltr' id='par_1_32' title="bbox 1868 1849 2650 1920">
     <span class='ocr_line' id='line_1_32' title="bbox 1868 1849 2650 1920; baseline -0.015 -10"><span class='ocrx_word' id='word_1_171' title='bbox 1868 1860 2142 1911; x_wconf 83' lang='lat' dir='ltr'><strong>Montacut.</strong></span> <span class='ocrx_word' id='word_1_172' title='bbox 2177 1858 2282 1920; x_wconf 86' lang='lat' dir='ltr'><strong>(ep.</strong></span> <span class='ocrx_word' id='word_1_173' title='bbox 2315 1855 2397 1914; x_wconf 88' lang='lat'><strong>67,</strong></span> <span class='ocrx_word' id='word_1_174' title='bbox 2431 1866 2483 1915; x_wconf 90' lang='lat' dir='ltr'><strong>p.</strong></span> <span class='ocrx_word' id='word_1_175' title='bbox 2520 1849 2650 1911; x_wconf 77' lang='lat' dir='ltr'><strong>us).</strong></span> 
     </span>
    </p>
   </div>
   <div class='ocr_carea' id='block_1_33' title="bbox 642 1938 2204 2034">
    <p class='ocr_par' dir='ltr' id='par_1_33' title="bbox 642 1962 2193 2034">
     <span class='ocr_line' id='line_1_33' title="bbox 642 1962 2193 2034; baseline -0.004 -15"><span class='ocrx_word' id='word_1_176' title='bbox 642 1976 653 1985; x_wconf 85' lang='lat'><strong><em>&#39;</em></strong></span> <span class='ocrx_word' id='word_1_177' title='bbox 694 1965 903 2033; x_wconf 73' lang='lat' dir='ltr'><strong>impera</strong></span> <span class='ocrx_word' id='word_1_178' title='bbox 934 1963 1116 2034; x_wconf 81' lang='lat' dir='ltr'><strong>potius</strong></span> <span class='ocrx_word' id='word_1_179' title='bbox 1137 1979 1259 2019; x_wconf 90' lang='lat' dir='ltr'><strong>cum</strong></span> <span class='ocrx_word' id='word_1_180' title='bbox 1292 1964 1521 2018; x_wconf 86' lang='lat' dir='ltr'><strong>aliorum</strong></span> <span class='ocrx_word' id='word_1_181' title='bbox 1543 1962 1815 2019; x_wconf 89' lang='lat' dir='ltr'><strong>desiderio</strong></span> <span class='ocrx_word' id='word_1_182' title='bbox 1856 1970 1912 2019; x_wconf 89' lang='lat' dir='ltr'><strong>et</strong></span> <span class='ocrx_word' id='word_1_183' title='bbox 1971 1962 2193 2026; x_wconf 76' lang='lat' dir='ltr'><strong>atl‘ectu,</strong></span> 
     </span>
    </p>
   </div>
   <div class='ocr_carea' id='block_1_34' title="bbox 2309 1938 3892 2034">
    <p class='ocr_par' dir='ltr' id='par_1_34' title="bbox 2374 1938 3892 2027">
     <span class='ocr_line' id='line_1_34' title="bbox 2374 1938 3892 2027; baseline -0.013 -19"><span class='ocrx_word' id='word_1_184' title='bbox 2374 1957 2545 2027; x_wconf 79' lang='grc' dir='ltr'><strong>¹Ἀρχε</strong></span> <span class='ocrx_word' id='word_1_185' title='bbox 2593 1950 2926 2020; x_wconf 84' lang='grc' dir='ltr'>ποθούμενος</span> <span class='ocrx_word' id='word_1_186' title='bbox 2979 1942 3247 2016; x_wconf 82' lang='grc' dir='ltr'>μᾶλλονῆ</span> <span class='ocrx_word' id='word_1_187' title='bbox 3299 1943 3398 1996; x_wconf 77' lang='grc' dir='ltr'><strong>σὺν</strong></span> <span class='ocrx_word' id='word_1_188' title='bbox 3444 1941 3597 2010; x_wconf 77' lang='grc' dir='ltr'>φόϐῳ</span> <span class='ocrx_word' id='word_1_189' title='bbox 3620 1954 3635 1968; x_wconf 79' lang='grc'><strong><em>⁸</em></strong></span> <span class='ocrx_word' id='word_1_190' title='bbox 3690 1940 3753 1991; x_wconf 80' lang='grc' dir='ltr'>τὸ</span> <span class='ocrx_word' id='word_1_191' title='bbox 3792 1938 3892 2005; x_wconf 76' lang='grc' dir='ltr'>μὲν</span> 
     </span>
    </p>
   </div>
   <div class='ocr_carea' id='block_1_35' title="bbox 622 2032 2204 2128">
    <p class='ocr_par' dir='ltr' id='par_1_35' title="bbox 622 2051 2199 2128">
     <span class='ocr_line' id='line_1_35' title="bbox 622 2051 2199 2128; baseline -0.004 -17"><span class='ocrx_word' id='word_1_192' title='bbox 622 2074 782 2128; x_wconf 86' lang='lat' dir='ltr'><strong>quam</strong></span> <span class='ocrx_word' id='word_1_193' title='bbox 811 2073 908 2127; x_wconf 90' lang='lat' dir='ltr'><strong>per</strong></span> <span class='ocrx_word' id='word_1_194' title='bbox 941 2058 1217 2111; x_wconf 85' lang='lat' dir='ltr'><strong>timorem.</strong></span> <span class='ocrx_word' id='word_1_195' title='bbox 1242 2058 1337 2111; x_wconf 87' lang='lat' dir='ltr'><strong>Est</strong></span> <span class='ocrx_word' id='word_1_196' title='bbox 1364 2058 1508 2110; x_wconf 89' lang='lat' dir='ltr'><strong>enim</strong></span> <span class='ocrx_word' id='word_1_197' title='bbox 1537 2055 1874 2125; x_wconf 86' lang='lat' dir='ltr'><strong>impossibile</strong></span> <span class='ocrx_word' id='word_1_198' title='bbox 1924 2063 1985 2109; x_wconf 94' lang='lat' dir='ltr'><strong>ut</strong></span> <span class='ocrx_word' id='word_1_199' title='bbox 2010 2068 2119 2108; x_wconf 90' lang='lat' dir='ltr'><strong>non</strong></span> <span class='ocrx_word' id='word_1_200' title='bbox 2144 2051 2199 2105; x_wconf 89' lang='lat' dir='ltr'><strong>in</strong></span> 
     </span>
    </p>
   </div>
   <div class='ocr_carea' id='block_1_36' title="bbox 2309 2032 3891 2128">
    <p class='ocr_par' dir='ltr' id='par_1_36' title="bbox 2309 2032 3891 2121">
     <span class='ocr_line' id='line_1_36' title="bbox 2309 2032 3891 2121; baseline -0.013 -17"><span class='ocrx_word' id='word_1_201' title='bbox 2309 2051 2412 2121; x_wconf 86' lang='grc' dir='ltr'>γὰρ</span> <span class='ocrx_word' id='word_1_202' title='bbox 2450 2050 2549 2102; x_wconf 81' lang='grc' dir='ltr'><strong>οὐκ</strong></span> <span class='ocrx_word' id='word_1_203' title='bbox 2583 2048 2699 2099; x_wconf 77' lang='grc' dir='ltr'>ἐστι</span> <span class='ocrx_word' id='word_1_204' title='bbox 2739 2044 2814 2114; x_wconf 83' lang='grc' dir='ltr'>μὴ</span> <span class='ocrx_word' id='word_1_205' title='bbox 2841 2042 2962 2113; x_wconf 73' lang='grc' dir='ltr'>ούχὶ</span> <span class='ocrx_word' id='word_1_206' title='bbox 2992 2042 3073 2104; x_wconf 87' lang='grc' dir='ltr'><strong>είς</strong></span> <span class='ocrx_word' id='word_1_207' title='bbox 3111 2041 3265 2110; x_wconf 86' lang='grc' dir='ltr'>μῖσος</span> <span class='ocrx_word' id='word_1_208' title='bbox 3289 2035 3662 2105; x_wconf 76' lang='grc' dir='ltr'>ἀποκριθῆναι</span> <span class='ocrx_word' id='word_1_209' title='bbox 3685 2050 3703 2065; x_wconf 75' lang='grc' dir='ltr'><strong>ο</strong></span> <span class='ocrx_word' id='word_1_210' title='bbox 3735 2032 3801 2085; x_wconf 74' lang='grc' dir='ltr'>τὸ</span> <span class='ocrx_word' id='word_1_211' title='bbox 3835 2034 3891 2085; x_wconf 66' lang='grc' dir='ltr'>δὲ</span> 
     </span>
    </p>
   </div>
   <div class='ocr_carea' id='block_1_37' title="bbox 623 2127 2204 2213">
    <p class='ocr_par' dir='ltr' id='par_1_37' title="bbox 623 2127 2197 2207">
     <span class='ocr_line' id='line_1_37' title="bbox 623 2127 2197 2207; baseline -0.004 -1"><span class='ocrx_word' id='word_1_212' title='bbox 623 2127 809 2206; x_wconf 82' lang='lat' dir='ltr'><strong>odium</strong></span> <span class='ocrx_word' id='word_1_213' title='bbox 845 2152 1008 2207; x_wconf 87' lang='lat' dir='ltr'><strong>timor</strong></span> <span class='ocrx_word' id='word_1_214' title='bbox 1026 2150 1115 2204; x_wconf 88' lang='lat' dir='ltr'><strong>hic</strong></span> <span class='ocrx_word' id='word_1_215' title='bbox 1161 2160 1426 2204; x_wconf 78' lang='lat' dir='ltr'><strong>mutetur.</strong></span> <span class='ocrx_word' id='word_1_216' title='bbox 1463 2149 1594 2203; x_wconf 78' lang='lat' dir='ltr'><strong>Illud</strong></span> <span class='ocrx_word' id='word_1_217' title='bbox 1635 2157 1820 2203; x_wconf 87' lang='lat' dir='ltr'><strong>autem</strong></span> <span class='ocrx_word' id='word_1_218' title='bbox 1855 2147 2197 2203; x_wconf 86' lang='lat' dir='ltr'><strong>subditorum</strong></span> 
     </span>
    </p>
   </div>
   <div class='ocr_carea' id='block_1_38' title="bbox 2309 2127 3891 2213">
    <p class='ocr_par' dir='ltr' id='par_1_38' title="bbox 2309 2127 3891 2213">
     <span class='ocr_line' id='line_1_38' title="bbox 2309 2127 3891 2213; baseline -0.011 -18"><span class='ocrx_word' id='word_1_219' title='bbox 2309 2142 2402 2213; x_wconf 82' lang='grc' dir='ltr'><strong>τὴν</strong></span> <span class='ocrx_word' id='word_1_220' title='bbox 2440 2140 2551 2194; x_wconf 84' lang='grc' dir='ltr'><strong>τῶν</strong></span> <span class='ocrx_word' id='word_1_221' title='bbox 2597 2136 2916 2207; x_wconf 77' lang='grc' dir='ltr'>ἀρχομένων</span> <span class='ocrx_word' id='word_1_222' title='bbox 2945 2132 3159 2185; x_wconf 76' lang='grc' dir='ltr'>εὔνοιαν</span> <span class='ocrx_word' id='word_1_223' title='bbox 3202 2129 3359 2183; x_wconf 79' lang='grc' dir='ltr'>εἴωθε</span> <span class='ocrx_word' id='word_1_224' title='bbox 3398 2128 3655 2199; x_wconf 77' lang='grc' dir='ltr'>θηρεύειν</span> <span class='ocrx_word' id='word_1_225' title='bbox 3680 2144 3694 2157; x_wconf 84' lang='grc'><em>’</em></span> <span class='ocrx_word' id='word_1_226' title='bbox 3728 2127 3891 2195; x_wconf 78' lang='grc' dir='ltr'>δῆλον</span> 
     </span>
    </p>
   </div>
   <div class='ocr_carea' id='block_1_39' title="bbox 620 2219 2204 2310">
    <p class='ocr_par' dir='ltr' id='par_1_39' title="bbox 620 2236 2197 2310">
     <span class='ocr_line' id='line_1_39' title="bbox 620 2236 2197 2310; baseline -0.006 -11"><span class='ocrx_word' id='word_1_227' title='bbox 620 2244 1054 2300; x_wconf 74' lang='lat' dir='ltr'><strong>benevolentiam</strong></span> <span class='ocrx_word' id='word_1_228' title='bbox 1089 2243 1345 2296; x_wconf 90' lang='lat' dir='ltr'><strong>omnibus</strong></span> <span class='ocrx_word' id='word_1_229' title='bbox 1372 2239 1616 2310; x_wconf 79' lang='lat' dir='ltr'><strong>vestigiis</strong></span> <span class='ocrx_word' id='word_1_230' title='bbox 1680 2240 2009 2310; x_wconf 86' lang='lat' dir='ltr'><strong>insequitur.</strong></span> <span class='ocrx_word' id='word_1_231' title='bbox 2039 2236 2197 2291; x_wconf 85' lang='lat' dir='ltr'><strong>Patet</strong></span> 
     </span>
    </p>
   </div>
   <div class='ocr_carea' id='block_1_40' title="bbox 2309 2219 3889 2310">
    <p class='ocr_par' dir='ltr' id='par_1_40' title="bbox 2309 2219 3889 2299">
     <span class='ocr_line' id='line_1_40' title="bbox 2309 2219 3889 2299; baseline -0.009 -15"><span class='ocrx_word' id='word_1_232' title='bbox 2309 2231 2361 2284; x_wconf 83' lang='grc' dir='ltr'>δὲ</span> <span class='ocrx_word' id='word_1_233' title='bbox 2392 2231 2454 2284; x_wconf 79' lang='grc' dir='ltr'>τὸ</span> <span class='ocrx_word' id='word_1_234' title='bbox 2491 2232 2549 2282; x_wconf 81' lang='grc' dir='ltr'>ὲν</span> <span class='ocrx_word' id='word_1_235' title='bbox 2591 2228 2742 2299; x_wconf 83' lang='grc' dir='ltr'>πάσῃ</span> <span class='ocrx_word' id='word_1_236' title='bbox 2770 2225 2864 2279; x_wconf 75' lang='grc' dir='ltr'><strong>καὶ</strong></span> <span class='ocrx_word' id='word_1_237' title='bbox 2904 2222 3105 2295; x_wconf 84' lang='grc' dir='ltr'>πράξει</span> <span class='ocrx_word' id='word_1_238' title='bbox 3137 2220 3232 2274; x_wconf 78' lang='grc' dir='ltr'><strong>καὶ</strong></span> <span class='ocrx_word' id='word_1_239' title='bbox 3262 2219 3420 2291; x_wconf 79' lang='grc' dir='ltr'>χρείᾳ</span> <span class='ocrx_word' id='word_1_240' title='bbox 3460 2219 3725 2289; x_wconf 58' lang='grc' dir='ltr'>διάφορον</span> <span class='ocrx_word' id='word_1_241' title='bbox 3754 2220 3889 2271; x_wconf 76' lang='grc' dir='ltr'><strong>ἐκα-</strong></span> 
     </span>
    </p>
   </div>
   <div class='ocr_carea' id='block_1_41' title="bbox 619 2310 2204 2405">
    <p class='ocr_par' dir='ltr' id='par_1_41' title="bbox 619 2331 2203 2405">
     <span class='ocr_line' id='line_1_41' title="bbox 619 2331 2203 2405; baseline -0.006 -12"><span class='ocrx_word' id='word_1_242' title='bbox 619 2346 801 2393; x_wconf 87' lang='lat' dir='ltr'><strong>autem</strong></span> <span class='ocrx_word' id='word_1_243' title='bbox 832 2336 1284 2405; x_wconf 88' lang='lat' dir='ltr'><strong>interutrumque</strong></span> <span class='ocrx_word' id='word_1_244' title='bbox 1330 2334 1658 2399; x_wconf 68' lang='lat' dir='ltr'><strong>differentia,</strong></span> <span class='ocrx_word' id='word_1_245' title='bbox 1706 2339 1762 2390; x_wconf 91' lang='lat' dir='ltr'><strong>in</strong></span> <span class='ocrx_word' id='word_1_246' title='bbox 1796 2333 1945 2389; x_wconf 91' lang='lat' dir='ltr'><strong>omni</strong></span> <span class='ocrx_word' id='word_1_247' title='bbox 1986 2331 2203 2385; x_wconf 86' lang='lat' dir='ltr'><strong>actione</strong></span> 
     </span>
    </p>
   </div>
   <div class='ocr_carea' id='block_1_42' title="bbox 2309 2310 3889 2405">
    <p class='ocr_par' dir='ltr' id='par_1_42' title="bbox 2309 2310 3889 2396">
     <span class='ocr_line' id='line_1_42' title="bbox 2309 2310 3889 2396; baseline -0.013 -17"><span class='ocrx_word' id='word_1_248' title='bbox 2309 2326 2487 2396; x_wconf 88' lang='grc' dir='ltr'>τέρου.</span> <span class='ocrx_word' id='word_1_249' title='bbox 2528 2324 2592 2375; x_wconf 81' lang='lat' dir='ltr'><strong>Ei</strong></span> <span class='ocrx_word' id='word_1_250' title='bbox 2622 2321 2755 2374; x_wconf 83' lang='grc' dir='ltr'>δέτι</span> <span class='ocrx_word' id='word_1_251' title='bbox 2780 2316 3034 2372; x_wconf 76' lang='grc' dir='ltr'>ταπεινὸν</span> <span class='ocrx_word' id='word_1_252' title='bbox 3064 2315 3156 2368; x_wconf 79' lang='grc' dir='ltr'><strong>καὶ</strong></span> <span class='ocrx_word' id='word_1_253' title='bbox 3190 2312 3693 2381; x_wconf 71' lang='grc' dir='ltr'>εὐκαταφρόνητον,</span> <span class='ocrx_word' id='word_1_254' title='bbox 3723 2310 3800 2372; x_wconf 79' lang='grc' dir='ltr'>ὡς</span> <span class='ocrx_word' id='word_1_255' title='bbox 3828 2313 3889 2363; x_wconf 70' lang='grc' dir='ltr'>ἂν</span> 
     </span>
    </p>
   </div>
   <div class='ocr_carea' id='block_1_43' title="bbox 620 2424 2207 2496">
    <p class='ocr_par' dir='ltr' id='par_1_43' title="bbox 620 2424 2207 2496">
     <span class='ocr_line' id='line_1_43' title="bbox 620 2424 2207 2496; baseline -0.006 -10"><span class='ocrx_word' id='word_1_256' title='bbox 620 2439 678 2486; x_wconf 87' lang='lat' dir='ltr'><strong>et</strong></span> <span class='ocrx_word' id='word_1_257' title='bbox 704 2445 807 2485; x_wconf 92' lang='lat' dir='ltr'><strong>usu</strong></span> <span class='ocrx_word' id='word_1_258' title='bbox 837 2430 1173 2484; x_wconf 87' lang='lat' dir='ltr'><strong>necessario.</strong></span> <span class='ocrx_word' id='word_1_259' title='bbox 1227 2429 1383 2495; x_wconf 82' lang='lat' dir='ltr'><strong>Quod</strong></span> <span class='ocrx_word' id='word_1_260' title='bbox 1413 2430 1458 2483; x_wconf 92' lang='lat' dir='ltr'><strong>si</strong></span> <span class='ocrx_word' id='word_1_261' title='bbox 1483 2431 1725 2484; x_wconf 89' lang='lat' dir='ltr'><strong>animum</strong></span> <span class='ocrx_word' id='word_1_262' title='bbox 1763 2440 1920 2484; x_wconf 89' lang='lat' dir='ltr'><strong>tuum</strong></span> <span class='ocrx_word' id='word_1_263' title='bbox 1975 2424 2207 2496; x_wconf 83' lang='lat' dir='ltr'><strong>subjecit</strong></span> 
     </span>
    </p>
   </div>
   <div class='ocr_carea' id='block_1_44' title="bbox 620 2520 2207 2595">
    <p class='ocr_par' dir='ltr' id='par_1_44' title="bbox 620 2520 2207 2595">
     <span class='ocr_line' id='line_1_44' title="bbox 620 2520 2207 2595; baseline -0.006 -17"><span class='ocrx_word' id='word_1_264' title='bbox 620 2522 827 2595; x_wconf 86' lang='lat' dir='ltr'><strong>opinio,</strong></span> <span class='ocrx_word' id='word_1_265' title='bbox 860 2522 1102 2576; x_wconf 85' lang='lat' dir='ltr'><strong>futurum</strong></span> <span class='ocrx_word' id='word_1_266' title='bbox 1131 2530 1193 2576; x_wconf 91' lang='lat' dir='ltr'><strong>ut</strong></span> <span class='ocrx_word' id='word_1_267' title='bbox 1222 2523 1350 2577; x_wconf 88' lang='lat' dir='ltr'><strong>inde</strong></span> <span class='ocrx_word' id='word_1_268' title='bbox 1378 2522 1584 2577; x_wconf 91' lang='lat' dir='ltr'><strong>humile</strong></span> <span class='ocrx_word' id='word_1_269' title='bbox 1611 2522 1762 2592; x_wconf 87' lang='lat' dir='ltr'><strong>quid,</strong></span> <span class='ocrx_word' id='word_1_270' title='bbox 1815 2520 2112 2590; x_wconf 75' lang='lat' dir='ltr'><strong>abiectum,</strong></span> <span class='ocrx_word' id='word_1_271' title='bbox 2150 2524 2207 2570; x_wconf 91' lang='lat' dir='ltr'><strong>et</strong></span> 
     </span>
    </p>
   </div>
   <div class='ocr_carea' id='block_1_45' title="bbox 617 2609 2205 2686">
    <p class='ocr_par' dir='ltr' id='par_1_45' title="bbox 617 2609 2205 2686">
     <span class='ocr_line' id='line_1_45' title="bbox 617 2609 2205 2686; baseline -0.006 -14"><span class='ocrx_word' id='word_1_272' title='bbox 617 2617 1030 2686; x_wconf 85' lang='lat' dir='ltr'><strong>contemptibile</strong></span> <span class='ocrx_word' id='word_1_273' title='bbox 1054 2625 1362 2678; x_wconf 86' lang='lat' dir='ltr'><strong>enascatur,</strong></span> <span class='ocrx_word' id='word_1_274' title='bbox 1396 2616 1541 2670; x_wconf 87' lang='lat' dir='ltr'><strong>unde</strong></span> <span class='ocrx_word' id='word_1_275' title='bbox 1564 2616 1773 2671; x_wconf 77' lang='lat' dir='ltr'><strong>tardius</strong></span> <span class='ocrx_word' id='word_1_276' title='bbox 1814 2623 1870 2668; x_wconf 88' lang='lat' dir='ltr'><strong>et</strong></span> <span class='ocrx_word' id='word_1_277' title='bbox 1895 2614 2107 2668; x_wconf 90' lang='lat' dir='ltr'><strong>invitus</strong></span> <span class='ocrx_word' id='word_1_278' title='bbox 2139 2609 2205 2663; x_wconf 91' lang='lat' dir='ltr'><strong>ad</strong></span> 
     </span>
    </p>
   </div>
   <div class='ocr_carea' id='block_1_46' title="bbox 618 2708 2210 2778">
    <p class='ocr_par' dir='ltr' id='par_1_46' title="bbox 618 2708 2210 2778">
     <span class='ocr_line' id='line_1_46' title="bbox 618 2708 2210 2778; baseline -0.007 -13"><span class='ocrx_word' id='word_1_279' title='bbox 618 2709 724 2765; x_wconf 78' lang='lat' dir='ltr'><strong>hoc</strong></span> <span class='ocrx_word' id='word_1_280' title='bbox 741 2708 1031 2765; x_wconf 84' lang='lat' dir='ltr'><strong>consilium</strong></span> <span class='ocrx_word' id='word_1_281' title='bbox 1050 2708 1274 2764; x_wconf 86' lang='lat' dir='ltr'><strong>accedas</strong></span> <span class='ocrx_word' id='word_1_282' title='bbox 1297 2715 1387 2763; x_wconf 87' lang='lat' dir='ltr'><strong>:tu</strong></span> <span class='ocrx_word' id='word_1_283' title='bbox 1409 2717 1596 2764; x_wconf 89' lang='lat' dir='ltr'><strong>contra</strong></span> <span class='ocrx_word' id='word_1_284' title='bbox 1615 2721 1856 2778; x_wconf 89' lang='lat' dir='ltr'><strong>oppones</strong></span> <span class='ocrx_word' id='word_1_285' title='bbox 1875 2719 2055 2759; x_wconf 87' lang='lat' dir='ltr'><strong>mores</strong></span> <span class='ocrx_word' id='word_1_286' title='bbox 2077 2716 2210 2757; x_wconf 57' lang='lat' dir='ltr'><strong>cona-</strong></span> 
     </span>
    </p>
   </div>
   <div class='ocr_carea' id='block_1_47' title="bbox 618 2791 2207 2863">
    <p class='ocr_par' dir='ltr' id='par_1_47' title="bbox 618 2791 2207 2863">
     <span class='ocr_line' id='line_1_47' title="bbox 618 2791 2207 2863; baseline -0.006 -9"><span class='ocrx_word' id='word_1_287' title='bbox 618 2799 838 2855; x_wconf 83' lang='lat' dir='ltr'><strong>stitutos</strong></span> <span class='ocrx_word' id='word_1_288' title='bbox 854 2806 908 2853; x_wconf 88' lang='lat' dir='ltr'><strong>et</strong></span> <span class='ocrx_word' id='word_1_289' title='bbox 936 2798 1176 2863; x_wconf 88' lang='lat' dir='ltr'><strong>stabiles,</strong></span> <span class='ocrx_word' id='word_1_290' title='bbox 1204 2797 1529 2852; x_wconf 88' lang='lat' dir='ltr'><strong>sententiam</strong></span> <span class='ocrx_word' id='word_1_291' title='bbox 1563 2796 1903 2851; x_wconf 75' lang='lat' dir='ltr'><strong>obfirmatam</strong></span> <span class='ocrx_word' id='word_1_292' title='bbox 1925 2836 1938 2861; x_wconf 93' lang='lat'><strong>,</strong></span> <span class='ocrx_word' id='word_1_293' title='bbox 1968 2800 2024 2847; x_wconf 89' lang='lat' dir='ltr'><strong>et</strong></span> <span class='ocrx_word' id='word_1_294' title='bbox 2063 2791 2207 2861; x_wconf 87' lang='lat' dir='ltr'><strong>quod</strong></span> 
     </span>
    </p>
   </div>
   <div class='ocr_carea' id='block_1_48' title="bbox 620 2882 2207 2951">
    <p class='ocr_par' dir='ltr' id='par_1_48' title="bbox 620 2882 2207 2951">
     <span class='ocr_line' id='line_1_48' title="bbox 620 2882 2207 2951; baseline -0.007 -6"><span class='ocrx_word' id='word_1_295' title='bbox 620 2890 1088 2947; x_wconf 88' lang='lat' dir='ltr'><strong>assentationibus</strong></span> <span class='ocrx_word' id='word_1_296' title='bbox 1114 2898 1170 2942; x_wconf 86' lang='lat' dir='ltr'><strong>et</strong></span> <span class='ocrx_word' id='word_1_297' title='bbox 1203 2888 1407 2943; x_wconf 88' lang='lat' dir='ltr'><strong>scurris</strong></span> <span class='ocrx_word' id='word_1_298' title='bbox 1430 2902 1541 2941; x_wconf 90' lang='lat' dir='ltr'><strong>non</strong></span> <span class='ocrx_word' id='word_1_299' title='bbox 1590 2886 1914 2947; x_wconf 88' lang='lat' dir='ltr'><strong>attenditur,</strong></span> <span class='ocrx_word' id='word_1_300' title='bbox 1968 2882 2207 2951; x_wconf 82' lang='lat' dir='ltr'><strong>gravita-</strong></span> 
     </span>
    </p>
   </div>
   <div class='ocr_carea' id='block_1_49' title="bbox 621 2976 2209 3048">
    <p class='ocr_par' dir='ltr' id='par_1_49' title="bbox 621 2976 2209 3048">
     <span class='ocr_line' id='line_1_49' title="bbox 621 2976 2209 3048; baseline -0.009 -10"><span class='ocrx_word' id='word_1_301' title='bbox 621 2992 732 3038; x_wconf 81' lang='lat' dir='ltr'><strong>tem</strong></span> <span class='ocrx_word' id='word_1_302' title='bbox 781 2983 837 3036; x_wconf 88' lang='lat' dir='ltr'><strong>in</strong></span> <span class='ocrx_word' id='word_1_303' title='bbox 873 2981 1080 3035; x_wconf 80' lang='lat' dir='ltr'><strong>deliciis</strong></span> <span class='ocrx_word' id='word_1_304' title='bbox 1133 2980 1372 3034; x_wconf 86' lang='lat' dir='ltr'><strong>habitam</strong></span> <span class='ocrx_word' id='word_1_305' title='bbox 1423 2979 1772 3048; x_wconf 87' lang='lat' dir='ltr'><strong>opponendo.</strong></span> <span class='ocrx_word' id='word_1_306' title='bbox 1821 2976 2021 3030; x_wconf 89' lang='lat' dir='ltr'><strong>Notum</strong></span> <span class='ocrx_word' id='word_1_307' title='bbox 2048 2988 2209 3044; x_wconf 91' lang='lat' dir='ltr'><strong>porro</strong></span> 
     </span>
    </p>
   </div>
   <div class='ocr_carea' id='block_1_50' title="bbox 622 3068 2209 3143">
    <p class='ocr_par' dir='ltr' id='par_1_50' title="bbox 622 3068 2209 3143">
     <span class='ocr_line' id='line_1_50' title="bbox 622 3068 2209 3143; baseline -0.008 -14"><span class='ocrx_word' id='word_1_308' title='bbox 622 3075 726 3129; x_wconf 92' lang='lat' dir='ltr'><strong>tibi</strong></span> <span class='ocrx_word' id='word_1_309' title='bbox 751 3076 842 3136; x_wconf 90' lang='lat' dir='ltr'><strong>sit,</strong></span> <span class='ocrx_word' id='word_1_310' title='bbox 872 3072 1017 3143; x_wconf 89' lang='lat' dir='ltr'><strong>quod</strong></span> <span class='ocrx_word' id='word_1_311' title='bbox 1048 3083 1141 3126; x_wconf 88' lang='lat' dir='ltr'><strong>tuo</strong></span> <span class='ocrx_word' id='word_1_312' title='bbox 1186 3069 1389 3126; x_wconf 89' lang='lat' dir='ltr'><strong>subditi</strong></span> <span class='ocrx_word' id='word_1_313' title='bbox 1420 3070 1667 3140; x_wconf 80' lang='lat' dir='ltr'><strong>Imperio,</strong></span> <span class='ocrx_word' id='word_1_314' title='bbox 1693 3068 1955 3139; x_wconf 87' lang='lat' dir='ltr'><strong>pudorem</strong></span> <span class='ocrx_word' id='word_1_315' title='bbox 1985 3079 2209 3119; x_wconf 80' lang='lat' dir='ltr'><strong>suavem</strong></span> 
     </span>
    </p>
   </div>
   <div class='ocr_carea' id='block_1_51' title="bbox 627 3158 2209 3235">
    <p class='ocr_par' dir='ltr' id='par_1_51' title="bbox 627 3158 2209 3235">
     <span class='ocr_line' id='line_1_51' title="bbox 627 3158 2209 3235; baseline -0.007 -16"><span class='ocrx_word' id='word_1_316' title='bbox 627 3164 843 3220; x_wconf 83' lang='lat' dir='ltr'><strong>militari</strong></span> <span class='ocrx_word' id='word_1_317' title='bbox 867 3164 1051 3235; x_wconf 78' lang='lat' dir='ltr'><strong>sagulo</strong></span> <span class='ocrx_word' id='word_1_318' title='bbox 1082 3163 1361 3234; x_wconf 69' lang='lat' dir='ltr'><strong>prmlaturi</strong></span> <span class='ocrx_word' id='word_1_319' title='bbox 1383 3162 1515 3225; x_wconf 89' lang='lat' dir='ltr'><strong>sint,</strong></span> <span class='ocrx_word' id='word_1_320' title='bbox 1543 3169 1602 3217; x_wconf 90' lang='lat' dir='ltr'><strong>et</strong></span> <span class='ocrx_word' id='word_1_321' title='bbox 1634 3170 1685 3216; x_wconf 89' lang='lat' dir='ltr'><strong>te</strong></span> <span class='ocrx_word' id='word_1_322' title='bbox 1714 3175 1780 3214; x_wconf 93' lang='lat' dir='ltr'><strong>eo</strong></span> <span class='ocrx_word' id='word_1_323' title='bbox 1800 3158 2049 3213; x_wconf 90' lang='lat' dir='ltr'><strong>indutum</strong></span> <span class='ocrx_word' id='word_1_324' title='bbox 2096 3171 2209 3209; x_wconf 86' lang='lat' dir='ltr'><strong>ma-</strong></span> 
     </span>
    </p>
   </div>
   <div class='ocr_carea' id='block_1_52' title="bbox 628 3248 2208 3325">
    <p class='ocr_par' dir='ltr' id='par_1_52' title="bbox 628 3248 2208 3325">
     <span class='ocr_line' id='line_1_52' title="bbox 628 3248 2208 3325; baseline -0.006 -16"><span class='ocrx_word' id='word_1_325' title='bbox 628 3255 712 3325; x_wconf 81' lang='lat' dir='ltr'><strong>gis</strong></span> <span class='ocrx_word' id='word_1_326' title='bbox 755 3255 1022 3309; x_wconf 87' lang='lat' dir='ltr'><strong>illustrem</strong></span> <span class='ocrx_word' id='word_1_327' title='bbox 1057 3255 1122 3309; x_wconf 92' lang='lat' dir='ltr'><strong>iis</strong></span> <span class='ocrx_word' id='word_1_328' title='bbox 1176 3253 1575 3323; x_wconf 86' lang='lat' dir='ltr'><strong>appariturum.</strong></span> <span class='ocrx_word' id='word_1_329' title='bbox 1636 3251 1750 3307; x_wconf 91' lang='lat' dir='ltr'><strong>lloc</strong></span> <span class='ocrx_word' id='word_1_330' title='bbox 1812 3260 1869 3305; x_wconf 89' lang='lat' dir='ltr'><strong>tu</strong></span> <span class='ocrx_word' id='word_1_331' title='bbox 1916 3248 2208 3309; x_wconf 87' lang='lat' dir='ltr'><strong>lenocinio,</strong></span> 
     </span>
    </p>
   </div>
   <div class='ocr_carea' id='block_1_53' title="bbox 2307 2401 3890 2481">
    <p class='ocr_par' dir='ltr' id='par_1_53' title="bbox 2307 2401 3890 2481">
     <span class='ocr_line' id='line_1_53' title="bbox 2307 2401 3890 2481; baseline -0.012 -12"><span class='ocrx_word' id='word_1_332' title='bbox 2307 2417 2550 2476; x_wconf 77' lang='grc' dir='ltr'>ἐκεῖθεν,</span> <span class='ocrx_word' id='word_1_333' title='bbox 2594 2408 2921 2481; x_wconf 84' lang='grc' dir='ltr'>ὲπιφύεσθαι</span> <span class='ocrx_word' id='word_1_334' title='bbox 2955 2425 3037 2461; x_wconf 89' lang='grc' dir='ltr'><strong>σοι</strong></span> <span class='ocrx_word' id='word_1_335' title='bbox 3079 2405 3272 2477; x_wconf 81' lang='grc' dir='ltr'>μέλλον</span> <span class='ocrx_word' id='word_1_336' title='bbox 3298 2403 3591 2473; x_wconf 80' lang='grc' dir='ltr'>ὑποτρέχει</span> <span class='ocrx_word' id='word_1_337' title='bbox 3632 2402 3766 2463; x_wconf 72' lang='grc' dir='ltr'>τοὺς</span> <span class='ocrx_word' id='word_1_338' title='bbox 3805 2401 3890 2451; x_wconf 77' lang='grc' dir='ltr'>λο-</span> 
     </span>
    </p>
   </div>
   <div class='ocr_carea' id='block_1_54' title="bbox 2307 2494 3887 2578">
    <p class='ocr_par' dir='ltr' id='par_1_54' title="bbox 2307 2494 3887 2578">
     <span class='ocr_line' id='line_1_54' title="bbox 2307 2494 3887 2578; baseline -0.011 -18"><span class='ocrx_word' id='word_1_339' title='bbox 2307 2505 2561 2578; x_wconf 77' lang='grc' dir='ltr'>γισμοὺς,</span> <span class='ocrx_word' id='word_1_340' title='bbox 2600 2503 2695 2557; x_wconf 68' lang='grc' dir='ltr'>καὶ</span> <span class='ocrx_word' id='word_1_341' title='bbox 2726 2501 2860 2573; x_wconf 67' lang='grc' dir='ltr'>πρὸς</span> <span class='ocrx_word' id='word_1_342' title='bbox 2897 2501 2997 2569; x_wconf 82' lang='grc' dir='ltr'><strong>τὴν</strong></span> <span class='ocrx_word' id='word_1_343' title='bbox 3037 2495 3346 2568; x_wconf 82' lang='grc' dir='ltr'>συμϐουλὴν</span> <span class='ocrx_word' id='word_1_344' title='bbox 3376 2494 3746 2565; x_wconf 74' lang='grc' dir='ltr'>ὀκνηρότερον</span> <span class='ocrx_word' id='word_1_345' title='bbox 3783 2510 3887 2545; x_wconf 71' lang='grc' dir='ltr'>πα·-</span> 
     </span>
    </p>
   </div>
   <div class='ocr_carea' id='block_1_55' title="bbox 2313 2584 3892 2668">
    <p class='ocr_par' dir='ltr' id='par_1_55' title="bbox 2313 2584 3892 2668">
     <span class='ocr_line' id='line_1_55' title="bbox 2313 2584 3892 2668; baseline -0.012 -16"><span class='ocrx_word' id='word_1_346' title='bbox 2313 2595 2637 2668; x_wconf 81' lang='grc' dir='ltr'>ρασκευάζει</span> <span class='ocrx_word' id='word_1_347' title='bbox 2659 2610 2671 2623; x_wconf 89' lang='grc'><strong>·</strong></span> <span class='ocrx_word' id='word_1_348' title='bbox 2700 2594 2837 2647; x_wconf 85' lang='grc' dir='ltr'>ἀλλὰ</span> <span class='ocrx_word' id='word_1_349' title='bbox 2864 2590 2926 2644; x_wconf 90' lang='grc' dir='ltr'><strong>σύ</strong></span> <span class='ocrx_word' id='word_1_350' title='bbox 2950 2607 3015 2659; x_wconf 91' lang='grc' dir='ltr'><strong>γε</strong></span> <span class='ocrx_word' id='word_1_351' title='bbox 3043 2589 3104 2642; x_wconf 74' lang='grc' dir='ltr'>τὸ</span> <span class='ocrx_word' id='word_1_352' title='bbox 3137 2587 3365 2658; x_wconf 81' lang='grc' dir='ltr'>βεϐηκὸς</span> <span class='ocrx_word' id='word_1_353' title='bbox 3390 2584 3498 2639; x_wconf 82' lang='grc' dir='ltr'>τῶν</span> <span class='ocrx_word' id='word_1_354' title='bbox 3519 2584 3768 2655; x_wconf 75' lang='grc' dir='ltr'>τρόπων.</span> <span class='ocrx_word' id='word_1_355' title='bbox 3800 2585 3892 2634; x_wconf 73' lang='grc' dir='ltr'>καὶ</span> 
     </span>
    </p>
   </div>
   <div class='ocr_carea' id='block_1_56' title="bbox 2308 2678 3887 2759">
    <p class='ocr_par' dir='ltr' id='par_1_56' title="bbox 2308 2678 3887 2759">
     <span class='ocr_line' id='line_1_56' title="bbox 2308 2678 3887 2759; baseline -0.013 -12"><span class='ocrx_word' id='word_1_356' title='bbox 2308 2694 2369 2748; x_wconf 75' lang='grc' dir='ltr'>τὸ</span> <span class='ocrx_word' id='word_1_357' title='bbox 2408 2688 2806 2759; x_wconf 78' lang='grc' dir='ltr'>ἐστηριγμένον</span> <span class='ocrx_word' id='word_1_358' title='bbox 2835 2684 2937 2754; x_wconf 80' lang='grc' dir='ltr'>τῆς</span> <span class='ocrx_word' id='word_1_359' title='bbox 2970 2680 3217 2752; x_wconf 83' lang='grc' dir='ltr'>γνώμης,</span> <span class='ocrx_word' id='word_1_360' title='bbox 3246 2680 3344 2733; x_wconf 75' lang='grc' dir='ltr'>καὶ</span> <span class='ocrx_word' id='word_1_361' title='bbox 3376 2680 3439 2732; x_wconf 77' lang='grc' dir='ltr'><strong>τὸ</strong></span> <span class='ocrx_word' id='word_1_362' title='bbox 3472 2678 3550 2749; x_wconf 84' lang='grc' dir='ltr'>μὴ</span> <span class='ocrx_word' id='word_1_363' title='bbox 3597 2679 3887 2749; x_wconf 69' lang='grc' dir='ltr'>προσαιιεῖο</span> 
     </span>
    </p>
   </div>
   <div class='ocr_carea' id='block_1_57' title="bbox 2312 2768 3890 2845">
    <p class='ocr_par' dir='ltr' id='par_1_57' title="bbox 2312 2768 3890 2845">
     <span class='ocr_line' id='line_1_57' title="bbox 2312 2768 3890 2845; baseline -0.011 -9"><span class='ocrx_word' id='word_1_364' title='bbox 2312 2783 2438 2836; x_wconf 87' lang='grc' dir='ltr'>σθαι</span> <span class='ocrx_word' id='word_1_365' title='bbox 2496 2778 2685 2843; x_wconf 85' lang='grc' dir='ltr'>κόλαξι</span> <span class='ocrx_word' id='word_1_366' title='bbox 2754 2776 2848 2829; x_wconf 76' lang='grc' dir='ltr'>καὶ</span> <span class='ocrx_word' id='word_1_367' title='bbox 2905 2772 3235 2845; x_wconf 81' lang='grc' dir='ltr'>βωμολόχοις</span> <span class='ocrx_word' id='word_1_368' title='bbox 3287 2769 3530 2834; x_wconf 78' lang='grc' dir='ltr'>τούτοις,</span> <span class='ocrx_word' id='word_1_369' title='bbox 3593 2768 3890 2831; x_wconf 71' lang='grc' dir='ltr'>ἀντιτάξας</span> 
     </span>
    </p>
   </div>
   <div class='ocr_carea' id='block_1_58' title="bbox 2312 2860 3894 2945">
    <p class='ocr_par' dir='ltr' id='par_1_58' title="bbox 2312 2860 3894 2945">
     <span class='ocr_line' id='line_1_58' title="bbox 2312 2860 3894 2945; baseline -0.01 -18"><span class='ocrx_word' id='word_1_370' title='bbox 2312 2874 2614 2945; x_wconf 83' lang='grc' dir='ltr'>σεμνότητα</span> <span class='ocrx_word' id='word_1_371' title='bbox 2642 2869 2804 2938; x_wconf 86' lang='grc' dir='ltr'>φίλην</span> <span class='ocrx_word' id='word_1_372' title='bbox 2824 2882 2838 2898; x_wconf 80' lang='grc' dir='ltr'><strong>ο</strong></span> <span class='ocrx_word' id='word_1_373' title='bbox 2867 2866 2929 2920; x_wconf 79' lang='grc' dir='ltr'><strong>εὖ</strong></span> <span class='ocrx_word' id='word_1_374' title='bbox 2958 2864 3068 2918; x_wconf 79' lang='grc' dir='ltr'>ἴσθι</span> <span class='ocrx_word' id='word_1_375' title='bbox 3096 2862 3247 2935; x_wconf 88' lang='grc' dir='ltr'><strong>παρά</strong></span> <span class='ocrx_word' id='word_1_376' title='bbox 3271 2866 3382 2925; x_wconf 83' lang='grc' dir='ltr'>τοῖς</span> <span class='ocrx_word' id='word_1_377' title='bbox 3414 2860 3771 2931; x_wconf 79' lang='grc' dir='ltr'>ἀρχομένοις,</span> <span class='ocrx_word' id='word_1_378' title='bbox 3801 2860 3894 2912; x_wconf 73' lang='grc' dir='ltr'><strong>καὶ</strong></span> 
     </span>
    </p>
   </div>
   <div class='ocr_carea' id='block_1_59' title="bbox 2310 2951 3889 3037">
    <p class='ocr_par' dir='ltr' id='par_1_59' title="bbox 2310 2951 3889 3037">
     <span class='ocr_line' id='line_1_59' title="bbox 2310 2951 3889 3037; baseline -0.013 -14"><span class='ocrx_word' id='word_1_379' title='bbox 2310 2968 2571 3037; x_wconf 85' lang='grc' dir='ltr'>γλυκεῖαν</span> <span class='ocrx_word' id='word_1_380' title='bbox 2606 2962 2760 3025; x_wconf 86' lang='grc' dir='ltr'>αἱδὼ,</span> <span class='ocrx_word' id='word_1_381' title='bbox 2792 2962 2888 3030; x_wconf 81' lang='grc' dir='ltr'>τῆς</span> <span class='ocrx_word' id='word_1_382' title='bbox 2928 2960 3301 3030; x_wconf 75' lang='grc' dir='ltr'>στρατηγικῆς</span> <span class='ocrx_word' id='word_1_383' title='bbox 3330 2956 3604 3026; x_wconf 81' lang='grc' dir='ltr'>χλανίδος,</span> <span class='ocrx_word' id='word_1_384' title='bbox 3631 2951 3889 3023; x_wconf 73' lang='grc' dir='ltr'>λαμπρό-</span> 
     </span>
    </p>
   </div>
   <div class='ocr_carea' id='block_1_60' title="bbox 2311 3043 3891 3128">
    <p class='ocr_par' dir='ltr' id='par_1_60' title="bbox 2311 3043 3891 3128">
     <span class='ocr_line' id='line_1_60' title="bbox 2311 3043 3891 3128; baseline -0.011 -17"><span class='ocrx_word' id='word_1_385' title='bbox 2311 3074 2472 3128; x_wconf 87' lang='grc' dir='ltr'>τερον</span> <span class='ocrx_word' id='word_1_386' title='bbox 2502 3055 2713 3125; x_wconf 83' lang='grc' dir='ltr'>ὀφθήσῃ</span> <span class='ocrx_word' id='word_1_387' title='bbox 2745 3048 3209 3122; x_wconf 84' lang='grc' dir='ltr'>περιϐεϐλημένος</span> <span class='ocrx_word' id='word_1_388' title='bbox 3228 3063 3244 3079; x_wconf 78' lang='grc' dir='ltr'><strong><em>ο</em></strong></span> <span class='ocrx_word' id='word_1_389' title='bbox 3278 3048 3372 3100; x_wconf 76' lang='grc' dir='ltr'>καὶ</span> <span class='ocrx_word' id='word_1_390' title='bbox 3397 3046 3505 3099; x_wconf 82' lang='grc' dir='ltr'>τῶν</span> <span class='ocrx_word' id='word_1_391' title='bbox 3535 3045 3631 3097; x_wconf 75' lang='grc' dir='ltr'>ἐπὶ</span> <span class='ocrx_word' id='word_1_392' title='bbox 3660 3043 3891 3112; x_wconf 81' lang='grc' dir='ltr'>σοϐαρό-</span> 
     </span>
    </p>
   </div>
   <div class='ocr_carea' id='block_1_61' title="bbox 2312 3133 3892 3217">
    <p class='ocr_par' dir='ltr' id='par_1_61' title="bbox 2312 3133 3892 3217">
     <span class='ocr_line' id='line_1_61' title="bbox 2312 3133 3892 3217; baseline -0.013 -17"><span class='ocrx_word' id='word_1_393' title='bbox 2312 3165 2436 3217; x_wconf 87' lang='grc' dir='ltr'>τητι</span> <span class='ocrx_word' id='word_1_394' title='bbox 2469 3145 2564 3199; x_wconf 72' lang='grc' dir='ltr'><strong>καὶ</strong></span> <span class='ocrx_word' id='word_1_395' title='bbox 2604 3142 2751 3213; x_wconf 71' lang='grc' dir='ltr'>ἠθῶν</span> <span class='ocrx_word' id='word_1_396' title='bbox 2782 3139 3081 3211; x_wconf 81' lang='grc' dir='ltr'>τραχύτητι</span> <span class='ocrx_word' id='word_1_397' title='bbox 3117 3137 3259 3204; x_wconf 85' lang='grc' dir='ltr'>μέγα</span> <span class='ocrx_word' id='word_1_398' title='bbox 3297 3134 3643 3206; x_wconf 80' lang='grc' dir='ltr'>φρονούντων</span> <span class='ocrx_word' id='word_1_399' title='bbox 3696 3133 3892 3184; x_wconf 75' lang='grc' dir='ltr'>εὐστα-</span> 
     </span>
    </p>
   </div>
   <div class='ocr_carea' id='block_1_62' title="bbox 2317 3222 3895 3309">
    <p class='ocr_par' dir='ltr' id='par_1_62' title="bbox 2317 3222 3895 3309">
     <span class='ocr_line' id='line_1_62' title="bbox 2317 3222 3895 3309; baseline -0.013 -15"><span class='ocrx_word' id='word_1_400' title='bbox 2317 3241 2575 3309; x_wconf 81' lang='grc' dir='ltr'>θέστερον</span> <span class='ocrx_word' id='word_1_401' title='bbox 2604 3233 2747 3288; x_wconf 85' lang='grc' dir='ltr'><strong>κατά</strong></span> <span class='ocrx_word' id='word_1_402' title='bbox 2775 3232 2908 3285; x_wconf 76' lang='grc' dir='ltr'>πολὺ</span> <span class='ocrx_word' id='word_1_403' title='bbox 2940 3231 3037 3283; x_wconf 71' lang='grc' dir='ltr'>καὶ</span> <span class='ocrx_word' id='word_1_404' title='bbox 3068 3227 3410 3301; x_wconf 84' lang='grc' dir='ltr'>βεϐαιότερον</span> <span class='ocrx_word' id='word_1_405' title='bbox 3442 3223 3808 3294; x_wconf 72' lang='grc' dir='ltr'>ὲπιδειχθήσῃ</span> <span class='ocrx_word' id='word_1_406' title='bbox 3835 3222 3895 3274; x_wconf 74' lang='grc' dir='ltr'><strong>τὸ</strong></span> 
     </span>
    </p>
   </div>
   <div class='ocr_carea' id='block_1_63' title="bbox 629 3324 2204 3419">
    <p class='ocr_par' dir='ltr' id='par_1_63' title="bbox 629 3324 2204 3419">
     <span class='ocr_line' id='line_1_63' title="bbox 629 3324 2204 3419; baseline -0.006 -18"><span class='ocrx_word' id='word_1_407' title='bbox 629 3324 876 3402; x_wconf 89' lang='lat' dir='ltr'><strong>subditos</strong></span> <span class='ocrx_word' id='word_1_408' title='bbox 905 3347 1022 3413; x_wconf 91' lang='lat' dir='ltr'><strong>tibi,</strong></span> <span class='ocrx_word' id='word_1_409' title='bbox 1062 3361 1390 3419; x_wconf 89' lang='lat' dir='ltr'><strong>quocunque</strong></span> <span class='ocrx_word' id='word_1_410' title='bbox 1422 3345 1680 3411; x_wconf 90' lang='lat' dir='ltr'><strong>volueris,</strong></span> <span class='ocrx_word' id='word_1_411' title='bbox 1720 3343 2011 3415; x_wconf 77' lang='lat' dir='ltr'><strong>perduces.</strong></span> <span class='ocrx_word' id='word_1_412' title='bbox 2042 3339 2204 3394; x_wconf 85' lang='lat' dir='ltr'><strong>multc</strong></span> 
     </span>
    </p>
   </div>
   <div class='ocr_carea' id='block_1_64' title="bbox 2309 3324 2888 3419">
    <p class='ocr_par' dir='ltr' id='par_1_64' title="bbox 2319 3324 2888 3403">
     <span class='ocr_line' id='line_1_64' title="bbox 2319 3324 2888 3403; baseline -0.019 -17"><span class='ocrx_word' id='word_1_413' title='bbox 2319 3333 2557 3403; x_wconf 80' lang='grc' dir='ltr'>ὑπήκοον</span> <span class='ocrx_word' id='word_1_414' title='bbox 2587 3324 2888 3396; x_wconf 82' lang='grc' dir='ltr'>περιάγων.</span> 
     </span>
    </p>
   </div>
   <div class='ocr_carea' id='block_1_65' title="bbox 629 3426 2617 3511">
    <p class='ocr_par' dir='ltr' id='par_1_65' title="bbox 629 3426 2617 3511">
     <span class='ocr_line' id='line_1_65' title="bbox 629 3426 2617 3511; baseline -0.01 -13"><span class='ocrx_word' id='word_1_415' title='bbox 629 3442 901 3499; x_wconf 77' lang='lat' dir='ltr'><strong>efﬁcacius</strong></span> <span class='ocrx_word' id='word_1_416' title='bbox 920 3450 975 3497; x_wconf 86' lang='lat' dir='ltr'><strong>et</strong></span> <span class='ocrx_word' id='word_1_417' title='bbox 999 3442 1353 3497; x_wconf 84' lang='lat' dir='ltr'><strong>constantiori</strong></span> <span class='ocrx_word' id='word_1_418' title='bbox 1381 3451 1590 3505; x_wconf 90' lang='lat' dir='ltr'><strong>tenore,</strong></span> <span class='ocrx_word' id='word_1_419' title='bbox 1624 3456 1785 3511; x_wconf 89' lang='lat' dir='ltr'><strong>quam</strong></span> <span class='ocrx_word' id='word_1_420' title='bbox 1818 3438 1912 3510; x_wconf 91' lang='lat' dir='ltr'><strong>qui</strong></span> <span class='ocrx_word' id='word_1_421' title='bbox 1937 3439 2006 3495; x_wconf 89' lang='lat' dir='ltr'><strong>de</strong></span> <span class='ocrx_word' id='word_1_422' title='bbox 2060 3436 2203 3492; x_wconf 83' lang='lat' dir='ltr'><strong>fastu</strong></span> <span class='ocrx_word' id='word_1_423' title='bbox 2240 3426 2617 3503; x_wconf 83' lang='lat' dir='ltr'><strong>supercilioso,</strong></span> 
     </span>
    </p>
   </div>
   <div class='ocr_carea' id='block_1_66' title="bbox 634 3535 1057 3608">
    <p class='ocr_par' dir='ltr' id='par_1_66' title="bbox 634 3535 1057 3608">
     <span class='ocr_line' id='line_1_66' title="bbox 634 3535 1057 3608; baseline 0 -19"><span class='ocrx_word' id='word_1_424' title='bbox 634 3545 789 3589; x_wconf 89' lang='lat' dir='ltr'><strong>munt</strong></span> <span class='ocrx_word' id='word_1_425' title='bbox 817 3535 1057 3608; x_wconf 90' lang='lat' dir='ltr'><strong>spiritus.</strong></span> 
     </span>
    </p>
   </div>
   <div class='ocr_carea' id='block_1_67' title="bbox 1199 3625 1644 3681">
    <p class='ocr_par' dir='ltr' id='par_1_67' title="bbox 1199 3625 1644 3681">
     <span class='ocr_line' id='line_1_67' title="bbox 1199 3625 1644 3681; baseline -0.002 0"><span class='ocrx_word' id='word_1_426' title='bbox 1199 3625 1416 3681; x_wconf 84' lang='lat' dir='ltr'><strong>EPIST.</strong></span> <span class='ocrx_word' id='word_1_427' title='bbox 1452 3626 1644 3680; x_wconf 42' lang='lat' dir='ltr'><strong>XXIV.</strong></span> 
     </span>
    </p>
   </div>
   <div class='ocr_carea' id='block_1_68' title="bbox 758 3718 2091 3791">
    <p class='ocr_par' dir='ltr' id='par_1_68' title="bbox 758 3718 2091 3791">
     <span class='ocr_line' id='line_1_68' title="bbox 758 3718 2091 3791; baseline -0.005 -13"><span class='ocrx_word' id='word_1_428' title='bbox 758 3721 950 3778; x_wconf 84' lang='lat' dir='ltr'><strong>Joanni</strong></span> <span class='ocrx_word' id='word_1_429' title='bbox 978 3720 1202 3780; x_wconf 79' lang='lat' dir='ltr'><strong>vatricio</strong></span> <span class='ocrx_word' id='word_1_430' title='bbox 1248 3730 1299 3775; x_wconf 85' lang='lat' dir='ltr'><strong>et</strong></span> <span class='ocrx_word' id='word_1_431' title='bbox 1331 3719 1599 3774; x_wconf 80' lang='lat' dir='ltr'><strong>saceliauo</strong></span> <span class='ocrx_word' id='word_1_432' title='bbox 1630 3720 1773 3774; x_wconf 84' lang='lat' dir='ltr'><strong>aoud</strong></span> <span class='ocrx_word' id='word_1_433' title='bbox 1805 3718 2091 3791; x_wconf 76' lang='lat' dir='ltr'><strong>Augurius.</strong></span> 
     </span>
    </p>
   </div>
   <div class='ocr_carea' id='block_1_69' title="bbox 2654 3412 3893 3486">
    <p class='ocr_par' dir='ltr' id='par_1_69' title="bbox 2654 3412 3893 3486">
     <span class='ocr_line' id='line_1_69' title="bbox 2654 3412 3893 3486; baseline -0.011 -9"><span class='ocrx_word' id='word_1_434' title='bbox 2654 3430 2708 3477; x_wconf 83' lang='lat' dir='ltr'><strong>et</strong></span> <span class='ocrx_word' id='word_1_435' title='bbox 2736 3434 2948 3475; x_wconf 89' lang='lat' dir='ltr'><strong>morum</strong></span> <span class='ocrx_word' id='word_1_436' title='bbox 3003 3413 3317 3486; x_wconf 83' lang='lat' dir='ltr'><strong>asperitate,</strong></span> <span class='ocrx_word' id='word_1_437' title='bbox 3384 3428 3615 3481; x_wconf 79' lang='lat' dir='ltr'><strong>magnos</strong></span> <span class='ocrx_word' id='word_1_438' title='bbox 3654 3412 3758 3465; x_wconf 77' lang='lat' dir='ltr'><strong>sibi</strong></span> <span class='ocrx_word' id='word_1_439' title='bbox 3801 3429 3893 3463; x_wconf 63' lang='grc' dir='ltr'><strong>ςυσ-</strong></span> 
     </span>
    </p>
   </div>
   <div class='ocr_carea' id='block_1_70' title="bbox 2897 3604 3289 3658">
    <p class='ocr_par' dir='ltr' id='par_1_70' title="bbox 2897 3604 3289 3658">
     <span class='ocr_line' id='line_1_70' title="bbox 2897 3604 3289 3658; baseline -0.008 -1"><span class='ocrx_word' id='word_1_440' title='bbox 2897 3604 3121 3658; x_wconf 76' lang='grc' dir='ltr'><strong>ΕΠΙΣΤ.</strong></span> <span class='ocrx_word' id='word_1_441' title='bbox 3164 3604 3289 3655; x_wconf 77' lang='lat' dir='ltr'><strong>KA&#39;.</strong></span> 
     </span>
    </p>
   </div>
   <div class='ocr_carea' id='block_1_71' title="bbox 2324 3694 3891 3771">
    <p class='ocr_par' dir='ltr' id='par_1_71' title="bbox 2324 3694 3891 3771">
     <span class='ocr_line' id='line_1_71' title="bbox 2324 3694 3891 3771; baseline -0.011 -9"><span class='ocrx_word' id='word_1_442' title='bbox 2324 3703 2573 3771; x_wconf 74' lang='grc' dir='ltr'>Ἰωάννῃ</span> <span class='ocrx_word' id='word_1_443' title='bbox 2623 3698 2906 3768; x_wconf 80' lang='grc' dir='ltr'>πατρικίῳ</span> <span class='ocrx_word' id='word_1_444' title='bbox 2953 3696 3048 3749; x_wconf 81' lang='grc' dir='ltr'><strong>καὶ</strong></span> <span class='ocrx_word' id='word_1_445' title='bbox 3109 3694 3493 3771; x_wconf 64' lang='grc' dir='ltr'>σᾳκελλιιρίῳ</span> <span class='ocrx_word' id='word_1_446' title='bbox 3551 3694 3710 3747; x_wconf 78' lang='grc' dir='ltr'>κατὰ</span> <span class='ocrx_word' id='word_1_447' title='bbox 3754 3694 3891 3757; x_wconf 66' lang='grc' dir='ltr'>τοὺς</span> 
     </span>
    </p>
   </div>
   <div class='ocr_carea' id='block_1_72' title="bbox 2925 3766 3308 3836">
    <p class='ocr_par' dir='ltr' id='par_1_72' title="bbox 2925 3766 3308 3836">
     <span class='ocr_line' id='line_1_72' title="bbox 2925 3766 3308 3836; baseline -0.01 -15"><span class='ocrx_word' id='word_1_448' title='bbox 2925 3766 3308 3836; x_wconf 71' lang='grc' dir='ltr'>Αγγουρίους.</span> 
     </span>
    </p>
   </div>
   <div class='ocr_carea' id='block_1_73' title="bbox 1884 3865 2660 3937">
    <p class='ocr_par' dir='ltr' id='par_1_73' title="bbox 1884 3865 2660 3937">
     <span class='ocr_line' id='line_1_73' title="bbox 1884 3865 2660 3937; baseline -0.017 -10"><span class='ocrx_word' id='word_1_449' title='bbox 1884 3878 2151 3927; x_wconf 70' lang='lat' dir='ltr'><strong>Montacut.</strong></span> <span class='ocrx_word' id='word_1_450' title='bbox 2190 3868 2295 3937; x_wconf 67' lang='lat' dir='ltr'><strong>(et).</strong></span> <span class='ocrx_word' id='word_1_451' title='bbox 2329 3871 2407 3930; x_wconf 78' lang='grc'><strong>75,</strong></span> <span class='ocrx_word' id='word_1_452' title='bbox 2441 3883 2492 3933; x_wconf 91' lang='lat' dir='ltr'><strong>p.</strong></span> <span class='ocrx_word' id='word_1_453' title='bbox 2528 3865 2660 3930; x_wconf 75' lang='lat'><strong>122).</strong></span> 
     </span>
    </p>
   </div>
   <div class='ocr_carea' id='block_1_74' title="bbox 708 3986 2214 4062">
    <p class='ocr_par' dir='ltr' id='par_1_74' title="bbox 708 3986 2214 4062">
     <span class='ocr_line' id='line_1_74' title="bbox 708 3986 2214 4062; baseline -0.003 -19"><span class='ocrx_word' id='word_1_454' title='bbox 708 3991 943 4045; x_wconf 79' lang='lat' dir='ltr'><strong>Omnino</strong></span> <span class='ocrx_word' id='word_1_455' title='bbox 968 3990 1102 4046; x_wconf 89' lang='lat' dir='ltr'><strong>mihi</strong></span> <span class='ocrx_word' id='word_1_456' title='bbox 1122 4002 1269 4047; x_wconf 88' lang='lat' dir='ltr'><strong>recte</strong></span> <span class='ocrx_word' id='word_1_457' title='bbox 1299 4000 1353 4047; x_wconf 87' lang='lat' dir='ltr'><strong>et</strong></span> <span class='ocrx_word' id='word_1_458' title='bbox 1382 3990 1656 4062; x_wconf 87' lang='lat' dir='ltr'><strong>sapienter</strong></span> <span class='ocrx_word' id='word_1_459' title='bbox 1677 3991 1806 4045; x_wconf 92' lang='lat' dir='ltr'><strong>olim</strong></span> <span class='ocrx_word' id='word_1_460' title='bbox 1837 3989 2036 4043; x_wconf 81' lang='lat' dir='ltr'><strong>uictum</strong></span> <span class='ocrx_word' id='word_1_461' title='bbox 2061 3986 2214 4039; x_wconf 84' lang='lat' dir='ltr'><strong>vide-</strong></span> 
     </span>
    </p>
   </div>
   <div class='ocr_carea' id='block_1_75' title="bbox 639 4079 2210 4155">
    <p class='ocr_par' dir='ltr' id='par_1_75' title="bbox 639 4079 2210 4155">
     <span class='ocr_line' id='line_1_75' title="bbox 639 4079 2210 4155; baseline -0.004 -16"><span class='ocrx_word' id='word_1_462' title='bbox 639 4094 749 4150; x_wconf 85' lang='lat' dir='ltr'><strong>tur,</strong></span> <span class='ocrx_word' id='word_1_463' title='bbox 785 4084 1093 4140; x_wconf 86' lang='lat' dir='ltr'><strong>ascendisse</strong></span> <span class='ocrx_word' id='word_1_464' title='bbox 1141 4085 1359 4155; x_wconf 90' lang='lat' dir='ltr'><strong>quidem</strong></span> <span class='ocrx_word' id='word_1_465' title='bbox 1412 4086 1613 4139; x_wconf 89' lang='lat' dir='ltr'><strong>multos</strong></span> <span class='ocrx_word' id='word_1_466' title='bbox 1642 4085 1697 4139; x_wconf 91' lang='lat' dir='ltr'><strong>in</strong></span> <span class='ocrx_word' id='word_1_467' title='bbox 1755 4084 2004 4137; x_wconf 88' lang='lat' dir='ltr'><strong>arborem</strong></span> <span class='ocrx_word' id='word_1_468' title='bbox 2041 4079 2210 4143; x_wconf 81' lang='lat' dir='ltr'><strong>illam,</strong></span> 
     </span>
    </p>
   </div>
   <div class='ocr_carea' id='block_1_76' title="bbox 638 4170 2209 4245">
    <p class='ocr_par' dir='ltr' id='par_1_76' title="bbox 638 4170 2209 4245">
     <span class='ocr_line' id='line_1_76' title="bbox 638 4170 2209 4245; baseline -0.004 -18"><span class='ocrx_word' id='word_1_469' title='bbox 638 4190 762 4245; x_wconf 75' lang='lat' dir='ltr'><strong>qua:</strong></span> <span class='ocrx_word' id='word_1_470' title='bbox 810 4175 1051 4245; x_wconf 86' lang='lat' dir='ltr'><strong>tyrannis</strong></span> <span class='ocrx_word' id='word_1_471' title='bbox 1080 4175 1432 4228; x_wconf 88' lang='lat' dir='ltr'><strong>nominatur:</strong></span> <span class='ocrx_word' id='word_1_472' title='bbox 1478 4174 1763 4229; x_wconf 88' lang='lat' dir='ltr'><strong>descendit</strong></span> <span class='ocrx_word' id='word_1_473' title='bbox 1796 4183 1977 4226; x_wconf 82' lang='lat' dir='ltr'><strong>autem</strong></span> <span class='ocrx_word' id='word_1_474' title='bbox 2024 4170 2209 4225; x_wconf 89' lang='lat' dir='ltr'><strong>nullus</strong></span> 
     </span>
    </p>
   </div>
   <div class='ocr_carea' id='block_1_77' title="bbox 638 4260 2202 4337">
    <p class='ocr_par' dir='ltr' id='par_1_77' title="bbox 638 4260 2202 4337">
     <span class='ocr_line' id='line_1_77' title="bbox 638 4260 2202 4337; baseline -0.005 -16"><span class='ocrx_word' id='word_1_475' title='bbox 638 4267 841 4332; x_wconf 86' lang='lat' dir='ltr'><strong>denuo,</strong></span> <span class='ocrx_word' id='word_1_476' title='bbox 867 4266 960 4321; x_wconf 87' lang='lat' dir='ltr'><strong>sed</strong></span> <span class='ocrx_word' id='word_1_477' title='bbox 988 4266 1180 4337; x_wconf 82' lang='lat' dir='ltr'><strong>singuli</strong></span> <span class='ocrx_word' id='word_1_478' title='bbox 1209 4267 1367 4320; x_wconf 86' lang='lat' dir='ltr'><strong>ruina</strong></span> <span class='ocrx_word' id='word_1_479' title='bbox 1396 4264 1825 4336; x_wconf 61' lang='lat' dir='ltr'><strong>praecipitantur.</strong></span> <span class='ocrx_word' id='word_1_480' title='bbox 1852 4264 2037 4332; x_wconf 87' lang='lat' dir='ltr'><strong>Itaque</strong></span> <span class='ocrx_word' id='word_1_481' title='bbox 2071 4260 2202 4331; x_wconf 89' lang='lat' dir='ltr'><strong>quid</strong></span> 
     </span>
    </p>
   </div>
   <div class='ocr_carea' id='block_1_78' title="bbox 638 4355 2207 4422">
    <p class='ocr_par' dir='ltr' id='par_1_78' title="bbox 638 4355 2207 4422">
     <span class='ocr_line' id='line_1_78' title="bbox 638 4355 2207 4422; baseline -0.004 -11"><span class='ocrx_word' id='word_1_482' title='bbox 638 4358 775 4412; x_wconf 86' lang='lat' dir='ltr'><strong>adeo</strong></span> <span class='ocrx_word' id='word_1_483' title='bbox 809 4357 1125 4413; x_wconf 89' lang='lat' dir='ltr'><strong>intumescis</strong></span> <span class='ocrx_word' id='word_1_484' title='bbox 1155 4368 1211 4413; x_wconf 90' lang='lat' dir='ltr'><strong>et</strong></span> <span class='ocrx_word' id='word_1_485' title='bbox 1247 4359 1483 4411; x_wconf 83' lang='lat' dir='ltr'><strong>exsultas</strong></span> <span class='ocrx_word' id='word_1_486' title='bbox 1503 4356 1595 4411; x_wconf 88' lang='lat' dir='ltr'><strong>tu?</strong></span> <span class='ocrx_word' id='word_1_487' title='bbox 1636 4357 1717 4409; x_wconf 89' lang='lat' dir='ltr'><strong>Tu</strong></span> <span class='ocrx_word' id='word_1_488' title='bbox 1764 4355 2003 4409; x_wconf 80' lang='lat' dir='ltr'><strong>nomium</strong></span> <span class='ocrx_word' id='word_1_489' title='bbox 2043 4368 2207 4422; x_wconf 89' lang='lat' dir='ltr'><strong>super</strong></span> 
     </span>
    </p>
   </div>
   <div class='ocr_carea' id='block_1_79' title="bbox 640 4445 2209 4524">
    <p class='ocr_par' dir='ltr' id='par_1_79' title="bbox 640 4445 2209 4524">
     <span class='ocr_line' id='line_1_79' title="bbox 640 4445 2209 4524; baseline -0.008 -14"><span class='ocrx_word' id='word_1_490' title='bbox 640 4466 821 4510; x_wconf 87' lang='lat' dir='ltr'><strong>ramos</strong></span> <span class='ocrx_word' id='word_1_491' title='bbox 856 4449 1020 4519; x_wconf 84' lang='lat' dir='ltr'><strong>hujus</strong></span> <span class='ocrx_word' id='word_1_492' title='bbox 1047 4449 1280 4515; x_wconf 88' lang='lat' dir='ltr'><strong>arboris,</strong></span> <span class='ocrx_word' id='word_1_493' title='bbox 1322 4450 1509 4524; x_wconf 28' lang='lat' dir='ltr'><strong>.gravis</strong></span> <span class='ocrx_word' id='word_1_494' title='bbox 1539 4456 1812 4515; x_wconf 85' lang='lat' dir='ltr'><strong>utcunque</strong></span> <span class='ocrx_word' id='word_1_495' title='bbox 1853 4454 1909 4500; x_wconf 82' lang='lat' dir='ltr'><strong>et</strong></span> <span class='ocrx_word' id='word_1_496' title='bbox 1967 4445 2209 4498; x_wconf 86' lang='lat' dir='ltr'><strong>tumidus</strong></span> 
     </span>
    </p>
   </div>
   <div class='ocr_carea' id='block_1_80' title="bbox 2387 3969 3889 4045">
    <p class='ocr_par' dir='ltr' id='par_1_80' title="bbox 2387 3969 3889 4045">
     <span class='ocr_line' id='line_1_80' title="bbox 2387 3969 3889 4045; baseline -0.007 -15"><span class='ocrx_word' id='word_1_497' title='bbox 2387 3977 2523 4030; x_wconf 83' lang='grc' dir='ltr'>Δίαν</span> <span class='ocrx_word' id='word_1_498' title='bbox 2565 3975 2751 4045; x_wconf 85' lang='grc' dir='ltr'>ἔμοιγε</span> <span class='ocrx_word' id='word_1_499' title='bbox 2782 3974 2931 4027; x_wconf 83' lang='grc' dir='ltr'>δοκεῖ</span> <span class='ocrx_word' id='word_1_500' title='bbox 2972 3971 3154 4034; x_wconf 83' lang='grc' dir='ltr'>καλῶς</span> <span class='ocrx_word' id='word_1_501' title='bbox 3198 3972 3293 4023; x_wconf 73' lang='grc' dir='ltr'>καὶ</span> <span class='ocrx_word' id='word_1_502' title='bbox 3328 3970 3569 4032; x_wconf 80' lang='grc' dir='ltr'>συνετῶς</span> <span class='ocrx_word' id='word_1_503' title='bbox 3637 3970 3669 4021; x_wconf 85' lang='grc' dir='ltr'>ὁ</span> <span class='ocrx_word' id='word_1_504' title='bbox 3726 3969 3889 4021; x_wconf 74' lang='grc' dir='ltr'>πάλαι</span> 
     </span>
    </p>
   </div>
   <div class='ocr_carea' id='block_1_81' title="bbox 2311 4061 3892 4138">
    <p class='ocr_par' dir='ltr' id='par_1_81' title="bbox 2311 4061 3892 4138">
     <span class='ocr_line' id='line_1_81' title="bbox 2311 4061 3892 4138; baseline -0.006 -18"><span class='ocrx_word' id='word_1_505' title='bbox 2311 4068 2601 4138; x_wconf 84' lang='grc' dir='ltr'>λεγόμενος</span> <span class='ocrx_word' id='word_1_506' title='bbox 2632 4066 2776 4136; x_wconf 77' lang='grc' dir='ltr'>ἔχειν</span> <span class='ocrx_word' id='word_1_507' title='bbox 2814 4065 2994 4132; x_wconf 83' lang='grc' dir='ltr'>λόγος,</span> <span class='ocrx_word' id='word_1_508' title='bbox 3024 4064 3099 4127; x_wconf 84' lang='grc' dir='ltr'>ὡς</span> <span class='ocrx_word' id='word_1_509' title='bbox 3127 4063 3396 4132; x_wconf 77' lang='grc' dir='ltr'>ἀνέϐησαν</span> <span class='ocrx_word' id='word_1_510' title='bbox 3435 4061 3535 4131; x_wconf 75' lang='grc' dir='ltr'>μὲν</span> <span class='ocrx_word' id='word_1_511' title='bbox 3572 4061 3678 4131; x_wconf 68' lang='grc' dir='ltr'>ἠδη</span> <span class='ocrx_word' id='word_1_512' title='bbox 3709 4061 3892 4112; x_wconf 68' lang='grc' dir='ltr'>πολλοὶ</span> 
     </span>
    </p>
   </div>
   <div class='ocr_carea' id='block_1_82' title="bbox 2308 4152 3873 4228">
    <p class='ocr_par' dir='ltr' id='par_1_82' title="bbox 2308 4152 3873 4228">
     <span class='ocr_line' id='line_1_82' title="bbox 2308 4152 3873 4228; baseline -0.007 -14"><span class='ocrx_word' id='word_1_513' title='bbox 2308 4162 2402 4214; x_wconf 75' lang='grc' dir='ltr'>ἐπὶ</span> <span class='ocrx_word' id='word_1_514' title='bbox 2440 4161 2500 4213; x_wconf 80' lang='grc' dir='ltr'>τὸ</span> <span class='ocrx_word' id='word_1_515' title='bbox 2528 4159 2742 4228; x_wconf 79' lang='grc' dir='ltr'>δένδρον</span> <span class='ocrx_word' id='word_1_516' title='bbox 2788 4157 2946 4210; x_wconf 79' lang='grc' dir='ltr'>τοῦτο</span> <span class='ocrx_word' id='word_1_517' title='bbox 2985 4156 3012 4209; x_wconf 87' lang='grc' dir='ltr'>ὃ</span> <span class='ocrx_word' id='word_1_518' title='bbox 3059 4154 3393 4225; x_wconf 80' lang='grc' dir='ltr'>καλούμενόν</span> <span class='ocrx_word' id='word_1_519' title='bbox 3427 4155 3544 4203; x_wconf 77' lang='grc' dir='ltr'>ἐστι</span> <span class='ocrx_word' id='word_1_520' title='bbox 3587 4152 3873 4221; x_wconf 67' lang='grc' dir='ltr'>τυραννίςο</span> 
     </span>
    </p>
   </div>
   <div class='ocr_carea' id='block_1_83' title="bbox 2307 4244 3892 4320">
    <p class='ocr_par' dir='ltr' id='par_1_83' title="bbox 2307 4244 3892 4320">
     <span class='ocr_line' id='line_1_83' title="bbox 2307 4244 3892 4320; baseline -0.009 -14"><span class='ocrx_word' id='word_1_521' title='bbox 2307 4252 2511 4320; x_wconf 82' lang='grc' dir='ltr'>κατέϐη</span> <span class='ocrx_word' id='word_1_522' title='bbox 2542 4252 2599 4303; x_wconf 78' lang='grc' dir='ltr'>δὲ</span> <span class='ocrx_word' id='word_1_523' title='bbox 2633 4250 2810 4313; x_wconf 73' lang='grc' dir='ltr'>οὐδεὶς</span> <span class='ocrx_word' id='word_1_524' title='bbox 2856 4250 3051 4311; x_wconf 83' lang='grc' dir='ltr'>πάλιν,</span> <span class='ocrx_word' id='word_1_525' title='bbox 3081 4247 3217 4299; x_wconf 76' lang='grc' dir='ltr'>ἀλλὰ</span> <span class='ocrx_word' id='word_1_526' title='bbox 3246 4245 3693 4299; x_wconf 82' lang='grc' dir='ltr'>καταπίπτουσιν</span> <span class='ocrx_word' id='word_1_527' title='bbox 3719 4244 3892 4296; x_wconf 73' lang='grc' dir='ltr'>ᾶπαν-</span> 
     </span>
    </p>
   </div>
   <div class='ocr_carea' id='block_1_84' title="bbox 2306 4329 3893 4411">
    <p class='ocr_par' dir='ltr' id='par_1_84' title="bbox 2306 4329 3893 4411">
     <span class='ocr_line' id='line_1_84' title="bbox 2306 4329 3893 4411; baseline -0.007 -15"><span class='ocrx_word' id='word_1_528' title='bbox 2306 4361 2418 4406; x_wconf 87' lang='grc' dir='ltr'>τες.</span> <span class='ocrx_word' id='word_1_529' title='bbox 2454 4345 2516 4395; x_wconf 83' lang='grc' dir='ltr'><strong>Εἰ</strong></span> <span class='ocrx_word' id='word_1_530' title='bbox 2538 4342 2595 4395; x_wconf 82' lang='grc' dir='ltr'>δὲ</span> <span class='ocrx_word' id='word_1_531' title='bbox 2617 4342 2775 4394; x_wconf 84' lang='grc' dir='ltr'>τοῦτο</span> <span class='ocrx_word' id='word_1_532' title='bbox 2793 4383 2808 4407; x_wconf 91' lang='grc'><strong>,</strong></span> <span class='ocrx_word' id='word_1_533' title='bbox 2836 4341 2890 4393; x_wconf 89' lang='grc' dir='ltr'><strong>τί</strong></span> <span class='ocrx_word' id='word_1_534' title='bbox 2916 4341 3148 4411; x_wconf 81' lang='grc' dir='ltr'>γαυριᾷς</span> <span class='ocrx_word' id='word_1_535' title='bbox 3176 4340 3269 4391; x_wconf 70' lang='grc' dir='ltr'><strong>καὶ</strong></span> <span class='ocrx_word' id='word_1_536' title='bbox 3295 4338 3524 4408; x_wconf 74' lang='grc' dir='ltr'>σκιρτᾷς</span> <span class='ocrx_word' id='word_1_537' title='bbox 3552 4337 3749 4398; x_wconf 78' lang='grc' dir='ltr'>αὐτὸς,</span> <span class='ocrx_word' id='word_1_538' title='bbox 3782 4329 3893 4386; x_wconf 76' lang='grc' dir='ltr'>οὐδ’</span> 
     </span>
    </p>
   </div>
   <div class='ocr_carea' id='block_1_85' title="bbox 2311 4423 3892 4496">
    <p class='ocr_par' dir='ltr' id='par_1_85' title="bbox 2311 4423 3892 4496">
     <span class='ocr_line' id='line_1_85' title="bbox 2311 4423 3892 4496; baseline -0.009 -10"><span class='ocrx_word' id='word_1_539' title='bbox 2311 4433 2405 4486; x_wconf 75' lang='grc' dir='ltr'><strong>ἐπὶ</strong></span> <span class='ocrx_word' id='word_1_540' title='bbox 2455 4435 2565 4496; x_wconf 85' lang='grc' dir='ltr'>τοῖς</span> <span class='ocrx_word' id='word_1_541' title='bbox 2615 4432 2805 4485; x_wconf 87' lang='grc' dir='ltr'>τούτου</span> <span class='ocrx_word' id='word_1_542' title='bbox 2854 4429 3088 4491; x_wconf 80' lang='grc' dir='ltr'>κλάδοις,</span> <span class='ocrx_word' id='word_1_543' title='bbox 3133 4427 3434 4481; x_wconf 69' lang='grc' dir='ltr'>καὶταῦτα</span> <span class='ocrx_word' id='word_1_544' title='bbox 3476 4425 3650 4495; x_wconf 80' lang='grc' dir='ltr'>βαρὺς</span> <span class='ocrx_word' id='word_1_545' title='bbox 3694 4423 3765 4476; x_wconf 75' lang='grc' dir='ltr'><strong>ὢν</strong></span> <span class='ocrx_word' id='word_1_546' title='bbox 3799 4423 3892 4475; x_wconf 73' lang='grc' dir='ltr'>καὶ</span> 
     </span>
    </p>
   </div>
   <div class='ocr_carea' id='block_1_86' title="bbox 640 4513 2204 4608">
    <p class='ocr_par' dir='ltr' id='par_1_86' title="bbox 640 4518 2204 4608">
     <span class='ocr_line' id='line_1_86' title="bbox 640 4518 2204 4608; baseline -0.008 -12"><span class='ocrx_word' id='word_1_547' title='bbox 640 4536 1029 4602; x_wconf 87' lang='lat' dir='ltr'><strong>conscendisti,</strong></span> <span class='ocrx_word' id='word_1_548' title='bbox 1052 4524 1146 4592; x_wconf 82' lang='lat' dir='ltr'><strong>sed</strong></span> <span class='ocrx_word' id='word_1_549' title='bbox 1175 4518 1496 4608; x_wconf 85' lang='lat' dir='ltr'><strong>insipienter</strong></span> <span class='ocrx_word' id='word_1_550' title='bbox 1530 4535 1585 4589; x_wconf 94' lang='lat' dir='ltr'><strong>in</strong></span> <span class='ocrx_word' id='word_1_551' title='bbox 1618 4535 1750 4604; x_wconf 87' lang='lat' dir='ltr'><strong>ipsis</strong></span> <span class='ocrx_word' id='word_1_552' title='bbox 1779 4533 2043 4595; x_wconf 80' lang='lat' dir='ltr'><strong>caulium,</strong></span> <span class='ocrx_word' id='word_1_553' title='bbox 2068 4531 2204 4586; x_wconf 78' lang='lat' dir='ltr'><strong>foliis</strong></span> 
     </span>
    </p>
   </div>
   <div class='ocr_carea' id='block_1_87' title="bbox 2309 4513 3895 4608">
    <p class='ocr_par' dir='ltr' id='par_1_87' title="bbox 2314 4513 3895 4593">
     <span class='ocr_line' id='line_1_87' title="bbox 2314 4513 3895 4593; baseline -0.007 -18"><span class='ocrx_word' id='word_1_554' title='bbox 2314 4524 2446 4576; x_wconf 81' lang='grc' dir='ltr'>σοϐα</span> <span class='ocrx_word' id='word_1_555' title='bbox 2458 4524 2546 4593; x_wconf 72' lang='grc' dir='ltr'><strong>ρος</strong></span> <span class='ocrx_word' id='word_1_556' title='bbox 2575 4525 2669 4577; x_wconf 72' lang='grc' dir='ltr'><strong>καὶ</strong></span> <span class='ocrx_word' id='word_1_557' title='bbox 2700 4522 3044 4593; x_wconf 80' lang='grc' dir='ltr'>φλεγμαίνων</span> <span class='ocrx_word' id='word_1_558' title='bbox 3065 4563 3080 4587; x_wconf 91' lang='grc'><strong>,</strong></span> <span class='ocrx_word' id='word_1_559' title='bbox 3112 4520 3227 4573; x_wconf 77' lang='grc' dir='ltr'>ἀλλ’</span> <span class='ocrx_word' id='word_1_560' title='bbox 3254 4518 3347 4570; x_wconf 71' lang='grc' dir='ltr'><strong>ἐπὶ</strong></span> <span class='ocrx_word' id='word_1_561' title='bbox 3373 4520 3487 4582; x_wconf 83' lang='grc' dir='ltr'>τοῖς</span> <span class='ocrx_word' id='word_1_562' title='bbox 3515 4516 3627 4569; x_wconf 80' lang='grc' dir='ltr'><strong>τῶν</strong></span> <span class='ocrx_word' id='word_1_563' title='bbox 3682 4513 3895 4584; x_wconf 74' lang='grc' dir='ltr'>φύλλων</span> 
     </span>
    </p>
   </div>
   <div class='ocr_carea' id='block_1_88' title="bbox 637 4627 907 4687">
    <p class='ocr_par' dir='ltr' id='par_1_88' title="bbox 637 4627 907 4687">
     <span class='ocr_line' id='line_1_88' title="bbox 637 4627 907 4687; baseline -0.026 0"><span class='ocrx_word' id='word_1_564' title='bbox 637 4627 907 4687; x_wconf 86' lang='lat' dir='ltr'><strong>cveheris.</strong></span> 
     </span>
    </p>
   </div>
   <div class='ocr_carea' id='block_1_89' title="bbox 1198 4730 1622 4787">
    <p class='ocr_par' dir='ltr' id='par_1_89' title="bbox 1198 4730 1622 4787">
     <span class='ocr_line' id='line_1_89' title="bbox 1198 4730 1622 4787; baseline -0.009 0"><span class='ocrx_word' id='word_1_565' title='bbox 1198 4732 1417 4787; x_wconf 82' lang='lat' dir='ltr'><strong>EPIST.</strong></span> <span class='ocrx_word' id='word_1_566' title='bbox 1457 4730 1622 4786; x_wconf 78' lang='lat' dir='ltr'><strong>XXV.</strong></span> 
     </span>
    </p>
   </div>
   <div class='ocr_carea' id='block_1_90' title="bbox 1207 4825 1631 4890">
    <p class='ocr_par' dir='ltr' id='par_1_90' title="bbox 1207 4825 1631 4890">
     <span class='ocr_line' id='line_1_90' title="bbox 1207 4825 1631 4890; baseline 0.002 -10"><span class='ocrx_word' id='word_1_567' title='bbox 1207 4825 1424 4880; x_wconf 77' lang='lat' dir='ltr'><strong>Tarasio</strong></span> <span class='ocrx_word' id='word_1_568' title='bbox 1452 4826 1631 4890; x_wconf 78' lang='lat' dir='ltr'><strong>fratri.</strong></span> 
     </span>
    </p>
   </div>
   <div class='ocr_carea' id='block_1_91' title="bbox 2240 4612 3392 4712">
    <p class='ocr_par' dir='ltr' id='par_1_91' title="bbox 2240 4612 3392 4712">
     <span class='ocr_line' id='line_1_91' title="bbox 2240 4612 3392 4712; baseline -0.003 -45"><span class='ocrx_word' id='word_1_569' title='bbox 2240 4653 2292 4712; x_wconf 70' lang='grc' dir='ltr'><strong><em>Β</em></strong></span> <span class='ocrx_word' id='word_1_570' title='bbox 2319 4614 2484 4668; x_wconf 79' lang='grc' dir='ltr'>αὑτοῦ</span> <span class='ocrx_word' id='word_1_571' title='bbox 2515 4614 2766 4678; x_wconf 73' lang='grc' dir='ltr'>πετάλοις</span> <span class='ocrx_word' id='word_1_572' title='bbox 2798 4614 3039 4684; x_wconf 84' lang='grc' dir='ltr'>ἀνοήτως</span> <span class='ocrx_word' id='word_1_573' title='bbox 3064 4612 3392 4682; x_wconf 81' lang='grc' dir='ltr'>ὀχούμενο;;</span> 
     </span>
    </p>
   </div>
   <div class='ocr_carea' id='block_1_92' title="bbox 2898 4725 3286 4781">
    <p class='ocr_par' dir='ltr' id='par_1_92' title="bbox 2898 4725 3286 4781">
     <span class='ocr_line' id='line_1_92' title="bbox 2898 4725 3286 4781; baseline -0.005 -2"><span class='ocrx_word' id='word_1_574' title='bbox 2898 4727 3121 4781; x_wconf 79' lang='grc' dir='ltr'><strong>ΕΠΙΣΤ.</strong></span> <span class='ocrx_word' id='word_1_575' title='bbox 3157 4725 3286 4778; x_wconf 78' lang='lat' dir='ltr'><strong>KE&#39;.</strong></span> 
     </span>
    </p>
   </div>
   <div class='ocr_carea' id='block_1_93' title="bbox 2825 4814 3382 4887">
    <p class='ocr_par' dir='ltr' id='par_1_93' title="bbox 2825 4814 3382 4887">
     <span class='ocr_line' id='line_1_93' title="bbox 2825 4814 3382 4887; baseline -0.009 -15"><span class='ocrx_word' id='word_1_576' title='bbox 2825 4818 3089 4887; x_wconf 76' lang='grc' dir='ltr'>Ταρασίῳ</span> <span class='ocrx_word' id='word_1_577' title='bbox 3121 4814 3382 4885; x_wconf 64' lang='grc' dir='ltr'>ἀδελφῷ.</span> 
     </span>
    </p>
   </div>
   <div class='ocr_carea' id='block_1_94' title="bbox 1879 4915 2655 4981">
    <p class='ocr_par' dir='ltr' id='par_1_94' title="bbox 1879 4915 2655 4981">
     <span class='ocr_line' id='line_1_94' title="bbox 1879 4915 2655 4981; baseline 0.005 -15"><span class='ocrx_word' id='word_1_578' title='bbox 1879 4917 2144 4966; x_wconf 78' lang='lat' dir='ltr'><strong>Montacut.</strong></span> <span class='ocrx_word' id='word_1_579' title='bbox 2183 4915 2285 4978; x_wconf 88' lang='lat' dir='ltr'><strong>(ep.</strong></span> <span class='ocrx_word' id='word_1_580' title='bbox 2323 4919 2400 4975; x_wconf 82' lang='lat'><strong>78,</strong></span> <span class='ocrx_word' id='word_1_581' title='bbox 2436 4932 2483 4981; x_wconf 88' lang='lat' dir='ltr'><strong>p.</strong></span> <span class='ocrx_word' id='word_1_582' title='bbox 2523 4920 2655 4979; x_wconf 73' lang='grc'>126).</span> 
     </span>
    </p>
   </div>
   <div class='ocr_carea' id='block_1_95' title="bbox 712 5004 2208 5081">
    <p class='ocr_par' dir='ltr' id='par_1_95' title="bbox 712 5004 2208 5081">
     <span class='ocr_line' id='line_1_95' title="bbox 712 5004 2208 5081; baseline -0.01 -11"><span class='ocrx_word' id='word_1_583' title='bbox 712 5016 789 5071; x_wconf 81' lang='lat' dir='ltr'><strong>Ad</strong></span> <span class='ocrx_word' id='word_1_584' title='bbox 824 5027 1034 5070; x_wconf 89' lang='lat' dir='ltr'><strong>summa</strong></span> <span class='ocrx_word' id='word_1_585' title='bbox 1066 5008 1380 5081; x_wconf 81' lang='lat' dir='ltr'><strong>perducitur</strong></span> <span class='ocrx_word' id='word_1_586' title='bbox 1408 5009 1611 5081; x_wconf 88' lang='lat' dir='ltr'><strong>passio,</strong></span> <span class='ocrx_word' id='word_1_587' title='bbox 1657 5017 1713 5061; x_wconf 85' lang='lat' dir='ltr'><strong>et</strong></span> <span class='ocrx_word' id='word_1_588' title='bbox 1739 5004 2040 5059; x_wconf 88' lang='lat' dir='ltr'><strong>intenditur</strong></span> <span class='ocrx_word' id='word_1_589' title='bbox 2093 5020 2208 5056; x_wconf 76' lang='lat' dir='ltr'><strong>ma-</strong></span> 
     </span>
    </p>
   </div>
   <div class='ocr_carea' id='block_1_96' title="bbox 640 5098 2209 5176">
    <p class='ocr_par' dir='ltr' id='par_1_96' title="bbox 640 5098 2209 5176">
     <span class='ocr_line' id='line_1_96' title="bbox 640 5098 2209 5176; baseline -0.01 -11"><span class='ocrx_word' id='word_1_590' title='bbox 640 5111 773 5165; x_wconf 89' lang='lat' dir='ltr'><strong>lum.</strong></span> <span class='ocrx_word' id='word_1_591' title='bbox 805 5108 881 5162; x_wconf 79' lang='lat' dir='ltr'><strong>Ac</strong></span> <span class='ocrx_word' id='word_1_592' title='bbox 913 5113 1111 5176; x_wconf 60' lang='lat' dir='ltr'><strong>praeter</strong></span> <span class='ocrx_word' id='word_1_593' title='bbox 1141 5106 1308 5159; x_wconf 89' lang='lat' dir='ltr'><strong>Deum</strong></span> <span class='ocrx_word' id='word_1_594' title='bbox 1357 5112 1411 5159; x_wconf 90' lang='lat' dir='ltr'><strong>et</strong></span> <span class='ocrx_word' id='word_1_595' title='bbox 1432 5119 1461 5157; x_wconf 90' lang='lat' dir='ltr'><strong>a</strong></span> <span class='ocrx_word' id='word_1_596' title='bbox 1496 5103 1606 5156; x_wconf 84' lang='lat' dir='ltr'><strong>Deo</strong></span> <span class='ocrx_word' id='word_1_597' title='bbox 1635 5116 1809 5170; x_wconf 86' lang='lat' dir='ltr'><strong>spem,</strong></span> <span class='ocrx_word' id='word_1_598' title='bbox 1847 5098 1989 5152; x_wconf 87' lang='lat' dir='ltr'><strong>nulla</strong></span> <span class='ocrx_word' id='word_1_599' title='bbox 2018 5113 2209 5166; x_wconf 83' lang='lat' dir='ltr'><strong>snper-</strong></span> 
     </span>
    </p>
   </div>
   <div class='ocr_carea' id='block_1_97' title="bbox 641 5188 2209 5261">
    <p class='ocr_par' dir='ltr' id='par_1_97' title="bbox 641 5188 2209 5261">
     <span class='ocr_line' id='line_1_97' title="bbox 641 5188 2209 5261; baseline -0.01 -5"><span class='ocrx_word' id='word_1_600' title='bbox 641 5210 727 5256; x_wconf 82' lang='lat' dir='ltr'><strong>est</strong></span> <span class='ocrx_word' id='word_1_601' title='bbox 770 5197 1097 5261; x_wconf 71' lang='lat' dir='ltr'><strong>consolatio;</strong></span> <span class='ocrx_word' id='word_1_602' title='bbox 1159 5195 1389 5257; x_wconf 69' lang='lat' dir='ltr'><strong>insidi-.11,</strong></span> <span class='ocrx_word' id='word_1_603' title='bbox 1439 5192 1621 5255; x_wconf 63' lang='lat' dir='ltr'><strong>mina},</strong></span> <span class='ocrx_word' id='word_1_604' title='bbox 1671 5201 1927 5251; x_wconf 89' lang='lat' dir='ltr'><strong>terrores,</strong></span> <span class='ocrx_word' id='word_1_605' title='bbox 1983 5188 2072 5256; x_wconf 87' lang='lat' dir='ltr'><strong>qui</strong></span> <span class='ocrx_word' id='word_1_606' title='bbox 2114 5204 2209 5241; x_wconf 79' lang='lat' dir='ltr'><strong>ex-</strong></span> 
     </span>
    </p>
   </div>
   <div class='ocr_carea' id='block_1_98' title="bbox 643 5280 2202 5360">
    <p class='ocr_par' dir='ltr' id='par_1_98' title="bbox 643 5280 2202 5360">
     <span class='ocr_line' id='line_1_98' title="bbox 643 5280 2202 5360; baseline -0.006 -18"><span class='ocrx_word' id='word_1_607' title='bbox 643 5286 971 5360; x_wconf 81' lang='lat' dir='ltr'><strong>perientiam</strong></span> <span class='ocrx_word' id='word_1_608' title='bbox 997 5286 1248 5340; x_wconf 79' lang='lat' dir='ltr'><strong>fecerunt</strong></span> <span class='ocrx_word' id='word_1_609' title='bbox 1264 5284 1586 5345; x_wconf 81' lang='lat' dir='ltr'><strong>faciliorem,</strong></span> <span class='ocrx_word' id='word_1_610' title='bbox 1626 5280 1866 5349; x_wconf 85' lang='lat' dir='ltr'><strong>undique</strong></span> <span class='ocrx_word' id='word_1_611' title='bbox 1916 5290 2202 5350; x_wconf 86' lang='lat' dir='ltr'><strong>apparent.</strong></span> 
     </span>
    </p>
   </div>
   <div class='ocr_carea' id='block_1_99' title="bbox 642 5376 2206 5450">
    <p class='ocr_par' dir='ltr' id='par_1_99' title="bbox 642 5376 2206 5450">
     <span class='ocr_line' id='line_1_99' title="bbox 642 5376 2206 5450; baseline -0.006 -14"><span class='ocrx_word' id='word_1_612' title='bbox 642 5381 775 5450; x_wconf 84' lang='lat' dir='ltr'><strong>Quis</strong></span> <span class='ocrx_word' id='word_1_613' title='bbox 798 5380 916 5433; x_wconf 69' lang='lat' dir='ltr'><strong>haec</strong></span> <span class='ocrx_word' id='word_1_614' title='bbox 942 5378 1133 5433; x_wconf 86' lang='lat' dir='ltr'><strong>sistet?</strong></span> <span class='ocrx_word' id='word_1_615' title='bbox 1162 5376 1433 5432; x_wconf 87' lang='lat' dir='ltr'><strong>Fortassis</strong></span> <span class='ocrx_word' id='word_1_616' title='bbox 1453 5376 1541 5430; x_wconf 89' lang='lat' dir='ltr'><strong>illa</strong></span> <span class='ocrx_word' id='word_1_617' title='bbox 1569 5376 1682 5444; x_wconf 89' lang='lat' dir='ltr'><strong>ipsa</strong></span> <span class='ocrx_word' id='word_1_618' title='bbox 1712 5390 1871 5445; x_wconf 87' lang='lat' dir='ltr'><strong>quam</strong></span> <span class='ocrx_word' id='word_1_619' title='bbox 1894 5383 2081 5428; x_wconf 90' lang='lat' dir='ltr'><strong>contra</strong></span> <span class='ocrx_word' id='word_1_620' title='bbox 2108 5390 2206 5427; x_wconf 92' lang='lat' dir='ltr'><strong>nos</strong></span> 
     </span>
    </p>
   </div>
   <div class='ocr_carea' id='block_1_100' title="bbox 639 5466 2211 5547">
    <p class='ocr_par' dir='ltr' id='par_1_100' title="bbox 639 5466 2211 5547">
     <span class='ocr_line' id='line_1_100' title="bbox 639 5466 2211 5547; baseline -0.009 -18"><span class='ocrx_word' id='word_1_621' title='bbox 639 5473 955 5547; x_wconf 85' lang='lat' dir='ltr'><strong>parturiunt</strong></span> <span class='ocrx_word' id='word_1_622' title='bbox 993 5486 1158 5539; x_wconf 88' lang='lat' dir='ltr'><strong>mors,</strong></span> <span class='ocrx_word' id='word_1_623' title='bbox 1196 5470 1282 5524; x_wconf 91' lang='lat' dir='ltr'><strong>vel</strong></span> <span class='ocrx_word' id='word_1_624' title='bbox 1305 5470 1423 5523; x_wconf 91' lang='lat' dir='ltr'><strong>illos</strong></span> <span class='ocrx_word' id='word_1_625' title='bbox 1446 5466 1676 5538; x_wconf 87' lang='lat' dir='ltr'><strong>privabit</strong></span> <span class='ocrx_word' id='word_1_626' title='bbox 1708 5473 1975 5535; x_wconf 86' lang='lat' dir='ltr'><strong>potestate</strong></span> <span class='ocrx_word' id='word_1_627' title='bbox 1997 5474 2052 5517; x_wconf 81' lang='lat' dir='ltr'><strong>et</strong></span> <span class='ocrx_word' id='word_1_628' title='bbox 2081 5480 2211 5535; x_wconf 87' lang='lat' dir='ltr'><strong>sup-</strong></span> 
     </span>
    </p>
   </div>
   <div class='ocr_carea' id='block_1_101' title="bbox 640 5558 2206 5637">
    <p class='ocr_par' dir='ltr' id='par_1_101' title="bbox 640 5558 2206 5637">
     <span class='ocr_line' id='line_1_101' title="bbox 640 5558 2206 5637; baseline -0.006 -18"><span class='ocrx_word' id='word_1_629' title='bbox 640 5566 798 5637; x_wconf 80' lang='lat' dir='ltr'><strong>plicia</strong></span> <span class='ocrx_word' id='word_1_630' title='bbox 840 5563 1141 5635; x_wconf 78' lang='lat' dir='ltr'><strong>ingerendi,</strong></span> <span class='ocrx_word' id='word_1_631' title='bbox 1179 5563 1262 5617; x_wconf 87' lang='lat' dir='ltr'><strong>vel</strong></span> <span class='ocrx_word' id='word_1_632' title='bbox 1295 5577 1395 5615; x_wconf 88' lang='lat' dir='ltr'><strong>nos</strong></span> <span class='ocrx_word' id='word_1_633' title='bbox 1448 5560 1740 5614; x_wconf 79' lang='lat' dir='ltr'><strong>liberatum</strong></span> <span class='ocrx_word' id='word_1_634' title='bbox 1769 5566 1854 5613; x_wconf 87' lang='lat' dir='ltr'><strong>est</strong></span> <span class='ocrx_word' id='word_1_635' title='bbox 1909 5574 1940 5611; x_wconf 85' lang='lat' dir='ltr'><strong>a</strong></span> <span class='ocrx_word' id='word_1_636' title='bbox 1983 5558 2206 5611; x_wconf 78' lang='lat' dir='ltr'><strong>tribula-</strong></span> 
     </span>
    </p>
   </div>
   <div class='ocr_carea' id='block_1_102' title="bbox 643 5658 900 5712">
    <p class='ocr_par' dir='ltr' id='par_1_102' title="bbox 643 5658 900 5712">
     <span class='ocr_line' id='line_1_102' title="bbox 643 5658 900 5712; baseline -0.012 0"><span class='ocrx_word' id='word_1_637' title='bbox 643 5658 900 5712; x_wconf 85' lang='lat' dir='ltr'><strong>tionibus.</strong></span> 
     </span>
    </p>
   </div>
   <div class='ocr_carea' id='block_1_103' title="bbox 716 5810 1192 5874">
    <p class='ocr_par' dir='ltr' id='par_1_103' title="bbox 716 5810 1192 5874">
     <span class='ocr_line' id='line_1_103' title="bbox 716 5810 1192 5874; baseline -0.015 -8"><span class='ocrx_word' id='word_1_638' title='bbox 716 5813 760 5843; x_wconf 77' lang='grc'><strong>⁸⁸</strong></span> <span class='ocrx_word' id='word_1_639' title='bbox 794 5810 981 5866; x_wconf 77' lang='lat' dir='ltr'><strong>Mattn.</strong></span> <span class='ocrx_word' id='word_1_640' title='bbox 1015 5826 1111 5874; x_wconf 80' lang='lat' dir='ltr'><strong>vtt,</strong></span> <span class='ocrx_word' id='word_1_641' title='bbox 1139 5810 1192 5860; x_wconf 69' lang='lat'><strong>2.</strong></span> 
     </span>
    </p>
   </div>
   <div class='ocr_carea' id='block_1_104' title="bbox 2397 4994 3897 5075">
    <p class='ocr_par' dir='ltr' id='par_1_104' title="bbox 2397 4994 3897 5075">
     <span class='ocr_line' id='line_1_104' title="bbox 2397 4994 3897 5075; baseline -0.011 -15"><span class='ocrx_word' id='word_1_642' title='bbox 2397 5008 2659 5075; x_wconf 78' lang='grc' dir='ltr'>’Λκμάζει</span> <span class='ocrx_word' id='word_1_643' title='bbox 2686 5005 2747 5058; x_wconf 84' lang='grc' dir='ltr'>τὸ</span> <span class='ocrx_word' id='word_1_644' title='bbox 2768 5004 2961 5066; x_wconf 85' lang='grc' dir='ltr'>πάθος,</span> <span class='ocrx_word' id='word_1_645' title='bbox 2994 5002 3090 5055; x_wconf 79' lang='grc' dir='ltr'>καὶ</span> <span class='ocrx_word' id='word_1_646' title='bbox 3113 5000 3175 5052; x_wconf 71' lang='grc' dir='ltr'>τὺ</span> <span class='ocrx_word' id='word_1_647' title='bbox 3204 4998 3372 5052; x_wconf 74' lang='grc' dir='ltr'>κακὸν</span> <span class='ocrx_word' id='word_1_648' title='bbox 3396 4994 3734 5049; x_wconf 80' lang='grc' dir='ltr'>ἐπιτείνεται</span> <span class='ocrx_word' id='word_1_649' title='bbox 3754 5012 3769 5023; x_wconf 87' lang='grc'><strong>·</strong></span> <span class='ocrx_word' id='word_1_650' title='bbox 3803 4995 3897 5047; x_wconf 67' lang='grc' dir='ltr'>καὶ</span> 
     </span>
    </p>
   </div>
   <div class='ocr_carea' id='block_1_105' title="bbox 2312 5087 3896 5169">
    <p class='ocr_par' dir='ltr' id='par_1_105' title="bbox 2312 5087 3896 5169">
     <span class='ocr_line' id='line_1_105' title="bbox 2312 5087 3896 5169; baseline -0.01 -18"><span class='ocrx_word' id='word_1_651' title='bbox 2312 5099 2454 5169; x_wconf 84' lang='grc' dir='ltr'>πλὴν</span> <span class='ocrx_word' id='word_1_652' title='bbox 2505 5097 2642 5150; x_wconf 75' lang='grc' dir='ltr'>Θεοῦ</span> <span class='ocrx_word' id='word_1_653' title='bbox 2686 5096 2783 5149; x_wconf 74' lang='grc' dir='ltr'>καὶ</span> <span class='ocrx_word' id='word_1_654' title='bbox 2829 5095 2936 5147; x_wconf 81' lang='grc' dir='ltr'><strong>τῶν</strong></span> <span class='ocrx_word' id='word_1_655' title='bbox 2984 5094 3191 5146; x_wconf 73' lang='grc' dir='ltr'>ἐκεῖθεν</span> <span class='ocrx_word' id='word_1_656' title='bbox 3225 5090 3489 5155; x_wconf 71' lang='grc' dir='ltr'>ἐλπίδων,</span> <span class='ocrx_word' id='word_1_657' title='bbox 3542 5087 3896 5157; x_wconf 83' lang='grc' dir='ltr'>παραμύθιον</span> 
     </span>
    </p>
   </div>
   <div class='ocr_carea' id='block_1_106' title="bbox 2313 5179 3896 5251">
    <p class='ocr_par' dir='ltr' id='par_1_106' title="bbox 2313 5179 3896 5251">
     <span class='ocr_line' id='line_1_106' title="bbox 2313 5179 3896 5251; baseline -0.013 -5"><span class='ocrx_word' id='word_1_658' title='bbox 2313 5192 2501 5246; x_wconf 71' lang='grc' dir='ltr'>οὐδέν*</span> <span class='ocrx_word' id='word_1_659' title='bbox 2544 5189 2829 5243; x_wconf 71' lang='grc' dir='ltr'>ἐπιϐουλαὶ</span> <span class='ocrx_word' id='word_1_660' title='bbox 2882 5189 2960 5251; x_wconf 82' lang='grc' dir='ltr'><strong>δὲ,</strong></span> <span class='ocrx_word' id='word_1_661' title='bbox 3000 5188 3095 5238; x_wconf 71' lang='grc' dir='ltr'>καὶ</span> <span class='ocrx_word' id='word_1_662' title='bbox 3132 5184 3376 5243; x_wconf 67' lang='grc' dir='ltr'>ἀπειλαὶ,</span> <span class='ocrx_word' id='word_1_663' title='bbox 3427 5179 3527 5232; x_wconf 70' lang='grc' dir='ltr'>καὶ</span> <span class='ocrx_word' id='word_1_664' title='bbox 3564 5180 3748 5247; x_wconf 68' lang='grc' dir='ltr'>φόϐοι,</span> <span class='ocrx_word' id='word_1_665' title='bbox 3792 5179 3896 5230; x_wconf 74' lang='grc' dir='ltr'>τῶν</span> 
     </span>
    </p>
   </div>
   <div class='ocr_carea' id='block_1_107' title="bbox 2313 5273 3895 5357">
    <p class='ocr_par' dir='ltr' id='par_1_107' title="bbox 2313 5273 3895 5357">
     <span class='ocr_line' id='line_1_107' title="bbox 2313 5273 3895 5357; baseline -0.011 -18"><span class='ocrx_word' id='word_1_666' title='bbox 2313 5284 2694 5357; x_wconf 78' lang='grc' dir='ltr'>προλαϐόντων</span> <span class='ocrx_word' id='word_1_667' title='bbox 2732 5282 2833 5353; x_wconf 85' lang='grc' dir='ltr'>τὴν</span> <span class='ocrx_word' id='word_1_668' title='bbox 2866 5282 3062 5349; x_wconf 86' lang='grc' dir='ltr'>πεῖραν</span> <span class='ocrx_word' id='word_1_669' title='bbox 3094 5276 3428 5345; x_wconf 77' lang='grc' dir='ltr'>κουφοτέραν</span> <span class='ocrx_word' id='word_1_670' title='bbox 3492 5273 3862 5340; x_wconf 79' lang='grc' dir='ltr'>ἀποφαίνουσι</span> <span class='ocrx_word' id='word_1_671' title='bbox 3883 5284 3895 5297; x_wconf 86' lang='grc'><em>’</em></span> 
     </span>
    </p>
   </div>
   <div class='ocr_carea' id='block_1_108' title="bbox 2316 5361 3898 5447">
    <p class='ocr_par' dir='ltr' id='par_1_108' title="bbox 2316 5361 3898 5447">
     <span class='ocr_line' id='line_1_108' title="bbox 2316 5361 3898 5447; baseline -0.013 -16"><span class='ocrx_word' id='word_1_672' title='bbox 2316 5379 2399 5441; x_wconf 82' lang='grc' dir='ltr'><strong>τίς</strong></span> <span class='ocrx_word' id='word_1_673' title='bbox 2450 5378 2639 5447; x_wconf 88' lang='grc' dir='ltr'>στήσει</span> <span class='ocrx_word' id='word_1_674' title='bbox 2673 5374 2885 5437; x_wconf 72' lang='grc' dir='ltr'>ταύτας</span> <span class='ocrx_word' id='word_1_675' title='bbox 2938 5372 3051 5425; x_wconf 83' lang='grc' dir='ltr'>ἀλλ’</span> <span class='ocrx_word' id='word_1_676' title='bbox 3102 5371 3251 5433; x_wconf 79' lang='grc' dir='ltr'>ἴσως,</span> <span class='ocrx_word' id='word_1_677' title='bbox 3283 5366 3340 5420; x_wconf 82' lang='grc' dir='ltr'><strong>ὃν</strong></span> <span class='ocrx_word' id='word_1_678' title='bbox 3384 5365 3537 5418; x_wconf 73' lang='grc' dir='ltr'>αὐτοὶ</span> <span class='ocrx_word' id='word_1_679' title='bbox 3584 5361 3711 5415; x_wconf 78' lang='grc' dir='ltr'>καθ’</span> <span class='ocrx_word' id='word_1_680' title='bbox 3742 5361 3898 5433; x_wconf 71' lang='grc' dir='ltr'>ἡμῶν</span> 
     </span>
    </p>
   </div>
   <div class='ocr_carea' id='block_1_109' title="bbox 2315 5448 3901 5533">
    <p class='ocr_par' dir='ltr' id='par_1_109' title="bbox 2315 5448 3901 5533">
     <span class='ocr_line' id='line_1_109' title="bbox 2315 5448 3901 5533; baseline -0.014 -12"><span class='ocrx_word' id='word_1_681' title='bbox 2315 5469 2563 5521; x_wconf 85' lang='grc' dir='ltr'>ὠδίνουσι</span> <span class='ocrx_word' id='word_1_682' title='bbox 2596 5466 2848 5528; x_wconf 87' lang='grc' dir='ltr'>θάνατον,</span> <span class='ocrx_word' id='word_1_683' title='bbox 2881 5463 2915 5533; x_wconf 83' lang='grc' dir='ltr'>ἢ</span> <span class='ocrx_word' id='word_1_684' title='bbox 2939 5461 3033 5513; x_wconf 81' lang='grc' dir='ltr'>τοῦ</span> <span class='ocrx_word' id='word_1_685' title='bbox 3060 5459 3322 5530; x_wconf 84' lang='grc' dir='ltr'>τιμωρεῖν</span> <span class='ocrx_word' id='word_1_686' title='bbox 3353 5454 3446 5508; x_wconf 70' lang='grc' dir='ltr'><strong>καὶ</strong></span> <span class='ocrx_word' id='word_1_687' title='bbox 3470 5451 3731 5518; x_wconf 79' lang='grc' dir='ltr'>κολάζειν</span> <span class='ocrx_word' id='word_1_688' title='bbox 3760 5448 3901 5504; x_wconf 76' lang='grc' dir='ltr'>ὲκεί-</span> 
     </span>
    </p>
   </div>
   <div class='ocr_carea' id='block_1_110' title="bbox 2321 5549 3397 5629">
    <p class='ocr_par' dir='ltr' id='par_1_110' title="bbox 2321 5549 3397 5629">
     <span class='ocr_line' id='line_1_110' title="bbox 2321 5549 3397 5629; baseline -0.011 -15"><span class='ocrx_word' id='word_1_689' title='bbox 2321 5578 2464 5626; x_wconf 82' lang='grc' dir='ltr'>νους,</span> <span class='ocrx_word' id='word_1_690' title='bbox 2500 5561 2533 5629; x_wconf 86' lang='grc' dir='ltr'>ἣ</span> <span class='ocrx_word' id='word_1_691' title='bbox 2567 5559 2714 5628; x_wconf 85' lang='grc' dir='ltr'>ἡμᾶς</span> <span class='ocrx_word' id='word_1_692' title='bbox 2747 5557 2975 5624; x_wconf 82' lang='grc' dir='ltr'>ἀπάγων</span> <span class='ocrx_word' id='word_1_693' title='bbox 3010 5554 3117 5605; x_wconf 77' lang='grc' dir='ltr'>τῶν</span> <span class='ocrx_word' id='word_1_694' title='bbox 3144 5549 3397 5615; x_wconf 67' lang='grc' dir='ltr'>θλίψεων.</span> 
     </span>
    </p>
   </div>
  </div>
