4080 6410
215 377 322 441 915

809 495 1035 550 ΕΠΙΣΤ.
1074 496 1222 564 KG’.

703 586 948 659 Ἰωάννῃ
981 591 1316 660 σπαθαρίφ.

1371 387 1903 454 EPISTOLARUM
1944 391 2175 452 LIBER
2196 391 2287 453 III
2300 437 2313 451 .

1823 505 1876 566 Δ

3364 394 3471 459 946

2463 501 2678 560 EPIST.
2720 503 2910 560 XXVI.

2441 594 2635 652 Joanni
2662 598 2952 665 spathario.

1465 703 1734 754 Montacut.
1771 701 1875 767 (ep.
1913 705 1994 768 79,
2026 719 2077 770 p.
2113 705 2245 768 127).

283 801 402 855 οὐκ
430 801 710 870 ὲλυπησας
735 801 821 856 ὅτι
847 803 1170 876 ήπάτησας·
1204 805 1301 860 καὶ
1328 811 1522 877 συχνὸς
1547 807 1576 860 ό
1609 809 1799 879 χρόνος

214 892 279 960 ὲξ
310 887 374 948 οὗ
396 893 488 948 τὸν
525 893 650 962 ὅφιν
679 895 771 950 ὑπ’
820 895 1110 968 ἀνθρώπου
1150 901 1332 970 μορφῇ
1383 901 1634 971 κατεῖχες
1662 918 1800 972 κρυ·-

217 985 494 1054 πτόμενον
517 1003 531 1018 ο
555 985 672 1040 ἀλλ’
700 987 784 1042 ὅτι
813 990 984 1081 κακὸς
1013 989 1238 1060 ἐφάνης,
1267 991 1364 1045 καὶ
1391 991 1562 1062 φίλων
1584 993 1676 1064 exe
1687 993 1798 1064 ρὸς,

215 1080 433 1148 καιροῖς
484 1077 787 1144 δουλεύων,
822 1077 918 1136 καὶ
945 1083 1132 1154 ἀπάτῃ
1160 1083 1592 1156 ἐπερειδόμενος.
1635 1087 1696 1139 Εἰ
1742 1087 1800 1142 δέ

215 1185 280 1222 σε
309 1168 384 1240 μὴ
414 1170 584 1226 κακὸν
612 1173 644 1242 ή
687 1173 887 1243 πρᾶξις
923 1174 1158 1242 ἐδείκνυ,
1191 1178 1287 1230 καὶ
1323 1178 1404 1242 εἰς
1437 1179 1599 1249 ζῆλον
1643 1176 1792 1236 εἷλκε

213 1257 309 1310 τοῦ
354 1257 619 1326 προδότου
659 1260 722 1314 τὸ
750 1265 941 1327 κακοῖς
969 1263 1061 1318 τὸν
1102 1266 1400 1338 εὐεργέτην
1429 1269 1790 1340 ἀμείϐεσθαι,

215 1347 278 1401 εὖ
309 1347 440 1415 ῖσθι,
464 1349 541 1414 ὡς
583 1352 678 1406 καὶ
712 1351 991 1423 εὔφρανας
1024 1356 1091 1410 ἂν
1116 1358 1184 1412 ὲκ
1215 1359 1310 1412 τοῦ
1350 1361 1584 1432 πάσχειν
1617 1365 1788 1433 ἡμᾶς,

213 1434 299 1502 οἷς
331 1441 708 1514 καθαιρόμεθα
731 1484 748 1510 ,
783 1445 947 1510 αὑτός
989 1464 1043 1501 τι
1071 1447 1184 1502 τῶν
1216 1451 1438 1519 ἀγαθῶν
1475 1454 1789 1524 ἐκκαρπούο

218 1549 401 1603 μενος.

804 1653 1030 1711 sum.
1072 1657 1197 1713 KZ'.
1305 1617 1312 1623 ’

216 1739 651 1808 Κωνσταντίνφ
680 1747 994 1821 σπαραρίῳ
1025 1749 1244 1821 γένους
1273 1748 1449 1817 ὄντος
1484 1751 1800 1821 Τυρῤηνῶν

660 1816 759 1869 καὶ
798 1815 1350 1889 δυστροέῑευομένφ.

1828 1844 1876 1904 Β

1974 813 2093 869 Non
2121 813 2310 870 dolore
2356 813 2608 882 aﬂ'ecisti,
2653 812 2800 884 quod
2860 812 3148 879 lraudasti,
3176 821 3231 868 et
3263 823 3478 888 tempus

1902 905 2035 960 satis
2085 905 2307 977 longum
2359 914 2464 971 est,
2521 921 2589 961 ex
2625 921 2734 975 quo
2779 915 3088 975 serpentem
3117 906 3219 962 sub
3242 906 3480 963 humana

1902 995 2078 1051 forma
2151 998 2411 1053 latentem
2492 998 2770 1062 occultas;
2815 997 3100 1068 improbus
3157 1000 3479 1070 apparuisti,

1902 1087 2094 1144 amicis
2121 1089 2396 1155 inimicus,
2419 1091 2758 1160 temporibus
2790 1092 3061 1158 serviens,
3087 1090 3370 1147 fraudibus
3399 1091 3482 1146 in-

1905 1182 2111 1238 nixus:
2150 1183 2195 1237 si
2241 1192 2294 1238 te
2352 1184 2600 1256 iniquum
2623 1188 2726 1241 ista
2763 1186 2908 1241 actio
2939 1201 3052 1240 non
3089 1185 3480 1253 manifestavit,

1899 1282 1955 1328 et
1985 1273 2054 1328 ad
2085 1272 2444 1330 imitationem
2471 1277 2690 1331 attraxit
2719 1277 3013 1348 proditoris
3034 1277 3204 1342 Judze,
3233 1287 3293 1332 ut
3313 1277 3484 1332 bene-

1900 1365 2150 1420 meritum
2190 1365 2344 1422 malis
2359 1377 2641 1438 pensatum
2660 1369 3014 1437 habeas,illnd
3033 1370 3170 1425 habe
3186 1369 3481 1442 cognitum,

1899 1458 2041 1527 quod
2074 1457 2120 1512 si
2165 1457 2615 1517 laetitiaaﬂ'eeeris
2647 1463 2717 1517 ob
2755 1477 2817 1517 ea
2847 1478 2966 1533 quae
3007 1461 3261 1534 patimur,
3281 1460 3484 1532 aliquid

1912 1550 2037 1606 inde
2069 1550 2197 1606 boni
2233 1562 2290 1609 tu
2335 1553 2709 1623 consequeris.

2453 1666 2670 1724 EPIST.
2712 1668 2923 1725 XXVII.

1912 1757 2260 1814 Constantino
2345 1760 2618 1828 spat/tario
2676 1758 2927 1829 Tyrrheni
2973 1761 3176 1831 generis
3231 1763 3484 1830 perversis

2439 1831 2667 1884 moribus
2696 1831 2938 1898 pra'dito.

1473 1937 1740 1991 Mcntacut.
1778 1943 1882 2006 (ep.
1917 1945 1997 2007 80,
2031 1959 2082 2009 p.
2119 1945 2249 2008 127).

288 2027 373 2082 Τὰ
420 2029 718 2103 Τυρρηνῶν
745 2034 983 2106 δημόσια
1013 2039 1171 2112 ἔργα,
1209 2042 1303 2096 καὶ
1339 2045 1426 2110 ἐφ’
1467 2042 1548 2110 οἷς
1591 2050 1793 2118 σεμνύ-

1964 2050 2185 2105 Publica
2202 2051 2608 2122 Tyrrhenorum
2629 2069 2818 2124 opem,
2865 2055 2942 2110 de
2989 2055 3188 2126 quibus
3231 2058 3476 2127 glorian-

216 2137 422 2217 νονται,
443 2121 664 2217 ἀρχαῖος
687 2127 716 2180 ό
746 2127 924 2196 λόγος,
955 2131 1076 2184 οὐδὲ
1100 2135 1212 2194 τοῖς
1234 2135 1652 2204 ἀσελγεστάτοις
1682 2141 1793 2196 τῶν

1908 2155 2002 2206 ιιιτ,
2025 2150 2181 2195 vetus
2213 2143 2376 2198 habet
2406 2145 2628 2198 verbum
2647 2184 2661 2209 ,
2691 2146 2841 2214 orgia
2865 2146 3020 2210 ﬁunt,
3055 2163 3124 2201 ne
3155 2148 3370 2217 quidem
3415 2149 3483 2204 ab

216 2207 398 2262 ἄλλων
441 2210 781 2282 ἀνθρώπων,
832 2216 954 2271 οὐδὲ
997 2221 1170 2290 χωρὶς
1208 2223 1470 2292 αἰσχύνης
1507 2225 1670 2296 ὄργια
1702 2231 1789 2298 γί-

1891 2232 2339 2302 impudieissimis
2370 2235 2650 2297 hominum
2676 2235 2794 2290 sine
2823 2237 3051 2307 pudore.
3075 2239 3260 2309 Cogita
3283 2239 3499 2294 idcirco.

217 2315 392 2354 νεται.
429 2301 572 2374 Ὅρα
600 2303 692 2358 οὖν
721 2307 870 2371 ὅπως
897 2309 1060 2375 αὐτὸς
1087 2311 1182 2367 νῦν
1203 2313 1358 2368 πόλιν
1379 2317 1792 2374 Κωνσταντίνου

1908 2301 2102 2376 nicum
2149 2322 2337 2377 urbem
2390 2323 2662 2379 inhabitas
2701 2324 3044 2380 Constantini
3073 2326 3240 2380 vitam
3281 2327 3485 2398 optime

221 2391 492 2458 μετοικῶν
519 2394 716 2466 ἄριστα
757 2397 996 2468 βιώσεις.
1029 2404 1124 2456 Ἂν
1153 2405 1262 2476 γάρ
1289 2405 1343 2458 τί
1374 2423 1436 2461 σε
1465 2408 1563 2462 καὶ
1596 2411 1792 2480 μικρὸν

220 2483 318 2552 τῆς
355 2483 522 2556 ὀρθῆς
574 2493 1006 2562 παρατραπὲντα
1054 2497 1449 2552 συναίσθωνται
1495 2501 1796 2572 πολιτείας,

221 2575 428 2629 καπνὸν
461 2577 801 2651 Τυρρηνικὸν
848 2584 1082 2653 ἰδόντες,
1141 2588 1238 2643 καὶ
1262 2589 1326 2644 τὸ
1377 2591 1526 2665 πῦρ,
1569 2593 1672 2649 κᾶν
1696 2595 1798 2650 οὐκ

217 2666 491 2741 ἀνάπτῃς,
513 2673 594 2734 εἰς
638 2673 781 2743 μέγα
824 2675 1020 2746 φλογὸς
1055 2680 1491 2755 ὑποτοπήσουσιν
1521 2687 1794 2758 αῖρεσθαι.

226 2759 295 2812 "A
339 2759 446 2832 χρὴ
497 2764 970 2839 διευλαϐούμενον,
1003 2772 1354 2844 ἀπρόσκοπον
1397 2779 1588 2845 πᾶσιν,
1639 2781 1716 2846 ὡς
1747 2783 1798 2836 οἰ

223 2848 359 2903 θεῖοι
395 2851 590 2927 θεσμοὶ
615 2857 1038 2931 διακελεύονται,
1067 2865 1160 2920 καὶ
1189 2863 1332 2922 εἷναι
1361 2869 1458 2925 καὶ
1489 2871 1795 2942 φαίνεσθαι.

810 3062 1038 3120 ΕΠΙΣΤ.
1081 3067 1214 3122 ΚΗ’.

227 3143 437 3200 Λέοντι
476 3152 778 3231 ἐμῖοθιναθέτῃ
817 3157 1108 3231 γεγονότι,
1141 3159 1239 3212 καί
1277 3160 1636 3231 μογάσαντι,
1684 3167 1806 3224 ὑπὸ

465 3219 798 3294 δοκοῦντος
825 3219 1012 3296 ῥίζιον
1046 3219 1563 3300 πάραλόπηθέντι.

1903 2413 2176 2480 instituas,
2207 2414 2251 2469 si
2273 2415 2416 2469 enim
2436 2423 2489 2471 te
2513 2415 2881 2471 intellexerint
2903 2415 3073 2480 cives,
3103 2417 3189 2471 vel
3213 2419 3481 2474 tantillum

1904 2523 1935 2562 a
1963 2516 2114 2563 recte
2147 2507 2362 2564 vivendi
2394 2508 2602 2564 ratione
2637 2509 2958 2574 declinasse,
2983 2508 3075 2564 ubi
3106 2509 3314 2564 fumum
3344 2510 3480 2582 Tyr-

1906 2597 2202 2653 rhenorum
2223 2598 2723 2664 animadverterint,
2746 2599 3174 2672 suSpicabuntur-
3200 2610 3257 2658 et
3282 2603 3482 2674 ignem,

1905 2688 2032 2744 licet
2052 2690 2190 2744 baud
2206 2691 2642 2756 suceenderis,_in
2659 2708 2906 2763 magnam
2930 2693 3200 2748 ﬂammam
3233 2692 3484 2748 attollen-

1907 2781 2055 2837 dum.
2082 2784 2240 2850 Quod
2264 2784 2402 2840 dum
2418 2785 2607 2841 sedqu
2629 2799 2923 2856 praecaves,
2955 2787 3072 2841 sine
3094 2787 3266 2855 lapsu,
3291 2801 3484 2855 quem-

1905 2874 2196 2929 admodum
2254 2875 2437 2932 divina
2477 2877 2672 2947 jubent
2728 2877 2969 2944 oracula,
3025 2891 3209 2933 coram
3231 2877 3487 2933 omnibus

1909 2973 1972 3020 ut
2003 2964 2228 3022 incedas
2262 2965 2547 3022 nitendum
2573 2975 2676 3022 est.

2452 3077 2669 3132 EPIST.
2705 3075 2947 3133 XXVIII.

1915 3167 2120 3235 Leonti,
2159 3167 2392 3238 quicum
2415 3175 2545 3223 esset
2581 3168 2838 3238 logotlieta
2866 3169 3152 3222 monachus
3205 3169 3378 3234 ﬁebat,
3439 3175 3486 3221 et

2336 3239 2399 3292 ab
2419 3239 2590 3292 amico
2622 3255 2840 3293 mwrore
2869 3239 3074 3309 affecta.

1469 3349 1737 3402 Montacnt.
1773 3352 1877 3417 (ep.
1911 3353 1991 3414 81,
2026 3367 2078 3416 p.
2112 3354 2244 3417 128).

310 3442 550 3514 Ἀμσλὺς
578 3445 638 3500 τὺ
674 3442 828 3517 ἦθος,
868 3450 964 3504 καὶ
997 3453 1238 3521 μαλακὸς
1263 3457 1391 3519 τοὺς
1421 3457 1637 3524 πόνους,
1665 3459 1807 3528 γνώ-

231 3551 340 3605 μην
383 3552 444 3588 τε
481 3536 542 3589 ού
577 3537 814 3608 βέϐαιος,
848 3542 946 3595 καὶ
987 3542 1294 3615 λημμάτων
1326 3549 1524 3620 ἥττων,
1573 3553 1667 3604 καὶ
1711 3552 1807 3622 τῆς

229 3627 426 3698 ἡδονῆς
453 3629 785 3701 ἀνδράποδον
810 3633 1120 3706 ἄνθρωπος,
1148 3637 1262 3692 οὔτ’
1291 3640 1356 3694 ἄν
1384 3660 1436 3695 τι
1456 3643 1564 3696 τῶν
1584 3644 1808 3713 ἀγαθῶν

229 3721 478 3785 γενναῖον
510 3721 828 3790 ἐργάσαιτο,
877 3725 972 3777 κα)⁸
1014 3727 1094 3790 εἰς
1126 3728 1296 3783 κακὸν
1329 3731 1429 3784 ούκ
1468 3731 1535 3786 ἂν
1569 3734 1808 3806 ἁποϐαίη

233 3809 411 3880 μέγα’
464 3811 578 3865 ὅσοι
628 3813 688 3866 δὲ
721 3814 885 3884 φύσιν
919 3817 1016 3888 μὲν
1041 3818 1212 3886 ὀξεῖς,
1247 3827 1534 3894 καρτερεῖν
1572 3825 1628 3879 δὲ
1674 3828 1810 3899 πρὸς

231 3903 412 3957 πάντα
434 3904 619 3971 δεινοὶ,
661 3908 969 3979 ύπρόπται
996 3913 1054 3966 δὲ
1095 3915 1190 3968 καὶ
1230 3917 1530 3988 χρημάτων
1560 3921 1654 3973 καὶ
1687 3922 1806 3991 ἡδο-

230 3993 364 4056 νῶν,
394 3996 491 4050 καὶ
518 3999 745 4070 γνώμην
773 4001 1062 4071 ἐξαγαγεῖν
1092 4006 1551 4079 ἀμετάστρεπτοι.
1586 4011 1811 4076 Τούτοις

229 4086 290 4139 δὲ
316 4087 425 4158 ἄρα
454 4088 547 4141 καὶ
577 4089 760 4160 ἰσχύος
793 4093 958 4146 ποθὲν
981 4098 1385 4170 περιτεθείσης,
1436 4103 1530 4155 καὶ
1559 4105 1638 4167 εἰς
1664 4106 1805 4172 ἀγα-

232 4177 328 4232 υὸν
370 4180 405 4249 ὴ
461 4179 602 4252 ῥοπὴ
649 4182 720 4236 τὰ
771 4183 1005 4253 μέγιστα
1059 4187 1361 4258 ὲξανύσειε,
1415 4194 1510 4247 καὶ
1568 4197 1698 4263 πρὸς
1747 4197 1808 4250 τὸ

233 4267 440 4336 φαῦλον
464 4273 686 4327 ἐπειδᾶν
717 4275 1082 4332 ἀποκλίνωσιν
1111 4282 1379 4354 ἀφόρητοι
1411 4302 1471 4338 τε
1508 4289 1602 4342 καὶ
1627 4290 1803 4360 ἀπαρ-

1975 3460 2214 3515 llloribus
2245 3459 2414 3531 piger,
2469 3459 2535 3514 ad
2565 3458 2780 3514 labores
2809 3459 3008 3523 mollis,
3083 3475 3239 3514 mens
3293 3461 3487 3515 incon-

1906 3562 2078 3618 stans,
2122 3553 2485 3608 succumbens
2512 3553 2692 3615 donis,
2749 3551 3088 3621 voluptatum
3128 3553 3488 3622 mancipium,

1907 3659 2009 3700 nec
2043 3643 2246 3714 aliquid
2275 3643 2402 3699 boni
2425 3645 2744 3716 generosive
2786 3644 2982 3711 faciet;
3011 3643 3106 3698 sed
3138 3661 3239 3698 nec
3278 3644 3334 3698 in
3369 3661 3486 3699 ξηει-

1907 3751 2067 3808 gnam
2092 3737 2389 3807 nequitiam
2427 3737 2704 3792 cmanabit
2729 3778 2744 3791 .
2775 3736 2979 3790 Natura
3012 3737 3238 3802 celeres,
3270 3737 3338 3791 ad
3369 3754 3492 3792 om-

1909 3828 1999 3882 nia
2050 3827 2363 3883 sullerenda
2416 3826 2656 3900 impigri,
2685 3829 3002 3884 divitiarum
3035 3827 3490 3901 voluptatumque

1915 3928 2340 3990 contemptores,
2405 3928 2462 3974 et
2519 3920 2612 3989 qui
2661 3919 2818 3976 facile
2848 3938 2878 3974 e
2910 3920 3184 3975 sententia
3224 3920 3490 3976 dimoveri

1909 4011 2137 4078 nolunt;
2173 4011 2282 4078 isti,
2315 4011 2610 4066 accedente
2643 4012 2922 4082 aliquanto
2966 4021 3254 4083 potestate,
3291 4015 3378 4069 vel
3424 4015 3493 4071 ad

1912 4105 2171 4158 virtutem
2201 4117 2397 4172 magno
2422 4102 2587 4157 futuri
2609 4113 2738 4158 sunt
2759 4113 3059 4170 momento,
3090 4105 3176 4160 vel
3198 4105 3266 4161 ad
3293 4105 3493 4160 malum

1917 4209 2041 4249 cum
2095 4193 2382 4257 inclinent,
2450 4193 2796 4260 intolerandi,
2861 4194 3232 4266 implacabiles
3277 4197 3489 4263 amicis,

1918 4285 2297 4354 familiaribus,
2329 4285 2555 4357 singulis
2599 4287 2913 4343 exsistunt:
2954 4288 3220 4356 Quocirca
3266 4306 3378 4345 non
3407 4299 3494 4346 est

231 4361 448 4433 αίτητοι
482 4365 578 4418 καὶ
608 4366 785 4436 φίλοις
837 4369 932 4422 καὶ
959 4371 1180 4438 οἰκείοις
1211 4374 1308 4428 καί¹
1335 4377 1471 4431 πᾶσι
1513 4377 1801 4434 καθίσταψ

1921 4394 2061 4448 aegre
2095 4378 2402 4444 ferendum,
2434 4377 2580 4448 quod
2609 4379 2815 4449 optima
2837 4395 3068 4452 quaeque
3097 4382 3166 4438 ab
3196 4381 3372 4437 amico
3399 4398 3494 4454 ge-

235 4471 347 4509 ται.
387 4457 459 4510 Οὐ
499 4459 605 4531 χρὴ
655 4460 838 4514 τοίνυν
860 4461 1168 4536 δυσφορεῖν,
1216 4467 1300 4520 ὅτι
1332 4467 1409 4540 μὴ
1443 4469 1512 4523 τὰ
1559 4470 1801 4541 βέλτιστα

1923 4485 2123 4524 neroso
2172 4484 2284 4524 non
2325 4484 2542 4540 semper
2592 4469 2972 4542 impetramus,
3006 4474 3101 4528 sed
3156 4473 3341 4544 gratiae
3365 4483 3495 4527 sunt

231 4550 389 4618 παρά
425 4549 521 4602 τοῦ
549 4569 680 4604 ποτε
713 4554 966 4622 γενναίου
998 4556 1154 4627 φίλου
1192 4560 1620 4633 ἐκκαρπούμεθα
1643 4581 1660 4597 ’
1695 4563 1811 4618 ἀλλ’

233 4639 620 4712 εὐχαριστεῖν,
671 4645 754 4699 ὅτι
799 4647 921 4718 οὐχὶ
961 4649 1123 4719 μόνον
1163 4652 1330 4722 μηδὲν
1363 4653 1641 4725 λυπηρὸν,
1690 4657 1808 4711 ἀλλ’

232 4736 322 4805 ἐφ’
359 4731 440 4800 οἷς
470 4739 608 4809 μηδὲ
648 4741 758 4794 τῶν
787 4744 868 4806 εἰς
894 4741 1201 4817 ὑπερϐολὴν
1241 4747 1484 4819 ἡκόντων
1505 4751 1806 4822 δυσχερῶν,

1920 4559 2166 4631 agenda),
2200 4575 2268 4615 eo
2295 4560 2442 4628 quod
2483 4576 2592 4616 non
2643 4569 2858 4617 tantum
2893 4563 3031 4617 nihil
3057 4563 3211 4618 triste
3242 4571 3492 4634 reporta-

1918 4667 2060 4716 mus,
2095 4652 2190 4706 sed
2220 4652 2401 4722 potius
2428 4655 2571 4722 quod
2611 4655 2748 4710 nihil
2776 4656 2845 4710 ab
2869 4671 2934 4709 eo
2957 4654 3331 4726 proficiscatur
3349 4653 3495 4726 quod

1921 4743 2066 4798 inter
2089 4757 2301 4799 summe
2320 4744 2496 4801 tristia
2520 4754 2574 4801 et
2599 4747 2828 4801 molesta
2865 4754 3210 4800 numeretur.
3240 4745 3309 4798 At
3337 4745 3382 4799 si
3409 4762 3494 4798 re-

231 4827 448 4882 ὲκεῖθεν
479 4832 816 4902 πειρώμεθα.
853 4834 916 4889 Εἰ
946 4834 991 4889 δ’
1021 4837 1342 4908 ἐπιστρέψει
1371 4841 1524 4904 ποτὲ,
1552 4842 1648 4893 καὶ
1679 4841 1801 4910 πρὸς

1916 4841 2162 4889 vertatur
2193 4835 2505 4906 aliquando,
2551 4848 2608 4893 et
2632 4840 2698 4894 ad
2726 4849 2986 4910 cognatas
3014 4854 3138 4893 cum
3169 4838 3359 4894 amicis
3389 4837 3492 4892 viro

230 4918 336 4983 τὰς
371 4927 654 4990 συγγενεῖς
689 4926 828 4996 μετὰ
871 4928 970 4999 τῆς
1017 4929 1198 5000 φιλίας
1231 4931 1536 5002 ἀναδράμοι
1575 4934 1811 5004 ἀρετὰς,

1916 4935 2061 4981 tutes
2107 4937 2370 4994 recurret,
2409 4929 2523 4985 lieri
2574 4940 2752 5001 potest
2809 4940 2866 4985 ut
2900 4931 3042 4985 bona
3077 4946 3198 5001 quae
3238 4931 3496 5000 deinceps

239 5009 376 5074 ἴσως
404 5012 714 5085 ἀποκρύψει
758 5021 873 5082 τοῖς
906 5021 1288 5092 εὐφραίνουσιν
1326 5026 1551 5093 ἀγαθοῖς
1590 5025 1686 5079 καὶ
1712 5027 1801 5081 ὅσα

1913 5019 2213 5080 oblectant.
2243 5023 2429 5077 omnia
2469 5023 2557 5077 illa
2594 5025 2730 5077 mala
2759 5035 2814 5078 et
2850 5023 3028 5078 tristia
3058 5039 3387 5080 evanescere
3417 5023 3496 5079 fa-

234 5099 348 5153 τῶν
378 5101 692 5160 λυπούντων
719 5109 870 5180 ἡμᾶς
904 5113 1332 5182 προκατέλαϐεν.

828 5238 1056 5297 ΕΠΙΣΤ.
1098 5241 1227 5297 ΚΘ’.

717 5331 1014 5396 Βασιλείῳ
1038 5331 1343 5402 πράκτορι.

1917 5111 2042 5180 ciat,
2069 5114 2267 5183 quibus
2295 5116 2505 5186 pridem
2533 5116 2957 5187 occupabantur.

2484 5240 2699 5296 EPIST.
2741 5241 2934 5299 XXIX.

2475 5334 2671 5388 Basilio
2698 5338 2952 5404 praetori.

1496 5451 1760 5502 Montacut.
1799 5454 1901 5511 (ep.
1936 5448 2016 5505 8‘2,
2051 5463 2100 5509 p.
2141 5447 2268 5509 128).

313 5547 604 5620 Κείρουσιν
650 5552 702 5604 οἰ
750 5553 970 5608 παλαιοὶ
1011 5554 1159 5623 λόγοι
1213 5555 1496 5628 Προμηθεί
1532 5557 1595 5611 τὸ
1637 5554 1811 5631 ἧπαρ,

1995 5550 2253 5606 Veterum
2287 5549 2482 5605 fabula:
2538 5553 2825 5623 depastum
2860 5554 3184 5610 Prometheo
3225 5557 3392 5625 bepar
3419 5555 3495 5608 fe-

228 5639 399 5694 ‘dtarbv
438 5643 770 5710 ὲφιστῶντες
821 5646 915 5702 τὸν
967 5648 1253 5718 κείροντα·
1307 5651 1400 5703 καὶ
1445 5653 1478 5721 ἡ
1524 5650 1690 5714 αἰτία,
1735 5651 1801 5702 ὅτ

1925 5653 2052 5699 runt
2083 5644 2152 5698 ab
2180 5642 2360 5712 aquila
2387 5644 2720 5701 detondente
2747 5667 2760 5713 ;
2789 5664 3006 5704 causam
3055 5649 3203 5710 dant,
3234 5647 3376 5716 quod
3401 5637 3408 5644 ’
3429 5647 3496 5700 de

243 5733 433 5788 θεόθεν
459 5735 520 5788 τὸ
565 5737 678 5809 πῦρ
706 5739 999 5809 ἐκκλέψας,
1028 5743 1183 5811 φησὶ,
1223 5741 1402 5796 πόνων
1432 5743 1525 5795 καὶ
1554 5742 1801 5810 καμάτωπ

1925 5738 2063 5792 εωιο
2121 5735 2331 5790 furatus
2383 5735 2582 5807 ignem,
2647 5739 2890 5794 laborum
2942 5751 2997 5794 ct
3045 5739 3491 5810 defatigationnm

243 5825 554 5897 ἀνθρώποις
577 5830 808 5900 ἤνεγκεν
831 5833 1025 5890 αἴτιον.
1053 5835 1116 5889 Εἰ
1142 5834 1197 5888 δέ
1233 5851 1288 5886 σε
1327 5828 1468 5888 Lai/an
1493 5839 1540 5886 οἱ
1577 5837 1817 5904 ποιηταὶ,

1928 5845 2117 5886 causa:
2149 5828 2457 5886 hominibus
2489 5832 2655 5889 dedit.
2691 5836 2846 5899 Quod
2877 5836 2918 5888 si
2953 5845 3000 5888 te
3045 5834 3287 5905 ceperint
3325 5842 3496 5903 poet'e
