4080 6410
613 364 716 430 947

1739 380 1999 441 ΡΗΟΤῙΙ
2035 382 2539 449 PATRIARCH/E
2572 392 2680 454 ΕΡ.

3747 408 3867 472 948

613 489 824 536 tantum
846 482 1114 539 malorum
1147 503 1331 558 pyram
1362 490 1412 543 in
1459 490 1688 560 patriam
1742 503 2148 550 construentem

2274 500 2542 573 τοσαύτην
2592 506 2778 560 κακῶν
2813 510 2990 580 πυράν
3024 513 3091 583 τῇ
3129 516 3349 586 πατρίδι
3386 518 3667 589 ἀνάψαντα
3689 538 3704 553 ·
3752 526 3865 579 οὐκ

603 588 715 629 non
752 574 832 630 tlli
875 577 1199 646 aquilarum,
1240 580 1549 647 milvorum,
1599 582 1924 653 accipitrum
1964 586 2174 656 species

601 664 660 721 i‘n
682 674 735 721 te
765 668 1124 735 concitarent,
1155 686 1276 739 quae
1312 671 1517 727 viscera
1540 672 1901 743 depascerent
1927 685 2053 743 tua;
2076 676 2174 732 sed

599 766 659 815 et
692 760 909 830 pardos,
958 762 1166 827 leones,
1196 771 1252 818 et
1278 772 1507 819 caeteras
1532 764 1733 822 bestias
1761 766 1815 821 in
1840 775 1931 822 tua
1962 768 2173 823 intesti-

600 869 669 909 na
715 856 1007 913 immittere
1061 874 1173 913 non
1223 859 1575 915 desisterent.
1633 858 1716 915 Tu
1754 872 1938 917 autem
1969 862 2170 934 cogita,

599 948 742 1018 quod
772 949 899 1004 licet
930 961 1106 1020 poetae
1129 967 1240 1006 non
1270 952 1557 1020 exsistant,
1588 952 1683 1023 qui
1713 954 1830 1009 haec
1861 954 1986 1009 talia
2036 970 2169 1010 con-

599 1038 822 1109 ﬁngant,
876 1042 1124 1097 veritatis
1179 1052 1359 1099 tamen
1413 1044 1738 1101 Christianae
1791 1054 1976 1100 exacta
2032 1046 2171 1102 ratio

597 1150 708 1189 non
741 1145 920 1191 cesset
978 1137 1305 1207 supplicium
1349 1139 1519 1210 magis
1545 1138 1953 1195 formidolosum
1992 1138 2170 1194 inten-

592 1222 730 1291 tare,
780 1228 960 1299 ignem
1016 1228 1466 1296 indelectibilem,
1526 1232 1783 1287 tenebras
1845 1232 2165 1299 exteriores,

593 1320 883 1376 stridorem
940 1321 1207 1387 dentium,
1240 1323 1643 1379 multitudinem
1679 1324 1941 1379 vermium
1974 1340 2168 1395 pecca-

595 1412 802 1467 toribus
829 1413 956 1467 dum
988 1413 1310 1469 substernit.
1346 1414 1502 1482 Quod
1523 1415 1566 1471 si
1599 1426 1650 1472 te
1681 1416 1841 1471 timor
1860 1416 2165 1471 futurorum

592 1501 646 1556 in
682 1505 937 1573 prmsenti
985 1521 1094 1560 non
1126 1512 1399 1574 coerceat,
1451 1522 1553 1563 nec
1582 1524 1612 1562 a
1662 1522 1827 1563 cursu
1858 1508 2167 1564 inordinato

590 1601 647 1647 et
695 1593 1055 1651 irrationabili
1111 1598 1342 1665 avertit;
1408 1608 1647 1653 attamen
1692 1600 1945 1655 Sodomae
1970 1608 2027 1654 et
2053 1600 2164 1654 Go-

590 1686 824 1740 morrhee
851 1703 972 1756 qua:
1002 1688 1195 1742 litteris
1218 1689 1451 1743 traditur
1482 1690 1761 1760 perpessio
1798 1690 2165 1745 inconsolabi-

589 1775 677 1843 lis,
721 1787 777 1832 et
829 1793 1119 1835 commune
1157 1779 1291 1836 illud
1336 1782 1581 1836 omnium
1612 1783 1894 1837 hominum
1939 1783 2163 1838 naufra-

587 1871 757 1939 gium,
787 1869 1090 1937 diluvium;
1133 1881 1189 1926 et
1209 1872 1525 1943 quotidiana
1574 1873 1927 1943 providentia:
1957 1890 2121 1945 opera
2145 1914 2161 1940 ,

586 1960 853 2027 animum,
883 1971 939 2018 et
959 1962 1337 2034 cogitationes,
1377 1966 1446 2020 ad
1493 1965 1731 2021 sobriam
1764 1976 1821 2022 et
1855 1965 2160 2037 sapientem

587 2050 968 2123 cogitationem
999 2054 1300 2112 reforment

1150 2167 1369 2225 EPIST.
1409 2170 1579 2227 XXX.

1007 2258 1256 2317 llic/tacti
1287 2266 1727 2335 protospathario.

2272 593 2449 648 ἀετῶν
2478 595 2634 669 γένη,
2669 600 2763 653 καὶ
2794 602 3033 671 ίκτίνων,
3079 606 3173 661 καὶ
3210 608 3448 679 ἱεράκων
3491 616 3603 677 τοῖς
3638 615 3865 686 σπλάγ-

2272 700 2421 776 χνοις
2472 686 2540 741 ἂν
2589 688 2949 765 διεσόσκησαν
2973 714 2989 730 ο
3023 698 3160 755 ἀλλὰ
3219 702 3318 757 καὶ
3366 705 3695 776 παρδάλεις,
3755 709 3864 763 καὶ

2271 774 2514 842 λέοντας,
2546 781 2642 834 καὶ
2670 781 2836 854 θηρία
2864 788 3044 842 πάντα
3070 792 3170 845 οὑκ
3196 791 3263 847 ἂν
3292 797 3405 860 τοῖς
3447 774 3704 865 ἐγκάτοις
3753 802 3864 853 ἑπ-

2270 870 2521 937 αφιέντες
2553 872 2859 948 ἀπέκαμον.
2882 881 2955 934 Σὺ
2976 880 3035 935 δὲ
3058 884 3274 952 σκόπει,
3303 887 3380 953 ὡς
3403 890 3450 943 εί
3476 892 3651 945 καὶτὸ
3684 909 3860 963 ποιη-

2269 963 2378 1018 τῶν
2415 964 2574 1032 γένος
2620 967 2793 1024 ταῦτα
2831 976 3188 1045 σχηματίζειν
3220 980 3612 1059 βπιλέλοιπεν,
3646 984 3768 1038 ἀλλ’
3819 986 3858 1056 ἦ

2269 1071 2334 1122 γε
2379 1056 2501 1111 καθ’
2528 1060 2678 1129 ήμάς
2704 1062 2805 1132 τῆς
2849 1064 3109 1134 ἀληθείας
3142 1056 3419 1141 ἀκρίϐεια,
3464 1074 3563 1127 οὑκ
3603 1076 3857 1147 ἀπέστη,

2270 1147 2652 1223 φοόερωτέραν
2706 1154 2807 1226 τήν
2862 1160 3137 1229 τιμωρίαν
3193 1163 3659 1221 ἐπανατείνουσα’
3728 1168 3857 1238 πῦρ

2267 1238 2669 1312 ἀτελεύτητον
2720 1246 2814 1300 καὶ
2871 1248 3063 1314 σκότος
3115 1251 3378 1323 ἐξώτερον
3402 1271 3418 1287 ’
3456 1257 3551 1309 καὶ
3595 1256 3858 1328 βρυγμδν

2267 1332 2494 1389 ὀδόντων
2515 1353 2531 1369 ·
2566 1338 2663 1392 καὶ
2695 1339 2997 1410 σκωλήκων
3034 1342 3241 1414 πλῆθος
3276 1346 3702 1417 ὑπστρωννῦσα
3730 1355 3858 1414 τοῖς

2265 1422 2697 1494 ἁμαρτάνουσιν.
2745 1429 2810 1482 El
2838 1429 2896 1483 δέ
2948 1448 3010 1485 σε
3052 1434 3147 1486 καὶ
3194 1434 3305 1488 τῶν
3354 1436 3657 1506 μελλόντων
3689 1439 3858 1493 οὔπω

2268 1516 2542 1571 συστέλλει
2566 1521 2595 1573 ό
2623 1520 2810 1600 φόϐος,
2843 1522 2966 1577 οὑδὲ
2994 1524 3093 1596 τῆς
3116 1525 3354 1581 ἀτάκτου
3385 1528 3482 1581 καὶ
3513 1530 3715 1600 ἀλόγου
3744 1549 3855 1600 φο⁶

2266 1609 2365 1678 ρᾶς
2392 1609 2691 1666 ἀνακόπτει
2712 1629 2727 1644 ο
2757 1597 2893 1669 ἀλλὰ
2934 1615 3041 1670 κᾶν
3071 1616 3202 1687 γοῦν
3233 1620 3296 1673 τὸ
3335 1622 3586 1693 Σοδόμων
3612 1597 3709 1679 καὶ
3746 1597 3855 1678 l‘oo

2267 1699 2475 1770 μόρῤας
2501 1702 2853 1775 ἀνάγραπτον
2880 1709 2977 1761 καὶ
2998 1709 3385 1782 ἀπαράκλητον
3426 1713 3629 1778 πάθος·
3658 1716 3754 1769 καὶ
3786 1716 3855 1769 τδ

2190 1840 2235 1879 Ὠ
2265 1792 2442 1846 κοινὸν
2472 1794 2582 1849 τῶν
2611 1795 2917 1867 ἀνθρώπων
2944 1802 3204 1871 ναυάγιον
3227 1804 3258 1857 ό
3287 1805 3675 1876 κατακλυσμός
3696 1821 3713 1836 ο
3746 1809 3853 1861 καὶ

2262 1882 2333 1937 τὰ
2356 1885 2703 1959 καθημερινὰ
2724 1891 2824 1961 τῆς
2857 1894 3111 1963 προνοίας
3144 1895 3303 1969 ἔργα,
3326 1898 3405 1961 είς
3429 1895 3685 1970 σώφρονα
3713 1900 3849 1962 τώς

2263 1976 2556 2051 λογισμοὺς
2589 1984 3075 2056 μεταρρυθμιζέτω
3104 1985 3358 2059 μελέτην.

2882 2181 3105 2236 ΕΠΙΣΤ.
3143 2182 3223 2238 Λ’.

2647 2272 2887 2343 Μιχαὴλ
2918 2274 3447 2344 πρωτοσπαθαρίῳ.

1826 2379 2091 2429 Montacut.
2127 2380 2231 2439 (ep.
2265 2378 2344 2440 83,
2380 2395 2429 2445 p.
2472 2384 2603 2448 151).

654 2482 865 2553 Corpus
912 2484 1135 2549 morbis,
1177 2484 1436 2555 patiendo
1492 2488 1697 2551 anima,
1745 2495 1871 2550 ,vtta
1925 2488 2163 2558 denique

584 2582 699 2629 tota
758 2575 830 2629 ab
868 2575 1185 2633 hominibus
1236 2581 1579 2635 contumeliis
1618 2582 1815 2637 amicta
1858 2582 2161 2653 despondet

581 2680 642 2721 se
690 2683 705 2719 :
762 2668 1064 2723 amicorum
1096 2669 1343 2740 paucitas
1363 2680 1418 2726 et
1449 2672 1716 2738 absentia,
1743 2688 2025 2729 servorum
2058 2682 2165 2729 tor-

587 2758 763 2814 tiones
841 2769 898 2815 et
960 2761 1201 2827 vincula,
1263 2764 1478 2834 cognati
1525 2765 1797 2819 minarum
1868 2766 2165 2821 acerbitate

577 2851 801 2919 divulsi,
873 2870 1055 2909 rerum
1124 2858 1557 2913 necessariarum
1607 2860 1830 2929 ablatio,
1889 2862 2150 2919 librorum

579 2942 838 3015 direptio,
864 2958 1142 3000 sacrorum
1172 2948 1371 3002 mdium
1426 2951 1698 3019 expilatio,
1770 2967 1905 3022 quas
1969 2954 2152 3024 expia-

578 3034 717 3089 toria
760 3034 918 3091 nobis
980 3035 1161 3091 futura
1213 3040 1697 3107 constitueramus,
1741 3043 1871 3098 dum
1928 3061 2153 3101 canere-

2333 2491 2406 2545 Τὸ
2430 2493 2587 2563 σῶμα
2616 2496 2736 2558 ταῖς
2768 2494 2943 2559 νόσοις
2963 2512 2978 2527 ·
3009 2498 3042 2567 ή
3072 2496 3129 2550 δὲ
3162 2495 3309 2568 ψυχὴ
3337 2496 3451 2559 τοῖς
3479 2495 3841 2567 παθήμασιν⁹

2261 2586 2290 2637 ό
2328 2584 2383 2637 δὲ
2416 2584 2530 2655 βίος
2579 2586 2699 2650 ὅλος
2727 2589 2848 2651 ταῖς
2878 2586 2937 2652 ἐξ
2974 2587 3279 2659 ἀνθρώπων
3306 2587 3597 2658 ἐπηρείαις
3636 2588 3843 2639 ἀπεῖπε

2261 2677 2798 2749 ταλαιπωρούμενος.
2830 2679 3005 2732 Φίλων
3042 2679 3268 2750 ἠρεμία,
3302 2678 3656 2748 θεραπόντων
3694 2680 3841 2730 αίκιο

2265 2771 2391 2838 σμοὶ
2439 2770 2533 2823 καὶ
2566 2770 2957 2841 αίχμαλωσίαι,
3010 2772 3293 2840 συγγενεῖς
3329 2773 3395 2841 τῇ
3445 2769 3560 2823 τῶν
3592 2770 3840 2823 ἀπειλῶν

2261 2861 2597 2934 βαρύτητιά·
2632 2864 2920 2934 στερήσεις
2967 2864 3062 2916 καὶ
3111 2863 3291 2917 αὐτῶν
3336 2863 3445 2916 τῶν
3478 2863 3839 2931 ἀναγκαίωνο

2260 2955 2507 3024 ἁρπαγαὶ
2561 2953 2817 3026 βιόλίων.
2864 2956 3023 3027 ἱερῶν
3074 2955 3434 3027 ὲκπορθήσεις
3478 2954 3689 3021 οἴκων,
3741 2953 3841 3017 οὓς

2262 3046 2573 3118 ἱλαστήριον
2618 3050 2777 3118 ἡμεῖς
2815 3048 3204 3120 ὲστησάμεθα,
3246 3047 3592 3118 ψαλλόντων,
3640 3048 3841 3115 ἀναγι-

578 3136 688 3192 tur,
721 3126 1013 3199 legeretur,
1038 3130 1236 3187 divinis
1264 3132 1318 3187 in
1348 3134 1552 3190 eisdem
1586 3136 1977 3208 inserviretur;
2018 3157 2152 3196 con-

2262 3140 2610 3204 νωσκόντων,
2665 3142 2723 3192 ἐν
2776 3141 2912 3192 πᾶσι
2969 3140 3135 3204 θείοις
3185 3137 3639 3210 ὑπηρετούντων·
3692 3138 3839 3191 κατὰ

579 3226 661 3273 tra
712 3234 905 3275 omnes
933 3224 1219 3278 sententiae
1245 3227 1455 3283 acerbae
1498 3238 1628 3284 sunt
1658 3240 1714 3286 et
1768 3232 1987 3288 decreta
2016 3234 2151 3290 dura

2255 3232 2473 3285 πάντων
2498 3231 2686 3294 ἁπλῶς
2733 3231 3035 3299 ἀποφάσεις
3067 3232 3298 3300 πικραὶ,
3336 3231 3429 3285 καὶ
3462 3229 3834 3300 ψηφίσματα,

577 3309 743 3377 edita,
774 3311 846 3366 ita
890 3322 949 3368 ut
974 3328 1135 3369 nemo
1163 3316 1231 3371 ad
1263 3333 1364 3372 nos
1395 3320 1621 3391 propius
1646 3324 1906 3379 accedere
1933 3326 2149 3382 audeat.

578 3401 721 3467 Quid
783 3418 923 3474 opus
993 3421 1423 3466 commemorare
1495 3414 1845 3483 quotidianas
1932 3432 2131 3471 (’thlS-

573 3494 774 3558 siones,
855 3496 1186 3565 decisiones,
1296 3502 1832 3572 condemnationes;
1913 3509 1966 3561 in
2030 3508 2151 3578 qui-

584 3584 685 3641 bus
732 3603 897 3643 nemo
947 3589 1102 3645 testis
1180 3604 1484 3663 comparet,
1521 3611 1685 3651 nemo
1751 3612 1848 3666 pro
1891 3599 2151 3655 tribunali

569 3674 760 3744 iudex,
783 3691 945 3735 nemo
969 3689 1290 3748 accusator;
1330 3699 1438 3739 non
1471 3684 1659 3740 dixero
1704 3698 1893 3743 contra
1922 3700 2149 3759 memet,

571 3768 671 3824 sed
702 3778 895 3825 contra
948 3772 1176 3839 amicos,
1216 3778 1673 3848 consanguineos,
1710 3796 1898 3837 servos
1925 3785 2150 3840 omnino

569 3879 786 3931 omnes,
837 3880 976 3934 quos
1010 3866 1188 3936 aliqua
1239 3870 1461 3925 suberat
1502 3873 1777 3943 cogitatio,
1815 3890 1903 3929 me
1927 3877 2151 3932 omnino

570 3967 680 4006 non
713 3953 1013 4024 negligere.
1054 3954 1210 4021 Quod
1236 3957 1283 4013 si
1317 3959 1537 4016 tandem
1563 3975 1872 4031 cessarunt,
1920 3964 2148 4019 investi-

570 4054 761 4115 gantes
812 4046 1160 4115 quaestiones,
1211 4066 1320 4106 non
1377 4052 1436 4108 ﬁt
1483 4054 1537 4109 id
1584 4070 1651 4110 ex
1712 4057 1880 4112 animi
1907 4059 2150 4130 ipsorum

568 4136 863 4202 sententia,
886 4147 981 4192 aut
1015 4149 1239 4211 propter
1258 4144 1497 4215 aliquam
1523 4147 1779 4203 virtutem
1813 4165 2021 4219 meam;
2050 4154 2146 4209 sed

566 4228 639 4282 ab
655 4229 865 4286 excelsa
894 4230 952 4286 [it
969 4242 1023 4287 et
1041 4233 1306 4303 profunda
1328 4236 1421 4292 Dei
1442 4238 1834 4308 misericordia,
1855 4258 1884 4297 a
1902 4260 2006 4315 qua
2031 4246 2145 4301 sola

569 4321 887 4391 pendemus,
912 4328 1081 4383 etsub
1098 4345 1203 4399 qua
1231 4329 1284 4384 in
1309 4331 1422 4387 vita
1451 4332 1753 4404 agitamur;
1779 4336 1863 4392 bis
1881 4347 1960 4393 tot
1979 4341 2146 4397 tantis

565 4415 873 4487 talibusque
914 4420 1169 4476 exhausti
1204 4420 1478 4489 ﬂuctibus,
1507 4440 1605 4494 pro
1644 4429 1888 4498 cognatis
1926 4443 2140 4500 autem,

2252 3326 2339 3380 ἵνα
2370 3325 2560 3397 μηδεὶς
2609 3325 2741 3396 μηδὲ
2771 3323 2866 3377 τοῦ
2898 3323 3303 3396 παραγενέσθαι
3339 3323 3477 3395 πρὸς
3513 3324 3665 3392 ἡμᾶς
3695 3323 3837 3393 πλη-

2252 3418 2367 3474 σίον
2414 3418 2658 3488 γένηται.
2713 3417 2778 3471 Τί
2827 3417 2911 3471 δεῖ
2964 3419 3066 3480 τὰς
3125 3416 3462 3488 ἑφημερίους
3509 3416 3837 3487 ἀνακρίσεις

2249 3511 2464 3579 λέγειν,
2515 3510 2614 3563 καὶ
2661 3510 2905 3580 κρίσεις,
2958 3510 3054 3563 καὶ
3103 3508 3491 3580 κατακρίσειςο
3538 3501 3613 3561 ὧν
3652 3507 3836 3565 οὐδεὶς

2248 3598 2374 3652 οὔτε
2412 3599 2641 3670 μάρτυς,
2679 3597 2804 3651 οὔτε
2838 3599 3055 3670 κριτὴς,
3089 3598 3204 3652 ἀλλ’
3251 3599 3371 3651 οὐδὲ
3414 3598 3728 3668 κατήγορος
3767 3597 3831 3648 οὐ

2249 3690 2375 3746 καθ’
2398 3690 2558 3763 ήμῶν
2607 3691 2789 3762 μόνον,
2833 3690 2968 3745 ἀλλὰ
2995 3690 3089 3743 καὶ
3125 3689 3267 3743 κατά
3300 3689 3472 3758 φίλων
3492 3729 3506 3753 ,
3557 3689 3657 3742 καὶ
3688 3688 3834 3742 κατὰ

2251 3782 2550 3853 συγγενῶν,
2582 3783 2677 3835 καὶ
2701 3782 3070 3853 θεραπόντων,
3098 3781 3196 3835 καὶ
3219 3781 3364 3836 κατὰ
3391 3780 3609 3835 πάντων
3638 3779 3833 3843 ἁπλῶς

2248 3877 2329 3939 είς
2375 3873 2469 3940 οὓς
2510 3874 2708 3939 αὐτοὺς
2750 3875 2783 3945 ή
2823 3873 2918 3927 τοῦ
2961 3874 3191 3945 μελετᾷν
3238 3873 3361 3927 καθ’
3411 3873 3569 3945 ήμῶν
3605 3872 3832 3925 ἐλαύνει

2251 3967 2483 4023 ἐπίνοια.
2529 3968 2592 4020 El
2630 3967 2687 4020 δὲ
2729 3968 2823 4020 καὶ
2853 3965 3098 4031 ἐξέλιπον
3138 3977 3160 4005 θ
3202 3966 3577 4038 ὲξερευνήσεις
3606 3964 3832 4036 ἐξερευ-

2249 4060 2479 4125 νῶντες,
2517 4058 2641 4112 οὔτε
2687 4059 2790 4130 τῆς
2839 4059 3063 4113 ἐκείνων
3099 4058 3324 4127 γνώμης
3361 4056 3485 4111 οὑτε
3528 4058 3628 4127 τῆς
3667 4057 3830 4126 ήμῶν

2248 4152 2472 4223 ἀρετῆς,
2510 4152 2644 4205 ἀλλὰ
2664 4152 2774 4224 τῆς
2803 4151 3024 4223 βαθείας
3052 4152 3145 4205 καὶ
3176 4151 3384 4221 ὑψηλῆς
3409 4148 3829 4220 φιλανθρωπίας

2246 4246 2340 4298 τοῦ
2386 4245 2521 4298 Θεοῦ
2576 4242 2644 4318 ἧς
2704 4245 2871 4317 μόνης
2903 4243 3193 4315 ήρτήμεθα
3215 4284 3229 4306 ,
3260 4243 3353 4297 καὶ
3390 4243 3475 4312 ἐφ’
3568 4243 3660 4295 τὸν
3710 4241 3829 4310 βίον

2248 4338 2547 4409 σαλεύομεν
2574 4354 2587 4369 ·
2638 4338 2914 4401 τοσούτοις
2946 4337 3043 4391 καὶ
3081 4335 3417 4405 τηλικούτοις
3463 4334 3828 4405 περιαντλού-

2249 4448 2399 4502 μενοι
2426 4430 2686 4503 κύμασιν,
2717 4430 2841 4485 ἀντὶ
2870 4431 2929 4484 δὲ
2974 4430 3272 4499 συγγενῶν,
3311 4430 3433 4482 ἀντὶ
3475 4429 3668 4497 φίλων,
3700 4429 3827 4481 ἀντὶ

562 4523 661 4577 pro
688 4507 898 4573 amicis,
938 4525 1037 4579 pro
1083 4511 1321 4577 famulis,
1357 4529 1455 4584 pro
1501 4521 1828 4577 canentibus
1868 4522 2136 4595 Psalmos,

2255 4524 2299 4577 se
2339 4523 2717 4595 θεραπόντων,
2779 4522 2899 4576 ἀντὶ
2952 4520 3297 4591 ψαλλόντων,
3348 4521 3471 4573 ἀντὶ
3521 4520 3579 4572 δὲ
3636 4519 3825 4588 πάσης

562 4611 663 4666 pro
694 4613 1023 4669 quocunque
1074 4599 1312 4657 humano
1340 4604 1566 4673 solatio;
1618 4609 1840 4678 milites,
1890 4617 2137 4673 custodia

562 4690 785 4756 tribuni,
811 4691 1020 4759 vicarii,
1052 4693 1317 4751 militares
1345 4697 1514 4766 ecpize
1545 4715 1643 4755 nos
1697 4702 2131 4764 circumsistunt.

2244 4616 2595 4688 ἀνθρωπίνης
2644 4612 3027 4684 παραμυθίας,
3058 4613 3148 4677 τίς
3186 4612 3516 4682 στρατιῶται
3546 4611 3642 4665 καὶ
3694 4628 3824 4663 ιου-

2246 4709 2463 4771 στωδία,
2508 4709 2605 4761 καὶ
2644 4705 2938 4777 τριῦοὖνοι,
2979 4705 3077 4758 καὶ
3118 4705 3374 4775 βικάριοι,
3411 4704 3507 4757 καὶ
3548 4720 3829 4773 στρατιω-

560 4778 715 4836 Uude
746 4785 946 4851 poterit
987 4784 1167 4841 amina
1197 4794 1276 4842 tot
1318 4790 1582 4845 malorum
1612 4793 1839 4852 falcibus
1863 4798 2056 4865 divisa,
2101 4818 2131 4857 a

2255 4800 2384 4855 ιικοὶ
2418 4799 2564 4870 λόχοι
2611 4797 3027 4869 περικάθηνται.
3074 4797 3200 4859 Πῶς
3246 4792 3339 4850 οὖν
3383 4797 3417 4865 ή
3443 4794 3591 4865 ψυχὴ
3628 4793 3825 4847 τοσού-

558 4887 789 4941 corpore
814 4889 923 4927 non
953 4877 1150 4947 abripi,
1193 4888 1249 4934 et
1274 4880 1557 4952 aufugere,
1585 4896 1735 4942 certe
1756 4897 1812 4942 et
1843 4889 1946 4947 hoc
1998 4894 2128 4949 mibi

2255 4911 2352 4958 ιοις
2380 4892 2570 4947 κακῶν
2601 4891 2889 4963 δρεπάνοις
2921 4887 3276 4960 διαιρουμένη
3305 4887 3400 4940 τοῦ
3430 4885 3686 4956 σώματος
3717 4886 3827 4939 οὑκ

560 4976 827 5015 summam
844 4964 1243 5022 dubitationem
1265 4978 1469 5025 movet.

1113 5160 1333 5219 EPIST.
1375 5163 1567 5222 XXXI.

660 5246 856 5301 Joamti
889 5251 1111 5305 nutricio
1142 5264 1191 5306 et
1228 5256 1495 5311 sacellauo
1552 5263 1693 5328 apud
1721 5263 2005 5333 Augurius.

2236 4989 2449 5061 ἐρράγη
2502 4987 2596 5039 καὶ
2646 4986 2898 5055 ἐξέφυγε,
2933 4985 3091 5038 τοῦτο
3120 4982 3217 5037 καὶ
3263 4982 3410 5054 ήμᾶς
3454 4983 3534 5044 είς
3576 4980 3821 5046 ἀπορίαν

2232 5080 2601 5151 περιίστησιν.

2833 5169 3059 5223 ΕΠΙΣΤ.
3103 5170 3230 5223 AA'.

2240 5266 2486 5335 Ἰωάννῃ
2536 5264 2824 5335 πατρικίῳ
2872 5261 2971 5316 καὶ
3020 5260 3423 5335 σᾳκελλαρίῳ,
3489 5254 3644 5310 κατὰ
3672 5254 3819 5321 τοὺς

2814 5332 3216 5401 Ἀτγουρίους.

1795 5424 2058 5481 Montacut.
2099 5435 2205 5500 (ep.
2238 5436 2322 5496 86,
2358 5448 2407 5497 ρ.
2443 5430 2576 5495 131).

628 5496 813 5553 Talem
842 5515 941 5570 ego
968 5498 1217 5555 mihimet
1243 5503 1476 5558 amicum
1504 5506 1834 5581 conjungere
1856 5496 2127 5589 Optaretn,

553 5609 653 5664 per
688 5609 850 5663 quem
878 5608 1056 5665 neque
1082 5596 1404 5665 superbiens
1423 5596 1602 5669 aliqua
1628 5604 1799 5673 gratia
1832 5618 1887 5662 et
1913 5614 2126 5669 excelsa

2320 5522 2577 5592 Ἑλοίμην
2606 5518 2675 5574 ἂν
2701 5519 2878 5587 ἔγωγε
2912 5516 3066 5586 φίλον
3087 5513 3310 5586 ἐμαυτῷ
3341 5512 3618 5580 συζεῦξαι,
3642 5512 3707 5578 ἐξ
3728 5503 3820 5575 οὗ,

2238 5616 2377 5687 μήτε
2425 5613 2535 5667 τῶν
2586 5609 2954 5682 ὑπερηφάνων
3010 5626 3101 5679 μοι
3144 5606 3383 5679 χαρίτων
3440 5604 3531 5660 καὶ
3588 5604 3818 5676 ὑψηλῶν

1799 5729 2033 5787 νΑΙὶΙιΕ
2073 5732 2483 5792 LECTIONES.

624 5816 653 5853 ’ί
681 5818 1067 5876 διασπώμενοι.
1153 5834 1173 5861 ε
1205 5824 1269 5878 ἴσ
1322 5826 1450 5882 add.
1498 5845 1641 5882 ποτε.
