4046 6410
174 410 282 471 949
1322 407 1765 469 EPISTOLARI

1892 408 2125 470 LIBER
2160 407 2275 469 III:
3316 405 3419 467 950

177 521 349 594 μηδὲν
386 519 586 585 ἔσοιτο,
627 519 764 591 μήτε
812 517 999 583 δεδιὼς
1055 519 1195 591 εἴην,
1257 519 1472 589 μήποτε
1518 518 1756 582 πνεύσας

1869 518 2226 589 impertiatur,
2294 531 2473 587 neque
2501 530 2532 570 a
2561 526 2670 587 quo
2717 515 2959 577 timeam,
2992 526 3062 567 ne
3086 526 3154 567 ex
3192 512 3420 568 adverso

172 617 237 668 ὲκ
285 612 379 667 τοῦ
428 611 672 667 ἐναντίου
721 611 1190 685 συγκατασπάση,
1232 611 1327 664 καὶ
1359 610 1397 665 δ.
1429 610 1566 682 μηδὲ
1608 612 1742 683 ὄναρ

1869 612 1981 667 nihi
2023 611 2225 682 aliquid
2263 610 2475 665 allletur
2500 610 2645 664 unde
2670 607 3019 676 disjiciantur
3040 618 3130 659 res
3172 619 3329 665 mete,
3365 612 3422 657 et

173 706 385 759 ἐκεῖθεν
414 706 640 776 ἤλπισα.
676 705 849 758 Πόθεν
880 700 973 758 οὖν
1003 706 1084 768 είς
1115 702 1318 774 ταύτην
1366 702 1601 769 ὲξέπεσα
1643 705 1746 774 τὴν

1869 718 1912 758 :a
1943 704 1998 759 in
2016 719 2104 759 me
2126 704 2540 767 contrahantur,
2561 716 2682 773 qua:
2703 714 2773 755 ne
2797 714 2896 770 per
2925 710 3175 754 somnum
3204 696 3423 766 quidem

175 798 467 870 βούλησινς
495 799 553 853 αἱ
582 798 675 851 σαὶ
701 796 952 868 πράξεις,
981 798 1075 851 τοῦ
1103 814 1233 851 ποτε
1262 797 1546 868 φιλοῦντος
1575 799 1742 869 ἡμᾶς,

172 889 269 943 ἐπὶ
300 889 507 959 ταύτην
533 888 760 959 ἢγαγον.

768 1088 996 1143 ΕΠΙΣΤ.
1037 1087 1163 1142 AB'.

415 1179 620 1252 Βαάνῃ
662 1180 1039 1250 πραιποσίτῳ
1076 1180 1175 1236 καὶ
1209 1181 1511 1251 πατρικίῳ.

1857 794 2172 866 cogitaram.
2232 794 2333 849 Ast
2394 793 2542 849 unde
2579 792 2713 847 mihi
2753 791 2859 846 hoc
2894 788 3113 846 consilii
3143 788 3423 844 aboritur?

1854 894 1963 940 tua:
2009 901 2097 941 me
2128 885 2373 941 actiones
2411 886 2746 954 impulerunt
2797 883 2854 937 in
2892 882 3037 937 hanc
3072 879 3421 946 sententiam,

1855 978 1947 1048 qui
1977 979 2103 1033 olim
2133 995 2221 1034 me
2258 979 2543 1034 diligebas.

2393 1089 2611 1151 El’lST.
2656 1066 2870 1145 xXxn.

2208 1183 2411 1240 Baana:
2436 1185 2721 1254 praeposito
2749 1193 2799 1239 et
2833 1182 3077 1252 patricio.

1430 1298 1697 1350 Montacut.
1735 1300 1839 1365 (ep.
1870 1301 1952 1364 9i,
1985 1316 2037 1365 p.
2070 1302 2206 1366 155).

249 1395 363 1456 Ἦν
389 1419 517 1454 ποτε
549 1398 779 1471 κρύφιος
808 1400 960 1471 φίλος
983 1402 1011 1455 6
1060 1400 1258 1473 Ἰωσὴφ
1278 1443 1295 1468 ,
1324 1402 1419 1455 καὶ
1443 1401 1754 1474 νυκτερινὸς

179 1492 435 1563 μαθητὴς
458 1492 554 1545 τοῦ
582 1492 716 1563 ἐμοῦ
747 1493 1021 1546 Δεσπότου
1056 1493 1150 1546 καὶ
1174 1492 1309 1546 Θεοῦ
1330 1509 1343 1523 ⁸
1382 1493 1500 1546 ἀλλ’
1528 1494 1755 1565 ὕστερον

174 1585 309 1648 τοὺς
349 1583 578 1655 δεσμοὺς
629 1584 947 1656 ἀπορῥήξας
1001 1584 1101 1653 τῆς
1152 1584 1372 1650 δειλίας,
1408 1585 1516 1639 τῶν
1563 1587 1644 1649 είς
1693 1585 1755 1639 τὸ

1929 1404 2059 1462 Erat
2090 1406 2379 1477 aliquando
2413 1406 2637 1478 Joseph,
2675 1406 2909 1463 latenter
2965 1403 3173 1460 amicus
3227 1410 3281 1458 et
3324 1416 3448 1457 no--

1859 1508 2090 1554 cturnus
2120 1499 2421 1570 discipulus
2472 1500 2567 1554 Dei
2605 1506 2661 1554 et
2706 1498 2920 1555 Domini
2948 1496 3083 1565 mei;
3119 1496 3213 1551 sed
3256 1495 3430 1565 ruptis

1857 1600 2048 1661 postea
2109 1590 2342 1647 vinculis
2412 1590 2873 1659 meticulositatis,
2928 1587 3313 1645 inﬂammatius
3375 1593 3433 1640 et

176 1675 419 1747 φανερὸν
466 1676 765 1745 φιλούντων
810 1676 1142 1748 θερμότερος
1172 1677 1267 1731 καὶ
1307 1676 1754 1749 θαρῥαλεώτερος

1869 1679 2226 1736 confidentius
2254 1695 2314 1736 se
2367 1682 2556 1753 gessit,
2586 1696 2749 1752 quam
2777 1681 2875 1748 illi,
2906 1681 2999 1750 qui
3055 1678 3306 1733 amabant
3334 1690 3430 1745 pa-

176 1767 410 1836 γέγονε·
458 1767 553 1821 καὶ
596 1768 655 1820 τὸ
706 1768 1038 1821 Δεσποτικὸν
1085 1768 1169 1837 ἐφ’
1217 1766 1372 1839 ὕϐρει
1411 1768 1755 1839 κρεμάμενον

180 1859 343 1930 σῶμα
401 1858 495 1911 τοῦ
546 1856 702 1923 ξύλου
736 1857 1016 1922 καθελὼν,
1062 1859 1159 1928 τῆς
1202 1858 1432 1929 δυνατῆς
1459 1858 1755 1929 θεραπείας

176 1951 283 2005 οὐκ
341 1951 608 2022 ἠμέλησε.
664 1952 846 2022 Μέχρι
896 1952 1044 2016 τίνος
1086 1951 1266 2004 τοίνυν
1322 1951 1417 2004 καὶ
1460 1951 1623 2015 αὐτὸς
1669 1950 1758 2006 διὰ

178 2044 376 2108 νυκτὸς
404 2046 550 2117 ἡμᾶς
582 2045 897 2116 ἀγαπήσας,
930 2044 1067 2098 ἀλλά
1104 2044 1179 2115 μὴ
1210 2043 1385 2114 φωτὸς
1415 2043 1512 2097 καὶ
1546 2042 1758 2114 ἡμέρας

180 2135 299 2200 υίὸς
322 2136 583 2206 γεγονὼς,
623 2138 806 2207 ῥήξεις
836 2135 994 2203 ἀξίαν
1023 2134 1206 2205 φωνὴν
1236 2134 1337 2206 τῆς
1378 2134 1575 2205 Ἰωσὴφ
1610 2135 1753 2206 παρ-

183 2228 404 2299 ῥησίας,
435 2228 530 2281 καὶ
557 2227 807 2291 καθελεῖς
833 2227 935 2281 ούκ
960 2225 1067 2281 ἀπὸ
1108 2226 1264 2293 ξύλου
1304 2226 1366 2280 τὸ
1405 2226 1585 2295 σῶμα,
1622 2226 1758 2281 ἀλλὰ

186 2319 401 2389 μυρίων
423 2320 743 2391 πειρασμῶν
771 2319 864 2373 καὶ
894 2318 1124 2389 θλίψεων
1147 2319 1241 2372 καὶ⁵
1266 2317 1639 2386 ταλαιπωρίας
1662 2317 1758 2371 καὶ

184 2411 391 2483 πικροῦ
428 2413 694 2483 ῥυόμενος
722 2412 817 2465 καὶ
850 2410 1214 2483 καθημερινοῦ
1257 2410 1488 2464 θανάτου
1531 2407 1583 2476 ί;
1614 2410 1674 2463 Εἰ
1702 2409 1759 2462 δέ

185 2521 247 2557 σε
271 2505 307 2576 ἡ
335 2505 429 2558 τοῦ
457 2503 657 2575 κόσμου
691 2504 864 2575 φιλία,
898 2504 1050 2576 καὶὴ
1086 2503 1221 2574 πρὸς
1248 2502 1411 2557 αὑτὸν
1450 2503 1766 2574 συμπάθεια

184 2597 288 2650 οὐκ
341 2598 428 2668 ἑᾷ,
476 2597 653 2668 μάτην
697 2597 778 2661 είς
822 2595 1148 2666 καταφυγὴν
1196 2597 1290 2649 καὶ
1348 2595 1697 2666 παράδειγμα
1738 2596 1767 2648 6

198 2688 401 2760 Ἰωσὴφ
432 2688 702 2762 ὲπενοήθτΊ
735 2688 832 2743 καὶ
866 2687 1283 2760 προκομίζεται.

781 2802 1013 2856 ΕΠΙΣΤ.
1055 2801 1174 2857 AI".

270 2894 526 2965 Ἰωάννῃ
563 2896 851 2964 πατρικιφ
878 2895 978 2950 καὶ
1022 2894 1331 2965 στρατηγῷ
1382 2893 1673 2958 Ἑλλάδος
1712 2886 1720 2949 ἵ

1855 1772 1963 1826 lam
1998 1787 2012 1825 :
2049 1770 2397 1827 Dominicum
2425 1787 2630 1843 corpus
2654 1772 3049 1829 contumeliose
3083 1784 3430 1842 suspensum,

1854 1861 1923 1918 de
1977 1861 2124 1933 ligno
2178 1861 2417 1927 sustulit,
2477 1870 2533 1916 et
2590 1876 2700 1931 quo
2756 1860 2935 1931 potuit
2990 1859 3154 1914 modo
3199 1859 3432 1914 curavit.

1856 1951 2150 2021 Quousque
2170 1959 2227 2005 tu
2260 1960 2316 2007 et
2338 1966 2425 2007 me
2449 1967 2547 2022 per
2566 1961 2783 2007 noctem
2812 1951 3113 2007 dilecturus
3127 1965 3207 2015 es,
3239 1959 3295 2006 et
3322 1966 3435 2005 non

1858 2044 1993 2098 lucis
2013 2053 2177 2114 atque
2199 2043 2307 2099 diei
2331 2044 2507 2099 factus
2541 2043 2705 2110 ﬁlius,
2726 2058 2917 2098 vocem
2948 2043 3168 2115 dignam
3212 2057 3436 2112 rumpes

1859 2135 2084 2206 Josephi
2137 2134 2481 2202 fortitudine,
2542 2145 2597 2191 et
2645 2151 2758 2191 non
2788 2134 3009 2205 quidem
3046 2148 3245 2203 corpus
3273 2134 3340 2188 de
3375 2133 3439 2186 li-

1861 2245 1967 2301 gno
1990 2227 2227 2295 auferes,
2263 2228 2358 2283 sed
2390 2228 2458 2284 de
2497 2227 2646 2284 mille
2673 2227 2847 2283 modis
2884 2227 3262 2292 tentationum,
3301 2224 3439 2281 allli-

1862 2321 2133 2387 ctionum,
2174 2319 2543 2385 miseriarum,
2600 2318 2795 2373 acerba
2836 2328 2890 2372 et
2919 2317 3228 2387 quotidiana
3263 2322 3438 2370 morte

1866 2414 2144 2486 expedies.
2199 2412 2352 2479 Quod
2410 2412 2457 2467 si
2496 2420 2551 2466 te
2595 2410 2858 2482 impediat
2894 2409 3133 2464 amicitia
3158 2406 3349 2462 mundi
3382 2414 3439 2461 et

1860 2508 2091 2564 affectus
2109 2521 2236 2577 erga
2273 2505 2563 2570 mundum,
2606 2502 2806 2558 frustra
2838 2501 2932 2557 tibi
2979 2498 3294 2571 excogitasti
3346 2497 3441 2553 Jo-

1862 2606 2119 2676 sephum,
2148 2612 2203 2657 et
2246 2601 2303 2656 in
2354 2600 2597 2656 medium
2651 2597 2878 2654 adducis
2910 2605 3166 2666 tanquam
3192 2599 3439 2651 recenta-

1863 2695 2042 2750 culum
2077 2703 2130 2748 ct
2160 2692 2460 2762 exemplar.

2442 2797 2662 2854 EPIST.
2703 2794 2944 2852 XXXIII.

2178 2890 2370 2946 Joanni
2395 2889 2643 2961 patricio,
2668 2897 2713 2941 et
2742 2885 2958 2942 Graecia:
3017 2884 3161 2939 duci.

1436 3006 1703 3057 Montacut.
1744 3003 1848 3069 (ep.
1882 3001 1963 3065 93,
1995 3017 2045 3066 p.
2081 3003 2213 3065 134).

1436 3006 1703 3057 Montacut.

261 3105 505 3177 Εὔνομος
546 3107 691 3181 ᾄδων
731 3109 1092 3180 ὲσεμνύτετο,
1137 3110 1291 3179 φασὶ,
1331 3110 1360 3163 6
1397 3110 1627 3184 Λοκρός.
1661 3003 1765 3162 Ra:

1882 3003 1963 3065 93,
1995 3017 2045 3066 p.
2081 3003 2213 3065 ιιι).

1945 3106 2192 3163 Celebris
2244 3104 2473 3159 habetur
2530 3102 2810 3158 Eunomus
2880 3095 3167 3155 Locrensis
3198 3101 3455 3150 .cantor-

188 3194 289 3271 ᾖδε
331 3198 440 3269 γὰρ
486 3198 728 3269 θέλγων,
781 3202 874 3256 καὶ
921 3202 1259 3272 κηλούμενος
1305 3205 1432 3266 τοὺς
1470 3203 1766 3274 ἀκροατάς.

187 3290 337 3353 Μιᾶς
362 3289 419 3343 δέ
451 3307 579 3343 ποτε
611 3291 874 3363 ῥαγείσης
898 3292 1047 3363 αύτῷ
1086 3292 1314 3364 χορδῶν,
1341 3293 1521 3358 τέττιξ
1552 3294 1646 3347 ἐπὶ
1680 3295 1772 3347 τὸν

189 3380 376 3451 πῆχυν
398 3382 649 3448 καθίσας,
674 3383 768 3437 τὸν
794 3383 1029 3454 φθόγγον
1050 3384 1360 3454 ἀνεπλήρου
1384 3385 1482 3456 τῆς
1509 3385 1771 3455 ῥαγείσης

189 3474 411 3545 χορδῆς,
443 3475 536 3529 καὶ
562 3470 630 3543 ἦν
652 3476 882 3548 Εὐνόμῳ
916 3476 1081 3531 πάλιν
1104 3478 1273 3549 ᾄδειν,
1300 3478 1376 3542 ὼς
1401 3479 1462 3533 τὸ
1487 3479 1769 3550 πρότερον,

190 3566 471 3636 ἐμμελῶς.
507 3567 570 3620 EI
624 3567 680 3622 δέ
724 3584 789 3636 γε
822 3570 990 3639 ἡμῖν,
1040 3570 1162 3623 ἀντὶ
1200 3570 1447 3639 τέττιγος
1486 3572 1580 3624 καὶ⁴
1615 3570 1772 3642 ξένης

190 3656 362 3727 ᾠδῆς,
395 3657 498 3728 τῆς
533 3658 632 3730 σῆς
659 3659 865 3729 φιλίας,
892 3661 993 3715 οὐκ
1027 3656 1124 3715 οἷδ’
1153 3660 1276 3716 ὅθεν
1315 3661 1771 3735 περιρῥαγείσης,

193 3748 685 3820 ἀποκαταστήσας,
722 3750 885 3804 πάλιν
935 3746 1191 3815 ἐντείνεις
1223 3752 1321 3824 τὴν
1352 3753 1553 3824 νευρὰν
1574 3792 1589 3815 ,
1643 3755 1770 3816 ἴσως

194 3836 263 3891 ἂν
291 3839 369 3902 είς
400 3839 499 3909 τὴν
528 3842 799 3911 προτέραν
819 3841 978 3913 ἡμῶν
1004 3843 1324 3915 ὁλοκληρίαν
1344 3844 1372 3897 ό
1403 3844 1518 3915 βίος
1547 3845 1775 3898 ἐπανελ-

196 3928 346 3995 θὼν,
387 3931 481 3983 καὶ
520 3933 843 4001 συμφωνίαν
886 3934 1116 4006 ἀρίστην
1152 3934 1457 4002 ἀναλαϐὼν,
1491 3936 1684 4008 ᾅσεταί
1720 3954 1774 3992 τι

198 4018 361 4089 μέλος
388 4020 754 4092 εὐδαιμονίας,
787 4024 907 4078 ἀντὶ
937 4025 1039 4095 τῆς
1066 4024 1161 4081 νῦν
1189 4027 1517 4098 τραγῳδίας,
1552 4028 1649 4098 ἡδὺ
1681 4027 1774 4083 καὶ

194 4113 429 4183 τερπνόν
448 4130 461 4145 ·
496 4114 723 4179 καὶτοῖς
752 4114 944 4171 ἔπειτα
966 4117 1075 4171 τῶν
1104 4117 1429 4188 ἀνθρώπων,
1463 4120 1583 4190 οὐχὶ
1612 4119 1776 4175 Εῦνο-

199 4221 299 4274 μος
353 4204 449 4259 καὶ
476 4206 809 4277 κιθαρῳδὸς,
842 4206 939 4261 κοιλ⁹
979 4208 1158 4273 τέττιξ
1207 4211 1566 4280 μουσουργὸς,
1601 4212 1773 4282 μύθου

196 4296 424 4367 πλάσμα
449 4298 703 4366 παλαιοῦ,
730 4299 845 4352 ἀλλ’
867 4300 1154 4372 ἀρχιερεὺς
1179 4302 1313 4355 Θεοῦ
1343 4305 1367 4343 ⁸
1396 4303 1549 4371 φίλος
1571 4304 1772 4371 ἔνθεος,

1870 3201 2008 3257 Cum
2043 3208 2285 3261 caneret,
2332 3196 2639 3251 oblectabat
2685 3194 2986 3256 audientes,
3030 3198 3084 3244 et
3116 3186 3439 3252 deliniebat;

1872 3300 1926 3346 at
1950 3305 2076 3346 cum
2106 3287 2396 3358 aliquando
2432 3301 2539 3340 una
2574 3300 2604 3340 e
2632 3284 2829 3338 ﬁdibus
2859 3286 3224 3350 rumperetur,
3253 3275 3442 3332 cicada

1866 3383 1998 3454 jugo
2026 3382 2251 3437 citharae
2282 3378 2547 3443 insidens,
2581 3375 2800 3433 chordae
2824 3373 3055 3441 dirupta;
3091 3370 3238 3424 vices
3265 3368 3443 3422 adim-

1871 3474 2083 3545 plebat,
2108 3474 2183 3527 ita
2236 3481 2298 3526 ut
2347 3485 2473 3525 cum
2498 3474 2770 3523 concentu
2809 3462 3070 3518 Eumelus
3098 3460 3178 3515 uti
3206 3469 3262 3514 et
3290 3457 3444 3529 prius

1871 3544 2116 3620 caneret.
2154 3561 2309 3629 Quod
2369 3560 2415 3615 si
2450 3568 2509 3614 tu
2556 3544 2678 3613 loCo
2702 3556 2920 3611 cicadae
2957 3562 3012 3609 et
3052 3560 3250 3606 cantus
3278 3547 3455 3603 alieni.

1876 3667 1981 3712 tua:
2002 3654 2260 3710 amicitia:
2292 3651 2552 3708 chordam
2586 3648 2910 3716 nescioquo
2958 3654 3120 3715 pacto
3162 3642 3445 3710 diruptam

1874 3747 2162 3811 resarcias,
2222 3754 2278 3800 et
2307 3743 2584 3806 intendas,
2637 3740 2752 3794 ﬁeri
2781 3746 2983 3808 potest,
3015 3746 3074 3791 ut
3092 3736 3202 3790 vita
3231 3742 3444 3797 nostra,

1875 3840 1942 3895 ad
1966 3838 2202 3909 priorem
2236 3835 2602 3908 integritatem
2634 3830 2860 3885 reducta
2891 3828 3154 3899 optimam
3195 3822 3460 3879 conﬁciet-

1877 3929 2240 3996 liarmoniam,
2301 3935 2357 3982 et
2398 3942 2497 3997 pro
2551 3923 2806 3996 prmsenti
2858 3919 3137 3991 tragoedia,
3197 3915 3448 3973 concinet

1875 4021 2199 4078 cantilenam
2248 4017 2523 4075 felicitatis
2560 4015 2810 4085 alicujus,
2853 4027 2978 4083 qua:
3003 4009 3206 4077 suavis,
3239 4018 3459 4064 etcum

1875 4114 2240 4171 delectatione
2285 4111 2357 4166 sit
2389 4128 2404 4166 :
2436 4119 2491 4166 et
2518 4108 2706 4164 futuro
2738 4106 2939 4163 saeculo
2981 4119 3095 4159 non
3114 4102 3310 4173 aliquis
3339 4100 3449 4155 Eu-

1875 4222 2072 4262 nomus
2101 4202 2438 4259 -citharedus
2480 4208 2575 4255 aut
2631 4199 2817 4254 cicada
2866 4197 3107 4252 musices
3152 4192 3446 4264 Operatrix,

1877 4309 2106 4355 vetustae
2134 4297 2414 4368 cujusdam
2450 4293 2644 4349 fabula:
2674 4293 3009 4364 ﬁgmentum,
3041 4287 3137 4344 sed
3180 4284 3274 4340 Dei
3311 4300 3451 4354 pon-

197 4390 295 4442 καὶ
324 4389 510 4456 καλὸς,
541 4392 623 4456 εἰς
654 4391 1008 4463 παράδειγμα
1036 4394 1129 4446 καὶ
1156 4395 1459 4466 παροιμίαν
1484 4395 1765 4466 ἐξαρκέσει

1880 4391 2011 4447 tifex
2043 4390 2252 4446 amicus
2292 4387 2511 4442 divinus
2538 4393 2592 4440 ct
2616 4385 2798 4439 bonus
2834 4380 3087 4447 sufﬁciet,
3112 4376 3207 4449 qui
3236 4376 3292 4430 in
3323 4388 3451 4445 pro-

196 4479 479 4553 ἀληθινήν.

797 4597 1021 4653 ΕΠΙΣΤ.
1051 4600 1172 4659 ΛΔ’.

229 4687 445 4782 ⁵Λέοντι
466 4689 566 4746 καὶ
593 4690 905 4747 Γαλάτωνι
938 4691 1224 4762 ἀδελφοῖς
1254 4695 1349 4749 καὶ
1378 4695 1735 4765 ἀσηκρῆτις.

1803 4457 1851 4514 D
1878 4483 2123 4539 verbium
2150 4482 2308 4537 abeat
2336 4493 2525 4534 verum
2551 4485 2608 4532 et
2629 4475 2904 4545 exemplar

2412 4591 2633 4649 EPIST.
2677 4588 2918 4645 XXXIV.

2049 4688 2227 4742 Leonti
2253 4696 2299 4740 et
2333 4683 2582 4743 Galatoni
2610 4682 2869 4753 fratribus
2900 4688 2962 4734 ειη
2990 4696 3021 4731 a
3055 4678 3283 4731 secretis.

1436 4788 1702 4839 Montacut.
1740 4788 1841 4852 (ep.
1878 4786 1986 4845 105,
2024 4799 2072 4846 p.
2114 4781 2243 4842 150).

271 4890 337 4945 El
359 4889 457 4953 τὰς
486 4889 624 4961 πρὸς
649 4889 764 4962 ἔριν
780 4893 1138 4964 παρασκευὰς
1157 4893 1471 4961 ἐξελύσατε,
1503 4895 1599 4959 τὰς
1635 4896 1771 4967 ἦμε-

195 4982 366 5052 τέρας
391 4981 631 5049 ὲντολάς,
664 4982 768 5036 κᾶν
792 4982 886 5039 νῦν
918 4984 1069 5051 γοῦν,
1097 4986 1220 5039 ἐπεὶ
1248 4987 1323 5057 μὴ
1351 4986 1638 5059 πρότερον,
1675 4989 1771 5041 ἐκ·

196 5071 550 5145 πληρώσατε,
575 5072 669 5126 καὶ
691 5073 753 5125 τὸ
783 5072 983 5143 βιϐλίον
1008 5074 1375 5147 διορθώσασθε
1398 5095 1411 5108 ·
1438 5078 1771 5148 σφαλμάτων

197 5168 312 5237 γὰρ
345 5166 476 5219 αὐτὸ
519 5166 719 5236 μᾶλλον
748 5166 782 5237 ἦ
812 5170 1153 5237 γραμμάτων
1178 5209 1194 5234 ,
1222 5170 1353 5241 όρᾷν
1384 5168 1502 5223 ἐστι
1542 5174 1655 5234 τοῖς
1684 5171 1770 5223 ἐν·

196 5256 529 5327 τυγχάνουσι
572 5256 859 5329 [βιϐλίον’]
898 5257 1041 5312 οὕτω
1080 5261 1136 5314 δὲ
1168 5257 1321 5331 οἶμαι
1363 5262 1505 5316 κατά
1544 5261 1776 5331 σπουδὴν

199 5349 466 5420 πράξασι,
502 5350 645 5421 καὶὴ
672 5350 766 5401 ἐπὶ
794 5351 858 5419 τῇ
893 5351 1134 5423 προτέρᾳ.
1163 5356 1415 5425 παρακοῇ
1451 5353 1773 5423 συγγνώμη,

201 5443 282 5512 μὴ
310 5441 474 5495 πλέον
514 5436 649 5496 οῦσα
677 5438 1041 5511 συγγνώμης,
1076 5444 1210 5499 ἀλλὰ
1244 5446 1335 5500 τὸν
1375 5445 1535 5517 ὀρθὸν
1569 5446 1774 5516 φυλάτ-

197 5551 371 5590 τουσα
398 5535 575 5603 λόγον,
605 5531 1053 5602 ἐπακολουθήσει.

1949 4892 2008 4946 Si
2028 4897 2325 4961 apparatus
2348 4894 2564 4943 vestros
2586 4882 2655 4939 ad
2678 4879 3088 4938 contentionem
3100 4873 3298 4931 missos
3319 4871 3450 4929 iect-

1879 4984 1999 5049 stis,
2039 4992 2097 5038 at
2144 4996 2312 5047 nunc,
2343 4978 2607 5048 siquidem
2636 4989 2745 5029 non
2802 4970 2974 5042 prius,
3011 4974 3281 5039 praecepta
3327 4979 3448 5019 mea

1879 5078 2182 5141 observate,
2197 5081 2252 5129 et
2273 5072 2468 5127 librum
2494 5065 2770 5135 corrigite.
2806 5061 2939 5117 Nam
2968 5059 3062 5130 qui
3090 5072 3216 5112 cum
3246 5056 3302 5111 in
3332 5070 3450 5109 ma-

1880 5185 1985 5225 nus
2015 5166 2366 5237 sumpserint,
2393 5160 2566 5234 magis
2598 5156 2878 5213 erroribus
2909 5161 3120 5209 scatere
3150 5163 3314 5221 quam
3358 5147 3423 5203 lit

1876 5265 2007 5320 teris
2041 5261 2322 5318 videbunt.
2346 5254 2511 5324 Quod
2532 5251 2577 5307 si
2604 5250 2850 5323 gnaviter
2877 5247 2933 5300 in
2962 5246 3065 5299 hoc
3094 5239 3452 5298 incubueritis

1876 5356 2090 5410 veniam
2105 5344 2503 5419 consequimini
2529 5343 2597 5398 de
2623 5338 2893 5412 praeterita
2924 5335 3147 5404 insuper
3170 5329 3453 5387 habiti’one
3510 5382 3521 5392 ,

1875 5456 1931 5503 et
1978 5445 2249 5517 neglectu,
2286 5418 2390 5496 nec
2426 5438 2564 5493 ultra
2598 5432 2812 5490 veniam
2869 5428 2999 5501 quid
3031 5418 3449 5517 consequimini,

1878 5554 2000 5592 nam
2025 5535 2319 5591 secundum
2357 5539 2553 5585 rectam
2588 5526 2850 5581 rationem
2882 5518 3248 5589 indulgebitur
3277 5511 3453 5566 vobis.

1462 5693 1693 5752 VARlAi
1732 5693 2136 5751 LECTIUMiS.

287 5847 308 5885 ί
349 5849 436 5901 EC.
470 5846 594 5902 add.
626 5848 722 5919 τὴν
758 5848 957 5919 ψυχήν.
1041 5850 1063 5885 8
1135 5849 1247 5903 καί.
