4080 6410
587 415 687 480 951

1127 526 1347 585 EPIST.
1384 525 1597 583 XXXV.

1097 622 1363 679 Damiano
1406 620 1616 691 hospiti.

1674 418 1936 479 ΡΗΟΤΙΙ
1976 417 2479 479 PATRIARCH/E
2518 420 2627 480 (ΖΡ.

2180 533 2229 591 Α

3719 410 3844 477 952

2854 524 3078 580 ΕΠΙΣΤ.
3104 522 3229 578 AE'.

2728 613 2999 686 Δαμιανῷ
3026 612 3342 681 ξενοδόχφ.

1815 712 2080 762 Montacut.
2117 712 2219 775 (ep.
2253 712 2364 772 108,
2402 728 2449 775 ρ.
2483 712 2618 774 155).

662 816 823 877 Venit
853 820 921 877 ad
961 835 1048 876 me
1092 818 1352 875 hesterno
1382 816 1492 883 die,
1531 830 1656 871 cum
1706 812 1819 885 jam
1864 812 2150 869 luminaria

586 913 1012 969 accenderentur
1044 911 1342 983 (nrgentior
1372 909 1492 979 ejus
1527 907 1743 963 miseria
1788 905 1856 961 ab
1882 905 2153 977 intempe-

586 1005 727 1060 stivo
739 1018 958 1061 accessu
974 1002 1280 1075 videbatur)
1292 1002 1476 1069 ,homo
1489 999 1759 1071 indigens,
1781 1010 1903 1053 cum
1920 997 2149 1068 eiulatu,

584 1104 643 1152 et
690 1110 821 1152 voce
849 1096 1214 1152 calamitatem
1239 1101 1495 1158 testante,
1525 1093 1600 1147 ita
1629 1100 1691 1145 ut
1719 1088 2073 1146 mollel‘acere
2095 1099 2152 1145 et

584 1201 813 1242 exorare
842 1195 1025 1256 posset
1052 1181 1291 1240 ferarum
1319 1182 1531 1238 animos
1555 1200 1570 1247 ;
1592 1180 1781 1237 tunica
1798 1181 1952 1236 illum
1975 1180 2153 1235 lacera

582 1279 710 1334 vitae
737 1288 995 1349 opertura
1026 1278 1279 1349 tegebat;
1309 1276 1493 1331 vultus
1522 1275 1709 1347 plagas
1746 1274 2014 1345 impactas
2051 1273 2153 1328 bo-

583 1370 791 1425 minum
816 1385 997 1442 pugno
1028 1386 1140 1440 pra:
1197 1385 1256 1425 se
1308 1367 1537 1432 ferebat,
1569 1380 1690 1437 qua:
1720 1364 1983 1434 imprimis
2012 1378 2147 1419 con-

582 1469 800 1516 tuentes
832 1462 886 1516 in
925 1462 1358 1532 compassionem
1388 1468 1445 1515 et
1468 1459 1675 1513 luctum
1707 1456 1990 1525 adigerent
2017 1472 2032 1521 ;
2062 1468 2150 1510 me

587 1552 855 1622 imprimis
888 1554 962 1607 ita
1012 1553 1152 1607 male
1203 1552 1532 1614 habuerunt,
1564 1549 1710 1620 quod
1754 1547 2137 1617 intelligerem,

578 1637 731 1692 illum
759 1654 1055 1709 pauperem
1083 1639 1186 1695 ista
1220 1653 1461 1709 passum,
1491 1654 1521 1692 a
1554 1637 1690 1692 mihi
1716 1637 1901 1701 notis;
1935 1643 1992 1690 at
2016 1651 2147 1691 cau-

578 1744 695 1783 sam
729 1744 853 1785 cum
882 1729 1098 1795 rescivi,
1140 1740 1359 1800 prepter
1379 1744 1542 1799 quam
1579 1743 1873 1799 perpessus
1903 1727 2019 1783 haec
2044 1726 2133 1782 in-

2327 809 2470 869 Ἦκε
2500 815 2648 885 χθὲς,
2676 811 2753 877 ὡς
2784 811 2966 884 ἡμᾶς,
2997 807 3127 881 περὶ
3170 804 3382 878 λύχνων
3410 802 3557 873 ἁφὰς
3588 801 3609 871 (
3636 802 3836 873 μεῖζον

2258 906 2367 979 γὰρ
2394 905 2544 975 αὐτῷ
2572 903 2668 959 καὶ
2696 902 2795 973 τῆς
2826 900 3035 972 ἁωρίας
3060 898 3123 951 τὸ
3149 895 3320 959 πάθος
3354 892 3649 962 ἐτύγχανεν
3675 889 3696 958 )
3723 887 3834 942 ἄν·

2258 999 2475 1071 θρωπος
2512 996 2681 1067 πένης
2710 993 2943 1056 κλαίων,
2972 990 3068 1045 καὶ
3092 987 3274 1058 φωνὰς
3295 984 3449 1056 ἠφίει
3472 984 3653 1045 πάσας
3672 980 3704 1021 δ
3731 979 3833 1071 ἐπ’

2255 1070 2409 1161 ἐλέῳ.
2439 1088 2496 1142 αἶ
2543 1086 2832 1157 μαλάττειν
2869 1083 2968 1138 καὶ
3030 1079 3301 1134 δυσωπεῖν
3345 1076 3530 1147 ῐσχυον
3555 1075 3654 1128 καὶ
3676 1070 3833 1142 γνὼ-

2256 1198 2362 1253 μην
2391 1181 2630 1252 θηρίων·
2666 1176 2987 1249 χιτωνίσκος
3021 1168 3091 1243 ἦν
3125 1170 3276 1242 αύτῷ
3310 1165 3832 1241 περιερρηγμένος,

2252 1274 2517 1342 κάλυμμα
2546 1268 2641 1323 τοῦ
2694 1268 2832 1339 βίου·
2877 1264 2974 1321 καὶ
3009 1262 3226 1333 πληγὰς
3269 1260 3370 1324 τὰς
3413 1257 3476 1323 ἐξ
3513 1254 3833 1325 ἀνθρώπων

2251 1364 2443 1436 ἐφερεν
2474 1364 2567 1417 ἐπὶ
2595 1362 2690 1416 τοῦ
2722 1357 3040 1431 προσώπου’
3094 1355 3131 1409 ἃ
3161 1354 3361 1426 μᾶλλον
3397 1350 3506 1405 τῶν
3534 1347 3711 1403 ἀλλων
3741 1347 3833 1408 είς

2251 1452 2430 1509 οἶκτον
2465 1456 2559 1508 καὶ
2587 1454 2785 1525 θρῆνον
2815 1452 2941 1515 τοὺς
2973 1448 3215 1519 ὁρῶντας
3258 1438 3561 1515 παρεκάλει
3583 1457 3600 1473 ο
3637 1440 3738 1511 ἐμὲ
3766 1440 3831 1492 δὲ

2250 1547 2433 1613 πλέον,
2450 1547 2537 1600 ὅτι
2566 1546 2661 1600 καὶ
2680 1543 2974 1615 γνωρίμων
2994 1541 3128 1612 ἔργα
3146 1538 3215 1592 τὰ
3244 1540 3259 1579 ἱ
3291 1536 3437 1605 πάθη
3466 1532 3561 1587 τοῦ
3589 1533 3831 1601 πένητος

2248 1638 2631 1709 ἐπυνθανόμην
2661 1655 2675 1670 ο
2706 1637 2782 1699 ὡς
2810 1636 2866 1688 δέ
2900 1651 2991 1705 μοι
3020 1633 3112 1685 καὶ
3138 1631 3174 1700 ἡ
3204 1627 3372 1690 αἰτία,
3400 1625 3468 1680 δι’
3506 1627 3575 1697 ἠν
3622 1622 3693 1678 τὰ
3725 1622 3832 1674 ἀν-

2248 1732 2453 1801 ήκεστα
2484 1730 2666 1789 πάθοι,
2688 1728 2825 1798 δήλη
2848 1725 3112 1795 ἐγεγόνει,
3128 1724 3209 1777 ὅτι
3240 1718 3433 1783 ποινὰς
3462 1717 3605 1770 ἔτισε
3624 1712 3831 1801 ταῦτα,

576 1820 884 1877 suil‘erenda
946 1821 1087 1887 fuit;
1146 1836 1271 1875 cum
1320 1821 1595 1874 mimirum
1651 1820 1775 1875 ideo
1827 1821 1941 1875 haec
1974 1819 2141 1874 luisse

2250 1799 2357 1876 Ξινθ’
2390 1818 2462 1876 ὧν
2507 1822 2583 1891 μὴ
2614 1819 2787 1890 σιγῴη
2825 1817 2961 1889 μηδὲ
2993 1813 3259 1883 ἀγαπῷτο
3290 1810 3479 1881 γήδιον
3504 1806 3639 1860 αὐτὸ
3665 1804 3755 1873 ἐφ’
3780 1799 3831 1871 ᾧ

575 1911 634 1966 in
674 1928 923 1982 corpore,
956 1927 1024 1967 eo
1052 1913 1197 1982 quod
1226 1927 1348 1966 cum
1383 1912 1602 1966 silentio
1628 1920 1683 1966 et
1714 1911 2019 1965 voluntarie
2044 1926 2141 1965 no-

2250 1914 2269 1966 5
2297 1914 2393 1977 τὰς
2423 1911 2519 1966 τοῦ
2547 1913 2646 1984 ζῇν
2680 1910 2937 1964 ἐσάλευεν
2982 1905 3202 1967 ἐλπίδας
3242 1898 3712 1974 προηδικημένος·
3744 1894 3830 1956 ὡς

574 2002 742 2067 lebat,
783 2012 981 2057 terram
1010 2002 1143 2072 ipsis
1173 2001 1407 2068 tradere,
1456 2016 1579 2071 quae
1623 2001 1749 2056 licet
1786 2001 2141 2055 ﬂuctuantem

2250 2003 2332 2061 οὖν
2386 2006 2482 2060 καὶ
2518 2004 2692 2059 ταῦτα
2730 2005 2842 2066 τοῖς
2874 2001 3055 2062 ἄλλοις
3089 1994 3435 2068 προσετέθη,
3460 1993 3580 2054 ὅλος
3610 1989 3828 2058 σφόδρα

572 2093 700 2147 vita:
727 2100 905 2148 tamen
934 2108 1086 2163 spem
1112 2092 1286 2163 ipsius
1317 2091 1574 2159 fovebat;
1601 2091 1720 2147 base
1749 2091 1839 2147 ubi
1870 2092 2019 2147 velut
2048 2106 2144 2147 cu-

573 2183 783 2239 mulum
809 2185 1018 2241 caeteris
1044 2184 1259 2255 adjecit,
1291 2184 1551 2240 confusus
1589 2198 1691 2254 ego
1719 2184 1944 2239 omnino
2002 2198 2141 2238 con-

572 2275 711 2343 stiti,
748 2290 819 2331 ne
852 2276 1069 2344 quidem
1116 2277 1320 2341 minus,
1352 2291 1513 2346 quam
1536 2276 1653 2346 ipse
1699 2276 1792 2330 ille
1810 2290 2047 2346 pauper,
2082 2284 2145 2331 ut

570 2382 644 2423 ne
678 2367 854 2424 dicam
909 2368 1102 2441 magis,
1156 2378 1213 2424 et
1255 2370 1504 2441 profecto
1552 2369 1645 2439 qui
1675 2384 1857 2423 meum
1896 2368 2141 2423 dolorem

572 2460 640 2514 de
658 2458 879 2515 homine
901 2460 1098 2532 injuria
1127 2460 1343 2527 allecto,
1364 2472 1420 2517 et
1435 2471 1487 2517 te
1508 2460 1892 2525 considerabit,
1919 2461 2143 2515 omnino

572 2554 819 2609 dicturus
839 2564 943 2620 est,
967 2555 1301 2625 duplicatum
1332 2570 1473 2612 esse.
1498 2554 1700 2622 Quare,
1725 2554 1799 2608 mi
1819 2553 2007 2618 homo,
2041 2552 2142 2607 mi-

572 2644 771 2700 seriam
814 2648 1047 2717 pauperi
1074 2648 1342 2709 condona,
1380 2647 1547 2702 redde
1571 2645 1719 2717 quod
1737 2645 1937 2715 injuste
1966 2652 2140 2709 tenes,

571 2734 799 2789 vulnera
818 2746 1006 2790 curato
1025 2735 1403 2791 beneﬁcentiae
1433 2737 1573 2791 oleo.
1600 2733 1755 2803 Quod
1774 2734 1819 2790 si
1848 2748 2143 2805 pauperem

573 2826 874 2897 despicatui
907 2827 1099 2893 babes,
1129 2834 1185 2881 at
1218 2843 1399 2883 meum
1426 2827 1667 2883 dolorem
1699 2834 1754 2883 et
1780 2826 2143 2883 calamitatem

571 2917 715 2984 dele,
749 2918 797 2971 si
823 2933 933 2972 non
964 2918 1144 2987 potius
1184 2924 1365 2984 tuam;
1394 2928 1562 2984 certe,
1609 2927 1722 2981 tua,
1776 2926 1832 2973 et
1863 2916 2139 2987 pauperis,

570 3018 629 3066 et
656 3024 830 3064 meam
856 3010 1087 3075 excedit,
1104 3010 1231 3067 licet
1257 3009 1522 3075 nondum,
1550 3019 1612 3065 ut
1630 3024 1772 3077 reor,
1800 3023 2142 3065 communem

575 3097 720 3155 illius
746 3113 967 3155 sensum
1002 3100 1225 3156 habeas.

1101 3209 1323 3267 EPIST.
1370 3210 1609 3266 XXXVI.

992 3303 1232 3362 Michaeli
1274 3305 1718 3377 protospathario.

2165 3170 2213 3231 C

2243 2097 2544 2169 συνεχύθην
2568 2136 2585 2162 ,
2616 2097 2712 2152 κα).
2740 2093 2895 2148 οὐδὲν
2929 2092 3150 2145 ἔλαττον
3178 2087 3274 2141 τοῦ
3316 2086 3552 2156 πένητος
3579 2082 3679 2153 (οὐ
3710 2080 3828 2149 γὰρ

2242 2191 2388 2245 ἐστιν
2416 2192 2629 2251 εἰπεῖν,
2671 2185 2893 2259 μεῖζον)
2923 2185 3022 2256 τὴν
3054 2180 3231 2253 ψυχὴν
3264 2176 3541 2245 διετέθην·
3578 2172 3723 2243 πλὴν
3775 2171 3829 2222 εί

2246 2284 2319 2353 μή
2347 2297 2432 2344 τις
2460 2280 2558 2349 τὴν
2588 2278 2727 2349 ἐμὴν
2755 2273 3027 2345 ἀλγηδόνα
3061 2271 3156 2326 ἐπὶ
3187 2268 3270 2324 σοί
3305 2285 3366 2322 τε
3395 2264 3593 2336 καὶτῷ
3628 2263 3830 2335 usam-

2246 2374 2392 2445 μένῳ
2441 2372 2733 2441 γινομένην
2790 2368 3006 2438 βλέπων
3056 2364 3253 2434 διπλῆν
3297 2358 3596 2429 ἀποφαίνῃ.
3643 2353 3831 2445 Λῦσον

2242 2464 2495 2535 ἄνθρωπε
2547 2461 2628 2530 τῷ
2674 2460 2869 2529 πένητι
2913 2456 3012 2528 τὴν
3062 2452 3370 2526 συμφορὰν,
3426 2447 3716 2509 ἀποδιδοὺς
3766 2444 3832 2498 τὺ

2243 2556 2489 2626 ἀδίκημα
2511 2593 2527 2620 ,
2561 2553 2657 2608 καὶ
2693 2551 2764 2605 τὰ
2809 2548 3098 2622 τραύματα
3134 2542 3456 2618 θεραπεύων
3499 2537 3831 2608 εὐεργεσίας

2244 2625 2400 2717 ἐλέῳγ
2428 2646 2478 2699 l.
2505 2646 2569 2698 Εί
2609 2645 2667 2697 δὲ
2692 2642 2786 2696 τοῦ
2822 2640 3054 2711 πένητος
3082 2636 3390 2708 ὑπερορᾷςο
3430 2630 3548 2687 ἀλλ’
3588 2625 3687 2717 οὖν
3726 2628 3831 2717 τὴν

2244 2716 2384 2809 ἐμὴν
2414 2735 2573 2790 λῦσον
2605 2730 2915 2804 συμφοράνθ
2952 2726 3150 2801 μᾶλλον
3183 2724 3241 2779 δέ
3266 2724 3364 2792 τὴν
3393 2719 3510 2791 σήν·
3536 2719 3572 2788 ἡ
3606 2716 3681 2787 σὴ
3708 2716 3830 2809 γὰρ

2248 2806 2471 2898 μείζων,
2508 2827 2605 2881 κα)⁵
2645 2825 2747 2894 τῆς
2778 2821 2873 2878 τοῦ
2915 2821 3151 2892 πένητος
3178 2815 3276 2871 καὶ
3302 2813 3480 2886 ἡμῶν,
3512 2810 3621 2864 κᾶν
3669 2806 3829 2861 οὖπω

2243 2922 2469 2995 ταύτης,
2500 2917 2676 2991 οἶμαι,
2713 2915 3068 2987 συναίσθησιν
3098 2911 3251 2985 ἔχῃς.

2829 3193 3055 3252 sum.
3081 3180 3227 3261 Δεῖν.

2619 3290 2864 3363 Μιχαὴλ
2899 3281 3433 3359 πρωτοσπαθαρίῳ.

1795 3404 2063 3456 Montacut.
2097 3406 2203 3470 (ep.
2238 3402 2347 3466 109,
2378 3416 2431 3466 p.
2464 3399 2597 3463 155).

643 3509 1000 3567 lnstitutionis
1044 3510 1339 3581 possessio,
1406 3518 1567 3566 zetate
1629 3509 1957 3580 provectiori
2012 3508 2137 3564 vita:

569 3601 796 3659 baculus
859 3602 1200 3658 ﬁrmissimus
1238 3612 1342 3667 est,
1372 3610 1427 3658 et
1447 3611 1607 3657 aetate
1654 3600 1937 3657 ﬂorentem
1975 3600 2137 3671 juve-

570 3692 690 3757 nili,
733 3693 853 3748 sine
900 3693 1124 3748 tristitia
1160 3692 1229 3748 ad
1250 3692 1468 3748 virtutis
1522 3693 1845 3749 transmittit
1924 3700 2136 3763 tempe-

569 3793 787 3838 statem.
818 3782 1079 3850 Quocirca
1103 3792 1223 3839 tuos
1256 3784 1455 3841 liberos
1496 3782 1782 3854 prudentia
1807 3782 2039 3837 imbuite
2068 3790 2127 3836 et

568 3875 802 3941 virtute;
834 3884 894 3929 ut
912 3861 928 3877 ’
944 3875 1123 3929 adhuc
1151 3875 1526 3930 adolescentes
1549 3883 1820 3929 maturam
1844 3870 2142 3927 exhibeant

567 3966 1061 4029 conversationem,
1116 3976 1176 4020 et
1198 3965 1279 4022 sic
1311 3980 1439 4021 cum
1461 3963 1876 4030 consenuerint,
1908 3961 2137 4019 aliorum

574 4055 786 4113 auxilio
816 4071 927 4110 non
950 4055 1290 4126 indigebunt.

1084 4145 1305 4203 EPIST.
1344 4146 1612 4203 XXXVII.

1008 4236 1205 4295 Niceta:
1239 4240 1688 4311 protospathario.

2313 3504 2424 3574 Τῆς
2455 3497 2703 3562 παιδείας
2738 3498 2774 3565 ἡ
2813 3494 3009 3566 κτῆσις
3049 3489 3129 3562 τῷ
3170 3482 3505 3559 γεγηρακύτι
3551 3482 3825 3574 κρατίστη
3920 3488 3927 3491 ‘

2243 3572 2453 3661 γίνεται
2487 3590 2603 3663 βίου
2641 3587 2946 3660 βακτηρίαο
2981 3584 3077 3638 κα).
3119 3581 3209 3637 τὸν
3251 3577 3520 3633 ἀνθοῦντα
3548 3574 3653 3642 τὴν
3692 3572 3824 3623 νέαν

2244 3684 2483 3757 ἡλικίαν,
2518 3683 2599 3746 είς
2627 3679 2830 3752 ἀρετῆς
2868 3677 3016 3748 ὥραν
3049 3673 3273 3735 ἀλύπως
3310 3666 3639 3729 διαϐιϐάζει.
3684 3664 3824 3757 Παί-

2241 3780 2363 3833 δευε
2394 3778 2577 3830 τοίνυν
2607 3775 2799 3844 σοφίαν
2827 3773 2921 3826 καὶ
2943 3768 3146 3842 ἀρετὴν
3170 3767 3297 3830 τοὺς
3325 3763 3453 3826 σοὺς
3484 3759 3703 3821 παῖδας
3730 3756 3825 3808 ἵνα

2244 3868 2338 3922 καὶ
2371 3866 2677 3930 νεάζοντες,
2702 3864 2910 3936 ὡραίαν
2939 3860 3106 3930 ἔχωσι
3128 3858 3229 3927 τὴν
3264 3852 3563 3914 πολιτείαν,
3593 3848 3693 3903 καὶ
3722 3862 3819 3913 γε-

2241 3958 2549 4030 γηρακότες
2583 3957 2659 4027 μὴ
2689 3955 2976 4025 δεήσονται
3009 3954 3036 3993 κ
3072 3951 3169 4022 τῆς
3198 3947 3401 4020 ἐτέρων
3431 3942 3709 4016 βοηθείας.

2834 4154 3056 4211 ΕΠΙΣΤ.
3092 4153 3215 4208 ΔΖ’.

2622 4249 2853 4319 Νικήτᾳ
2888 4244 3412 4319 πρωτοσπιιθαρίφ.

1772 4346 2035 4398 Montacut.
2072 4350 2162 4415 (ep
2215 4354 2324 4418 114,
2355 4370 2407 4421 p.
2442 4354 2576 4419 151).

637 4451 718 4507 De
739 4447 1017 4506 nobilibus
1043 4458 1099 4506 te
1139 4459 1333 4506 natum
1381 4450 1701 4521 parentibus
1747 4451 2024 4522 gloriaris,
2075 4464 2133 4510 at

2305 4460 2520 4530 Αύχεῖς,
2548 4459 2630 4512 ὅτι
2658 4454 2860 4526 γονέων
2886 4454 3019 4525 ἔφυς
3051 4448 3110 4507 εὖ
3143 4450 3471 4521 γεγονότων·
3508 4447 3621 4518 ἐγὼ
3665 4447 3724 4502 δέ
3750 4462 3816 4503 σε

565 4560 667 4615 ego
690 4554 742 4599 te
771 4543 953 4614 potius
988 4542 1241 4614 iuberem
1270 4559 1492 4613 magnos
1523 4542 1621 4599 tibi
1651 4543 1875 4615 spiritus
1912 4560 2132 4602 sumere

2250 4554 2424 4624 ἠξίουν
2459 4553 2660 4624 μᾶλλον
2694 4551 2838 4622 μέγα
2872 4548 3111 4619 φρονεῖν,
3138 4546 3188 4599 εί
3216 4543 3313 4598 τοῦ
3338 4542 3533 4611 γένους
3569 4542 3822 4612 ἡγεμόνα

564 4638 610 4693 si
641 4638 842 4692 virtute
870 4644 963 4692 tua
998 4650 1260 4701 mereres,
1288 4643 1347 4689 ut
1378 4636 1591 4707 generis
1612 4636 1870 4707 princeps
1902 4637 2133 4693 cxsistas

2250 4646 2439 4701 σαυτὸν
2468 4646 2535 4700 δι’
2564 4644 2767 4716 ἀρετῆς
2796 4639 3103 4713 προετίθεις
3124 4655 3139 4670 ο
3168 4636 3229 4691 τὸ
3261 4637 3360 4707 μὲν
3392 4635 3526 4707 γὰρ,
3554 4635 3670 4688 ἐσθ’
3699 4636 3817 4700 ὅτε,

564 4728 718 4800 ipse;
760 4725 891 4782 illud
920 4726 1068 4781 enim
1097 4726 1465 4797 nequissimus
1496 4727 1768 4799 allegabit,
1799 4738 1855 4785 at
1896 4728 2000 4784 hoc
2021 4729 2127 4786 nisi

2250 4732 2334 4785 καὶ
2360 4734 2389 4786 ὁ
2413 4731 2684 4802 χείριστος
2709 4728 3040 4798 ἓξειλέγειν·
3081 4726 3142 4781 τὸ
3182 4725 3261 4793 δέ,
3298 4722 3464 4796 μόνου
3504 4723 3822 4796 καθέστηκε

560 4820 803 4889 Optimus
823 4834 988 4875 nemo
1018 4817 1183 4874 dicet.

2250 4823 2332 4877 τοῦ
2366 4823 2610 4894 ἀρίστου.

1073 4920 1287 4978 EPIST.
1331 4920 1617 4979 XXXVIII.

939 5015 1097 5070 Bona:
1119 5019 1395 5086 praeposito
1433 5027 1481 5072 et
1508 5020 1751 5087 patricio.

2829 4923 3054 4978 ΕΠΙΣΤ.
3086 4920 3216 4979 ΑΠ’.

2487 5015 2686 5086 Eadm
2710 5015 3080 5085 πραιποσίτῳ
3108 5014 3208 5069 καὶ
3241 5012 3549 5083 πατρικίῳ.

1786 5128 2054 5179 Montacut.
2093 5128 2196 5194 (ep.
2236 5128 2343 5189 120,
2376 5142 2426 5191 p.
2462 5128 2594 5191 156).

632 5229 764 5287 Erat
814 5231 944 5286 olim
994 5230 1139 5301 apud
1169 5230 1466 5298 Romanos,
1516 5233 1611 5288 sed
1642 5242 1697 5288 et
1728 5233 1947 5290 ϐτιεοοε
1978 5233 2131 5304 (nam

2301 5230 2408 5287 Ἦν
2452 5249 2585 5284 ποτε
2628 5231 2939 5302 Ῥωμαίοις,
2975 5231 3111 5285 ἀλλὰ
3164 5231 3260 5284 καὶ
3299 5229 3529 5298 Ἕλλησι
3575 5229 3665 5299 (τί
3701 5231 3816 5302 γὰρ

559 5324 691 5396 quid
716 5338 856 5393 opus
880 5322 1223 5379 Christianos
1246 5323 1587 5395 nominare?)
1618 5325 1782 5381 etiam
1805 5335 1996 5382 contra
2022 5325 2129 5380 ini-

2250 5326 2307 5377 ῖεϊ
2332 5324 2531 5391 λέγειν,
2556 5324 2599 5377 Χ
2607 5323 2974 5395 ριστιανοίς;),
3002 5322 3096 5375 καὶ
3122 5320 3266 5375 κατὰ
3290 5321 3398 5375 τῶν
3415 5320 3707 5391 ἐχθίστων,
3734 5323 3815 5394 μὴ

560 5415 913 5480 micissimos,
951 5415 1153 5470 nedum
1181 5416 1321 5471 bene
1347 5418 1569 5473 meritos
1596 5418 1975 5474 malefaciendi
2015 5427 2128 5473 ter-

2250 5418 2311 5469 iri.
2350 5432 2413 5484 γε
2445 5417 2587 5468 κατὰ,
2623 5415 2729 5468 τῶν
2756 5414 3255 5485 εὐεργετησὰντων,
3307 5414 3431 5485 ὅρος
3469 5412 3809 5476 κακώσεως·

560 5510 762 5575 minus,
790 5517 845 5562 et
883 5505 1077 5561 modus
1109 5515 1363 5561 statutus.
1399 5508 1542 5573 Quin
1590 5518 1646 5564 et
1688 5511 1903 5566 barbari
1949 5512 2130 5566 solent

2250 5503 2334 5561 ,ἴδε
2366 5510 2461 5559 καὶ
2504 5507 2563 5559 τὸ
2594 5506 2868 5577 βάρϐαρον
2902 5505 2978 5577 μὴ
3019 5504 3371 5578 ὑπερϐαίνειν
3398 5504 3598 5576 νόμους
3636 5504 3809 5560 κολά-

1823 5688 2058 5745 νΑιιιΑῑ
2096 5687 2501 5757 LECTIONES,

624 5849 650 5888 ἒ
685 5850 895 5918 πικράς.
980 5856 994 5890 1
1031 5852 1111 5901 ἴς.
1142 5869 1221 5911 τις
1254 5847 1320 5919 ἦν
1362 5852 1482 5901 Evr);
1513 5855 1591 5903 τὲ.
1676 5863 1685 5897 1
1732 5852 1913 5923 ἐλαίῳ.
1994 5857 2016 5896 ιι
2047 5856 2366 5925 ὅεήσωντᾳι,
2397 5852 2616 5907 wach.
