4080 6424
301 437 407 503 953

1447 438 1978 503 EPISTOLARUM
2014 440 2245 502 LIBER
2279 440 2393 501 III.

3437 444 3541 507 954

305 564 478 602 σεων·
504 550 599 604 καὶ
637 549 809 604 πολλὰ
833 550 893 604 δέ
922 566 1054 619 φασι
1079 548 1190 604 τῶν
1218 548 1425 621 θηρίων
1447 590 1462 615 ,
1495 549 1681 621 ὥσπερ
1711 551 1868 603 εὐλα-

1972 550 2118 621 leges
2146 549 2543 621 suppliciorum
2586 556 2757 603 statas
2782 561 2893 603 non
2942 547 3242 617 excedere;
3267 565 3378 606 uno
3444 551 3541 607 bc-

299 641 512 695 ϐεῖσθαι
536 642 630 695 καὶ
659 641 1079 695 ὑποστέλλεσθαι
1098 682 1113 705 ,
1142 642 1279 711 πρὸς
1301 640 1428 705 τοὺς
1473 642 1531 694 ἐν
1560 643 1889 712 συμφοραῖς.

299 731 559 802 ἐσχάταις
580 733 864 802 κειμένους
884 772 899 796 ,
930 732 1024 785 καὶ
1051 731 1112 784 τὸ
1138 730 1403 803 θηριῶδες
1430 731 1530 783 οὐκ
1556 730 1866 783 ἐπιδείκνυ-

307 824 456 879 σθαι.
480 883 485 886 ,
506 822 696 894 Ἡμεῖς
740 823 798 877 δὲ
826 822 921 877 νῦν
943 865 957 891 ,
986 818 1032 878 ὦ
1072 821 1602 893 φιλανθρωπότατος,
1629 820 1738 874 άπὸ
1760 820 1873 875 τῶν

302 917 479 971 ἄλλων
506 916 679 986 ἔργων
708 916 880 986 ὑμῶν,
912 916 1009 970 καὶ⁵
1039 916 1180 988 νόσῳ
1206 913 1467 985 κείμεθαο
1499 912 1594 967 καὶ
1628 913 1810 983 ίατρδν
1834 914 1869 985 ὴ

300 1009 456 1071 νόσος
513 1007 782 1078 ἐπιζητεῖ·
844 1006 942 1062 καὶ
994 1006 1198 1079 ἡμέραι
1256 1008 1323 1077 τῇ
1386 1004 1526 1075 νόσῳ
1576 1004 1871 1075 τριάκοντα

300 1099 711 1171 παρετάθησαν,
739 1101 831 1154 καὶ
862 1099 1047 1153 πολλοὶ
1072 1097 1332 1159 πολλάκις
1363 1094 1519 1165 ὑμῶν
1546 1094 1869 1164 ἐδεήθησαν,

306 1191 491 1264 ἰατροῦ
536 1192 890 1263 συγχωρῆσαι
922 1189 1255 1262 παρουσίαν
1302 1185 1416 1242 ἀλλ’
1450 1180 1536 1257 (ὧ
1574 1184 1735 1255 φύσις
1778 1188 1871 1240 άν·

303 1282 559 1352 θρώπων,
591 1283 687 1336 καὶ
737 1281 1025 1354 Ῥωμαίων
1046 1321 1062 1347 ,
1106 1281 1228 1334 ὅποι
1256 1279 1359 1349 γῆς
1398 1279 1522 1332 ἐστε
1550 1278 1740 1348 νόμοι,
1776 1278 1871 1331 καὶ

302 1373 495 1444 κλῆσις
522 1374 895 1446 Χριστιανῶν;
919 1377 935 1445 )
965 1374 1065 1427 οὐκ
1086 1370 1494 1442 ἐδυσωπήθητε.
1541 1370 1681 1424 Ἀλλ’
1711 1373 1871 1442 ἡμεῖς

303 1465 405 1535 μὲν
424 1505 440 1533 ,
472 1465 780 1537 βαρϐάρους
823 1465 968 1536 ὑμᾶς
997 1464 1029 1536 ἢ
1062 1463 1223 1534 θηρία
1254 1461 1497 1533 νομίζειν
1521 1502 1538 1527 ,
1566 1460 1720 1516 οὔπω
1747 1478 1871 1517 πει-

301 1556 544 1625 θόμεθα·
579 1558 841 1629 ὑμέτερον
875 1556 918 1610 δ’
968 1556 1115 1610 ἐστὶν
1170 1555 1511 1620 ἐπισκοπεῖν,
1561 1553 1629 1608 δι’
1671 1545 1747 1607 ὧν
1790 1552 1871 1614 εἰς

300 1650 450 1718 ἡμᾶς
493 1649 619 1712 τοὺς
664 1649 973 1715 ταπεινοὺς,
1018 1647 1117 1711 τάς
1167 1645 1491 1717 ὑπερορίους
1535 1644 1738 1709 ταύτας
1773 1643 1872 1697 καὶ

300 1741 494 1806 καινάς
536 1740 641 1795 ὑπὸ
682 1742 775 1795 τὸν
815 1741 967 1811 ἥλιον
1010 1739 1297 1810 τιμωρίας,
1351 1738 1702 1809 ἐπενθήσατε,
1746 1736 1870 1789 τίνα

300 1833 709 1905 προσηγορίαν,
744 1834 865 1887 ἀντὶ
900 1832 995 1887 τοῦ
1048 1831 1399 1902 Χριστιανοὶ,
1446 1831 1540 1883 καὶ
1587 1829 1867 1899 Ῥωμαῖοι,

301 1928 395 1978 καὶ
416 1924 699 1998 Ἕλληνες,
726 1925 819 1979 καὶ
846 1923 1131 1995 βάρϐαροι,
1154 1925 1245 1976 καὶ
1272 1922 1454 1993 θηρία,
1479 1920 1859 1991 ὀνομάζεσθαι,
1890 1915 1938 1974 Β

295 2016 417 2077 ταῖς
447 2013 738 2086 ὑμετέραις
774 2013 1037 2083 πράξεσιν
1081 2012 1458 2083 ἁρμόζουσαν,
1500 2012 1821 2082 ἐξευρήσετε
1850 2024 1861 2041 ³

296 2108 457 2175 ἡμεῖς
490 2106 569 2169 δὲ,
597 2105 698 2159 κᾶν
725 2106 793 2175 τῇ
827 2105 966 2176 νόσῳ
996 2105 1329 2176 νικηθῶμεν,
1372 2103 1770 2173 λαμπρότερον,
1803 2098 1864 2155 εὖ

298 2199 433 2263 ἴστε,
458 2198 519 2250 τὸ
554 2197 675 2251 καθ’
718 2197 874 2267 ἡμῶν
903 2195 921 2236 ι
952 2197 1223 2265 στήσομεν
1273 2193 1563 2265 τρόπαιον·
1608 2193 1700 2245 τὸν
1728 2192 1866 2263 ἡμέ-

293 2305 453 2360 τερον
492 2290 665 2360 βίαιον
704 2290 967 2354 θάνατον,
1012 2288 1091 2359 τῷ
1136 2288 1299 2340 παντὶ¹
1344 2286 1465 2357 βίῳ,
1519 2286 1721 2355 στήλην
1763 2285 1865 2355 τῆς

297 2379 450 2449 ὑμῶν
478 2379 790 2451 μιαιφονίας
812 2378 1256 2443 ἐναπολείποντες
1281 2374 1685 2443 άνεξάλειπτον.

882 2705 1108 2763 ΕΠΙΣΤ.
1136 2705 1261 2761 AG’.

733 2812 1001 2882 Θεοφίλῳ
1030 2811 1421 2881 πρωποσίτφ.

1976 642 2108 698 stias
2146 658 2254 696 non
2286 655 2485 711 paucas
2511 649 2754 706 narrant,
2794 640 3032 695 revereri
3055 641 3452 710 quodammodo
3488 651 3544 699 et

1974 734 2295 791 submittere
2342 749 2402 789 se
2437 743 2710 788 extremas
2736 732 2880 787 inter
2921 734 3205 803 angustias
3243 734 3541 801 conclusis,

1974 842 2078 882 nec
2103 825 2373 881 feritatem
2404 826 2459 879 in
2482 832 2786 895 prostratos
2815 839 3096 880 exercere.
3137 825 3249 897 Ego
3292 825 3349 880 in
3400 842 3543 897 pra:-

1975 916 2143 982 senti,
2170 931 2205 971 0
2225 915 2670 979 clementissime,
2697 929 2795 985 per
2820 924 2967 969 tuam
2999 930 3221 985 operam
3243 915 3384 971 ultra
3416 916 3541 981 alia,

1974 1016 2031 1062 et
2066 1022 2133 1064 ex
2161 1006 2352 1061 morbo
2374 1005 2680 1074 decumbo;
2713 1005 2984 1060 medicum
3014 1004 3218 1077 ﬂagitat
3245 1006 3335 1061 illa
3379 1007 3542 1078 aegri-

1976 1099 2108 1156 tudo
2134 1115 2256 1172 quaa
2281 1099 2398 1156 dies
2420 1098 2535 1170 jam
2561 1098 2784 1170 triginta
2812 1114 2901 1153 me
2921 1098 3133 1167 aﬂlixit,
3158 1099 3314 1154 multi
3339 1104 3546 1155 Interea

1975 1193 2162 1249 multis
2197 1193 2343 1264 apud
2378 1204 2433 1249 te
2460 1192 2897 1249 intercesserunt
2920 1193 3136 1256 medici,
3191 1201 3249 1247 ut
3295 1207 3544 1264 praesen-

1978 1285 2104 1341 tiam
2131 1285 2400 1340 concedas
2431 1285 2565 1339 mihi
2586 1301 2601 1350 ;
2624 1284 2719 1340 sed
2751 1286 2805 1355 (0
2857 1300 3205 1341 communem
3259 1284 3543 1341 hominum

1975 1380 2258 1434 naturam!
2290 1393 2324 1433 o
2353 1377 2501 1447 leges
2522 1376 2831 1432 Romanas!
2861 1393 2896 1432 o
2922 1378 3361 1433 Christianorum
3409 1377 3547 1433 titu-

1973 1472 2091 1528 losl
2122 1472 2213 1527 ubi
2228 1470 2420 1541 estis?)
2438 1486 2550 1526 non
2580 1471 2971 1541 impetrarunt:
3005 1480 3060 1526 et
3091 1481 3270 1525 tamen
3299 1470 3545 1526 nondum

1974 1564 2109 1621 mihi
2144 1565 2313 1621 subiit
2335 1563 2632 1630 sententia,
2667 1571 2722 1618 te
2747 1580 2871 1617 cum
2902 1563 3167 1633 barbaris,
3215 1570 3309 1616 aut
3351 1562 3546 1618 bestiis

1973 1671 2367 1721 annumerare;
2400 1656 2637 1726 cogitare
2668 1665 2848 1709 autem
2880 1663 2933 1710 te
2962 1664 3055 1710 tua
3074 1655 3322 1718 interest,
3350 1669 3545 1724 quam-

1974 1749 2162 1804 obrem
2200 1749 2257 1801 in
2315 1760 2405 1802 me
2452 1746 2618 1801 vilem
2644 1756 2699 1799 et
2725 1747 3022 1815 abjectum,
3086 1744 3368 1816 peregrina
3405 1744 3541 1810 hmc,

1975 1856 2137 1905 nova,
2160 1854 2261 1894 nec
2290 1838 2392 1893 sub
2417 1838 2532 1893 sole
2557 1838 2736 1892 adhuc
2760 1839 2876 1892 visa
2901 1837 3170 1907 supplicia
3196 1836 3543 1906 excogitave-

1968 1934 2062 1997 ris,
2090 1948 2251 2003 quam
2280 1931 2378 1987 tibi
2407 1930 2904 1985 denominationem
2932 1931 3095 1983 aliam
3118 1945 3217 1999 pro
3244 1928 3543 1983 Christiani

1966 2024 2144 2089 titulo,
2177 2023 2426 2085 Romani,
2456 2021 2656 2087 Grzeci,
2702 2020 2919 2076 barbari
2956 2020 3211 2085 hominis,
3256 2020 3369 2074 imo
3449 2019 3544 2073 be-

1967 2116 2107 2179 stiae,
2160 2131 2283 2185 qua:
2340 2113 2446 2168 tuis
2501 2112 2829 2182 respondeat
2887 2111 3193 2167 actionibus
3237 2110 3542 2182 excogitare

1965 2204 2123 2259 velis.
2159 2204 2274 2273 Ego
2299 2211 2479 2257 autem
2509 2201 2555 2255 si
2595 2201 2786 2255 morbo
2819 2204 3192 2266 succumbam,
3230 2201 3538 2255 exstinctus

1976 2296 2407 2367 Splendidiorem
2451 2294 2519 2349 de
2544 2301 2597 2347 te
2635 2292 2775 2345 scias
2796 2292 2955 2346 velim
2984 2291 3317 2360 triumphum
3354 2306 3542 2361 repor-

1964 2398 2177 2445 taturus
2211 2402 2332 2442 sum
2379 2405 2393 2443 z
2430 2392 2661 2441 mortem
2694 2384 2843 2439 enim
2867 2383 3000 2439 mihi
3028 2382 3295 2437 violenter
3336 2382 3541 2436 illatam

1964 2481 2234 2536 columna:
2268 2478 2444 2533 vicem
2465 2477 2761 2532 obeuntem
2789 2473 3123 2539 indelebilis,
3164 2481 3352 2528 contra
3390 2482 3537 2527 tuam

1963 2572 2363 2646 sanguinariam
2388 2569 2771 2626 crudelitatem
2807 2576 3043 2622 statuam
3075 2582 3194 2623 sum
3219 2565 3533 2621 relicturus.

2487 2694 2705 2750 EPIS'l'.
2758 2692 3008 2749 XXXIX.

2438 2800 2714 2869 Theophila
2752 2798 3053 2869 prwposito.

1518 2925 1784 2975 Montacut.
1822 2924 1925 2987 (ep.
1958 2919 2071 2980 121,
2104 2931 2154 2981 p.
2188 2916 2326 2978 165).

364 3025 440 3080 Τὸ
468 3024 587 3095 μὶν,
608 3024 827 3096 ἀγαπᾷν
849 3042 975 3089 τους
997 3022 1308 3096 μισοῦντας,
1329 3026 1550 3098 ἀρετῆς,
1576 3026 1671 3081 καὶ
1691 3026 1858 3079 θεῖον·

2031 3021 2168 3078 0dio
2198 3020 2465 3075 habentes
2482 3018 2725 3090 diligere,
2751 3018 2968 3074 virtutis
3000 3032 3157 3089 opus,
3186 3017 3535 3083 etdivinum;

291 3119 353 3172 τὸ
388 3118 465 3183 δὲ,
502 3117 629 3178 τοὺς
660 3116 1010 3185 ἀγαπῶντας,
1043 3115 1387 3188 ἀνθρώπινον
1427 3118 1524 3173 καὶ
1554 3118 1752 3173 κοινόν·
1800 3115 1864 3171 τὸ

290 3210 349 3265 δὲ
382 3211 556 3279 μισεῖν
593 3208 688 3262 καὶ
723 3208 850 3273 τοὺς
889 3208 1220 3277 ἀγαπῶντας
1260 3209 1383 3263 οὐδὲ
1434 3209 1639 3282 θηρίων
1682 3207 1857 3282 οἶμαι.

306 3299 495 3370 Ἡμεῖς
530 3300 631 3371 μὲν
659 3295 750 3355 οῦν
781 3300 1001 3371 ἀγαπᾷν
1031 3317 1092 3353 σε
1127 3300 1195 3353 δι’
1221 3300 1399 3371 ἔργων
1428 3301 1769 3374 δεικνύομεν,
1797 3305 1859 3357 οὐ

292 3392 407 3458 νῦν,
437 3392 573 3447 ἀλλὰ
605 3394 700 3446 καὶ
733 3391 933 3459 πάλαι,
962 3392 1031 3447 τά
1060 3410 1121 3445 τε
1149 3393 1283 3448 ἄλλα
1307 3393 1326 3465 (
1343 3394 1404 3447 οὐ
1444 3395 1564 3467 γὰρ’·
1586 3396 1714 3465 ³θμὸν
1746 3396 1856 3449 ὣσ-

292 3497 399 3550 περ
428 3480 534 3533 οὐδ’
563 3479 861 3545 ὀνειδίζειν,
901 3482 1073 3545 οὕτως
1111 3481 1219 3536 οὐδ’
1267 3481 1521 3552 ἀριθμεῖν
1553 3484 1856 3554 χάριτας).

293 3569 430 3623 ἀλλὰ
481 3571 577 3623 καὶ
621 3570 959 3639 γράφοντες,
1020 3570 1115 3623 καὶ
1171 3571 1673 3641 προσαγορεύοντες
1698 3610 1712 3633 ,
1763 3573 1855 3625 καὶ

294 3661 689 3733 παραινοῦντες
741 3663 812 3716 τὰ
858 3662 1065 3717 δέοντα.
1114 3663 1178 3716 El
1221 3663 1267 3718 δ’
1322 3663 1485 3726 αὐτὸς
1530 3663 1859 3732 ἀγαπῶντας

292 3753 581 3825 ἐμίσησας,
614 3755 761 3826 ἡμᾶς
789 3756 889 3827 μὲν
921 3757 1002 3819 είς
1046 3754 1268 3826 μείζονα
1310 3754 1550 3826 βαθμὸν,
1581 3757 1655 3820 ὡς
1677 3760 1814 3828 ὁρᾷς
1840 3798 1856 3822 ,

293 3847 475 3917 φέρων
515 3845 770 3916 ἐστησας.
816 3846 1083 3919 Εὐρήσεις
1110 3845 1168 3900 δὲ
1192 3845 1286 3900 καὶ
1322 3846 1387 3900 σὺ
1418 3847 1509 3901 τὸν
1539 3846 1739 3904 σαυτοῦ
1786 3848 1862 3914 ὡς

290 3938 404 3992 εἴθε
430 3938 505 4010 μὴ
525 3936 739 4010 ὄφελες.

902 4048 1125 4102 ΕΠΙΣΤ.
1158 4049 1230 4106 Μ’

725 4153 895 4221 Ἠλίᾳ
909 4156 1435 4225 πρωτοσπαθαρίφ.

1966 3115 2281 3185 diligentes,
2345 3113 2644 3167 humanum
2689 3119 2747 3167 et
2796 3112 3055 3181 vulgare;
3101 3113 3197 3166 sed
3252 3112 3537 3182 diligentes

1966 3204 2094 3261 odio
2130 3202 2386 3274 prosequi
2422 3203 2568 3258 haud
2600 3210 2705 3268 est,
2740 3202 2956 3272 Opinor,
2986 3201 3310 3256 belluarum.
3337 3199 3449 3274 Ego
3469 3217 3532 3257 re

1967 3297 2088 3367 ipsa
2134 3295 2298 3350 docui
2329 3309 2416 3349 me
2465 3303 2519 3350 te
2547 3294 2809 3365 diligere;
2831 3308 2935 3349 nec
2960 3309 3108 3349 nunc
3146 3293 3406 3363 primum,
3439 3293 3536 3348 sed

1964 3388 2318 3461 jamdudum,
2349 3401 2476 3443 cum
2514 3387 2569 3442 iu
2603 3387 2814 3441 exteris
2840 3385 2957 3456 (sed
2986 3400 3097 3439 non
3126 3398 3227 3456 ego
3261 3383 3409 3438 soleo
3448 3383 3536 3438 vel

1954 3481 2303 3551 exprobrare,
2334 3480 2419 3534 vel
2446 3494 2770 3533 enumerare
2785 3477 3006 3549 gratias)
3037 3487 3151 3530 tum
3179 3476 3266 3531 vel
3296 3475 3534 3530 maxime

1959 3572 2271 3635 scribendo,
2299 3570 2645 3640 alloquendo,
2674 3566 3034 3632 adhortando,
3058 3575 3112 3621 et
3128 3583 3248 3636 qua:
3280 3568 3377 3622 tibi
3400 3582 3536 3622 con-

1969 3664 2197 3720 veniunt
2228 3662 2590 3735 suggerendo.
2628 3659 2725 3715 Sin
2751 3670 2863 3716 tute
2888 3660 3174 3731 diligentes
3193 3659 3317 3713 odio
3342 3658 3530 3724 habes,

1957 3766 2106 3813 certe
2135 3771 2243 3822 me,
2284 3756 2430 3825 quod
2474 3754 2646 3820 vides,
2672 3755 2725 3809 in
2756 3753 3092 3822 superiorem
3121 3752 3343 3823 gradum
3373 3758 3532 3804 extu-

1959 3848 2103 3914 listi;
2134 3848 2379 3903 invenies
2403 3856 2607 3911 autem,
2638 3848 2783 3918 quod
2828 3845 3090 3910 nolueris,
3139 3853 3195 3900 et
3224 3843 3315 3914 qui
3360 3854 3411 3898 te
3458 3844 3532 3897 ita

1960 3941 2237 3999 tractabit.

2550 4045 2775 4103 EPIST.
2819 4044 2935 4102 XL.

2391 4157 2581 4217 'Helia:
2608 4158 3050 4230 protospathario.

1511 4272 1779 4326 Montacut.
1815 4276 1917 4341 (ep.
1945 4279 2054 4340 122,
2087 4291 2139 4342 ρ.
2166 4278 2303 4343 165).

358 4373 427 4429 οι
462 4371 757 4444 πειρασμοὶ
792 4372 1203 4443 πειραζομένων
1245 4387 1485 4441 γινονται
1527 4378 1844 4447 πειρασμοί·

2024 4380 2382 4437 Tentationes
2426 4377 2767 4435 tentantibus
2826 4376 3162 4432 tentationes
3202 4373 3370 4438 ﬁunt;
3416 4388 3527 4426 non

289 4467 368 4540 μὴ
386 4464 798 4539 πειραζομένων
815 4465 893 4532 δὲ,
925 4463 1203 4533 στεφάνων
1230 4465 1325 4523 καὶ
1353 4464 1623 4536 βραϐείων
1654 4470 1855 4539 παραί-

285 4574 415 4614 τιοι.

876 4690 1100 4745 ΕΠΙΣΤ.
1122 4689 1261 4746 MA'.

660 4795 928 4865 Θεοφίλῳ
955 4796 1481 4865 πρωτοσπαθαρίφ.

1957 4471 2294 4527 tentantibus
2313 4477 2540 4525 causant
2564 4483 2795 4524 coronas
2827 4476 2884 4523 ct
2924 4465 3133 4522 brahia.

2535 4686 2753 4744 EPIST.
2812 4685 2949 4742 XLI.

2358 4795 2637 4865 Theophila
2688 4790 3131 4867 protospathario.

1516 4909 1780 4962 Montacut.
1817 4912 1905 4977 (ep
1958 4909 2077 4972 125,
2110 4923 2160 4972 ρ.
2196 4908 2329 4973 164).

2022 5018 2300 5074 Citissime
2343 5017 2550 5075 amicos
2576 5016 2774 5074 ediscis
2800 5033 2815 5071 :
2842 5013 3078 5071 dcdiscis
3126 5019 3309 5067 autem
3354 5008 3528 5064 multo

284 5102 617 5171 μανθάνεις⁹
662 5104 779 5157 ἀλλ’
838 5104 1066 5176 ἔρρωσο*
1134 5108 1271 5179 μήτε
1332 5108 1618 5179 μανθάνων
1684 5112 1851 5182 ῥᾷον,

1969 5110 2143 5165 :itius:
2196 5110 2314 5165 vale
2366 5119 2570 5174 autem,
2637 5119 2692 5165 et
2747 5124 2818 5165 ne
2865 5108 2975 5163 cito
3013 5108 3182 5170 disce,
3232 5119 3335 5161 nec
3363 5104 3528 5159 citius

286 5195 413 5266 μήτ’
446 5196 864 5265 ἀπομανθάνων.
896 5198 968 5250 Τὸ
1007 5199 1104 5267 μὲν
1129 5200 1237 5272 γάρ
1262 5202 1568 5273 προπετοῦς
1599 5203 1695 5258 καὶ¹
1722 5203 1853 5257 κού-

1969 5217 2139 5257 eorum
2175 5202 2537 5268 obliviscere;
2567 5210 2653 5256 est
2703 5200 2852 5256 enim
2904 5199 3038 5255 illud
3071 5197 3237 5253 animi
3288 5194 3525 5262 leviculi,

282 5303 392 5355 φης
416 5286 675 5352 διανοίας.
702 5288 764 5341 τὸ
790 5288 847 5345 δὲ
876 5288 1121 5362 γνώμης,
1163 5292 1251 5346 ἵνα
1284 5292 1452 5365 μηδὲν
1484 5293 1623 5348 εἴπω
1652 5294 1853 5363 φαυλό-

1969 5293 2176 5348 nimium
2195 5292 2580 5364 properantis;
2616 5302 2672 5349 et
2697 5292 2914 5359 incerti,
2946 5300 3009 5347 ut
3040 5306 3111 5347 ne
3152 5289 3284 5361 quid
3309 5287 3527 5360 gravius

280 5396 472 5449 τερον,
519 5380 820 5435 ἀϐεϐαίου·
881 5383 1057 5452 κρίσει
1109 5385 1166 5438 δὲ
1220 5385 1488 5451 συνέσεως
1553 5386 1732 5451 διδοὺς
1786 5386 1851 5442 τὸ

1969 5384 2150 5451 licam,
2164 5385 2353 5455 judicii
2375 5385 2543 5453 illud;
2570 5385 2946 5458 intelligentia:
2974 5383 3231 5439 tribunali
3260 5381 3349 5435 ubi
3374 5378 3524 5451 quod

282 5472 575 5542 πρακτέον,
611 5474 799 5529 ἵστασο
828 5476 1002 5547 μένων
1034 5478 1092 5531 ἐν
1123 5474 1205 5543 οἷς
1232 5480 1418 5549 ἔδοξας
1451 5481 1849 5554 μεμαθηκέναι.

1969 5476 2220 5547 igendum
2249 5475 2478 5545 stiteris,
2511 5478 2753 5536 consiste
2784 5478 2975 5535 ﬁrmus
3006 5476 3061 5533 in
3087 5476 3153 5533 iis
3183 5488 3301 5544 quae
3324 5469 3524 5533 videris

1108 5562 1114 5578 '
1944 5566 2304 5623 addidicisse.

354 5007 507 5082 Ταχὺ
546 5010 840 5082 μανθάνεις
878 5012 1008 5077 τοὺς
1036 5013 1244 5084 φίλους·
1292 5022 1590 5088 ταχύτερον
1638 5019 1683 5071 δ’
1716 5019 1856 5072 ἀπο-

1586 5732 1813 5788 VARIAS
1853 5733 2263 5801 LECTIONES.

370 5876 388 5922 1
419 5881 535 5954 lege
565 5883 592 5936 ὑ
600 5900 735 5954 μων.
