4046 6416
1068 518 1289 574 EPIST.
1345 516 1506 571 XLII.

852 607 1107 664 Theodoto
1138 607 1697 679 spatharocandidato.

1738 724 2007 774 Montacut.
2045 722 2151 786 (ep.

571 830 822 886 Humana
854 828 1039 885 omnia
1082 829 1247 886 simul
1285 830 1541 887 dillluunt
1583 846 1709 887 cum
1752 838 1994 900 tempore
2028 836 2087 882 et

500 930 839 979 evanescunt
866 937 881 986 ;
909 921 1086 976 virtus
1114 931 1320 991 autem,
1360 934 1421 979 ut
1450 923 1575 995 igne
1600 932 1657 979 et
1687 921 1854 987 ferro,
1886 930 1944 975 et
1966 935 2086 976 om-

507 1013 678 1068 nibus
734 1011 900 1066 rebus
954 1010 1459 1083 ineonsumptibilis
1487 1022 1593 1078 est,
1650 1012 1849 1083 quibus
1907 1011 2090 1066 omnia

501 1101 878 1157 succumbunt
915 1118 1037 1171 qua:
1068 1111 1435 1173 generantur;
1488 1102 1561 1157 ita
1591 1116 1807 1173 quoque
1853 1109 2088 1170 tempus,

500 1192 716 1261 pathos,
735 1192 1155 1263 mortemipsam
1186 1202 1426 1263 superat.
1481 1191 1579 1247 Sin
1637 1192 1910 1247 intuearis
1958 1206 2091 1262 per-

500 1282 797 1353 spicacius,
828 1300 858 1337 a
889 1293 1135 1354 tempore
1165 1294 1223 1340 et
1249 1294 1423 1340 morte
1451 1286 1567 1356 ipsa
1596 1285 1770 1356 magis
1794 1283 2089 1347 reviviscit,

501 1383 558 1430 et
614 1376 957 1448 egerminat;
1005 1378 1297 1447 proprium
1348 1378 1698 1448 Splendorem
1755 1376 2093 1447 gloriamque

508 1468 680 1538 magis
732 1468 1040 1523 aomiraoili
1100 1469 1263 1523 modo
1311 1478 1367 1523 et
1404 1468 1695 1523 illustriori
1745 1465 2092 1521 immoriente

502 1556 703 1611 iterum
731 1558 933 1613 invidia
959 1560 1274 1613 reassumit.
1298 1560 1440 1625 Quid
1461 1570 1518 1613 tu
1552 1558 1714 1631 igitur
1733 1574 1858 1628 erga
1888 1573 1951 1612 ea
1968 1574 2090 1628 quae

502 1648 684 1703 statim
716 1665 995 1705 nunnrsm
1028 1662 1210 1717 erunt,
1242 1667 1306 1706 ac
1340 1652 1386 1706 si
1426 1666 1646 1721 semper
1684 1652 2071 1721 perdurarent,

504 1740 579 1795 sis
607 1740 889 1794 allectus?
926 1749 1132 1796 aeterna
1164 1741 1385 1795 interim
1421 1757 1625 1811 susque
1671 1741 1849 1811 deque
1894 1740 2086 1807 habes,

504 1846 614 1886 non
646 1831 804 1886 aliter
830 1848 992 1902 quam
1027 1832 1331 1888 deﬂuxura.
1362 1833 1558 1889 Nonne
1593 1850 1787 1889 aurum
1826 1850 1926 1903 pro
1952 1848 2084 1901 :ere,

502 1938 649 1993 quoa
682 1940 738 1977 in
769 1924 918 1994 poesi
960 1932 1064 1989 est,
1112 1927 1433 1996 permutas?
1469 1924 1632 1981 Certe
1680 1926 2087 1982 breviusculum

504 2024 586 2070 est
618 2026 927 2085 peccatum,
956 2018 1101 2088 quod
1171 2029 1366 2074 natura
1410 2018 1575 2074 ﬂuida
1634 2028 1691 2075 et
1719 2018 2088 2089 corruptibilis

503 2108 603 2163 sit:
630 2108 725 2164 sed
743 2118 984 2165 mutatur
1000 2112 1409 2182 incorruptibile
1428 2127 1527 2182 pro
1550 2110 1969 2181 corrumpendo,
1997 2127 2087 2166 sa-

502 2200 706 2270 pientia
736 2216 835 2270 pro
853 2202 1084 2269 insania,
1104 2204 1272 2277 gloria
1296 2220 1395 2275 pro
1420 2203 1706 2271 dedecore,
1729 2203 1973 2276 gebenna
1995 2218 2096 2275 pro

500 2292 763 2347 malorum
790 2308 977 2365 regno.

1072 2364 1291 2422 EPIST.
1332 2363 1521 2421 XLIII.

610 2456 809 2513 Joanni
846 2458 1069 2528 patricio
1105 2468 1155 2513 et
1208 2460 1477 2515 sacellano
1520 2460 1663 2531 apud
1704 2459 1987 2523 Anqurios.

1746 2624 2015 2673 Montacut.
2051 2620 2156 2685 (ep.

576 2731 852 2787 Molestias
886 2731 1109 2797 intueri,
1150 2740 1429 2788 volentem
1465 2748 1553 2787 me
1579 2731 1855 2802 oportuit;
1892 2731 2089 2786 nolen-

509 2834 618 2881 tem
649 2834 832 2879 autem
871 2834 930 2880 tu
958 2824 1224 2880 docuisti:
1258 2825 1457 2895 etquid
1485 2826 1581 2880 tibi
1610 2827 1791 2880 adhuc
1817 2826 2090 2896 reliquum

509 2928 614 2983 est,
660 2933 822 2987 quam
856 2925 916 2971 ut
948 2916 1051 2971 sub
1082 2917 1331 2971 omnium
1357 2918 1533 2972 oculis
1549 2928 1603 2973 et
1631 2918 1942 2973 testimonio
1962 2932 2093 2971 eon-

510 3010 694 3065 victus
731 3008 990 3075 tenearis,
1024 3008 1190 3062 multa
1224 3008 1405 3064 adhuc
1436 3009 1654 3064 duriora
1686 3010 1739 3063 in
1774 3025 1862 3064 me
1888 3008 2094 3063 machi-

1630 405 1893 468 ΡΗΟΤΙΙ
1939 405 2451 469 ΡΑΤΒῙΑΗΟΗᾸΞ
2479 407 2587 468 CP.

2102 518 2158 579 A

2114 1602 2163 1662 Β

3661 401 3783 464 955

2766 513 2994 569 ΕΠΙΣΤ.
3026 513 3158 568 ΜΒ’.

2511 604 2774 672 Θεοδότῳ
2820 602 3445 675 σπαθαροκανδιδάτῳ.

2186 719 2296 782 tet,
2330 734 2381 783 ι).
2419 720 2550 784 tot).

2258 826 2505 879 Ἀπαντα
2538 841 2636 897 μεν
2658 827 2730 880 τὰ
2754 826 3072 899 ἀνθρώπινα
3099 827 3472 898 ωγκαταρῤεῖ
3493 824 3572 895 τῷ
3592 826 3783 897 χρόνῳ

2188 920 2283 973 καὶ
2311 919 2657 988 ἀφανίζεται’
2687 921 2858 991 ἀρετὴ
2893 919 2971 982 δὲ,
3004 917 3197 990 ὥσπερ
3236 920 3369 990 πυρὶ
3404 919 3499 973 καὶ
3544 919 3773 990 σιδήρῳ,

2189 1013 2283 1065 καὶ
2314 1014 2481 1065 πᾶσιν
2504 1009 2589 1076 οἷς
2609 1012 2909 1066 ὐπείκειτά
2928 1010 2987 1064 ὲν
3010 1010 3227 1081 γενέσει
3247 1009 3450 1076 πάντα,
3472 1009 3785 1075 ἀνάλωτοςο

2190 1103 2333 1157 οὕτω
2364 1105 2459 1156 καὶ
2481 1104 2679 1175 χρόνου
2704 1103 2798 1157 καὶ
2820 1103 3010 1158 παθῶν
3041 1103 3137 1157 καὶ
3162 1100 3328 1157 αὐτοῦ
3356 1101 3589 1157 θανάτου
3618 1120 3783 1173 περι-

2188 1196 2421 1264 γίνεται.
2464 1196 2527 1249 ΕΞ
2562 1194 2609 1248 δ’
2634 1196 3026 1265 ἀκριϐέστερον
3060 1196 3214 1261 ἴδοις,
3235 1194 3315 1266 τῷ
3344 1194 3541 1266 χρόνῳ,
3569 1195 3670 1247 καὶ
3695 1194 3782 1263 τῷ

2191 1286 2409 1357 θανάτῳ
2462 1285 2663 1357 μᾶλλον
2708 1286 2880 1358 ἀναζῇ
2932 1288 3027 1341 καὶ
3062 1286 3280 1349 θάλλει,
3326 1287 3421 1340 καὶ
3465 1287 3528 1339 τὺ
3572 1286 3784 1338 οἰκεῖον

2190 1379 2365 1443 κλέος,
2399 1380 2495 1433 καὶ
2523 1378 2623 1451 τὴν
2655 1379 2994 1453 εὐπρέπειαν
3014 1419 3030 1445 ,
3060 1377 3559 1441 ἑναποσόεσθὲντος
3586 1378 3789 1440 αὐτοῖς

2191 1473 2283 1525 τοῦ
2314 1471 2532 1540 φθόνου,
2564 1472 2947 1544 λαμπρότερόν
2972 1490 3033 1526 τε
3056 1472 3149 1526 καὶ
3176 1469 3626 1541 θαυμασιώτερον
3654 1470 3791 1522 ἀνα-

2189 1564 2427 1636 δέχεται.
2451 1566 2519 1620 Τί
2537 1562 2630 1622 οὖν
2659 1567 2724 1621 σὺ
2758 1566 2869 1622 τῶν
2897 1566 2999 1638 μὲν
3024 1566 3146 1638 μετ’
3169 1564 3350 1634 ὀλίγον
3371 1563 3555 1619 οὐκέτι
3579 1563 3780 1628 όντων,

2189 1657 2267 1722 ὡς
2318 1659 2409 1712 ἀεὶ
2459 1661 2765 1730 μενόντων,
2846 1660 3135 1730 ἀντιποιῇ;
3203 1658 3487 1729 ὀλιγωρεῖς
3550 1656 3608 1710 δὲ
3667 1655 3784 1709 τῶν

2188 1750 2373 1805 ἀϊδίων
2394 1792 2409 1817 ,
2441 1752 2517 1815 ὡς
2552 1753 2817 1823 ρεόντων;
2846 1753 2906 1805 οὐ
2956 1750 3143 1823 χρυσῷ
3182 1750 3414 1821 χαλκὸν,
3459 1748 3523 1802 τὸ
3556 1764 3784 1817 ποιητι-

2190 1843 2309 1908 κὸν,
2345 1843 2589 1914 ἀμείϐων
2612 1862 2627 1912 ;
2654 1845 2838 1915 Βραχύ
2866 1844 2974 1913 γὰρ
2990 1844 3048 1897 τὸ
3075 1844 3399 1913 ἁμάρτημα,
3430 1844 3513 1896 ὅτι
3531 1842 3783 1912 φθαρτῆς

2190 1935 2447 2007 ἑκάτερον
2476 1936 2572 1990 καὶ
2600 1936 2831 2009 ῥεούσης
2856 1936 3009 2006 ὕλης,
3038 1935 3176 1990 ἀλλά
3212 1935 3419 2006 φθορὰν
3445 1934 3783 2005 ἀφθαρσίας,

2191 2025 2286 2079 καὶ
2312 2027 2623 2098 φρονήσεως
2656 2029 2866 2095 ἄνοιαν,
2896 2029 2989 2081 καὶ
3008 2028 3169 2098 δόξης
3191 2026 3477 2097 αἰσχύνην,
3507 2026 3605 2080 καὶ
3636 2025 3789 2091 γέενο

2194 2136 2291 2172 ναν
2321 2120 2570 2191 οὐρανῶν
2606 2121 2885 2192 βασιλείας
2915 2120 3437 2191 ἀπαλλασσόμενος.

2797 2369 3019 2424 ΕΠΙΣΤ.
3050 2367 3184 2424 ΜΓ.

2218 2459 2464 2529 Ἰωάννῃ
2502 2461 2785 2532 πατρικίῳ
2818 2463 2915 2517 καί
2942 2464 3323 2589 ρακελλαρίῳ
3368 2466 3500 2519 κατ’
3538 2466 3788 2535 Ἄγγου-

2902 2551 2939 2589 ο
2964 2551 3091 2589 ove.

2898 2551 3091 2604 ριους.

2194 2621 2303 2686 ιδο,
2338 2637 2386 2687 ρ.
2426 2624 2560 2689 171).

2266 2731 2411 2802 Πρὸς
2447 2731 2623 2797 λύπας
2676 2734 2832 2805 όρᾷν,
2900 2732 3076 2788 καίτοι
3122 2732 3348 2797 ἑκόντας
3396 2732 3590 2803 ἐχρῆν,
3637 2733 3789 2802 ὅμως

2196 2823 2290 2876 καὶ
2316 2824 2549 2887 ἄκοντας
2579 2824 2874 2891 ὲδιδάξατε.
2916 2824 2982 2877 Τί
3009 2824 3073 2895 δὴ
3103 2822 3199 2877 νῦν
3242 2826 3371 2894 ὑμῖν
3405 2823 3565 2877 ἔσται
3600 2823 3787 2889 πλέον,

2197 2914 2336 2983 πλὴν
2380 2914 2476 2967 τοῦ
2510 2916 2714 2979 κακοὺς
2748 2915 3033 2987 κρίνεσθαι
3064 2916 3170 2969 ὐπὸ
3224 2933 3464 2986 μαρτυσι
3502 2919 3620 2977 τοῖς
3650 2917 3791 2970 παν-

2196 3026 2304 3061 των
2356 3009 2694 3079 ὀφθαλμοῖς,
2735 3009 2959 3063 πλείονα
3010 3008 3291 3062 ἐπινοοῦσι
3335 3008 3407 3062 τὰ
3460 3008 3589 3062 καθ’
3635 3008 3788 3080 ἡμῶν

514 3100 654 3167 nari,
684 3101 812 3171 quia
842 3115 942 3171 per
989 3100 1365 3171 quotidianum
1420 3102 1763 3168 exercitium,
1812 3117 1877 3157 ea
1907 3101 2089 3157 omnia

2210 3102 2436 3172 tur:qu,
2482 3102 2571 3155 ὅτε
2614 3100 2701 3155 διὰ
2744 3101 2845 3171 τῆς
2895 3100 3271 3173 καθημερινῆς
3319 3100 3640 3170 γυμνασίας
3697 3099 3795 3153 καὶ

515 3209 642 3248 cum
673 3193 889 3249 minore
919 3193 1107 3249 dolore
1130 3196 1314 3251 subire
1344 3195 1573 3251 edoctus
1606 3211 1748 3251 sum.

1087 3285 1284 3341 EPIST
1331 3286 1518 3341 XLIV.

953 3375 1173 3431 Tarasio
1207 3378 1431 3447 patricio
1457 3378 1636 3448 fratri.

1744 3496 2011 3550 Montacut
2051 3500 2153 3567 (ep.
2188 3501 2300 3561 151,
2336 3496 2555 3562 ρ.;171)·

585 3599 888 3657 Del'unctus
930 3611 1014 3657 est
1062 3603 1219 3658 nobis
1266 3582 1569 3660 secundum
1619 3623 1818 3678 corpus
1861 3611 2097 3680 amicus,

515 3691 608 3746 sed
640 3706 741 3746 nec
772 3692 887 3763 ipse
918 3700 975 3745 tu
1007 3692 1215 3748 inﬁcias
1263 3695 1425 3749 iveris
1460 3696 1591 3764 quin
1623 3698 1845 3767 reliquit
1886 3701 2100 3755 colum-

514 3797 640 3835 nam
671 3783 938 3838 universze
961 3800 1073 3839 sua:
1105 3786 1225 3841 vita:
1254 3786 1510 3841 virtutem
1548 3805 1563 3841 :
1591 3791 1846 3857 quocirca
1882 3792 2101 3847 beatum

519 3874 942 3943 pnedicabimus
968 3892 1118 3945 eum,
1141 3886 1196 3933 et
1233 3887 1365 3934 tunc
1400 3896 1701 3951 quemnam
1727 3899 1827 3953 pro
1856 3884 1949 3940 illo
1999 3886 2107 3942 Ies-

516 3978 639 4017 sum
665 3966 1072 4023 meditabimur.

1114 4059 1329 4113 EPIST.
1370 4060 1530 4114 XLV.

1070 4152 1303 4207 Manueli
1336 4156 1581 4223 patricio.

1756 4271 2025 4325 Montacut.
2063 4276 2169 4340 (ep.

590 4373 858 4429 Fortassis
935 4374 1002 4428 ob
1094 4390 1159 4430 ea
1213 4376 1573 4434 conﬁdentior
1638 4382 1855 4437 exsistis
1891 4424 1907 4449 ,
1982 4401 2100 4456 qua:
2142 4392 2185 4445 ι)

518 4481 549 4520 a
604 4481 692 4519 me
729 4504 745 4529 ,
799 4480 923 4518 cum
979 4467 1262 4535 splendide
1329 4469 1385 4523 in
1443 4478 1537 4525 tuo
1616 4470 1831 4526 theatro
1890 4477 2110 4546 conspi-

519 4571 709 4619 carer,
771 4557 1093 4612 dicebantur
1123 4578 1136 4612 :
1180 4560 1403 4616 Domine
1432 4602 1447 4627 ,
1488 4562 1747 4617 nimirum
1781 4581 1844 4619 ne
1869 4567 2090 4636 imputes

519 4650 591 4703 eis
634 4656 729 4702 hoc
774 4660 1065 4717 peccatum,
1097 4653 1326 4706 nesciunt
1354 4654 1493 4707 enim
1532 4656 1658 4726 quid
1683 4657 1884 4726 faciunt
1918 4660 1983 4713 ”.
2016 4659 2112 4715 At-

518 4756 626 4811 que
674 4741 811 4797 adeo
858 4741 1019 4797 ﬂatus
1066 4755 1189 4799 tuos
1256 4757 1445 4801 contra
1476 4762 1565 4803 me
1612 4763 1720 4803 non
1762 4763 1963 4805 cessas.
2000 4751 2114 4822 Ego

523 4842 731 4898 autem,
768 4843 931 4905 prout
985 4843 1117 4890 tunc
1170 4839 1432 4909 temporis
1465 4840 1680 4895 beatam
1712 4841 1856 4897 illam
1894 4858 2111 4915 precem

521 4926 764 4998 proferre
814 4927 1008 4997 dignus
1049 4928 1263 4985 habitus
1304 4930 1401 4997 fui,
1466 4932 1540 4986 ita
1583 4941 1638 4986 et
1690 4931 1935 5005 adusque
1957 4932 2103 4989 idem

520 5028 713 5073 votum
770 5019 962 5073 emitto
985 5020 1103 5075 sine
1131 5021 1556 5077 intermissione.
1621 5022 1771 5078 Scias
1820 5034 2027 5092 autem,
2079 5038 2115 5079 ο

523 5112 686 5176 bone,
710 5112 852 5181 quod
890 5114 1367 5182 quemadmodum,
1398 5124 1459 5170 ut
1526 5130 1625 5186 ego
1654 5117 1904 5173 mihimet
1938 5118 2113 5188 legem

523 5204 849 5274 prazscripsi,
900 5206 1099 5262 talibus
1128 5222 1479 5262 remunerare
1505 5210 1909 5264 conviciatores
1934 5224 2111 5276 meos;

527 5294 601 5347 ita
644 5303 699 5347 et
739 5304 796 5348 tu
848 5310 1070 5366 quoque
1108 5296 1336 5364 teneris,
1377 5313 1501 5352 cum
1541 5297 1707 5353 homo
1739 5298 1815 5352 sis
1838 5298 2115 5368 (nedicam

525 5384 914 5458 Christianus),
944 5389 1070 5444 licet
1096 5404 1239 5455 sero,
1270 5389 1485 5446 tandem
1521 5400 1699 5446 tamen
1736 5407 1765 5445 a
1796 5390 2119 5446 crudelitate

541 5480 841 5548 recedere;
878 5481 963 5535 sin
1016 5482 1199 5537 minus
1230 5482 1443 5551 feceris,
1498 5500 1569 5540 ne
1612 5486 1690 5541 sic
1745 5485 1965 5555 quidem
2019 5499 2119 5554 ego

530 5585 688 5627 orare
742 5573 1007 5639 desinam,
1062 5575 1289 5645 scilicet,
1322 5594 1393 5633 ne
1429 5579 1635 5634 caelesti
1702 5580 1992 5649 adoptione
2025 5595 2117 5633 cx-

534 5663 724 5719 cidam'
746 5665 915 5747 'ﬁnde
988 5680 1042 5723 et
1111 5686 1254 5728 nunc
1309 5672 1373 5726 ad
1416 5680 1467 5728 te
1528 5672 1927 5729 admonendum
1990 5687 2167 5741 pro»

614 5854 657 5885 "
685 5852 843 5911 Rom.
880 5874 931 5926 ν,
964 5859 1045 5914 15.

2190 3193 2542 3266 ἀλυπώτερον
2573 3193 2712 3247 αὐτά
2739 3194 2927 3265 φέρειν
2949 3191 3243 3264 ἐπαιδεύθη
3252 3209 3352 3263 μεν
3373 3209 3392 3260 ;

2788 3286 3008 3339 ΕΠΙΣΤ.
3042 3286 3171 3339 ΜΔ⁹.

2530 3380 2799 3450 Ταρασίῳ
2826 3378 3111 3447 πατρικίφ
3143 3375 3401 3447 ἀδελφῷο

2221 3666 2233 3680 ,
2267 3611 2540 3678 Τέθνηκεν
2569 3608 2597 3660 ὁ
2630 3606 2780 3677 φίλος
2811 3602 2890 3676 τῷ
2941 3601 3188 3673 σώματι·
3227 3599 3344 3653 ἀλλ’
3386 3598 3500 3652 οὐδ’
3530 3596 3599 3653 ἂν
3633 3596 3794 3661 αὐτὸς

2203 3702 2521 3775 ἀρνηθείης,
2554 3699 2630 3762 ὡς
2677 3698 2796 3767 οὐχὶ
2825 3697 3094 3751 ἀθάνατον
3134 3694 3317 3763 ἀφῆκε
3346 3692 3555 3762 στήλην
3576 3731 3593 3755 ,
3630 3690 3787 3742 παντὶ

2206 3796 2284 3865 τῷ
2317 3794 2437 3865 βίῳ,
2471 3791 2568 3861 τὴν
2602 3787 2771 3843 αὐτοῦ
2802 3789 3023 3858 ἀρετήν.
3050 3782 3200 3857 *Αρα
3223 3780 3317 3838 οὖν
3339 3782 3780 3853 εὐδαιμονίςομεν

2202 3888 2345 3950 ὅλως
2378 3882 2525 3948 τινὰ,
2557 3881 2623 3936 ἂν
2644 3878 2842 3932 τοῦτον
2872 3878 3087 3947 θρηνεῖν
3118 3875 3536 3948 μελετήσωμεν;

2802 4059 3025 4115 ΕΠΙΣΤ.
3051 4061 3185 4113 ME’.

2658 4151 2953 4222 Μανουήλ
3004 4151 3313 4220 πατρικίφ.

2206 4278 2315 4339 uo,
2349 4291 2399 4339 ῃ.
2435 4274 2550 4336 205)

2286 4386 2449 4447 Ἴσως
2480 4383 2724 4454 θαρρεῖς,
2762 4376 2843 4445 οἷς
2872 4381 3055 4452 ἡμεῖς.
3096 4378 3188 4431 ἐπὶ
3215 4375 3310 4429 τοῦ
3348 4375 3613 4445 λαμπροῦ
3645 4376 3807 4443 ὐμῶν

2217 4479 2445 4549 θεάτρου
2472 4472 3028 4546 προπηλακιζόμενοι,
3051 4469 3457 4540 ἐφθεγξάμεθαο
3488 4472 3690 4537 Κύριε,
3718 4468 3808 4539 μὴ

2214 4571 2457 4638 στήσῃς
2504 4566 2708 4633 αὐτοῖς
2755 4566 2871 4633 τὴν
2907 4564 3199 4633 ἁμαρτίαν
3249 4562 3515 4629 ταύτην·
3573 4562 3649 4615 οὐ
3694 4564 3812 4629 γὰρ

2215 4661 2413 4715 οἴδασι
2437 4659 2495 4712 τί
2518 4656 2781 4712 ποιοῦοΨ
2813 4655 2910 4709 καὶ
2933 4654 3021 4708 διὰ
3049 4653 3210 4707 τοῦτο
3241 4653 3421 4707 πνέων
3452 4652 3583 4705 καθ’
3615 4654 3811 4723 ἡμῶν,

2215 4752 2275 4807 οὐ
2305 4751 2515 4819 λήγεις.
2559 4748 2699 4803 Ἀλλ’
2731 4749 2896 4818 ἡμεῖς
2933 4745 3055 4817 μὲν,
3090 4746 3281 4815 ὥσπερ
3317 4745 3443 4798 τότε
3476 4746 3583 4813 τὴν
3630 4763 3817 4814 μακα-

2218 4844 2340 4915 ρίαν
2374 4842 2589 4913 ὲκείνην
2630 4839 2794 4910 εὐχὴν
2840 4836 3155 4909 ἠξιώθημεν
3196 4835 3456 4901 εὐξασθαι
3480 4876 3497 4900 ,
3528 4836 3679 4889 οὔτω
3715 4838 3818 4889 καὶ

2220 4936 2382 5007 μέχρι
2426 4933 2520 4987 νῦν
2564 4931 2925 4993 ἀδιαλείπτως
2954 4929 3251 5000 εὐχόμεθα.
3294 4928 3434 4981 Ἵσθι
3462 4928 3543 4990 δὲ,
3580 4921 3628 4981 ὦ
3678 4928 3816 4998 βέλο

2216 5045 2386 5094 τιστε,
2419 5027 2503 5081 ὅτι
2531 5024 2783 5097 καθάπερ
2816 5026 2948 5095 ἡμῖν
2971 5066 2987 5091 ,
3017 5022 3282 5087 τοιούτοις
3311 5022 3648 5092 ἀμείϐεσθαι
3676 5022 3817 5085 τούς

2218 5119 2482 5193 ὑϐριστὰς
2509 5117 2945 5189 νενομοθέτηταν
2986 5115 3131 5169 οὓτω
3174 5117 3268 5169 καὶ
3300 5115 3452 5185 ύμῖν,
3491 5115 3820 5184 ἀποστῆναι

2217 5215 2315 5286 τῆς
2344 5213 2658 5287 μιαιφονίας
2684 5208 2807 5280 (κᾶν
2828 5208 2926 5272 ὀψέ
2950 5226 3081 5262 ποτε
3111 5208 3203 5262 τοῦ
3234 5206 3820 5279 καιροῦ),ἀνθρὼτοοις

2217 5300 2369 5358 οὖσιν
2397 5304 2517 5375 (ἵνα
2547 5304 2621 5373 μὴ
2652 5300 2797 5370 λέγω
2821 5300 3169 5371 Χριστιανοϊς
3188 5306 3231 5368 ),
3264 5296 3710 5368 κεχρεώστηται.
3751 5298 3820 5350 Ei

2218 5394 2277 5449 δὲ
2308 5394 2419 5466 μὴ,
2449 5394 2609 5465 ἡμεῖς
2658 5390 2756 5463 μὲν
2783 5392 2905 5446 οὐδὲ
2946 5390 3123 5459 οὕτω,
3170 5390 3270 5461 τῆς
3305 5388 3588 5461 ἡμετέρας
3634 5387 3821 5457 εὐχῆς

2222 5486 2599 5556 ἀποσταίημεν
2620 5526 2636 5549 ,
2667 5484 2753 5537 ἴνα
2785 5482 2860 5554 μὴ
2883 5484 2983 5555 τῆς
3010 5482 3218 5538 ἄνωθεν
3242 5480 3514 5542 υἱοθεσίας
3544 5480 3822 5532 ἐκπέσω-

2227 5595 2328 5649 μεν
2358 5577 2553 5647 (τοῦτο
2586 5577 2693 5647 γὰρ
2725 5576 2861 5630 αὐτὸ
2889 5576 2983 5628 καὶ
3013 5574 3108 5629 νῦν
3136 5574 3282 5643 ἡμᾶς
3314 5572 3451 5642 πρὸς
3479 5572 3579 5640 τὴν
3606 5570 3827 5641 ὐμετέ-

2226 5688 2327 5743 ραν
2356 5670 2675 5742 παραίνεσιν
2705 5668 3057 5739 διανέστησεν
3076 5670 3116 5727 ὶ,
3162 5665 3345 5736 ’Υμῶν
3374 5664 3431 5716 δέ
3465 5664 3583 5717 ἐστι
3611 5661 3826 5714 λοιπὸν
