4080 6448
262 431 372 497 95⁸1
1111 463 1114 465 λ
1450 438 1981 500 EPISTOLARUM
2018 439 2249 499 LIBER
2286 440 2408 502 III.
3444 438 3550 502 958

259 546 399 618 ὁρᾷν
432 545 533 619 (οὗ
565 545 673 618 γὰρ
706 545 775 602 ἂν
818 545 1246 619 ἀλλοτριώτερόν
1277 562 1332 600 τι
1361 546 1463 616 τῆς
1508 548 1648 619 ὲμῆς
1681 548 1847 619 εὐχῆς

1948 552 2133 619 cessi).
2182 552 2360 606 Tuum
2417 558 2501 607 est
2569 549 2754 605 videre
2799 551 2915 620 (ne
2952 549 3166 620 longius
3199 549 3268 606 ab
3302 551 3546 606 oratione

261 640 485 710 εἴποιμι
508 640 527 710 )
548 639 696 703 ὅπως
716 642 809 693 καὶ
832 640 963 711 ὑμῖν
991 639 1058 694 τά
1077 638 1288 694 ἐκεῖθεν
1317 639 1457 711 πρὸς
1483 640 1544 693 τὸ
1573 641 1856 712 συμφέρον

1950 643 2197 700 aberrem
2232 645 2375 713 mea)
2428 653 2491 700 ut
2545 644 2743 699 exinde
2775 653 2889 699 tute
2960 645 3054 699 tibi
3089 646 3275 700 omnia
3301 660 3544 699 commo-

265 731 761 805 μεθοδευθήσεται.
1716 740 1721 744 ’

1716 740 1721 744 ’
1950 735 2176 792 dissime
2195 735 2437 792 ordines.

857 845 1082 904 Eum.
1114 846 1267 914 Μςν.

2476 845 2696 903 EPIST.
2721 844 2908 902 XLVI.

274 936 528 1008 Ἰωάννῃ
583 941 1091 1065 πρωτοσπαθάὶριὲ)
1152 937 1252 994 καὶ
1310 937 1679 1008 δρουηεαρὶῳ
1744 936 1852 991 τοῦ

917 1025 960 1064 π
1004 1028 1036 1064 o
1060 1029 1198 1081 μου.

1772 936 1852 991 ὀὗ
2076 940 2277 995 Joanni
2337 941 2785 1012 protospatharia,
2815 949 2864 994 et
2893 938 3152 1011 dungario
3179 937 3383 1009 ploimi.

1514 1133 1786 1182 Monlacut.
1826 1130 1930 1191 (ep.
1966 1126 2078 1189 150,
2114 1141 2163 1190 p.
2199 1127 2334 1190 206).

333 1231 413 1286 Οὐ
449 1228 706 1285 τοσοῦτον
736 1230 992 1303 χαλεπὸν,
1024 1234 1072 1287 εἰ
1103 1234 1299 1304 τυφλὸν
1324 1239 1395 1291 ¹ΙΙ’ὁ
1425 1236 1682 1303 Πλοῦτος,
1713 1235 1855 1290 κοιτά

2041 1229 2195 1286 Haud
2243 1231 2317 1286 ita
2383 1246 2472 1287 res
2542 1230 2677 1286 dura
2731 1239 2836 1294 est,
2894 1229 2939 1285 si
2991 1244 3166 1286 caecus
3210 1229 3279 1285 sit
3299 1228 3534 1299 Plutus,

256 1327 352 1380 τὸν
374 1324 562 1389 καλῶς
586 1325 749 1378 αὐτὸν
772 1328 1261 1397 κωμικευσάμενον
1295 1330 1712 1403 Ἀριστοφάνην
1739 1326 1854 1383 ἀλλ’

1965 1330 2026 1376 ut
2086 1322 2327 1378 comicus
2372 1338 2502 1378 eum
2551 1323 2706 1393 ﬁngit
2759 1323 2894 1378 scite
2936 1322 3378 1393 Aristophanes:
3440 1326 3536 1381 sed

257 1419 441 1472 έκεῖνο
491 1418 883 1489 παγχάλεπον,
920 1419 970 1471 εἰ
1013 1421 1104 1473 καὶ
1144 1420 1282 1490 αὑτὴ
1333 1421 1570 1491 κάθηται
1601 1421 1776 1491 τυφλὴ
1820 1420 1854 1490 ὴ

1959 1412 2091 1467 illud
2139 1414 2300 1484 plane
2348 1414 2753 1470 intolerandum
2781 1414 3038 1481 arbitror,
3092 1416 3136 1469 si
3182 1423 3321 1472 astat
3344 1416 3417 1470 illi
3441 1416 3536 1472 Ju-

256 1510 421 1579 Δίκη,
456 1510 535 1580 μὴ
568 1508 765 1580 ἔχουσα
804 1509 873 1563 δι’
905 1504 966 1564 οὖ
994 1513 1106 1573 τοῖς
1137 1510 1511 1581 ἀδικουμένοις
1539 1511 1853 1581 ὲπιὸλέᾦεν

1960 1507 2107 1561 stitia
2139 1522 2305 1571 caeca,
2354 1523 2458 1563 nec
2503 1508 2693 1564 oculos
2725 1508 2945 1575 habeat,
2995 1508 3193 1577 quibus
3224 1508 3421 1579 injuria
3451 1509 3532 1564 at-

255 1601 398 1655 ὰλλά
423 1601 525 1655 νῦν
549 1601 638 1655 διὰ
659 1602 757 1672 τῆς
782 1602 880 1671 σῆς
899 1601 1093 1672 ἀρχῆς,
1117 1601 1197 1664 εἰς
1220 1600 1280 1654 τὸ
1300 1604 1432 1673 ὁρᾷν
1455 1601 1845 1667 ἐπανελθοῦσα,

1958 1597 2132 1653 lectos
2175 1598 2467 1654 intueatur.
2508 1601 2580 1655 At
2608 1616 2753 1656 nunc
2816 1617 2913 1672 per
2948 1614 2999 1656 te
3032 1601 3341 1673 magistratu
3392 1618 3532 1673 prae-

252 1693 493 1760 δειξάτω
530 1692 622 1745 τδν
657 1692 893 1745 Πλοῦτον
915 1732 930 1756 ,
971 1693 1045 1762 μὴ
1088 1691 1288 1761 τυφλὸν
1334 1693 1496 1763 μόνον
1520 1734 1534 1757 ,
1567 1692 1703 1746 ἀλλὰ
1748 1692 1847 1745 καὶ

1951 1688 2148 1755 ditum,
2188 1704 2311 1744 cum
2344 1691 2597 1745 restituta
2655 1692 2726 1746 sit
2756 1692 2928 1747 oculis
2963 1691 3094 1757 suis,
3132 1692 3383 1747 ostendat
3438 1693 3528 1749 illa

250 1788 497 1854 ἄφωνον*
518 1787 784 1858 ὑπερηχεῖ
798 1785 933 1855 τῷδε
966 1795 995 1822 ιι
1020 1802 1089 1838 τα
1116 1785 1319 1851 δίκαια,
1346 1787 1449 1839 κᾶν
1476 1785 1706 1856 πένητος
1732 1784 1841 1855 εἴη,

1950 1779 2166 1834 Plutum
2196 1796 2304 1835 non
2357 1782 2518 1837 modo
2560 1797 2789 1846 caecum,
2849 1783 2946 1838 sed
2976 1792 3033 1838 et
3067 1793 3277 1838 mutum
3317 1803 3332 1839 :
3366 1785 3530 1840 etiam

250 1881 387 1945 τῶν,
428 1879 623 1950 χρυσῷ
649 1880 849 1942 παντὸς
884 1878 1095 1932 δικαίου
1137 1879 1321 1950 φωνὴν
1352 1878 1676 1931 ἐθισθέντων
1731 1877 1838 1931 ἀπ-

1947 1872 2208 1940 majorem
2243 1887 2439 1927 sonum
2490 1874 2681 1929 reddat
2728 1874 2953 1929 Justitia
3000 1875 3056 1929 in
3138 1891 3299 1931 causa
3327 1893 3532 1947 paupe-

248 1968 508 2022 ελαύνειν
550 1967 644 2023 τοῦ
676 1968 875 2041 σεμνοῦ
906 1968 1110 2039 ταύτης
1145 1977 1167 1999 °
1210 1968 1305 2022 κα)⁹
1336 1967 1701 2022 περιϐλέπτου
1745 1966 1842 2020 ϐή-

1952 1961 2047 2028 ris,
2117 1977 2279 2033 quam
2331 1964 2387 2017 in
2417 1964 2632 2019 illorum
2666 1965 2759 2036 qui
2811 1974 3032 2037 propter
3075 1982 3272 2021 aurum
3323 1968 3529 2022 assole-

250 2077 452 2131 ματος,
1948 2051 2082 2107 bant
2153 2055 2484 2111 omnimodae
2531 2057 2758 2126 justitia;
2809 2072 3004 2111 sonum
3040 2057 3288 2129 ablegare
3330 2058 3398 2113 ab
3428 2057 3532 2114 hoc

1956 2145 2271 2200 venerando
2298 2156 2352 2201 et
2378 2148 2725 2219 suspiciendo
2757 2148 3032 2203 tribunali.

850 2274 1075 2330 ΕΠΙΣΤ.
1108 2274 1237 2330 ΜΖ’.

2549 2258 2773 2314 EPIST.
2819 2258 3032 2314 XLVII.

755 2364 1021 2435 Ταρασίῳ
1073 2361 1332 2432 ἀδελφῷ.

2573 2351 2790 2408 Tarasio
2828 2353 3004 2424 fratri.

1503 2474 1770 2525 Montacut.
1808 2473 1912 2539 (ep.
1948 2467 2057 2521 155.
2097 2478 2143 2528 p.
2174 2465 2311 2531 208).

312 2584 385 2639 Τί
414 2585 502 2638 δεῖ
541 2583 705 2637 πλέον
754 2582 1011 2654 γράφειν,
1056 2579 1199 2653 ὑπὲρ
1248 2572 1309 2635 οὗ
1355 2582 1585 2653 γράφως
1625 2583 1691 2636 ἂν
1727 2582 1843 2653 ἴδῃς

2019 2575 2162 2643 Quid
2207 2591 2349 2647 opus
2380 2581 2465 2630 est
2515 2581 2573 2627 ut
2630 2574 2797 2629 verba
2845 2573 3038 2630 addam
3074 2575 3327 2642 ulterius,
3363 2578 3526 2634 reide

244 2678 340 2731 τὸν
362 2676 563 2747 ἄνδρα,
587 2676 681 2729 καὶ
707 2674 804 2745 τὴν
833 2676 892 2727 ὲν
922 2672 1072 2744 αὐτῷ
1091 2674 1316 2745 ἀρετὴν,
1349 2674 1448 2726 οὐκ
1475 2670 1590 2726 οἶδα
1612 2673 1840 2742 πότερόν

1945 2686 2050 2740 qua
2075 2668 2295 2729 scribo?
2343 2668 2389 2724 si
2426 2667 2702 2722 hominem
2732 2667 2938 2733 vidisti,
2980 2677 3035 2723 et
3067 2669 3320 2724 virtutem
3350 2671 3528 2725 homi-

244 2786 328 2822 σοι
358 2767 504 2833 δόξω
545 2767 738 2838 ἐκείνῳ
775 2767 1109 2837 χαριεῖσθαι,
1140 2766 1221 2819 ὅτι
1250 2768 1317 2837 τῇ
1359 2768 1425 2837 σῇ
1456 2765 1644 2819 τοῦτον
1702 2782 1828 2819 συνο

1941 2760 2031 2815 nis
2059 2760 2362 2826 attendisti,
2393 2758 2578 2813 nescio
2597 2773 2669 2812 an
2726 2758 2823 2813 tibi
2876 2760 3028 2814 visus
3056 2760 3250 2815 fuerim
3305 2761 3364 2815 in
3405 2763 3524 2830 ejus

246 2862 499 2933 ιστῶμεν
523 2860 806 2930 δεξιότητι·
833 2860 866 2928 ἢ
897 2858 1078 2930 σαυτῷ
1106 2858 1411 2929 μᾶλλον,ὃτι
1437 2875 1496 2911 σε
1517 2856 1834 2929 τηλικούτου

1939 2853 2163 2926 gratiam
2190 2852 2491 2923 scripsisse,
2521 2867 2645 2907 eum
2678 2859 2770 2906 tuo
2808 2861 2957 2908 recto
2981 2854 3188 2924 judicio
3215 2870 3342 2909 eum
3375 2870 3526 2910 com-

246 2953 445 3025 ἀνδρὸς
476 2953 572 3007 καὶ
595 2954 863 3020 τοσαύτης
888 2951 1042 3018 ἀξίου
1070 2950 1503 3023 φιλανθρωπίας,
1536 2948 1833 3021 εὐεργέτην

1937 2947 2359 3014 inendaverim;
2409 2954 2466 3000 et
2512 2961 2624 3000 non
2643 2946 2828 3016 potius
2870 2945 2965 3000 tibi
2991 2945 3327 3017 gratiﬁcatus
3355 2945 3523 2999 fuisse

244 3045 487 3117 ὀφθῆναι
514 3044 1029 3117 παρεσκευάσαμεν.

1933 3042 2096 3111 quod,
2134 3049 2193 3095 ut
2220 3040 2340 3110 ejus
2378 3039 2789 3094 benefactorem
2823 3047 2874 3093 te
2906 3047 3155 3108 praestes,
3184 3038 3520 3103 induxerim,

1935 3134 2023 3203 qui
2057 3133 2178 3189 talis
2224 3140 2515 3203 tantusque
2567 3140 2671 3199 est,
2709 3140 2766 3186 et
2788 3137 2880 3185 tua
2920 3140 3069 3186 tanta
3104 3132 3297 3203 dignus
3327 3132 3521 3186 huma-

1937 3225 2130 3278 nitate.

849 3335 1074 3390 ΕΠΙΣΤ.
1113 3336 1255 3391 ΜΗ’.

2531 3335 2751 3391 EPIST.
2786 3336 3019 3393 XLVIII.

685 3426 980 3493 Βασιλείῳ
1017 3430 1358 3497 κυαίστωρι.
1846 3421 1888 3478 C

1846 3421 1888 3478 Ο
2521 3431 2725 3486 Basilio
2770 3433 3037 3498 qttazstori.

1498 3552 1764 3603 Montacut.
1804 3552 1908 3615 (cp.
1946 3550 2056 3609 154,
2092 3564 2141 3613 p.
2176 3550 2311 3612 209).

309 3643 441 3701 Οἶδά
469 3666 604 3704 ποτε
646 3651 706 3706 τὸ
746 3653 954 3708 δίκαιον
979 3698 994 3723 ,
1027 3660 1125 3711 καλ⁵
1160 3660 1253 3713 τὸν
1293 3661 1512 3731 χρυσὸν,
1543 3661 1602 3713 ὲν
1648 3664 1713 3732 τῇ
1749 3664 1815 3733 σῇ

1993 3657 2238 3729 Intelligo
2290 3657 2557 3729 justitiam
2575 3666 2629 3712 et
2657 3671 2856 3711 aurum
2898 3655 3043 3727 apud
3076 3655 3323 3710 animum
3361 3665 3513 3714 tuum

240 3738 821 3814 διαμφισσητήσαντας
843 3749 1011 3820 ψυχῇο
1043 3751 1158 3804 ἀλλ’
1182 3752 1283 3805 οὐκ
1312 3749 1450 3818 οἶδα,
1483 3754 1593 3807 εττε
1623 3771 1819 3808 καται-

1918 3749 2280 3815 contendere;
2313 3749 2406 3803 sed
2431 3749 2619 3819 ignoro
2650 3764 2780 3802 num
2804 3763 2890 3801 me
2915 3747 2970 3801 in
2996 3756 3203 3801 tantum
3223 3749 3513 3806 reveritutr.

238 3829 541 3902 δεσάμενος
568 3836 711 3906 ἡμᾶς
737 3841 766 3891 ὁ
804 3842 1024 3909 χρυσὸς,
1061 3842 1173 3896 εἴτε
1213 3842 1308 3897 σοῦ
1383 3845 1483 3916 τὴν
1518 3847 1725 3917 ἀρχὴν,
1762 3849 1819 3900 ἐν

1920 3859 2147 3907 aurum,
2194 3853 2289 3896 aut
2310 3841 2598 3912 imperium
2666 3841 2851 3912 potius
2915 3849 3090 3903 tuum.
3128 3841 3222 3911 qui
3253 3842 3321 3897 ab
3359 3843 3515 3900 initio

239 3925 458 3997 ἀρχαῖς,
514 3929 591 4000 τῷ
633 3931 1066 4005 ἀδωροδοκήτῳιι
1096 3935 1386 4006 τιμῶντος.
1429 3939 1665 4003 Πολλοὺς
1709 3939 1817 4010 γὰρ

1922 3938 2271 4008 magistratus
2305 3935 2402 3998 tui,
2444 3936 2623 3990 locum
2660 3946 2812 3990 tuum
2846 3935 3204 3991 honoravcris
3241 3953 3338 4007 per
3358 3947 3505 3994 tuam

238 4017 347 4090 6ρῶ
376 4020 585 4092 ταύτην
606 4023 704 4094 τὴν
726 4024 972 4095 μέθοδον,
999 4026 1277 4099 θηράματι
1301 4029 1510 4099 κερδῶν
1532 4031 1815 4099 μειζόνων,

1916 4047 1948 4086 a
2006 4029 2324 4085 muneribus
2351 4027 2683 4097 accipiendis
2720 4028 3081 4082 aversionem.
3128 4029 3323 4086 Multos
3363 4032 3511 4087 enim

242 4114 711 4184 μετερχομένους·
753 4118 903 4187 ὅμως
950 4120 979 4171 ὁ
1027 4121 1227 4190 χρυσὸς
1278 4123 1539 4193 ἀπῆλθεν,
1592 4124 1730 4195 ἔχων
1758 4126 1818 4178 τὸ

1914 4122 2041 4177 novi
2108 4122 2250 4175 hanc
2329 4120 2471 4173 viam
2540 4118 2830 4183 institisse,
2889 4120 3020 4174 dum
3072 4120 3221 4176 lucra
3304 4123 3512 4191 majora

236 4199 479 4257 ἔλαττον·
522 4204 616 4256 καὶ
647 4205 705 4257 τὸ
743 4206 949 4259 δίκαιον
981 4209 1241 4281 λαμπρὰν
1273 4213 1568 4284 ἀνεδήσατο
1604 4214 1702 4284 τὴν
1735 4214 1816 4268 νὶ-

1915 4222 2216 4277 venantur;
2264 4226 2452 4265 verum
2483 4209 2616 4264 abiit
2656 4209 2785 4263 hinc
2847 4224 3041 4263 aurum
3086 4227 3209 4265 cum
3258 4213 3512 4281 praeiudi-

238 4307 358 4363 κην.
398 4294 518 4349 Νῦν
548 4296 605 4350 δὲ
638 4297 815 4351 πάντα
845 4299 905 4352 σέ
938 4316 1071 4368 φασι
1097 4303 1283 4374 χρυσῷ
1311 4306 1570 4374 πράττειν
1595 4322 1609 4336 ·
1634 4306 1730 4359 καὶ
1754 4306 1816 4359 οὐ

1937 4303 2043 4367 cio,
2086 4311 2142 4356 et
2170 4300 2313 4371 quod
2353 4301 2558 4370 justum
2585 4307 2670 4354 est
2713 4299 3053 4369 splendidam
3086 4303 3382 4370 reportavit
3413 4304 3492 4356 vi-

239 4384 522 4458 πείθομαι.
561 4390 773 4459 Χρυσός
804 4408 916 4453 σοι,
954 4394 1137 4460 φασὶν,
1177 4396 1233 4445 αἱ
1271 4399 1470 4465 χεῖρες,
1505 4399 1536 4467 ἡ
1572 4398 1814 4465 γλῶσσα,

1923 4397 2171 4449 ctoriam.
2202 4396 2270 4447 At
2322 4410 2468 4448 nunc
2517 4394 2587 4447 ob
2636 4394 2939 4462 pecuniam
3000 4402 3051 4447 te
3106 4393 3285 4446 omnia
3327 4392 3508 4450 facere

237 4476 295 4529 τὸ
326 4478 557 4534 δίκαιον.
617 4482 754 4535 Ἀλλ’
787 4484 977 4555 ὥσπερ
1032 4486 1092 4538 οὐ
1132 4487 1391 4558 πείθομαι
1416 4526 1433 4552 ,
1471 4489 1643 4553 οὕτως
1678 4486 1816 4543 εἶναι

1924 4485 2115 4537 aiunt:
2148 4484 2261 4553 Ego
2304 4483 2407 4536 illis
2437 4484 2579 4537 haud
2605 4483 2860 4538 credulus
2898 4498 3039 4537 sum.
3087 4482 3275 4544 Aiunt,
3305 4500 3501 4538 aurum

237 4568 329 4619 καὶ
350 4568 526 4641 ψευδῆ
548 4572 646 4642 τὴν
665 4574 855 4645 φήμην
883 4574 1135 4646 εὔχομαι.
1170 4578 1340 4643 Δείξει
1358 4579 1400 4632 δ’
1423 4581 1451 4632 ὁ
1476 4580 1577 4651 τὴν
1601 4583 1817 4634 ἐπιστο-

1925 4575 2021 4629 tibi
2072 4582 2203 4628 sunt
2248 4589 2460 4636 manus,
2500 4583 2582 4629 est
2606 4575 2786 4646 lingua
2815 4583 2869 4629 et
2903 4573 3114 4643 justitia
3140 4590 3357 4629 aurum.
3392 4575 3503 4631 Sed

237 4654 333 4728 λὴν
366 4661 611 4734 κομίζων
662 4665 849 4736 πένης,
882 4666 916 4738 ἢ
944 4666 1114 4738 ψευδῆ
1146 4668 1373 4742 ταύτην,
1406 4671 1439 4742 ἢ
1467 4673 1604 4745 ὅπερ
1636 4675 1816 4742 ἀπηυ-

1930 4674 1990 4719 ut
2041 4665 2158 4735 ipse
2210 4681 2320 4720 non
2367 4667 2553 4733 credo,
2590 4666 2662 4720 ita
2712 4666 2902 4721 falsam
2957 4682 3078 4722 esse
3107 4666 3307 4721 famam
3375 4684 3505 4723 exo-

243 4748 442 4824 ξάμην,
478 4756 849 4845 ὑπάρχουσαν.
1851 4769 1854 4825 j

1894 4759 2125 4828 rptarim
2182 4774 2419 4828 quoque.
2456 4758 2504 4812 Is
2552 4758 2644 4827 qui
2702 4758 3225 4828 reddctepistolam.
3275 4775 3505 4829 pauper,

1920 4848 2157 4913 docebit,
2185 4848 2389 4904 falsane
2415 4848 2600 4913 fuerit,
2623 4865 2714 4914 an,
2743 4849 2888 4919 quod
2917 4849 3144 4914 nollem,
3178 4865 3306 4905 vera
3329 4850 3501 4907 fama.

825 4978 1045 5031 ΕΠΙΣΤ.
1096 4979 1205 5032 ΜΘ¹
1218 5019 1232 5032 .

2559 4984 2776 5040 EPIST.
2803 4984 2990 5038 XLIX.

710 5066 1071 5136 Ἀλεξάνδρῳ
1116 5070 1345 5137 κόιιητι.

2526 5075 2822 5131 Alexandro
2844 5077 3040 5129 comiti.

1489 5183 1754 5231 Montacut.
1794 5183 1895 5247 (ep.
1932 5187 2044 5249 158,
2078 5202 2128 5251 p.
2163 5189 2299 5251 2l3).

313 5281 372 5333 EI
393 5281 492 5355 τὴν
537 5283 889 5355 Ἀλεξάνδρου
916 5287 1013 5339 τοῦ
1054 5287 1319 5357 βασιλέως
1362 5289 1587 5359 γνώμην
1620 5290 1811 5362 ἐστερ-

1989 5295 2046 5351 Si
2101 5296 2242 5367 regis
2267 5293 2558 5350 Alexandri
2586 5293 2915 5349 sententiam
2945 5292 3329 5365 amplexarere,
3360 5295 3502 5350 haud

245 5387 356 5439 γες,
381 5374 482 5429 οὐκ
511 5373 577 5429 ἂν
622 5378 703 5439 εἰς
740 5376 839 5447 τὴν
881 5377 975 5431 τοῦ
1021 5379 1377 5451 Ἀλεξάνδρου
1419 5381 1514 5434 τοῦ
1564 5382 1813 5453 χαλκέοις

1919 5387 2200 5443 excideres
2244 5388 2299 5441 in
2346 5387 2734 5442 contumeliam
2783 5386 2995 5441 ferrarii
3044 5386 3358 5443 Alexandri.
3412 5386 3505 5443 Ille

245 5462 395 5532 ὓϐριν
431 5468 741 5535 ἐξέπιπτες.
800 5471 859 5524 Ὀ
918 5472 1018 5542 μὲν
1050 5474 1189 5543 γὰρ,
1231 5475 1352 5529 οὐδὲ
1396 5475 1535 5529 κατά
1567 5476 1675 5528 τῶν
1710 5477 1813 5529 ὑπ-

1920 5495 2029 5533 non
2080 5479 2297 5534 admisit
2342 5479 2683 5549 promiscuas
2741 5480 2960 5549 quasvis
3005 5480 3381 5535 accusationes
3432 5494 3503 5535 ne

242 5557 436 5626 ηκόων,
462 5559 537 5624 ὡς
562 5561 741 5633 ἔτυχε,
760 5562 860 5628 τὰς
896 5563 1147 5629 διαϐολὰς
1175 5567 1551 5638 προσεδέχετοο
1580 5568 1808 5639 θάτερον

1918 5578 2108 5626 contra
2130 5569 2374 5627 subditos
2406 5587 2421 5637 ;
2470 5571 2567 5627 sed
2604 5570 2733 5629 dum
2773 5580 3059 5629 accusator
3107 5570 3337 5637 diceret,
3359 5566 3499 5623 alte-

1517 5747 1749 5804 VARle
1790 5749 2193 5817 LECTIONES,

321 5892 356 5919 "
383 5895 587 5962 τυφλός.
673 5908 697 5937 η
724 5899 1070 5973 ὐπερηχείτω
1099 5900 1177 5956 δέ.
1253 5912 1272 5934 °
1303 5901 1512 5959 τούτου.
1592 5912 1621 5956 Ρ
1654 5905 2078 5979 ἀδωροδόκητον.
