4046 6420
552 398 662 461 959

1702 392 1965 456 PHOTII
1998 386 2507 453 PATRIARCHIE
2537 386 2651 447 CP.

3700 377 3817 440 960

557 527 671 566 ram
732 511 1032 565 auriculam
1067 509 1358 566 obturabat
1390 527 1404 562 :
1443 498 1736 578 symbdlice
1779 504 2082 560 ostendens
2106 543 2124 570 ,

2237 500 2287 555 δὲ
2325 500 2436 554 τῶν
2464 499 2641 564 ὤτων,
2683 497 2742 552 ἐν
2781 495 2862 567 τῷ
2908 494 3036 557 τοὺς
3079 492 3423 564 κατηγόρους
3462 489 3667 561 λέγειν,
3702 491 3810 542 ἀπ-

559 602 708 672 quod
763 603 858 672 qui
906 602 1321 666 accusabantur,
1374 608 1431 654 et
1477 597 1755 667 iudicandi
1817 605 1992 660 erant,
2028 593 2129 650 tri-

552 695 718 749 bunal
766 694 1079 750 invenirent
1129 705 1378 761 puruma
1431 687 1678 744 convicio
1705 687 1982 752 solitario,
2029 699 2133 741 nec

555 785 752 854 lingua:
820 781 1207 838 detractionem
1275 777 1587 833 admittens.
1642 777 1750 830 Iste
1775 787 1958 830 autem
2007 789 2134 829 eum

561 888 673 927 non
729 878 913 943 egeret
949 869 1446 932 criminationibus,
1485 877 1580 922 aut
1613 881 1707 922 eas
1731 866 2050 938 desperaret
2069 879 2135 920 se

552 962 791 1033 reperire
820 961 1086 1032 potuisse,
1114 962 1373 1032 seipsum,
1405 961 1524 1014 loco
1573 958 1771 1030 lingua:
1794 967 1849 1013 et
1879 971 2137 1010 manuum

551 1053 796 1110 exhibuit
844 1061 1031 1106 contra
1086 1069 1202 1118 eos,
1236 1068 1266 1106 a
1323 1051 1520 1121 quibus
1567 1049 1818 1106 maximis
1863 1046 2139 1104 beneflciis

551 1146 784 1200 allectus
825 1144 1023 1202 fuerat.
1067 1145 1221 1211 Quod
1282 1144 1385 1200 nisi
1421 1159 1508 1198 me
1548 1141 1888 1214 prmveniens
1922 1139 2140 1194 divinus

554 1236 775 1302 Paulus,
833 1248 1124 1292 venturum
1157 1238 1210 1292 in
1260 1247 1312 1293 te
1346 1236 1672 1306 supplicium
1704 1249 1800 1304 per
1822 1248 1968 1298 cum,
2044 1231 2139 1301 qui

551 1329 796 1384 moribus
855 1331 950 1386 tibi
984 1331 1175 1386 similis
1208 1341 1325 1388 erat
1374 1329 1676 1385 clarissime
1713 1325 2125 1396 prmsignasset,

2236 595 2490 664 έιρραττε·
2518 591 2732 654 δεικνὺς
2765 591 2822 646 ἐν
2846 587 2925 659 τῷ
2955 586 3242 658 συμϐόλῳ,
3270 584 3348 649 ὡς
3375 582 3616 655 καθαρὸν
3652 599 3814 652 μονο-

2240 684 2442 755 μεροῦς
2478 682 2778 753 λοιδορίας,
2807 681 2901 734 καὶ
2937 679 3170 749 διαϐόλῳ
3205 677 3427 748 γλώσσῃ
3459 674 3812 739 ἀνεπίϐατον,

2239 777 2532 848 εὑρήσουσι
2565 776 2615 828 oi
2642 771 3114 844 κατηγορηθέντες
3133 809 3150 835 ,
3190 769 3250 822 τὸ
3279 768 3584 839 κριτήριον.
3629 765 3692 818 '0
3721 764 3814 832 δὲ,

2243 867 2380 940 μηδὲ
2406 865 2669 920 διαϐολῶν
2707 862 2954 934 δεηθεὶς,
2982 862 3017 934 ἢ
3062 860 3196 933 μηδὲ
3236 860 3416 931 εὑρεῖν
3451 855 3704 918 ἐλπίσας,
3733 851 3816 908 οἷο

2238 977 2359 1031 μαι,
2390 959 2584 1022 αὐτὸς,
2619 957 2762 1011 κατά
2786 957 2896 1008 τῶν
2930 953 3002 1008 τά
3043 955 3277 1025 μέγιστα
3306 948 3816 1022 εὐεργεησάντων,

2235 1050 2330 1104 καὶ
2362 1048 2606 1119 γλῶσσαι
2640 1049 2736 1102 καὶ
2765 1049 2982 1119 χεῖρες,
3016 1045 3247 1114 ἐγίνετο.
3308 1043 3450 1098 Ἀλλ’
3477 1045 3527 1095 εἰ
3568 1041 3645 1112 μὴ
3679 1056 3818 1110 προ-

2235 1140 2415 1196 λαϐὼν
2437 1143 2589 1212 ἡμᾶς
2617 1142 2646 1195 ὁ
2678 1127 3230 1203 θεσπέσιοςᾚαῦλος,
3259 1135 3361 1207 τὴν
3392 1133 3702 1206 μέλλουσάν
3731 1147 3816 1184 σοι

2235 1233 2526 1302 τιμωρίαν,
2560 1232 2647 1286 διὰ
2677 1231 2770 1285 τοῦ
2803 1231 3110 1302 ὁμοτρόπου
3135 1268 3150 1292 ,
3182 1227 3396 1300 τρανῶς
3423 1225 3778 1296 προεμήνυσε
3797 1263 3816 1286 ,

2232 1323 2450 1387 πάντως
2480 1322 2546 1378 ἂν
2579 1324 2741 1396 ἡμεῖς
2772 1340 2854 1376 σοι
2883 1322 3112 1394 ταύτην,
3143 1321 3231 1376 διὰ
3257 1320 3368 1375 τῶν
3396 1317 3585 1375 αὐτῶν
3633 1315 3819 1388 ῥημά-

553 1419 782 1476 omnino
841 1422 985 1478 idem
1017 1431 1073 1478 et
1122 1423 1219 1479 tibi
1267 1423 1458 1478 iisdem
1487 1419 1618 1491 ipsis
1683 1416 1864 1472 verbis
1913 1415 2130 1470 denun-

2237 1431 2359 1482 των,
2384 1414 2891 1488 διεμαρτυράμεθα.

553 1511 796 1570 tiassem.

1112 1623 1333 1678 EPIST.
1384 1622 1447 1678 L.

914 1717 1133 1774 Tarasio
1170 1715 1393 1787 patricio
1449 1715 1630 1784 fratri.

2838 1616 3064 1670 ΕΠΙΣΤ.
3119 1615 3206 1669 Ν’.

2583 1711 2851 1780 Ταρασίῳ
2887 1710 3173 1780 πατρικίῳ
3195 1706 3460 1780 ἀδελφῷ.

1793 1830 2061 1882 Montacut.
2095 1827 2199 1893 (ep.
2234 1827 2345 1889 160,
2376 1841 2428 1891 p.
2460 1826 2574 1892 214)

621 1941 678 1996 Si
714 1941 862 1996 illum
922 1951 1178 2010 expertus
1224 1953 1600 2010 cognosceres,
1642 1953 1740 2009 pro
1801 1952 1908 2006 quo
1946 1935 2123 1990 scribo

2301 1933 2365 1986 Ei
2408 1934 2504 1986 τοῦ
2549 1931 2741 2004 ἀνδρὸς
2781 1935 2979 2002 πεῖραν
3005 1931 3191 1994 λάϐοις
3219 1969 3237 1994 ,
3286 1928 3418 2002 περὶ
3463 1921 3529 1983 οὗ
3574 1929 3816 1998 γράφω.

553 2049 662 2090 non
695 2049 780 2086 me
843 2033 1256 2086 intercessorem
1323 2048 1419 2100 pro
1459 2031 1552 2086 illo
1602 2031 1850 2093 haberes,
1903 2028 1997 2082 scd
2046 2027 2136 2081 illo

556 2137 769 2180 uterere
798 2140 896 2194 pro
917 2124 1103 2178 multis
1134 2123 1252 2177 aliis
1286 2124 1547 2176 advocato
1579 2141 1591 2176 :
1625 2132 1760 2175 adeo
1788 2121 2002 2175 confido
2031 2129 2136 2174 tua:

556 2215 798 2271 facilitati
844 2225 898 2271 et
944 2215 1171 2271 bonitati
1205 2255 1220 2279 ,
1252 2214 1326 2270 ita
1376 2215 1496 2284 ejus
1557 2213 1742 2268 virtuti
1802 2223 1859 2268 et
1898 2209 2142 2267 dexteri-

555 2306 672 2362 tati.

1150 2413 1366 2474 EPIST.
1410 2415 1494 2472 Ll.

975 2509 1312 2565 Puntoteonti
1357 2506 1684 2579 aspatltario.

2231 2025 2418 2078 οὐκέτι
2467 2024 2808 2095 πρεσϐευτὴν
2857 2023 2998 2095 ὑπὲρ
3045 2024 3256 2076 ἐκείνου
3309 2023 3410 2093 ἐμὲ
3467 2021 3649 2086 ἓξειςσ
3699 2021 3816 2091 ἀλλ⁸

2233 2118 2441 2170 ἐκεῖνον
2471 2117 2612 2186 ὑπὲρ
2655 2117 2832 2168 ἄλλων
2864 2115 3097 2169 πολλῶν.
3134 2114 3290 2168 Οὕτω
3333 2116 3429 2168 καὶ
3453 2117 3521 2184 τῇ
3548 2116 3616 2184 σῇ
3647 2114 3812 2182 εὐμε-

2235 2207 2386 2278 νείᾳ,
2418 2208 2510 2259 καὶ
2545 2205 2896 2276 χρηστότητι,
2928 2205 3021 2258 καὶ
3048 2206 3117 2274 τῇ
3149 2203 3358 2256 ἐκείνου
3393 2203 3566 2274 ἀρετῇ
3598 2203 3695 2255 καὶ
3723 2201 3812 2254 δε-

2237 2298 2440 2370 ξιότητι
2459 2339 2476 2366 ,
2509 2298 2784 2362 πεποιθώς
2815 2299 2956 2368 εἰμι.

2824 2409 3048 2464 ΕΠΙΣΤ.
3094 2409 3228 2464 NA'.

2606 2501 3003 2559 Πανταλέοντι
3044 2501 3414 2572 ἀσπαθαρίφ.

1796 2621 2063 2673 Μοιιιιουι.
2097 2620 2202 2684 (ep.
2237 2619 2346 2681 168,
2379 2633 2430 2683 p.
2460 2619 2598 2684 ειδ).

627 2731 939 2803 A‘ngptiaca
992 2729 1187 2785 mulier
1220 2729 1344 2794 fuit,
1383 2745 1503 2802 qua:
1531 2729 1598 2783 ab
1629 2726 2006 2783 eillerescente
2042 2724 2137 2779 Jo-

556 2825 708 2895 sthi
762 2824 1163 2893 pulchritudine
1193 2824 1406 2878 flamma
1433 2831 1693 2891 concepta
1717 2819 2136 2876 incendebatur.

557 2917 664 2971 Sed
694 2925 812 2970 erat
851 2917 938 2970 ille
999 2915 1124 2969 licet
1150 2930 1306 2984 puer,
1367 2915 1632 2978 Israelita,
1683 2911 1773 2982 qui
1806 2909 2139 2966 lascivientis

556 3007 760 3061 amoris
791 3021 982 3061 omnes
1026 3006 1204 3060 aditus
1256 3015 1312 3060 et
1341 3019 1599 3059 accessus
1648 3001 1972 3059 declinabat.
2025 2998 2140 3055 Nec

555 3098 891 3169 cupidinem,
924 3097 1120 3167 jaculis
1153 3096 1266 3152 suis
1312 3105 1545 3159 tantum,
1593 3093 1784 3149 faculis
1828 3101 1884 3148 et
1926 3093 2083 3163 .igne
2119 3131 2134 3156 ,

2301 2728 2599 2796 Αἰγύπτιον
2631 2724 2700 2800 ἦν
2749 2727 2810 2782 τδ
2859 2727 3300 2801 ἀναφλεγόμενον
3328 2728 3561 2798 γύναιον
3605 2731 3692 2792 εἰς
3719 2730 3819 2798 τὴν

2232 2819 2500 2876 ἀνθοῦσαν
2538 2819 2689 2892 ῶραν
2719 2820 2815 2873 τοῦ
2875 2821 3100 2892 Ἰωσήφ.
3162 2821 3302 2877 Ἀλλ’
3361 2820 3711 2892 Ἰσραηλίτης
3749 2817 3819 2892 ἦν

2231 2916 2458 2978 ἐκεῖνος,
2482 2914 2530 2966 si
2557 2912 2654 2966 καὶ
2696 2915 2825 2976 παῖς
2841 2951 2858 2978 ,
2883 2915 2913 2967 ὁ
2939 2913 3122 2977 πάσας
3149 2913 3246 2969 τοῦ
3276 2914 3584 2968 ἀκολάστου
3613 2914 3822 2984 ἔρωτος

2231 3002 2601 3073 πρεψάμενος
2624 3001 2724 3066 τὰς
2765 3001 3094 3074 προσϐολάς.
3127 3005 3237 3059 Καὶ
3273 3005 3338 3058 οὐ
3377 3006 3543 3076 μόνον
3569 3006 3685 3058 τῶν
3725 3005 3822 3076 βε-

2229 3095 2357 3156 λῶν,
2389 3089 2470 3157 οἷς
2497 3094 2659 3147 αὑτὸν
2688 3092 3004 3158 ὁπλίζουσιν
3033 3095 3084 3148 oi
3117 3095 3279 3167 μῦθοι
3307 3137 3322 3162 ,
3350 3095 3690 3166 γυμνώσας,
3723 3102 3821 3154 καὶ

557 3206 622 3244 ac
667 3189 791 3242 aliis
849 3189 1046 3258 quibus
1077 3188 1227 3242 illum
1269 3186 1463 3242 fabula:
1513 3195 1814 3250 exornant,
1846 3183 2124 3256 spoliavit:

2237 3185 2337 3237 τῶν
2365 3185 2602 3254 πτερῶν,
2633 3185 2728 3239 καὶ
2758 3183 2853 3238 τοῦ
2891 3184 3100 3256 πυρὸς,
3143 3186 3278 3240 ἀλλά
3321 3187 3444 3256 μηδ’
3474 3187 3544 3241 ἂν
3573 3188 3822 3258 ὑπάρξαι

557 3281 654 3336 sed
691 3280 1034 3335 manifestius
1074 3279 1366 3338 declaravit
1415 3279 1614 3334 nullam
1641 3279 1864 3333 omnino
1906 3277 1996 3332 illa
2036 3291 2133 3330 ex-

555 3371 856 3427 sislentiam
899 3371 1176 3440 possidere
1223 3370 1312 3425 :si
1367 3385 1476 3426 non
1528 3369 1596 3424 ab
1639 3367 1924 3423 affectibus
1979 3365 2134 3422 malis

555 3463 777 3517 inescati
828 3461 1081 3516 homines
1132 3462 1596 3531 amplecterentur
1651 3469 1705 3514 et
1734 3459 1998 3514 foverent.
2021 3456 2133 3512 Ve-

557 3568 679 3606 reor
712 3562 894 3607 autem
948 3569 1016 3607 ne
1063 3563 1136 3621 te,
1173 3553 1265 3622 qui
1313 3567 1373 3607 es
1410 3551 1649 3605 Israelita
1678 3550 1976 3604 secundum
2010 3565 2134 3618 gra-

557 3643 706 3707 tiam,
741 3654 797 3699 et
828 3645 895 3699 ad
921 3643 1046 3698 vitae
1094 3653 1199 3697 tua:
1217 3642 1510 3697 terminum
1541 3649 1878 3711 provectum,
1905 3639 2136 3695 barbara

553 3733 840 3805 cupiditas,
888 3742 944 3789 ct
966 3750 1076 3788 non
1111 3734 1197 3789 illa
1237 3734 1460 3800 amoris,
1487 3732 1742 3787 acerbum
1783 3747 1912 3787 vero
1941 3739 2134 3786 ettur-

556 3826 837 3881 bulentum
890 3836 1187 3882 amatorem
1221 3827 1529 3896 possidens,
1565 3825 1870 3880 clanculum
1901 3833 1956 3879 et
1998 3837 2138 3892 pau-

556 3917 705 3970 latim
745 3917 801 3970 in
844 3927 1142 3971 extremam
1184 3927 1405 3986 proruat
1457 3916 1777 3987 perniciem,
1824 3923 1881 3970 et
1937 3913 2134 3968 exinde

555 4022 626 4060 ne
651 4013 839 4060 contra
893 4021 1054 4076 quam
1089 4004 1334 4076 Josephi,
1367 4006 1491 4061 vita:
1526 4014 1632 4060 tuae
1697 4005 1876 4060 exitus
1907 4019 2134 4059 enarre-

556 4101 663 4146 tur.
697 4090 873 4147 Senex
931 4101 1075 4148 amat
1106 4094 1446 4148 meretricem
1478 4094 1759 4148 barbaram
1783 4136 1798 4160 ,
1843 4093 1932 4147 illa
1983 4093 2134 4148 deci-

558 4184 704 4254 pitur
743 4194 835 4239 aut
874 4185 1166 4252 excutitur,
1215 4185 1309 4241 sed
1354 4185 1442 4241 ille
1499 4201 1739 4240 amorem
1777 4201 1938 4241 suum
1959 4185 2015 4240 in
2064 4200 2132 4241 eo

555 4273 853 4331 consistere
901 4274 1050 4342 fecit,
1097 4291 1269 4346 usque
1298 4277 1429 4332 dum
1478 4279 1569 4333 illa
1625 4277 1848 4333 ell‘etum
1912 4287 2130 4332 amato-

2239 3271 2518 3341 διελέγξας
2547 3273 2684 3338 ὅλως
2712 3315 2729 3339 ,
2787 3277 2837 3328 εἰ
2897 3275 2974 3346 μὴ
3025 3279 3269 3347 συνεῖχον
3315 3277 3476 3330 αὐτὸν
3517 3279 3616 3333 καὶ
3659 3295 3823 3351 περι-

2240 3363 2472 3418 έθαλπον
2496 3366 2552 3418 αἱ
2577 3366 2686 3422 τῶν
2713 3369 2826 3432 τοῖς
2856 3369 3102 3440 αἰσχροῖς
3143 3369 3417 3440 ἡδομένων
3444 3371 3640 3441 ὁρμαί.
3665 3373 3734 3426 Σὲ
3766 3373 3825 3426 δὲ

2240 3457 2418 3510 καίτοι
2446 3459 2545 3528 τῆς
2594 3458 2815 3528 χάριτος
2842 3459 3182 3532 Ἰσραηλίτην
3205 3461 3335 3514 ὄντα
3356 3502 3372 3528 ,
3400 3462 3498 3515 καὶ
3527 3463 3670 3534 πρὸς
3699 3463 3821 3534 βίου

2242 3549 2538 3620 βαθύνοντα
2571 3551 2764 3623 πέρας.
2788 3552 3000 3606 δέδοικα
3025 3552 3155 3624 μὴή
3186 3554 3460 3626 βάρϐαρος
3491 3556 3784 3620 πλεονεξία
3802 3596 3820 3621 ,

2218 3629 2339 3691 ὀὐκ
2371 3639 2554 3709 ἐρῶσα
2577 3680 2593 3707 ,
2625 3640 2821 3711 πικρὸν
2852 3641 2908 3694 δὲ
2937 3641 3030 3694 καὶ
3073 3641 3304 3713 ὀχληρὸν
3329 3642 3566 3714 ἐραστὴν
3610 3661 3822 3714 κτησα-

2245 3730 2379 3799 μένη
2401 3771 2415 3795 ,
2450 3729 2586 3801 λάθῃ
2617 3731 2758 3783 κατὰ
2790 3729 2984 3801 μικρὸν
3015 3733 3095 3793 εἰς
3127 3731 3353 3800 ἔσχατον
3385 3733 3653 3796 ἀπωλείας
3679 3750 3812 3785 συν-

2243 3818 2577 3888 εφέλκουσα,
2627 3818 2720 3872 καὶ⁵
2767 3819 3066 3890 καταλείψῃ
3122 3820 3216 3875 τοῦ
3265 3820 3546 3892 σώφρονος
3607 3821 3807 3892 Ἰωσὴτρ

2237 3909 2591 3980 ἀντίστροφον
2621 3909 2699 3979 τῷ
2729 3910 2829 3981 βίῳ
2854 3910 3121 3981 διήγημα.
3148 3912 3331 3983 Γέρων
3360 3913 3500 3982 ἣρας
3530 3911 3813 3983 βαρϐάρου

2241 4000 2528 4071 μαχλάδος’
2555 4002 2590 4071 ἡ
2609 4000 2667 4052 δὲ
2691 4000 3019 4070 διεκρούετοο
3053 4003 3168 4056 ἀλλ’
3197 4006 3411 4068 ἐκεῖνος
3446 4006 3636 4076 μέχρις
3667 4008 3821 4060 ὲκεί-

2236 4109 2330 4146 νου
2356 4091 2448 4146 τὸν
2477 4091 2655 4162 ἔρωτα
2683 4091 2878 4164 ἔστησε
2911 4096 3106 4166 μέχρις
3137 4096 3320 4166 ἐκείνη
3351 4098 3446 4150 τὸν
3467 4098 3669 4168 ἔξωρον
3693 4100 3824 4168 ἐρα-

2240 4186 2372 4254 στὴν
2404 4186 2514 4254 ςτοῧ
2563 4187 2727 4258 κόρου
2779 4189 2874 4241 καὶ
2911 4225 2913 4228 -
2949 4190 3052 4259 τῆς
3098 4188 3377 4260 ὀχλήσεως
3431 4191 3828 4261 μυσαχθεῖσα,

2239 4276 2394 4346 βάθει
2420 4277 2515 4330 τοῦ
2545 4278 2769 4350 ὀλέθρου
2797 4279 3060 4352 βαράθρῳ
3087 4282 3390 4353 κατέρῤαξε
3421 4284 3827 4354 συνωθήσασα.

558 4384 692 4436 rem,
740 4371 990 4427 satietate
1024 4375 1112 4441 iet
1147 4373 1560 4443 importunitate
1611 4375 1874 4441 aversior,
1921 4373 2192 4445 profundo
2242 4372 2561 4442 perditionis
2625 4375 2902 4444 barathro,
2928 4393 3036 4432 una
3069 4392 3194 4432 cum
3253 4379 3373 4438 ipso
3441 4381 3834 4449 prtecipitata,

553 4460 736 4517 allisit.

1083 4574 1304 4633 EPIST.
1335 4574 1447 4633 ιιι.

900 4668 1250 4728 Constantino
1303 4670 1539 4726 notario.

2150 4556 2206 4617 D

2829 4579 3051 4635 ΕΠΙΣΤ.
3088 4579 3212 4635 NB'.

2652 4674 3084 4740 Κωνσταντίνῳ
3102 4675 3390 4742 νωταριφ.

1786 4787 2052 4839 Montacut.
2086 4790 2190 4854 (ep.
2227 4789 2334 4850 172,
2367 4803 2417 4852 p.
2441 4787 2576 4851 ΞΗ).

660 4887 870 4943 Momus
914 4898 1062 4945 certe
1091 4889 1238 4962 (nam
1292 4899 1354 4946 ut
1394 4889 1575 4955 video,
1631 4891 1776 4962 quod
1834 4891 2124 4948 dolendum

553 4993 660 5046 est,
689 4982 885 5039 frustra
912 4985 964 5038 in
1009 4986 1259 5054 prazscnli
1313 4987 1381 5042 de
1426 4986 1635 5042 Divinis
1689 4986 1934 5043 Oraculis
1969 4986 2130 5041 adhi-

556 5078 758 5131 bentur
802 5076 1224 5150 admonitiones)
1254 5080 1526 5149 duplicem
1550 5094 1778 5147 eamque
1811 5077 2128 5147 discrepan-

2296 4896 2363 4950 '0
2410 4895 2620 4968 Μῶμος
2657 4896 2944 4969 (περιττὸν
2985 4897 3093 4968 γὰρ
3133 4895 3230 4952 νῦν
3271 4896 3387 4968 δρῶ
3417 4898 3522 4962 τὰς
3559 4899 3661 4953 διὰ
3711 4904 3834 4955 τῶν

2224 4987 2394 5042 Θείων
2419 4989 2650 5058 Λογίων,
2677 4990 2842 5060 οίμοι,
2875 4990 3262 5061 παραινέσεις)
3291 4991 3488 5062 διπλῆν
3531 5010 3661 5068 πως
3685 4994 3820 5065 ἔχει

2226 5082 2320 5134 καὶ
2356 5081 2740 5152 ἀντικειμένην
2772 5081 2871 5152 τὴν
2903 5082 3088 5149 φύσιν.
3141 5084 3237 5134 “Av
3269 5083 3373 5152 μὲν
3404 5085 3515 5155 γὰρ
3553 5086 3588 5138 ὁ
3629 5087 3835 5158 φέρων

557 5178 662 5222 lem
693 5167 920 5222 sortitur
973 5179 1241 5225 naturam.
1285 5169 1420 5224 Nam
1450 5171 1494 5225 si
1539 5170 1585 5225 is
1643 5169 1734 5240 qui
1795 5169 2128 5224 calumniam

2237 5173 2410 5239 αὑτὸν,
2441 5173 2696 5243 ἀληθεύοι
2725 5174 2848 5227 καθ’
2879 5167 2940 5228 οὗ
2975 5175 3210 5245 τίθησιν,
3241 5174 3460 5246 ἐλέγχει
3509 5177 3612 5230 καὶ⁵
3652 5178 3835 5233 λυπεῖ

551 5257 817 5332 impingit.
855 5276 977 5316 cum
1025 5264 1252 5318 veritate
1299 5264 1640 5333 coniunctam
1667 5261 1852 5326 infert,
1875 5261 2132 5317 adversa-

551 5353 692 5407 rium
741 5367 899 5407 suum
924 5353 1230 5408 convictuum
1292 5367 1526 5407 maerore
1561 5352 1744 5407 allicit.
1782 5350 1878 5406 Sin
1905 5352 2126 5406 menda-

2227 5262 2318 5318 τὸν
2344 5264 2614 5318 ὑπαίτιον·
2653 5265 2719 5319 ἀν
2747 5265 2803 5319 δὲ
2831 5265 3157 5338 ψευδόμενος
3193 5266 3354 5319 αὐτὸν
3379 5266 3525 5321 κατά
3546 5267 3646 5321 τὸν
3675 5270 3835 5342 πλη-

2221 5355 2338 5409 σίον
2375 5354 2718 5420 ἀποτίθοιτο,
2754 5357 2963 5411 ἐκείνου
3001 5357 3102 5427 μὲν
3129 5356 3423 5427 ἀποπηδᾷ,
3469 5358 3836 5432 ὲπικάθηται

555 5445 694 5499 citer
741 5445 982 5499 vicinum
1025 5445 1273 5516 impetit,
1307 5445 1376 5499 ab
1407 5444 1498 5498 illo
1515 5454 1825 5515 oppugnato
1855 5443 2125 5499 calumnia

2237 5446 2276 5500 st
2305 5447 2384 5516 τῷ
2411 5446 2723 5518 κομίσαντι,
2747 5447 2835 5500 ἐπ’
2857 5447 3021 5500 αὐτὸν
3049 5449 3268 5503 ἅπαντα
3293 5449 3565 5520 στρέφων,
3597 5451 3837 5525 ὅσαπερ

550 5537 762 5602 resiliit,
795 5545 850 5593 et
895 5537 954 5594 in
990 5538 1081 5593 illo
1117 5538 1399 5602 consedet,
1433 5539 1525 5608 qui
1575 5539 1903 5608 imputavit;
1940 5539 1996 5592 in
2047 5537 2126 5606 ip-

2237 5541 2384 5604 ιύτὸς
2411 5542 2554 5596 κατά
2584 5540 2677 5596 τοῦ
2713 5541 2788 5612 μὴ
2818 5541 3109 5605 δεδωκότος
3135 5545 3200 5613 τῇ
3236 5544 3389 5614 αἰτίᾳ
3416 5545 3516 5613 τὴν
3542 5545 3838 5615 πάροδον,

555 5639 793 5684 summet
823 5645 886 5684 ea
940 5629 1122 5685 omnia
1183 5630 1454 5684 convertit
1494 5645 1615 5699 qum
1666 5630 1916 5698 nequiter
1963 5628 2018 5682 in
2062 5628 2126 5681 il-

552 5722 662 5774 lum
705 5729 1095 5787 contexuerat,
1124 5721 1216 5791 qui
1264 5721 1672 5791 reprehensioni
1693 5721 1851 5792 iustae.
1881 5737 1990 5776 non
2030 5721 2132 5775 de-

2221 5631 2647 5701 ὲπονηρεύσατο.
2685 5634 2829 5704 Ὅρα
2852 5629 2946 5688 οὖν
2974 5635 3067 5687 καὶ
3096 5636 3161 5686 σὺ
3189 5637 3270 5698 εἰς
3300 5635 3493 5705 ἀνδρὸς
3518 5633 3836 5703 δμϐαίνων

2227 5719 2471 5790 μώμους,
2506 5720 2565 5772 ὃν
2603 5721 2653 5774 οἱ
2677 5723 2778 5792 τῆς
2799 5723 3082 5785 εὐσεϐείας
3105 5725 3424 5792 ἀγωνισταὶ.
3453 5725 3696 5793 γνήσιον
3724 5728 3836 5795 τῆς

549 5812 622 5865 dit
686 5811 914 5866 aditum.
951 5811 1035 5866 'l‘u
1081 5821 1262 5881 igitur,
1296 5813 1388 5882 qui
1418 5812 1718 5870 calumnias
1757 5813 1831 5870 illi
1861 5813 2124 5880 incessus,

2237 5813 2427 5884 ἀρετῆς
2451 5812 2688 5886 ἐραστὴν
2707 5816 2927 5888 ὁρῶσιν,
2956 5817 3009 5872 τί
3038 5817 3255 5889 μέλλεις
3278 5819 3553 5888 πράττειν·
3579 5817 3840 5874 ἐπειδᾶν
