4080 6402
259 359 362 428 961
1393 343 1928 410 EPISTOLARUM
1965 342 2198 403 LIBER
2243 342 2360 404 IlI.
3419 341 3526 404 962

255 481 288 533 ὁ
317 493 420 533 κατ
485 475 620 530 αὐτό
653 491 719 544 γε
761 472 916 528 τοῦτο
945 471 1283 532 δικαιότατος
1313 467 1549 538 Μῶμος,
1578 464 1679 517 οὐκ
1710 463 1849 534 ἔχων

1968 474 2134 529 luem,
2163 460 2254 529 qui
2302 473 2402 529 pro
2429 457 2630 529 pietate
2659 464 2934 512 certamen
2972 457 3182 519 ineunt,
3203 470 3524 528 germanum

258 572 408 634 ὅπως
437 566 836 639 ὲναπερείδοιτο
867 565 945 637 τῷ
977 565 1156 636 μάτην
1185 560 1486 616 αίτιαθέντι
1523 557 1607 629 (οὐ
1639 554 1748 626 γὰρ
1775 555 1832 608 αἱ

1975 549 2154 604 irtutis
2182 563 2424 603 amorem
2447 556 2748 619 agnoscunt
2773 589 2788 612 ,
2833 547 2959 602 vide
2989 555 3045 600 et
3089 545 3370 599 considera
3411 546 3486 599 sis
3508 581 3529 606 ,

260 662 416 716 σκιαὶ
457 660 566 714 τῶν
594 637 942 728 κατηγοριῶν
987 655 1102 711 ἀλλ’
1150 655 1208 710 αἱ
1254 651 1482 723 πράξεις
1531 649 1732 718 ἵδρυμα
1755 645 1835 716 τῷ

1970 641 2062 696 uid
2153 647 2408 695 attentas.
2466 640 2602 695 Cum
2684 640 2828 695 enim
2907 637 3118 693 Momus
3190 637 3528 708 iustissimus

257 748 494 822 Μώμῳ)
525 749 603 812 εἰς
631 746 722 800 τὸν
762 747 960 810 ἀδίκως
1000 743 1406 814 αἰτιασάμενον,
1458 737 1597 810 μετά
1637 735 1837 805 πολλῆς

1968 750 1988 788 t
2035 735 2141 789 hoc
2166 734 2390 798 arbiter,
2444 750 2552 787 non
2589 731 2858 787 invenerit
2928 733 3103 796 ineo,
3155 729 3245 800 qui
3318 729 3526 785 frustra

258 843 362 913 τῆς
395 841 774 910 πεποιθήσεως
808 841 901 892 καὶ
932 837 1114 907 ἰσχύος
1141 831 1558 904 ὲπαναστρέψας
1577 872 1595 898 ,
1630 827 1836 882 ἀθάνα-

1968 837 2232 882 ιοουετιιιπ
2287 826 2379 882 ubi
2425 827 2664 882 resideat
2699 837 2896 896 (neque
2933 825 3078 879 enim
3131 823 3529 879 calumniarum

259 953 354 988 τον
382 933 532 1006 αύτῷ
551 931 900 1001 διαφυλάττοι
931 929 990 982 τὸ
1012 929 1220 982 δίκαιον
1249 925 1473 988 ὄνειδος.

1975 921 2164 984 ιηιπω,
2205 918 2299 973 sed
2332 917 2550 974 realiter
2581 918 2799 973 actitata
2835 917 2996 971 Momi
3049 915 3207 971 sedes
3271 913 3419 983 sunt)
3475 911 3531 964 in

260 1046 388 1086 eum
446 1030 538 1101 qui
582 1029 782 1097 injuste
810 1026 1087 1082 hominem
1141 1021 1416 1076 accusavit
1445 1032 1639 1092 magna
1684 1030 1810 1072 cum
1850 1016 2175 1071 conﬁdentia
2229 1023 2286 1069 et
2336 1015 2589 1071 violentia
2632 1015 2903 1070 resultans
2973 1010 3275 1066 immortale
3315 1008 3364 1062 ei
3433 1007 3531 1060 dev

263 1123 431 1178 decus
452 1122 657 1194 justum
691 1127 968 1190 comparat
988 1155 1003 1179 ,
1027 1130 1131 1171 nec
1161 1113 1387 1184 injuria.

853 1253 1079 1310 ΕΠΙΣΤ.
1118 1252 1246 1306 Nl".

742 1366 983 1437 Ἰωάννη
1020 1364 1334 1433 πατρικίῳ.

2541 1240 2766 1298 EPIST.
2797 1240 2909 1295 Llii

2492 1357 2692 1413 Ioanm‘
2721 1357 2966 1430 patricio.

1505 1485 1772 1536 Montaeut.
1799 1481 1903 1544 (ep.
1940 1479 2048 1544 183,
2081 1497 2132 1546 p.
2157 1481 2290 1540 275).

337 1597 432 1670 Τῷ
459 1597 560 1669 μὲν
590 1595 755 1667 φίλῳ,
782 1569 939 1667 ’ὑπὲρ
973 1590 1034 1650 οὗ
1062 1595 1366 1668 πρεσϐεύω,
1398 1594 1472 1658 ώς
1496 1594 1592 1648 καὶ
1621 1595 1852 1665 πρόσθεν

269 1691 442 1762 ἔγνως
467 1731 482 1756 ,
514 1691 643 1762 περὶ
665 1689 846 1760 ψυχήν
869 1691 1017 1742 ἐστιν
1056 1691 1085 1742 δ
1125 1689 1297 1759 ἀγῶν’
1336 1690 1403 1742 σὺ
1427 1688 1507 1753 δὲ,
1534 1688 1610 1751 ώς
1646 1688 1853 1739 ἐκεῖνον

2028 1592 2252 1647 Amicus
2291 1593 2401 1656 iue,
2433 1591 2592 1662 cujus
2633 1605 2734 1662 ago
2764 1602 3008 1651 causam,
3045 1583 3192 1655 quod
3212 1580 3534 1654 jamdudum

1959 1692 2106 1739 recte
2139 1683 2396 1753 intelligis
2423 1682 2492 1737 de
2515 1682 2626 1736 vita
2686 1695 2784 1734 sua
2813 1678 3148 1749 periclitatur
3181 1692 3196 1730 :
3243 1673 3327 1727 Tu
3347 1687 3537 1743 porro,

267 1761 400 1855 ὁρᾷν
445 1761 597 1846 ἔστι,
625 1779 728 1834 κᾶν
757 1781 939 1850 λέγει,
970 1782 1204 1836 Λεσϐίαν
1235 1781 1382 1851 αὐτῷ
1419 1780 1600 1845 δεξιὰν
1629 1778 1846 1850 προτεί-

1968 1775 2094 1844 ιυοιΙ
2131 1774 2186 1828 in
2237 1773 2329 1827 illo
2368 1772 2493 1827 licet
2519 1769 2743 1835 intueri,
2787 1768 3058 1828 Lesbiam.
3097 1772 3376 1832 utcunque
3398 1761 3533 1814 nihil

269 1892 403 1938 νεις.
433 1874 531 1927 Ἂν
562 1872 665 1945 μὲν
706 1867 798 1926 οὖν
820 1872 983 1936 αὐτὸς
1020 1873 1276 1926 οὐδέποτε
1317 1872 1482 1926 πάθει
1517 1870 1846 1941 περιέπεσας

267 1965 528 2036 τοιούτῳ,
567 1964 708 2036 μέγα
741 1963 840 2034 μὲν
867 1962 1070 2032 λέγεις’
1111 1963 1310 2035 μᾶλλον
1349 1962 1439 2028 δὲ,
1469 1961 1605 2015 διότι
1636 1960 1709 2031 μὴ
1744 1959 1845 2012 πέε-

270 2054 511 2121 πονθας,
555 2053 841 2126 χρεώστην
885 2055 1108 2108 σεαυτὸν
1134 2055 1228 2108 τοῦ
1273 2054 1563 2124 οἰκτείρειν
1610 2053 1847 2121 ἀποφαί-

270 2165 403 2209 νεις·
437 2145 669 2218 φοϐερὸν
704 2145 814 2219 γάρ
858 2147 976 2210 πώς
1010 2149 1158 2200 ἐστιν
1187 2148 1246 2200 ὲν
1278 2149 1346 2218 τῇ
1383 2146 1545 2215 φύσει
1575 2147 1633 2200 ὲν
1667 2146 1846 2208 ἄλλοις

274 2238 514 2312 μάλιστα
539 2237 901 2311 προορώμενα
927 2237 996 2292 τὰ
1023 2238 1266 2306 ἀλγεινὰ,
1294 2237 1469 2301 ἄλλως
1495 2254 1557 2290 τε
1588 2239 1635 2289 εἰ
1669 2239 1846 2307 κρεῖτ-

270 2350 364 2386 τον
406 2331 568 2404 μέχρι
608 2331 704 2385 νῦν
747 2331 857 2383 τῶν
894 2332 951 2383 ὲν
986 2329 1297 2401 ἀνθρώποις
1342 2329 1619 2401 ὲτηρήθης
1658 2329 1849 2399 δυσχε-

273 2425 459 2496 ρειῶψ
503 2424 563 2477 ού
612 2423 721 2494 γὰρ
767 2421 1091 2494 εὐπρόσοδον
1141 2423 1218 2494 τῷ
1275 2422 1584 2494 πρεσϐευτῇ
1650 2423 1846 2493 ἁθρόον

273 2515 554 2588 ἐμϐαίνειν
584 2518 662 2579 εἰς
690 2515 788 2586 τὴν
810 2516 1116 2587 ἀνάμνησιν
1138 2515 1247 2569 τῶν
1274 2515 1556 2587 λυπηρῶν,
1596 2514 1712 2568 ἀλλ’
1754 2509 1848 2566 οὖν

273 2605 576 2676 ἁσφαλίσαι
622 2607 683 2659 τὸ
735 2607 926 2678 μέλλον
969 2607 1056 2660 διὰ
1111 2607 1211 2678 τῆς
1261 2607 1582 2679 συμπαθοῦς
1616 2606 1744 2678 περὶ
1788 2605 1848 2658 τὸ

275 2699 545 2770 ὁμόφυλον
577 2699 828 2769 σπουδῆς.
872 2700 1048 2753 Εἴωυε
1089 2701 1192 2770 γάρ
1241 2719 1360 2764 πως
1401 2701 1470 2753 τὰ
1501 2700 1681 2762 δεινὰ,
1723 2699 1850 2762 τοὺς

281 2792 446 2863 μέχρι
475 2789 670 2842 πολλοῦ
695 2789 1052 2858 διαφυγόντας
1094 2790 1234 2844 αὐτὰ
1255 2831 1270 2856 ,
1305 2789 1504 2861 μᾶλλον
1543 2789 1650 2842 τῶν
1676 2788 1852 2843 ἄλλων

280 2881 661 2951 ὲποφθαλμιᾷν
691 2881 785 2934 καὶ
826 2880 1202 2953 σφοδρότερον,
1253 2881 1287 2953 ἢ
1331 2881 1424 2944 οὒς
1453 2881 1714 2945 πολλάκις
1753 2897 1853 2934 κα-

282 2976 590 3044 τελάϐοντο,
616 2975 853 3030 διώκειν·
883 2977 980 3030 καὶ
1001 2976 1152 3030 οὐδὲν
1175 2977 1286 3050 ὁρῶ
1306 2977 1518 3032 τοιοῦτο
1562 2977 1699 3049 πρὸς
1723 2977 1853 3031 ἀπο-

1945 1867 2111 1930 dicat,
2137 1881 2356 1922 manum
2393 1863 2626 1934 porrigis
2675 1880 2690 1916 :
2741 1861 2787 1916 si
2819 1859 2935 1930 ipse
2964 1856 3102 1911 nihil
3136 1855 3242 1910 tale
3288 1853 3536 1922 aliquan-

1945 1961 2016 2016 do
2065 1971 2360 2027 perpessus
2401 1972 2482 2018 es,
2511 1968 2766 2024 magnum
2811 1959 2895 2005 est
2925 1947 3070 2019 quod
3099 1944 3237 1999 dicis
3265 1961 3282 2008 ;
3319 1941 3414 1996 sed
3440 1949 3525 1994 ta-

1945 2069 2070 2108 men
2128 2054 2182 2106 in
2221 2066 2287 2106 eo
2324 2049 2469 2119 quod
2498 2059 2790 2119 perpessus
2844 2040 2984 2096 nihil
3037 2038 3146 2093 tale
3177 2034 3365 2100 fueris,
3388 2032 3540 2088 debi-

1947 2161 2037 2221 tor
2071 2139 2465 2197 misericordia:
2503 2137 2765 2191 faciendae
2826 2133 2998 2189 multo
3053 2130 3224 2201 magis
3253 2125 3531 2196 obiigaris:

1945 2213 2264 2290 naturaliter
2319 2228 2728 2285 formidolosum
2775 2234 2859 2280 est
2900 2223 3081 2277 futura
3140 2219 3280 2274 mala
3344 2213 3542 2288 pnevi-

1948 2330 2098 2394 dere,
2134 2324 2418 2395 imprimis,
2475 2321 2517 2376 si
2552 2335 2672 2390 qua:
2701 2316 3012 2372 hominibus
3037 2314 3260 2368 adversa
3321 2307 3539 2363 contin-

1947 2436 2074 2492 gere
2105 2420 2302 2482 solent,
2333 2431 2500 2486 seque
2545 2413 2614 2468 ad
2670 2413 2816 2465 hunc
2877 2410 3020 2464 diem
3057 2407 3340 2460 observata
3381 2409 3546 2478 nota_

1947 2513 2038 2567 sti.
2085 2511 2206 2564 Non
2252 2519 2335 2564 est
2363 2505 2626 2578 legatione
2653 2499 2897 2571 iungenti
2943 2512 3240 2569 congruum
3268 2492 3552 2560 consupa-

1951 2603 2049 2658 tim
2107 2613 2371 2670 proruere
2428 2599 2482 2651 in
2513 2596 2776 2651 malorum
2829 2589 3424 2652 commemorationem,
3452 2585 3547 2638 sed

1950 2695 2194 2752 futurum
2264 2699 2479 2762 oportet
2522 2701 2848 2760 praecavere,
2887 2700 2985 2755 per
3033 2682 3293 2737 aﬂectum
3339 2688 3396 2744 et,
3427 2689 3547 2733 stu-

1953 2789 2102 2844 dium
2141 2800 2265 2856 erga
2307 2799 2420 2850 eos,
2467 2782 2559 2853 qui
2621 2788 2748 2835 sunt
2789 2779 3032 2849 ejusdem
3072 2785 3282 2831 natura:
3308 2773 3535 2844 partici-

1954 2899 2073 2954 pes.
2145 2881 2261 2936 Usu
2311 2879 2458 2934 enim
2516 2876 2586 2930 ita
2646 2883 3013 2944 comparatur,
3060 2879 3119 2926 ut
3163 2869 3389 2924 adversa
3431 2866 3551 2920 illos

1959 2972 2147 3028 invido
2205 2969 2376 3040 magis
2418 2966 2602 3022 animo
2625 2965 2962 3028 intueantur,
3023 2959 3114 3032 qui
3153 2973 3412 3030 prospera
3441 2957 3552 3010 for-

286 3071 496 3141 τροπὴν
539 3068 648 3121 τῶν
704 3069 764 3122 ἐν
806 3066 1113 3141 ἀνθρώποις
1140 3068 1534 3139 περιστάσεων,
1565 3071 1641 3134 ώς
1675 3070 1736 3122 τὸ
1761 3073 1867 3134 τοῖς

1975 3075 2106 3120 tuna
2145 3062 2238 3118 diu
2283 3061 2367 3114 usi
2407 3068 2533 3114 sunt
2573 3077 2588 3113 :
2631 3073 2791 3128 quam
2837 3055 2978 3120 illos,
3017 3067 3154 3124 quos
3211 3049 3550 3119 frequentius

288 3162 621 3236 ὲμπεσοῦσιν
663 3161 914 3216 ἵστασθαι
946 3161 1161 3232 βοηθόν.
1198 3161 1262 3215 Εἰ
1284 3162 1328 3216 δ’
1352 3162 1639 3234 ἄνθρωπος
1672 3161 1748 3216 ὣν
1773 3165 1869 3217 καὶ¹

290 3257 487 3322 αὐτὸς,
533 3253 897 3324 ἐκοινώνησας
935 3255 1047 3318 τοῖς
1069 3251 1380 3324 ἀνθρώποις
1418 3264 1467 3318 ιι,
1509 3257 1694 3308 ἐκεῖνα
1721 3254 1870 3324 λογί-

293 3349 412 3413 ζου,
437 3348 474 3402 ἇ.
500 3365 560 3401 σε
594 3348 714 3401 τότε
757 3345 1079 3418 διεστρόϐει,
1111 3345 1207 3398 κα)⁸
1231 3344 1559 3415 συνέστρεφε
1589 3347 1658 3399 τὰ
1698 3347 1872 3400 σπλά-

291 3457 467 3512 γχνα,
499 3440 593 3493 καὶ
630 3439 750 3492 ὅλον
775 3437 991 3510 πικρῶς
1048 3437 1405 3503 ἐπεϐόσκετο,
1438 3436 1669 3491 θανάτου
1708 3437 1874 3509 βαρυ-

292 3531 460 3602 τέραν
499 3529 870 3598 ἀποφαίνοντα
913 3527 1010 3599 τὴν
1053 3526 1200 3598 ζωήν
1228 3545 1242 3558 ·
1294 3528 1576 3599 μέμνημαι
1607 3528 1715 3599 γάρ
1743 3545 1873 3582 ποτε

296 3622 393 3676 καὶ
421 3621 530 3690 ἐγὼ
551 3663 566 3688 ,
593 3620 721 3675 εἴτι
755 3619 832 3691 μὴ
873 3619 979 3674 ὑπὸ
1010 3619 1110 3690 τῆς
1137 3620 1413 3692 συνεχείας
1446 3621 1555 3676 τῶν
1579 3621 1766 3676 κακῶν
1795 3624 1875 3686 εἰς

297 3710 536 3782 ὀνείρους
571 3709 955 3782 άποφέρομαι,
980 3707 1222 3762 τοιοῦτόν
1270 3727 1324 3761 τι
1364 3708 1413 3779 (ὂ
1446 3709 1520 3780 μὴ
1549 3709 1758 3778 γένοιτο
1781 3709 1873 3762 τοῦ

296 3800 522 3874 λοιποῦ)
555 3803 650 3856 καὶ
682 3801 811 3872 περὶ
837 3800 938 3872 τὴν
971 3801 1069 3870 σὴν
1102 3800 1398 3871 εὐκληρίαν
1422 3799 1760 3870 ἀπαντῆσανο
1787 3800 1874 3852 ὅτε

298 3897 360 3950 τὸ
388 3897 544 3967 δμμα
574 3895 738 3967 ξηρὸν
783 3894 922 3965 πρὸς
965 3893 1177 3958 πάντας
1215 3895 1457 3964 ἀνέῳκτο
1480 3934 1496 3958 ,
1527 3894 1709 3963 πάσης
1736 3910 1877 3962 συμ-

301 3988 470 4058 φυοῦς
505 3987 719 4050 λιϐάδος
748 3986 1204 4058 ἀπαναλωθείσης
1227 3988 1338 4051 τοῖς
1369 3987 1620 4058 δάκρυσι·
1649 3987 1742 4040 καὶ
1768 3989 1878 4058 χεῖο

304 4098 396 4152 ρες
441 4080 548 4152 πρὸ
595 4079 703 4133 τῶν
755 4079 930 4148 λόγων
973 4079 1072 4150 τὴν
1115 4081 1323 4134 ἱκεσίαν
1380 4079 1779 4152 προύϐάλλοντο
1817 4079 1877 4133 τὸ

301 4170 594 4243 πρόσωπον
643 4170 1042 4239 συντηκόμενον
1084 4172 1161 4233 είς
1206 4171 1408 4240 πολλὴν
1431 4172 1557 4234 τοὺς
1601 4171 1876 4241 ὁρῶντας,

304 4264 400 4316 καὶ
443 4261 550 4330 πρὸ
595 4261 705 4314 τῶν
734 4261 956 4332 χειρῶν,
986 4261 1170 4314 ἐκάλει
1220 4262 1588 4332 συμπάθειαν·
1639 4264 1734 4316 καὶ
1759 4264 1880 4316 ὅλον

303 4350 416 4424 εἶχε
501 4353 761 4424 σύγχυσις
833 4352 929 4405 καὶ
1016 4353 1286 4423 κατήφεια
1345 4354 1438 4405 καὶ
1499 4355 1728 4423 γνόφος⁶
1785 4353 1880 4406 καὶ

305 4445 569 4516 κρείττων
631 4447 664 4516 ὴ
727 4445 854 4514 σιγὴ
913 4444 1004 4498 τοῦ
1089 4445 1208 4497 τότε
1281 4444 1638 4514 διηγήματος.
1694 4444 1880 4498 Ταῦτα

306 4539 396 4608 δὴ,
421 4536 594 4590 ταῦτα
629 4531 712 4604 (ὧ
741 4540 938 4608 μηκέτι
994 4537 1260 4606 μηδαμῶς
1305 4537 1529 4590 τοιαῦτα
1576 4539 1770 4590 παθεῖν
1821 4556 1880 4591 σε

310 4627 514 4700 ἴδοιμι)
548 4630 842 4700 σωφρόνως
896 4628 1268 4699 ἀναμνησθεὶς
1322 4629 1613 4700 (πολλαχοῦ
1649 4631 1760 4701 γὰρ
1788 4630 1882 4683 εὖ·

308 4734 550 4792 χρηστόν
576 4722 609 4791 ἠ
643 4722 834 4791 μνήμη
859 4721 967 4773 τῶν
997 4720 1278 4790 λυπηρῶν)
1308 4760 1324 4784 ,
1352 4722 1512 4790 γενοῦ
1546 4725 1749 4794 σωτὴρ,
1774 4718 1887 4777 οἷον

309 4809 480 4880 ηὔχου
509 4827 592 4864 σοι
629 4810 886 4880 γενέσθαι
923 4811 1046 4864 τότε
1077 4811 1173 4880 (ού
1209 4811 1320 4882 γὰρ
1371 4813 1506 4883 ἐμὸν
1546 4814 1742 4878 εἰπεῖν,
1775 4810 1888 4868 οἷον

312 4895 520 4972 εὗρες),
557 4899 635 4972 τῷ
660 4900 754 4957 νῦν
775 4903 857 4965 είς
872 4900 971 4966 τὰς
988 4901 1178 4972 ὁμοίας
1195 4903 1480 4975 συμφορὰς
1505 4905 1886 4962 καταπεσόντι.

314 4993 394 5051 Εὖ
427 4997 537 5066 γὰρ
571 4995 701 5059 ἴσθι,
729 4995 806 5058 ώς
832 4995 956 5067 ἐμοί
985 5013 1046 5050 τε
1071 4996 1132 5050 τὸ
1164 4998 1324 5069 χρέος
1353 4998 1710 5064 ἀποδεδὼκως
1739 5001 1888 5070 εἴης,

313 5091 412 5145 καὶ
447 5089 540 5144 τὸν
585 5088 966 5160 βοηθούμενον,
1023 5092 1084 5144 ἐν
1129 5085 1211 5154 οἷς
1250 5092 1317 5147 ἂν
1354 5091 1516 5165 βούλῃ
1543 5133 1559 5156 ,
1609 5093 1892 5167 χρεώστην

315 5182 727 5255 ἀπροφάσιστον
777 5181 1051 5252 εὑρήσεις.
1099 5185 1278 5240 Καλὸν
1316 5186 1375 5240 δὲ
1419 5187 1480 5239 ὲν
1519 5185 1622 5258 βίῳ
1663 5187 1892 5254 πολλοὺς

317 5271 600 5345 χρεώστας
621 5313 635 5336 ,
668 5271 764 5325 καὶ
796 5272 916 5326 τότε
945 5273 1292 5342 εὐγνώμονας
1321 5277 1560 5350 χαρίτων
1584 5278 1749 5350 ἔχειν.

1973 3176 2036 3217 ea
2063 3156 2360 3213 incursavit
2391 3173 2405 3209 :
2452 3153 2590 3209 nihil
2643 3166 2742 3223 ego
2776 3148 3021 3219 intelligo
3054 3144 3225 3216 magis
3245 3143 3551 3199 conducere

1972 3254 2039 3310 ad
2083 3249 2408 3308 avertendas
2467 3247 2535 3302 ab
2585 3242 2899 3299 hominibus
2963 3239 3334 3302 calamitates,
3391 3251 3552 3306 quam

1973 3345 2142 3402 fuisse
2167 3341 2379 3401 amicus
2417 3337 2636 3392 auxilio.
2674 3334 2729 3389 Si
2785 3334 2946 3388 homo
2998 3345 3122 3386 eum
3168 3329 3264 3394 sis,
3309 3341 3555 3381 commu-

1939 3431 2242 3490 'nicaveris
2290 3445 2413 3486 cum
2466 3425 2799 3488 hominibus,
2833 3423 2922 3476 illa
2948 3421 3193 3481 recolito,
3235 3433 3356 3488 quae
3398 3425 3452 3472 te
3497 3425 3556 3471 et

1974 3529 2149 3599 ipsum
2179 3535 2307 3581 tunc
2353 3529 2605 3578 vexatum
2635 3517 2929 3579 habebant,
2961 3524 3014 3569 et
3036 3514 3244 3570 viscera
3287 3528 3409 3583 qua:
3429 3514 3556 3568 sub.

1974 3629 2278 3683 verterunt,
2309 3627 2363 3672 et
2419 3615 2585 3671 vitam
2618 3615 2790 3683 ipsam
2833 3618 3008 3664 morte
3031 3606 3249 3681 gravius
3289 3605 3554 3676 depasce-

1975 3714 2124 3769 bant.
2181 3709 2400 3764 Memini
2463 3707 2752 3777 aliquando
2785 3704 2911 3772 (nisi
2941 3703 3095 3763 forte
3141 3700 3406 3755 malorum
3440 3713 3559 3752 ma-

1977 3804 2204 3877 gnitudo
2236 3819 2323 3858 me
2354 3800 2628 3856 somniare
2669 3795 2880 3868 iecerit)
2939 3793 3141 3864 aliquid
3178 3793 3283 3846 tale
3326 3791 3553 3861 (utinam

1977 3913 2090 3952 non
2120 3905 2174 3951 et
2194 3895 2409 3950 denuo!
2445 3901 2591 3947 tuam
2637 3905 2853 3960 quoque
2907 3887 3218 3942 felicitatem
3247 3882 3553 3938 invasisse:

1978 4003 2103 4044 cum
2172 3987 2302 4042 sicci
2350 3985 2492 4039 oculi
2533 3984 2587 4037 in
2646 3982 2830 4036 omnia
2895 3979 3266 4050 aperirentur,
3327 3976 3557 4030 humore

1979 4080 2268 4154 congenito
2334 4078 2552 4148 penitus
2605 4091 2698 4145 per
2738 4075 3002 4144 lacrymas
3068 4071 3385 4128 desiceato;
3433 4083 3556 4122 eum

1980 4187 2175 4228 manus
2199 4169 2364 4226 verba
2422 4166 2788 4237 pra-cederent
2809 4205 2824 4228 ,
2857 4171 2911 4217 et
2936 4177 3126 4233 preces
3142 4176 3335 4214 manus
3370 4160 3559 4213 tende-

1981 4274 2124 4330 rent,
2168 4263 2336 4336 i‘acies
2382 4268 2440 4316 et
2475 4259 2658 4314 vultus
2712 4257 2956 4324 dejeetus
2989 4271 3101 4324 pra:
3159 4253 3414 4306 manibus
3472 4251 3558 4303 iu-

1985 4370 2197 4416 tuentes
2226 4364 2445 4412 vocaret
2460 4355 2646 4409 multis
2667 4352 2840 4407 modis
2869 4351 2934 4405 ad
2961 4347 3383 4403 misericordiam
3409 4361 3557 4399 :eum

1989 4462 2038 4508 te
2065 4459 2235 4506 totum
2289 4447 2592 4519 possideret
2637 4445 2884 4500 confusio
2911 4485 2926 4509 ,
2968 4441 3222 4511 dejectio,
3267 4439 3504 4492 tenebrae
3538 4455 3555 4504 ;

1978 4548 2200 4614 praestat
2226 4549 2420 4594 caetera
2455 4547 2655 4602 tacere,
2685 4552 2844 4605 quam
2877 4532 3100 4604 profari,
3143 4546 3264 4599 qum
3324 4537 3376 4582 te
3427 4539 3559 4582 tunc

1980 4631 2388 4703 contingebant.
2417 4629 2545 4684 Haec
2601 4630 2739 4698 ipsa,
2770 4641 2954 4696 quaeso
2991 4626 3045 4694 (ο
3092 4623 3294 4677 utinam
3323 4633 3560 4690 unquam

1983 4733 2036 4779 te
2057 4725 2239 4779 denuo
2264 4723 2452 4776 eadem
2479 4721 2773 4792 patientem
2792 4715 3353 4783 intuearl),moderate
3373 4729 3560 4768 recor-

1985 4820 2117 4875 dare
2171 4813 2449 4887 (conducit
2521 4813 2723 4868 etenim
2782 4807 3238 4881 quamplurimum
3285 4806 3564 4861 multoties

1988 4912 2254 4967 malorum
2309 4905 2763 4973 commeminisci)
2797 4922 2810 4958 :
2847 4903 2923 4957 sis
2957 4900 3101 4955 illius
3147 4898 3423 4954 exhibitor
3452 4940 3467 4961 ,
3503 4899 3560 4952 in

1989 5013 2251 5075 quantum
2305 5011 2435 5057 tunc
2459 5000 2762 5056 desiderata
2790 4995 3099 5066 expetebas,
3129 4993 3176 5048 ei
3205 4991 3298 5063 qui
3328 4990 3383 5044 in
3411 4989 3563 5045 simi-

1991 5100 2071 5153 les
2125 5097 2320 5152 incidit
2357 5095 2712 5150 calamitates.
2769 5088 2909 5156 Quid
2971 5087 3099 5142 inde
3153 5087 3414 5150 lucratus,
3452 5101 3562 5139 non

1990 5191 2167 5246 dicam
2195 5189 2335 5244 scias
2361 5187 2544 5250 velim,
2585 5183 2729 5254 quod
2759 5191 2814 5238 et
2864 5180 2997 5235 mihi
3028 5179 3268 5235 debitum
3285 5177 3560 5249 persolve-

1992 5282 2090 5349 ris,
2135 5290 2191 5337 et
2231 5295 2354 5335 eum
2382 5277 2469 5331 cui
2497 5275 2755 5330 auxilium
2805 5271 3030 5328 attulisti
3061 5271 3118 5326 in
3151 5271 3564 5342 quibuseunque

318 5365 580 5428 volueris,
629 5363 934 5418 debitorem
977 5365 1222 5422 habebis.
1265 5369 1472 5425 Bonum
1502 5380 1587 5426 est
1633 5379 1814 5426 autem
1842 5385 1896 5430 et
1935 5376 2071 5431 utile
2122 5373 2320 5429 multos
2352 5386 2447 5442 per
2475 5368 2640 5425 vitam
2705 5367 2905 5423 habere
2938 5365 3211 5422 debitores
3269 5361 3567 5433 praesertim

319 5455 550 5522 gratiam
576 5453 922 5511 redhibentes
962 5456 1262 5526 possidere.

1585 5647 1820 5704 νΑιιιιΕ
1860 5643 2268 5711 LECTIONES.

395 5800 425 5842 (ι
468 5793 554 5848 ἴσ.
589 5793 976 5867 ἀνθρωπίναις.
