4046 6444
541 339 648 404 963

1102 454 1319 513 EPIST.
1352 454 1486 513 LIV.

611 548 854 607 Mariano
884 550 1111 618 patncio
1147 561 1195 604 et
1244 552 1527 606 domestico
1561 550 1882 607 scholarum.

1701 343 1964 405 PHOTII
2002 343 2514 406 PATRIARCH/E
2551 341 2663 405 CP.

2150 462 2200 517 Α.

3696 328 3822 395 964

2820 448 3041 505 ΕΠΙΣΤ.
3078 445 3201 502 NA'.

2230 546 2507 614 Μαριανῷ
2541 540 2827 612 πατρικιῳ
2878 542 2975 598 καί
3024 537 3357 610 δομεστίκφ
3381 534 3502 590 τῶν
3532 534 3821 606 σχολῶν.

1770 641 2042 691 Montacut.
2078 634 2316 700 (ep.189,
2349 649 2382 698 p
2433 634 2571 697 287).

610 728 671 785 Si
736 729 862 800 quis
891 742 1135 799 unquam
1186 726 1459 798 optaverit
1490 726 1676 783 oll‘erri
1739 728 1843 784 sibi
1895 726 1949 782 in
2008 725 2119 781 vita

537 821 881 877 occasionem
911 818 1073 875 talem
1108 837 1122 874 :
1153 833 1249 890 per
1265 833 1429 888 quam
1467 827 1522 874 et
1548 818 1800 874 amicitia:
1824 826 1880 873 et
1895 816 2120 887 iustitire

540 914 701 970 simul
754 928 916 983 opera
970 911 1235 983 perﬁciat,
1266 928 1377 967 non
1409 912 1496 968 ille
1535 912 1804 985 potiorem
1829 910 2119 981 aliquando

541 1004 782 1060 inveniet
823 1002 934 1069 illa,
965 1018 1128 1074 quam
1175 1004 1231 1058 in
1266 1005 1522 1075 prmsenti
1556 1004 1651 1061 tibi
1687 1003 1879 1059 oﬂ‘ero.
1912 1002 2118 1073 Iniuria

542 1093 789 1157 affectus,
837 1107 938 1162 pro
977 1108 1086 1163 quo
1116 1092 1443 1158 intervenia,
1500 1109 1609 1147 non
1649 1101 1733 1146 est
1779 1090 1959 1145 adhuc
2020 1088 2118 1143 tibi

542 1198 748 1244 notus:
796 1202 958 1242 causa
1024 1187 1144 1257 ejus
1186 1195 1270 1241 est
1303 1186 1500 1241 eximie
1531 1186 1677 1256 iusta
1710 1200 1723 1237 :
1758 1185 1803 1239 si
1848 1185 1905 1238 in
1952 1198 2118 1252 quem

543 1278 847 1332 intenditur
893 1277 1058 1342 actio,
1100 1278 1310 1332 amicus
1337 1287 1421 1333 est
1450 1276 1548 1332 tibi
1570 1286 1625 1332 et
1652 1290 1897 1347 pauper:
1938 1282 2120 1328 etnon

542 1368 788 1423 fortassis
833 1369 961 1438 quia
1017 1370 1192 1425 malus
1223 1378 1326 1433 est,
1357 1368 1452 1425 sed
1503 1370 1631 1438 quia
1693 1382 1919 1438 pauper,
1974 1364 2119 1434 iniu-

542 1456 704 1511 stitiae
752 1456 1019 1512 facienda:
1056 1473 1262 1527 pronus
1300 1475 1315 1511 :
1366 1458 1447 1511 Tu
1468 1458 1656 1528 iudex,
1686 1457 1827 1512 bene
1854 1463 2118 1516 moratus,

2294 721 2364 776 Ετ
2402 739 2488 786 τις
2519 716 2718 791 ηὔχετο
2751 717 2842 773 διὰ
2892 717 3010 789 βίου
3050 714 3277 787 τοιαύτῃ
3320 712 3636 786 περιτυχεῖν
3670 710 3820 766 ὑπο·

2224 813 2393 879 θέσει,
2423 813 2489 867 δι’
2534 808 2603 884 ἦς
2637 811 2756 883 ἅμα
2783 810 2879 865 καὶ
2913 809 3098 881 φιλίας
3127 808 3223 861 καὶ
3255 804 3603 876 δικαιοσύνης
3639 801 3822 874 ἔργά-

2222 925 2322 978 της
2358 909 2581 978 δόκιμος
2618 903 2923 975 ἀναφανείη
2945 942 2961 967 ,
2998 902 3100 955 οὐκ
3131 899 3197 954 ἂν
3229 897 3440 969 ἀμείνω
3466 898 3566 967 τῆς
3594 892 3694 948 νῦν
3732 909 3825 946 σοι

2224 1004 2355 1073 παρ’
2381 1000 2539 1071 ἡμῶν
2576 995 3007 1069 προτεινομένης
3033 991 3225 1063 ὀφθείη
3250 989 3570 1061 εὑράμενος.
3616 985 3678 1040 ’0
3713 985 3827 1057 μὲν

2224 1094 2601 1165 ἀδικούμενος,
2639 1090 2779 1161 ὑπὲρ
2809 1081 2872 1142 οῦ
2908 1085 3219 1159 πρεσϐεύω,
3259 1083 3367 1136 τῶν
3401 1082 3568 1153 μήπω
3603 1078 3704 1149 μέν
3735 1094 3827 1128 σοι

2225 1186 2585 1257 ἐγνωσμένων
2635 1183 2787 1238 ἐστί’
2821 1180 3074 1252 λαμπρὸν
3103 1179 3162 1233 δὲ
3187 1176 3249 1231 τὸ
3279 1175 3488 1230 δίκαιον
3520 1172 3665 1243 ἔχει’
3698 1173 3731 1224 ὁ
3764 1168 3826 1221 δὲ

2226 1281 2363 1352 πρὸς
2390 1280 2449 1333 δν
2478 1280 2512 1351 ἡ
2550 1278 2698 1349 δίκη,
2729 1276 2881 1346 φίλος
2929 1274 2993 1328 τέ
3023 1275 3142 1327 ἐστι
3176 1271 3269 1327 καὶ
3300 1271 3469 1341 πένης
3489 1307 3507 1333 ,
3551 1267 3651 1322 καὶ
3701 1262 3826 1317 οὐδ’

2228 1374 2334 1429 ἀπὸ
2361 1373 2562 1436 κακίας
2597 1370 2751 1435 ἴσως,
2776 1369 2891 1423 ἀλλ’
2918 1368 2978 1435 ἐξ
3007 1366 3247 1437 ἀπορίας
3272 1364 3373 1436 ὁρᾷ
3404 1360 3541 1433 πρὸς
3572 1360 3670 1414 τδν
3701 1358 3828 1411 ἀδι-

2228 1483 2342 1519 κον.
2373 1466 2445 1519 Σὺ
2474 1464 2531 1518 δὲ
2563 1463 2658 1517 καὶ
2696 1460 2889 1532 κριτὴς
2920 1501 2936 1527 ,
2962 1460 3057 1512 καὶ
3086 1457 3322 1529 τρόπους
3357 1453 3625 1526 χρηστὸς,
3661 1452 3765 1503 καὶ
3796 1448 3824 1500 ὅ

543 1556 597 1601 et
652 1549 793 1618 quod
829 1560 1059 1619 utroque
1088 1564 1197 1603 non
1233 1559 1318 1604 est
1350 1549 1554 1612 minus,
1604 1558 1890 1618 utramque
1949 1547 2123 1602 virtu-

2238 1557 2360 1629 μηδ’
2402 1556 2592 1629 ἑτέρου
2641 1554 2885 1616 ἔλαττον,
2937 1549 3227 1620 ἑκατέραν,
3272 1546 3381 1599 τῶν
3423 1542 3637 1614 ἀρετῶν
3670 1541 3825 1607 λαμ-

544 1647 653 1695 tem
711 1641 1030 1698 illustrando
1085 1644 1429 1714 dispositus:
1472 1644 1644 1697 Deum
1702 1642 1894 1707 habes,
1926 1640 2019 1710 qui
2072 1648 2124 1695 te

547 1732 754 1789 divitiis
824 1734 1299 1790 circumﬂuentem
1359 1734 1621 1801 custodit,
1685 1749 1787 1787 nec
1855 1732 2127 1788 custodiet

546 1832 779 1891 tantum,
838 1826 956 1889 sed,
1000 1835 1062 1880 ut
1101 1826 1196 1896 qui
1238 1826 1523 1882 veritatem
1566 1826 1795 1897 prodere
1824 1842 1931 1881 non
1966 1826 2120 1891 solet,

541 1925 764 1986 prepter
828 1916 1221 1971 misericordiae
1269 1916 1513 1972 actiones
1569 1926 1712 1984 tuas,
1761 1917 1978 1971 easdem
2025 1916 2124 1971 tibi

542 2008 916 2063 accumulabit
948 2010 1365 2065 redundantius.
1421 2010 1705 2077 Quomodo
1746 2009 1867 2080 quis
1914 2009 2127 2080 pericli-

543 2098 676 2154 tanti
711 2099 887 2155 amico
939 2102 1237 2156 secundum
1299 2102 1445 2173 leges
1475 2102 1782 2157 dilectionis
1799 2116 1941 2156 vera:
1962 2099 2123 2155 ades-

543 2208 603 2246 sc
636 2193 834 2262 poterit
865 2193 889 2245 ?
922 2204 979 2247 et
1011 2192 1263 2262 iniuriam
1316 2210 1475 2265 passo
1510 2195 1648 2249 alter
1670 2194 1891 2271 iustitia!
1935 2193 2127 2253 oculus

542 2286 722 2345 factus
756 2302 976 2346 maan
1006 2287 1245 2363 porrigat
1283 2287 1701 2357 auxiliatricem,
1736 2293 1779 2346 si
1822 2302 1882 2346 ut
1904 2298 2019 2346 tute
2043 2291 2126 2346 fe-

544 2384 665 2439 cisti
695 2392 750 2437 et
781 2394 928 2439 recte
958 2384 1234 2448 incedisti,
1296 2384 1441 2455 quod
1490 2399 1772 2455 speramus
1806 2382 1950 2453 (spes
1979 2384 2123 2437 enim

544 2492 633 2531 me
666 2478 907 2531 futurum
952 2485 1204 2547 tanquam
1248 2492 1491 2547 praesens
1543 2476 1745 2531 intueri
1774 2475 1949 2547 facit),
1980 2473 2127 2545 iniu-

543 2567 677 2622 riam
704 2584 865 2639 passo
911 2569 1163 2639 iniuriam
1196 2569 1465 2624 resarciet
1492 2587 1505 2623 :
1540 2568 1775 2622 amicum
1797 2582 1949 2634 vero,
1978 2565 2124 2621 domi

543 2660 786 2715 debitum
814 2660 1064 2716 amicitiae
1104 2662 1411 2727 continens,
1459 2675 1491 2715 a
1536 2658 1782 2714 faciendo
1829 2658 2122 2713 liberabis:

544 2750 683 2808 Vide
736 2761 918 2808 autem
988 2763 1049 2808 ut
1103 2769 1191 2809 res
1266 2754 1378 2819 illa,
1424 2753 1493 2809 ad
1535 2768 1697 2823 quam
1720 2761 1772 2808 te
1820 2752 2122 2818 hortamur,

542 2860 666 2899 cum
695 2846 765 2901 sit
793 2847 973 2910 unica,
1008 2856 1063 2902 et
1104 2846 1211 2902 duo
1262 2847 1354 2901 tibi
1389 2845 1489 2900 ista
1515 2855 1934 2916 repraesentans,
1968 2845 2125 2900 testi-

543 2938 788 2992 monium
822 2939 1046 3004 reddat,
1089 2948 1143 2994 et
1182 2939 1353 2991 amori
1400 2938 1575 3003 diviti,
1634 2948 1689 2993 et
1724 2938 1946 3007 iustitiae
1985 2938 2125 2991 invi~

544 3039 665 3096 cun,
695 3030 937 3099 cujusvis
1003 3042 1059 3085 et
1098 3030 1448 3101 pulchritudo
1483 3031 1539 3084 in
1592 3038 1645 3084 te
1685 3029 1937 3084 relucens
1984 3030 2128 3085 cele-

546 3122 785 3177 berrime
840 3138 939 3193 per
1012 3132 1178 3179 totam
1239 3122 1404 3177 vitam
1490 3121 1870 3192 praedicabitur
1903 3140 1916 3175 :
1946 3121 2018 3176 ita
2071 3132 2129 3177 ut

546 3215 900 3287 archetypum
986 3225 1039 3271 te
1101 3227 1157 3272 et
1229 3215 1538 3287 exemplum
1597 3223 1817 3285 praestet
1878 3214 2133 3270 virtutem

546 3308 856 3363 amantibus
886 3308 1187 3363 imitatione
1200 3308 1442 3380 dignum,
1476 3307 1690 3378 etquod
1712 3306 2003 3361 maximum
2028 3317 2131 3375 est,

548 3397 695 3451 inter
733 3398 873 3452 bona
904 3414 1023 3467 quae
1045 3400 1316 3452 nominari
1342 3409 1570 3467 queunt,
1591 3408 1753 3468 atque
1773 3406 1936 3467 caput
1961 3399 2141 3469 :quod_

548 3489 802 3542 caelestes
867 3498 1051 3558 portas
1080 3491 1188 3543 hoc
1239 3488 1335 3543 tibi
1376 3488 1674 3558 adaperiet,
1712 3488 1779 3542 ad
1820 3488 2133 3560 ingredien-

548 3581 678 3637 dum
712 3580 1120 3636 immaculatum
1186 3590 1241 3635 et
1294 3580 1508 3635 felicem
1587 3580 1887 3635 thalamum
1939 3580 2135 3635 divina:

546 3684 764 3730 aeterna:
784 3672 1082 3737 fruitionis,
1100 3687 1168 3728 eo
1190 3672 1535 3737 transmisso,
1566 3672 1724 3743 cujus
1753 3669 2012 3728 fruitione
2027 3672 2137 3727 cla-

545 3768 726 3825 ritatis
749 3769 852 3825 sim
878 3784 978 3842 ego
1004 3767 1219 3841 dignus.

1113 3881 1331 3939 EPIST.
1382 3881 1493 3939 LV.

1220 3972 1430 4031 Eidem.

1751 4061 2018 4112 Montacut.
2048 4060 2135 4123 (ep

618 4173 934 4239 Declarasti,
970 4181 1237 4245 quantum
1288 4181 1344 4228 et
1371 4171 1648 4238 amicitiae,
1681 4181 1737 4228 et
1782 4171 2007 4242 iustitiae
2038 4170 2135 4225 tri-

544 4271 713 4335 buas,
777 4268 862 4323 vir
921 4277 1321 4331 consummate,
1374 4265 1679 4337 praesertim
1724 4280 1848 4319 cum
1885 4273 1963 4319 tot
1995 4279 2137 4334 prae-

546 4361 891 4418 terﬂuxerint
928 4358 1335 4431 generationes,
1364 4358 1419 4412 in
1452 4357 1651 4427 quibus
1681 4356 1891 4411 nullum
1930 4355 2135 4409 utrius-

545 4455 681 4512 libet
707 4464 891 4510 actum
943 4454 1219 4508 sincerum
1270 4451 1572 4507 viderimus
1610 4468 1623 4505 :
1663 4465 1763 4522 ego
1819 4459 1966 4504 certe
2010 4464 2136 4504 cum

2152 2918 2197 2978 C

2227 1650 2382 1721 πρῶς
2414 1645 2805 1711 ἐπιδείξασθαιο
2841 1644 2931 1697 τὸν
2956 1642 3085 1696 Θεὸν
3119 1640 3260 1710 ἔχεις
3292 1640 3349 1690 ὲν
3380 1635 3615 1705 ἀφθονίᾳ
3644 1629 3823 1721 πλούέ

2226 1720 2319 1794 του
2350 1739 2441 1791 τὸν
2471 1737 2586 1803 βίον
2622 1736 2936 1805 συνέχοντα’
2959 1733 3017 1785 ού
3056 1731 3348 1800 συνέχοντα
3374 1728 3430 1779 δὲ
3464 1724 3648 1795 μόνον,
3680 1720 3823 1775 ἀλλά

2226 1832 2319 1886 καὶ
2342 1830 2442 1884 οὐκ
2469 1828 2536 1883 ἂν
2567 1826 2827 1897 σφαλείην
2852 1823 2951 1894 τῆς
2980 1821 3240 1893 ἀληθείας
3263 1860 3279 1885 ,
3310 1818 3397 1873 διὰ
3429 1817 3529 1879 τὰς
3560 1814 3651 1869 ἐπ’
3680 1814 3823 1882 ἐλέῳ

2227 1942 2321 1977 σου
2350 1922 2575 1996 πράξεις
2616 1921 2704 1992 ἴσῃ
2737 1917 3025 1991 προσθήκῃ
3058 1915 3247 1969 τοῦτον
3280 1912 3381 1983 Ιἤδη
3424 1908 3819 1972 πλεονάζοντα.

2225 2016 2350 2079 Πῶς
2378 2015 2444 2070 ἄν
2472 2032 2557 2079 τις
2595 2013 2688 2067 καὶ
2720 2014 2796 2081 τῷ
2828 2010 2967 2081 φίλῳ
2993 2004 3364 2063 κινδυνεύοντι
3397 2002 3540 2059 κατὰ
3568 2002 3696 2067 τοὺς
3731 2002 3824 2054 νό-

2229 2127 2361 2181 μους
2429 2109 2528 2179 τῆς
2573 2107 2648 2169 ώς
2694 2103 2931 2174 ἀληθοῦς
2984 2103 3209 2172 ἀγάπης
3257 2098 3540 2174 βοηθήσῃς
3592 2098 3689 2151 καὶ
3742 2096 3821 2166 τῷ

2226 2202 2564 2277 ἀδικουμένῳ
2600 2200 2757 2274 δίκης
2797 2197 2961 2265 ἄλλος
3007 2194 3284 2268 ὀφθαλμὸς
3316 2195 3611 2265 γενόμενος
3657 2194 3820 2263 χεῖρα

2226 2299 2517 2369 ἐπίκουρον
2563 2293 2877 2367 προτείνοι·
2913 2295 2961 2345 εἰ
3015 2291 3204 2362 ὥσπερ
3254 2289 3319 2342 σὺ
3371 2285 3819 2357 διαπραξάμενος

2226 2391 2324 2445 καὶ
2357 2386 2711 2460 κατορθώσας
2740 2428 2755 2453 ,
2785 2386 2923 2456 ὅπερ
2959 2383 3220 2454 ἀξιοῦμεν
3256 2380 3429 2453 (ἐλπὶς
3459 2380 3566 2450 γάρ
3607 2396 3677 2449 με
3706 2419 3725 2443 ,
3760 2378 3819 2431 τὺ

2229 2481 2420 2553 μέλλον
2448 2480 2524 2543 ώς
2560 2477 2733 2550 παρὸν
2758 2475 2988 2549 ὁρῶσα),
3013 2473 3156 2528 οῦτω
3176 2473 3355 2541 λέγειν
3384 2469 3673 2525 ἀναπείθει
3695 2512 3711 2532 ,
3742 2468 3821 2539 τῷ

2228 2574 2329 2645 μὲν
2371 2571 2682 2643 ἀδικηθέντι
2729 2570 2789 2624 τὸ
2818 2568 3063 2639 ἀδίκημα
3108 2564 3588 2632 ἀποκαταστήσει·
3624 2560 3719 2614 τὸν
3765 2562 3821 2615 δὲ

2226 2666 2400 2734 φίλον,
2449 2665 2664 2718 οἴκοθεν
2695 2660 3007 2723 κατατιθεὶς
3044 2658 3105 2711 τὸ
3132 2657 3403 2727 ὀφείλημα
3436 2656 3537 2726 τῆς
3579 2653 3818 2722 εἰσπρά-

2227 2759 2385 2826 ξεως,
2425 2754 2804 2828 ἐλευθερώσειο
2832 2755 2924 2806 καὶ
2954 2754 3058 2825 ὅρα
3090 2750 3165 2815 ώς
3203 2751 3236 2820 ἡ
3268 2748 3498 2818 πρᾶξις,
3531 2749 3621 2816 ἐφ’
3658 2747 3728 2816 ἦν
3762 2762 3817 2797 σε

2227 2848 2677 2922 παρακαλοῦμεν,
2728 2847 2827 2919 μία
2869 2843 3007 2899 οὖσα
3057 2842 3278 2897 καὶδύο
3322 2841 3493 2895 ταῦτά
3528 2856 3617 2892 σοι
3667 2856 3818 2908 περιο

2230 2944 2458 2999 ποιοῦσα
2480 2982 2495 3007 ,
2528 2940 2947 3015 προσμαρτυρεῖ
2971 2938 3199 3009 ἀγάπης
3226 2933 3458 2989 πλοῦτον
3494 2933 3593 2985 καὶ
3621 2932 3821 2984 δικαιο-

2231 3039 2396 3110 σύνης
2449 3036 2663 3107 ἄμαχον
2714 3033 2892 3104 ίσχὺν,
2937 3032 3030 3084 καὶ
3084 3028 3246 3084 καλὸν
3290 3027 3367 3097 τῷ
3418 3025 3521 3096 βίῳ
3573 3025 3821 3094 διήγημα

2232 3127 2656 3199 ἐγκαινίζουσα,
2708 3122 3018 3197 ἀρχέτυπόν
3079 3139 3137 3176 σε
3190 3124 3304 3185 τοῖς
3357 3120 3682 3190 φιλαρὲτοις
3730 3116 3820 3169 καὶ

2234 3221 2594 3293 ἀξιοζήλωτον
2617 3218 2902 3287 ἐπεισάγει
2932 3215 3310 3286 παράδειγμα,
3340 3214 3435 3265 καὶ
3464 3212 3528 3264 τὸ
3563 3210 3821 3281 μέγιστον

2236 3314 2331 3366 καὶ
2378 3312 2488 3365 τῶν
2534 3312 2708 3365 ἄλλων
2743 3311 2998 3365 ἀπάντων
3027 3310 3129 3362 ὅσα
3185 3324 3267 3370 τις
3297 3303 3480 3372 ἀγαθά
3532 3304 3634 3356 καὶ
3686 3302 3822 3354 εἴποι

2237 3404 2331 3458 καὶ
2359 3404 2701 3473 ὲπινοήσοιτο
2740 3400 3057 3471 κεφάλαιον,
3102 3400 3184 3453 ὅτι
3209 3397 3307 3461 τὰς
3334 3396 3626 3467 οὐρανίους
3656 3394 3825 3456 πύλας

2234 3497 2373 3567 αῦτη
2427 3497 2711 3565 ὑπανοίγει
2754 3514 2837 3550 σοι
2862 3537 2877 3561 ,
2911 3495 3049 3567 πρὸς
3082 3494 3173 3546 τὸν
3206 3491 3446 3562 καθαρὸν
3481 3491 3693 3544 ἐκεῖνον
3728 3487 3824 3542 καὶ

2238 3589 2507 3660 μακάριον
2529 3587 2772 3660 θάλαμον
2793 3590 2893 3659 τῆς
2924 3587 3074 3650 θείας
3102 3586 3199 3639 καὶ
3226 3583 3397 3637 ἀϊδίου
3426 3580 3781 3640 ἀπολαύσεως
3800 3618 3816 3643 ,

2237 3679 2377 3750 μετά
2426 3680 2629 3750 πολλῆς
2678 3678 3083 3753 προπέμπουσα
3132 3670 3241 3748 (ἦς
3292 3675 3412 3739 πῶς
3436 3674 3505 3729 ἂν
3531 3670 3817 3741 ἀξιωθείην

2235 3770 2441 3840 Εγωγες
2462 3769 2481 3842 )
2514 3770 2887 3843 φαιδρότητος.

2829 3886 3053 3943 ΕΠΙΣΤ.
3088 3886 3215 3941 NE'.

2876 3976 2966 4045 Τῷ
2998 3977 3181 4046 αὐτῷ.

2139 4097 2151 4109 .
2180 4060 2286 4126 190,
2322 4078 2438 4129 pag.
2477 4066 2613 4131 288.)

2305 4173 2553 4242 Ἐδειξας
2592 4178 2673 4242 είς
2709 4178 2833 4232 ὅσον
2869 4180 2997 4251 ἥκει
3048 4180 3145 4234 καὶ
3179 4178 3362 4249 φιλίας
3408 4178 3511 4233 καὶ
3544 4174 3820 4229 δικαιοσύ-

2234 4285 2333 4337 νης
2362 4268 2396 4339 ὴ
2427 4267 2495 4339 σὴ
2522 4267 2796 4339 τελειότης
2822 4271 2919 4324 καὶ
2948 4270 3070 4324 τότε
3102 4272 3319 4339 γενεαῖς
3341 4268 3630 4329 τοιαύταις
3657 4269 3715 4318 ὲν
3740 4262 3829 4329 αἶς

2231 4360 2342 4413 οὐδ’
2373 4361 2568 4432 ἐτέρας
2593 4362 2794 4428 αὐτῶν,
2822 4362 2943 4416 οὐδὲ
2970 4364 3071 4434 τὴν
3100 4362 3306 4434 συνήθη
3338 4361 3543 4429 πρᾶξιν
3576 4358 3832 4429 καθαρὰν

2234 4454 2473 4524 ὁρῶμεν.
2506 4457 2617 4510 Καὶ
2642 4456 2821 4525 ἔγωγε
2849 4458 2944 4511 ἐπὶ
2977 4457 3251 4521 τοσοῦτον,
3284 4457 3379 4509 καὶ
3408 4454 3490 4525 τῷ
3523 4455 3708 4524 τάχει,
3738 4454 3835 4507 καὶ

543 4548 614 4603 ob
660 4546 1016 4609 celeritatem,
1051 4553 1167 4597 tum
1210 4544 1282 4598 ob
1332 4542 1760 4614 magnitudinem
1826 4543 1984 4597 istius
2056 4539 2127 4594 rei

2236 4546 2314 4617 τῷ
2345 4547 2636 4617 μεγαλείῳ,
2667 4548 2845 4620 χαίρω
2878 4548 2976 4602 τοῦ
3002 4547 3451 4618 κατορθώματος,
3486 4547 3585 4599 καὶ
3620 4546 3834 4616 χαίρων

543 4636 748 4708 optime
797 4644 963 4707 gestae
1018 4634 1224 4705 gaudeo
1271 4652 1285 4688 :

1340 4648 1443 4688 nec
1488 4633 1722 4704 gaudere
1744 4647 1867 4688 cum
1897 4630 2127 4685 exsulta-

2240 4639 2302 4692 ού
2335 4639 2487 4710 λήγω
2524 4640 2624 4710 τῆς
2678 4641 3052 4709 ἀγαλλιάσεως
3078 4683 3094 4709 ,
3142 4641 3225 4694 ὅτι
3275 4641 3408 4711 πρὶν
3457 4640 3561 4711 μὲν
3594 4640 3835 4710 γράφων

546 4729 705 4784 tione
741 4727 1024 4792 desistam,
1056 4726 1183 4798 quia
1212 4726 1524 4797 priusquam
1574 4726 1766 4781 litteris
1795 4725 2127 4796 explorarem

2239 4732 2609 4804 ἐσκοπούμην,
2628 4735 2701 4804 μή
2722 4752 2838 4799 πως
2865 4734 2975 4805 ἄρα
2989 4734 3120 4804 δχλη
3130 4734 3220 4805 ρὸς
3246 4751 3328 4787 σοι
3350 4731 3510 4797 δόξω.
3538 4734 3626 4797 είς
3640 4731 3835 4786 τοιαύ-

543 4837 614 4877 an
642 4822 906 4877 molestus
969 4820 1068 4875 tibi
1096 4835 1300 4884 essem,
1340 4827 1551 4874 tantum
1572 4818 1826 4890 dignatus
1888 4832 1948 4872 es
1992 4815 2127 4870 mibi

543 4913 844 4970 attribuere
898 4932 913 4969 :
973 4912 1029 4967 in
1082 4910 1363 4984 praesenti,
1398 4912 1535 4967 adeo
1587 4910 1806 4965 attollor
1842 4919 1897 4963 et
1938 4907 2135 4963 allatus

544 5005 758 5072 incedo,
814 5005 886 5061 ob
945 5004 1427 5075 promptitudinem
1472 5002 1690 5073 optimae
1732 5002 2134 5075 tuwvolunta-

552 5098 624 5154 tis
657 5115 672 5153 :
716 5108 771 5154 et
805 5099 858 5153 in
883 5108 1101 5154 tantum
1128 5099 1327 5154 efferor
1375 5097 1446 5153 ob
1483 5106 1665 5151 actum
1712 5063 1871 5166 inane
1897 5092 2135 5149 admira-

546 5189 734 5253 bilem,
753 5188 874 5244 sine
906 5188 1014 5244 ulla
1052 5188 1426 5253 excusatione,
1450 5185 1595 5257 quod
1630 5198 1842 5249 verear,
1859 5196 1930 5237 ne
1948 5180 2135 5251 plures

546 5281 645 5336 tibi
694 5282 829 5336 tales
869 5281 1176 5337 ministrent
1228 5279 1582 5342 occasiones,
1628 5276 1774 5331 unde
1840 5282 1896 5328 et
1954 5288 2131 5327 meam

546 5372 773 5443 gratiam
802 5372 1195 5443 multiplicabo,
1227 5382 1284 5427 et
1335 5380 1481 5425 tuam
1533 5370 1791 5424 virtutem
1814 5365 2037 5421 reddam
2067 5364 2133 5418 il—

546 5464 859 5521 lustriorem
893 5475 988 5521 :et
1027 5481 1125 5536 pro
1150 5481 1237 5532 eo,
1267 5465 1415 5535 quod
1447 5464 1671 5519 videbor
1720 5464 2013 5531 molestus,
2064 5472 2132 5511 ne

547 5572 747 5627 parcus
795 5558 1026 5612 nimium
1066 5557 1186 5622 tibi,
1239 5561 1382 5627 quod
1429 5557 1717 5611 molestum
1740 5556 2045 5622 eritmihi,
2078 5566 2132 5612 te

546 5652 749 5721 iudice,
790 5667 1039 5708 censear.
1080 5650 1189 5706 Sed
1241 5651 1359 5704 vale
1389 5651 1442 5703 in
1467 5649 1719 5715 Domino,
1755 5648 1964 5704 etiamsi
1988 5650 2131 5720 apud

548 5745 749 5813 ipsum,
790 5743 992 5798 multas
1023 5742 1293 5811 eiusmodi
1326 5742 1568 5798 actiones
1601 5740 1908 5805 inveniens,
1937 5751 1994 5796 et
2013 5743 2129 5812 glo-

551 5831 687 5883 riam
726 5830 820 5883 tibi
853 5845 950 5900 per
986 5831 1113 5885 vita:
1140 5846 1360 5887 cursum
1404 5830 1712 5903 acquirens,
1749 5846 1836 5887 me
1906 5832 2131 5891 minime

554 5928 806 5990 captante
826 5920 1281 5992 experimentum.

2234 4841 2334 4886 τας
2396 4825 2558 4889 εὐθὺς
2606 4825 2915 4880 ἀναὸαίνων
2963 4825 3240 4891 ἀξιώσεις.
3279 4824 3396 4879 Νῦν
3426 4826 3473 4879 δ’
3514 4824 3698 4888 οὕτως
3739 4826 3836 4877 ἀνο

2235 4917 2556 4988 επτέρωμαι
2585 4920 2679 4971 καὶ
2707 4918 2982 4989 μετέωρος
3014 4918 3133 4981 ὅλος
3162 4919 3280 4989 εἰμὶ
3306 4916 3386 4988 τῷ
3420 4916 3701 4988 προθύμῳ
3733 4917 3839 4983 τῆς

2234 5008 2464 5080 ἀρίστης
2488 5007 2713 5080 γνώμης
2736 5048 2752 5072 ,
2790 5010 2886 5063 καὶ
2928 5010 3329 5081 ἀπροφασίστῳ
3377 5012 3479 5079 τῆς
3508 5007 3834 5077 θαυμασίου

2237 5115 2330 5153 σου
2363 5100 2616 5172 πράξεως
2655 5102 3055 5174 ἐπαιρόμενος,
3106 5103 3189 5156 ὅτι
3229 5102 3443 5156 δέδοικα
3495 5102 3574 5172 μὴ
3621 5101 3837 5164 πολλὰς

2236 5193 2376 5265 ἔχων
2403 5211 2486 5248 σοι
2516 5194 2770 5260 τοιαύτας
2816 5197 3115 5268 προσάγειν
3146 5194 3433 5250 ὑποθέσεις
3452 5236 3469 5261 ,
3507 5194 3579 5248 δι’
3602 5189 3685 5250 ὧν
3733 5195 3837 5249 καὶ

2234 5288 2333 5359 τὴν
2367 5287 2506 5358 ἰμὴν
2546 5289 2723 5360 χαράν
2751 5288 3199 5354 πολυπλασιάσω,
3236 5289 3331 5342 καὶ
3358 5288 3458 5356 τὴν
3492 5289 3595 5355 σὴν
3617 5288 3837 5359 ἀρετὴν

2232 5381 2625 5451 λαμπροτέραν
2679 5382 2976 5447 ἐπιδείξω·
3041 5383 3163 5436 ἀντὶ
3213 5382 3307 5435 τοῦ
3355 5381 3536 5435 δοκεῖν
3587 5382 3835 5453 ὀχληρὸς

2234 5467 2396 5538 εἶναι,
2433 5474 2507 5543 μὴ
2538 5473 2861 5541 ἀφιλόκαλος
2888 5515 2902 5539 ,
2942 5477 3034 5528 καὶ
3082 5475 3203 5527 τότε
3232 5474 3382 5543 παρά
3411 5474 3499 5526 σοὶ
3542 5480 3714 5545 κριτῇ
3769 5492 3836 5542 γε

2236 5563 2332 5633 (τὸ
2384 5564 2726 5635 βαρύτατον)
2782 5566 3120 5638 νομισθείην.
3171 5568 3314 5620 Ἀλλ’
3357 5568 3572 5637 ἔρρωσό
3623 5584 3719 5636 μοι
3775 5570 3839 5618 ἐν

2234 5656 2445 5726 Κυρξῳ,
2475 5656 2580 5710 κᾶν
2604 5658 2678 5728 μὴ
2709 5658 3095 5730 δοκιμάζωμεν
3123 5662 3309 5731 ἡμεῖς,
3340 5661 3503 5722 αὐτὸς
3526 5659 3597 5711 δι’
3618 5659 3831 5713 ἑαυτοῦ

2232 5745 2435 5811 πολλὰς
2473 5747 2727 5813 τοιαύτας
2777 5750 3117 5820 ἀνευρίσκων
3166 5751 3395 5823 πράξεις
3446 5751 3537 5804 καὶ
3591 5750 3835 5815 ταύταις

2233 5838 2745 5912 ἐλλαμπρυνὸμενος
2770 5840 2859 5897 διὰ
2892 5842 3029 5914 βίου.
