4080 6438
976 541 1017 597 Τ
1015 540 1354 612 lieopliylacto
1385 536 1717 607 aspathario.

1714 329 1978 392 ΡΠΟΤΙΙ
2013 328 2516 391 PATRIARCH/E
2555 327 2666 390 CP.

1173 444 1390 502 EPIST.
1421 442 1560 498 LIX.
1702 438 1703 441 “
2171 441 2227 503 Α

2839 436 3067 491 ΕΠΙΣΤ.
3105 433 3236 492 ΝΘ’.

2647 527 3039 600 Θεοφυλάκτῳ
3095 526 3391 598 ἀσπαθαρι
3399 545 3465 593 ῳ.

1801 648 2070 700 Montacut.
2105 648 2210 710 (ep.
2247 646 2357 707 225,
2389 657 2439 708 p.
2472 645 2607 708 353).

647 764 893 828 Orarem,
926 770 987 817 ut
1036 772 1316 829 nunquam
1373 756 1416 810 si
1458 755 1572 809 ﬁeri
1619 755 1692 809 ita
1723 763 1933 826 posset,
1969 754 2160 809 morbo

574 859 815 921 labores,
861 869 964 909 nec
993 852 1204 906 medica
1231 860 1349 905 arte
1388 848 1630 919 indigeas
1656 865 1669 900 :
1703 848 1811 913 sin,
1842 848 1969 917 quia
1996 848 2159 902 homo

574 966 663 1016 es,
691 945 1003 1002 necessario
1055 951 1305 1012 aegrotas,
1343 940 1608 1004 secundo,
1643 949 1695 995 te
1745 940 1854 995 cito
1911 940 2166 995 convale-

575 1056 747 1104 scere,
777 1048 833 1093 et
862 1037 1059 1092 talibus
1093 1051 1181 1090 me
1221 1036 1379 1090 donis
1431 1047 1804 1098 remunerare,
1834 1049 2028 1103 nempe
2056 1032 2166 1087 Deo

576 1135 825 1205 ingentes
867 1131 1161 1185 habentem
1212 1127 1432 1199 gratias,
1488 1123 1823 1195 pauperibus
1871 1124 2153 1193 opitulan-

579 1236 710 1293 tem,
792 1224 1132 1279 debitoribus
1205 1222 1605 1276 contionantem
1656 1217 1858 1271 debita.
1910 1215 2160 1271 Talibus-

578 1319 724 1373 modi
779 1316 1093 1388 ingentibus
1122 1329 1253 1369 sane
1282 1313 1440 1368 donis
1486 1324 1827 1381 nequaquam
1857 1308 2160 1363 exsaturari

576 1410 665 1466 vel
703 1408 874 1464 laetari
903 1407 1170 1463 desinam.

1248 1514 1468 1571 EPIST.
1498 1515 1617 1571 LX.

1165 1607 1399 1666 Manueli
1422 1608 1646 1673 patricio

2326 750 2604 820 Εὐξαίμην
2650 766 2737 804 αν.
2778 764 2936 816 ε.περ
2993 747 3142 818 ἐνῆν,
3206 746 3478 830 μηδέποτε
3508 765 3570 801 σε
3602 765 3844 819 περιπει

2261 844 2376 895 σεῖν
2408 842 2571 912 νόσῳ,
2608 840 2730 913 μηδ’
2762 839 3091 910 άκεστορίης
3120 840 3312 893 ἐπιδεᾶ
3341 840 3597 909 γενέσθαι
3624 841 3845 910 τέχνης.

2260 936 2323 989 Ei
2345 936 2391 990 δ’
2419 934 2707 1005 ἄνθρωπον
2744 933 2897 997 ὄντα,
2925 934 3021 985 καὶ
3048 934 3224 985 νοσεῖν
3255 932 3468 1002 ἀνάγκη
3495 948 3511 963 ·
3550 932 3672 985 ἀλλ’
3704 933 3849 987 οὔτω

2260 1048 2321 1084 τε
2364 1027 2545 1100 ῥᾳδίου
2578 1027 2863 1097 τυγχάνειν
2927 1025 3031 1095 τῆς
3068 1024 3383 1095 θεραπείας,
3430 1025 3527 1078 καὶ
3583 1028 3849 1089 τοιούτοις

2265 1122 2414 1191 ἡμᾶς
2444 1116 2768 1189 ἀμείϐεσθαι
2803 1115 3000 1188 δώροις
3024 1131 3039 1149 ·
3075 1114 3196 1186 Θεῷ
3230 1116 3330 1187 μὲν
3367 1116 3608 1187 μεγάλας
3635 1116 3847 1187 ἀναιρέο

2262 1230 2422 1284 ροντα
2445 1211 2543 1274 τὰς
2573 1210 2941 1281 εὐχαριστίας,
2976 1210 3174 1280 πένησι
3204 1209 3261 1262 δὲ
3293 1208 3615 1280 βοηθοῦντα,
3645 1211 3847 1265 λύοντα

2259 1305 2316 1359 δὲ
2348 1306 2442 1358 καὶ
2469 1307 2581 1367 τοῖς
2601 1303 2937 1375 χρεωστοῦσι
2975 1302 3130 1365 δίκας
3170 1300 3272 1366 τὰς
3302 1303 3523 1373 ὀφειλάς
3546 1320 3562 1334 ο
3589 1306 3713 1368 ταῖς
3741 1306 3849 1375 γάρ

2256 1396 2535 1461 τοιαύταις
2573 1394 2695 1450 οὐδὲ
2725 1394 2885 1466 κόρον
2916 1395 3076 1465 ἴσμεν
3101 1394 3355 1466 ἡδόμενοι
3388 1396 3845 1468 μεγαλοδωρεαίς.

2869 1505 3095 1560 ΕΠΙΣΤ.
3145 1507 3222 1560 Ξ’.

2716 1597 3013 1668 Μανσυὴλ
3072 1599 3385 1668 πατρικίφ.

1815 1722 2083 1773 Montacut.
2108 1722 2214 1787 (ep.
2235 1721 2347 1783 226,
2386 1734 2437 1784 p.
2461 1718 2573 1782 554)

661 1834 778 1890 Non
809 1832 1025 1898 latebis,
1058 1830 1271 1886 etiamsi
1321 1829 1515 1893 lateas,
1554 1827 1649 1884 Dei
1685 1830 1901 1885 oculum
1946 1846 2053 1884 non
2085 1830 2163 1885 la--

2336 1828 2450 1882 Οὐκ
2465 1828 2531 1882 ἂν
2552 1827 2759 1891 λαοοις,
2786 1826 2897 1880 οὐδ’
2916 1825 2982 1881 ἃν
3013 1825 3214 1894 λάθοις,
3238 1824 3333 1881 τὸν
3357 1826 3630 1899 ἀλάθητον
3657 1828 3848 1896 ὀφθαλ.

586 1928 819 1991 tibilem,
859 1926 953 1996 qui
985 1940 1049 1979 ea
1071 1925 1206 1995 agis,
1242 1933 1297 1978 et
1321 1938 1572 1993 apparas,
1605 1923 1804 1993 quibus
1830 1940 1917 1979 me
1943 1940 2039 1994 per
2059 1926 2170 1979 vim

587 2034 619 2073 e
660 2019 771 2073 vlta
830 2017 1107 2072 extrahas.
1152 2014 1257 2081 Qui
1316 2023 1514 2085 praeter
1564 2015 1872 2070 ordinatam
1917 2026 2170 2083 mortem,

588 2126 688 2180 per
714 2109 875 2163 aliam
909 2109 1051 2163 viam
1086 2108 1194 2162 vita
1221 2107 1475 2162 homines
1500 2109 1701 2177 privat,
1732 2107 1860 2163 licet
1893 2123 2057 2161 manu
2079 2123 2175 2161 en-

590 2218 707 2256 sem
754 2215 865 2255 non
913 2209 1117 2264 teneat,
1181 2213 1283 2255 nec
1340 2198 1515 2270 tingat
1563 2199 1717 2253 illum
1752 2199 2053 2270 sanguiney
2092 2206 2177 2254 est

589 2292 950 2347 nihilominus
998 2289 1307 2357 homicida;
1350 2290 1511 2345 etiam
1552 2305 1676 2344 eum
1708 2289 2023 2345 carniﬁcem
2065 2303 2176 2343 non

592 2381 851 2452 appellet.
898 2381 953 2434 Si
982 2380 1104 2434 talia
1131 2390 1368 2450 patrare,
1403 2377 1692 2433 tribunalia
1723 2378 1963 2434 caelestia
1989 2376 2180 2431 reddat

596 2471 1051 2542 implacabiliora,
1104 2484 1388 2539 quousque
1424 2477 1481 2523 tu
1538 2476 1591 2522 te
1649 2483 1760 2522 non
1796 2467 2055 2537 expedies
2105 2464 2177 2519 ab

598 2566 726 2629 illis,
756 2564 851 2635 qui
884 2572 992 2617 tam
1024 2565 1225 2618 acerbe
1252 2561 1386 2617 olim
1419 2559 1513 2625 ibi,
1540 2561 1686 2631 quod
1716 2574 1819 2632 ego
1854 2559 2055 2613 nollem
2078 2557 2174 2612 tibi

594 2657 937 2728 contingere.
968 2671 1038 2711 ne
1068 2654 1289 2725 quidem
1323 2654 1369 2709 si
1404 2652 1583 2708 adhuc
1616 2653 1786 2723 magis
1814 2652 1871 2705 in
1915 2666 1999 2704 me
2031 2650 2176 2704 fera-

596 2750 694 2811 ris.
726 2748 931 2804 frustra
958 2757 1140 2803 tamen
1173 2756 1229 2800 et
1273 2746 1392 2800 sine
1440 2745 1643 2811 fructu,
1681 2745 1749 2799 ad
1772 2758 1894 2798 uuae
1924 2742 2176 2798 homines

597 2841 838 2912 undique
862 2846 1146 2912 gementes
1187 2835 1646 2893 transmittuntur.

1219 2950 1395 3007 PIST.
1429 2951 1568 3006 LXI.

799 3044 981 3099 Leonti
1030 3054 1079 3101 et
1109 3044 1356 3103 Galatom'
1385 3043 1657 3116 fratribus,
1694 3060 1725 3097 α
1753 3052 1979 3099 secretis.

2272 1921 2372 1993 μὸν
2396 1918 2491 1973 τοῦ
2518 1917 2676 1983 Θεοῦ,
2706 1920 2890 1972 ἐκεῖνα
2925 1917 3181 1989 πράττων
3219 1918 3313 1970 καὶ
3353 1918 3844 1988 κατασκευαζόμε-

2270 2031 2381 2077 νος,
2405 2012 2472 2066 δι’
2497 2007 2574 2066 ὦν
2612 2012 2763 2081 ἡμᾶς
2794 2010 3015 2080 ὲξάγοις
3048 2010 3139 2083 βίᾳ
3159 2010 3255 2064 τοῦ
3281 2011 3404 2080 ζῇν.
3442 2010 3505 2064 Ὃ
3541 2012 3654 2083 γὰρ
3688 2015 3847 2083 παρὰ

2270 2107 2363 2160 τὸν
2389 2103 2677 2176 ὁρισθέντα
2698 2106 2764 2175 τῇ
2792 2104 2951 2173 φύσει
2974 2104 3224 2169 θάνατον,
3248 2103 3435 2174 ἕτερον
3461 2105 3671 2175 τρόπον
3698 2105 3823 2157 ἐλαύ

2271 2216 2378 2253 νων
2403 2194 2725 2268 ἀνθρώπους
2747 2194 2841 2249 τοῦ
2866 2196 3006 2266 βίου,
3042 2196 3091 2248 εί
3113 2195 3209 2249 καὶ
3245 2195 3321 2266 μὴ
3347 2199 3412 2266 τῇ
3438 2196 3588 2266 χειρὶ
3606 2195 3671 2249 τὸ
3698 2193 3847 2264 ξίφος

2275 2292 2459 2363 φέρων
2500 2290 2695 2360 βάπτοι
2743 2292 2813 2361 τῇ
2845 2291 3051 2360 σφαγῇ,
3086 2288 3201 2342 ἀλλ’
3231 2286 3323 2343 οὖν
3354 2289 3846 2359 ἀνδροφόνοςιὲστί·

2276 2384 2382 2438 κᾶν
2416 2383 2588 2454 μήπω
2610 2382 2702 2437 τὸν
2722 2384 2919 2453 δήμιον
2944 2383 3067 2453 δρᾷ.
3098 2383 3162 2435 Εἰ
3194 2381 3253 2434 δὲ
3276 2380 3373 2434 καὶ
3401 2382 3463 2434 τὸ
3492 2391 3515 2419 ι’
3539 2380 3717 2434 ταῦτα
3741 2381 3851 2434 δια-

2277 2476 2489 2544 φυγεῖν,
2529 2472 2888 2545 χαλεπώτερα
2920 2473 2992 2526 τὰ
3020 2473 3231 2526 ἐκεῖθεν
3274 2472 3639 2543 δικαιωτήρια
3686 2475 3847 2536 ποιεῖ,

2278 2565 2441 2636 μέχρι
2486 2565 2637 2628 τίνος
2662 2565 2762 2617 οὐκ
2805 2565 3092 2636 ἀποστήσῃ
3127 2564 3319 2617 σαυτὸν
3377 2565 3487 2617 τῶν
3518 2566 3729 2628 ἐκεῖσε,
3766 2580 3850 2616 πι-

2272 2655 2422 2725 κρῶς
2452 2654 2612 2721 οὕτω,
2648 2655 2743 2709 καὶ¹
2784 2656 2860 2718 ὡς
2880 2654 2981 2708 οὐκ
3017 2653 3085 2709 ἂν
3121 2654 3299 2723 ἔγωγε
3346 2654 3695 2725 βουληθείην,
3745 2654 3849 2707 οὐδ’

2275 2746 2342 2800 ἂν
2370 2747 2532 2800 πλέον
2562 2746 3028 2817 ὲπιϐουλευθείην,
3077 2748 3266 2818 μακρά
3324 2748 3419 2800 καὶ
3467 2747 3653 2818 μάτην
3687 2745 3849 2817 οἰμώ-

2276 2838 2456 2905 ζοντα,
2487 2838 2583 2893 καὶ
2613 2838 3138 2909 κατολοφυρόμενον,
3174 2839 3684 2910 παραπεμπόντων.

2871 2950 3097 3005 ΕΠΙΣΤ.
3127 2952 3247 3006 ΞΜ.

2350 3042 2562 3098 Λέοντι
2601 3043 2700 3098 καὶ
2758 3044 3070 3099 Γαλάτωνι
3104 3043 3388 3115 ἀδελφοις
3426 3043 3784 3114 ἀσηκρῆτις.

1841 3163 2111 3214 Montacut.
2145 3164 2247 3229 (ep.
2272 3166 2381 3226 232,
2404 3178 2454 3228 p.
2490 3162 2603 3225 546)

678 3265 927 3320 Anatolio
955 3265 1047 3320 illo
1090 3266 1235 3321 bono
1265 3265 1494 3337 (nescio
1531 3280 1602 3321 an
1626 3265 1745 3338 ipse
1787 3267 2031 3324 ﬁctiones
2058 3268 2173 3324 illas

2351 3266 2475 3319 Τῶν
2513 3265 2819 3319 Ἀνατολιου
2865 3282 2961 3320 του
3007 3266 3176 3320 καλοῦ
3202 3266 3539 3337 πλασμάτων
3566 3269 3693 3335 (οὐκ
3742 3265 3851 3325 οἶδα

607 3366 952 3413 commentus
978 3367 1085 3419 est.
1116 3374 1183 3412 an
1211 3358 1436 3413 alterius
1467 3357 1635 3413 fetum
1689 3360 2089 3430 supposititium
2118 3362 2173 3414 in

609 3465 767 3506 suum
818 3449 1127 3521 adoptat?)
1170 3449 1378 3505 Pontus
1415 3450 1707 3520 impletur;
1739 3461 1848 3506 tam
1879 3452 2174 3508 vehemen-

609 3550 712 3606 tes,
758 3549 870 3595 tam
919 3541 1233 3613 frequentes
1283 3550 1412 3596 sunt
1444 3543 1851 3599 mendaciorum
1892 3544 2070 3611 venti;
2103 3544 2175 3600 ita

608 3632 850 3703 undique
886 3632 1133 3704 perﬂant,
1168 3642 1229 3688 ut
1261 3649 1363 3688 nec
1391 3634 1578 3706 Argoae
1600 3637 1799 3706 puppis
1824 3636 2015 3691 Nautaa
2036 3639 2178 3692 cele-

607 3724 857 3795 brentur,
907 3741 1009 3780 nec
1041 3726 1213 3780 vellus
1252 3742 1497 3794 aureum,
1544 3744 1647 3783 nec
1693 3729 1963 3798 spirantes
1998 3730 2177 3801 ignem

611 3816 773 3883 tauri,
839 3817 924 3871 vel
987 3816 1348 3872 multiformes
1380 3819 1696 3883 ,dracones,
1743 3835 1846 3875 nec
1880 3836 2001 3889 quae
2051 3830 2179 3876 sunt

610 3911 729 3965 alite
754 3920 1073 3965 monstrosze
1108 3911 1303 3965 fabulae
1334 3911 1595 3981 deinceps
1640 3912 1934 3982 ﬁngantur.
1970 3912 2178 3967 Novitia

611 4000 1011 4054 mendaciorem
1045 3998 1333 4069 hyperbole
1360 4000 1573 4065 etliciet,
1599 4011 1658 4053 ut
1679 3999 1770 4053 illa
1798 4000 2036 4056 absoleta
2066 4001 2180 4056 fere

615 4087 775 4141 ﬁdem
814 4096 1145 4154 mereantur,
1183 4103 1358 4157 neque
1417 4088 1564 4142 enim
1615 4097 1742 4143 ante
1780 4089 2018 4159 quinque
2042 4091 2176 4156 dies,

614 4193 726 4232 non
758 4186 887 4233 ante
935 4177 1093 4243 duos,
1125 4178 1233 4233 imo
1277 4194 1346 4232 ne
1385 4188 1516 4234 ante
1569 4195 1733 4233 unam
1766 4180 1953 4235 horam
1980 4182 2047 4236 ad
2081 4198 2182 4238 nos

616 4269 847 4325 accessit
873 4268 1068 4339 aliquis
1093 4269 1235 4324 inter
1271 4286 1366 4325 eos
1395 4280 1735 4335 numeratus,
1764 4272 1855 4343 qui
1889 4281 2020 4328 sunt
2058 4291 2180 4330 cum

616 4359 864 4431 imperio,
894 4376 999 4415 nec
1033 4360 1126 4431 qui
1161 4361 1386 4431 imperio
1432 4374 1662 4434 parent;
1714 4380 1824 4419 non
1850 4365 2180 4432 tabellarius,

624 4466 736 4506 non
762 4451 970 4506 litteras
996 4460 1287 4514 annotans.
1321 4468 1431 4507 non
1477 4455 1742 4509 bonorum
1778 4457 2030 4522 nuntius,
2071 4474 2181 4512 non

617 4543 1021 4598 adversantium
1056 4543 1322 4609 famulus;
1368 4545 1476 4600 imo
1498 4562 1620 4616 qua
1645 4548 1870 4602 nuncin
1901 4550 2183 4619 promissis

2279 3358 2338 3412 δὲ
2360 3357 2591 3427 πότερον
2616 3357 2777 3420 αὐτός
2804 3357 2921 3410 ἐστι
2952 3356 3157 3428 πατὴρ,
3193 3357 3226 3429 ἢ
3268 3357 3700 3429 ὑποϐολιμαίους
3743 3361 3855 3414 ἑτέ-

2287 3466 2397 3519 ρων
2430 3451 2665 3502 ποιεῖται
2694 3449 2882 3517 γονάς)
2927 3450 3141 3521 πλήρης
3177 3450 3207 3503 ὀ
3241 3451 3435 3514 πόντος
3472 3451 3740 3521 ὲγένετο’
3767 3456 3855 3508 καὶ

2282 3540 2426 3593 οὕτω
2464 3541 2558 3607 μὲν
2597 3540 2847 3610 σφοδραὶ,
2881 3539 3024 3594 οὕτω
3047 3540 3106 3594 δὲ
3137 3544 3379 3612 συνεχεῖς
3403 3544 3459 3596 αἱ
3488 3542 3585 3596 τοῦ
3628 3544 3853 3614 ψεύδους

2282 3626 2448 3703 αὖραι
2487 3632 2903 3699 καταπνέουσιν,
2957 3632 3033 3697 ὡς
3079 3632 3202 3704 μηδ’
3245 3630 3325 3699 οἷς
3356 3634 3525 3705 ἡτῶν
3579 3636 3640 3689 ὲν
3684 3636 3854 3706 Ἀρτῶ

2284 3724 2585 3795 πλωτήρων
2608 3725 2783 3795 πλάνη
2813 3725 3156 3796 σεμνύνεται,
3188 3727 3249 3780 τὸ
3275 3726 3655 3798 χρυσόμαλλον
3679 3729 3850 3799 δέρας,

2284 3819 2378 3870 καὶ
2409 3819 2533 3880 τούς
2556 3819 2883 3888 πυριπνόους
2908 3816 3165 3889 ταύρους,
3200 3820 3297 3873 καὶ
3327 3821 3453 3884 τούς
3475 3822 3853 3892 πολυμόρφως

2284 3908 2604 3979 δράκοντας,
2634 3910 2730 3963 καὶ
2751 3909 2849 3979 τὴν
2865 3910 3031 3981 ἄλλην
3050 3912 3358 3981 τερατείαν,
3385 3912 3522 3983 μηδὲ
3543 3913 3722 3966 ταῦτα
3754 3913 3854 3965 λοι-

2287 4000 2387 4053 πὸν
2433 4002 2513 4062 εἰς
2548 3999 2751 4070 μύθους
2798 4001 3199 4072 ἀναφέρεσθαιο
3230 4006 3298 4074 τῇ
3337 4004 3449 4075 γάρ
3486 4008 3734 4076 νεωτέρα
3767 4002 3855 4056 τοῦ

2285 4089 2510 4159 ψεύδους
2545 4090 2843 4161 ὐπερῦολῇ,
2873 4092 3030 4161 ἔσχεν
3068 4093 3311 4147 ἀνελθεῖν
3340 4095 3525 4148 ὲκεῖνα
3562 4096 3632 4148 τὰ
3658 4095 3856 4150 παλαιὰ

2287 4182 2367 4242 εἰς
2401 4181 2583 4232 εἰκόνα
2607 4180 2699 4233 τοῦ
2748 4181 3124 4237 πιστεύεσθαι.
3154 4185 3287 4237 Οὐδὲ
3320 4184 3454 4255 γὰρ,
3504 4186 3859 4257 οὐδ’ἠμερῶν

2288 4272 2393 4340 πρὸ
2411 4272 2596 4338 πέντε,
2630 4272 2750 4325 οὐδὲ
2786 4273 2892 4341 πρὸ
2928 4274 3041 4339 δύο,
3092 4274 3153 4327 οὐ
3198 4276 3296 4345 μὲν
3329 4276 3423 4329 οὖν
3451 4276 3571 4330 ἀλλ’
3603 4279 3730 4331 οὐδὲ
3762 4280 3859 4348 πρὸ

2292 4366 2421 4434 μιᾶς
2448 4362 2615 4436 ὥρας.
2647 4365 2817 4429 οὐδεὶς
2843 4366 3069 4434 ἀφίκετο
3100 4369 3235 4438 πρὸς
3256 4370 3426 4438 ἡμᾶς,
3457 4370 3520 4422 οὐ
3540 4370 3650 4424 τῶν
3676 4372 3859 4441 ἄρχειν

2288 4457 2581 4527 λαχόντων,
2616 4457 2679 4510 οὐ
2704 4458 2812 4511 τῶν
2839 4459 3047 4529 ἑτέροις
3072 4458 3514 4532 πειθαρχούντων
3535 4477 3551 4492 ·
3587 4463 3649 4515 οὐ
3681 4479 3859 4534 γραμ-

2293 4550 2646 4621 ματηφόρος⁸
2706 4550 2806 4603 οὐκ
2852 4552 3250 4622 ἐπισημότερος
3312 4554 3703 4624 γραμμάτων·
3767 4556 3861 4607 οὐκ

618 4634 908 4699 dabantur,
942 4649 1066 4689 cum
1094 4635 1364 4705 prioribus
1413 4638 1729 4708 disperiere,
1766 4654 1947 4696 aerem
1974 4651 2173 4697 tantum

2290 4608 2795 4708 άγαθῶίάγγελος·
2825 4641 2922 4711 οὐχ
2960 4608 3405 4714 ὑπηρετούμενός
3427 4608 3543 4708 :co't;
3573 4646 3858 4709 ἐναντίοις·

617 4726 1008 4782 verberantia?
1055 4726 1200 4793 Quid
1252 4728 1375 4783 dico
1410 4729 1465 4783 in
1508 4733 1843 4801 promissis?
1878 4750 1987 4791 non
2042 4739 2173 4792 enin

2288 4730 2429 4784 ἀλλὰ
2454 4731 2565 4803 γάρ
2611 4733 2705 4785 καὶ
2756 4732 2826 4785 τὰ
2872 4732 2967 4786 νῦν
2998 4734 3353 4805 ὑπεσχημένα
3394 4738 3508 4799 τοῖς
3551 4735 3862 4805 ἔμπροσθεν

619 4819 1073 4889 promittebantur
1093 4830 1323 4888 tantum,
1358 4822 1449 4878 sed
1479 4824 1756 4894 placituris
1787 4826 2009 4884 isthisce
2048 4830 2173 4885 clari

2293 4821 2663 4890 συναπώλετο,
2698 4824 2790 4878 τὸν
2813 4824 2951 4897 ἀέρα
2991 4828 3154 4897 μόνον
3188 4829 3570 4900 κτυπήσαντα.
3606 4830 3675 4882 Ti
3702 4830 3761 4883 δὲ
3784 4830 3863 4883 δεῖ

620 4911 693 4963 ob
720 4912 907 4965 oculos
961 4913 1511 4982 repraesentabantur,
1556 4924 1833 4986 utcunque
1866 4932 1935 4972 ne
1985 4934 2083 4989 per
2107 4920 2173 4974 in.

2290 4913 2470 4984 λέγειν
2501 4915 2889 4987 ὐπεσχημένα;
2914 4918 2974 4973 οὐ
3003 4923 3111 4992 γάρ
3134 4921 3493 4991 ὑπεσχημένα
3520 4921 3707 4991 μόνον,
3733 4922 3863 4975 ἀλλά

623 5002 900 5055 somnium
950 5005 1340 5059 cernebantur.
1404 5003 1536 5061 Nam
1570 5005 1636 5060 ab
1680 5006 1838 5063 initio
1867 5024 1967 5079 per
2011 5010 2173 5082 .magi

2294 5021 2358 5074 γε
2386 5006 2499 5070 τοῖς
2558 5008 2939 5078 χαριεστάτοις
2975 5010 3217 5064 τουτοισὶ
3257 5012 3353 5064 καὶ
3409 5013 3519 5081 πρὸ
3569 5011 3862 5082 ὀφθαλμῶν

624 5084 871 5139 nationes
916 5086 1055 5140 haud
1101 5087 1299 5142 alicubi
1342 5088 1704 5145 subsistentes
1755 5093 2007 5160 conﬁcta,
2047 5095 2173 5150 circ:

2288 5096 2559 5169 λαμπρῶς
2586 5098 2838 5170 κείμενα,
2869 5102 2920 5154 εί
2950 5103 3045 5155 καὶ
3088 5102 3211 5174 μηδ’
3253 5103 3486 5175 ὀνείροις
3523 5102 3823 5175 ὡράθησαν
3845 5121 3860 5135 ο

622 5176 843 5267 easdem
875 5192 1090 5247 quoque
1113 5178 1431 5236 difﬂuxere:
1466 5192 1867 5251 verumtamen,
1890 5187 2034 5256 quod
2067 5189 2173 5244 nul

2293 5191 2387 5244 καὶ
2415 5190 2523 5261 γὰρ
2545 5190 2643 5261 τὴν
2669 5192 2865 5263 ἀρχὴν,
2889 5195 2969 5258 εἰς
3006 5195 3385 5266 ἁνυπάρκτους
3413 5195 3861 5267 διαπεπλασμὲνα

627 5266 714 5320 lus
728 5267 984 5335 arbitror,
1001 5271 1269 5326 mendacii
1299 5272 1639 5331 continuatio
1664 5276 1839 5332 cuivis
1869 5277 1937 5333 de
1966 5278 2033 5333 iis
2060 5280 2168 5334 divi

2296 5283 2616 5350 φαντασίας,
2675 5287 2804 5355 περὶ
2836 5286 3025 5349 αὐταῖς
3072 5288 3167 5340 καὶ
3205 5289 3653 5360 κατεῤῥυήκεσαν
3682 5305 3696 5319 ο
3730 5266 3863 5359 πλὴν

628 5355 796 5410 nandi
848 5355 1011 5411 faciet
1068 5366 1395 5427 potestatem
1453 5374 1851 5422 exaccuratam.
1916 5366 2069 5433 Quod
2117 5367 2164 5424 si

2298 5370 2432 5436 ἀλλ’,
2474 5373 2611 5444 ὅπερ
2637 5375 2734 5444 οὐχ
2764 5375 3088 5448 ήγοῦμαι,ὴ
3122 5355 3580 5449 συνέχεια-δὲντοῦ
3616 5355 3860 5450 ψεύδους,

626 5455 820 5502 contra
853 5445 1193 5518 opinionem,
1237 5464 1361 5505 cum
1408 5454 1636 5510 veritate
1676 5457 2066 5527 coinciderint;
2091 5474 2173 5516 om

2299 5462 2397 5532 τὴν
2429 5463 2516 5515 ἐπ’
2549 5466 2729 5531 αὐτοῖς
2764 5468 3029 5539 μαντικὴν
3075 5471 3238 5525 παντὶ
3280 5471 3577 5543 παρέχεται
3620 5471 3861 5544 άκριόὡο

1971 5615 2204 5674 ΥΑΙὶΙᾹΞ
2232 5618 2633 5677 LECTIONES.

710 5769 731 5799 τ
764 5763 845 5818 ῑσ.
880 5765 973 5821 καὶ
1004 5765 1142 5837 μετὰ
1160 5766 1241 5822 τό..
