4046 6460
220 392 327 455 969

1354 398 1890 460 EPISTOLARUM
1928 400 2159 463 LIBER
2202 406 2317 467 ΙΙΙ.

3387 408 3493 474 970

220 504 441 557 σασθαι.
485 502 623 556 Ἀλλ’
654 496 746 556 οὖν
773 503 820 556 εἰ
857 504 952 557 καὶ
996 505 1144 575 παρὰ
1186 506 1365 571 δόξαν,
1407 485 1638 579 ὅμωςέί
1667 526 1798 562 ποτε

1903 510 1990 566 nia
2018 513 2107 570 ille
2130 516 2275 584 apud
2308 530 2394 570 me
2436 515 2725 579 obtinebit,
2752 532 2872 585 quae
2917 531 3014 587 per
3040 532 3139 573 vos
3176 526 3234 572 ut
3273 518 3491 577 obtine'

216 595 360 665 πρὸς
392 594 651 665 ἀλήθειαν
686 598 1181 668 περιτραπείησαν,
1231 599 1410 653 ἔσοιτο
1443 601 1624 653 πάντα
1671 602 1805 671 παρ’

212 684 378 753 ἡμῶν
439 685 515 753 τῷ
549 684 724 753 ἀνδρὶ,
766 686 867 739 ὅσα
896 687 1151 755 γενέσθαι
1186 688 1335 760 αὐτῷ
1359 689 1428 743 δι’
1476 690 1632 760 ὑμῶν
1666 708 1809 761 παρ-

226 774 495 846 ῃτήσατο.
527 776 835 847 Ἔρρωσθε.

820 892 1048 947 ΕΠΙΣΤ.
1086 894 1207 948 EB’.

646 985 946 1054 Ἀρσαϐὴρ
982 987 1381 1057 Ἀσπαθαρίῳ.

1903 613 1989 656 ret
2019 604 2310 659 recusavit.
2351 604 2560 660 Valete.

2486 887 2704 943 EPIST.
2748 891 2908 946 LXII.

2425 982 2649 1036 Arsaber
2673 985 2997 1054 aspathario.

1452 1099 1704 1151 Montacut
1758 1096 1861 1156 (ep.
1895 1090 2005 1151 253,
2037 1107 2086 1155 p.
2119 1095 2252 1157 547).

292 1202 369 1256 Τὸ
395 1203 492 1272 μὲν
522 1201 716 1274 δῶρον,
775 1192 1196 1275 μεγαλοπρεπὲς
1244 1205 1326 1269 δν,
1360 1203 1457 1260 καὶ
1505 1202 1676 1274 χωρὶς
1709 1202 1807 1272 τῆς

210 1293 385 1364 ἄλλης
413 1294 708 1357 διαθέσεως
736 1294 764 1347 ὃ
792 1297 888 1348 καὶ
923 1296 1116 1359 ἄλλους
1154 1296 1222 1350 ἂν
1270 1296 1583 1359 ἐπεπείκει,
1635 1310 1807 1365 μεγα-

209 1383 508 1456 λοπρεπῶς
533 1388 680 1456 ἡμᾶς
707 1389 1095 1457 παρεσκεύασε
1118 1386 1396 1452 δέξασθαι.
1439 1388 1507 1441 Ἥ
1541 1386 1601 1440 δέ
1623 1385 1805 1440 διάθε-

216 1495 307 1541 σις
336 1480 433 1531 καὶ
461 1480 629 1549 χωρὶς
660 1479 756 1532 τοῦ
786 1478 961 1550 δώρου
1001 1480 1063 1533 τὸ
1104 1482 1302 1534 οἰκεῖον
1338 1485 1511 1533 ποιεῖν
1562 1480 1804 1532 διανοου-

215 1570 380 1639 μένη,
411 1569 505 1623 ἆτε
537 1570 601 1640 δὴ
636 1570 840 1640 μείζων
875 1570 974 1640 μὲν
1021 1572 1203 1641 πάσης
1252 1572 1417 1642 ἄλλης
1462 1569 1800 1639 φιλοτιμίας,

214 1657 421 1725 μείζων
460 1657 516 1709 δὲ
566 1658 767 1720 παντὸς
792 1658 1241 1730 εὐεργετήματος
1267 1660 1360 1714 καὶ
1392 1655 1533 1713 εἶναι
1567 1659 1662 1713 καὶ
1686 1659 1804 1712 ὀνο-

213 1750 488 1820 μάζεσθαι
534 1750 1015 1821 μεγαλοφρονοῦσα
1068 1752 1242 1805 οὐδενὶ
1297 1753 1467 1823 ἑτέρῳ
1499 1752 1610 1805 τῶν
1652 1768 1803 1823 πρω-

212 1844 379 1896 τείων
416 1842 794 1907 ὑπεξίσταται.
821 1846 883 1897 Εἰ
907 1845 963 1898 δὲ
992 1844 1166 1898 ταῦτα
1190 1846 1254 1899 ἄν
1279 1862 1339 1898 τε
1362 1846 1512 1915 παρῇ
1542 1844 1608 1897 τὰ
1630 1844 1801 1914 δῶρα,
1831 1869 1879 1929 Β

210 1936 320 1988 κᾶν
353 1935 585 2005 μέγιστα
609 1933 666 2007 ᾖ,
700 1937 851 1991 οὐδὲν
884 1937 1065 2008 ἐκείνη
1097 1938 1164 1991 δι’
1208 1938 1388 1992 αὐτῶν
1415 1936 1802 2007 περιϐάλλεται

214 2027 384 2097 μέγα,
411 2029 477 2083 ἄν
501 2047 560 2083 τε
602 2032 677 2100 μὴ
710 2033 883 2101 παρῇ,
928 2034 997 2102 τῇ
1061 2031 1296 2100 μονώσει
1335 2030 1497 2083 πλέον
1520 2027 1806 2099 ἀπαστρά-

212 2135 366 2173 πτει.
410 2123 622 2189 ’Ὠσπερ
660 2122 820 2191 νέφος
848 2122 1003 2191 ἣλιος
1034 2122 1132 2193 τὴν
1164 2122 1297 2194 ὕλην
1322 2121 1664 2193 διαφυγοῦσα
1709 2120 1805 2174 καὶ

206 2214 460 2287 καθαρὰς
491 2215 587 2269 καὶ
606 2217 801 2280 ἀΰλους
821 2217 921 2281 τὰς
937 2219 1111 2286 αὐγὰς
1126 2220 1225 2289 τῆς
1240 2218 1461 2287 φιλικῆς
1481 2215 1804 2289 προ[σ]αγο-

210 2306 456 2377 ρεύσεως
473 2310 537 2360 ἐκ
554 2308 647 2361 τοῦ
663 2309 956 2379 δεχομένου
974 2309 1297 2364 ἀντανακλῶ
1312 2308 1487 2379 σοιτῷ
1507 2308 1802 2379 πέμποντι.

207 2400 306 2453 Διὸ
342 2401 542 2470 μηκέτι
576 2418 657 2454 σοι
701 2401 892 2472 δώρων
923 2402 1130 2475 ἀπορίᾳ
1159 2404 1193 2473 ἡ
1256 2402 1563 2473 πρόσρησις
1606 2399 1804 2472 βραδυ-

210 2492 378 2560 νέτω,
416 2492 533 2547 ἀλλ’
567 2495 909 2565 ἐποχουμένη
935 2498 1002 2566 τῇ
1034 2494 1275 2550 διαθέσει
1302 2495 1399 2547 καὶ
1428 2492 1527 2556 τὰς
1553 2492 1659 2555 σὰς
1675 2508 1802 2546 συν-

205 2586 611 2655 επικομίζουσα
665 2588 855 2656 ὑγείας
897 2587 1093 2642 θᾶττον
1147 2586 1504 2657 ἁφικνείσοω.
1571 2585 1648 2638 Οὐ
1694 2583 1805 2653 γὰρ

205 2678 390 2743 ἐστιν,
423 2679 524 2733 οὑκ
556 2680 705 2733 ἔστιν
735 2680 843 2734 οὐδ’
867 2683 927 2734 οὐ
954 2682 1029 2753 μὴ
1059 2680 1234 2735 ἔσοιτο
1260 2680 1359 2749 τῆς
1382 2679 1450 2733 δι’
1472 2678 1645 2747 αὐτῆς
1671 2679 1804 2748 ἡμῖν

204 2771 576 2842 ἐγγινομένης
599 2774 776 2843 χαρᾶς
801 2774 896 2827 καὶ
914 2773 1183 2845 θυμηδίας
1212 2771 1365 2827 οὐδὲν
1383 2771 1493 2824 τῶν
1510 2769 1805 2841 περι-τεὶων

211 2861 391 2933 δῶρον
428 2872 449 2900 ³
479 2864 858 2936 χαριέστερον.

804 3068 1031 3123 ΕΠῘΣΤ.
1073 3068 1190 3122 ΞΡ.

208 3156 492 3227 Ταρασίῳ
556 3158 853 3227 Πατρικίῳ
904 3159 1148 3232 ἀδελφῷ
1185 3161 1648 3232 παραμυθητικὴ
1705 3154 1806 3210 ἐπὶ

690 3230 939 3299 θυγατρὶ
967 3230 1312 3300 τεθνηκυίᾳ.

1983 1197 2181 1254 Munus
2212 1199 2434 1270 quidem
2466 1216 2590 1258 cum
2624 1204 2693 1259 sit
2727 1206 3096 1275 magniﬁcum,
3118 1218 3173 1265 et
3197 1211 3340 1280 quod
3371 1213 3493 1269 sine

1904 1287 2264 1359 dispositione
2297 1291 2398 1345 alia
2421 1293 2644 1362 quosvis
2663 1294 2958 1359 allexisset,
2987 1312 3096 1363 me,
3121 1308 3181 1353 ut
3205 1300 3494 1371 magniﬁce

1906 1382 2233 1453 acciperem,
2266 1384 2538 1441 invitavit.
2588 1388 2659 1442 At
2680 1388 2987 1459 dispositio,
3030 1402 3242 1447 semoto
3267 1394 3491 1463 quidem

1904 1474 2071 1539 dono,
2107 1490 2230 1530 cum
2267 1478 2410 1547 quod
2450 1493 2609 1533 suum
2647 1491 2767 1536 erat
2797 1498 3057 1555 peragere
3091 1486 3374 1556 cogitaret,
3406 1496 3496 1543 nt-

1913 1578 2041 1635 pote
2067 1567 2227 1621 aliam
2270 1570 2571 1638 quamlibet
2606 1572 2910 1629 honorandi
2945 1590 3165 1630 causam
3197 1578 3492 1643 excedens,

1911 1659 2060 1711 omni
2092 1659 2360 1715 beneﬁcio
2392 1665 2587 1732 majus,
2630 1671 2686 1717 et
2715 1679 2839 1719 cum
2892 1682 2993 1736 pro
3040 1668 3133 1722 tali
3173 1671 3385 1725 censeri
3437 1679 3495 1726 et

1912 1746 2187 1801 nominari
2219 1764 2551 1821 magnOpere
2584 1763 2829 1822 cuperet,
2879 1756 2933 1809 in
2962 1756 3111 1812 nulla
3151 1773 3212 1813 re
3239 1773 3271 1812 a
3301 1759 3495 1829 primis

1912 1838 2115 1895 deﬁcit.
2153 1840 2209 1894 Si
2258 1841 2527 1911 ejusmodi
2578 1859 2806 1899 munera
2857 1846 3175 1913 all'erantur,
3214 1858 3495 1920 utcunque

1908 1932 2108 1988 eximia
2138 1932 2269 2001 sint,
2306 1933 2447 1988 nihil
2484 1949 2581 2004 per
2610 1934 2702 1989 illa
2746 1944 2926 1990 tamen
2960 1937 3228 1992 voluntati
3271 1942 3498 1996 accedet

1908 2040 2189 2097 magnum,
2230 2024 2338 2080 nisi
2380 2034 2433 2079 et
2469 2025 2557 2079 illa
2592 2026 2765 2092 adsit;
2806 2025 3102 2081 solitudine
3136 2029 3310 2098 magis
3364 2031 3493 2084 illu-

1908 2126 2115 2173 stratur
2146 2132 2161 2171 :
2191 2126 2252 2172 ut
2282 2118 2361 2171 sol
2391 2133 2421 2173 a
2450 2118 2592 2174 nube
2618 2118 2940 2186 subductus,
2970 2129 3024 2176 et
3041 2122 3323 2176 materiam
3352 2122 3498 2178 illam

1906 2210 2227 2281 dispellens,
2291 2211 2509 2273 illimes.
2539 2220 2594 2266 ct
2641 2228 2809 2281 puros
2857 2220 2912 2268 et
2970 2214 3265 2271 defamatos
3304 2217 3498 2273 amica:

1908 2302 2343 2373 compellationis
2390 2303 2593 2370 radios,
2625 2305 2694 2359 ab
2723 2305 3031 2375 accipiente
3077 2308 3344 2365 refractos
3388 2310 3493 2365 ad-

1906 2395 2219 2451 mittentem
2272 2398 2519 2452 mittunt.
2579 2396 2760 2463 Quare
2812 2413 2922 2453 non
2987 2399 3221 2456 ulterius
3268 2410 3495 2472 propter

1908 2501 2199 2542 munerum
2233 2487 2589 2559 indigentiam
2621 2487 2777 2543 aﬁ'ari
2805 2498 2857 2544 te
2895 2489 3141 2545 tardabo.
3184 2489 3293 2546 Sed
3334 2491 3499 2547 salu-

1908 2579 2041 2635 talio
2073 2580 2130 2634 in
2157 2580 2325 2635 animi
2357 2582 2555 2636 aﬁ‘ectu
2579 2590 2791 2648 evecta,
2820 2590 2877 2637 et
2905 2597 3012 2637 una
3036 2597 3225 2638 secum
3246 2593 3368 2639 tuas
3401 2600 3499 2655 ap-

1907 2681 2135 2743 portans
2168 2671 2546 2737 salutationes,
2587 2671 2751 2727 citius
2788 2672 3007 2727 advolet
3036 2690 3049 2726 :
3084 2688 3197 2730 non
3233 2682 3351 2741 est,
3392 2691 3498 2731 nec

1907 2765 2013 2819 erit
2041 2772 2385 2820 terrenorum
2415 2766 2684 2821 donorum
2718 2765 2938 2837 aliquod
2966 2768 3137 2840 magis
3162 2769 3493 2838 jucundum,

1908 2865 2001 2909 aut
2035 2856 2183 2925 quod
2214 2857 2641 2913 oblectationem
2672 2858 2937 2929 majorem
2976 2867 3035 2913 et
3071 2860 3329 2932 gaudium
3358 2876 3495 2934 ope-

1911 2958 2083 3004 retur.

2480 3064 2700 3120 EPIST.
2742 3064 2926 3121 LXIII.

1915 3155 2134 3211 Tarasio
2182 3160 2428 3228 patricio,
2464 3159 2643 3229 fratri,
2675 3160 2745 3242 de
2794 3159 2935 3212 obitu
2964 3159 3089 3227 ﬁlia:
3116 3175 3228 3214 sua:
3260 3161 3498 3214 consalu.

2614 3240 2772 3281 torta.

1454 3345 1727 3393 Montacut.
1756 3338 1862 3399 (ep.
1896 3339 2006 3403 254,
2030 3358 2080 3406 p.
2108 3344 2240 3407 547).

277 3442 351 3501 Ὦ
382 3448 484 3502 ποῦ
518 3445 613 3502 νῦν
646 3448 831 3513 Ἠλίας
856 3466 870 3516 ;
901 3451 1005 3504 ποῦ
1029 3450 1087 3503 δὲ
1129 3451 1431 3515 Ἐλισσαῖος
1451 3469 1465 3517 ;
1487 3449 1589 3503 ποῦ
1613 3450 1667 3503 δέ
1692 3450 1795 3503 Πέ-

200 3556 358 3609 τρος,
390 3541 425 3613 ἢ
454 3541 684 3606 Παῦλος,
712 3543 745 3612 ἦ
775 3560 920 3605 τινες
944 3543 1055 3597 τῶν
1091 3545 1212 3597 κατ’
1235 3544 1482 3608 ἐκείνους
1514 3545 1673 3615 ἱερῶν
1700 3544 1795 3596 καὶ

200 3632 381 3700 ἁγίων
404 3632 615 3702 ἀνδρῶν
645 3652 659 3700 ;
695 3635 757 3686 οὑ
781 3634 890 3705 γὰρ
922 3633 986 3687 ἂν
1018 3634 1313 3705 ἐπιστολῆς
1338 3634 1589 3705 ἐδεήθην,
1615 3634 1795 3687 αὐτῶν

199 3727 261 3779 δέ
284 3743 428 3790 τινος
449 3726 748 3796 λαϐόμενος
777 3729 884 3781 τῶν
910 3727 1108 3792 ποδῶν,
1128 3729 1249 3781 ἐπεὶ
1268 3728 1366 3798 τὴν
1388 3728 1545 3798 χάριν
1566 3728 1666 3781 οὐκ
1689 3727 1795 3796 ἔχω

198 3818 316 3872 τῶν
348 3819 571 3890 χειρῶν,
608 3820 707 3873 οὐκ
737 3819 802 3874 ἂν
833 3821 1077 3893 ἀπέστην
1117 3822 1336 3876 ἅπαντα
1368 3822 1557 3887 ποιῶν,
1597 3824 1701 3885 ἕως
1727 3821 1793 3874 ἂν

203 3910 395 3973 ζῶσαν
416 3911 532 3973 τοῖς
562 3912 994 3981 γεννησαμένοις
1025 3912 1327 3984 παρέθεντο
1348 3913 1447 3983 τὴν
1465 3912 1647 3967 παῖδα.
1678 3912 1793 3973 Νῦν

200 4001 265 4053 δὲ
298 3998 391 4064 τί;
423 4000 544 4053 οὐδὲ
580 4001 709 4069 γὰρ,
760 4001 881 4054 οὐδὲ
913 4005 1031 4063 ταῖς
1080 4002 1434 4073 τηλικαύταις
1486 4006 1794 4074 συμφοραῖς

198 4091 301 4144 τοῦ
321 4090 539 4158 γένους,
568 4094 601 4162 ἡ
629 4092 750 4145 καθ’
772 4092 930 4163 ἡμῶν
957 4094 1255 4166 ὑπερόριος
1273 4096 1421 4166 φυγὴ
1436 4096 1787 4150 δυσωπεῖται.

212 4182 543 4254 Ἐπιστολῆς
575 4183 789 4254 δέομαι,
822 4184 1136 4256 ἐπιστολῆς,
1160 4190 1213 4240 οἵ
1246 4189 1366 4258 μοιί
1403 4187 1599 4258 θρῆνον
1634 4190 1793 4243 ἁδελ-

198 4278 333 4348 φοῦ,
355 4280 449 4332 ἐπὶ
472 4279 705 4353 θυγατρὶ
732 4284 963 4356 κειμένῃ
982 4284 1428 4354 διαπραῦνούσης
1448 4302 1461 4315 ο
1482 4287 1569 4339 ὅτε
1586 4287 1793 4340 τέκνων

204 4373 473 4443 παρῆσαν
503 4373 742 4442 ἐλπίδες,
773 4377 869 4429 καὶ
900 4377 991 4430 τὸν
1019 4376 1199 4446 γάμον
1226 4374 1340 4448 εἶχε
1366 4378 1677 4447 δυσφημίασ
1709 4379 1792 4431 ὅτι

208 4462 289 4533 μὴ
328 4463 526 4517 θᾶττον
552 4465 654 4535 τὴν
707 4466 878 4519 παῖδα
915 4467 1128 4539 μητέρα
1165 4468 1398 4531 ἐδείκνυ,
1441 4469 1574 4538 μηδέ
1604 4467 1793 4531 παιδὸς

201 4555 343 4617 παῖς
379 4554 540 4623 χερσὶ
576 4556 944 4629 προπατόρων
973 4558 1226 4629 ἐναθύρει
1253 4575 1311 4611 τε
1357 4559 1453 4613 καὶ
1484 4559 1789 4623 ἐνάλλεται,

199 4646 521 4718 περιλαλῶν
580 4650 693 4711 τοῖς
720 4648 1110 4720 ψελλίσμασιν.
1159 4651 1301 4705 Ἀλλ’
1358 4653 1445 4705 ὅτε
1499 4653 1567 4707 τὰ
1618 4653 1791 4724 μείζω

198 4738 489 4808 ἠλπίζετο,
516 4740 637 4793 τότε
672 4742 766 4794 καὶ
800 4740 835 4794 ἃ
859 4741 1185 4811 κατείχομεν
1213 4743 1561 4813 ἀνηρπάζετο
1579 4762 1593 4775 ·
1620 4743 1676 4797 οἵ
1699 4762 1791 4815 μοι

199 4830 316 4884 τῶν
349 4830 599 4884 παλαιῶν
628 4832 991 4903 προπατόρων
1021 4833 1205 4903 ἀπάτη
1230 4835 1324 4887 καὶ
1362 4836 1673 4906 παράϐασις
1696 4837 1790 4890 καὶ

196 4924 328 4994 δίκη
360 4923 523 4987 tuo;
566 4926 647 4989 εἰς
679 4925 771 4978 τὸν
805 4926 1136 4996 παράδεισον
1179 4927 1438 4997 εῐρπυσεν
1482 4930 1511 4980 ό
1553 4930 1788 5000 πονηρὸς

197 5018 412 5078 ἐκεῖνος
456 5018 551 5070 καὶ
604 5016 818 5079 σκολιὸς
847 5017 1010 5087 δςρις;
1062 5018 1181 5081 πῶς
1227 5018 1446 5072 ἔπεισεν
1483 5020 1538 5087 ί;
1589 5021 1622 5092 ἢ
1668 5022 1786 5087 πῶς

196 5107 415 5161 ἐκεῖθεν
447 5108 611 5178 μέχρι
643 5109 735 5162 τοῦ
777 5108 872 5164 νῦν
908 5110 968 5163 τὸ
990 5110 1188 5183 πικρὸν
1214 5111 1308 5164 τοῦ
1337 5111 1566 5167 θανάτου
1607 5133 1786 5187 παρα-

198 5196 444 5249 τείνεται
486 5199 754 5272 κέντρον;
805 5198 1044 5270 ἔφθασεν
1090 5202 1228 5274 αῦτη
1262 5204 1357 5257 καὶ
1404 5204 1526 5258 καθ’
1569 5207 1727 5277 ἡμῶν
1754 5210 1787 5278 ἡ

199 5289 391 5361 πληγὴ
425 5289 617 5361 βέλους
644 5290 926 5363 ὀξύτερον,
976 5295 1222 5365 σκηπτοῦ
1257 5296 1663 5369 φοϐερώτερον
1696 5302 1789 5353 καὶ

200 5383 382 5435 κεῖται
432 5386 595 5449 παῖς,
657 5382 784 5453 ἄρτι
820 5383 919 5453 τὴν
958 5383 1110 5455 ὥραν
1163 5387 1423 5454 ἀνθοῦσα,
1475 5390 1646 5444 δεινὸν
1696 5395 1790 5447 καὶ

200 5467 531 5538 σκυθρωπὸν
554 5469 855 5541 ὀφθαλμοῖς
879 5471 1151 5545 τεκόντων
1181 5475 1362 5547 θέαμα
1380 5495 1394 5509 ·
1421 5479 1509 5532 ὅτε
1548 5481 1609 5534 τὸ
1629 5482 1789 5546 ἄνθος

198 5559 402 5627 ἐφύετο
443 5563 542 5630 τῆς
576 5560 948 5629 παιδοποιίας,
986 5563 1109 5616 τότε
1151 5565 1287 5621 αὐτὸ
1330 5569 1390 5623 τὸ
1443 5572 1611 5640 φυτὸν
1658 5592 1786 5630 συν-

1976 3448 2079 3506 Ubi
2113 3466 2263 3506 nunc
2287 3448 2463 3505 Elias?
2492 3451 2581 3505 ubi
2627 3450 2900 3507 Elisaeus?
2942 3452 3034 3506 ubi
3060 3452 3274 3519 Petrus,
3295 3453 3497 3508 Paulus

1899 3551 1995 3597 aut
2021 3544 2216 3613 aliquis
2246 3545 2443 3600 similis
2470 3552 2691 3599 sanctus
2716 3553 2771 3599 et
2799 3559 2954 3599 sacer
2974 3543 3172 3599 homo?
3199 3542 3360 3600 Certe
3380 3560 3493 3599 non

1899 3645 2046 3689 esset
2086 3635 2373 3705 epistolam
2407 3634 2650 3689 scribere
2684 3649 2843 3705 opus,
2879 3635 2923 3689 si
2962 3635 3047 3689 vel
3078 3634 3245 3708 pedes
3275 3635 3493 3690 illorum

1898 3727 2131 3797 alicujus
2161 3727 2666 3798 'appreliendercm,
2694 3742 2873 3797 neque
2913 3728 3060 3782 enim
3113 3743 3200 3783 res
3238 3727 3492 3785 manibus

1899 3827 2112 3890 agetur,
2138 3834 2273 3875 sane
2296 3820 2480 3876 omnia
2504 3826 2793 3885 tentarem,
2820 3833 2922 3874 nec
2944 3818 3290 3883 absisterem,
3315 3819 3491 3874 donec

1898 3912 2025 3966 vitae
2054 3912 2362 3966 restitutam
2401 3911 2726 3982 parentibus
2756 3911 2869 3965 suis
2899 3910 3135 3981 puellam
3186 3911 3484 3965 traderent.

1897 4004 1968 4059 At
2045 4020 2194 4060 nunc
2242 4004 2409 4074 quid?
2467 4012 2617 4059 certe
2694 4002 2894 4058 talibus
2953 4003 3487 4073 consanguineorum

1896 4096 2158 4152 aerumnis
2184 4097 2441 4152 exsilium
2476 4105 2728 4151 nostrum
2763 4110 2872 4149 non
2901 4094 3207 4149 alleviatur.
3244 4094 3487 4165 Epistola

1898 4203 2037 4258 opus
2069 4197 2173 4254 est,
2215 4189 2303 4243 hei
2338 4188 2498 4253 mihi,
2531 4202 2634 4257 qua
2663 4188 2870 4242 luctum
2907 4188 3011 4242 mei
3048 4187 3231 4243 fratris
3264 4188 3335 4243 ob
3364 4188 3486 4244 ﬁliae

1898 4290 2182 4330 excessum
2212 4276 2433 4330 leniam.
2461 4276 2598 4330 Cum
2628 4277 2921 4331 liberorum
2950 4291 3075 4346 spes
3115 4286 3282 4343 esset,
3306 4287 3362 4332 et
3389 4293 3485 4333 ac-

1897 4376 2221 4424 cusarentur
2251 4368 2483 4439 nuptiae.
2517 4369 2661 4438 quod
2692 4368 2852 4423 citius
2892 4368 3059 4423 ﬁliam
3104 4377 3334 4423 matrem
3370 4384 3482 4425 non

1898 4460 2274 4525 declararent;
2311 4476 2414 4516 nec
2448 4460 2543 4515 ﬁlii
2583 4460 2724 4516 ﬁlius
2755 4462 2811 4515 in
2853 4476 3078 4516 avorum
3115 4459 3364 4516 manibus
3396 4461 3481 4515 lu-

1895 4556 1997 4621 dit,
2040 4565 2096 4610 et
2143 4555 2533 4621 circnmsaltat,
2593 4553 2905 4624 crepundiis
2967 4554 3252 4609 blandiens
3312 4571 3327 4608 :
3384 4555 3482 4609 sed

1897 4666 2021 4705 cum
2047 4650 2251 4721 majora
2276 4650 2656 4719 sperabantur,
2688 4657 2801 4704 tum
2831 4664 2950 4719 quae
2975 4648 3331 4713 habebamus,
3366 4648 3481 4702 eri-

1898 4743 2211 4813 piebantur.
2270 4740 2367 4797 Hei
2410 4741 2908 4797 vetuslissimormn
2957 4755 3284 4810 proavorum
3326 4738 3481 4793 frau-

1897 4836 2043 4900 dem,
2075 4833 2591 4905 transgressionem,
2626 4849 2845 4902 pmnam
2884 4850 2896 4884 :
2926 4831 3199 4901 quomodo
3226 4830 3283 4883 in
3316 4845 3477 4899 para-

1894 4929 2073 4984 disum
2094 4944 2151 4982 se
2172 4927 2472 4982 insinuavit
2502 4926 2589 4980 ille
2625 4927 2796 4979 malus
2846 4935 3209 4994 etperversus
3229 4923 3480 4993 serpens?

1893 5021 2168 5090 quomodo
2192 5019 2494 5090 persuasit?
2524 5018 2797 5089 quomodo
2820 5016 3016 5073 exinde
3038 5015 3104 5069 ad
3132 5017 3280 5068 hunc
3302 5028 3480 5083 usque

1891 5111 2038 5168 diem
2082 5112 2315 5167 acerbus
2363 5110 2452 5164 ille
2492 5109 2685 5164 mortis
2718 5107 2973 5163 stimulus
3003 5104 3350 5162 extenditur?
3397 5103 3479 5157 Ad

1891 5226 1993 5265 nos
2024 5208 2277 5265 transivit
2307 5206 2406 5259 ista
2443 5204 2619 5275 plaga,
2654 5204 2761 5258 telo
2794 5201 3052 5265 velocior,
3080 5198 3292 5270 fulgure
3318 5197 3480 5253 terri—

1893 5302 2087 5367 bilior;
2126 5300 2199 5355 ita
2224 5309 2283 5352 ut
2308 5298 2487 5367 jaceat
2515 5294 2771 5350 defuncta
2804 5292 2983 5363 puella
3008 5290 3097 5346 vix
3121 5291 3270 5346 hora:
3303 5290 3479 5360 spatio

1893 5394 2261 5457 eﬁloresccns,
2298 5404 2459 5461 grave
2489 5396 2543 5442 et
2572 5385 2933 5441 aversandum
2964 5394 3253 5455 parentum
3302 5382 3478 5437 oculis

1893 5484 2303 5555 spectaculum;
2343 5495 2451 5552 quo
2479 5478 2717 5551 primum
2758 5486 3036 5534 momento
3066 5474 3339 5547 puerperii
3377 5471 3478 5527 llos

1890 5578 2103 5633 exeruit
2132 5592 2213 5644 se,
2234 5574 2427 5633 eodem
2460 5571 2696 5636 exaruit,
2733 5571 2901 5628 etiam
2942 5567 3227 5624 radicitus.
3272 5562 3478 5620 Natura

1499 5740 1736 5802 ἺΑΒΙᾹΞ
1771 5743 2171 5805 LECTlONES.

275 5884 296 5911 ο
333 5871 417 5927 ἴσ.
444 5871 652 5941 δώρων.
772 5872 788 5907 ί
830 5870 953 5937 Πῶς
976 5866 1148 5928 εἶπεν.

529 5968 798 6028 Damon.
830 5969 945 6028 Gn.
984 5967 1118 6029 Cll.

3028 5964 3103 6028 31
