4046 6448
587 381 686 447 971

1721 376 1984 438 PHOTII
2017 377 2523 441 PATRIARCHIE
2563 381 2673 442 CP.

3745 383 3861 447 972

579 498 770 559 parata
801 493 885 538 est
912 484 978 538 ad
1009 483 1492 556 germinationem,
1523 489 1578 538 et
1606 481 1712 537 falx
1744 484 2030 540 mortifera
2078 485 2157 542 vi-

2263 489 2674 562 απεμαραίνετο
2707 491 2828 554 ταῖς
2857 491 3038 562 ῥίζαις
3058 507 3072 522 ·
3105 493 3138 565 ή
3193 493 3358 563 φύσις
3406 494 3542 564 πρὸς
3599 495 3860 564 βλάστην

576 577 826 633 secribus
857 576 1018 631 altius
1048 576 1288 630 immissa
1320 576 1445 631 vita:
1481 575 1646 630 vitam
1678 574 2160 644 demessuit.,Qu:e

572 667 884 724 suffectura:
937 667 1064 721 huic
1123 665 1273 720 casui
1306 665 1589 736 lacrymze?
1642 663 1850 729 luctus,
1892 666 2155 732 lamenta,

573 759 811 831 gemitus
853 759 1066 829 qualis?
1111 773 1173 813 os
1213 758 1371 829 longo
1392 757 1501 826 [illo
1535 766 1591 811 et
1633 756 1892 828 fugiendo
1940 757 2158 813 silentio

573 850 884 914 obturalur,
933 848 1264 903 clauduntur
1313 845 1488 913 labia,
1532 862 1644 902 non
1693 847 2012 918 gravitatem
2059 847 2157 902 de-

571 941 954 1004 monstrantia,
985 955 1099 996 non
1126 954 1308 996 mores
1339 940 1676 1010 compositos
1720 937 2032 1004 referentia,
2062 937 2159 994 sed

572 1033 642 1088 ad
675 1025 1088 1087 dissolutionem
1125 1031 1382 1086 conclusa
1422 1048 1436 1084 :
1473 1039 1530 1084 at
1561 1028 1733 1100 quid?
1775 1027 1960 1098 oculij,
2001 1029 2110 1082 heu
2135 1066 2152 1091 ,

572 1123 753 1193 passio
785 1124 902 1178 haec
931 1122 1210 1178 silentium
1237 1130 1489 1192 superat,
1515 1137 1622 1178 nec
1645 1122 1886 1177 admittit
1914 1123 2160 1177 consola-

572 1216 815 1280 tioncm',
878 1214 1022 1270 oculi
1082 1213 1376 1285 (quomodo
1431 1214 1483 1268 id
1514 1211 1900 1283 exprimam?)
1938 1227 2156 1267 omnem

571 1307 796 1363 vitalem
844 1306 1110 1376 liquorem
1152 1315 1501 1369 cvacuantes,
1541 1305 1802 1373 reliquias
1854 1304 2156 1358 immittunt

573 1400 629 1452 in
663 1399 822 1460 cilia;
857 1399 1026 1452 malas
1058 1413 1156 1466 pro
1190 1397 1499 1451 rubicunda
1529 1396 1768 1450 tinctura
1803 1396 2035 1450 naturali
2070 1404 2156 1448 te-

572 1490 840 1544 nebrosus
870 1496 925 1542 et
952 1488 1202 1544 mortifer
1237 1488 1451 1558 iuungit
1491 1488 1659 1552 color,
1709 1486 1898 1541 forma:
1937 1501 2154 1541 omnem

573 1580 881 1650 exspolians
923 1589 1286 1634 venustatem.
1319 1578 1514 1633 Vultus
1543 1579 1776 1647 denique
1810 1588 1955 1632 totus
2002 1585 2060 1630 ut
2099 1576 2154 1630 in

574 1668 667 1723 tali
709 1683 859 1734 casu,
905 1667 1277 1738 spectaculum
1321 1667 1664 1722 intuentibus
1708 1667 2010 1721 timendum
2056 1681 2153 1720 ex-

571 1757 726 1814 hibet
770 1766 825 1812 et
875 1759 1144 1812 terribile.
1185 1757 1318 1822 Qua:
1355 1758 1472 1812 haec
1505 1756 1744 1811 invidia?
1787 1772 1907 1826 qum
1952 1755 2148 1824 injuria

2267 579 2534 650 εἱστήκει,
2577 580 2757 634 καὶτὸ
2786 581 2880 634 τοῦ
2913 580 3147 635 θανάτου
3166 581 3446 653 ’δρέπανον
3466 583 3859 653 ὲμὸαθυνόμε-

2266 687 2356 723 νον
2391 671 2506 731 τοῖς
2533 669 2890 741 σπλάγχνοις,
2920 672 3014 725 καὶ
3049 672 3222 744 αὐτὴν
3255 672 3400 744 ζωὴν
3428 672 3716 744 ὲξεθέριζε
3757 672 3856 726 τοῦ

2266 761 2406 831 βίου.
2435 763 2596 815 Ποῖον
2631 762 2868 832 δάκρυον
2892 762 3115 834 ἀρκέσει
3140 763 3220 834 τῷ
3255 763 3419 818 πάθει
3441 781 3457 830 ;
3483 763 3568 827 τίς
3615 779 3855 831 nam?

2269 854 2404 924 μός;
2465 854 2700 925 ὀδυρμὸς
2739 854 2797 908 δὲ
2839 859 3034 920 ποῖος;
3093 856 3222 926 σιγᾷ
3266 855 3444 926 στόμα
3478 855 3582 926 τὴν
3622 855 3853 925 μακρὰν

2265 944 2482 1015 ἐκείνην
2507 946 2604 998 καὶ
2632 944 2874 1016 φευκτὴν
2904 945 3133 1015 σιωπὴν,
3160 945 3258 1000 καὶ
3285 945 3441 1015 χείλη
3470 945 3753 1015 μέμυκεν,
3789 944 3850 996 ού

2265 1036 2572 1106 σεμνότητα
2609 1035 2964 1107 διηγούμενα,
3014 1037 3136 1090 οὐδὲ
3164 1037 3226 1089 τὸ
3266 1036 3361 1090 τοῦ
3395 1036 3562 1107 ἤθους
3615 1037 3852 1104 κόσμιον

2264 1126 2700 1195 ἀπαγγέλλοντα,
2725 1126 2862 1196 πρὸς
2889 1127 2946 1180 δὲ
2979 1126 3136 1181 λύσιν
3163 1127 3598 1197 συστελλόμενα·
3641 1126 3852 1194 ὀφθαλ-

2267 1217 2360 1290 μο)⁸
2398 1217 2455 1271 δὲ
2491 1219 2579 1285 τί;
2650 1218 2753 1288 φεῦ
2805 1219 3013 1282 πάθους
3071 1220 3164 1272 καὶ
3221 1218 3378 1288 σιγὴν
3433 1217 3705 1279 νικῶντος
3757 1217 3850 1269 καὶΙ

2262 1309 2436 1377 λόγων
2453 1309 2554 1363 οὐκ
2590 1310 2947 1380 άνεχομένουί
2974 1309 3241 1381 ὀφθαλμοὶ
3272 1309 3408 1379 (πῶς
3439 1308 3637 1380 stum);
3665 1310 3850 1361 πᾶσαν

2263 1401 2504 1472 ζωτικὴν
2534 1401 2728 1456 λιϐάδα
2763 1401 3119 1467 κενώσαντες,
3150 1406 3371 1473 νεκραῖς
3397 1405 3516 1465 ταῖς
3548 1400 3847 1470 βλεφαρίσι

2263 1491 2331 1543 τὰ
2361 1490 2589 1560 λείψανα
2623 1490 3064 1560 περιστέλλουσι·
3091 1492 3188 1554 τὰς
3216 1489 3447 1561 παρειὰς
3483 1491 3609 1542 ἀντὶ
3641 1489 3844 1558 ἐρυθή-

2265 1599 2457 1651 ματος,
2503 1584 2598 1634 καὶ
2649 1581 2825 1652 βαφῆς
2876 1583 3119 1653 ἐμφύτου
3168 1583 3442 1634 σκοτεινὸν
3494 1583 3586 1634 καὶ
3648 1580 3844 1649 νεκρὸν

2264 1673 2550 1740 ύπαλείφει
2577 1673 2799 1744 χρῶμα,
2840 1674 3054 1744 μορφῆς
3099 1672 3318 1743 ἀπάσης
3364 1670 3691 1740 ἐξαφανίζον
3757 1669 3842 1720 εύ-

2262 1760 2569 1832 πρέπειαν·
2625 1762 2687 1814 τὸ
2753 1761 3044 1831 πρόσωπον
3099 1761 3247 1824 ὅλον,
3302 1760 3378 1823 ὡς
3432 1763 3495 1812 ὲκ
3552 1757 3839 1818 τοιούτων,

573 1849 842 1919 ejusmodi
878 1851 930 1902 in
966 1863 1067 1903 nos
1097 1856 1424 1917 contorquet
1455 1848 1594 1902 tela?
1624 1847 1715 1902 ubi
1745 1847 1956 1902 transiit
1986 1848 2157 1902 luctus

2265 1853 2497 1924 φρικτὴν
2516 1855 2611 1908 καὶ
2641 1853 2881 1924 φοϐεράν
2905 1858 3018 1917 τοῖς
3035 1854 3200 1924 ὁρῶσι
3226 1853 3323 1924 τὴν
3354 1853 3482 1906 θέαν
3512 1851 3840 1921 παρέχεται.

571 1954 742 2004 unus,
775 1939 1086 2007 insequitur
1112 1938 1252 1992 alter
1283 1937 1697 2004 vehementior;
1737 1938 1827 1992 ille
1864 1938 2155 1992 laetantem

578 2030 846 2084 infantem
883 2029 1188 2098 occupa-vit,
1224 2029 1312 2083 hic
1341 2042 1570 2083 matrem
1600 2045 1721 2084 mox
1754 2029 2014 2094 futuram,
2045 2029 2152 2084 nisi

574 2121 934 2190 praevenisset
971 2121 1112 2174 mala
1139 2135 1307 2174 mors.
1348 2118 1628 2174 Undenam
1657 2129 1738 2174 tot
1767 2128 1823 2174 et
1853 2129 2016 2175 tanta:
2050 2121 2160 2190 pla-

575 2212 691 2280 gae?
718 2212 787 2266 ab
819 2210 1131 2266 hominibus
1166 2211 1356 2280 plagae,
1389 2211 1457 2264 ab
1479 2210 1712 2266 occultis
1757 2211 2014 2276 inimicis,
2055 2227 2160 2265 uu-

578 2304 744 2372 dique
773 2301 1187 2358 circumsistunt
1219 2301 1381 2368 mala,
1412 2301 1705 2356 mittuntur
1745 2302 1800 2355 in
1827 2317 1926 2356 nos
1949 2302 2156 2372 jacula,

576 2397 634 2450 in
673 2396 912 2462 liberos;
961 2393 1235 2464 tragaadiis
1274 2408 1440 2449 scena
1475 2394 1658 2456 ﬁmus,
1694 2393 1918 2447 chorum
1961 2394 2017 2446 in
2059 2409 2159 2447 nos

579 2488 782 2542 saltant
799 2488 1015 2554 luctus,
1044 2486 1216 2551 dolor,
1241 2485 1480 2549 tristitia,
1507 2485 1687 2540 vultus
1707 2485 1960 2554 dejectio,
1983 2485 2161 2541 omnis

574 2583 735 2651 plane
760 2580 1024 2634 malorum
1064 2577 1298 2649 Eryunis
1347 2597 1360 2632 :
1408 2578 1629 2641 Clotho,
1669 2578 1855 2632 nescio
1900 2593 2055 2646 quae,
2102 2587 2161 2632 ut

576 2674 812 2737 videtur,
857 2673 1088 2728 chorum
1136 2671 1191 2725 in
1243 2685 1345 2726 nos
1382 2671 1552 2732 ducit.
1602 2670 1756 2726 fusus
1806 2680 1862 2725 et
1918 2670 2162 2726 infelices

576 2765 721 2821 illius
760 2763 922 2836 glomi
949 2763 1118 2818 vitam
1146 2771 1385 2817 nostram
1418 2763 1633 2817 actibus
1660 2762 1968 2828 innectunt,
1993 2771 2049 2818 et
2071 2778 2158 2817 ar-

575 2862 835 2926 gumenta
898 2853 1212 2908 ministrant
1250 2853 1577 2924 tragicorum
1622 2852 1909 2908 modorum
1949 2853 2159 2908 acerbis

576 2945 882 3001 choreutis.
931 2944 1037 3000 Sed
1068 2944 1198 3016 quid
1232 2945 1367 2998 mihi
1408 2943 1643 3000 accidit?
1680 2961 1789 3015 quo
1830 2960 1931 3016 ego
1973 2945 2160 3000 feror?

576 3044 671 3113 qui
705 3043 1050 3098 institueram
1071 3041 1500 3097 consolationem
1533 3041 1796 3108 scribere,
1827 3041 2016 3097 nescio
2049 3057 2159 3111 quo

2263 1945 2358 2008 Τίς
2395 1944 2702 2015 βασκανίας
2733 1946 2816 2009 τίς
2845 1947 3076 2016 ὲπήρεια
3100 1945 3322 1998 τοιαῦτα
3345 1944 3463 1997 καθ’
3486 1944 3644 2014 ἡμῶν
3671 1945 3837 1993 ἀκον-

2261 2035 2399 2100 τίζει
2430 2035 2498 2088 τά
2551 2035 2712 2106 βέλη;
2743 2034 2896 2088 οὔπω
2932 2032 3176 2104 παρῆλθε
3205 2034 3268 2085 τὸ
3317 2033 3583 2104 πρότερον
3618 2029 3835 2090 πένθος.

2263 2128 2360 2179 καὶ
2416 2125 2580 2178 πάλιν
2624 2125 2810 2195 ἕτερον
2864 2125 3100 2177 ἐπέπεσε
3154 2122 3356 2193 μεῖζον.
3415 2120 3489 2172 Th
3539 2119 3640 2190 μὲν
3690 2113 3839 2186 εἶχεν

2264 2217 2488 2288 ὑπομάζ
2496 2235 2572 2271 ιον
2597 2217 2760 2270 παῖδα
2781 2231 2796 2248 ·
2824 2216 2982 2269 τοῦτο
3004 2216 3059 2268 δὲ
3086 2216 3180 2268 καὶ
3206 2214 3416 2284 μητέρα
3434 2213 3523 2264 ἐπὶ
3549 2212 3618 2264 ἂν
3643 2209 3839 2264 θᾶττον

2261 2311 2320 2364 τὸ
2345 2313 2515 2364 κακὸν
2538 2311 2766 2381 ἐπέστη.
2813 2309 2986 2362 Πόθεν
3017 2309 3072 2361 αἱ
3097 2306 3421 2377 τηλικαῦται
3453 2305 3543 2356 καὶ
3570 2301 3838 2355 τοσαῦται

2261 2403 2501 2473 πληγαί;
2534 2403 2742 2474 πληγαὶ
2784 2401 2844 2466 ἐξ
2872 2399 3206 2472 ἀνθρώπων·
3245 2397 3452 2469 πληγαὶ
3505 2395 3566 2460 ἐξ
3622 2395 3835 2464 ἀδήλων

2263 2498 2604 2567 μηνιμάτων.
2653 2493 2999 2565 Πανταχόθεν
3027 2494 3226 2564 ἕστηκε
3256 2493 3323 2546 τὰ
3361 2491 3508 2544 δεινά
3530 2503 3544 2517 ·
3577 2488 3649 2541 τά
3703 2486 3833 2556 βέλη

2263 2589 2492 2658 φέρεται
2537 2589 2619 2651 είς
2665 2587 2814 2657 ἡμᾶς
2865 2585 3093 2648 αὐτοὺς,
3142 2585 3222 2646 είς
3269 2581 3485 2645 παῖδας.
3520 2578 3838 2647 Γεγόναμεν

2263 2679 2435 2750 σκηνὴ
2466 2677 2798 2749 τραγῳδίας,
2838 2675 2934 2730 καὶ
2981 2674 3298 2746 χορεύουσιν
3343 2673 3402 2726 ὲν
3447 2673 3584 2742 ἡμῖν
3637 2668 3837 2739 θρῆνος

2263 2771 2361 2828 καὶ
2391 2770 2586 2833 πένθος
2607 2769 2700 2822 καὶ
2726 2767 2870 2838 λύπη
2905 2767 3000 2820 καὶ
3021 2769 3317 2835 κατήφεια,
3347 2764 3442 2816 καὶ
3463 2763 3616 2816 πᾶσα
3650 2762 3838 2814 κακῶν

2262 2862 2509 2936 ὲριννύς·
2566 2862 2788 2930 συνάγει
2819 2861 2864 2914 δ’
2897 2861 3028 2932 ἄρα,
3080 2859 3156 2921 ὡς
3197 2857 3366 2923 ἔοικε,
3403 2855 3497 2908 τὸν
3523 2853 3651 2908 καθ’
3677 2851 3836 2922 ἡμῶν

2265 2955 2424 3028 χορὸν
2479 2955 2684 3008 Κλωθώ
2713 2971 2798 3017 τις
2833 2953 2930 3006 καὶ
2959 2953 3221 3022 ἄτρακτοι
3252 2961 3300 3014 ιι,
3332 2947 3426 3002 καὶ
3480 2946 3548 3001 τά
3596 2946 3834 3015 δυστυχῆ

2259 3046 2465 3116 ταύτης
2491 3048 2730 3118 νήματα,
2777 3045 2869 3099 τόν
2901 3062 2961 3098 τε
2991 3045 3262 3114 ἡμέτερον
3293 3041 3405 3112 βίον
3439 3043 3550 3103 τοῖς
3591 3039 3836 3111 δράμασι

575 3143 756 3206 pacto,
797 3134 945 3188 luctu
986 3147 1094 3187 una
1122 3132 1404 3202 abreptus,
1441 3147 1564 3186 cum
1602 3147 1714 3186 non
1752 3133 1958 3187 valeret
1995 3132 2152 3197 ratio,

2263 3137 2652 3201 διαπλέκουσα,
2709 3135 2802 3188 καὶ
2845 3132 3159 3204 χορηγοῦσα
3220 3131 3319 3194 τὰς
3373 3130 3670 3193 ὑποθέσεις
3733 3130 3835 3182 τῶν

577 3235 769 3282 contra
813 3240 1034 3280 cursum
1079 3223 1207 3278 mali
1279 3224 1334 3278 in
1387 3223 1723 3277 contrarium
1775 3223 1998 3289 obnixi,
2050 3239 2157 3292 quo

577 3319 781 3374 nollem
809 3317 1020 3374 delatus
1050 3331 1192 3383 sum;
1223 3324 1279 3369 et
1309 3314 1482 3369 solatii
1511 3330 1818 3370 sermonem
1843 3330 2160 3379 exorsurus,

576 3413 646 3468 ad
685 3412 949 3482 lacrymas
979 3407 1349 3480 plangentium
1385 3405 1714 3476 abripiebar.
1763 3405 1869 3460 Sed
1918 3415 2162 3460 revertar

577 3503 646 3557 ad
686 3501 988 3570 mcipsum;
1047 3514 1149 3553 nec
1206 3497 1456 3553 mmroris
1501 3495 1772 3568 profundo
1817 3496 2106 3566 immergar
2143 3513 2157 3552 :

577 3593 781 3649 multos
814 3593 967 3647 dolor
1032 3590 1438 3661 pessumdedit,
1485 3605 1597 3645 non
1637 3587 1798 3644 modo
1837 3604 2034 3660 corpus
2069 3589 2163 3644 de-

576 3695 818 3750 atruens,
865 3683 959 3738 sed
1003 3680 1275 3735 lethaliter
1330 3679 1502 3750 ipsam
1560 3679 1795 3735 animam
1843 3679 2157 3733 vubierans.

574 3775 837 3831 Hostibus
884 3789 954 3828 ne
1008 3771 1410 3844 gratiﬁcemur;
1449 3770 1690 3825 oblectat
1737 3771 1924 3825 hostes
1973 3778 2160 3824 nostra

575 3868 812 3938 dejectio
868 3865 1085 3934 injuriis
1132 3862 1492 3928 aﬂcetorum;
1546 3877 1616 3916 ne
1654 3863 2056 3917 committamus
2103 3861 2158 3914 in

579 3971 807 4030 paterna
835 3954 1170 4013 fortitudinis
1197 3954 1494 4008 certamina
1526 3971 1538 4006 :
1572 3953 1824 4007 viderunt
1854 3954 1932 4008 illi
1961 3953 2160 4008 libero-

579 4067 704 4106 rum
731 4059 954 4114 mortes,
979 4058 1184 4102 mortes
1202 4061 1310 4100 non
1335 4043 1602 4114 ejusmodi
1626 4052 1825 4098 nostra:
1847 4054 1994 4110 sunt,
2017 4045 2161 4100 Deus

582 4141 823 4198 avertat!
858 4139 1062 4195 llorum
1095 4138 1274 4209 proles
1299 4135 1458 4207 ignis,
1481 4150 1641 4205 aqua,
1669 4135 1818 4190 lacus
1839 4135 2156 4201 diviserunt;

577 4234 828 4291 exsilium
862 4231 1271 4287 acerbissimum
1327 4237 1384 4282 et
1427 4225 1824 4282 intolerandum
1895 4227 2156 4293 incubuit;

579 4323 835 4378 omnibus
880 4321 1072 4376 amicis
1101 4331 1157 4375 et
1202 4318 1456 4373 amnibus
1496 4318 1741 4372 destituti
1789 4328 1966 4374 erant.
2013 4318 2160 4373 Nihil

580 4415 819 4484 denique
870 4429 979 4468 non
1027 4413 1412 4476 auferebatur,
1457 4409 1601 4479 quod
1653 4409 1924 4464 tantillum
1981 4411 2156 4465 solatii

579 4507 777 4563 ali'erre
815 4515 1030 4576 posset;
1060 4515 1115 4558 et
1153 4513 1332 4559 tamen
1365 4502 1567 4574 gratias
1611 4512 1837 4574 agentes
1864 4503 2057 4569 tulere,
2098 4513 2229 4592 et”

583 4611 764 4654 tamen
803 4613 1098 4667 supernum
1149 4611 1352 4650 numen
1399 4595 1840 4661 venerabantur;
1873 4597 2018 4664 quod
2065 4611 2153 4650 res

583 4689 867 4752 humanas,
907 4687 1046 4740 ultra
1075 4687 1356 4740 hominum
1403 4684 1762 4754 cegitationes
1803 4688 2152 4756 gubernaret.

572 4779 910 4849 Cogitemus,
937 4777 1025 4847 qui
1050 4793 1272 4832 sumus:
1304 4777 1445 4832 unde
1474 4777 1602 4842 orti,
1636 4792 1746 4831 non
1773 4793 1803 4832 e
1835 4779 2153 4833 mortalibus

579 4869 882 4925 mortales?
915 4885 1096 4922 nonne
1135 4884 1165 4922 c
1213 4883 1321 4922 non
1360 4868 1767 4932 exsislcntibus,
1812 4884 1934 4923 mox
1983 4869 2152 4923 futuri

579 4960 680 5030 ipsi
715 4961 857 5030 quod
889 4977 995 5014 non
1032 4964 1259 5014 sumus?
1296 4960 1384 5014 ubi
1421 4959 1618 5030 pater?
1667 4961 1757 5014 ubi
1789 4977 1908 5016 mea
1939 4962 2152 5017 mater?

579 5067 763 5106 annon
819 5063 1104 5120 postquam
1139 5052 1435 5122 pauxillum
1471 5052 1524 5105 in
1556 5052 1657 5107 hac
1686 5053 1808 5107 vita:
1848 5070 2008 5108 scena
2042 5055 2153 5110 col—

580 5128 846 5207 luserant,
881 5143 982 5196 nisi
1015 5144 1156 5212 quod
1193 5153 1485 5213 martyrum
1541 5145 1661 5198 illos
1705 5160 1904 5200 corona
1953 5159 2007 5201 et
2059 5166 2151 5217 pa-

579 5233 784 5288 tientiae
829 5235 1238 5300 colioncstabat,
1283 5237 1605 5304 quantmius
1641 5237 1855 5292 theatro
1897 5257 2149 5294 excesse-

579 5325 744 5380 runt?
771 5325 940 5395 [leges
967 5337 1146 5380 autem
1179 5336 1229 5380 et
1271 5336 1313 5397 ι.)
1329 5327 1502 5391 ranni,
1525 5329 1832 5398 supercilio,
1854 5340 1907 5383 et
1941 5341 2150 5386 tumore

579 5417 952 5482 immortales,
1003 5434 1183 5471 annon
1244 5434 1364 5471 cum
1420 5419 1534 5472 suis
1578 5421 1939 5488 potestatibus
1978 5433 2151 5478 morte

577 5511 846 5569 Submersi
896 5512 1062 5566 sunt?
1101 5511 1298 5565 Natura
1343 5513 1521 5566 omnis
1568 5512 1804 5567 humana
1875 5526 2151 5586 utcunque

2262 3231 2537 3305 τραγικῶν
2569 3229 2829 3301 ᾀσμάτων
2875 3228 2988 3289 τοῖς
3042 3226 3257 3294 πικροῖς
3300 3224 3611 3294 χορευταῖς.
3681 3220 3838 3274 Ἀλλά

2260 3324 2316 3378 τί
2350 3321 2585 3387 ἐπαθον;
2615 3321 2705 3372 ποῖ
2736 3317 3005 3387 φέρομαι;
3039 3315 3271 3383 γράφειν
3319 3312 3631 3383 ἀρξάμενος
3659 3328 3838 3380 παρα-

2267 3413 2477 3486 μύθιον,
2503 3411 2663 3475 αὐτὸς
2683 3451 2698 3475 ,
2742 3411 2841 3464 ούκ
2873 3405 2969 3462 οἷδ’
2999 3408 3167 3473 ὅπως,
3213 3406 3290 3477 τῷ
3317 3405 3505 3459 πένθει
3558 3421 3839 3474 συναρπα.

2263 3506 2435 3568 σθεὶς,
2491 3505 2591 3556 οὑκ
2648 3503 3010 3570 ἀντισχόντων
3066 3500 3176 3552 τῶν
3230 3497 3508 3567 λογισμῶν
3560 3496 3706 3567 πρὸς
3744 3497 3836 3566 τὴν

2263 3597 2436 3668 φορὰν
2461 3594 2556 3648 τοῦ
2585 3593 2782 3659 δεινοῦ,
2805 3593 2884 3654 είς
2909 3590 3238 3656 τούναντίον,
3261 3584 3335 3643 ὧν
3363 3589 3660 3651 ἐσκόπουν,
3697 3605 3835 3658 παρ-

2261 3689 2499 3758 εσύρην·
2554 3687 2650 3739 καὶ
2700 3685 3030 3756 παραψυχῆς
3073 3680 3471 3752 ,είσηγούμενος
3537 3680 3728 3748 λόγον,
3763 3683 3836 3742 είς

2261 3778 2332 3832 τά
2355 3778 2465 3830 τῶν
2493 3776 2834 3846 ὀδυρομένων
2864 3771 3180 3842 ἀπηνέχθην
3209 3772 3438 3840 δάκρυα.
3479 3771 3646 3824 Ἀλλά
3671 3770 3837 3840 γενώο

2264 3865 2402 3937 μεθα
2435 3865 2594 3936 ἡμῶν
2624 3865 2822 3929 αὐτῶν,
2859 3865 2993 3934 μηδὲ
3019 3862 3092 3932 τῷ
3125 3862 3270 3932 βυθῷ
3295 3863 3393 3930 τῆς
3425 3860 3609 3933 λύπης
3640 3863 3836 3930 βαπτι-

2261 3957 2486 4028 ζώμεθα
2513 3976 2524 3986 ·
2563 3956 2791 4018 πολλοὺς
2844 3955 3090 4009 ἀπώλεσε
3146 3953 3313 4023 λύπη,
3359 3954 3420 4005 οὐ
3459 3952 3622 4022 σῶμα
3677 3952 3836 4022 μόνον

2263 4048 2652 4118 διαφθείρασα,
2687 4045 2824 4100 ἀλλά
2850 4047 2941 4098 καὶ
2969 4045 3150 4114 ψυχῆς
3180 4046 3348 4113 αὐτῆς
3377 4043 3745 4114 λυμηναμένη
3773 4042 3836 4095 τὰ

2261 4142 2469 4209 καίρια.
2517 4139 2669 4210 Μηδὲ
2699 4142 2809 4200 τοῖς
2857 4139 3070 4209 ἐχθροῖς
3119 4135 3507 4209 χαριζώμεθα·
3551 4137 3700 4206 μέγα
3732 4136 3836 4204 γὰρ

2263 4234 2479 4304 ὲχθροις
2520 4233 2598 4296 είς
2633 4232 2920 4301 θυμηδίαν,
2948 4231 2981 4299 ἠ
3009 4229 3285 4298 κατήφεια
3307 4227 3414 4279 τῶν
3453 4225 3835 4296 ἐπηρεαζομέ-

2261 4343 2367 4379 νων
2389 4341 2400 4352 ·
2421 4325 2564 4394 μηδ’
2589 4325 2668 4386 εἰς
2691 4323 2814 4383 τοὺς
2848 4321 3146 4391 πατρικοὺς
3168 4320 3266 4388 τῆς
3288 4316 3588 4389 καρτερίας
3619 4315 3836 4384 ἐξυϐρί-

2263 4416 2443 4487 ζωμεν
2466 4415 2681 4478 ἄθλους.
2715 4411 2870 4468 Εἶδον
2920 4414 3119 4465 ἐκεῖνοι
3154 4410 3418 4472 θανάτους
3459 4409 3677 4462 παίδων
3699 4423 3712 4435 ·
3750 4409 3838 4460 θα-

2262 4507 2477 4570 νάτους,
2512 4506 2610 4576 ούχ
2635 4499 2736 4558 οἷοι
2769 4505 2897 4574 παρ’
2929 4506 3083 4574 ἡμῖν,
3143 4502 3278 4572 μηδὲ
3332 4501 3545 4570 γένοιτο
3572 4518 3576 4520 ·
3632 4499 3837 4551 τούτων

2259 4599 2329 4653 τά
2359 4598 2577 4666 ἔκγονα,
2612 4597 2722 4668 πῦρ
2751 4599 2845 4650 καί
2872 4596 3020 4667 ,ὕδωρ
3055 4593 3148 4648 καὶ
3173 4594 3374 4655 λάκκος
3405 4590 3724 4662 ἐμερίζετο,
3750 4591 3836 4644 καὶ

2259 4693 2378 4745 τότε
2408 4693 2609 4763 πικρᾶς
2637 4691 2732 4744 καὶ
2778 4689 3002 4759 βαρείας
3021 4688 3116 4757 τῆς
3136 4685 3432 4755 ὑπερορίας
3449 4683 3832 4753 ἐπικειμένης,

2258 4780 2350 4834 καὶ
2382 4781 2562 4849 πάσης
2589 4779 2825 4850 ἐρημίας
2855 4777 3023 4846 φίλων
3068 4775 3343 4843 συγγενῶν
3382 4774 3834 4843 περιεστηκυίας,

2259 4873 2352 4926 καὶ
2379 4873 2597 4927 πάντων
2634 4870 2822 4933 ἁπλῶς
2851 4871 2952 4922 ὅσα
2997 4865 3357 4938 ψυχαγωγίαν
3392 4864 3516 4917 τινα
3549 4865 3713 4934 φέρει
3749 4881 3838 4914 πε-

2263 4963 2630 5034 ριῃρημένων·
2663 4961 2776 5014 ἀλλ’
2795 4959 3132 5030 εὐχαρίστως
3149 4957 3407 5027 ἤνεγκαν·
3439 4954 3555 5006 ἀλλ’
3577 4953 3836 5018 ἐδόξασαν

2259 5056 2349 5108 τὸν
2405 5058 2737 5125 κρεῖττοναν
2785 5052 2818 5119 ἢ
2865 5051 3005 5102 κατά
3058 5049 3353 5116 λογισμοὺς
3409 5045 3722 5116 ἀνθρώπων
3772 5046 3840 5098 τὰ

2259 5149 2578 5218 ἀνθρώπινα
2602 5145 3064 5212 διακυϐερνώντα.
3091 5142 3274 5210 Ἰἐννοή
3287 5157 3466 5209 σωμεν
3484 5139 3627 5201 τίνες
3644 5139 3835 5208 ἐσμὲν,

2260 5240 2424 5292 πόθεν
2463 5238 2802 5305 γεγόναμεν’
2851 5234 2951 5285 οὐκ
2995 5235 3057 5284 ἐκ
3102 5231 3311 5300 θνητῶν
3341 5229 3565 5296 θνητοί;
3619 5228 3745 5296 οὐχὶ
3780 5227 3839 5291 ἐξ

2257 5333 2356 5384 οὐκ
2383 5330 2549 5382 ὄντων
2582 5330 2699 5398 μετ’
2728 5327 2904 5394 ὀλίγον
2929 5327 3027 5376 οὐκ
3060 5322 3334 5392 saepe/ct;
3364 5320 3467 5371 ποῦ
3498 5338 3588 5389 μοι
3613 5322 3834 5387 πατήρ;

2260 5421 2361 5473 ποῦ
2396 5421 2450 5472 δέ
2506 5436 2594 5488 μοι
2635 5418 2853 5488 μήτηρ;
2905 5413 3026 5483 οὐχὶ
3059 5410 3230 5482 μικρά
3289 5407 3366 5477 τῷ
3407 5406 3506 5476 βίῳ
3559 5405 3836 5474 προσπαί-

2262 5515 2449 5580 ξαντες
2472 5552 2486 5578 ,
2518 5511 2658 5581 πλὴν
2689 5511 2788 5564 ὅσα
2839 5503 3173 5579 μαρτυρικδς
3201 5501 3401 5564 αὐτοὺς
3434 5499 3532 5552 καὶ
3564 5497 3668 5567 τῆς
3699 5496 3836 5550 ὑπο-

1835 5667 2092 5735 ,ῩΑΒΙᾹΞ
2145 5669 2550 5729 LECTIONES.

648 5825 681 5856 ⁸
718 5814 1000 5888 ’Δτροπός.
1071 5824 1099 5856 τ
1129 5813 1214 5869 ῑσ.
1241 5812 1335 5907 τὸν
1369 5811 1526 5878 Θεὸν,
1561 5815 1832 5883 κρεῖττον.
