4080 6406
262 404 371 473 9Ὶ3

1388 392 1925 460 EPISTOLARUM
1944 392 2197 453 LIBER
2237 394 2354 453 III.

3414 393 3521 456 974

263 520 436 594 μονῆς
451 514 731 586 διεκόσμει
760 511 1046 582 στέφανος,
1064 509 1255 565 θᾶττον
1271 509 1519 574 λιπόντες
1537 510 1597 563 τὸ
1616 508 1840 579 θέατρον

1956 504 2187 575 potentia
2220 502 2452 565 fruatur,
2487 501 2612 555 licet
2647 499 2865 572 privati,
2903 516 3083 570 senes,
3111 503 3361 573 juvenes,
3395 507 3521 573 viri,

263 611 505 682 ᾧχοντο;
538 607 602 660 Ol
629 605 685 658 δὲ
720 602 959 674 βασιλεῖς
980 600 1092 655 ’καὶ
1127 599 1402 672 τύραννοι,
1452 598 1503 651 οἱ
1534 597 1612 668 τῷ
1663 596 1839 669 φρυά.

263 719 436 773 γματι
464 701 559 753 καὶ
586 698 710 759 ταῖς
759 693 988 765 ὀφρύσιν
1018 693 1300 755 ἀθάνατοι,
1346 691 1466 761 οὐχὶ
1497 688 1576 760 τῷ
1624 689 1840 758 Θανάτῳ

263 793 609 855 δυναστείαις
635 791 827 852 αὐταῖς
849 786 1206 840 καταδύονται
1229 782 1247 851 ;⁷
1264 785 1421 837 Πᾶσα
1441 782 1603 853 φύσις
1628 780 1843 850 ἀνθρώ-

267 903 408 954 πων,
431 884 534 938 κᾶν
552 879 942 957 ἐξουσιάζουσα
968 870 1025 951 ᾖ,
1041 874 1145 930 κᾶν
1167 876 1395 939 ἰδιῶτις,
1412 873 1515 928 κᾶν
1544 873 1841 944 γερόντων,

267 978 374 1035 κᾶν
408 979 566 1043 νέων,
590 960 703 1029 ’κάν
732 970 963 1041 ἀνδρῶν,
996 968 1102 1023 κᾶν
1125 967 1423 1037 γυναικῶν,
1454 965 1671 1036 θανάτῳ
1701 964 1844 1019 πάν-

267 1089 379 1136 τως
404 1071 665 1141 τέμνεται
689 1064 782 1119 τοῦ
818 1064 934 1135 βίου
954 1080 968 1093 ο
1004 1061 1100 1116 καὶ
1123 1060 1275 1114 οὐδὲν
1301 1060 1362 1113 οὐ
1398 1057 1474 1130 μὴ
1504 1057 1744 1129 διαφύγῃ
1780 1056 1842 1111 τὸ

267 1163 482 1218 ἐκείνου
531 1160 832 1232 δρέπανον·
867 1156 1021 1209 οὐδὲν
1073 1152 1283 1220 καινὸν,
1331 1151 1454 1205 οὐδὲ
1504 1148 1843 1221 παράδοξον,

267 1256 393 1309 οὐδὲ
456 1254 558 1324 τῆς
617 1251 833 1322 φύσεως
906 1247 1221 1317 ὑπέστημεν
1301 1244 1611 1315 ὑπερόριον.
1662 1241 1842 1312 Θνητὴ

269 1343 640 1416 προελήλυθεν
672 1344 736 1395 ἐκ
780 1339 1102 1408 σπλάγχνων
1149 1335 1357 1408 θνητῶν
1412 1335 1509 1389 καὶ
1534 1334 1614 1405 τῷ
1667 1331 1847 1403 θνητῷ

271 1438 374 1508 βίῳ
424 1436 576 1506 νόμῳ
630 1434 849 1504 φύσεως
884 1432 1354 1501 λειτουργήσασα,
1409 1428 1489 1498 τῷ
1534 1426 1685 1495 αὐτῷ
1746 1425 1849 1494 τῆς

270 1528 489 1596 φύσεως
517 1526 665 1596 νόμῳ
695 1527 831 1595 πρὸς
870 1524 967 1594 τὴν
996 1524 1262 1579 ἀθάνατον
1313 1519 1591 1575 πολιτείαν
1643 1517 1850 1588 ἀπεδή-

274 1637 472 1690 μησεν.
501 1619 614 1672 Οὐκ
642 1617 795 1670 ἔλιπε
820 1616 1017 1679 παῖδας
1050 1615 1403 1687 ὀδυρομένους
1428 1612 1692 1685 ὀρφανίαν
1715 1628 1729 1641 ·
1749 1611 1850 1664 οὐκ

270 1710 484 1780 ἀπῆλθε
524 1710 615 1762 τὸν
662 1709 790 1779 περὶ
820 1709 889 1761 τά
926 1707 1126 1776 ἔκγονα
1179 1707 1339 1760 πόνον
1378 1704 1702 1775 πικρότερον
1749 1701 1846 1755 τοῦ

274 1799 511 1857 Θανάτου
544 1800 981 1869 συνεπιφέρουσα
1028 1797 1250 1867 κέντρον
1272 1815 1286 1828 ·
1318 1798 1420 1850 οὐκ
1457 1795 1615 1849 ἔλαϐε
1641 1793 1844 1864 πολλὴν

276 1892 474 1959 πεῖραν
507 1888 616 1940 τῶν
646 1888 883 1959 ἀνιαρῶν
902 1904 915 1919 ⁸
954 1889 1053 1940 οὐκ
1083 1888 1313 1958 ἐζήτησε
1344 1886 1594 1954 θάνατον,
1621 1880 1682 1940 ού
1713 1884 1844 1938 πολ-

274 1981 357 2036 λοὶ
379 1983 639 2045 πολλάκις
665 1984 969 2053 συμφοραῖς
999 1982 1263 2050 ἀφύκτοις
1295 1978 1798 2051 περιστοιχηθέντες
1821 1986 1849 2014 ι

277 2070 660 2139 ἐπεθύμησαν.
680 2069 903 2122 Γονεῢσι
924 2068 1333 2140 προσομιλοῦσα
1354 2069 1454 2137 τῆς
1475 2069 1643 2136 ζάλης
1659 2068 1850 2139 ἐξῆλθε

276 2162 389 2215 τῶν
429 2161 807 2232 προσκαίρων·
842 2161 999 2232 χερσὶ
1038 2161 1331 2231 μητρικαῖς
1366 2160 1610 2230 ἀπῆλθεν
1642 2160 1851 2230 ὑπηρε-

275 2251 549 2321 τουμένη·
610 2251 770 2322 χερσὶ
826 2251 1094 2304 τεκόντων
1149 2249 1443 2304 ἐναπέθετο
1496 2250 1557 2303 τὸ
1607 2251 1847 2320 πνεῦμα.

289 2341 593 2411 Ἐκηδεύθη
618 2342 681 2394 τὸ
713 2341 903 2412 σῶμα·
947 2340 1218 2412 παρεδόθη
1261 2340 1439 2412 τάφῳ,
1472 2341 1657 2405 καλοῖς
1704 2345 1854 2396 ἐντα-

277 2432 427 2499 φίσῐς
466 2432 720 2503 εὐσεϐείᾳ
751 2433 845 2486 καὶ
891 2433 1217 2505 σωφροσύνη
1248 2433 1343 2486 καὶ
1397 2431 1608 2485 πολλῶν
1666 2434 1854 2502 εὐχαῖς

282 2524 601 2595 ἐλεημένων
656 2524 1096 2595 προπεμπομένη
1118 2540 1131 2553 ·
1159 2524 1402 2595 ἀπῆλθεν
1440 2526 1519 2587 είς
1565 2524 1764 2594 χῶρον,
1793 2524 1854 2589 ἐξ

278 2611 345 2672 οὗ
371 2619 522 2671 πᾶσα
552 2617 697 2687 λύπη
726 2618 821 2670 καὶ
855 2615 1159 2687 στεναγμὸς
1194 2617 1553 2687 ἀπελήλαται.
1584 2616 1649 2668 Τί
1688 2616 1851 2669 πλέον

278 2706 390 2760 εδει
416 2724 430 2771 ;
463 2708 541 2769 είς
561 2706 870 2761 τούναντίον
905 2725 994 2777 μοι
1016 2708 1207 2778 τρέπει
1241 2708 1304 2761 τὸ
1324 2708 1509 2773 ἄλγος,
1532 2710 1602 2762 τὰ
1627 2709 1757 2779 περὶ
1794 2708 1855 2761 τὸ

285 2798 562 2869 μακάριον
607 2799 784 2851 ἐκεῖνο
814 2797 1109 2868 θυγάτριον
1137 2799 1584 2870 οἰκονομηθέντα·
1618 2802 1713 2854 καὶ
1744 2818 1853 2872 μα-

279 2888 494 2959 καρίζω
524 2889 727 2961 ταύτην
776 2891 876 2960 τῆς
910 2892 1242 2962 ἀποδημίας,
1287 2895 1382 2947 καὶ¹
1432 2894 1525 2947 τὸν
1551 2893 1749 2965 θρῆνον
1776 2896 1856 2958 είς

279 2978 445 3044 δόξαν
496 2980 635 3034 Θεοῦ
685 2982 1045 3051 μεταϐάλλω,
1095 2987 1190 3039 καὶ
1250 2985 1349 3057 τὴν
1404 2986 1717 3058 ἀμηχανίαν
1775 2988 1857 3050 εἰς

281 3076 657 3145 εὐχαριστίαν,
717 3078 892 3143 οὕτως
942 3078 1136 3144 αἰσίως
1195 3081 1293 3136 καὶ
1343 3082 1417 3145 ὠς
1452 3082 1519 3136 ἄν
1556 3100 1641 3147 τις
1702 3083 1857 3153 μόλις

1942 596 2221 661 mulieres,
2262 611 2360 665 per
2384 603 2613 649 mortem
2649 594 2717 649 dc
2743 594 2851 649 vita
2884 595 3108 662 tollitur,
3135 610 3240 650 nec
3267 606 3351 652 est
3375 599 3525 666 quod

1945 682 2063 753 ejus
2096 683 2287 738 falcem
2317 683 2525 737 evitare
2553 690 2739 751 queat.
2776 680 2989 737 Novum
3019 698 3129 736 non
3159 694 3265 746 est,
3299 695 3394 738 aut
3426 700 3526 754 pa-

1945 772 2232 838 radoxum,
2257 772 2402 841 quod
2424 778 2636 826 natura:
2659 771 2854 826 exsilio
2876 772 3252 842 subjiciamur,
3277 774 3525 828 mortalis

1946 866 2036 920 illa
2060 863 2259 935 prodiit
2289 879 2321 919 e
2347 864 2651 919 visceribus
2680 863 3020 929 mortalibus,
3054 872 3109 919 et
3145 863 3271 919 vitae
3308 865 3527 919 mortali

1946 955 2037 1011 ubi
2065 956 2220 1026 juxta
2241 955 2417 1025 legem
2439 955 2742 1010 naturalem
2773 955 3113 1020 inservisset,
3141 970 3240 1025 per
3273 955 3525 1011 eamdem

1945 1047 2122 1118 legem
2144 1045 2213 1101 ad
2246 1046 2612 1101 immortalem
2647 1056 2851 1102 statum
2884 1048 3298 1119 peregrinatur:
3324 1047 3527 1103 liberos

1947 1139 2097 1194 haud
2134 1138 2353 1209 reliquit
2385 1138 2709 1209 orphaniam
2742 1146 3026 1210 gementes
3071 1153 3264 1204 suam;
3293 1155 3401 1196 non
3432 1154 3528 1194 ex-

1948 1232 2112 1288 cessit
2140 1247 2247 1285 una
2274 1245 2461 1286 secum
2482 1232 2816 1287 desiderium
2838 1232 2982 1287 circa
3001 1232 3206 1302 prolem
3233 1242 3529 1302 asportans

1949 1330 2124 1377 morte
2153 1323 2494 1378 acerbiorem
2524 1324 2831 1389 stimulum,
2863 1323 3257 1392 experientiam
3280 1322 3531 1377 miseria-

1950 1429 2072 1470 rum
2111 1414 2466 1484 multiplicem
2496 1431 2607 1471 non
2621 1416 2838 1480 habuit,
2870 1423 3100 1469 mortem
3130 1429 3239 1467 non
3258 1414 3528 1482 quaasivit,

1950 1523 2116 1580 quam
2180 1508 2341 1563 multi
2411 1509 2689 1564 multoties
2754 1508 2911 1563 malis
2976 1507 3383 1562 inevitabilibus
3426 1521 3531 1576 0p-

1950 1599 2127 1670 pressi
2158 1607 2436 1669 Optarunt,
2472 1614 2597 1654 cum
2624 1600 2947 1669 parentibus
2975 1606 3193 1653 versata
3224 1607 3282 1653 et
3324 1609 3533 1666 tempo-

1951 1690 2050 1745 rali
2096 1689 2333 1759 procella
2377 1690 2551 1752 exiit,
2607 1688 2741 1743 exiit
2795 1688 3105 1743 ministerio
3152 1696 3526 1742 maternarum

1956 1796 2240 1846 manuum,
2275 1780 2332 1835 in
2373 1780 2630 1835 manibus
2665 1789 2952 1849 parentum
2989 1778 3171 1834 emisit
3216 1778 3468 1848 spiritum
3516 1796 3529 1830 :

1962 1874 2260 1928 curabatur
2288 1887 2508 1942 corpus,
2544 1870 2905 1927 mandabatur
2935 1871 3188 1940 sepulcro
3219 1869 3402 1924 fasciis
3430 1879 3519 1923 tu-

1954 1963 2256 2018 mularibus
2305 1962 2535 2033 egregiis
2587 1962 2831 2017 involuto
2879 1962 3083 2031 pietate
3130 1968 3186 2015 et
3228 1960 3531 2020 modestia.

1954 2055 2246 2110 multorum
2276 2053 2655 2109 miserantium
2687 2052 2943 2122 precibus
2974 2052 3231 2107 comitata
3263 2051 3317 2105 in
3352 2049 3531 2120 regio-

1952 2162 2081 2201 nem
2118 2146 2268 2211 abiit,
2300 2145 2446 2200 unde
2479 2145 2693 2200 exsulat
2740 2144 2921 2198 luctus
2952 2152 3009 2197 et
3038 2142 3272 2213 gemitus
3300 2142 3521 2195 univer-

1955 2237 2080 2292 sim.
2123 2236 2190 2291 Et
2221 2236 2353 2306 quid
2379 2236 2519 2290 ultra
2548 2235 2849 2290 desiderari
2866 2232 3180 2307 postest?ln
3202 2232 3537 2287 contrarium

1952 2330 2197 2385 dolorem
2226 2344 2313 2383 me
2346 2328 2591 2398 adigunt,
2624 2343 2746 2397 quae
2774 2328 2919 2383 circa
2941 2326 3158 2381 beatam
3185 2325 3331 2378 illam
3365 2323 3530 2377 tiliam

1956 2431 2103 2477 tuam
2143 2420 2700 2486 administrabantur;
2731 2432 3018 2473 excessum
3057 2417 3207 2471 hunc
3242 2413 3386 2468 illius
3414 2412 3537 2468 felio

1955 2530 2072 2570 cem
2099 2513 2369 2585 praedico;
2400 2512 2604 2567 luctum
2637 2510 2692 2565 in
2714 2510 2811 2564 Dei
2844 2508 3069 2580 gloriam
3092 2515 3265 2569 muto,
3301 2504 3532 2559 infortu-

1954 2606 2106 2659 nium
2145 2605 2200 2658 in
2250 2603 2542 2673 gratiarum
2586 2602 2860 2657 actionem
2896 2616 2910 2653 :
2942 2613 3066 2654 cum
3116 2608 3224 2652 tam
3280 2595 3535 2656 feliciter,

1955 2699 2029 2752 ita
2058 2705 2117 2751 ut
2157 2697 2248 2751 vix
2281 2704 2520 2766 optares,
2556 2694 2771 2749 videam
2820 2690 3182 2763 prmsentibus
3229 2688 3532 2742 liberatam.

1956 2791 2154 2845 Verum
2185 2788 2331 2843 haud
2367 2787 2439 2841 ita
2473 2786 2567 2842 diu
2606 2786 2663 2840 in
2706 2785 2821 2840 vita
2864 2784 2997 2849 fuit;
3036 2781 3164 2852 quid
3217 2781 3448 2834 intereSt
3493 2778 3539 2830 si

1948 2882 2160 2953 plures,
2201 2895 2271 2934 an
2300 2877 2585 2949 pauciores
2613 2876 2731 2932 dies
2760 2874 2927 2930 vitam
2961 2882 3207 2928 nostram
3241 2870 3529 2929 dividant;

1957 2987 2082 3027 cum
2110 2970 2290 3025 minus
2320 2981 2374 3023 et
2411 2966 2579 3037 magis
2617 2966 2674 3019 in
2721 2964 2937 3018 easdem
2979 2960 3171 3015 mortis
3207 2967 3394 3028 portas
3434 2970 3542 3010 nos

1958 3059 2360 3119 transmittant?
2388 3057 2688 3113 Prseteritis
2719 3069 2882 3110 nemo
2917 3052 3249 3115 delectatur;
3277 3046 3423 3119 quod
3457 3045 3543 3100 fu-

284 3138 505 3231 εὐξαιτο
534 3138 967 3242 ἀπηλλαγμένην
989 3138 1132 3243 ὁρῶν
1153 3172 1263 3227 τῶν
1280 3138 1588 3244 παρόντων.
1619 3138 1761 3228 ζΑλΥ
1788 3138 1854 3230 οὐ

1962 3164 2143 3211 turum
2174 3160 2278 3218 est,
2324 3151 2569 3205 nondum
2604 3157 2726 3213 est;
2780 3159 3051 3217 praesens,
3096 3142 3149 3196 in
3201 3156 3310 3211 quo
3356 3138 3541 3193 omnis

284 3258 455 3316 πολὺν
487 3259 692 3314 ἐπεϐίω
713 3262 904 3334 χρόνον
924 3279 938 3294 ο
970 3265 1065 3316 καὶ
1092 3264 1145 3317 τί
1168 3264 1416 3335 διαφέρει
1437 3267 1503 3321 ἄν
1522 3283 1581 3319 τε
1610 3266 1857 3331 πλείους,

291 3349 357 3405 ἄν
378 3368 438 3404 τε
469 3352 724 3417 ἐλάττους
745 3354 844 3425 τὴν
862 3354 1009 3426 ζωὴν
1032 3355 1188 3426 ὴμῶν
1217 3356 1609 3428 διαμερίσωσιν
1627 3358 1857 3430 ἡμέραι,

285 3442 376 3495 ὅτε
414 3444 509 3496 καὶ
538 3444 598 3497 τὸ
632 3445 814 3498 πλεῖον
839 3446 933 3499 καὶ
960 3446 1021 3499 τὸ
1053 3444 1297 3514 ἔλαττον,
1326 3450 1405 3512 εἰς
1435 3448 1537 3512 τὰς
1563 3450 1734 3515 αὐτὰς
1762 3451 1858 3505 τοῦ

287 3530 519 3587 θανάτου
550 3532 725 3598 πύλας
750 3535 1098 3603 διαϐιϐάζεις
1131 3537 1322 3602 Οὐδεὶς
1355 3539 1549 3609 ἥδεται
1570 3542 1682 3604 τοῖς
1714 3557 1858 3611 παρ-

288 3622 502 3677 ελθοῦσι
532 3666 546 3689 ,
582 3624 643 3678 τὸ
679 3626 872 3696 μέλλον
897 3627 999 3681 οὐκ
1032 3627 1171 3694 ἐστι,
1204 3629 1267 3683 τὸ
1299 3630 1475 3702 παρὸν
1503 3631 1563 3685 ἐν
1596 3624 1641 3699 ᾧ
1671 3631 1739 3686 άν
1776 3649 1863 3697 τις

292 3716 384 3769 καὶ
411 3717 473 3769 τὸ
502 3716 730 3788 ἥδεσθαι
761 3716 880 3789 θείη
917 3720 1201 3785 παντελῶς
1226 3721 1517 3797 ἀκαριαῖον
1537 3742 1552 3757 ο
1587 3727 1728 3783 ὥστε
1767 3729 1863 3782 καὶ

290 3811 318 3863 ό
344 3809 553 3880 μακρὸς
586 3811 680 3863 καὶ
720 3809 928 3882 βραχὺς
956 3812 1052 3865 τοῦ
1092 3812 1210 3883 βίου
1237 3815 1449 3887 χρόνος,
1500 3816 1579 3889 τῷ
1629 3820 1863 3891 παρόντι

294 3901 453 3972 μόνον
482 3901 581 3973 τὴν
615 3902 866 3973 αἴσθησιν
898 3902 1008 3959 τῶν
1049 3905 1224 3975 ἡδέων
1256 3907 1609 3977 περικλείων,
1636 3912 1717 3975 εἰς
1741 3912 1865 3983 ἴσην

291 3995 387 4048 καὶ
422 3995 621 4063 όμοίαν
651 3995 979 4063 ἀπόλαυσιν,
1014 3997 1106 4051 τόν
1133 4016 1194 4052 τε
1219 4001 1301 4064 είς
1332 4001 1512 4073 γῆρας
1536 4003 1860 4073 βαθύνοντα,

290 4086 389 4140 καὶ
417 4086 510 4139 τὸν
546 4087 928 4159 ἐνακμάζοντα
960 4093 1027 4161 τῇ
1057 4091 1275 4161 νεότητι
1317 4094 1562 4163 συνάγει,
1600 4097 1864 4168 ἐκατέρου

295 4178 397 4249 μὲν
426 4177 524 4249 τὴν
580 4178 835 4248 αἴσθησιν
887 4182 955 4251 τῇ
991 4181 1245 4255 παρούσῃ
1291 4184 1483 4255 τέρψει
1529 4186 1861 4255 διαπλανῶν,

291 4272 508 4335 οὐδενὸς
533 4272 610 4335 δὲ,
644 4270 767 4324 οὐτε
794 4272 904 4325 τῶν
934 4273 1410 4344 παρεληλυθότων,
1438 4277 1562 4332 οὐτε
1593 4280 1703 4337 τῶν
1734 4282 1865 4352 μελ-

290 4362 517 4427 λόντων,
560 4361 816 4432 οὐδεμιᾶς
846 4362 1060 4433 ἡδονῆς,
1101 4364 1210 4417 οὐδ’
1241 4365 1414 4438 ἑτέρῳ
1456 4369 1706 4439 μετέχειν
1735 4371 1867 4425 ἐνδι-

292 4454 441 4517 δούς.
471 4453 654 4516 Οὕτως
678 4455 972 4524 ἀδιάφορον
998 4454 1168 4508 πολὺν
1189 4455 1221 4526 ἢ
1251 4456 1430 4526 ὀλίγον
1454 4460 1646 4528 χρόνον
1663 4462 1687 4513 ἐ
1696 4461 1869 4530 μϐιῶ-

297 4562 390 4598 ναι
415 4560 431 4576 ⁶
468 4544 670 4616 μᾶλλον
700 4545 757 4597 δὲ
775 4546 883 4598 οὐδ’
909 4546 1223 4618 ἀδιάφορον.
1244 4548 1307 4601 Εἰ
1327 4549 1436 4619 γὰρ
1452 4550 1629 4611 οὐδεὶς
1657 4552 1867 4624 ἄνθρω-

293 4655 398 4702 πος
424 4638 533 4692 ἀπὸ
581 4638 757 4707 ῥύπου
788 4637 1026 4709 καθαρὸς
1061 4638 1279 4710 εἴρηταί
1304 4657 1387 4707 τε,
1419 4643 1514 4695 καὶ
1542 4646 1655 4707 τοῖς
1685 4644 1867 4713 ἔργοις

293 4731 492 4800 ὁρᾶται
552 4730 943 4800 πιστούμενον,
997 4729 1107 4783 οὐδ’
1147 4731 1213 4784 ἂν
1248 4731 1297 4784 εί
1340 4731 1439 4802 μία
1480 4733 1662 4803 ἡμέρα
1690 4734 1719 4787 ό
1755 4733 1870 4804 βίος

294 4818 471 4888 αὐτῷ,
506 4820 535 4871 ό
583 4820 643 4871 ἐν
670 4820 914 4874 ἐλάττονι
951 4822 1127 4892 χρόνῳ
1156 4824 1219 4874 τὸ
1264 4822 1489 4893 πήλινον
1518 4824 1677 4877 τοῦτο
1739 4826 1868 4895 σκή-

295 4930 454 4981 νωμα
480 4913 819 4978 καταλιπὼν,
846 4913 1065 4967 ἔλαττον
1102 4914 1242 4984 ἔχων
1270 4914 1479 4985 ἀπῆλθε
1508 4916 1604 4970 καὶ
1637 4916 1869 4986 κηλίδων

297 5003 409 5057 τῶν
434 5004 787 5073 σωματικῶν.
825 5004 937 5058 Οὐκ
972 5001 1067 5058 οὖν
1091 5006 1119 5059 ό
1143 5005 1356 5059 πενθῶν
1380 5006 1480 5076 τὴν
1504 5007 1869 5069 ἀπελθοῦσαν,

297 5096 381 5149 ὅτι
415 5095 608 5149 θᾶττον
658 5095 933 5167 ἀπήλλαξε
978 5096 1087 5150 τῶν
1138 5096 1460 5167 παρόντων,
1517 5100 1599 5152 ὅτι
1652 5099 1872 5153 ἔλαττον

304 5188 538 5257 μετέσχε
576 5188 686 5239 τῶν
729 5187 1103 5257 μολυνόντων,
1153 5189 1310 5242 τοῦτο
1337 5190 1574 5262 δάκρυον
1612 5195 1870 5259 ποιεῖται,

300 5283 398 5334 καὶ
425 5281 487 5334 τὸ
516 5280 910 5351 καθαρωτέραν
932 5281 1100 5351 αὐτὴν
1124 5281 1201 5352 τῷ
1227 5283 1435 5336 ἐκεῖθεν
1453 5284 1684 5355 ὀφθῆναι
1712 5285 1871 5355 Νυμ-

301 5371 429 5442 φίῳ,
454 5372 743 5445 νομίζει[ς]
773 5375 1059 5445 συμφοράν
1079 5390 1092 5404 ·
1132 5375 1267 5429 ἀλλά
1299 5376 1407 5447 πρὸ
1437 5377 1584 5449 ὥρας
1611 5380 1868 5449 μετέστηο

306 5465 381 5537 μή
407 5482 495 5535 μοι
518 5466 730 5533 γένοιτο
752 5465 1007 5538 τοιαύτην
1026 5468 1211 5539 φωνὴν
1227 5469 1476 5524 ἀκοῦσαν
1493 5470 1677 5545 φωνὴν
1695 5470 1869 5541 ῥηθῆ-

304 5572 395 5610 ναι
419 5555 519 5627 μὲν
542 5557 843 5629 τολμηράνο
868 5558 1183 5631 ἐννοηθῆναι
1207 5560 1263 5613 δὲ
1293 5561 1722 5633 τολμηροτέραν.
1753 5562 1867 5633 Πρὸ

1961 3244 2273 3308 oblectatio,
2300 3250 2742 3296 momentaneum
2777 3246 2882 3292 est.
2930 3235 3176 3307 Longum
3218 3246 3350 3301 ergo
3393 3231 3541 3286 vitm.

1964 3344 2017 3391 et
2047 3335 2213 3390 breve
2235 3341 2472 3401 tempus,
2493 3344 2619 3385 cum
2648 3328 3106 3383 delectamentum
3134 3321 3389 3394 praesenti
3422 3329 3543 3374 tan-

1962 3435 2075 3482 tum
2118 3422 2553 3486 circumscribat,
2584 3434 2691 3474 una
2738 3425 2794 3472 et
2836 3417 3026 3472 eadem
3070 3415 3330 3470 {mitione
3367 3412 3540 3474 illum,

1962 3517 2056 3588 qui
2084 3517 2383 3586 longaevam
2427 3512 2607 3583 attigit
2651 3517 3016 3572 senectutem,
3071 3514 3123 3561 et
3169 3504 3262 3572 qui
3316 3504 3543 3573 juventa

1964 3610 2136 3674 ﬂoret,
2168 3604 2524 3675 constringit;
2554 3601 2836 3671 utriusque
2877 3612 3101 3654 sensum
3141 3595 3546 3651 oblectamento

1964 3696 2217 3771 praesenti
2248 3693 2555 3750 errabunde
2590 3690 2893 3757 definiens;
2943 3688 3144 3744 nullius
3171 3694 3353 3741 autem
3392 3684 3479 3738 vel
3514 3700 3545 3737 e

1969 3787 2261 3861 praeteritis
2290 3829 2304 3852 ,
2357 3796 2450 3840 aut
2496 3782 2713 3846 futuris,
2762 3782 3040 3851 voluptate
3088 3778 3321 3852 gaudere
3374 3775 3548 3831 cuivis

1965 3882 2305 3953 permittens,
2327 3877 2464 3933 adeo
2497 3890 2586 3931 res
2608 3871 2926 3930 indifferens
2955 3880 3059 3938 est,
3086 3870 3247 3941 longo
3269 3866 3355 3923 vel
3384 3866 3536 3921 brevi

1964 3974 2140 4044 spatio
2168 3985 2477 4042 superesse.
2513 3968 2627 4023 lmo
2656 3965 2838 4036 potius
2873 3963 3022 4018 haud
3064 3971 3147 4017 est
3187 3960 3537 4021 indifferens;

1965 4068 2012 4121 si
2037 4066 2181 4121 enim
2217 4080 2248 4118 a
2277 4060 2508 4118 maculis
2529 4074 2690 4115 nemo
2712 4070 2937 4127 prorsus
2968 4062 3053 4110 est
3080 4051 3364 4118 immunis,
3391 4049 3539 4120 quod

1964 4169 2020 4213 et
2057 4158 2203 4212 dicto
2231 4165 2286 4211 et
2327 4154 2469 4209 facto
2508 4150 2887 4207 conﬁrmatum
2914 4147 3183 4212 videmus,
3231 4159 3301 4199 ne
3341 4143 3389 4198 si
3422 4143 3535 4197 vita

1967 4252 2084 4320 ejus
2128 4249 2199 4304 sit
2237 4246 2399 4303 unius
2423 4243 2551 4309 diei,
2596 4250 2744 4298 certe
2778 4239 2871 4310 qui
2907 4249 2963 4293 et
3000 4236 3320 4291 abbreviato
3366 4233 3537 4304 magis

1967 4351 2210 4410 tempore
2250 4338 2409 4394 istius
2456 4335 2580 4389 vitae
2627 4332 2778 4388 exuit
2826 4328 3240 4385 tabernaculum
3290 4325 3499 4379 luteum
3527 4362 3541 4386 ,

1902 4444 1918 4466 ο
1968 4445 2092 4485 cum
2138 4426 2486 4499 paucioribus
2529 4421 2776 4493 corporis
2818 4418 3072 4474 sordibus
3124 4416 3253 4469 hinc
3306 4411 3541 4467 excedit.

1896 4522 1945 4581 υ
1971 4519 2234 4587 Quocirca
2259 4516 2351 4586 qui
2380 4514 2523 4585 luget
2562 4512 2707 4567 illius
2757 4510 2989 4571 obitum,
3036 4520 3101 4561 eo
3149 4503 3295 4574 quod
3338 4517 3369 4556 a
3408 4516 3547 4572 pra:—

1970 4611 2216 4669 sentibus
2248 4618 2359 4662 tam
2382 4607 2488 4661 cito
2518 4605 2797 4662 liberatur,
2821 4616 2887 4656 eo
2914 4597 3061 4669 quod
3087 4596 3267 4651 minus
3294 4593 3536 4648 macula-

1973 4720 2092 4761 rum
2123 4699 2486 4773 participavit,
2526 4694 2887 4767 polluentium
2928 4692 3193 4760 lacrymas
3237 4686 3437 4748 fundit,
3488 4694 3545 4738 et

1974 4800 2117 4854 inter
2135 4796 2472 4851 calamitates
2494 4796 2792 4861 computat,
2814 4786 2957 4857 quod
2979 4781 3317 4852 splendidior
3339 4795 3541 4846 sponso

1972 4898 2353 4962 praesumetur.
2390 4885 2497 4941 Sed
2525 4882 2760 4939 excessit
2799 4888 2924 4932 ante
2956 4884 3190 4943 tempus.
3233 4871 3372 4936 Quin
3408 4872 3545 4923 hanc

1971 4999 2073 5056 ego
2106 4998 2294 5037 vocem
2323 4980 2506 5035 nullus
2537 4976 2774 5035 audiam,
2806 4971 2955 5027 dictu
2996 4967 3281 5029 audacem,
3308 4963 3545 5033 cogitatu

1971 5076 2340 5133 audaciorem.
2394 5074 2534 5125 Ante
2580 5078 2814 5135 tempus,
2863 5063 2981 5117 ais?
3026 5060 3163 5115 Cum
3204 5067 3543 5119 nasceretur,

1973 5185 2070 5225 cur
2110 5182 2220 5222 non
2254 5165 2453 5220 dicitur
2481 5168 2607 5213 ante
2642 5166 2858 5225 tempus
2919 5155 2975 5208 in
3018 5152 3195 5206 lucem
3229 5150 3411 5203 edita?
3438 5147 3546 5201 Na-

1974 5261 2228 5317 scebatur
2254 5257 2321 5312 de
2356 5253 2539 5310 divino
2587 5258 2722 5303 nutu
2748 5256 2802 5301 et
2839 5244 3178 5314 tempestive.
3211 5242 3290 5295 An
3325 5249 3537 5294 nosmet

1970 5367 2072 5407 nos
2100 5358 2403 5405 statuemus
2425 5341 2660 5397 arbitros
2686 5339 2753 5394 de
2783 5346 3052 5407 tempore,
3082 5333 3230 5403 quod
3258 5332 3325 5386 ad
3352 5331 3543 5385 condi-

1972 5454 2144 5499 torem
2178 5439 2306 5495 hinc
2343 5433 2552 5491 abibit?
2604 5433 2803 5484 Annon
2840 5429 2931 5483 ille
2960 5426 3146 5497 opifex
3186 5422 3445 5495 produxit
3486 5420 3541 5474 in

1968 5550 2236 5610 tempore,
2265 5535 2332 5591 ad
2357 5548 2415 5590 se
2441 5536 2683 5586 assumet
2708 5523 2978 5591 nesciens,
3006 5525 3375 5591 opportunum
3407 5522 3546 5569 tem~

1582 5698 1805 5783 vanu-r2
1840 5712 2243 5771 LECTIONES.

391 5866 419 5895 ι
458 5871 522 5910 πε
530 5855 857 5927 ριτυχόντες,
