4080 6428
571 402 676 465 975

1695 408 1956 471 PHOTII
1997 411 2500 477 PATRIARCIIzE
2539 416 2647 475 CP.

3715 415 3828 479 976

558 513 696 582 pus?
717 511 782 565 de
813 520 960 582 gutta
987 513 1040 567 in
1064 528 1282 569 carnem
1308 516 1576 583 solldavit,
1598 520 1652 573 in
1677 530 1833 576 utero
1859 521 2128 586 formavit,

2248 526 2378 596 bpa;
2400 545 2411 555 ·
2444 525 2537 579 καὶ
2570 524 2686 587 πῶς
2722 524 2809 577 ὅτε
2834 522 2932 587 τὰς
2958 522 3231 595 μητρικάς
3257 523 3445 576 ἔλυσεν
3470 524 3694 588 ὠδῖνας,
3718 526 3831 580 οὐκ

558 600 610 653 in
643 602 814 654 lucem
852 602 1123 670 produxit,
1154 604 1221 657 ab
1254 603 1479 659 infantia
1507 608 1574 661 ad
1598 617 1809 663 aetatem
1855 612 2121 678 puerilem

556 692 878 755 custodivit,
936 694 999 747 ad
1047 694 1375 759 thalamum,
1426 697 1492 750 ad
1541 680 1836 767 perfectam
1876 709 2129 769 aetatem,

558 783 751 850 ecquid
784 784 979 837 horum
1028 784 1445 854 intempestive?
1486 797 1546 841 ut
1584 803 1707 842 cum
1755 790 1808 843 in
1864 801 2128 847 aeternum

561 872 723 925 vitam
768 878 1059 940 permutat,
1090 881 1207 927 tum
1240 875 1414 929 solum
1457 877 1567 947 agit
1608 878 2031 947 intempestive?
2062 881 2135 935 sit

562 962 716 1030 longe
750 978 779 1015 a
813 962 992 1033 lingua
1021 963 1279 1033 pietatem
1308 967 1604 1022 meditante
1632 970 1748 1023 hzec
1774 971 2131 1040 blasphemia,

562 1054 717 1123 longe
754 1055 821 1108 ab
857 1055 1040 1108 animo
1090 1058 1400 1123 moderato;
1453 1060 1674 1130 dignum
1717 1062 1765 1114 id
1829 1071 1914 1116 est
1962 1063 2136 1133 longis

563 1144 837 1209 lamentis,
866 1154 922 1201 et
956 1148 1141 1202 multis
1162 1149 1431 1219 lacrymis,
1456 1152 1709 1205 obrutum
1738 1153 2011 1206 hominem
2043 1152 2135 1206 tali

560 1236 948 1305 cogitationum
979 1239 1254 1307 nequitia;
1287 1256 1394 1295 non
1419 1252 1600 1296 autem
1636 1244 1883 1297 mortalia
1910 1245 2134 1298 immor-

566 1326 760 1381 talibus
797 1337 1008 1383 mutare
1036 1345 1051 1382 :
1084 1331 1339 1398 quocirca
1378 1332 1562 1403 lugere
1605 1350 1711 1388 non
1744 1344 1959 1404 oportet
1992 1336 2137 1391 illam

563 1433 684 1487 qua:
718 1434 914 1487 corpus
963 1421 1191 1475 mortale
1238 1423 1478 1492 reliquit,
1525 1426 1620 1479 sed
1663 1425 1813 1480 illmn
1857 1428 1947 1496 qui
1990 1443 2142 1481 mor-

567 1508 733 1562 tiﬁcat
774 1520 1008 1565 mentem
1059 1511 1451 1579 immortalem,
1502 1531 1612 1570 non
1665 1532 1829 1585 quam
1872 1518 2143 1572 thalamus

566 1599 803 1653 molestis
823 1604 1218 1672 complectitur;
1246 1606 1339 1661 sed
1364 1608 1457 1675 qui
1482 1623 1578 1677 spe
1602 1609 1878 1663 mortifera
1902 1610 2138 1663 animam

568 1695 817 1763 sepelivit
852 1716 864 1751 :
900 1699 996 1753 sed
1042 1702 1305 1768 praevenit
1349 1703 1539 1757 abiens
1586 1714 1867 1773 parentes;
1918 1714 1973 1760 et
2015 1705 2143 1775 quid

569 1785 720 1837 tum?
770 1797 987 1855 operata
1038 1789 1265 1845 forsitan
1307 1793 1477 1860 patris
1524 1802 1578 1847 et
1627 1796 1816 1848 matris
1856 1795 2143 1863 interitui',

2234 616 2514 686 ἐνομίζετο
2552 615 2699 668 λύειν
2730 614 2836 686 πρὸ
2884 614 3066 685 ὦρας;
3098 615 3212 668 ἀλλ’
3244 615 3439 684 ἐτέχθη
3491 617 3590 683 μὲν
3636 617 3829 670 γεύσει

2232 705 2368 759 Θεοῦ
2400 706 2494 759 καὶ
2513 706 2633 759 καθ’
2664 706 2834 776 ὥραν,
2872 705 3155 757 ’Λπελθεϊν
3189 706 3245 757 δὲ
3270 707 3405 775 πρὸς
3436 706 3527 758 τὸν
3560 707 3829 777 Πλάστην

2234 799 2379 867 ἡμᾶς
2410 798 2608 861 αὐτοὺς
2645 797 2944 865 καθίζομεν
2976 795 3274 868 ὁροθέτας;
3316 797 3411 849 καὶ
3443 798 3685 867 προάγει
3724 800 3834 868 μὲν

2234 892 2263 942 6
2308 890 2651 961 Δημιουργδς
2686 889 2805 942 καθ’
2857 888 3027 959 ὥραν,
3058 888 3326 958 λαμϐάνει
3356 889 3413 942 δὲ
3454 890 3593 958 πρὸς
3628 891 3833 944 ἑαυτὸν

2235 982 2335 1034 οὐκ
2387 981 2541 1043 εἰδὼς
2584 980 2683 1052 τὴν
2732 981 2915 1053 ὤραν;
2964 981 3072 1034 ἀπὸ
3146 982 3406 1048 σταγόνος
3472 983 3679 1053 ἔπηξεν
3746 986 3835 1047 εἰς
3900 966 3905 971 ’

2239 1073 2450 1144 σάρκα,¹
2478 1073 2766 1126 διέπλασεν
2809 1074 2867 1125 ἐν
2922 1074 3125 1143 μήτρᾳ,
3164 1076 3503 1144 προήνεγκεν
3547 1079 3629 1139 είς
3681 1077 3827 1145 φῶς,

2238 1164 2306 1217 ἐκ
2347 1163 2581 1233 βρέφους
2640 1163 2929 1232 διετήρησε
2995 1164 3155 1234 μέχρι
3210 1164 3420 1227 παιδὸς.
3479 1165 3649 1234 μέχρι
3716 1183 3829 1217 πα-

2243 1254 2471 1315 στάδος,
2511 1254 2671 1323 μέχρι
2736 1254 2950 1316 τελείας
2999 1254 3216 1323 ἡλικίας
3244 1269 3259 1283 ⁸
3302 1254 3510 1307 τούτων
3560 1257 3717 1309 οὐδὲν
3766 1256 3829 1309 ού

2242 1345 2365 1398 καθ’
2395 1343 2579 1413 ὦραν;
2614 1347 2743 1395 Ὅτε
2772 1344 2828 1396 δὲ
2861 1343 2997 1414 πρὸς
3016 1344 3106 1396 τὸν
3136 1344 3405 1397 ἀθάνατον
3435 1345 3659 1415 ἀμείϐει
3684 1346 3828 1415 βίον,

2242 1436 2363 1488 τότε
2391 1436 2549 1505 μόνον
2575 1435 2635 1486 οὐ
2673 1435 2794 1487 καθ’
2819 1434 2967 1505 ὤραν
2993 1453 3008 1500 ;
3036 1436 3224 1506 πόρρω
3255 1435 3506 1505 γλώσσης
3540 1437 3831 1489 εὐσέϐειαν

2250 1523 2563 1595 μελετώσης
2588 1525 2621 1593 ἡ
2652 1524 2873 1593 τοιαύτη
2904 1525 3221 1594 δυσφημίαο
3255 1527 3444 1597 πόρρω
3474 1528 3829 1596 φρονήματος

2249 1616 2654 1684 σωφρονοῦντος
2671 1632 2684 1645 ο
2709 1615 2868 1683 τοῦτο
2886 1616 3099 1685 θρήνων
3122 1617 3374 1685 μακρῶν,
3395 1618 3557 1669 τοῦτο
3575 1617 3830 1686 δακρύων

2248 1705 2458 1758 πολλῶν
2493 1706 2983 1775 ἐγκαταχωσθῆναι
3033 1706 3123 1758 τὸν
3182 1705 3469 1776 ἄνθρωπον
3522 1708 3829 1779 τηλικαύτῃ

2254 1797 2525 1869 μοχθηρίᾳ
2581 1797 2898 1867 λογισμῶν,
2956 1796 3070 1850 ἀλλ’
3122 1798 3243 1868 οὐχὶ
3294 1799 3353 1851 τὸ
3425 1799 3713 1869 διαμεῖψαι
3762 1800 3829 1852 τά

573 1878 701 1931 hinc
748 1889 877 1934 tunc
938 1883 1199 1937 excedere
1246 1884 1433 1939 debuit
1482 1892 1560 1939 tot
1602 1886 1773 1955 plagis
1819 1902 1977 1940 caesa.
2029 1885 2143 1941 Haec

2253 1889 2505 1958 ἄφθαρτα
2536 1889 2645 1941 τῶν
2676 1889 2955 1957 φθαρτῶν.
2985 1890 3058 1941 Ού
3089 1889 3187 1959 μὲν
3216 1888 3310 1942 οὖν
3340 1891 3461 1959 οὐχὶ
3489 1891 3711 1944 πενθεῖν
3735 1892 3829 1961 τὴν

570 1969 659 2037 qui
687 1972 782 2033 ait,
806 1988 914 2026 non
939 1975 1105 2039 patris
1134 1975 1358 2039 viscera,
1385 1977 1474 2031 sed
1505 1992 1752 2031 noverca:
1777 1977 2026 2032 affectum
2054 1994 2141 2032 re-

573 2060 695 2124 fert,
730 2078 834 2115 non
870 2064 1038 2133 patris
1076 2071 1170 2119 aut
1214 2068 1402 2121 matris
1448 2078 1595 2123 certe
1637 2083 1920 2135 amorem;
1967 2070 2139 2139 magis

574 2154 742 2216 illum,
785 2155 877 2224 qui
930 2157 1073 2225 quod
1117 2172 1175 2212 se
1229 2158 1465 2213 oblectet
1512 2169 1738 2228 quaerat,
1785 2176 1946 2229 quam
1997 2162 2140 2231 quod

573 2245 693 2299 lilia:
723 2246 945 2301 exsistat
970 2256 1201 2317 gratum,
1232 2250 1433 2317 quique
1458 2250 1560 2304 sub
1586 2250 1871 2306 desideriis
1904 2250 2025 2305 filiae
2058 2252 2139 2305 sui

566 2335 735 2403 ipsius
770 2351 953 2389 curam
1005 2337 1315 2392 meditatur.
1357 2338 1496 2404 Quid
1532 2339 1760 2394 tristitiae
1806 2349 1893 2394 est
1941 2340 2140 2394 intueri

566 2436 795 2481 mortem
830 2431 1171 2484 amatorum?
1199 2432 1434 2487 excessit
1472 2433 1599 2486 hinc
1633 2432 1760 2497 lilia,
1796 2449 1825 2487 a
1868 2443 2041 2487 morte
2076 2434 2141 2486 li-

564 2516 714 2579 bera,
750 2518 853 2573 hoc
884 2520 1038 2573 triste
1087 2536 1197 2574 non
1235 2531 1319 2576 est
1350 2540 1366 2575 :
1393 2531 1449 2577 et
1477 2523 1604 2591 quid
1647 2539 1750 2577 nos
1787 2533 1899 2577 tum
1943 2539 2141 2578 consu-

565 2610 765 2665 mimus
799 2611 1051 2666 tristitia?
1076 2612 1119 2667 si
1155 2612 1395 2667 rediviva
1425 2613 1520 2668 tibi
1557 2614 1771 2669 adesset
1795 2625 1939 2679 nata,
1966 2624 2021 2669 et
2056 2629 2144 2667 as-

568 2712 689 2755 tans
724 2717 945 2757 manum
977 2705 1162 2758 manui
1202 2706 1477 2771 misceret,
1521 2706 1563 2760 si
1617 2706 1813 2760 blando
1841 2716 1895 2761 et
1934 2706 2142 2761 exhila-

566 2803 719 2849 rante
758 2796 910 2851 vultu
959 2798 1141 2852 oscula
1181 2798 1334 2852 daret
1378 2810 1433 2852 et
1481 2798 1868 2867 alloquerelur.
1902 2798 2042 2863 Quid
2092 2808 2143 2852 te

563 2884 777 2955 amigis,
816 2888 999 2956 pater?
1024 2888 1153 2957 quid
1192 2889 1529 2954 lamentaris,
1563 2890 1715 2958 quasi
1752 2891 1892 2943 mala
1932 2905 2017 2943 me
2050 2905 2142 2942 ex-

567 2978 849 3032 cedentem
900 2979 1202 3033 ambirent?
1266 2978 1521 3033 Habitare
1585 2980 1894 3048 paradisum
1953 2981 2141 3034 sortita

568 3082 712 3131 sum,
739 3066 1039 3136 jucundum
1066 3069 1239 3122 oculis
1266 3070 1659 3138 spectaculum,
1682 3071 1976 3139 jucundius
2010 3071 2143 3124 frui-

573 3161 741 3222 tione,
778 3162 1111 3230 experientia
1134 3177 1350 3216 onmem
1375 3162 1591 3217 excedit
1622 3164 1817 3227 fidem;
1858 3164 2143 3233 paradisus

572 3249 663 3304 ille
697 3250 854 3305 sedes
886 3261 1110 3321 paterna
1144 3262 1199 3308 et
1239 3254 1556 3323 principalis
1592 3256 1764 3310 nostri
1803 3256 2041 3327 generis,
2088 3257 2141 3309 in

570 3357 677 3411 quo
697 3341 983 3397 Dominicaa
1006 3360 1197 3399 manus
1217 3346 1492 3415 opilicium
1514 3349 1758 3401 naturale
1784 3348 1946 3418 primi
1969 3348 2142 3403 nostri

569 3444 846 3504 parentes,
892 3446 1183 3506 antequam
1238 3438 1545 3493 insibilaret
1598 3455 1848 3509 serpens,
1898 3441 2001 3493 hoc
2039 3449 2142 3503 est,

572 3524 783 3579 beatam
818 3525 980 3580 vitam
1009 3527 1241 3597 agebant
1274 3545 1285 3578 :
1318 3527 1467 3581 hunc
1502 3543 1753 3597 campum
1789 3530 1877 3583 ille
1910 3544 2143 3597 nequam

572 3624 627 3671 et
660 3615 918 3673 incurvus
946 3633 1172 3687 serpens
1215 3618 1360 3673 illabi
1394 3619 1584 3687 nequit
1611 3620 1812 3683 adhuc,
1855 3635 1955 3673 nec
1992 3624 2145 3673 insu-

574 3718 819 3764 surratos
858 3724 1137 3765 sermones
1157 3710 1437 3765 insinuare
1472 3710 1861 3764 fraudulenter.
1897 3711 2044 3764 Inest
2075 3710 2145 3763 ibi

575 3800 733 3856 nobis
779 3816 935 3855 mens
987 3803 1137 3857 omni
1189 3802 1439 3857 machina
1493 3803 1761 3872 superior,
1821 3803 1969 3858 omni
2032 3809 2149 3855 arte

576 3891 772 3960 major,
804 3908 913 3947 non
943 3902 1027 3947 est
1063 3894 1134 3947 ibi
1164 3894 1355 3948 oculus
1393 3894 1721 3962 aperiendus
1764 3903 1859 3946 aut
1924 3893 2148 3961 majoris

576 3983 954 4037 obleCtationis
1008 3983 1254 4038 fruenda:
1294 3984 1653 4038 desiderium.
1711 3983 1914 4038 Sumus
1959 3998 2150 4037 onmes

577 4073 842 4142 sapientia
873 4074 1058 4129 divina
1101 4083 1155 4128 et
1199 4074 1404 4128 etelesti
1459 4075 1766 4143 sapientes;
1818 4075 1928 4129 vita
1973 4075 2150 4129 omnis

574 4162 896 4235 transigitur
916 4163 969 4218 in
1004 4164 1456 4219 inenarrabilibus
1479 4180 1580 4219 nec
1613 4164 1919 4219 invidendis
1965 4165 2145 4230 bonis,

575 4256 702 4311 inde
741 4264 852 4310 tota
890 4257 1045 4311 nobis
1090 4255 1356 4311 festivitas
1401 4266 1455 4311 et
1503 4257 1831 4327 panegyris:
1870 4256 2148 4326 splendidi

570 4347 855 4419 splendide
884 4347 940 4402 in
967 4348 1282 4417 corporibus
1311 4347 1811 4416 incorruptibilibus
1852 4357 1906 4401 et
1953 4349 2138 4417 puris-

575 4438 728 4493 simis
782 4446 1082 4500 versantes,
1128 4437 1296 4491 Deum
1333 4436 1599 4500 videmus,
1635 4435 1907 4504 quomodo
1941 4434 2147 4489 homini

2244 1980 2613 2049 διαφυγοῦσαν
2644 1981 2805 2049 σῶμα
2837 1981 3029 2051 θνητὸν
3060 1981 3160 2043 δεῖ,
3191 1982 3326 2035 ἀλλά
3354 1981 3447 2034 τὸν
3471 1981 3828 2051 νεκρώσαντα

2243 2072 2333 2125 τὸν
2363 2072 2627 2126 ἀθάνατον
2676 2071 2799 2124 νοῦν
2822 2088 2834 2099 ·
2868 2070 2979 2123 οὐδ’
3014 2072 3079 2141 ἢν
3114 2072 3368 2141 οὐράνιος
3409 2071 3627 2133 παστὰς
3664 2070 3829 2122 θαλα-

2248 2163 2424 2233 μεύει,
2458 2162 2573 2215 ἀλλ’
2626 2161 2685 2225 ὃς
2729 2160 2955 2229 ἐνέθαψε
2987 2163 3087 2230 τὴν
3126 2161 3304 2232 ψυχὴν
3356 2162 3540 2213 ἐλπίσι
3580 2161 3827 2229 νεκραῖς.

2244 2254 2380 2316 Ναὶ,
2414 2253 2605 2322 φησὶν,
2638 2252 2774 2305 ἀλλὰ
2808 2252 3080 2305 τεκόντων
3116 2250 3442 2321 προαπῆλθε
3464 2266 3478 2279 ·
3510 2251 3564 2303 τί
3590 2252 3680 2303 δαὶ
3700 2252 3826 2318 ἄρα,

2244 2345 2491 2398 ἐϐούλετο
2544 2344 2602 2396 δέ
2653 2360 2737 2407 τις
2764 2342 2930 2413 αὐτὴν
2970 2343 3179 2413 μητρὸς
3224 2341 3321 2394 καὶ
3362 2341 3574 2409 πατρὸς
3611 2341 3829 2407 θανάτῳ

2245 2435 2821 2507 πρυκατεργασθεῖσαν
2866 2434 3151 2504 πρότερον,
3181 2431 3356 2495 οὕτως
3399 2431 3684 2495 ἀπελθεῖν,
3734 2448 3826 2499 τη-

2251 2526 2534 2588 λικαύταις
2559 2526 2797 2594 πληγαῖς
2830 2524 3364 2595 μεμαστιγωμένην;
3396 2523 3606 2593 πατρὸς
3632 2522 3697 2574 οὗ
3738 2540 3831 2590 μοι

2251 2616 2555 2684 σπλάγχνα,
2595 2617 2867 2685 μητρυιᾶς
2905 2614 3145 2668 διάθεσιν
3179 2610 3350 2679 οὗτος,
3382 2613 3496 2666 ἀλλ’
3528 2614 3589 2665 ού
3625 2612 3832 2682 πατρὸς

2245 2708 2367 2762 οὐδὲ
2405 2707 2609 2777 μητρὸς
2647 2707 2888 2775 φίλτρον,
2925 2705 3279 2773 ἀπαγγέλλει,
3314 2706 3407 2757 καὶ
3436 2703 3733 2773 ζητοῦντος
3765 2702 3827 2754 τὸ

2244 2802 2445 2852 οἰκεῖον
2478 2798 2574 2867 ἡδὺ
2622 2798 2654 2867 ἢ
2697 2797 2756 2849 τὸ
2782 2800 2847 2867 τῇ
2876 2796 3111 2865 θυγατρὶ
3142 2795 3567 2864 κεχαρισμένον,
3619 2795 3718 2845 καὶ
3750 2809 3836 2845 σο-

2246 2886 2540 2957 φιζομένου
2584 2885 2731 2955 πόθῳ
2781 2885 2971 2948 παιδὸς
3022 2885 3119 2955 τὴν
3166 2884 3358 2936 ἑαυτοῦ
3414 2883 3739 2953 θεραπείαν.
3770 2882 3834 2933 ΤΞ

2245 2979 2350 3048 γὰρ
2380 2978 2619 3047 λυπηρὸν
2668 2978 2795 3029 ἰδεῖν
2831 2977 3214 3047 στεργομὲνων
3265 2976 3529 3039 οἀνατον;
3583 2976 3687 3027 ούκ
3740 2970 3834 3028 οὗν

2244 3070 2483 3137 ἀπῆλθεν
2520 3072 2552 3139 ὴ
2584 3073 2712 3133 παῖς
2741 3070 3000 3139 ἐλευθέρα
3030 3070 3218 3123 τούτου
3248 3088 3260 3100 ο
3316 3070 3427 3121 ἀλλ’
3465 3072 3527 3121 ού
3562 3068 3833 3138 λυπηρόν.

2247 3162 2355 3216 Καὶ
2383 3164 2433 3215 τί
2464 3162 2790 3231 δαπανῶμεν
2830 3162 3056 3223 ἑαυτοὺς
3080 3163 3143 3230 τῇ
3178 3160 3357 3231 λύπῃ
3394 3162 3457 3213 Εἰ
3486 3160 3531 3212 δ’
3566 3160 3709 3230 αὕτη
3746 3178 3827 3213 σοι

2248 3253 2431 3322 παρῆν
2476 3255 2684 3307 ἐκεῖθεν
2731 3256 2762 3322 ἡ
2806 3257 2935 3316 παῖς
2962 3254 3269 3315 ἐπιστᾶσα,
3322 3255 3415 3306 καὶ
3471 3254 3617 3322 χειρὶ
3680 3256 3836 3322 χεῖρα

2247 3344 2579 3414 ἐμϐαλοῦσα,
2630 3344 2797 3414 ἱλαρῷ
2845 3344 2898 3397 δέ
2941 3346 3033 3397 καὶ
3072 3346 3315 3414 χαίροντι
3377 3344 3659 3414 προσώπῳ
3702 3362 3837 3397 κατ-

2248 3436 2421 3503 εφίλει
2444 3453 2502 3488 τε
2534 3436 2626 3487 καὶ
2649 3434 3114 3505 προσεφθέγγετο,
3134 3435 3197 3486 Τί
3223 3436 3277 3486 δὲ
3305 3435 3410 3502 ἄρα
3434 3435 3659 3495 κόπτεις
3680 3451 3836 3486 σεαυ-

2248 3526 2359 3589 τὸν,
2387 3519 2431 3577 ὦ
2454 3526 2627 3594 πάτερ
2652 3542 2664 3589 ;
2689 3524 2740 3577 τί
2763 3525 2817 3577 δὲ
2852 3524 3088 3593 θρηνεῖς,
3116 3525 3189 3587 ὡς
3221 3526 3311 3577 ἐπὶ
3333 3528 3543 3587 κακοῖς,
3568 3525 3837 3577 ἀπελθού-

2252 3634 2385 3683 σαν;
2420 3617 2543 3685 ἐμοὶ
2579 3616 2909 3686 παράδεισος
2938 3616 3128 3683 ἔλαχεν
3186 3617 3374 3667 οἰκεῖν.
3420 3616 3601 3667 Γλυκὺ
3655 3616 3757 3683 μέν
3784 3632 3835 3666 τι

2251 3708 2433 3777 θέαμα
2464 3709 2765 3778 ὀφθαλμοῖς
2799 3708 2930 3760 ἰδεῖν
2953 3723 2967 3737 °
2999 3707 3331 3776 γλυκύτερον
3361 3708 3415 3760 δὲ
3445 3707 3831 3761 ἐναπολαῦσαι’

2254 3799 2503 3870 μείζω[ν]
2534 3799 2590 3851 δὲ
2648 3800 2883 3861 πίστεως
2912 3799 3130 3869 ἁπάσης
3176 3801 3208 3867 ἡ
3260 3802 3440 3868 πεῖρα.
3495 3799 3835 3869 Παράδεισος

2251 3892 2454 3952 ἐκεῖνος
2492 3892 2523 3959 ἠ
2571 3890 2761 3959 πρώτη
2813 3892 2906 3943 καὶ
2946 3890 3222 3960 θαυμασία
3247 3892 3338 3943 τοῦ
3370 3892 3571 3958 γένους
3607 3893 3829 3960 πατρὶς,

2251 3985 2309 4035 ἐν
2334 3978 2376 4051 ᾧ
2407 3984 2571 4036 πάλαι
2602 3984 2701 4053 τῆς
2719 3986 3057 4052 Δεσποτικῆς
3090 3985 3347 4053 παλάμης
3377 3985 3437 4036 τὸ
3465 3984 3837 4055 φιλοτέχνημα

2250 4076 2348 4143 τῆς
2399 4075 2613 4142 φύσεως
2643 4078 2691 4127 οί
2724 4075 3091 4146 προπάτορες,
3131 4078 3259 4144 πρὶν
3288 4075 3319 4144 ἦ
3351 4076 3443 4127 τὸν
3477 4076 3601 4143 ὅφιν
3634 4075 3832 4143 ὑποψι-

2252 4165 2490 4237 θυρίσαι,
2538 4166 2640 4234 τῆς
2688 4165 3007 4235 εὐδαίμονος
3060 4166 3152 4219 καὶ
3227 4166 3503 4235 μακαρίας
3553 4167 3835 4235 ἀπήλαυον

2252 4258 2417 4326 ζωῆς.
2463 4257 2621 4310 ’Λλλὰ
2651 4258 2747 4310 νῦν
2778 4258 2899 4310 οὐδὲ
2933 4258 2961 4310 6
3003 4257 3215 4320 σκολιὸς
3246 4259 3451 4320 ἐκεῖνος
3482 4259 3575 4310 καὶ
3600 4258 3834 4328 πονηρὶς

2251 4347 2394 4415 όφις,
2438 4344 2622 4415 χώραν
2663 4346 2775 4415 ἔχει
2823 4346 3163 4415 ὑφερπῦσαι,
3196 4346 3315 4398 ούδέ
3370 4363 3523 4408 τινας
3571 4346 3834 4415 ψιθύρους

2251 4437 2450 4506 λόγους
2484 4439 2944 4508 ύπομηχανᾶσθαι
2968 4455 2981 4467 °
3009 4438 3124 4490 ἀλλ’
3159 4439 3265 4490 οὐδ’
3298 4440 3355 4489 ἐν
3390 4440 3521 4507 ημῖν
3558 4439 3684 4490 ἐστί
3730 4456 3831 4501 τις,

575 4529 759 4583 videre
794 4528 875 4582 fas
901 4537 985 4581 est
1026 4529 1192 4580 Deum
1212 4567 1226 4589 ,
1254 4526 1397 4581 illius
1429 4526 1808 4595 inexplicabile
1836 4537 1892 4580 et
1938 4526 2143 4580 incom-

2252 4523 2310 4582 οὗ
2350 4532 2421 4598 μή
2456 4530 2604 4581 ἐστιν
2643 4529 2895 4599 ήγνώμη
2948 4531 3201 4599 μηχανῆς
3232 4531 3453 4598 ἀπάσης
3500 4530 3597 4582 καὶ
3638 4530 3833 4599 τέχνης

575 4619 923 4689 prebensibili
966 4617 1386 4688 pulchritudine,
1414 4606 1581 4687 quasi
1632 4618 1984 4687 luxuriantes}
2010 4633 2146 4672 con-

573 4714 729 4768 tinuo
754 4712 1130 4782 tripudiamus,
1151 4726 1249 4764 nec
1272 4711 1492 4766 satietas
1518 4712 1703 4765 adest:
1726 4712 1951 4766 luxurize
1979 4712 2154 4765 abun-

572 4806 758 4859 dantia
822 4804 966 4858 illius
1015 4803 1301 4857 summitas
1356 4802 1426 4858 sit
1497 4803 1831 4868 dilectionis,
1893 4812 1948 4857 et
1994 4803 2141 4857 illam

572 4894 827 4948 comitata
852 4892 1038 4948 fruitio
1060 4892 1419 4947 inenarrabile
1448 4892 1577 4946 illud
1602 4893 1884 4962 gaudium,
1911 4906 1967 4947 et
1996 4893 2152 4948 inex-

574 4987 878 5057 plicabilem
921 4986 1336 5039 exsultationem
1373 4994 1630 5054 operatur
1665 5001 1677 5036 :
1718 4986 1857 5040 adeo
1889 4995 1973 5040 ut-
2000 5002 2153 5040 amor

576 5092 665 5133 me
697 5077 975 5131 inmensus
1004 5092 1070 5129 eo
1097 5076 1337 5138 revehat,
1370 5074 1499 5129 dum
1525 5082 1702 5128 tecum
1738 5075 1836 5128 hos
1869 5090 2153 5131 sermones

574 5169 715 5233 fero,
769 5182 869 5222 nec
929 5182 1146 5236 possum
1196 5166 1417 5220 illorum
1472 5174 1681 5234 partem
1730 5166 1816 5219 vel
1864 5166 2149 5220 minimam

568 5262 803 5317 referre.
862 5259 1102 5314 Accedes
1138 5268 1194 5312 tu
1224 5257 1515 5326 aliquando
1550 5273 1615 5312 eo
1646 5273 1770 5312 cum
1797 5257 1993 5312 dilecta
2034 5274 2153 5313 mea

572 5363 773 5419 matre,
806 5361 861 5406 et
896 5360 1008 5405 tum
1041 5364 1126 5404 me
1158 5365 1322 5418 pauca
1356 5350 1598 5418 quaedam
1630 5350 1696 5404 de
1732 5349 1939 5413 multis,
1969 5358 2024 5404 et
2051 5350 2152 5403 mi-

577 5447 793 5503 nutiora
852 5456 1137 5498 enarrasse
1182 5442 1468 5505 censebis,
1507 5451 1668 5510 teque
1718 5442 1895 5511 ipsum
1936 5442 2002 5495 de
2052 5441 2154 5497 hac

574 5541 797 5596 tristitia
816 5534 1121 5598 accusabis,
1142 5535 1236 5601 qui
1262 5548 1347 5588 me
1377 5533 1431 5587 in
1460 5534 1653 5588 talibus
1676 5533 1831 5587 bonis
1846 5540 2152 5587 versantem

578 5632 826 5701 deploras
860 5648 874 5684 :
901 5642 1114 5693 verum,
1157 5624 1506 5680 dilectissime
1534 5634 1703 5695 pater,
1734 5624 1802 5679 de
1830 5630 2028 5678 extero
2067 5639 2155 5678 me

576 5721 733 5775 hctus
762 5718 1035 5790 praemitte
1071 5715 1292 5782 isthinc,
1326 5731 1428 5769 nec
1454 5716 1657 5769 diutius
1693 5714 1899 5777 detine,
1929 5730 1999 5770 ne
2034 5714 2155 5785 plus

573 5812 1022 5879 incommodcris,
1055 5819 1107 5866 ct
1142 5810 1343 5865 idcirco
1374 5807 1750 5867 vehementius
1789 5808 2059 5880 amigaris.
2096 5809 2152 5864 Si

2254 4620 2492 4688 ἀμείνων
2514 4638 2525 4650 ·
2562 4621 2668 4672 οὐδ’
2701 4620 3015 4690 ὀφθαλμοὺς
3048 4621 3103 4672 δὲ
3141 4638 3222 4681 τις
3260 4620 3578 4689 ἀνοιχθῆναι
3607 4621 3779 4672 δεῖται
3801 4622 3834 4689 ἦ

2270 4726 2396 4772 ςινος
2445 4711 2691 4780 μείζονος
2736 4711 3030 4781 ἐπιθυμίας
3078 4712 3405 4765 ἀπολαῦσαι.
3473 4714 3676 4781 Ἐσμὲν
3730 4714 3833 4781 γὰρ

2255 4799 2493 4863 ἅπαντες
2525 4802 2677 4869 σοφοὶ
2720 4802 2817 4871 μὲν
2854 4802 2953 4872 τὴν
2990 4801 3140 4854 θείαν
3178 4802 3274 4855 καὶ
3313 4803 3562 4872 οὐράνιον
3602 4805 3833 4870 σοφίανο

2253 4892 2312 4944 ἐν
2344 4893 2593 4960 ἀφθόνοις
2623 4894 2678 4945 δὲ
2723 4894 2818 4946 καὶ
2850 4894 3234 4962 ἁνεκλαλήτοις
3266 4895 3492 4962 ἀγαθοῖς
3520 4909 3532 4922 ·
3560 4896 3588 4946 6
3632 4895 3691 4948 δὲ
3730 4897 3834 4957 πᾶς

2256 4983 2367 5053 βίος
2394 4987 2525 5056 ἡμῖν
2548 4985 2707 5056 ἐορτὴ
2735 4985 2829 5038 καὶ
2852 4987 3181 5055 πανήγυρις.
3207 4986 3468 5055 Λαμπροὶ
3489 4985 3545 5037 δὲ
3565 4986 3835 5055 λαμπρῶς

2254 5077 2312 5128 ἐν
2341 5075 2640 5145 ἀφθάρτοις
2674 5076 2768 5127 κα)⁵
2813 5075 3228 5144 καθαρωτάτοις
3270 5075 3685 5144 πολιτευόμενοι
3730 5075 3837 5128 σώ-

2259 5184 2413 5235 μασι,
2473 5166 2605 5218 Θεὸν
2653 5168 2892 5237 ὁρῶμεν,
2944 5168 3019 5230 ὡς
3075 5166 3228 5220 ἐστιν
3280 5166 3555 5237 ἀνθρώπῳ
3611 5166 3834 5218 δυνατὸν

2258 5256 2404 5320 ἰδεῖν,
2439 5257 2535 5309 καὶ
2562 5256 2753 5310 τούτου
2775 5258 2852 5328 τῷ
2874 5259 2948 5327 ἀφ
2960 5259 3142 5329 ρὰστῳ
3165 5259 3259 5311 καὶ
3276 5258 3624 5328 ἀπερινοήτῳ
3647 5256 3833 5310 κάλλει

2253 5348 2648 5418 ἐντρυφῶντες,
2667 5350 2961 5413 διαπαντὸς
2988 5349 3364 5418 ἀγαλλόμεθα,
3394 5348 3491 5401 καὶ
3516 5349 3679 5416 κόρος
3711 5348 3833 5401 τού-

2253 5458 2358 5493 των
2393 5441 2588 5506 ούδεὶς,
2618 5441 2755 5495 ἀλλά
2783 5442 2844 5495 τὸ
2872 5442 3104 5509 ἄφθονον
3136 5442 3230 5495 τοῦ
3251 5441 3465 5512 τρυφᾷν
3500 5438 3658 5509 ἀκμὴ
3689 5440 3835 5508 γίνε-

2253 5550 2341 5586 ται
2366 5533 2456 5586 τοῦ
2482 5534 2632 5604 ὲρᾷν,
2676 5534 2771 5586 καὶ
2809 5534 2886 5604 τῷ
2911 5534 3074 5605 ἔρωτι
3110 5533 3495 5605 ωμπροῖοῦσα
3533 5534 3567 5603 ἡ
3616 5531 3833 5596 ἐξουσία

2253 5626 2352 5696 τῆς
2380 5624 2756 5692 ἀπολαύσεως,
2787 5626 2993 5694 ἄφατόν
3023 5643 3145 5679 τινα
3169 5627 3267 5679 καὶ
3306 5626 3719 5696 ἀνεκδιήγητον,
3760 5623 3833 5686 ὡς

2255 5718 2494 5789 ἀληθῶς,
2528 5716 2628 5788 τὴν
2662 5717 2837 5788 χαράν
2861 5718 3078 5787 ἐκείνην
3102 5718 3195 5771 καὶ
3236 5718 3559 5787 ἀγαλλίασιν
3598 5715 3829 5786 ἐργάζε-

2256 5829 2347 5865 ται
2372 5827 2386 5842 ο
2422 5809 2498 5873 ὼς
2532 5810 2627 5863 καὶ
2661 5809 2756 5865 νῦν
2800 5810 2990 5882 ἔμοιγε
3028 5809 3202 5867 ταῦτά
3254 5826 3337 5866 σοι
3398 5809 3827 5884 προσομιλούσῃ,
