4080 6408
282 369 386 433 9Ἶ7

1426 342 1961 457 EPISTOLARUM
2000 372 2232 434 LIBER
2270 373 2388 437 ιιι.

3429 378 3533 441 978

280 481 451 545 δεινὸς
489 480 584 535 καὶ
608 479 890 551 ἀμήχανος
923 482 1062 551 πρὸς
1102 481 1288 538 ἐκεῖνα
1328 480 1469 553 ἔρως
1506 482 1847 553 ἐπιστρέφει,
1873 515 1886 542 ι

1987 482 2098 552 pud
2132 492 2185 538 te
2217 482 2333 539 haec
2365 481 2450 539 vel
2487 481 2685 537 similia
2719 490 2897 538 tecum
2924 483 3085 539 beata
3108 492 3199 539 tua
3229 482 3394 542 filiola
3415 488 3531 541 col-

281 573 379 627 καὶ
426 573 547 626 οὐδὲ
579 573 640 625 τὸ
683 572 1023 643 βραχύτατον
1059 573 1239 627 αὐτῶν
1288 577 1614 645 παραχωρεῖ
1663 575 1851 644 διηγή-

285 662 503 717 σασθαι.
546 661 773 736 Ἐλεύσῃ
806 662 863 716 δέ
898 680 1027 716 ποτε
1057 663 1152 716 καὶ
1178 662 1340 726 αὐτὸς
1370 664 1548 716 ἐκεῖσε
1584 662 1702 733 ἅμα
1722 662 1851 733 φίλῃ

288 755 476 824 μητρὶ,
512 755 608 807 καὶ
642 753 765 806 τότε
811 754 982 809 πολλὰ
1011 754 1109 824 μὲν
1135 755 1235 825 ἐμὲ
1259 755 1352 807 τοῦ
1392 753 1563 825 μικρά
1595 754 1728 824 περὶ
1755 771 1854 822 τη-

270 844 549 917 λικούτων
599 848 815 899 εἰπεῖν’
877 845 1048 899 πολλά
1108 846 1164 898 δὲ
1225 845 1424 898 σαυτὸν
1479 844 1572 897 τοῦ
1626 843 1856 906 πένθους

288 937 546 1008 ιιιὶτιάσῃ⁸
579 937 707 989 οἴων
760 936 941 989 καλῶν
1002 937 1257 1005 κάγαθῶν
1318 939 1451 1006 ἡμῖν
1521 936 1856 1007 κατωδύρου.

301 1026 465 1080 Ἀλλά
502 1044 567 1096 με
594 1026 802 1089 λοιπὸν,
838 1021 882 1079 ὦ
925 1028 1142 1097 φίλτατε
1174 1029 1371 1099 πάτερ,
1407 1028 1613 1099 χαίρων
1654 1028 1718 1080 ἔα
1766 1026 1859 1081 καὶ

291 1119 589 1188 πρόπεμπε
615 1136 627 1148 ο
663 1119 800 1189 μηδὲ
828 1119 987 1173 πλέον
1019 1120 1279 1190 κατέχῃς,
1331 1120 1417 1172 ἵνα
1450 1119 1526 1189 μὴ
1565 1120 1726 1173 πλέον
1760 1120 1861 1189 ξη-

298 1208 529 1281 μιώσῃς,
566 1211 658 1262 καῖ⁶
685 1210 772 1263 διὰ
817 1210 977 1263 τοῦτο
1027 1212 1240 1280 πικρῶς
1294 1210 1543 1280 ἀνιάσης.
1575 1212 1638 1262 Εἰ
1691 1209 1863 1264 ταῦτα

294 1298 351 1350 δὲ
383 1300 478 1351 καὶ¹
514 1300 739 1353 τοιαῦτα.
770 1299 935 1369 ἕτερα
963 1300 1023 1352 τὸ
1067 1299 1334 1369 μακάριον
1367 1302 1542 1352 ἐκεῖνο
1569 1299 1862 1369 θυγάτριον

294 1388 529 1459 διεξῄει,
568 1385 655 1459 ἆρ’
703 1391 802 1442 οὐκ
840 1392 903 1443 ἂν
958 1390 1301 1459 δυσωπηθεὶς
1350 1391 1443 1444 καὶ
1493 1390 1583 1442 τὸν
1635 1391 1866 1459 ὀδυρμὺν

297 1482 502 1533 ἀπέθου
536 1482 629 1534 καὶ
650 1482 857 1553 χαίρων
894 1482 1193 1553 χαίρουσαν
1220 1480 1440 1534 ἀπιέναι
1466 1480 1821 1550 προέπεμπες
1850 1497 1866 1546 ;

299 1563 431 1620 Εἶτα
464 1569 533 1621 ἂν
567 1571 665 1639 μὲν
698 1572 730 1639 ἡ
780 1572 910 1633 παῖς
936 1570 1108 1622 ταῦτα
1151 1569 1307 1640 λέγῃ,
1344 1568 1585 1638 βελτίους
1631 1565 1869 1636 ἐσόμεθα

300 1658 394 1711 καὶ
421 1660 550 1722 τοὺς
579 1659 810 1730 θρήνους
834 1650 1250 1730 ἀπορῤίῷομενς
1291 1659 1356 1713 ἂν
1384 1659 1428 1710 δ’
1458 1660 1485 1710 ό
1515 1656 1693 1718 κοινὸς
1732 1655 1872 1707 [Ιλά-

1950 574 2286 644 loqneretur,
2343 589 2528 630 annon
2559 588 2837 644 permetus
2866 575 2992 630 inde
3014 575 3246 646 gemitus
3264 576 3532 648 abigeres,

1952 674 2007 720 et
2042 666 2196 720 laetus
2236 666 2412 719 laetam
2443 665 2594 719 abire
2635 664 3015 734 permitteres?
3058 665 3264 720 Deinde
3310 666 3357 721 si
3412 666 3522 721 ﬁlia

1954 755 2069 809 haec
2104 754 2327 817 diceret,
2371 769 2439 807 an
2484 754 2691 809 meliori
2737 763 2882 808 statu
2920 754 3146 824 erimus,
3192 762 3247 808 et
3290 754 3526 809 lamenta

1955 846 2299 914 rejiciemus?
2349 845 2432 898 sin
2480 845 2784 899 communis
2816 847 3095 908 Counditor,
3154 856 3209 899 et
3265 846 3528 899 Dominus

1957 937 2152 991 clamet
2184 955 2197 990 :
2229 935 2328 1001 Qui
2360 938 2518 989 credit
2554 938 2608 989 in
2631 953 2729 1001 me,
2752 936 2957 989 etiamsi
2992 938 3241 990 morietur
3269 937 3398 989 vivet
3421 938 3489 967 ¹¹⁰
3517 953 3533 1001 ;

1961 1037 2006 1080 et
2040 1028 2128 1095 qui
2174 1026 2491 1094 prwparavit
2542 1025 2877 1095 diligentibus
2917 1043 2992 1086 se,
3038 1041 3155 1095 qum
3200 1026 3383 1078 oculus
3432 1040 3534 1077 non

1960 1116 2110 1178 vidit,
2142 1131 2233 1168 nec
2255 1115 2402 1168 auris
2442 1115 2664 1177 audivit,
2706 1131 2795 1167 nec
2837 1116 2891 1167 in
2926 1132 3015 1168 cor
3069 1115 3293 1167 hominis
3351 1130 3537 1169 ascert-

1963 1207 2139 1271 dit";
2202 1214 2459 1274 tanquam
2497 1204 2739 1259 inﬁdeles
2767 1205 2934 1258 nihilo
2982 1207 3186 1259 erimus
3244 1205 3494 1260 meliores
3519 1247 3533 1268 ,

1965 1304 2021 1350 et
2088 1297 2212 1366 plus
2283 1295 2626 1350 dolebimus?
2686 1296 2778 1349 ubi
2846 1296 3080 1359 bonum,
3137 1295 3374 1362 justum,
3446 1294 3539 1347 ubi

1966 1385 2405 1441 ratiocinationes
2459 1386 2765 1452 conjuncta:
2806 1401 2929 1439 cum
2973 1385 3184 1439 decenti
3228 1391 3323 1438 aut
3378 1384 3540 1438 utili?

1968 1477 2228 1542 Ulterius,
2252 1492 2435 1531 nonne
2466 1478 2628 1546 pudet
2653 1477 3054 1531 ornatissimam
3078 1492 3253 1533 meam
3286 1490 3539 1545 sponsam

1968 1567 2177 1622 virilem
2207 1568 2574 1622 conditionem
2607 1568 2659 1620 in
2690 1568 2981 1621 muliebres
3020 1569 3283 1637 lacrymas
3337 1565 3541 1620 dill‘un-

1980 1657 2160 1713 dendo
2216 1667 2270 1712 et
2323 1659 2602 1722 irruendo,
2634 1658 2881 1713 femineae
2927 1657 3310 1711 imbecillitatis
3355 1670 3542 1711 curam

302 1766 432 1819 στης
463 1750 557 1802 καὶ
581 1750 856 1819 Δεσπότης
886 1750 983 1820 βοᾷ
1008 1767 1020 1780 ⁸
1065 1752 1118 1803 Ὀ
1154 1750 1455 1804 πιστεύων
1486 1752 1575 1811 εις
1606 1746 1729 1813 ἐμὲ,
1756 1745 1871 1799 κᾶν

1987 1750 2243 1813 )mittere,
2284 1765 2354 1804 ne
2401 1750 2735 1805 rationabilis
2792 1759 2847 1803 et
2889 1750 3202 1803 conducens
3241 1746 3545 1816 compassio

299 1839 569 1907 ἀποθάνῃ
590 1840 827 1907 ζήσεται
851 1856 864 1869 °
908 1842 1007 1893 καὶ
1040 1841 1072 1893 ὅ
1109 1858 1173 1894 τε
1199 1841 1532 1909 ἡτοίμασεν
1568 1838 1692 1903 τοῖς
1721 1838 1871 1906 ἁγα-

303 1929 501 1984 πῶσιν
531 1931 738 1998 αὐτὸν,
772 1930 810 1985 ιῖ
845 1933 1150 2001 ὀφθαλμὸς
1183 1932 1294 1984 οὐκ
1316 1926 1458 1996 εἶδε,
1492 1929 1588 1983 καὶ
1617 1924 1726 1994 οὖς
1761 1930 1873 1983 οὐκ

300 2022 555 2091 ἤκουσε,
586 2022 687 2079 καὶ
734 2023 832 2075 ἐπὶ
881 2023 1132 2090 καρδίαν
1179 2021 1492 2088 ἀνθρώπου
1522 2024 1633 2075 οὐκ
1662 2020 1870 2087 ἀνέϐη·

300 2116 376 2177 ὡς
415 2114 770 2176 ἀπιστοῦντες
825 2115 975 2167 οὐδὲν
1028 2114 1252 2182 ἄμεινον
1307 2111 1726 2181 διακεισόμεθα,
1759 2108 1871 2161 ἀλλ’

304 2205 396 2256 ἐπὶ
433 2204 591 2256 πλέον
626 2205 1003 2274 θρηνήσομενς
1042 2205 1150 2256 Καὶ
1187 2202 1289 2255 ποῦ
1318 2202 1480 2255 τοῦτο
1528 2202 1730 2266 καλόν;
1772 2197 1874 2251 ποῦ

305 2296 360 2347 δὲ
395 2295 637 2356 δίκαιονς
672 2294 775 2347 ποῦ
809 2295 866 2347 δὲ
915 2294 1194 2361 λογισμῶν
1243 2294 1411 2360 ἐγγυς
1444 2293 1751 2361 ἑστηκότων
1783 2289 1875 2341 τοῦ

308 2388 611 2456 πρέποντος
671 2386 702 2455 ἢ
766 2385 1170 2455 συμφέροντοςς
1226 2380 1354 2436 Εἶτα
1409 2384 1527 2436 οὐδὲ
1577 2382 1676 2451 τὴν
1741 2381 1878 2450 ἐμὴν

308 2476 538 2549 αἰσχύνῃ
592 2476 977 2544 κοσμιωτάτην
1033 2474 1273 2544 νύμφην,
1320 2476 1399 2537 εἰς
1427 2473 1494 2525 τὰ
1527 2472 1635 2525 τῶν
1670 2471 1876 2541 θηλέων

307 2566 519 2636 δάκρυα
548 2566 609 2618 τὸ
639 2566 958 2636 ἀρρενωπὴν
988 2564 1219 2633 διαχέων
1271 2563 1363 2616 καὶ
1394 2563 1837 2633 καταφερόμενος
1858 2578 1871 2591 ο
1898 2574 1901 2577 ·

307 2656 427 2711 οὐδὲ
455 2656 611 2729 φείδῃ
664 2656 762 2725 τῆς
798 2655 1113 2723 γυναικείας
1163 2653 1465 2716 ἀσθενείας,
1519 2652 1629 2705 οὐδ’
1685 2651 1876 2721 ἡπερὶ

308 2748 479 2817 αὐτὴν
509 2745 731 2815 εὔλογος
775 2747 1090 2816 συμπάθεια
1140 2746 1234 2799 καὶ
1265 2746 1539 2814 ὠφέλιμος
1569 2744 1665 2816 τὴν
1697 2745 1878 2814 παρά-

308 2837 470 2907 λογον
500 2838 706 2890 διαλύει
739 2839 835 2890 καὶ
872 2837 1212 2908 ἀσύμφορον.
1245 2838 1310 2888 Εἰ
1350 2837 1458 2906 γὰρ
1505 2836 1717 2903 ἄνδρες,
1752 2834 1882 2905 παρ’

312 2923 388 2981 ὧν
414 2932 533 2992 ταῖς
558 2928 801 2995 γυναιξὶν
827 2930 858 2996 ἡ
883 2928 1203 2996 ἀνάκτησις,
1234 2927 1322 2979 ἴσα
1346 2926 1588 2995 γυναίοις
1608 2925 1882 2993 κόψονται⁶

310 3020 364 3073 τί
390 3020 451 3072 τὸ
479 3020 606 3090 περὶ
632 3019 798 3080 αὐτὰς
827 3019 1015 3083 ἕσταις
1042 3017 1203 3070 πόθεν
1232 3018 1292 3069 τὸ
1316 3015 1881 3086 παραμύθιονὲξουσι;

1973 1838 2203 1908 dissipet
2260 1838 2636 1893 irrationalem
2680 1847 2735 1892 et
2758 1838 3024 1892 inutilem.
3053 1837 3109 1891 Si
3142 1837 3266 1901 viri,
3298 1852 3394 1906 per
3410 1850 3547 1905 quos

1974 1924 2187 1978 feminae
2225 1924 2528 1989 ﬁrmantur,
2573 1941 2681 1979 non
2714 1926 2895 1980 minus
2935 1940 3098 1994 quam
3134 1924 3350 1979 feminae
3394 1925 3549 1993 plan-

1974 2024 2127 2083 gunt,
2156 2015 2298 2068 unde
2325 2015 2427 2068 illae
2461 2015 2703 2069 solamen
2738 2016 3061 2084 acquirent?
3090 2030 3227 2084 quos
3252 2014 3551 2069 laudandos

1978 2120 2344 2175 proponemus
2384 2106 2455 2159 ob
2500 2108 2880 2161 strenuitatem
2924 2106 3252 2162 imitandos?
3300 2106 3365 2160 ad
3414 2120 3552 2175 quos

1976 2196 2365 2266 respiciemus?
2398 2195 2594 2251 Verum
2626 2198 2737 2251 noli
2782 2206 2839 2252 tu
2888 2198 3181 2270 quidquam
3228 2209 3280 2253 te
3319 2198 3437 2267 ipso
3468 2198 3553 2252 vel

1977 2303 2172 2359 genere
2199 2298 2289 2342 tuo
2319 2289 2598 2359 indignum
2634 2290 2863 2358 perpeti,
2887 2298 3000 2355 aut,
3026 2298 3084 2343 ut
3113 2289 3284 2360 magis
3310 2288 3544 2358 tempori

1980 2395 2279 2449 congruum
2318 2378 2526 2445 dixero,
2564 2379 2932 2434 adulterinum
2965 2398 2977 2433 :
3012 2380 3065 2433 in
3098 2380 3303 2435 luctum
3325 2395 3395 2433 ne
3418 2378 3555 2433 ultra

1980 2472 2237 2526 decorum
2271 2470 2585 2535 elferamus,
2638 2486 2740 2525 nec
2785 2486 2908 2525 cum
2955 2470 3056 2527 viri
3108 2486 3319 2535 sumus,
3366 2471 3559 2526 mulie-

1980 2564 2149 2618 briter
2177 2563 2479 2632 passionem
2508 2562 2771 2627 feramus,
2804 2578 2929 2617 cum
2973 2564 3250 2619 multoties
3286 2566 3472 2620 multis
3500 2567 3557 2620 in

1982 2658 2113 2711 locis
2144 2656 2309 2710 fortes
2331 2670 2432 2710 nos
2470 2655 2881 2724 praestiterimus
2907 2672 2922 2709 :
2948 2652 3139 2724 Opifex
3177 2656 3245 2710 ad
3280 2671 3339 2710 se
3376 2662 3556 2711 trans-

1986 2748 2107 2801 tulit
2139 2748 2450 2817 opilicium;
2514 2748 2608 2802 sed
2648 2748 2768 2816 plus
2817 2746 2967 2802 dedit
3009 2763 3171 2815 quam
3203 2748 3471 2803 abstulit:
3506 2758 3563 2803 et

1984 2841 2281 2894 subsistant
2319 2855 2510 2909 precor
2535 2840 2627 2894 diu
2658 2839 2925 2903 viventes,
2975 2847 3028 2892 et
3070 2848 3327 2909 parentes
3364 2839 3561 2910 gaudio

1985 2933 2283 2988 allicientes
2322 2933 2415 2987 filii
2442 2934 2530 2987 alii
2576 2934 2805 3001 filiaeque
2836 2950 2852 2986 :
2885 2932 3032 2987 dolet
3070 2933 3215 3003 quod
3267 2932 3560 3003 praeteriit;

1987 3026 2174 3079 laetitia
2197 3025 2433 3080 alliciant
2453 3035 2768 3095 praesentes,
2794 3025 2991 3095 gratias
3015 3024 3082 3079 de
3104 3024 3294 3078 ablatis
3323 3039 3564 3095 agamus,

312 3113 465 3175 τίνας
478 3111 533 3164 δὲ
560 3112 968 3181 παραινέσομεν
997 3109 1077 3169 είς
1099 3108 1396 3178 καρτερίαν
1423 3105 1729 3177 μιμεῖσθαι,
1749 3106 1886 3177 πρὸς

1993 3128 2049 3172 ιιι
2078 3119 2339 3172 stabiliter
2368 3118 2613 3172 fruamur
2658 3119 2724 3172 iis
2757 3133 2893 3187 quos
2944 3117 3231 3182 habemus,
3272 3116 3450 3185 deque
3501 3116 3569 3170 iis

312 3203 467 3266 τίνας
487 3202 731 3272 ἀφορᾷν;
763 3200 895 3252 ἀλλά
932 3200 1005 3270 μὴ
1036 3200 1100 3252 σύ
1136 3217 1219 3267 γε,
1254 3200 1386 3269 μηδὲ
1412 3197 1637 3251 σεαυτοῦ
1672 3197 1885 3263 ἀνάξιον

288 3280 537 3360 ’πάθοις,
570 3294 705 3365 μηδὲ
734 3292 827 3346 τοῦ
858 3293 1070 3362 γένους,
1104 3291 1194 3346 ἴνα
1221 3309 1275 3343 τι
1308 3291 1403 3343 καὶ
1431 3289 1524 3343 τοῦ
1565 3288 1758 3361 καιροῦ
1800 3306 1889 3357 φι-

315 3386 684 3457 λοτιμώτερον
718 3385 879 3447 εῖπω,
913 3384 1066 3437 νόθον
1098 3382 1193 3437 καὶ
1230 3382 1534 3449 ἀλλότριον.
1576 3380 1669 3451 Μὴ
1702 3380 1766 3450 δὴ
1795 3379 1887 3432 τοῦ

317 3477 486 3531 καλοῦ
519 3476 679 3530 πλέον
712 3478 791 3539 εἰς
821 3475 1067 3545 οἰμωγὰς
1098 3470 1483 3542 ἐκφερώμεθα,
1521 3470 1656 3541 μηδὲ
1699 3487 1891 3538 γυναι-

319 3567 604 3641 κιζώμεθα
646 3566 723 3639 τῷ
788 3567 951 3621 πάθει
1001 3565 1193 3636 ἀνδρες
1242 3563 1513 3634 πολλαχοῦ
1567 3565 1625 3616 ὲν
1680 3562 1894 3624 πολλοῖς

324 3659 423 3713 καὶ
452 3660 856 3730 χαλεπωτάτοις
902 3658 1227 3729 πειρασμοῖς
1261 3654 1653 3725 ἀναφανέντες.
1696 3651 1896 3705 Ἐλαὸε

324 3748 461 3819 πρὸς
519 3749 712 3801 ἑαυτὸν
753 3749 781 3801 ὁ
830 3746 1080 3815 ῐΙλάστης
1128 3745 1190 3798 τὸ
1245 3743 1501 3813 πλάσμα⁶
1556 3742 1669 3795 ἀλλ’
1729 3741 1895 3794 ἔδωκε

324 3838 542 3901 πλείους
592 3831 667 3892 ὧν
709 3837 893 3906 ἀφεῖλε
933 3837 1049 3907 (καὶ
1081 3835 1272 3907 είησάν
1298 3852 1363 3904 γε
1412 3834 1506 3887 ἐπὶ
1556 3833 1899 3904 μακρότατον

327 3926 389 3983 εὖ
418 3928 678 3999 βιοῦντες,
695 3930 789 3982 καὶ
808 3928 934 3991 τοὺς
949 3928 1202 3991 τεκόντας
1214 3925 1620 3998 εὐφραίνοντες)
1637 3926 1786 3988 υἱοὺς
1806 3923 1902 3978 καὶ

330 4023 660 4094 θυγατέρας.
698 4025 875 4077 Λυπεῖ
901 4023 960 4075 τὸ
1002 4020 1311 4094 παρελθόν·
1353 4020 1802 4091 εύφραινέτωσαν
1853 4019 1902 4070 0i.

330 4116 633 4187 παρόντες·
687 4114 1171 4184 εὐχαριστήσωμεν
1221 4114 1360 4183 ὑπὲρ
1401 4105 1476 4165 ὧν
1535 4111 1779 4180 ἀφεῖλεν,
1817 4110 1903 4163 ἵνα

330 4202 411 4271 οἷς
444 4206 736 4279 ἐχαρίσατο
757 4206 970 4276 χαίρειν
997 4205 1092 4257 καὶ
1122 4204 1483 4271 ἀγαλλιᾶσθαι
1508 4202 1732 4272 βεϐαίαν
1765 4200 1904 4271 έχω-

336 4315 437 4368 μεν
490 4298 588 4369 τὴν
628 4296 951 4351 ἀπόλαυσιν.
1006 4295 1185 4348 Καλὸν
1243 4295 1387 4365 ἔχειν
1435 4294 1513 4365 τῷ
1569 4294 1667 4365 βίῳ
1715 4294 1907 4362 γένους

332 4389 648 4460 διαδόχους·
697 4388 930 4459 ἔχομεν’
982 4386 1144 4441 καλὸν
1200 4387 1463 4456 παρέχειν
1518 4385 1773 4456 ἀπαρχὰς
1829 4385 1907 4456 τῷ

337 4479 501 4549 κοινῷ
535 4479 792 4552 Πλάστῃ,
846 4477 1080 4532 καὶτῶν
1140 4476 1359 4544 ἀγαθῶν
1416 4477 1672 4530 ἁπάντων
1716 4476 1906 4548 δοτῆρι

337 4567 796 4640 προσηνέγκαμεν
817 4583 831 4596 ·
866 4568 995 4639 πρὶν
1034 4567 1131 4637 μὲν
1163 4566 1358 4637 ἄδηλον
1374 4562 1443 4638 ἦν
1470 4566 1616 4630 τίνες
1642 4566 1749 4619 τῶν
1776 4567 1906 4619 παί-

333 4660 440 4713 δων
471 4660 549 4721 είς
598 4658 851 4729 ἀπαρχὰς
882 4657 1023 4727 Θεῷ,
1054 4658 1199 4721 τίνες
1228 4657 1285 4710 δὲ
1309 4658 1389 4721 είς
1432 4657 1684 4727 διαδοχὴν
1720 4657 1911 4725 γένους

334 4750 771 4819 λογισθήσονται.
815 4750 928 4803 Νῦν
982 4749 1041 4802 δὲ
1076 4750 1142 4802 ἂν
1203 4749 1364 4819 μόνον
1413 4748 1753 4819 εὐχαρίστως
1812 4748 1910 4819 τὴν

338 4839 593 4909 ἀπαρχὴν
638 4839 892 4906 οίσωμεν,
946 4839 1130 4891 οὐκέτι
1170 4839 1226 4890 ὲν
1280 4837 1497 4907 ἀδήλοις
1536 4838 1633 4900 τὰς
1688 4837 1910 4902 ἐλπίδας

341 4933 697 5005 σαλεύσομεν,
732 4934 847 4986 ἀλλ’
880 4934 937 4987 ἐν
958 4934 1035 5004 τῷ
1068 4933 1269 5004 βεϐαίῳ
1309 4932 1623 5001 πεπηγότες
1650 4932 1909 5001 ἐσόμεθα.

340 5025 634 5078 Οὐδέποτε
681 5024 858 5077 λαϐὼν
913 5026 972 5078 οὑ
1030 5026 1269 5096 παρέσχε
1324 5025 1737 5095 φιλοτιμότερον
1766 5042 1780 5056 ·
1824 5026 1913 5079 ἀεὶ

337 5114 395 5168 δὲ
438 5118 711 5185 μεγίστοις
744 5116 839 5167 καὶ
884 5116 1227 5179 ἀνελπίστοις
1260 5114 1484 5183 ἀγαθοῖς
1530 5115 1601 5167 τὰ
1653 5115 1915 5185 έλάχιστα

340 5207 705 5276 διαμείϐεται.
756 5208 818 5259 Εἰ
861 5208 918 5260 δὲ
974 5208 1212 5279 θρήνοις,
1265 5208 1340 5271 ὡς
1388 5207 1758 5277 ἀδικούμενοι,
1814 5210 1914 5273 τὰς

343 5296 599 5364 ἀπαρχὰς
648 5295 1085 5366 καθυϐρίσωμεν,
1137 5297 1251 5350 ἀλλ’
1295 5297 1406 5364 ἐγὼ
1461 5297 1561 5365 μὲν
1608 5297 1759 5350 οὐδὲν
1802 5299 1915 5372 ἐρῶ

343 5387 625 5457 δυσχερὲς,
672 5387 796 5440 ἐπεὶ
832 5387 956 5457 μηδ’
1003 5387 1145 5457 ὑμᾶς
1177 5387 1378 5452 ἐλπίζω
1410 5388 1504 5441 τοῦ
1538 5388 1730 5442 λοιποῦ
1776 5389 1915 5462 θρή-

342 5495 467 5542 νους
498 5478 595 5531 καὶ
624 5477 800 5540 λύπας
849 5477 944 5532 καὶ
968 5477 1194 5530 τοιαῦτα
1227 5478 1396 5548 πάθη,
1427 5478 1464 5533 ἀ
1488 5478 1584 5533 τοῦ
1620 5480 1917 5552 δυσχεροῦς

349 5569 496 5623 ἔστιν
527 5568 695 5637 αἰτία,
727 5568 1168 5639 περιϐάλλεσθαι.
1204 5568 1307 5636 Εῖη
1331 5569 1386 5622 δέ
1422 5588 1511 5641 μοι
1548 5573 1643 5628 καὶ
1675 5572 1737 5628 τὸ
1759 5572 1914 5631 Θεῖον

422 5756 488 5788 ¹¹⁶
514 5753 674 5811 Joan.
701 5770 779 5821 ιι,
813 5751 903 5808 24.
980 5754 1024 5787 ³⁸
1062 5752 1081 5807 l
1111 5751 1239 5810 Cor.
1274 5771 1334 5823 ιι,
1364 5758 1417 5814 9.

1988 3211 2243 3281 gaudium
2299 3219 2353 3264 et
2397 3210 2813 3264 exsultationem
2866 3210 3163 3263 habeamus
3212 3225 3227 3263 :
3277 3208 3566 3279 pulchrum

1988 3311 2073 3356 est
2121 3316 2467 3355 successuros
2512 3300 2811 3369 possidere,
2844 3300 3222 3369 possidemus:
3250 3299 3569 3368 praclarum

1990 3402 2074 3447 est
2108 3385 2376 3461 primitias
2398 3391 2636 3461 largitori
2656 3406 2977 3446 consecrare
3022 3399 3077 3445 et
3098 3391 3345 3444 omnium
3369 3390 3569 3455 datori,

1991 3485 2136 3554 quod
2168 3484 2415 3549 fecimus,
2447 3484 2666 3539 olferre.
2695 3482 2968 3538 Incertum
3000 3482 3153 3551 prius
3182 3492 3320 3547 erat,
3364 3497 3502 3551 quos
3539 3497 3571 3536 ο

1994 3575 2178 3630 liberis
2213 3575 2322 3629 Deo
2361 3575 2625 3644 primitias
2659 3574 2806 3638 dare,
2848 3588 2986 3642 quos
3036 3573 3253 3642 generis
3290 3573 3572 3627 destinare

1996 3666 2324 3722 successioni
2357 3674 2650 3736 oporteret.
2712 3665 2865 3720 Nunc
2900 3666 2945 3719 si
2976 3673 3256 3735 gratanter
3307 3664 3575 3734 primitias

1998 3758 2331 3821 dederimus,
2365 3772 2475 3811 non
2523 3756 2665 3810 inter
2720 3756 2929 3810 incerta
2963 3755 3237 3811 vacillabit
3286 3770 3432 3825 spes,
3473 3756 3569 3810 sed

2000 3849 2225 3902 immoto
2252 3846 2307 3900 in
2336 3854 2479 3900 statu
2507 3843 2667 3899 delixi
2709 3843 2916 3898 erimus
2947 3862 2960 3897 :
2989 3841 3133 3897 Deus
3170 3857 3445 3911 nunquam
3488 3857 3579 3897 ac-

2001 3939 2164 4009 cepit,
2194 3937 2325 4008 quin
2367 3936 2596 4005 amplius
2630 3934 2918 4005 largiatur;
2958 3949 3174 4003 semper
3220 3934 3304 3988 vel
3356 3932 3578 3986 minima

2003 4026 2251 4100 maximis
2272 4037 2326 4083 et
2348 4025 2642 4096 insperatis
2662 4025 2823 4079 bonis
2845 4031 3182 4080 remunerat.
3212 4022 3305 4077 Sin
3334 4022 3578 4092 planctu,

2005 4127 2065 4174 ut
2093 4119 2287 4188 injuria
2318 4116 2495 4171 allecti
2527 4116 2791 4185 primitias
2810 4115 3203 4171 dedecoremus
3230 4131 3244 4166 :
3268 4128 3580 4183 quanquam

2006 4210 2143 4264 nihil
2200 4225 2298 4279 ego
2346 4207 2592 4277 proloqui
2648 4206 2947 4260 infaustum
3002 4204 3187 4267 velim,
3230 4205 3435 4271 quippe
3486 4201 3579 4269 qui

2008 4313 2217 4368 sperem
2246 4307 2297 4352 te
2326 4297 2393 4351 de
2423 4305 2618 4351 caetero
2660 4295 2860 4349 nullam
2909 4293 3067 4347 talem
3118 4291 3425 4360 passionem
3446 4330 3461 4355 ,
3502 4290 3583 4343 la-

2009 4402 2209 4456 menta,
2245 4404 2531 4445 maerorem
2559 4387 2923 4442 admissurum
2945 4426 2959 4449 ,
2993 4383 3136 4437 unde
3166 4382 3390 4437 infausti
3423 4382 3583 4450 quid-

2011 4496 2173 4551 quam
2214 4472 2533 4550 procuretur
2561 4496 2573 4532 :
2609 4479 2742 4532 mihi
2776 4475 2985 4530 Numen
3019 4484 3074 4528 et
3117 4488 3212 4542 spe
3246 4480 3301 4526 et
3330 4469 3586 4541 sulIragio

2007 4573 2216 4637 faveat;
2240 4570 2387 4625 lavet
2407 4580 2612 4633 autem,
2640 4579 2695 4623 et
2717 4569 3021 4621 libertatem
3043 4562 3295 4634 loquendi
3312 4561 3584 4623 concedit.

2007 4672 2061 4720 te
2089 4664 2155 4718 ab
2182 4662 2347 4717 animi
2398 4676 2630 4716 maerore
2682 4660 2735 4714 in
2785 4659 3079 4730 gratiarum
3135 4654 3405 4709 actionem
3454 4667 3587 4707 con-

2007 4769 2185 4817 verso,
2220 4752 2447 4822 plurima
2476 4767 2599 4805 cum
2630 4750 2853 4819 antiqua
2907 4761 3021 4800 tum
3057 4744 3294 4798 recentia
3315 4742 3586 4811 exempla,

2008 4862 2129 4917 quae
2161 4846 2403 4900 solamen
2434 4842 2687 4909 all‘erant,
2723 4846 3116 4911 repraesentare
3152 4849 3397 4904 possum.
3444 4832 3588 4897 Quin

2012 4947 2071 4993 ut
2096 4937 2239 5008 quod
2271 4951 2358 4991 res
2391 4945 2472 4991 est
2502 4934 2699 4995 dicam,
2731 4939 2837 4984 tota
2867 4929 3151 4983 hominum
3178 4924 3285 4978 vita
3312 4923 3476 4992 huius
3502 4931 3587 4976 est

2010 5030 2350 5100 exemplum,
2410 5044 2572 5098 quam
2623 5023 2946 5096 cogitatione
3006 5032 3379 5073 rememorans
3432 5015 3591 5070 facile

2012 5121 2367 5190 dejectionem
2395 5134 2610 5173 onmem
2636 5116 2944 5170 amolietur.
2984 5111 3154 5180 Maius
3179 5108 3355 5164 adhuc
3378 5107 3588 5170 dixero,

2013 5222 2069 5266 et
2118 5210 2458 5267 tretnendum
2512 5206 2672 5271 illud;
2726 5206 2791 5259 ad
2831 5219 2969 5273 quos
3021 5201 3258 5271 pertinet
3296 5198 3584 5255 defunctos

2014 5302 2328 5371 deplorare?
2362 5300 2450 5355 hic
2473 5300 2588 5369 ipse
2614 5312 2721 5351 non
2749 5295 2947 5359 dicam,
2981 5292 3075 5347 sed
3104 5292 3254 5347 orbis
3277 5302 3585 5360 praeconem

2013 5393 2300 5462 compello,
2334 5402 2394 5445 ut
2426 5405 2559 5445 voce
2590 5404 2686 5443 sua
2711 5387 2962 5443 enuntiet
3004 5384 3230 5440 cceleste
3260 5382 3538 5435 decretum
3573 5393 3588 5429 :

2014 5486 2091 5540 De
2138 5485 2514 5540 dormientibus
2563 5482 2681 5537 nolo
2724 5496 2810 5535 vos
2838 5481 3099 5551 ignorare,
3147 5478 3338 5546 fratres
3372 5490 3385 5525 :
3419 5481 3476 5523 ut
3530 5482 3593 5522 ne

2015 5577 2237 5632 tristitia
2268 5593 2354 5633 vos
2383 5578 2459 5631 ita
2491 5574 2810 5645 aﬂiciemini,
2838 5567 3278 5644 quemadmodum
3309 5571 3357 5618 et
3389 5556 3589 5625 cwteri,
