4080 6410
575 358 677 421 979

1698 378 1961 445 PHOTII
1996 381 2506 449 PATRIARCHE
2543 389 2654 454 (ΖΡ.

3722 389 3844 454 980

574 472 664 537 qui
700 488 841 541 spem
874 490 976 530 non
1003 479 1192 536 habent
1216 482 1286 538 ’³.
1348 483 1548 542 Paulus
1586 488 1783 545 horum
1836 502 1922 548 est
1958 492 2139 549 bucci-

2252 496 2318 566 τῇ
2346 512 2406 548 τε
2432 496 2621 567 ψήφῳ,
2644 496 2739 551 καὶ
2766 497 2829 569 τῇ
2853 496 3027 551 ἐλπίδι
3052 497 3529 568 συνεφαπτόμενον
3549 514 3563 530 ο
3593 499 3688 553 καὶ
3710 499 3837 553 ἔστι

571 570 748 627 nator,
812 566 1018 622 caelesti
1078 570 1357 632 institutus
1423 578 1853 647 ludolitterario,
1910 582 2003 652 qui
2069 592 2152 638 to-

574 658 687 703 tum
739 656 1005 712 mundum
1035 660 1207 717 obivit
1255 666 1600 734 praedicando
1638 669 1888 727 :Christi
1940 688 2003 728 os
2045 674 2151 729 cla-

570 750 703 806 mat,
738 742 984 802 inﬁdeles
1026 749 1242 820 decere,
1282 756 1350 811 de
1380 757 1657 816 defunctis
1700 762 1923 818 tristitia
1965 763 2104 818 allici
2130 803 2148 827 ,

572 836 992 893 resurrectionis
1013 854 1167 910 spem
1206 847 1574 920 exstinguere,
1603 868 1715 906 non
1740 854 2013 908 credendo
2039 855 2150 909 vir-

573 927 748 977 tutem
815 931 1058 998 mysterii
1121 938 1421 993 secundum
1492 940 1792 998 Christum.
1849 942 2147 1000 Tristitiam

571 1012 734 1081 igitur
762 1030 1042 1088 exuamus,
1068 1039 1138 1079 ne
1173 1039 1381 1084 reatum
1410 1035 1795 1089 contrahamus
1813 1036 1948 1089 tanti
1981 1037 2144 1101 mali;

570 1118 642 1156 ne
674 1103 839 1161 tiliam
884 1118 1032 1166 tuam
1072 1131 1204 1171 vero
1242 1119 1445 1177 damno
1473 1123 1803 1191 alliciamur;
1836 1142 1960 1179 nam
2000 1143 2148 1181 nunc

565 1193 859 1252 Abrahami
882 1201 1004 1257 sinu
1028 1203 1261 1273 fovetur,
1286 1209 1483 1266 ibidem
1502 1229 1611 1268 non
1632 1214 1705 1269 ita
1731 1215 2025 1286 longopost
2046 1217 2147 1271 hac

566 1294 813 1356 tempore
847 1291 991 1348 illam
1045 1296 1221 1354 laetam
1262 1310 1318 1357 et
1345 1305 1708 1361 exsultantem
1752 1307 2092 1362 intuebimur
2126 1326 2141 1362 :

566 1378 651 1430 sin
696 1391 885 1439 contra
930 1387 1149 1446 Domini
1204 1394 1375 1465 legem
1416 1398 1650 1467 puellam
1689 1399 1899 1463 deﬂeo,
1936 1402 2005 1456 ab
2052 1401 2145 1456 illo

566 1471 796 1539 pulchro
822 1482 1132 1545 spectaculo
1175 1487 1433 1555 expellor.
1488 1488 1656 1546 Visne
1686 1507 1814 1561 ergo
1854 1492 2018 1546 ﬁliam
2063 1493 2145 1547 in-

567 1563 729 1627 tueri,
760 1569 963 1637 repelle
1007 1572 1236 1640 luctum,
1286 1594 1383 1647 per
1418 1580 1689 1636 actionem
1717 1584 2011 1653 gratiarum
2045 1584 2145 1639 de-

565 1653 709 1708 clara
741 1666 794 1711 te
814 1658 1036 1730 dignum
1065 1664 1249 1721 laztitia
1276 1669 1400 1723 illa?
1426 1671 1469 1725 si
1494 1672 1733 1728 luctibus
1757 1676 1937 1733 adhuc
1965 1675 2144 1731 indul-

565 1759 811 1813 geamus,
863 1750 1172 1809 desiderato
1229 1774 1329 1814 nos
1385 1762 1687 1830 privamus.
1738 1766 1950 1822 Laatitia
2007 1768 2138 1822 inibi

564 1832 810 1900 ploratus
848 1841 1045 1897 nescit.
1102 1829 1498 1905 Exsultationis
1550 1861 1605 1907 et
1657 1856 1840 1923 gaudii
1883 1859 2143 1927 nuptialis
2174 1829 2216 1884 Β

562 1923 837 1983 thalamus
862 1930 1041 1987 locum
1072 1934 1382 2007 lugentibus
1433 1958 1543 1996 non
1580 1947 1878 2014 concedet;
1916 1923 2018 2005 nec
2049 1951 2141 2005 ad-

563 2015 745 2070 mittet
782 2018 1168 2091 lacrymantes,
1198 2044 1335 2097 quos
1368 2032 1613 2089 hwredes
1640 2038 1820 2106 gaudii
1848 2038 2142 2109 inexplica-

562 2104 689 2160 bilis
718 2108 900 2165 habet.
929 2111 1116 2170 Visum
1159 2128 1244 2173 est
1284 2120 1473 2177 factori
1505 2104 1823 2195 ﬁgmentum
1876 2104 2141 2203 reﬁngere

560 2196 631 2252 ad
656 2196 1147 2272 immortalitatem;
1177 2209 1320 2265 hanc
1347 2210 1554 2268 felicem
1581 2230 1682 2287 ego
1710 2226 1913 2273 sortem
1949 2196 2142 2290 puella:

560 2301 670 2340 non
729 2289 964 2360 invideo,
1019 2310 1122 2351 nec
1173 2302 1501 2358 sententiam
1546 2314 1737 2362 contra
1789 2313 2142 2367 murmurabo

558 2393 702 2443 eam,
744 2396 907 2452 quam
953 2389 1205 2458 amplecti
1259 2392 1515 2449 deberem
1552 2396 1930 2456 :Dominicam
1977 2403 2141 2475 largi-

560 2479 727 2528 tatem
767 2474 823 2530 in
854 2480 1249 2550 'argumentum
1298 2486 1703 2557 ingratitudinis
1746 2508 1856 2548 non
1900 2474 2136 2552 traxero.

556 2562 744 2621 Morbo
804 2569 1100 2639 aliquando
1151 2575 1432 2631 laborabat
1489 2579 1685 2636 ﬁliolus
1741 2588 1923 2656 magni
1997 2589 2140 2659 regis

558 2654 746 2723 David,
780 2662 1006 2717 morbus
1032 2667 1345 2735 sepulcrum
1373 2675 1731 2730 monstrabat.
1761 2654 1857 2733 Ille
1882 2654 2132 2736 morbum

555 2748 881 2807 calamitatis
918 2754 1036 2811 loco
1064 2757 1291 2825 habens,
1324 2777 1532 2831 pronus
1560 2769 1844 2835 sternitur,
1869 2771 2139 2844 lacrymas

555 2839 810 2909 implorat
837 2859 1063 2913 numen,
1095 2864 1124 2902 a
1159 2850 1281 2905 cibo
1307 2861 1361 2907 et
1386 2852 1534 2909 omni
1558 2859 1806 2928 corporis
1831 2862 1979 2916 cultu
2015 2864 2139 2919 abs.

558 2929 719 2985 tinet.
754 2934 822 2987 At
868 2936 959 2990 ubi
1024 2940 1259 2994 excessit
1313 2946 1549 3012 puellus,
1601 2950 1782 3004 statim
1830 2952 2139 3021 deponebat

486 3034 489 3037 ·
555 3019 785 3076 luctum.
816 3024 1019 3082 Orabat
1046 3030 1194 3098 prius
1215 3041 1276 3086 ut
1302 3033 1570 3091 viscerum
1595 3040 1761 3109 stirps
1789 3019 2133 3109 subsisteret;

2255 603 2353 654 γε’
2389 588 2553 652 αὐτός
2590 606 2682 660 μοι
2706 590 2807 661 τὴν
2843 590 3157 662 παρρησίαν
3192 593 3420 662 χορηγεῖ
3470 590 3647 661 ὑμῶν,
3692 592 3840 661 ὅπερ

2252 678 2411 749 ἔφην.
2439 680 2550 733 ἀπὸ
2572 681 2669 751 τῆς
2699 682 2939 750 ἀθυμίας
2981 684 3065 746 είς
3118 683 3471 753 εὐχαριστίαν
3501 683 3853 769 ἀνενεγκόν-ξ

2201 800 2207 808 ’
2250 788 2383 838 των,
2414 772 2590 826 πολλά
2628 773 2817 827 διξκαῖ⁸
2856 775 2951 827 νέα
2982 776 3079 828 καὶ
3108 774 3315 829 παλαιὰ
3354 773 3448 827 τοῦ
3486 773 3839 842 συνενεχθέν-

2249 880 2342 925 τος
2369 865 2451 926 είς
2477 864 2839 934 ψυχαγωγίαν
2880 865 3258 935 ὑποδείγματα
3284 884 3299 895 ·
3339 864 3539 934 μᾶλλον
3568 864 3613 918 δ’
3636 863 3836 933 ἀληθέ-

2252 969 2441 1024 στερον
2494 956 2689 1019 εἰπεῖν,
2724 956 2846 1019 ὅλος
2880 958 2909 1008 6
2960 956 3075 1026 βίος
3123 958 3315 1009 τούτου
3346 956 3723 1027 παράδειγμα.
3772 954 3836 1009 ὃν

2248 1049 2364 1109 τοῖς
2387 1049 2668 1117 λογισμοῖς
2704 1048 3095 1114 ἐπιδιελθόντα,
3129 1049 3311 1102 πᾶσαν
3339 1049 3455 1101 ἐστι
3512 1050 3645 1119 ῥᾷον
3690 1048 3834 1101 ἀπο-

2250 1136 2437 1191 θέσθαι
2465 1137 2566 1209 τὴν
2588 1140 2915 1211 κατήφειαν.
2950 1140 3105 1195 Εἴπω
3126 1141 3187 1194 τὸ
3215 1140 3421 1211 μεῖζον,
3453 1140 3660 1211 μᾶλλον
3684 1140 3742 1194 ἃ
3768 1139 3832 1194 τὸ

2248 1228 2454 1299 φρίκης
2481 1230 2672 1299 γέμον⁸
2695 1231 2855 1285 τίνων
2882 1232 3002 1285 ἐστὶ
3030 1233 3092 1285 τὸ
3122 1233 3411 1286 λυπεῖσθαι
3442 1232 3570 1296 τοὺς
3598 1233 3831 1303 ἀποιχο-

2252 1320 2479 1388 μένουςς
2515 1319 2716 1390 μᾶλλον
2744 1321 2802 1374 δέ
2852 1321 2964 1374 οὐδ’
2988 1322 3154 1385 αὐτὸς
3215 1320 3347 1392 ἐρῶ,
3381 1322 3474 1376 τὸν
3522 1324 3746 1393 κήρυκα
3772 1322 3831 1375 δὲ

2246 1409 2344 1479 τῆς
2368 1411 2699 1481 οἰκουμένης
2736 1412 2909 1478 καλῶ,
2940 1412 3029 1465 διὰ
3059 1412 3159 1482 τῆς
3181 1412 3392 1476 οίκείας
3427 1418 3613 1485 φωνῆς
3643 1416 3835 1482 ἀπαγ.

2246 1499 2426 1565 γεῖλαι
2478 1498 2542 1552 τὸ
2582 1499 2904 1569 ἐπουράνιον
2953 1499 3211 1569 ψήφισμα
3241 1515 3259 1531 '
3294 1502 3378 1554 Οὐ
3461 1503 3614 1555 θέλω
3672 1500 3833 1571 ὑμᾶς

2246 1590 2505 1658 ἀγνοεῖν.
2542 1590 2815 1660 ἀδελφοί,
2857 1591 2987 1659 περὶ
3031 1592 3152 1645 τῶν
3202 1592 3677 1660 κεκοιμημένων,
3731 1594 3831 1648 ἵνα

2242 1678 2329 1747 μὴ
2352 1678 2638 1747 λυπῆσθε
2659 1681 2758 1735 καί
2775 1680 2965 1750 ὑμεῖς,
2990 1680 3186 1747 καθὼς
3214 1681 3313 1734 καί
3336 1684 3391 1734 οἱ
3416 1682 3643 1746 λοιποί,
3662 1684 3718 1735 οἱ
3740 1682 3827 1751 μὴ

2244 1769 2491 1839 ἔχοντες
2540 1772 2780 1829 ἐλπίδα.
2838 1771 3051 1836 Παῦλός
3085 1774 3232 1826 ἐστιν
3259 1776 3287 1826 6
3321 1770 3597 1837 σαλπίζων
3630 1772 3826 1840 ταῦτα,

2244 1864 2273 1915 6
2298 1862 2378 1931 τῷ
2408 1862 2659 1934 οὐρανίῳ
2679 1864 2992 1928 παιδευθεὶς
3039 1864 3420 1935 διδασκαλείῳ,
3451 1865 3481 1917 6
3510 1864 3611 1935 τὴν
3645 1868 3827 1919 οἰκου-

2247 1954 2417 2024 μένην
2472 1955 2655 2008 πᾶσαν
2706 1953 3019 2025 περιλαϐὼν
3072 1955 3151 2025 τῷ
3195 1956 3557 2027 κηρύγματι,
3614 1957 3679 2010 τδ
3730 1956 3823 2010 τοῦ

2242 2043 2481 2114 Χριστοῦ
2508 2043 2706 2113 στόμα,
2739 2043 2989 2095 ἀπίστων
3027 2040 3165 2096 εἶναι
3199 2043 3298 2115 βοᾷ
3336 2046 3437 2115 τὴν
3466 2046 3560 2097 ἐπὶ
3583 2048 3700 2105 τοῖς
3740 2062 3825 2101 τε·

2243 2133 2474 2187 λευτῶσι
2520 2133 2721 2203 λύπην,
2763 2132 3101 2186 σϐεννύντων
3152 2138 3251 2206 τῆς
3327 2136 3684 2201 ἀναστάσεως
3727 2136 3827 2207 τὴν

2240 2226 2452 2287 ἐλπίδα,
2486 2226 2865 2279 ἀπιστούντων
2906 2225 3000 2279 τοῦ
3034 2226 3177 2280 κατὰ
3235 2229 3471 2298 Χριστὸν
3519 2230 3827 2299 μυστηρίου

2240 2315 2339 2387 τὴν
2370 2315 2625 2385 δύναμιν.
2668 2316 2813 2370 Ἀλλ’
2843 2318 3179 2390 ἀποθώμεθα
3231 2319 3329 2385 τὴν
3376 2319 3575 2389 λύπην,
3622 2319 3711 2373 ἵνα
3748 2320 3822 2391 μὴ

2240 2406 2579 2477 τηλικούτοις
2630 2410 2822 2472 κακοῖς
2872 2408 3048 2478 ἔνοχοι
3105 2409 3403 2480 φανῶμενο
3474 2411 3564 2462 ῖνα
3624 2410 3702 2481 μὴ
3748 2410 3824 2474 ὡς

2240 2501 2457 2571 ἀληθῶς
2497 2501 2620 2555 τότε
2649 2501 2749 2571 τὴν
2786 2503 2953 2557 παῖδα
2983 2502 3377 2573 ζημιωθῶμεν.
3418 2503 3534 2556 Νῦν
3581 2503 3686 2574 μὲν
3719 2504 3826 2572 γὰρ

2242 2590 2433 2643 κόλποι
2468 2590 2766 2645 θάλπουσιν
2801 2592 2973 2662 αὐτὴν
3037 2592 3385 2663 Ἀδραμιαῖοι
3411 2606 3428 2622 ⁸
3480 2593 3649 2646 κάκεῖ
3689 2594 3821 2647 ταύ-

2237 2700 2359 2753 την,
2385 2683 2822 2754 εὐφραινομένην
2844 2684 2938 2737 καὶ
2968 2685 3290 2755 χαίρουσαν,
3330 2686 3447 2755 μετ’
3479 2685 3665 2753 ὀλίγον
3699 2685 3823 2739 θεα-

2240 2774 2466 2842 σόμεθα.
2517 2775 2641 2827 Ἐὰν
2687 2775 2744 2828 δὲ
2790 2775 2941 2845 παρά
2990 2776 3119 2839 τοῦς
3160 2776 3529 2840 Δεσποτικοὺς
3585 2777 3824 2846 θεσμοὺς

2236 2864 2348 2932 ἐγὼ
2380 2866 2478 2933 τὴν
2512 2866 2678 2919 παῖδα
2701 2866 2904 2937 θρηνῶ,
2932 2866 3233 2936 ἐλαύνομαι
3281 2868 3375 2920 τοῦ
3416 2866 3587 2921 καλοῦ
3614 2869 3824 2938 θεάμα-

2238 2972 2326 3019 τος
2366 2956 2597 3013 ὲκείνου.
2660 2959 2852 3021 Ποθεῖς
2909 2958 3009 3027 τὴν
3087 2959 3254 3011 παῖδα
3284 2958 3620 3026 θεάσασθαι;
3664 2960 3823 3031 ῥίψαν

2238 3047 2346 3098 ἀπὸ
2384 3047 2479 3099 σοῦ
2511 3047 2611 3117 τὴν
2650 3047 2828 3117 λύπην
2848 3065 2862 3079 ο
2895 3048 3066 3115 δεῖξον
3094 3050 3342 3113 σεαυτὸν,
3377 3050 3444 3102 δι’
3473 3043 3549 3103 ὦν
3592 3050 3818 3121 εὐχαρι-

555 3122 842 3182 postquam
878 3118 1013 3174 vidit
1036 3118 1305 3180 Fictorcm
1336 3127 1732 3187 determinassc
1774 3135 2002 3202 abitum,
2040 3154 2137 3207 per

556 3203 760 3227 .._-..-__
796 3207 984 3227 εμπ-.-
1034 3226 1071 3227 η
1132 3222 1142 3227 _
1228 3215 1259 3227 Α.
1418 3217 1429 3227 .
1470 3219 1483 3227 .

2242 3140 2407 3201 στεῖς,
2442 3138 2590 3203 ἄξιον
2624 3137 2724 3206 τῆς
2772 3138 2984 3191 ἐκεῖθεν
3018 3139 3396 3208 εὐφροσύνης’
3457 3140 3574 3194 ἀλλ’
3635 3118 3693 3193 εί
3736 3118 3821 3192 ἐτι

555 3203 763 3258 luctum
790 3207 993 3275 judicis
1026 3215 1351 3270 sententiam
1380 3217 1583 3275 violare
1614 3237 1725 3276 non
1762 3233 1881 3279 erat
1928 3242 2094 3283 ausus
2122 3248 2133 3283 :

554 3295 649 3348 sed
671 3297 1042 3356 sublimiorem
1071 3318 1131 3358 se
1159 3307 1306 3360 omni
1336 3308 1639 3377 dejectione
1670 3325 1956 3384 praestans,
1975 3334 2138 3375 voces

554 3386 737 3441 emisit
775 3390 974 3459 gratias
1015 3408 1258 3465 agentes,
1290 3407 1345 3453 et
1389 3401 1589 3457 usitato
1632 3421 1783 3462 more
1829 3423 1887 3463 se
1923 3409 2133 3466 refecit.

555 3476 632 3532 lta
658 3494 767 3535 non
791 3482 1017 3539 all‘ectos
1041 3502 1161 3543 esse
1199 3489 1389 3559 decet;
1434 3496 1478 3548 si
1534 3495 1842 3554 infirmatur
1872 3501 2013 3556 ﬁlius
2042 3518 2136 3559 co-

553 3580 770 3640 gnatus,
801 3576 1028 3643 amicus,
1061 3580 1105 3632 si
1132 3583 1355 3638 morbus
1380 3596 1610 3643 mortem
1635 3593 1935 3660 parturiat:
1964 3595 2134 3652 Deum

551 3678 804 3730 veneror,
836 3676 897 3722 ut
926 3669 1135 3727 auferat
1160 3675 1429 3740 morbum,
1470 3679 1580 3746 det,
1617 3684 1781 3737 donet
1818 3686 2135 3744 desideran-

553 3752 701 3809 tibus
724 3756 1054 3815 desiderium
1096 3777 1254 3819 suum
1288 3785 1302 3819 :
1334 3769 1428 3823 sed
1467 3774 1873 3830 translationem
1904 3778 1995 3834 ille
2029 3782 2135 3836 uti-

552 3843 742 3899 liorem
772 3849 1009 3917 judicat;
1037 3854 1192 3910 decet
1220 3857 1475 3929 deinceps
1505 3863 1572 3916 de
1615 3864 1700 3918 illa
1722 3867 2130 3937 dispensatione

553 3935 757 4001 gratias
793 3953 973 4007 agere,
1016 3953 1306 4000 contentos
1357 3963 1499 4015 esse,
1534 3967 1637 4005 nee.
1674 3954 1823 4010 luctu
1858 3967 1913 4013 et
1959 3962 2133 4031 gemi-

554 4023 701 4077 tibus
729 4026 1003 4084 Creatoris
1028 4032 1288 4101 judicium
1316 4038 1539 4094 violare.
1573 4043 1627 4097 Si
1657 4048 1780 4113 quis
1806 4023 2130 4109 nobis'insi-

553 4114 732 4168 dietur
755 4116 987 4184 daemon,
1019 4132 1074 4177 et
1100 4124 1294 4181 Johum
1325 4145 1515 4187 rursus
1536 4134 1801 4203 deposcit,
1826 4140 1873 4194 si
1896 4144 2132 4199 malevo-

554 4204 666 4259 lum
688 4222 811 4261 cum
834 4224 992 4266 servo
1016 4229 1116 4269 suo
1138 4220 1475 4278 committere
1497 4225 1642 4281 Deus
1665 4230 1815 4294 velit,
1845 4232 1888 4286 si
1916 4235 2130 4303 patien-

552 4296 682 4350 tiam
716 4300 830 4354 vult
861 4304 1143 4371 explorare
1176 4310 1243 4364 ad
1279 4314 1674 4374 convictionem
1706 4322 2029 4393 adversarii,
2077 4328 2124 4384 si

551 4389 790 4444 stadium
847 4397 1129 4452 certamini
1168 4403 1362 4470 aperit,
1396 4416 1449 4461 ut
1488 4410 1798 4477 pudefaciat
1837 4389 2123 4488 antagoni-

550 4486 713 4540 stam,
762 4481 1021 4539 athletam
1075 4501 1298 4546 coronet

549 4564 772 4622 virtutis
820 4570 1258 4640 deprecationem
1326 4581 1505 4638 facere
1559 4602 1667 4642 non
1723 4604 1958 4661 oportet,
2025 4614 2129 4654 nec

548 4664 765 4724 tempus
787 4673 1110 4717 coronarum
1146 4668 1505 4728 lamentorum
1538 4684 1751 4748 tempus
1772 4687 2125 4753 constituere,

548 4761 659 4800 non
695 4754 1009 4809 certaminis
1037 4758 1214 4825 diem,
1258 4763 1401 4819 diem
1443 4767 1841 4843 lacrymarum;
1874 4794 1985 4833 non
2034 4796 2130 4849 per

549 4853 643 4892 eos
664 4854 800 4909 quos
828 4850 1109 4903 coronavit
1137 4854 1426 4925 patientia;
1457 4876 1571 4916 non
1602 4879 1699 4933 per
1721 4881 1951 4924 coronas
1982 4872 2127 4942 ipsas

548 4929 1024 4995 immarcescibiles
1044 4951 1096 4997 et
1116 4946 1428 5014 splendidas
1448 4969 1459 5005 :
1482 4954 1599 5009 hazc
1623 4972 1947 5026 generosum
1974 4974 2124 5021 tuum

547 5024 789 5079 animum
815 5030 1103 5100 dedecent,
1130 5038 1393 5107 judicium
1437 5047 1667 5103 solidum
1690 5090 1705 5115 ,
1734 5053 1961 5110 virtutes
1997 5059 2123 5113 reli-

652 5769 697 5799 ³³
736 5771 972 5832 lThcss.
1122 5784 1204 5838 l2.

2244 3229 2546 3299 στέργομεν
2576 3231 2702 3292 τοὺς
2755 3229 3007 3300 θρήνους,
3061 3232 3293 3296 ἑαυτοὺς
3328 3234 3695 3302 στερίσκομεν
3724 3232 3820 3286 τοῦ

2242 3319 2577 3389 ποθουμένου
2604 3337 2618 3352 ·
2648 3321 2747 3373 οὐκ
2775 3317 2884 3374 οἶδε
2914 3322 3151 3393 θρήνους
3175 3326 3207 3393 ὴ
3236 3323 3444 3376 ἐκεῖθεν
3477 3325 3819 3395 εὐφροσύνη’

2239 3412 2347 3465 οὐδ’
2377 3414 2405 3464 6
2432 3414 2531 3481 τῆς
2579 3398 2958 3479 ἀγαλλιάσεως
2987 3416 3080 3468 καὶ
3105 3417 3281 3487 χαρᾶς
3308 3415 3538 3485 νυμφῶν
3560 3416 3817 3487 ἀνέχεται

2240 3504 2496 3572 γενέσθαι
2523 3505 2725 3575 χωρίον
2758 3506 3099 3560 πενθούντων
3121 3524 3134 3538 ·
3163 3508 3274 3560 οὐδ’
3314 3507 3487 3561 ἐθέλει
3511 3508 3820 3579 παραδέχε-

2240 3596 2365 3648 σθαι
2386 3596 2511 3658 τούς
2559 3597 2663 3649 ὐπὸ
2685 3597 2917 3669 δάκρυσι
2949 3598 3195 3663 τιθέντας
3217 3641 3230 3664 ,
3263 3599 3358 3662 οὓς
3388 3600 3551 3665 αὐτὸς
3588 3598 3821 3653 ἀνεκλα-

2238 3686 2404 3757 λὴτου
2433 3689 2607 3758 χαρᾶς
2644 3689 2758 3759 ἔχει
2802 3689 3194 3761 κληρονόμους.
3224 3693 3480 3762 Ἐκρινεν
3512 3694 3539 3745 ὁ
3566 3692 3822 3760 Πλάστης

2236 3779 2297 3832 τὸ
2316 3779 2540 3849 πλάσμα
2561 3780 2695 3850 πρὸς
2714 3782 3010 3835 ἀθανασίαν
3031 3783 3399 3853 μεταπλάσαιο
3418 3784 3492 3854 μὴ
3508 3781 3821 3851 βασκαίνω-

2240 3886 2340 3939 μεν
2388 3869 2488 3938 τῆς
2535 3872 2883 3941 εὐδαιμονίας
2920 3873 3020 3942 τὴν
3058 3874 3240 3936 παῖδα,
3278 3873 3413 3943 μηδὲ
3453 3874 3553 3940 τῆς
3583 3872 3819 3942 κρίσεως

2235 3962 2303 4032 ἢν
2332 3962 2436 4015 ἔδει
2461 3962 2762 4033 θαυμάζειν
2814 3966 3315 4035 καταγογγύζωμεν
3337 3982 3351 3995 ·
3402 3964 3536 4035 μηδέ
3564 3966 3665 4033 τὴν
3719 3966 3818 4017 Δεδ-

2237 4054 2502 4122 σποτικὴν
2578 4055 2893 4125 φιλοτιμίαν
2966 4058 3047 4119 εἰς
3108 4057 3368 4110 ὑπόθεσιν
3423 4056 3821 4126 ἀγνωμοσύνης

2237 4143 2576 4215 βιαζώμεθα.
2628 4147 2831 4200 Ἐνόσει
2869 4148 2997 4201 ποτὲ
3022 4149 3234 4202 παιδίον
3267 4148 3361 4201 τοῦ
3395 4149 3634 4218 μεγάλου
3662 4148 3817 4217 βασις

2232 4234 2369 4299 λέως
2390 4238 2573 4302 Δαόὶδ,
2610 4238 2767 4308 καὶὴ
2818 4239 2971 4303 νόσος
3013 4240 3104 4293 τὸν
3138 4241 3310 4309 τάφον
3356 4241 3592 4293 ἐδείκνυ.
3674 4240 3734 4293 ὐ
3763 4239 3820 4293 δέ

2234 4328 2522 4398 συμφορὰν
2572 4330 2672 4401 τὴν
2725 4331 2880 4383 νόσον
2932 4331 3279 4401 ποιούμενος,
3330 4331 3544 4403 πρηνὴς
3615 4331 3816 4394 ἔκειτο,

2231 4423 2324 4474 καὶ
2353 4422 2611 4490 δάκρυσιν
2639 4422 3039 4493 ἐξεμειλίσσετο
3084 4426 3144 4476 τὸ
3179 4424 3355 4483 Θεῖον,
3389 4422 3597 4495 τροφῆς
3630 4440 3694 4475 τε
3725 4422 3820 4475 αὐ·

1355 4510 1367 4545 :
1416 4501 1688 4554 mmstitiae
1745 4517 2124 4573 argumentum

2237 4512 2329 4583 τῆς
2358 4512 2699 4583 ἀπεχόμενος
2745 4516 2838 4566 καὶ
2872 4516 2972 4583 τῆς
2999 4514 3166 4583 ἄλλης
3212 4515 3535 4584 ἐπιμελείας
3581 4515 3678 4567 τοῦ
3707 4512 3813 4567 σὼδ

2230 4623 2420 4676 ματος,
2462 4606 2578 4659 ἀλλ’
2629 4608 2717 4661 ὅτε
2762 4608 2820 4660 τὸ
2862 4607 3077 4661 παιδίον
3124 4608 3391 4677 ἀπῆλθεν,
3429 4608 3631 4660 αὐτίκα
3686 4624 3816 4660 συν-

2227 4701 2463 4755 ἀπέθετο
2487 4702 2583 4755 κοιλ⁵
2612 4702 2710 4774 τὴν
2739 4703 2937 4773 λύπην·
2970 4704 3099 4771 πρὶν
3128 4703 3227 4771 μὲν
3248 4703 3356 4773 γάρ
3388 4702 3600 4755 ἱκέτευε
3627 4720 3809 4772 παρα-

2230 4792 2412 4862 μένειν
2445 4792 2506 4845 τὸ
2550 4794 2682 4861 φυὲν
2715 4794 2822 4846 τῶν
2868 4795 3228 4863 σπλάγχνων·
3266 4795 3389 4847 ἐπεὶ
3434 4794 3493 4846 δὲ
3542 4794 3809 4863 κρίναντα

2224 4882 2324 4951 τὴν
2374 4882 2719 4955 ἀναχώρησιν
2758 4885 2850 4937 τὸν
2885 4887 3138 4956 Πλάστην
3178 4881 3338 4949 εἶδεν,
3393 4887 3493 4939 οὐκ
3538 4886 3810 4956 ἐτόλμησε

2233 4975 2327 5029 τοῦ
2380 4976 2568 5045 κριτοῦ
2606 4978 2705 5045 τὴν
2762 4977 2942 5045 ψῆφον
2999 4977 3399 5047 ἐγκαθυϐρίσαι
3447 4978 3526 5049 τῷ
3585 4978 3813 5031 πένθει’

2230 5064 2345 5120 ἀλλ’
2386 5065 2656 5135 ἀνώτερον
2680 5065 2870 5119 ἐαυτὸν
2904 5068 3084 5137 πάσης
3119 5068 3687 5139 παρασκευασάμενος
3714 5082 3816 5121 κα-

2229 5158 2480 5230 τηφείας,
2515 5159 2973 5229 εὐχαριστηρίους
3007 5160 3161 5229 ἠφίει
3193 5161 3400 5229 φωνὰς,
3434 5160 3530 5213 καὶ
3556 5160 3659 5229 τῆς
3689 5170 3813 5213 συν-

2227 5251 2391 5321 ήθους
2442 5251 2618 5319 είχετο
2665 5250 2917 5319 διαίτης·
2969 5250 3113 5305 οῦτω
3172 5251 3279 5322 χρὴ
3325 5252 3664 5305 διατίθεσθαι
3714 5252 3812 5305 καὶ

2226 5344 2395 5414 ἡμᾶς’
2434 5341 2656 5394 ἀσθενεῖ
2681 5342 2914 5408 παιδίον,
2944 5343 3213 5414 συγγενὴς
3237 5343 3417 5407 ἄλλος,
3439 5344 3472 5413 ἦ
3498 5343 3609 5395 τῶν
3637 5343 3809 5411 φίλων

2223 5450 2329 5495 τις,
2369 5432 2463 5485 καὶ
2491 5433 2523 5503 ἡ
2577 5433 2730 5495 νόσος
2755 5433 2985 5487 θάνατον
3014 5433 3222 5488 ὠδίνειο
3258 5434 3447 5503 δέομαι
3494 5433 3629 5486 Θεοῦ
3662 5450 3809 5504 παρ·

2224 5519 2397 5573 ελθεῖν
2426 5518 2523 5589 τὴν
2572 5519 2725 5573 νόσον
2788 5521 2998 5588 δοῦναι,
3043 5526 3301 5594 παρεῖναι
3350 5522 3412 5577 τὸ
3464 5522 3805 5593 ποθούμενον

2225 5612 2335 5674 τοῖς
2370 5609 2627 5665 ποθοῦσιν
2648 5628 2661 5641 ·
2700 5609 2815 5665 ἀλλ’
2850 5613 3071 5684 ἄμεινον
3105 5615 3269 5677 αὐτὸς
3316 5614 3415 5686 τὴν
3467 5614 3804 5685 μετάστασιν
