4046 6416
214 404 319 470 981

1369 360 1908 466 EPISTOLAIEUM
1945 403 2174 464 LIBER
2205 403 2319 463 III.

3364 408 3470 469 982

219 518 476 588 ἠγαταν
526 517 874 587 εὐχαριστεῖν
923 516 1111 569 λοιπὸν
1138 509 1219 579 οἷς
1245 515 1563 585 ᾠκονόμησε
1622 529 1789 583 προσ-

1917 514 2176 577 nvidiam,
2215 515 2269 567 in
2302 514 2408 569 fine
2448 523 2628 568 autem
2664 516 2879 569 vincere
2913 516 3114 584 inepti,
3160 526 3215 571 et
3256 517 3470 573 desides

212 608 364 678 ήκει·
388 608 639 678 στέργειν
666 607 726 660 τὸ
754 608 996 677 πραχθὲν
1016 608 1112 662 καὶ
1141 607 1216 677 μὴ
1240 607 1316 676 τῷ
1345 606 1530 675 θρήνῳ
1564 605 1791 667 καὶτοῖς

211 700 473 769 ὀδυρμοῖς
517 699 936 769 ἐγκαθυϐρίζειν
972 698 1070 768 τὴν
1114 698 1295 768 κρίσιν
1332 696 1426 749 τοῦ
1472 697 1789 755 κτίσαντος.

212 789 283 841 Ei
313 790 368 841 δέ
392 805 476 849 τις
511 792 607 842 καὶ⁸
636 792 785 858 ἡμᾶς
815 788 1086 860 ἐνεδρεύει
1125 788 1355 856 δαίμων,
1400 787 1494 839 καὶ
1542 786 1633 837 τὸν
1675 783 1792 837 Ἰὼϐ

212 880 383 933 πάλιν
412 880 632 943 ἐξαιτεῖ,
663 883 755 933 καὶ
782 881 914 941 Θεὸς
964 880 1157 948 ἀφίησι
1188 880 1263 947 τῷ
1293 878 1582 947 θεράποντι
1624 874 1792 944 βάσαο

211 986 311 1022 νον
375 971 844 1040 γσυμπλακῆναι,
898 972 994 1024 καὶ
1023 968 1310 1038 δοκιμάζει
1364 968 1464 1036 τὴν
1516 965 1795 1034 ὑπομονὴν

216 1061 313 1114 ἐπ’
345 1061 555 1132 ἐλέγχῳ
587 1063 682 1115 τοῦ
727 1065 1128 1133 ἀντικειμένου,
1178 1063 1273 1115 καὶ
1325 1060 1552 1128 ἀγώνων
1583 1058 1797 1111 στάδιον

212 1152 453 1218 ἀνοίγει,
484 1150 848 1220 καταισχῦναι
881 1152 981 1221 μὲν
1010 1152 1101 1204 τὸν
1128 1149 1557 1219 ἀνταγωνιστὴν,
1601 1163 1797 1215 στεφα-

212 1240 391 1291 νῶσαι
416 1240 473 1291 δέ
504 1240 595 1292 τὸν
616 1240 858 1312 ἀθλητήν
882 1257 896 1271 ·
927 1241 1037 1294 οὐδ’
1059 1240 1201 1294 οὕτω
1224 1241 1331 1311 χρὴ
1355 1241 1510 1303 ἀνίας
1539 1239 1799 1292 ὑπόθεσιν

210 1326 323 1395 τῆς
354 1328 556 1398 ἀρετῆς
606 1329 705 1399 τὴν
749 1330 1110 1400 ἀνακήρυξιν,
1164 1331 1225 1384 οὐ
1265 1330 1363 1400 μὲν
1416 1326 1510 1383 οὖν
1546 1328 1799 1397 οὐδαμῶς

213 1419 519 1483 ποιεῖσθαι,
551 1421 675 1473 ούδέ
702 1421 892 1491 καιρὸν
911 1422 1128 1491 θρήνων
1152 1421 1476 1489 ἀποφαίνειν
1500 1420 1591 1472 τὸν
1610 1418 1801 1489 καιρὸν

217 1510 336 1565 τῶν
362 1512 641 1582 τροπαίων
669 1529 682 1543 ·
715 1513 836 1566 οὐδὲ
858 1513 1072 1583 ἡμέραν
1094 1514 1369 1583 δακρύων,
1391 1513 1493 1583 τῆς
1522 1511 1803 1581 ἀθλήσεως

214 1601 325 1671 τὴν
355 1602 602 1671 ἡμέραν⁸
631 1604 694 1656 οὐ
730 1604 807 1673 μά
836 1607 963 1667 τοὺς
1010 1606 1079 1658 δι’
1121 1605 1399 1674 ὑπομονῆς
1438 1600 1805 1669 στεφανωθέν-

1899 613 2291 667 convincamur
2324 629 2337 664 :
2371 612 2544 665 hostis
2584 612 2839 681 proclivis
2867 612 2933 665 ad
2963 612 3197 680 lapsum,
3235 628 3358 668 cum
3392 614 3473 667 vi-

1898 704 2024 757 dcat
2056 704 2198 757 ferr'e
2240 718 2341 756 nos
2372 704 2642 771 patienter
2680 704 3034 767 tentationes,
3068 703 3221 757 ocius
3259 703 3475 758 absistit

1900 810 1929 844 a
1972 794 2250 857 tentando,
2297 793 2484 846 videns
2520 792 2791 845 hominem
2827 794 3047 847 firmiter
3087 809 3116 846 a
3160 793 3476 849 fortitudine

1902 884 2207 938 fundatum.
2234 885 2288 937 ln
2317 885 2566 953 proximo
2586 894 2692 939 stat
2724 886 2815 954 qui
2839 902 3068 939 coronas
3084 887 3267 949 donat,
3296 886 3477 955 splen-

1902 975 2041 1029 didis
2072 976 2701 1046 remuneratagonistam
2732 977 2945 1031 coronis
2962 977 3025 1030 ad
3055 992 3112 1031 se
3142 986 3475 1046 susceptum,

1901 1079 2004 1117 nec
2033 1064 2263 1118 ulterius
2291 1066 2560 1135 permittit
2596 1081 2719 1120 cum
2751 1067 2907 1120 hoste
2932 1066 3477 1135 impetendum;qnin

1904 1154 2053 1207 illum
2096 1153 2309 1224 longius
2343 1163 2583 1209 amovet.
2619 1155 2773 1221 Quod
2810 1158 2857 1209 si
2886 1154 3256 1224 impudentius
3290 1154 3476 1219 instet,

1903 1255 2048 1301 artes
2081 1246 2201 1315 eius
2230 1256 2286 1301 et
2304 1246 2527 1303 insidias
2555 1247 2748 1312 difflat;
2782 1248 3035 1317 patientis
3061 1247 3276 1302 dolores
3299 1261 3483 1301 remu-

1904 1346 2060 1392 nerat
2090 1338 2351 1393 felicitate
2382 1347 2438 1393 et
2472 1340 2667 1408 gaudio
2714 1340 3092 1409 multiplicato.
3124 1338 3329 1392 Horum
3363 1352 3484 1392 om-

1905 1428 2056 1481 nium
2107 1428 2415 1497 exemplum
2460 1429 2663 1498 praabet
2692 1429 2883 1483 beatus
2924 1443 3116 1482 rursus
3152 1427 3275 1491 Job,
3324 1426 3482 1495 cujus

1907 1518 2199 1588 participes
2239 1519 2386 1572 velut
2428 1528 2483 1573 et
2525 1519 2800 1589 plagarum
2841 1519 2967 1573 facti
3007 1534 3218 1583 sumus,
3259 1518 3481 1588 gaudii,

1909 1607 2113 1675 gloriae,
2145 1614 2200 1660 et
2228 1608 2663 1675 resplendentize,
2695 1609 2779 1662 vel
2808 1608 3001 1663 flemus
3036 1608 3229 1663 saltem
3249 1650 3264 1673 ,
3305 1610 3390 1661 vel
3428 1609 3485 1662 in

215 1708 345 1758 τας,
402 1694 497 1747 καὶ
534 1696 662 1758 τοὺς
709 1696 1116 1766 ἀμαραντίνους
1159 1696 1357 1758 αὐτοὺς
1389 1694 1484 1747 καὶ
1518 1693 1805 1762 λαμπροὺς

1917 1698 2193 1767 prmsenti,
2225 1699 2307 1752 vel
2359 1698 2414 1750 in
2437 1700 2636 1753 smculo
2670 1700 3080 1765 interminabili,
3111 1700 3488 1755 intercedente

219 1788 558 1852 στεφάνουςο
596 1788 698 1840 οὐκ
725 1787 875 1843 ἐστιν
907 1788 1034 1854 ἀξια
1069 1787 1244 1841 ταῦτα
1284 1787 1384 1857 τῆς
1418 1786 1516 1855 σῆς
1553 1784 1805 1852 γενναίας

1917 1784 2295 1856 gloriosissima
2330 1784 2553 1839 Domina
2598 1796 2802 1851 nostra,
2835 1787 3081 1856 Deipara,
3118 1802 3333 1859 semper
3363 1786 3489 1842 Vir-

216 1875 428 1944 ψυχῆς,
481 1877 603 1929 οὐδὲ
649 1877 745 1930 τοῦ
796 1878 1095 1941 εὐσταθοῦς
1140 1878 1509 1949 φρονήματος,
1548 1876 1669 1929 οὐδὲ
1703 1874 1803 1943 τῆς

1917 1875 2030 1945 gine
2059 1873 2243 1938 Maria,
2278 1890 2401 1928 cum
2432 1875 2691 1929 omnibus
2729 1876 2954 1929 sanctis.
3001 1877 3200 1929 Amen.

218 1966 395 2034 ἄλλης
416 1967 641 2037 ἀρετῆς.
673 1968 979 2038 Τοιγαροῦν
1011 1969 1225 2040 στῶμεν
1251 1968 1515 2039 ἀνδρείως
1538 1983 1552 1997 ·
1584 1966 1799 2035 στῶμεν
1840 1964 2146 2035 εὐθαρσῶς,
2176 1964 2252 2028 ὡς
2277 1965 2371 2018 τοῦ
2392 1965 2644 2036 οὐρανίου
2695 1965 3024 2037 στρατιῶται
3084 1965 3346 2036 βασιλέως
3410 1965 3493 2037 τῷ

219 2059 410 2130 ἐχθρῷ
447 2059 927 2130 προσπλεκώμεθα
951 2077 965 2091 ⁸
1016 2062 1151 2133 μηδέ
1210 2060 1661 2131 καταισχύνωμεν
1703 2060 1802 2127 τὴν
1843 2057 2151 2129 μαρτυρίαν
2210 2057 2303 2110 τοῦ
2339 2057 2678 2125 ἀγωνοθέτου
2702 2074 2718 2090 ⁸
2787 2058 2922 2127 μηδέ
2959 2057 3056 2110 τοῦ
3079 2057 3373 2110 ἀντιπάλου
3432 2073 3493 2130 τὸ

222 2151 428 2221 θράσος
464 2154 522 2204 ἐν
548 2151 627 2222 τῷ
654 2152 943 2223 δυσφορεῖν
990 2154 1450 2223 συγκροτήσωμεν
1473 2168 1487 2182 ο
1531 2150 1654 2221 μηδ’
1682 2148 1785 2202 εἴτι
1824 2150 2086 2218 πρότερον
2147 2149 2280 2218 ἡμῖν
2341 2148 2594 2217 ἀνδρείας
2630 2158 2652 2185 ι
2688 2147 3047 2219 κατωρθώθη,
3073 2152 3187 2213 τοῖς
3245 2148 3493 2220 ὑστέροις

223 2245 621 2315 ἐκθηλύνωμεν
646 2263 659 2277 ο
692 2244 831 2316 μηδέ
865 2246 1086 2315 κινῆσαι
1128 2245 1226 2315 μέν
1252 2243 1449 2313 φθόνον
1526 2241 1722 2312 ἐχθροῦ
1797 2240 2084 2311 γενώμεθα
2144 2240 2340 2309 ἀγαθοί
2365 2259 2380 2274 ο
2432 2243 2651 2313 νικῆσαι
2680 2242 2737 2295 δέ
2767 2243 2833 2296 δι’
2889 2243 3167 2314 ὑπομονῆς
3226 2243 3305 2306 εἱς
3341 2242 3495 2301 τέλος

233 2339 590 2409 ἐλεγχθῶμεν
617 2341 873 2411 ὀκνηροί·
909 2339 1126 2410 ἕτοιμος
1144 2341 1224 2402 εἰς
1250 2337 1507 2391 πτῶσινό
1564 2336 1845 2406 πολέμιος,
1884 2336 2014 2389 ὅταν
2059 2336 2175 2409 είδῃ
2250 2337 2621 2408 μακροθύμως
2654 2340 2890 2408 φέροντα
2946 2338 3073 2401 τοὺς
3127 2341 3491 2410 πειρασμοὺς,

230 2437 432 2491 θᾶττον
483 2436 781 2505 ἀφίσταται
829 2436 927 2505 τῆς
957 2435 1175 2506 πείρας,
1224 2433 1367 2506 δρῶν
1396 2432 1486 2485 τὸν
1531 2431 1820 2503 ἄνθρωπον
1894 2432 1989 2484 ἐπὶ
2026 2434 2261 2503 στερρᾶς
2296 2432 2394 2501 τῆς
2460 2432 2761 2502 καρτερίας
2810 2432 3205 2503 ἐδραζόμενΟΨ
3257 2432 3425 2501 ἐγγὺς
3464 2433 3495 2484 ὁ

227 2528 576 2597 στεφοδότης,
622 2526 897 2597 λαμπροῖς
926 2529 1039 2589 τοῖς
1061 2526 1349 2595 στεφάνοις
1371 2524 1494 2577 ἀντὶ
1512 2525 1620 2576 τῶν
1679 2524 1856 2578 ἀθλων
1927 2524 2272 2595 δεξιούμενος
2319 2524 2410 2577 τὸν
2463 2525 2809 2593 ἀγωνιστήν·
2848 2526 2945 2579 καὶ
2987 2525 3172 2577 οὐκέτι
3219 2524 3498 2594 συγχωρεῖ

225 2624 564 2693 προσϐαλεῖν
592 2620 687 2673 τὸν
732 2621 961 2691 ἐχθρόν’
1031 2621 1222 2691 πόρρω
1264 2620 1321 2672 δέ
1385 2618 1577 2671 τοῦτον
1624 2620 1882 2673 ἐλαύνει·
1926 2620 2031 2673 κᾶν
2081 2619 2162 2672 ἔτι
2206 2620 2331 2691 δόξῃ
2403 2622 2812 2689 ἀναισχυντεῖν,
2864 2622 2961 2674 σὺν
3009 2622 3199 2683 αὐταῖς
3257 2621 3497 2690 ἀπάσαις

224 2720 449 2788 τέχναις
480 2717 576 2770 καὶ
607 2715 921 2776 ἐπιϐουλαῖς
947 2730 962 2745 ·
1001 2713 1222 2784 ἀμείϐει
1261 2713 1318 2766 δέ
1358 2713 1452 2766 καλ⁵
1488 2713 1559 2765 τὰ
1589 2712 1814 2783 ἀλγεινά
1853 2712 2281 2766 πολλαπλασίονι
2308 2716 2374 2783 τῇ
2400 2713 2720 2784 εὐδαιμονίᾳ
2755 2713 2851 2765 καὶ
2882 2714 3050 2784 χαρᾷ,
3124 2712 3222 2767 καὶ
3290 2711 3497 2765 τούτων

234 2813 497 2868 ἁπάντων
526 2811 969 2883 ἀπαράγραπτος
1012 2809 1246 2880 μάρτυς,
1275 2808 1439 2872 αὐτὸς
1478 2808 1640 2863 πάλιν
1680 2809 1822 2876 Ἰὼϐ,
1862 2801 1947 2873 οὑ,
1980 2808 2170 2879 ῶσπερ
2231 2812 2350 2871 ταῖς
2396 2808 2632 2878 πληγαῖς
2684 2809 3145 2878 ἐκοινωνήσαμεν,
3220 2805 3362 2859 οὑτω
3401 2816 3501 2868 ttat,

226 2908 333 2979 τῆς
370 2905 733 2977 εὐφροσύνης,
793 2904 889 2957 καὶ
926 2905 1025 2975 τῆς
1054 2904 1236 2975 δόξης,
1283 2903 1503 2974 καὶτῆς
1531 2905 1916 2976 λαμπρότητος
1975 2904 2383 2975 ἀπολαύσομεν,
2449 2905 2543 2957 νῦν
2577 2922 2637 2957 τε
2678 2905 2772 2957 καὶ
2817 2906 2897 2967 εἰς
2956 2905 3081 2966 τοὺς
3109 2902 3499 2972 ἀτελευτήτους

229 2998 462 3063 αἰῶνας,
512 2995 923 3068 πρεσϐευούσης
979 2996 1078 3067 τῆς
1128 2996 1486 3067 ὑπερενδόξου
1530 2995 1829 3065 Δεσποίνης
1904 2996 2061 3067 ἡμῶν
2088 2996 2352 3050 Θεοτόκου
2388 2997 2481 3049 καὶ
2518 2997 2877 3067 ἀειπαρθένου
2939 2996 3181 3066 Μαρίας,
3222 2996 3316 3049 καὶ
3365 2992 3498 3045 πάν-

234 3106 346 3143 των
375 3088 484 3142 τῶν
514 3088 707 3155 ἀγίων.
745 3088 941 3157 ’Δμήν.

842 3205 1069 3259 ΕΠΙΣΤ.
1102 3206 1213 3261 ΞΔ’.

666 3298 1097 3364 Κωνσταγτίνῳ
1121 3301 1394 3368 νοταρίῳ.

2480 3203 2697 3260 EPIST.
2749 3202 2935 3258 LXIV.

2405 3297 2747 3354 Constantino
2797 3298 3023 3349 notario.

1470 3418 1736 3468 Montacut.
1776 3420 1881 3481 (ep.
1906 3417 2016 3479 259,
2052 3431 2101 3480 p.
2138 3416 2270 3476 360).

310 3526 522 3599 Βραδῦς
548 3527 645 3597 μὲν
666 3521 810 3597 ἦσθα
832 3526 967 3599 πρὸς
993 3528 1214 3597 μνήμην
1237 3526 1344 3579 τῶν
1368 3526 1813 3595 ἐπεσταλμένων⁸

242 3621 574 3692 βραδύτερος
605 3620 662 3672 δέ
692 3619 830 3689 πρὸς
860 3617 1060 3689 πρᾶξιν
1100 3619 1209 3673 τῶν
1243 3619 1673 3689 ἐπηγγελμένων
1697 3635 1710 3648 ·
1752 3622 1820 3689 τῇ

246 3714 347 3783 μὲν
377 3708 468 3763 οὖν
499 3708 628 3779 περὶ
654 3709 753 3771 τὰς
790 3708 1010 3771 ἐντολὰς
1038 3708 1201 3778 λήθῃ,
1234 3708 1350 3759 ἔστι
1380 3726 1432 3759 τι
1458 3709 1551 3760 καὶ
1578 3707 1824 3775 συγγνώ-

246 3821 358 3873 μης
380 3817 394 3831 ·
443 3802 508 3854 τὸ
546 3801 603 3853 δὲ
635 3800 804 3871 μηδέν
838 3817 895 3852 σε
922 3799 1033 3851 τῶν
1077 3800 1472 3869 ὑπεσχημένων
1522 3799 1823 3866 ἐκτελέσαι,

245 3892 316 3946 ἂν
371 3892 444 3962 μὴ
497 3890 829 3960 προπετείας
867 3884 933 3959 ἦν
986 3889 1017 3957 ἡ
1064 3888 1356 3959 ὑπόσχεσις
1419 3888 1613 3961 δῶρον,
1659 3889 1825 3961 μόνης

246 3984 402 4037 ἐστὶν
439 3982 726 4053 ἀμελείας.

854 4091 1077 4147 ΕΠΙΣΤ.
1107 4091 1225 4145 ΞΕ’.

254 4185 491 4252 Nimim
528 4182 907 4252 Ἀσπᾳθαρίῳ
934 4184 1029 4235 καὶ
1058 4184 1157 4234 ἐπὶ
1181 4183 1288 4236 τοῦ
1310 4182 1501 4236 ιδικοῦ
1534 4185 1686 4252 ὑπὲρ
1708 4186 1827 4239 τῶν·

316 4250 773 4324 μητροπολιτῶν
830 4252 938 4306 τοῦ
1003 4253 1255 4312 Κυζίκου
1310 4253 1410 4306 καὶ
1472 4253 1583 4320 τῆς
1618 4250 1829 4310 Λαοδι-

320 4326 505 4389 κείας.

1993 3524 2205 3578 Tardus
2251 3521 2401 3576 fuisti
2443 3520 2497 3573 in
2536 3518 2797 3574 memoria
2836 3518 3126 3571 missorum
3169 3512 3498 3576 recolenda;

1920 3619 2121 3674 tardior
2151 3617 2218 3671 ad
2252 3616 2513 3686 promissa
2545 3611 2905 3681 exsequenda;
2934 3611 2999 3664 de
3026 3607 3209 3663 oblitis
3236 3606 3501 3661 mandatis

1920 3710 2267 3765 concedenda
2299 3717 2384 3761 est
2416 3706 2511 3759 tibi
2544 3706 2732 3769 venia;
2764 3713 2814 3757 at
2847 3702 2989 3772 quod
3024 3700 3354 3771 promissum
3382 3713 3496 3753 non

1923 3800 2263 3871 praestiteris,
2307 3799 2353 3852 si
2402 3797 2633 3852 fervoris
2678 3794 2958 3865 cujusdam
3013 3793 3216 3848 donum
3254 3798 3394 3856 erat,
3432 3788 3505 3844 ad

1933 3892 2317 3963 negligentiam
2348 3890 2517 3946 solam
2549 3896 2774 3959 spectat.

2494 4102 2713 4158 EPIST.
2776 4101 2937 4156 LXV.

1930 4199 2129 4253 Niceta:
2164 4197 2491 4267 aspathario,
2522 4207 2571 4248 et
2601 4198 2663 4249 de
2689 4194 2844 4267 rebus
2878 4194 3097 4262 privatis
3118 4208 3211 4267 pro
3247 4200 3500 4263 metropoo

2267 4268 2374 4319 litis
2402 4266 2573 4335 Cyzici
2604 4274 2651 4318 et
2678 4264 2951 4317 Laodicea:
2980 4265 3175 4331 agenti.

1483 4416 1751 4467 Montacut.
1792 4426 1897 4481 (ep.
1932 4421 2044 4482 240,
2082 4437 2132 4485 p.
2171 4420 2305 4484 560).

326 4520 456 4577 Οἶδα
483 4525 579 4593 μὲν
611 4524 709 4591 τὴν
733 4522 981 4591 φιλύθεόν
1015 4538 1108 4574 σου
1138 4522 1316 4593 ψυχὴν
1345 4524 1814 4597 αὐτοπαράκλητοι

2005 4530 2257 4584 Animam
2286 4546 2387 4600 ego
2419 4540 2566 4584 tuam
2602 4528 2695 4585 Dei
2732 4534 3003 4582 amantem
3036 4524 3161 4579 novi
3185 4538 3282 4577 sua
3314 4531 3510 4592 sponte

248 4614 416 4671 οὖσαν
454 4616 589 4685 πρὸς
619 4616 680 4668 τὺ
726 4615 953 4681 ἀγαθὸν,
995 4615 1089 4666 καλ⁹
1137 4613 1566 4684 συμπάσχουσαν
1606 4617 1831 4688 ἐμφύτῳ

246 4706 489 4759 διαθέσει
523 4708 634 4767 τοῖς
693 4704 836 4775 ὑπὲρ
888 4702 1129 4773 Χριστοῦ
1180 4704 1246 4755 τὰ
1291 4703 1496 4775 ἔσχατα
1542 4706 1828 4775 πάσχουσι.

250 4798 403 4869 Πλὴν
431 4797 555 4849 ἐπεὶ
587 4796 679 4850 καὶ
710 4798 869 4867 ἡμεῖς
899 4796 1274 4865 ἐγκαυχόωθαί
1323 4813 1417 4848 σου
1446 4800 1568 4859 ταῖς
1609 4799 1831 4869 ἀρεταῖς

251 4891 564 4959 ποιούμεθα
593 4888 763 4957 μέγα,
800 4888 896 4941 καὶ
940 4888 1226 4955 συναλγεῖν
1256 4890 1369 4950 τοῖς
1407 4889 1627 4957 μέλεσιν
1670 4891 1828 4960 ⁴ἡμῶν

248 4982 351 5037 καὶ
381 4982 632 5050 ἀδελφοῖς
682 4980 840 5050 χρέος
872 4979 1245 5050 ἀπαραίτητον
1272 4979 1508 5050 ὀρῶμεψ
1539 4980 1625 5033 διὰ
1653 4980 1828 5035 ταῦτα

253 5072 357 5144 τὴν
400 5072 643 5125 διάνοιαν
688 5070 794 5140 πρὸ
839 5070 947 5123 τῶν
978 5071 1174 5137 λόγων,
1218 5070 1315 5123 καὶ
1364 5073 1471 5141 πρὸ
1505 5074 1606 5142 τῆς
1652 5072 1835 5143 χειρὸς

249 5166 381 5227 τοὺς
410 5163 623 5230 λόγους,
656 5164 751 5215 καὶ
778 5164 874 5216 σὺν
908 5164 1093 5225 αὐτοῖς
1130 5161 1231 5232 τὴν
1256 5165 1416 5232 χεῖρα
1452 5164 1589 5234 πρὸς
1625 5164 1836 5220 ίκεσίαν

252 5256 544 5325 κινοῦμεν.
591 5254 778 5326 Ἀρκεῖ
806 5254 980 5307 ταῦτα
1014 5255 1150 5324 πρὸς
1187 5254 1269 5319 σὲ,
1323 5252 1460 5322 οἶδα,
1508 5257 1601 5309 καὶ
1644 5256 1835 5326 δυσχε-

261 5346 467 5417 ραίνεις
501 5347 652 5409 ἴσως,
680 5348 760 5398 ὅτι
800 5344 1045 5414 βραδύνω
1070 5345 1168 5415 τὴν
1198 5346 1436 5417 αἴτησιν,
1464 5348 1558 5399 καὶ
1589 5348 1829 5419 ἀγωνιᾷς

254 5438 357 5508 τὴν
393 5438 763 5506 παράκλησιν,
798 5436 893 5489 καὶ
921 5437 1101 5506 μήπου
1130 5436 1240 5507 ἄρα
1282 5438 1382 5506 τῆς
1429 5438 1530 5509 σῆς
1574 5439 1827 5510 ἐπιλελή-

254 5531 438 5599 σμεθα
485 5528 845 5592 τελειότητος,
895 5527 989 5579 καὶ
1035 5527 1119 5580 ὃτι
1168 5528 1439 5598 πολλαχοῦ
1501 5530 1828 5600 πῳφθάνων

1932 4623 1990 4677 in
2029 4622 2236 4677 bonum
2288 4621 2457 4688 ferri,
2507 4630 2563 4675 et
2603 4621 2673 4676 ab
2718 4620 2957 4691 ingenita
2994 4614 3347 4687 dispositione
3401 4614 3510 4670 illis

1933 4714 2191 4784 compati,
2229 4714 2321 4784 qui
2352 4730 2451 4783 pro
2485 4713 2702 4768 Christo
2734 4712 3037 4782 patiuntur.
3074 4709 3179 4763 Sed
3221 4715 3510 4777 propterea

1930 4807 2077 4874 quod
2107 4806 2289 4875 magni
2334 4805 2529 4860 faciam
2565 4805 2633 4859 de
2675 4804 2784 4858 tuis
2817 4802 3111 4857 virtutibus
3154 4798 3415 4871 gloriari,
3453 4808 3512 4854 et

1928 4897 2173 4951 debitum
2197 4913 2228 4952 a
2258 4912 2345 4952 me
2370 4897 2501 4953 illud
2527 4896 2666 4967 exigi
2689 4897 2922 4960 videam,
2956 4903 3015 4948 ut
3034 4891 3418 4947 commembris
3456 4900 3514 4945 et

1934 4988 2197 5044 fratribus
2223 4992 2524 5061 compatiar
2556 5007 2570 5043 :
2604 4987 2835 5050 idcirco,
2864 4993 2991 5039 ante
3032 4982 3335 5037 orationem
3367 4983 3515 5053 cogi-

1934 5080 2189 5144 tationes,
2231 5088 2359 5134 ante
2416 5094 2611 5133 manus
2652 5076 2984 5137 orationem,
3030 5082 3085 5127 et
3124 5087 3231 5125 una
3269 5086 3394 5126 cum
3447 5071 3513 5126 iis

1932 5187 2152 5226 manum
2207 5172 2509 5241 supplicem
2558 5168 2855 5239 praetendo.
2905 5166 3031 5220 Ha‘c
3069 5166 3210 5236 apud
3272 5175 3324 5221 te
3363 5165 3513 5219 suffi-

1933 5260 2101 5326 cient,
2129 5260 2274 5325 scio;
2316 5266 2371 5313 et
2402 5258 2649 5311 fortassis
2683 5254 2794 5309 fers
2826 5254 3131 5323 aegerrime,
3176 5250 3319 5320 quod
3369 5251 3513 5320 peti-

1932 5352 2141 5406 tionem
2180 5366 2290 5404 non
2322 5363 2610 5417 exponam,
2656 5355 2711 5400 et
2757 5344 2971 5398 laboras
3025 5344 3091 5396 de
3139 5340 3511 5396 admonitione

1934 5459 2072 5498 mea:
2112 5440 2543 5506 intercessionis,
2578 5454 2650 5494 ne
2692 5438 2902 5493 scilicet
2947 5434 3195 5489 fortassis
3235 5442 3338 5487 tute
3381 5446 3512 5501 per-

1932 5533 2187 5589 fectionis
2226 5547 2316 5587 me
2359 5530 2560 5588 oblivio
2606 5528 2834 5600 ceperit,
2858 5540 2985 5582 cum
3020 5534 3075 5580 tu
3106 5522 3387 5580 multoties
3420 5520 3510 5576 in-

1557 5668 1797 5725 VAR'IA'J
1834 5665 2243 5726 LECTlONES.

333 5809 358 5848 y
395 5799 480 5853 ἵσ.
518 5794 807 5866 βάσκανον.
886 5803 915 5853 ξ
944 5794 1031 5849 ῖσ.
1061 5792 1345 5864 ἀνδρείως.
