4046 6408
220 406 330 469 985

1374 388 1917 453 EPISTOLARUM
1945 386 2178 448 LIBER
2206 384 2325 446 Ill.

3352 372 3472 438 .986

219 517 497 589 πατρίδος,
521 514 615 568 καὶ
631 511 899 567 πλανᾶται
925 507 1067 564 κατά
1082 505 1289 578 τροφῆς
1306 506 1533 575 ζήτησιν
1559 506 1588 557 ὁ
1617 503 1796 573 κέφα-

1903 502 2114 557 oberrat
2158 497 2336 568 capito
2378 495 2446 551 ad
2488 494 2841 565 quaerendum
2878 493 3094 559 cibum;
3124 508 3301 563 neque
3343 502 3472 548 tunc

218 612 333 675 λος,
362 610 472 663 οὐδ’
504 607 676 669 οὕτως
704 604 857 673 αὐτῷ
885 603 957 655 τά
1006 603 1105 674 τῆς
1157 600 1413 671 πατρίδος
1448 596 1786 667 παραλύεται

217 705 453 772 νόμιμα,
494 698 629 753 ἀλλά
690 695 788 748 καὶ
820 692 1163 765 μετανάστης
1216 690 1528 758 γενόμενος,
1560 686 1658 740 κοιλ⁴
1696 688 1793 755 τῆς

218 793 428 865 τροφῆς
456 791 521 845 ἂν
550 786 695 842 οῦτω
716 785 870 856 τύχοι
919 784 1024 856 πρὸ
1049 782 1157 836 τῶν
1186 780 1480 851 ὀφθαλμῶν
1531 778 1794 841 πολλάκις

222 884 574 953 ἐγκειμένης,
600 880 693 933 καὶ
713 878 805 930 τοῦ
820 876 978 946 λιμοῦ
1008 875 1169 927 λῦσαι
1199 873 1325 935 τοὺς
1338 872 1539 940 νόμους
1555 871 1795 937 ἐπαναγ-

219 972 503 1035 κάςοντος,
530 967 652 1021 οὔτε
672 966 751 1037 τῷ
784 965 1093 1034 φαινομένῳ
1122 963 1456 1027 δελεάζεται,
1490 960 1605 1014 οὗθ’
1633 960 1793 1013 ὑπεί-

219 1083 311 1119 κει
370 1063 446 1133 τῷ
485 1061 832 1134 βιαζομένῳ⁸
858 1058 975 1113 ἀλλ’
1015 1057 1091 1120 ὡς
1139 1056 1349 1126 ἔφημεν
1396 1054 1491 1108 καὶ
1545 1053 1653 1124 πρὸ
1695 1053 1794 1121 τῆς

216 1160 399 1227 ὄψεως
438 1155 762 1224 ἐγκειμένου
809 1153 903 1206 τοῦ
939 1150 1274 1221 θηράματος,
1307 1149 1467 1211 αὐτὸς
1504 1149 1793 1217 σωφρονεῖ,

224 1252 325 1304 καὶ
356 1248 517 1318 λιμοῦ
544 1247 641 1301 καὶ
670 1244 907 1315 γαστρὸς
933 1244 1027 1297 καὶ
1059 1242 1152 1296 τοῦ
1185 1240 1459 1304 κινοῦντος
1487 1240 1585 1310 τὴν
1616 1239 1795 1311 ὄρεξιν

217 1341 463 1405 ἔξωθεν,
503 1336 969 1408 ὲπικρατεστέραν
1023 1334 1123 1406 τὴν
1176 1334 1416 1405 ἔμφυτον
1470 1332 1805 1402 φιλοσοφίαν

217 1432 577 1484 ἐπιδείκνυσι.
610 1431 686 1481 Δι’
710 1428 739 1480 ὃ
775 1428 840 1481 ἂν
880 1428 977 1497 μὲν
1005 1427 1085 1479 ἔτι
1112 1428 1176 1496 ζῇ
1227 1426 1291 1479 τὸ
1323 1426 1707 1495 προκείμενον,
1733 1424 1794 1477 οῦ

218 1522 468 1591 φθείρειν
500 1521 558 1573 τὸ
579 1518 847 1588 ὁμόφυλον
876 1517 1224 1587 ἀνεχόμενος,
1254 1516 1504 1584 οὐδαμῶς
1530 1517 1628 1585 τῆς
1686 1514 1797 1567 θοί-

218 1628 320 1680 νης
341 1609 661 1677 ἐφάπτεται.
691 1610 788 1659 Ἂν
813 1606 869 1658 δὲ
895 1607 993 1675 τῆς
1018 1605 1160 1675 ζωῆς
1181 1604 1547 1674 ἠρημωμένον
1579 1602 1799 1673 πρόκει-

219 1718 338 1767 ται,
376 1700 452 1769 τῷ
509 1699 706 1768 μηκέτι
769 1698 906 1761 ὄντι,
956 1698 1081 1767 μηδ’
1133 1696 1398 1764 ἀλγηδόνα
1445 1693 1795 1761 λαμϐάνοντι,

1903 593 1972 646 ab
1995 606 2061 645 eo
2086 590 2373 644 solvuntur
2398 587 2588 657 patria:
2608 587 2758 657 jura;
2787 601 2976 640 verum
3005 584 3170 639 etiam
3202 584 3376 648 exsul,
3415 593 3471 638 et

1892 695 2037 749 saepe
2065 679 2345 743 alimento,
2377 677 2422 732 si
2465 677 2540 731 ita
2579 690 2738 731 casus
2786 674 2991 737 tulerit,
3028 674 3098 751 ob
3132 673 3320 727 oculos
3370 687 3473 742 po-

1858 766 1865 775 "
1894 773 2019 836 sito,
2052 786 2116 827 ac
2170 771 2312 825 fame
2341 769 2702 839 compellente
2742 767 2809 821 ad
2856 766 3207 821 violationem
3255 766 3469 832 legum;

1894 881 2073 935 neque
2110 881 2209 935 per
2251 863 2491 917 oblatum
2556 861 2794 923 illicitur,
2845 875 3021 928 neque
3061 859 3165 911 vim
3216 856 3472 911 inferenti

1896 958 2058 1020 cedit,
2098 956 2193 1011 sed
2225 964 2384 1024 prout
2408 953 2663 1017 diximus,
2692 952 2852 1005 etiam
2881 950 3061 1019 prmda
3091 949 3144 1001 in
3177 955 3473 1015 conspectu

1896 1049 2107 1119 posita,
2158 1048 2273 1118 ipse
2330 1046 2605 1108 abstinet,
2668 1043 2993 1111 insitamque
3070 1040 3472 1111 philosophiam

1896 1140 2137 1196 ostendit
2165 1149 2275 1194 tum
2296 1139 2438 1192 fame
2466 1146 2579 1191 tum
2606 1144 2793 1190 ventre
2822 1144 2934 1188 tum
2958 1149 3024 1187 eo
3042 1134 3185 1204 quod
3208 1148 3347 1187 esca:
3375 1132 3474 1185 de-

1898 1233 2159 1288 siderium
2200 1233 2539 1287 extrinsecus
2571 1238 2755 1283 movet
2790 1228 3089 1282 fortiorem.
3122 1226 3387 1291 Quocirca
3426 1224 3470 1278 si

1898 1327 2077 1381 adhuc
2104 1325 2236 1379 vivit
2254 1326 2397 1394 quod
2420 1340 2540 1379 sese
2567 1321 2784 1386 obtulit,
2812 1336 2922 1374 non
2949 1319 3225 1373 sustinens
3248 1317 3473 1386 perdere

1898 1418 2001 1472 sibi
2032 1432 2325 1487 congener,
2359 1432 2703 1486 nequaquam
2727 1416 2919 1484 dapem
2953 1412 3186 1480 attingit.
3221 1411 3315 1464 Sin
3344 1425 3475 1463 vero

1897 1507 2023 1563 vitaz
2057 1523 2253 1578 expers
2279 1508 2439 1572 adsit,
2472 1523 2570 1577 per
2602 1508 2655 1561 id
2681 1506 2824 1575 quod
2862 1521 2969 1558 non
3004 1504 3238 1573 amplius
3263 1511 3347 1556 est
3374 1517 3474 1555 nec

1898 1597 2139 1652 dolorem
2177 1598 2360 1661 sentit,
2401 1597 2712 1650 violentiam
2741 1595 2900 1649 famis
2943 1595 3147 1648 solatur
3189 1609 3251 1647 ac
3281 1592 3475 1647 dissol—

1897 1689 1995 1743 vit.
2022 1688 2213 1759 Capito
2238 1689 2421 1758 itaque
2450 1689 2635 1758 piscis,
2666 1704 2736 1743 ne
2768 1704 2933 1743 sensu
2961 1687 3183 1756 quidem
3211 1686 3474 1739 destituta

222 1794 403 1863 τούτῳ
435 1793 528 1846 τοῦ
563 1791 722 1860 λιμοῦ
757 1794 856 1859 τὴν
883 1790 1002 1861 βίαν
1024 1788 1433 1859 παραμυθεῖται
1465 1787 1559 1840 καὶ
1588 1784 1799 1838 διαλύε-

1903 1780 2075 1850 tangit
2111 1795 2362 1848 corpora,
2393 1778 2496 1832 nisi
2518 1780 2673 1834 valde
2699 1788 2889 1849 urgeat
2920 1779 3091 1832 fames
3115 1784 3477 1845 naturamque

228 1901 344 1941 ται.
372 1860 430 1935 ἑΟ
456 1882 553 1953 μὲν
573 1880 664 1934 οῦν
692 1879 920 1949 κέφαλος
944 1880 972 1930 ό
998 1879 1147 1948 ἰχθὺς
1178 1876 1297 1929 οὐδὲ
1318 1876 1425 1927 τῶν
1454 1873 1797 1944 ἀναισθήτων

1903 1869 2099 1925 vincat.
2121 1869 2203 1923 Tu
2232 1885 2360 1924 vero
2392 1869 2486 1939 qui
2515 1870 2667 1923 vivos
2699 1869 2950 1924 homines
2976 1884 3100 1923 cum
3128 1869 3477 1924 facultatibus

224 1973 514 2044 σωμάτων,
538 1970 604 2024 ἂν
652 1970 725 2040 μὴ
765 1971 885 2022 λίαν
920 1971 948 2021 ὁ
988 1967 1144 2037 λιμὸς
1172 1966 1483 2034 ἐπιτίθηται
1514 1967 1609 2017 καὶ
1661 1966 1789 2035 νικᾷ

222 2066 323 2135 τὴν
372 2064 555 2133 φύσιν,
594 2062 856 2132 οὐμενοῦν
885 2061 943 2113 οὐ
979 2058 1370 2129 προσάπτεται.
1403 2056 1473 2108 Σὺ
1504 2056 1561 2107 δὲ
1591 2054 1799 2119 ζῶντας

224 2153 544 2223 ἀνθρώπους
585 2152 739 2213 ὅλους
766 2152 956 2212 αὑταῖς
989 2148 1353 2221 περιουσίαις,
1386 2148 1478 2198 καὶ
1517 2147 1636 2198 τότε
1668 2163 1797 2215 τρυ-

198 2244 368 2313 φῶν.
402 2243 589 2313 Τίγάρ
624 2259 692 2311 με
744 2244 823 2295 δεῖ
854 2242 1034 2309 λέγειν
1087 2240 1358 2307 μηδεμιᾶς
1392 2237 1637 2305 ἀνάγκης
1681 2238 1800 2287 ὲπι-

229 2334 491 2403 κειμένης
519 2349 535 2395 ς
572 2331 770 2401 ἀνέδην
799 2329 942 2383 οὕτω
974 2329 1065 2382 καὶ
1095 2328 1231 2397 πρὸς
1262 2327 1433 2393 αὐτῆς
1470 2326 1566 2394 τῆς
1598 2324 1798 2395 πατρί-

227 2424 320 2487 δος
363 2423 681 2492 ὀφθαλμοῖς,
734 2421 928 2493 χανδὸν
978 2418 1294 2474 καταπίνων
1349 2417 1443 2470 καὶ
1486 2416 1799 2486 ἀκορέστως

1902 1962 2015 2017 suis
2066 1962 2321 2033 integros,
2364 1962 2527 2031 idque
2567 1962 2708 2016 inter
2745 1962 2965 2016 delicias
2997 1962 3146 2032 (quid
3188 1962 3338 2016 enim
3392 1978 3478 2015 me

1901 2061 2117 2122 oportet
2140 2053 2343 2121 dicere,
2365 2055 2515 2108 nulla
2547 2053 2907 2122 compellente
2928 2052 3308 2122 necessitate?)
3342 2051 3479 2105 adeo

1904 2143 2273 2213 impudenter,
2308 2154 2361 2199 et
2391 2160 2574 2200 coram
2605 2146 2777 2215 ipsius
2803 2146 2991 2214 patriae
3023 2144 3215 2207 oculis,
3247 2144 3480 2214 deglutis

1904 2232 2177 2286 inhianter
2197 2241 2359 2302 atque
2384 2233 2808 2288 insaturabiliter
2833 2235 3081 2298 devoras,
3110 2249 3272 2304 quam
3299 2233 3353 2286 in
3376 2233 3480 2286 alia

1906 2325 2017 2379 vita
2070 2325 2477 2379 excusationem
2521 2326 2806 2381 habiturus
2850 2343 2930 2391 es,
2962 2343 3085 2380 eum
3142 2342 3212 2380 ne
3268 2326 3320 2380 in
3376 2327 3480 2379 hac

1906 2422 2127 2490 quidem
2159 2424 2337 2477 locum
2372 2424 2621 2477 invenias
2648 2432 2709 2477 ut
2738 2438 2859 2476 cum
2890 2421 3129 2490 piscibus
3157 2416 3482 2487 conferaris?

228 2517 703 2586 καταὸοσκόμενος
757 2516 834 2586 (4)
889 2514 1009 2567 τίνα
1052 2513 1209 2582 λόγον
1258 2510 1467 2565 ἐκεῖθεν
1514 2508 1679 2577 ἕξεις,
1744 2512 1833 2565 ὅτε
1872 2515 1996 2585 μηδ’
2049 2516 2285 2571 ἐνταῦθα
2339 2516 2475 2589 πρὸς
2518 2516 2645 2578 τοὺς
2695 2513 2882 2584 ίχθὺας
2942 2512 3221 2582 εὑρίσκεις
3294 2507 3481 2580 χώραν

231 2606 640 2676 παραϐάλλεθαι
658 2625 673 2675 ;

832 2714 1055 2768 ΕΠΙΣΤ.
1084 2711 1201 2767 ΞΖ¹.

234 2809 374 2877 Περὶ
408 2810 513 2865 τοῦ
536 2810 621 2881 μὴ
662 2808 789 2882 δεῖν
838 2806 987 2882 πρὸς
1039 2805 1114 2882 τα
1153 2801 1350 2882 ἐνί-,τῷ
1399 2802 1518 2869 βίῳ
1559 2804 1803 2873 λυπηρὰ

721 2874 1179 2946 ἐπιστρέφεσθαι
1210 2874 1308 2945 (5).

2462 2715 2680 2771 EPIST.
2723 2714 2932 2770 LXVII.

1979 2804 2131 2873 Quod
2180 2823 2283 2862 non
2313 2819 2547 2879 oporteat
2578 2815 2646 2863 ad
2674 2817 2948 2931 ρᾶανδεηιεδ
2974 2807 3093 2861 vita:
3123 2803 3390 2858 molestias

2550 2889 2693 2931 allen
2732 2897 2835 2931 ενρ.

2550 2889 2835 2933 attendere.

1548 2982 1770 3036 Coteler.
1794 2985 1851 3049 (l.
1875 2998 1921 3039 c.
1940 3000 1991 3051 p,
2025 2990 2157 3053 106).

320 3094 545 3165 Ἀγαθὸν
574 3091 845 3163 ἀνθρώπῳ
872 3091 980 3162 βίος
1006 3092 1227 3156 ἄλυπος,
1258 3089 1492 3160 χαλεπὸν
1513 3089 1569 3143 δὲ
1598 3093 1801 3160 τυχεῖν,

1979 3097 2141 3153 Grata
2172 3112 2258 3151 res
2282 3097 2489 3151 homini
2520 3106 2620 3162 est,
2657 3097 2765 3152 vita
2793 3096 2910 3151 sine
2936 3096 3121 3152 dolore
3156 3096 3440 3164 tranquilla
3462 3135 3478 3156 .

168 3220 171 3221 ν
238 3188 439 3260 μᾶλλον
470 3188 525 3240 δὲ
580 3188 691 3247 τοῖς
717 3201 780 3252 γε
817 3185 916 3254 τὴν
951 3184 1131 3255 κρίσιν
1161 3183 1236 3255 μὴ
1264 3182 1479 3252 ἔχουσιν
1514 3182 1607 3235 ἀπ’
1633 3184 1805 3255 ὀρθῆς

232 3280 446 3351 διαίτης
480 3278 792 3349 προϊοῦσαν,
822 3276 1102 3328 ἀδύνατον,
1131 3269 1225 3337 Οἷς
1277 3275 1375 3343 μὲν
1415 3270 1508 3327 οῦν
1540 3275 1803 3345 ἡδόμεθα,

231 3370 311 3438 τῷ
371 3369 637 3424 πλάσαντι
672 3370 766 3422 καὶ
794 3365 1115 3437 χορηγοῦντι
1141 3365 1239 3436 τὴν
1280 3364 1571 3419 ἀνεύθυνον
1614 3366 1806 3439 ἡδονὴν

232 3461 415 3531 χάρις.
444 3462 511 3513 Ἀ
570 3458 626 3513 δὲ
682 3458 984 3528 ἀνιώμεθα,
1025 3460 1082 3511 ἐν
1132 3460 1347 3521 ἑαυτοῖς
1397 3458 1546 3513 ἔστιν
1601 3461 1805 3529 εὑρεῖν,

232 3554 424 3623 ὥσπερ
455 3550 659 3605 τούτων
691 3552 751 3603 τὸ
779 3552 974 3614 αἴτιον,
1008 3549 1151 3603 οὕτω
1182 3551 1355 3605 καὶτὸ
1380 3552 1669 3621 φάρμακον
1703 3552 1805 3621 τῆς

238 3646 455 3707 ἰάσεως.
486 3644 566 3695 Τά
598 3643 706 3713 γὰρ
736 3642 960 3695 πλεῖστα
992 3641 1100 3694 τῶν
1135 3642 1414 3712 λυπηρῶν,
1441 3643 1540 3694 οὐκ
1562 3643 1622 3707 ἐξ
1675 3644 1805 3695 ἐαυ-

234 3737 343 3789 τῶν
370 3736 466 3805 τὴν
487 3735 698 3805 πληγὴν
715 3734 928 3801 ἐπάγει,
963 3734 1069 3787 ἀπὸ
1102 3734 1156 3786 δὲ
1170 3735 1267 3802 τῆς
1285 3735 1560 3804 ἡμετέρας
1574 3734 1807 3803 κρίσεως

235 3827 504 3895 λαμϐάνει
549 3826 609 3878 τὸ
661 3825 936 3893 πλήττειν.
980 3826 1284 3894 Ἑστερήθη
1314 3843 1396 3887 τις
1441 3824 1669 3877 πλούτου
1703 3841 1717 3889 ;
1753 3824 1805 3877 τί

235 3916 462 3969 δύναται
489 3917 521 3984 ή
550 3914 805 3983 στέρησις
823 3914 1061 3981 λυπῆσαι
1087 3931 1102 3979 ;
1136 3913 1249 3965 ἀλλ’
1271 3914 1382 3982 ἐγὼ
1421 3914 1519 3984 τὴν
1552 3915 1806 3984 στέρησιν

228 4005 378 4077 βαρὺ
421 4004 625 4075 νομίζω
659 4019 672 4032 ·
702 4005 860 4073 δῆλον
899 4005 972 4067 ὡς
1019 4006 1182 4068 αὐτὸς
1228 4004 1338 4073 ἐγὼ
1367 4007 1463 4058 καὶ
1512 4006 1610 4076 τὴν
1657 4005 1806 4058 οὐδὲν

236 4102 360 4153 κατ’
424 4099 559 4167 ἐμοῦ
636 4096 890 4151 κινοῦσαν
949 4098 1155 4162 ὀπλίζω
1203 4099 1400 4168 πικρὸν
1443 4099 1659 4167 ἀφεῖναί
1716 4114 1806 4167 μοι

239 4189 410 4258 βέλος.
431 4189 487 4241 Ὀ
509 4188 605 4257 μὲν
639 4188 747 4258 γὰρ
768 4188 976 4256 φθόνος,
997 4190 1029 4258 ἢ
1054 4189 1227 4241 κοινόν
1244 4208 1294 4241 τι
1314 4188 1568 4258 πόλεωςῆ
1605 4189 1803 4263 πατρί-

233 4282 324 4343 δος
349 4279 542 4343 πάθος,
572 4279 745 4349 ἢάλλο
772 4279 876 4331 τῶν
902 4279 1117 4344 ἔξωθεν,
1150 4278 1334 4348 ἴσχυσὲ
1360 4297 1425 4348 με
1459 4281 1550 4332 καὶ
1574 4282 1648 4349 μὴ
1680 4280 1806 4348 βου-

235 4372 466 4440 λόμενον
512 4372 721 4440 πένητα
749 4373 969 4440 ποιῆσαι
1006 4387 1020 4401 ο
1045 4370 1283 4440 λυπῆσαι
1321 4371 1376 4423 δὲ
1416 4373 1569 4425 οὐδὲν
1599 4371 1804 4424 τούτων

232 4462 488 4532 οὐδαμῶς
531 4464 629 4515 οὐκ
658 4463 724 4516 ἂν
782 4462 1062 4531 δυνηθείη,
1096 4465 1143 4515 εί
1195 4463 1269 4533 μὴ
1318 4461 1427 4531 ἐγὼ
1488 4462 1796 4534 βουλοίμην.

247 4554 408 4607 Ἀλλά
440 4554 684 4623 φίλτατοι
708 4553 897 4617 παῖδες
926 4554 1243 4624 ἀπέστησάν
1284 4572 1373 4625 μοι
1406 4555 1513 4607 τῶν
1562 4555 1799 4620 κόλπων,

237 4646 332 4699 καὶ
361 4644 453 4708 οὓς
478 4644 617 4714 ὁρῶν
630 4625 839 4715 ηὸόμην
865 4645 959 4699 καὶ
982 4646 1079 4709 τὰς
1099 4646 1319 4709 ἐλπίδας
1361 4648 1537 4708 πάσας
1567 4648 1808 4717 ἀνῆπτον

233 4738 331 4790 τοῦ
357 4737 491 4806 βίου,
518 4730 664 4790 οῦτοι
693 4738 753 4790 τὺ
777 4737 952 4808 χρεὼν
970 4737 1164 4808 ἀθρόον
1198 4738 1588 4808 ὑπῆλθονςοῦδ⁹
1609 4740 1810 4791 ἐκεῖνοι

236 4826 496 4896 πλήττειν
535 4828 738 4879 οἴδασιν
785 4828 941 4890 ὅλως,
975 4829 1209 4897 μάλιστά
1246 4845 1310 4897 γε
1361 4830 1576 4897 φύσεως
1622 4830 1812 4901 ῶσπερ

235 4919 297 4969 ὲν
339 4920 403 4988 τῇ
448 4919 681 4985 γενέσει,
709 4917 851 4971 οὕτω
884 4921 985 4971 κάν
1015 4922 1081 4989 τῇ
1115 4920 1279 4989 ἐξόδῳ
1322 4919 1809 4990 λειτουργήσαντες

235 5011 440 5081 νόμοις.
486 5010 622 5064 Ἀλλ’
649 5011 761 5079 ἐγὼ
790 5011 914 5075 τοὺς
938 5012 1007 5065 τὰ
1029 5011 1230 5082 ἔσχατα
1261 5011 1604 5083 ἠρεμοῦντας
1633 5013 1708 5076 ώς
1739 5014 1797 5068 ὲν

1909 3192 2003 3247 sed
2033 3193 2261 3246 obtentu
2291 3191 2545 3257 difficilis,
2579 3191 2689 3244 imo
2727 3207 2791 3244 ex
2817 3190 3089 3245 sententia
3121 3206 3307 3245 eorum
3336 3204 3475 3259 quo-

1909 3296 2028 3334 rum
2056 3280 2322 3348 judicium
2356 3296 2387 3334 a
2423 3290 2570 3334 recta
2602 3280 2813 3336 ratione
2853 3296 2963 3334 non
2997 3280 3235 3344 aberrat,
3273 3280 3483 3349 impos-

1907 3373 2100 3429 sibilis.
2129 3372 2210 3428 Ob
2244 3390 2307 3428 ea
2357 3388 2486 3443 ergo
2526 3374 2725 3443 quibus
2758 3373 3110 3437 delectamur,
3154 3373 3397 3427 Creatori
3423 3380 3479 3428 et

1907 3464 2201 3534 voluptatis
2259 3466 2551 3535 inculpata:
2589 3465 2829 3535 largitori
2873 3465 3099 3536 gratiam
3146 3465 3476 3530 habeamus;

1906 3557 2050 3612 circa
2098 3558 2374 3612 molestias
2418 3568 2621 3622 autem,
2672 3559 2724 3611 in
2776 3558 2933 3613 nobis
2980 3558 3224 3613 invenire
3282 3566 3386 3623 est,
3421 3567 3481 3612 ut

1907 3662 2093 3701 earum
2138 3664 2381 3709 causam,
2420 3648 2493 3703 ita
2524 3653 2593 3703 'et
2642 3649 2941 3702 remedium
2998 3650 3064 3703 ad
3119 3649 3478 3703 curationem.

1906 3736 2041 3790 Nam
2075 3738 2307 3791 tristium
2332 3738 2608 3807 pleraque,
2642 3754 2750 3791 non
2783 3753 2847 3791 ex
2874 3738 3067 3807 scipsis
3093 3739 3298 3807 plagam
3336 3736 3478 3791 infe-

1906 3836 2055 3889 runt,
2092 3827 2185 3880 sed
2214 3843 2243 3881 a
2274 3834 2458 3881 nostra
2490 3827 2745 3897 opinione
2771 3827 3046 3896 accipiunt
3085 3829 3225 3896 quod
3259 3827 3477 3882 feriant.

1908 3916 2158 3973 Privatus
2197 3928 2280 3973 est
2330 3920 2526 3988 aliquis
2570 3920 2980 3985 divitiis?Quid
3022 3930 3201 3990 potest
3248 3921 3480 3989 privatio

1907 4009 2269 4064 contristare?
2306 4010 2373 4064 At
2400 4026 2497 4080 ego
2535 4010 2890 4079 privationem
2922 4025 3032 4064 rem
3067 4025 3282 4081 gravem
3312 4020 3479 4079 puto:

1910 4108 2061 4169 patet
2091 4102 2237 4169 quod
2264 4101 2380 4170 ipse
2415 4118 2514 4172 ego
2558 4102 2693 4156 nihil
2737 4103 2999 4157 adversus
3036 4117 3123 4156 me
3170 4110 3479 4156 moventem

1908 4210 2081 4257 armo,
2107 4204 2167 4248 ut
2197 4195 2251 4247 in
2285 4211 2368 4249 me
2396 4196 2651 4250 acerbum
2675 4199 2887 4250 emittat
2908 4196 3171 4265 jaculum.
3201 4194 3481 4263 Siquidem

1908 4286 2248 4350 velinvidia,
2283 4287 2365 4340 vel
2391 4302 2676 4340 commune
2697 4287 2933 4340 civitatis
2961 4295 3055 4339 aut
3081 4285 3268 4354 patriae
3305 4284 3479 4338 infor-

1911 4378 2143 4441 tunium,
2173 4377 2255 4431 vel
2291 4393 2353 4431 ex
2389 4377 2631 4431 externis
2669 4376 2815 4430 aliud
2855 4376 3149 4446 quidpiam,
3184 4376 3357 4445 potuit
3391 4390 3483 4430 me

1912 4468 2073 4521 etiam
2106 4468 2380 4521 nolentem
2414 4469 2478 4521 ad
2506 4478 2876 4537 paupertatem
2909 4468 3184 4538 redigere;
3220 4477 3273 4521 at
3302 4469 3474 4522 tristi-

1912 4558 2038 4611 tiam
2098 4558 2299 4613 inferre
2351 4560 2489 4612 nihil
2538 4560 2732 4613 horum
2775 4560 3043 4614 ullatenus
3089 4560 3320 4628 poterit,
3370 4560 3476 4614 nisi

1903 4649 2021 4719 ipse
2060 4653 2300 4703 voluero.
2344 4648 2546 4703 Verum
2578 4649 2878 4703 eharissimi
2913 4649 3063 4703 liberi
3109 4665 3140 4702 e
3186 4649 3306 4702 sinu
3357 4664 3479 4703 meo

1904 4740 2308 4803 abscesserunt,
2336 4749 2391 4794 et
2418 4740 2470 4793 in
2500 4755 2636 4809 quos
2672 4740 2888 4795 intuens
2910 4741 3229 4811 gaudebam,
3255 4758 3499 4828 omnes-l

1908 4846 2015 4901 que
2054 4830 2177 4885 vita:
2207 4847 2333 4900 spes
2361 4832 2757 4901 appendebam,
2788 4832 2823 4885 ii
2868 4832 3050 4885 subito
3082 4832 3244 4885 fatale
3288 4834 3478 4887 decre-

1909 4929 2024 4975 tum
2065 4921 2390 4974 subierunt?
2436 4919 2624 4990 Neque
2668 4920 2742 4973 illi
2788 4920 3009 4974 omnino
3054 4936 3117 4975 ex
3171 4937 3229 4975 se
3279 4921 3479 4976 habent

1906 5014 2222 5084 percellere,
2253 5029 2377 5069 cum
2410 5014 2709 5085 pressertim
2736 5012 2879 5068 sicut
2914 5012 2969 5066 in
3000 5014 3303 5081 nativitate,
3331 5016 3403 5069 ita
3424 5025 3480 5070 et

1684 5178 1913 5239 NOTAE.

316 5338 388 5409 (4)
426 5338 659 5393 Χανδὸν
708 5337 1053 5393 καταπίνων
1087 5339 1185 5394 καὶ
1228 5339 1566 5408 ἀκορέστως
1620 5357 1797 5394 κατα-

235 5410 623 5478 ὅοσκόμενος.
659 5409 784 5464 Haec
814 5410 977 5480 verba
1005 5425 1106 5465 nos
1133 5410 1665 5480 admonentillorum
1696 5412 1803 5480 Cy-

238 5480 345 5533 rilli
376 5480 429 5532 in
465 5481 718 5550 Habacuc
752 5497 808 5533 n.
848 5479 938 5539 15,
970 5489 1009 5533 ι.
1042 5481 1133 5541 Ill,
1160 5497 1214 5550 p.
1252 5480 1374 5535 550.
1416 5478 1505 5548 Α..
1528 5481 1685 5532 Κατά
1714 5478 1804 5534 τὸν

238 5551 355 5621 ἶσον
407 5549 601 5621 ίχθνύσε
626 5552 846 5621 τρόπονΔ
872 5550 999 5611 τοὺς
1043 5549 1463 5621 ἀσθενεστέρους
1494 5550 1808 5621 κατανέμε-

239 5620 387 5703 σθαι,
418 5616 514 5671 καὶ
547 5616 674 5673 οἷον
700 5618 962 5690 ἀλλήλους
1000 5616 1365 5741 καταρροφξῖν
1406 5619 1595 5740 ἀθύρῳ
1622 5635 1681 5671 τε
1713 5616 1811 5673 καὶ

239 5688 502 5741 ἀπλήστῳ
548 5690 814 5741 στόματι.
862 5689 1103 5741 σκληρὰν
1152 5689 1180 5741 δ
1253 5706 1398 5741 ουτω
1445 5705 1517 5741 κα
1577 5690 1811 5741 ἄμικτον

237 5688 502 5756 ἀπλήστῳ
548 5690 775 5759 στόματι
799 5687 833 5759 ,ξ
862 5689 1108 5759 σκληρὰν
1148 5687 1398 5759 δὲώοῦτω
1424 5687 1540 5759 καὶ
1568 5687 1811 5759 ἄμικτον

240 5759 387 5827 ζωὴν
421 5756 780 5827 ὲπιτηδεῦειν,
807 5757 883 5820 ὡς
906 5756 1151 5825 ἑρπετῶν
1176 5757 1285 5810 τῶν
1322 5758 1380 5810 ὲν
1408 5758 1557 5827 ὄρεσι
1588 5756 1685 5812 καὶ
1705 5760 1810 5828 χεί⁶

238 5828 803 5908 ὀλίγαν-διενεγκεῖνμιμ
820 5839 1132 5911 premamus
1147 5836 1393 5908 nostram
1411 5828 1805 5908 conjecturam,

1908 5344 2213 5413 χειραμοῖς.
2247 5341 2374 5397 Pari
2402 5358 2517 5413 cum
2549 5341 2770 5408 piscibus
2794 5356 2951 5413 mare,
2980 5340 3293 5413 inﬁrmiores
3315 5341 3475 5395 absu-

1909 5410 2146 5474 ᾖιεὲεζει
2173 5430 2259 5465 ore
2292 5411 2474 5481 patulo
2503 5429 2565 5465 ac
2592 5411 2881 5464 insatiabili
2910 5427 2964 5463 se
2998 5420 3176 5464 mutuo
3209 5410 3345 5464 velut
3383 5413 3475 5465 de-

1908 5483 2131 5552 glutire;
2177 5484 2307 5536 adeo
2344 5498 2464 5535 vero
2510 5482 2701 5535 duram
2731 5491 2802 5552 et
2838 5499 2869 5533 a
2902 5482 3206 5552 commercio
3244 5481 3473 5552 alienam

1906 5550 2068 5605 vitam
2100 5553 2360 5621 persequi,
2410 5560 2467 5604 ut
2507 5569 2538 5604 a
2580 5550 2853 5619 reptilibus
2885 5567 3001 5620 qua:
3033 5550 3088 5603 in
3131 5550 3390 5604 montibus
3424 5557 3473 5603 cl

1906 5623 2142 5675 cavernis
2169 5631 2444 5676 versantur
2468 5637 2632 5690 parva
2660 5623 2728 5675 sit
2753 5620 3067 5690 (li/ferentia.

1980 5692 2056 5761 (5)
2096 5692 2241 5746 Inter
2260 5688 2518 5761 epistolas
2538 5688 2833 5745 Photianas
2864 5690 3097 5761 refertur
3127 5688 3181 5743 in
3212 5704 3315 5745 ms.
3346 5700 3470 5744 cum

1905 5758 2043 5817 alias
2069 5758 2438 5818 characterem
2468 5761 2713 5833 epistola:
2745 5776 2857 5817 non
2886 5758 3102 5815 habent.
