4046 6458
587 399 697 466 987

1751 395 2018 459 PHOTII
2054 397 2562 461 PATRIARCHE
2605 398 2715 460 CP.

585 515 646 567 in
703 509 853 568 exitu
908 509 1120 581 legibus
1186 518 1398 567 natura
1454 511 1756 583 paruerint.
1813 513 1914 567 Ast
1967 523 2072 582 ego
2111 509 2161 564 in

2272 508 2492 580 μεγάλῳ
2523 507 2753 562 κλύδωνι
2801 505 2894 560 καὶ
2924 505 3072 578 σῶφ
3094 505 3690 579 ταλαιπωρουμένους,
3725 505 3864 568 τοὺς

585 619 800 661 summa
817 603 1204 674 tranquillitate
1227 603 1505 672 degentes,
1531 614 1787 674 tanquam
1815 617 2008 674 magna
2036 610 2174 656 tem-

587 707 797 768 pestate
819 697 1161 767 procellaque
1191 704 1414 749 vexatos
1427 704 1699 764 reputans,
1719 694 1959 763 meisque
1975 693 2172 748 ductus

587 789 1030 861 cogitationibus,
1061 794 1117 841 et
1146 770 1676 842 commiseratiouem
1715 785 1976 840 coneiens
2031 783 2169 838 nihil

589 883 698 937 illis
725 881 1124 944 conferentem,
1169 878 1418 933 mihimet
1447 878 1549 948 ipsi
1594 877 1794 931 vulnus
1824 876 2007 947 inlligo
2042 875 2169 929 inu-

588 975 702 1028 tile.
753 973 822 1026 At
873 971 1003 1026 milii
1035 970 1275 1026 concidit
1313 970 1542 1024 dooms?
1581 969 1721 1035 Quid
1768 968 1941 1039 ergo?
1988 966 2046 1022 Si
2083 981 2170 1020 me

587 1080 804 1136 quoque
837 1062 1285 1133 comprehendit,
1327 1061 1459 1115 nihil
1500 1061 1566 1114 ad
1613 1076 1701 1115 me
1744 1079 1758 1114 :
1794 1073 1972 1129 neque
2019 1057 2168 1112 enim

586 1156 785 1212 sentio.
835 1153 990 1220 Quod
1037 1154 1083 1208 si
1143 1152 1331 1207 multis
1399 1153 1756 1217 cadentibus,
1809 1166 1912 1222 ego
1973 1164 2163 1205 casum

585 1251 756 1317 evasi,
805 1267 914 1320 quo
956 1249 1118 1305 modo
1157 1250 1249 1319 qui
1293 1265 1434 1321 aegre
1480 1248 1596 1304 fero
1631 1249 1866 1320 collapsa
1917 1263 2042 1304 esse
2081 1248 2167 1303 in-

585 1343 789 1406 anima,
843 1358 967 1397 cum
1010 1342 1208 1412 gratias
1249 1356 1411 1413 agere
1459 1341 1717 1396 deberem
1755 1341 1900 1411 quod
1945 1351 2168 1412 ereptus

587 1433 807 1496 luerim.
839 1449 950 1488 non
982 1434 1096 1504 ipse
1123 1433 1256 1488 mihi
1296 1433 1602 1489 molestiam
1629 1434 1900 1489 concilio?
1931 1433 2008 1489 lta
2033 1448 2168 1488 sane

587 1537 642 1582 et
682 1526 737 1581 in
780 1526 1005 1596 reliquis
1059 1527 1331 1582 omnibus.
1384 1525 1521 1581 Nam
1575 1541 1696 1596 quae
1750 1526 1900 1581 velut
1969 1526 2027 1580 in
2080 1525 2168 1582 his

585 1617 850 1688 exemplis
877 1618 1082 1688 prolata
1113 1628 1262 1683 sunt,
1288 1618 1598 1673 communia
1639 1626 1767 1673 sunt
1785 1618 2019 1683 cunctis,
2038 1633 2165 1689 erga

585 1723 707 1778 quae
731 1709 966 1763 humana
986 1709 1095 1762 vita
1111 1708 1376 1778 quotidie,
1401 1709 1505 1764 alia
1534 1725 1753 1764 sursum
1778 1709 1882 1764 alia
1907 1709 2164 1774 deorsum

585 1815 772 1872 agens,
819 1801 1126 1855 versatilem
1178 1816 1339 1856 suum
1393 1800 1604 1856 volutat
1649 1801 1934 1858 circulum.
1980 1801 2162 1858 Unum

587 1891 748 1962 igitur
791 1899 876 1947 est
914 1891 1177 1946 duntaxat
1218 1893 1362 1948 inter
1420 1891 1648 1962 hujusce
1677 1891 1802 1948 vitae
1845 1901 2061 1958 cuncta,
2095 1893 2164 1949 de

585 1999 696 2053 quo
740 1992 955 2054 oportet
997 1999 1213 2054 gravem
1255 1983 1499 2040 dolorem
1551 1983 1861 2054 suscipere,
1899 1993 1956 2040 et
1997 1999 2028 2038 a
2058 1999 2167 2054 quo

586 2071 802 2129 liberari
843 2076 1196 2146 satagendum
1241 2085 1346 2132 est.
1393 2076 1602 2131 Caetera
1645 2091 1778 2132 vero
1828 2075 1941 2130 fere
1985 2075 2167 2130 omnia

585 2180 925 2236 quaecunque
955 2166 1303 2238 contigerint,
1332 2166 1583 2238 equidem
1618 2166 1662 2220 si
1692 2165 1832 2220 mala
1865 2179 1989 2220 esse
2017 2165 2166 2237 judi-

586 2269 727 2321 cem,
761 2265 1017 2326 tanquam
1066 2258 1296 2312 molesta
1323 2258 1453 2312 mihi
1480 2257 1829 2321 incumbent;
1857 2257 1941 2312 sin
1981 2265 2164 2312 autem

583 2346 652 2401 ad
681 2361 746 2400 ea
770 2363 879 2402 non
905 2349 1250 2414 attenderim,
1281 2364 1471 2404 eorum
1504 2349 1714 2404 nullum
1753 2349 1990 2419 aliquam
2029 2348 2164 2403 mihi

585 2435 734 2493 valet
759 2437 973 2508 alligare
1023 2441 1375 2495 anxietatem.
1401 2439 1672 2508 Quidnam
1695 2457 1828 2512 ergo
1856 2449 1940 2496 est
1965 2441 2033 2497 de
2053 2457 2165 2512 quo

585 2544 675 2584 me
704 2539 923 2598 Oportet
971 2545 1097 2587 esse
1137 2532 1459 2600 sollicitum,
1507 2549 1617 2588 non
1659 2543 1842 2589 autem
1875 2533 1944 2589 de
1977 2534 2166 2590 dolore

583 2634 772 2675 curam
825 2625 1046 2694 gerere?
1097 2622 1349 2680 Animam
1411 2640 1740 2682 conservare
1807 2629 2063 2682 intactam
2109 2636 2166 2683 et

586 2705 812 2763 liberam
851 2724 882 2764 a
917 2722 1261 2781 peccatorum
1301 2715 1526 2784 spiculis
1561 2725 1658 2771 :et
1695 2715 1741 2769 si
1784 2715 1931 2786 quod
1973 2731 2166 2772 eorum

583 2799 656 2855 ad
695 2801 838 2856 illam
880 2804 1180 2876 pertigerit,
1215 2806 1534 2878 plagamque
1580 2809 1876 2879 protulerit
1912 2809 1979 2864 ad
2023 2809 2168 2866 cica-

585 2888 797 2955 tricem,
823 2896 1046 2948 excitari
1081 2895 1149 2950 ad
1181 2899 1482 2954 curandum
1510 2899 1727 2966 vulnus,
1757 2899 2154 2973 sanitatemque

2272 600 2439 669 ἐμοὺς
2462 601 2634 653 ποιῶν
2671 599 2989 669 λογισμοὺς,
3022 600 3116 652 καὶ
3157 599 3256 669 τὴν
3288 599 3456 669 μηδὲν
3506 599 3692 661 αὐτοῖς
3728 614 3864 649 cuu-

2271 691 2597 756 εισάγουσαν
2676 688 3023 759 συμπάθειαν
3093 688 3409 753 ἀνακινῶν,
3477 689 3706 760 ἐμαυτῷ
3760 688 3867 758 τὴν

2273 783 2487 854 πληγὴν
2519 783 2686 854 μηδὲν
2711 782 2936 851 ὠφελῶν
2960 783 3228 854 ἐπιφέρω,
3265 782 3428 835 Οἰκία
3479 782 3538 834 δέ
3590 799 3682 851 μοι
3730 798 3868 833 συν-

2271 874 2468 940 έπεσε;
2506 875 2570 926 Τί
2605 869 2732 940 οὖν;
2769 874 2818 926 εί
2881 875 2983 944 μὲν
3041 874 3427 928 καταλαϐοῦσα
3478 874 3659 941 κάμὲ,
3699 871 3863 924 οὐδὲν

2270 968 2407 1038 πρὸς
2443 968 2544 1038 ἐμέ
2567 985 2582 1000 ο
2623 968 2745 1022 οὐδὲ
2799 968 2908 1039 γὰρ
2949 969 3300 1039 αἰσθάνομαι.
3338 968 3399 1020 Εἰ
3427 967 3484 1020 δὲ
3511 965 3728 1019 πολλῶν
3755 982 3859 1020 πε-

2272 1061 2497 1127 σόντων,
2546 1061 2657 1130 ἐγὼ
2715 1060 2810 1115 τοῦ
2866 1059 3164 1132 πτώματος
3224 1060 3494 1131 κρείττων
3557 1059 3860 1129 ἐγενόμην,

2270 1153 2387 1218 πῶς
2432 1154 2555 1208 ἀντὶ
2601 1153 2696 1207 τοῦ
2747 1155 2909 1225 χάριν
2941 1153 3087 1224 ἔχειν
3128 1147 3212 1216 οἷς
3261 1151 3559 1222 ὲρρύσθην,
3579 1152 3725 1221 ὑπὲρ
3785 1142 3863 1203 ὧν

2267 1246 2453 1318 ἀψυχα
2492 1249 2674 1300 κεῖται
2705 1245 3011 1318 δυσφορῶν,
3044 1245 3146 1298 οὐκ
3192 1243 3416 1316 ἐμαυτῷ
3463 1241 3716 1316 προξενῶ
3760 1242 3863 1314 τὴν

2268 1340 2484 1412 λύπην;
2511 1337 2656 1394 οὕτω
2704 1339 2770 1410 δὴ
2815 1339 2911 1393 καὶ
2951 1339 3046 1392 ἐπὶ
3098 1338 3209 1392 τῶν
3259 1338 3436 1391 ἄλλων
3465 1339 3755 1392 ἁπάντων.
3794 1337 3864 1389 Ἃ

2266 1432 2378 1507 γὰρ
2424 1432 2499 1497 ὡς
2540 1432 2634 1486 ἐπὶ
2663 1431 3135 1504 παραδειγμάτων
3168 1430 3374 1484 τούτων
3421 1430 3668 1500 εἴρηται,
3699 1429 3864 1481 κοτυά

2267 1525 2486 1579 πάντων
2515 1525 2662 1578 ἐστὶν
2689 1524 2791 1578 ὃσα
2813 1523 3159 1594 καθεκάστην
3178 1524 3205 1575 ὁ
3229 1522 3341 1592 βίος
3378 1520 3454 1593 (6)
3474 1561 3492 1587 ,
3521 1523 3591 1574 τὰ
3613 1520 3714 1591 μὲν
3748 1520 3863 1574 ἄνω

2269 1617 2440 1688 φέρω,
2466 1617 2536 1670 τά
2564 1617 2622 1672 δὲ
2667 1617 2819 1671 κάτω
2863 1617 2939 1688 (7)
2988 1617 3080 1670 τὸν
3114 1613 3311 1669 ἑαυτοῦ
3364 1603 3748 1683 mova
3785 1610 3862 1682 (8)

2268 1709 2546 1762 ἑλίσσεται
2579 1707 2802 1762 κύκλον.
2847 1708 2945 1763 Ἕν
2969 1707 3062 1760 οῦν
3093 1711 3210 1760 ἐστι
3242 1708 3404 1777 μόνον
3435 1706 3546 1758 τῶν
3565 1707 3626 1758 ἐν
3651 1703 3734 1774 τῷ
3762 1702 3861 1774 βίῳ

2274 1800 2514 1865 πάντων,
2541 1801 2669 1871 περὶ
2699 1793 2760 1856 οὗ
2788 1799 2895 1871 χρὴ
2919 1798 3014 1852 καὶ
3033 1799 3131 1869 τὴν
3155 1798 3428 1868 ἀλγηδόνα
3459 1797 3693 1868 βαρεῖαν
3712 1795 3862 1865 δέχε-

2269 1894 2416 1960 σθαι,
2445 1895 2540 1947 καὶ
2563 1894 2804 1965 σπουδὴν
2826 1894 3071 1958 εἰσάγειν
3090 1893 3300 1964 ταύτης
3325 1890 3762 1946 ἀπαλλάττεθαι.
3781 1890 3862 1942 Ta

2265 1984 2312 2038 δ’
2335 1984 2472 2038 ἀλλα
2505 1984 2703 2055 μικροῦ
2735 1984 2914 2038 πάντα
2943 1984 3044 2037 ὅσα
3074 1983 3278 2054 συμϐῇ,
3306 1982 3372 2036 ἂν
3403 1983 3510 2054 μὲν
3534 1980 3653 2049 ἐγὼ
3688 1981 3860 2052 κρίνω

2271 2076 2454 2146 φαῦλα
2475 2076 2649 2130 ταῦτα
2675 2071 2838 2142 εἶναι,
2861 2075 2938 2139 ὡς
2971 2074 3193 2148 λυπηρά
3225 2091 3316 2145 μοι
3345 2073 3660 2129 ἐπιτίθεται
3680 2089 3694 2103 ⁸
3716 2073 3788 2126 ἂν
3811 2071 3859 2125 δ’

2267 2169 2368 2222 ούκ
2421 2167 2845 2238 ἐπιστρίφωμαι
2896 2166 3034 2238 πρὸς
3061 2166 3223 2231 αύτά,
3258 2165 3414 2220 οὐδὲν
3459 2165 3651 2219 αὐτῶν
3681 2163 3858 2234 ἰσχύει

2267 2258 2652 2330 προσάψασθαι
2679 2257 2937 2328 οὐδεμίαν
2964 2274 3054 2329 μοι
3099 2256 3298 2327 θλίψιν.
3341 2256 3408 2310 Τί
3434 2255 3530 2311 οῦν
3563 2259 3685 2310 ἔστι
3733 2255 3861 2328 περὶ

2267 2345 2330 2404 οῦ
2363 2368 2430 2421 με
2452 2351 2534 2404 δεῖ
2568 2350 2900 2422 φροντίζειν,
2929 2349 3026 2403 καὶ
3055 2350 3118 2403 ού
3145 2348 3280 2420 πρὸς
3309 2347 3408 2420 τὴν
3432 2348 3716 2418 ἀλγηδόνα
3739 2349 3859 2401 ἑπι-

2270 2439 2601 2512 στρέφεσθαι
2623 2457 2639 2506 ;
2670 2439 2734 2494 τὸ
2761 2439 2882 2501 ταῖς
2908 2439 3062 2492 ἀκίσι
3089 2437 3198 2492 τῶν
3226 2437 3653 2508 ἁμαρτημάτων
3673 2433 3858 2503 ἀπαθῆ

2266 2531 2364 2600 τὴν
2413 2531 2592 2602 ψυχὴν
2643 2529 2721 2602 (9)
2775 2529 2872 2583 καὶ
2897 2530 3174 2585 ἀνάλωτον
3225 2529 3338 2602 (10)
3381 2531 3683 2599 συντηρεῖν
3712 2543 3729 2557 ·
3755 2526 3857 2581 κᾶν

2271 2640 2323 2677 τι
2354 2622 2704 2694 προσάψηται
2721 2621 3059 2693 ταύτης,καὶ
3082 2623 3218 2694 πρὸς
3244 2622 3492 2694 μώλωπα
3517 2621 3624 2692 τὴν
3642 2620 3856 2690 πληγὴν

2265 2713 2505 2784 ἑκτείνῃ,
2557 2712 2935 2767 διανίστασθαι
2986 2713 3049 2767 τὸ
3097 2712 3324 2785 τραῦμα
3377 2709 3718 2783 θεραπεύειν
3766 2709 3856 2764 καὶ

2265 2807 2402 2877 πρὸς
2431 2805 2641 2874 ὑγίειαν
2690 2805 3156 2863 ἀνακαλέσασθαι.
3219 2806 3304 2859 Τά
3344 2805 3392 2860 δ’
3456 2806 3604 2860 ἀλλα
3647 2804 3844 2868 πάντα,

2259 2902 2388 2968 δόξα
2418 2903 2513 2956 καὶ
2567 2899 2818 2969 πλοῦτος,
2850 2900 3048 2968 κάλλος
3085 2902 3184 2958 καὶ
3214 2903 3388 2974 ἰσχὺς,
3421 2903 3724 2957 δυναστεία
3760 2900 3848 2956 καὶ

2153 3077 2386 3136 ΝΟΤΕ.

658 3255 734 3326 (6)
763 3255 852 3333 _’0
895 3253 1054 3321 βίος.
1115 3254 1292 3333 _Locus
1335 3258 1644 3333 communis
1687 3257 1766 3333 de
1805 3259 2156 3333 instabilitate
2182 3265 2225 3325 C
2258 3261 2314 3316 in
2359 3262 2516 3318 theca
2575 3261 2927 3333 reliquiarum
2987 3259 3215 3317 Joannis
3262 3259 3523 3333 Baptistae
3550 3256 3844 3333 _Perpinia-

585 3327 712 3381 vita:
763 3327 1013 3397 humanae
1063 3347 1074 3381 :
1114 3327 1169 3380 in
1218 3341 1327 3396 quo
1375 3329 1635 3397 peculiari
1682 3331 2157 3386 animadtersioue

584 3398 745 3467 digna
779 3397 912 3450 mihi
947 3395 1059 3450 visa
1085 3404 1214 3451 sunt
1237 3395 1414 3453 verba
1453 3399 1753 3456 Clementis
1780 3401 2156 3466 Alexandrini,

585 3471 710 3540 quia
761 3467 966 3540 mutila,
1003 3475 1062 3540 ut
1111 3467 1201 3540 hic
1255 3483 1320 3521 ex
1356 3469 1635 3522 verisimili
1669 3486 1765 3540 per
1795 3487 1967 3526 uncos
2011 3487 2161 3526 com-

584 3537 878 3607 plerentur.
914 3537 1003 3590 Sic
1031 3537 1248 3590 inchoat
1283 3553 1530 3593 summus
1560 3541 1639 3592 vir
1670 3537 1891 3602 librum,
1913 3540 2041 3606 Quis
2065 3542 2157 3594 di-

583 3624 670 3680 ves
709 3607 932 3680 salutem
969 3617 1326 3680 consequatur
1370 3627 1382 3662 :
1415 3610 1477 3680 υἱ
1510 3610 1608 3679 μὲν
1635 3611 1761 3673 τοὺς
1787 3612 2158 3680 ἐγκωμιαστι-

583 3679 713 3752 iton
755 3677 946 3752 λόγους
966 3680 1083 3752 ’τοῖς
1127 3677 1404 3752 πλουσίοις
1424 3677 1877 3752 δῳροφοροῦντες,
1909 3677 1970 3734 οὖ
2001 3681 2158 3752 μόνον

581 3748 811 3822 κόλακες
831 3747 934 3822 καὶ.
955 3745 1298 3822 ἀνελεύθεροι
1321 3745 1540 3822 δικαίαις
1570 3745 1856 3822 ἀν’ἑμοιγε
1877 3745 2157 3822 κρίνεσθαι

581 3817 811 3890 δοκοῖεν,
831 3817 903 3878 ὡς
922 3817 1219 3890 επὶ-πολλῷ
1249 3817 2056 3890 προσποιούμενοιχαρίσασθαι
2092 3821 2159 3874 τὰ

581 3887 880 3958 ἀχάριστα·
914 3887 1047 3958 ἀλλὰ
1085 3890 1176 3939 καὶ
1216 3887 1432 3951 ἀσεϐεῖς
1463 3887 1563 3941 καῖ
1597 3887 1908 3942 ἐπίϐουλοι·
1941 3891 2157 3952 ἁσεῦεῖς

587 3956 705 4029 μὲν,
735 3956 1110 4029 ὅτιέπαρέντες
1131 3959 1310 4029 αἰνεῖν
1345 3961 1438 4029 καὶ
1452 3958 1715 4029 ῌδοξάζειν
1755 3960 1847 4011 τὸν
1883 3961 2042 4029 μόνον
2066 3961 2159 4029 se:

583 4023 727 4078 λειον
758 4027 849 4077 καὶ
887 4023 1088 4092 ἀγαθὸν
1120 4026 1274 4091 Θεὸν,
1321 4027 1378 4092 ἐξ
1421 4023 1484 4082 οὗ
1513 4030 1584 4080 τὰ
1641 4029 1818 4081 πάντα
1865 4023 1955 4082 καὶ
1983 4029 2050 4082 δι’
2095 4025 2156 4082 οὗ

582 4096 652 4168 Cia}
699 4099 909 4168 πάντα,
949 4096 1168 4168 καλ-,εξς
1195 4097 1254 4168 ὃν
1295 4098 1366 4149 τὰ
1416 4100 1627 4160 πάντα,
1681 4099 2044 4168 περιάπτουσι
2097 4101 2158 4153 τὸ

583 4164 798 4239 [θεῖονὶ
824 4164 1353 4239 -γέρ-ας-ἀνθρῴποις
1397 4168 1453 4219 ὲν
1488 4164 1766 4239 άστὶάτῳῖ
1785 4168 1884 4238 βίῳ
1914 4170 2156 4223 κυλινδο-

587 4233 796 4303 μένοις,
824 4233 1047 4368 [καὶὸτδ
1080 4233 1396 4309 κεφάλαιον,
1441 4233 1820 4308 ὑποκειμένοις
1857 4233 1929 4308 ⁷τῇ
1977 4241 2156 4310 κρίσει

587 4306 678 4358 τοῦ
729 4306 882 4357 Θεοῦ.
979 4305 1031 4357 ui
1082 4306 1452 4361 Encomiorum
1501 4325 1717 4361 munera
1766 4309 2011 4363 divitibus
2061 4311 2156 4362 tri-

581 4306 678 4358 τοῦ
729 4306 882 4357 Θεοῦ.
931 4305 1031 4363 Qui
1082 4306 1452 4361 Encomiorum
1501 4305 1717 4361 munera
1766 4305 2026 4363 divitibus'
2061 4311 2156 4362 tri-

582 4376 766 4439 buunt,
795 4377 832 4428 ii
866 4392 984 4428 vero
1039 4378 1165 4428 mihi
1204 4393 1307 4428 non
1356 4378 1524 4431 solum
1566 4379 1870 4432 adulatores
1909 4389 1958 4432 et
1988 4380 2156 4433 illibe-

585 4446 740 4519 rales
767 4447 950 4498 merito
982 4462 1088 4498 esse
1117 4447 1374 4519 videnlur,
1411 4449 1499 4517 qui
1543 4465 1731 4519 magno
1775 4466 1831 4502 se
1859 4451 2156 4518 gratiﬁcari

581 4515 824 4568 simulent
876 4532 1110 4588 quorum
1148 4516 1293 4568 nulla
1327 4515 1536 4587 gratia;
1579 4515 1758 4571 verum
1809 4515 1968 4572 etiam
2001 4515 2154 4588 impii

583 4597 635 4658 et
650 4587 933 4658 insidiosi:
966 4587 1114 4658 impii
1149 4588 1378 4658 quidem,
1409 4588 1545 4658 quod
1574 4589 1879 4655 posthabitis
1910 4590 2007 4643 Dei
2032 4587 2154 4643 lau-

581 4656 733 4709 dibus
773 4665 819 4708 et
851 4655 1050 4725 gloria,
1097 4657 1186 4723 qui
1221 4672 1354 4709 unus
1395 4655 1653 4727 perfectus
1683 4675 1746 4712 ac
1774 4660 1935 4712 bonus
1958 4670 2064 4724 est;
2095 4677 2159 4714 ex

581 4743 683 4796 quo
710 4727 888 4799 omnia
914 4735 960 4777 et
988 4743 1079 4794 per
1109 4742 1258 4799 quem
1290 4729 1467 4780 omnia
1495 4738 1541 4782 et
1574 4730 1628 4780 in
1650 4745 1801 4799 quem
1833 4731 2009 4783 omnia
2027 4773 2041 4795 ,
2076 4733 2158 4783 di-

582 4800 760 4849 vinum
786 4798 1031 4849 honorem
1058 4797 1355 4849 attribuunt
1379 4797 1674 4852 hominibus
1706 4801 1761 4851 in
1780 4801 1896 4853 vita
1925 4801 2161 4853 instabili

580 4866 956 4928 volutantibus,
990 4879 1038 4919 et
1068 4867 1204 4934 quod
1235 4877 1391 4934 caput
1422 4878 1516 4933 est,
1543 4869 1748 4936 judicio
1779 4870 1874 4923 Dei
1902 4871 2156 4924 obnoxiis.

580 4937 818 5010 Accedat
855 4937 965 5010 huc
996 4936 1383 5010 Theophylacti
1415 4939 1641 5010 epistola
1676 4941 1763 5005 ιε,
1802 4941 1915 5009 ipsa
1946 4956 2163 5010 quoque

583 5007 900 5080 corrigenda
921 5049 936 5071 ,
991 5009 1171 5058 πᾶσαν
1197 5008 1318 5080 γτὴν
1368 5007 1721 5080 ἀστατοῦσαν,
1757 5007 1935 5062 κτίσιν
1963 5007 2003 5080 ⁷(
2023 5007 2163 5066 mule

581 5077 863 5150 editumet
881 5091 1095 5150 versum
1105 5077 1314 5150 κρίσιν)
1335 5080 1430 5131 καὶ
1453 5080 1613 5150 μόνον
1631 5079 1886 5150 ἀκίνητον
1904 5081 1962 5132 τὸ
1980 5077 2162 5134 ἀεικί-

581 5163 742 5214 νητον
793 5147 1044 5214 ἔχουσαν.
1075 5144 1490 5203 ΕιῬιιτιιέιιεεὶξ
1545 5144 1795 5204 Eucherii
1825 5167 1880 5203 ιι.
1920 5151 2005 5205 10.
2042 5151 2162 5204 Vita

580 5217 904 5290 Iuvcrbrevis,
939 5219 1014 5270 ita
1072 5219 1396 5283 brevissima,
1429 5229 1484 5271 ut
1519 5221 1964 5274 wrumnosissima
1993 5239 2012 5282 ;
2045 5238 2162 5290 qua:

579 5289 806 5360 undique
817 5289 1270 5360 circumstantium
1297 5289 1537 5360 dolorum
1564 5299 1776 5360 urgetur
1799 5289 2160 5356 incommodis,

577 5366 628 5431 et
676 5358 1027 5431 deﬁcientibus
1067 5359 1169 5431 (an
1204 5358 1648 5426 indeﬁcicntibusi
1680 5362 1940 5431 fatigatur
1981 5362 2161 5429 malis,

576 5428 702 5480 dum
723 5429 1068 5482 accidentium
1086 5429 1328 5497 jactatur
1362 5431 1592 5498 injuriis,
1619 5428 1726 5484 etc.

651 5498 727 5568 (7)
770 5499 945 5564 Ἀνω,
979 5498 1454 5554 xdzw.Allirrnare
1482 5499 1618 5553 nihil
1642 5501 1866 5563 dubito,
1893 5500 1946 5555 in
1977 5501 2155 5556 homi-

579 5567 885 5622 liaLeontii
914 5571 1211 5638 presbyteri
1236 5571 1339 5622 (ΣΡ.
1377 5570 1517 5639 apud
1543 5570 1857 5625 Gretsernm
1884 5572 1962 5626 Ite
1981 5572 2153 5626 Cruce

578 5656 626 5692 c.
672 5641 824 5694 1:387.
869 5640 928 5693 Β.
967 5641 1056 5693 ubi
1087 5641 1154 5694 de
1184 5639 1319 5693 Filio
1357 5641 1446 5692 Dei
1473 5642 1669 5708 agitur,
1698 5641 1984 5709 legendum
2006 5658 2149 5706 esse,

580 5712 673 5762 καὶ
709 5711 821 5763 ἀνω
853 5711 944 5763 καὶ
977 5711 1127 5762 κάτω
1161 5710 1409 5780 μηδαμοῦ
1438 5712 1772 5781 λειπόμενος.
1803 5712 1869 5764 Et
1912 5715 1966 5765 in
1993 5729 2150 5781 supe-

583 5781 804 5852 rioribus
833 5789 882 5852 et
913 5781 968 5852 in
996 5779 1341 5852 inferiaribus
1368 5779 1681 5852 nullatenus?
1701 5797 1807 5834 esse
1832 5779 2091 5836 desinens.

649 5848 726 5920 (8)
764 5848 1198 5918 Πολύστροφον
1251 5848 1563 5904 ἑλίσσεται
1614 5851 1862 5905 κύκλον.
1894 5852 2152 5924 Appositc

2262 3334 2443 3398 nensi,
2485 3328 2835 3404 Πραγμάτων
2869 3333 3063 3397 ἑλίξεις
3093 3339 3106 3382 l
3129 3341 3223 3386 aut
3252 3328 3514 3404 είλῆσεις.
3548 3328 3641 3404 lla
3665 3328 3848 3404 legen-

2261 3404 2413 3468 dum,
2451 3412 2510 3456 ut
2535 3401 2696 3473 paulo
2724 3410 2850 3456 ante
2882 3404 3187 3473 τιμωρεῖν)
3215 3419 3276 3473 τε
3311 3401 3413 3473 και
3438 3401 3844 3473 στλροφάςᾳβίου.

2335 3474 2409 3542 (9)
2461 3470 2677 3540 Ἀθὶαθῆ
2705 3473 2820 3540 τὴν
2858 3470 3090 3541 ψυχήν.
3122 3472 3264 3537 Quid
3295 3471 3418 3525 novi
3448 3471 3518 3524 ad
3553 3470 3842 3542 ἀπάθειαν,

2260 3559 2376 3598 rem
2393 3541 2704 3597 innumeris
2730 3544 3143 3596 innumerorum
3169 3542 3584 3596 commentariis
3611 3541 3844 3596 illustra-

2261 3623 2368 3667 tam
2414 3613 2721 3683 proferam?
2771 3613 3083 3683 Proimore
3134 3611 3351 3683 criticas
3408 3612 3840 3683 observationes.

2259 3681 2442 3738 Primo
2490 3684 2672 3751 itaque
2709 3682 2827 3753 lego
2849 3682 3032 3753 Epist.
3065 3682 3188 3740 186.
3225 3681 3317 3734 lib.
3347 3697 3364 3734 t
3391 3683 3480 3753 _S.
3511 3682 3659 3752 iNili,
3699 3682 3843 3744 ὅπως

2263 3754 2337 3824 μὴ
2371 3753 2750 3825 άπευδοκήσῃς
2768 3751 2871 3804 *τοῦ
2893 3753 3241 3874 ἔαρίσματος
3269 3753 3366 3819 τῆς
3388 3751 3722 3816 ἅπτοησίας,
3753 3753 3844 3802 καὶ

2263 3824 2356 3874 τῆς
2386 3825 2746 3874 τελειωτάτης
2775 3824 2888 3874 ἀπα
2929 3824 3066 3874 είας.
3099 3823 3163 3874 Et
3195 3830 3373 3874 verto.
3408 3829 3464 3873 ut
3511 3838 3576 3874 ne
3606 3823 3841 3874 desperes

2259 3823 2356 3893 τῆς
2386 3823 2746 3892 τελειωτάτής
2775 3823 3066 3883 ἀπαθείας.
3099 3823 3163 3875 Et
3195 3830 3373 3884 verto,
3408 3829 3464 3893 ut
3505 3838 3576 3893 ne
3606 3823 3841 3889 desperes

2259 3892 2323 3946 de
2368 3895 2683 3946 charismate
2712 3893 3188 3962 intrepiditatistet
3220 3892 3617 3962 perfectissima:
3647 3893 3841 3960 impero

2260 3963 2660 4016 turbabilitatis.
2711 3962 2915 4016 Deinde
2945 3977 3075 4015 vero
3120 3961 3416 4016 Eusebium
3455 3961 3678 4015 Mcursii
3725 3977 3842 4016 cor-

2260 4033 2375 4102 rigo
2436 4035 2489 4086 in
2523 4033 2803 4087 Canticum
2854 4033 3180 4086 canticorum
3213 4047 3268 4101 ι).
3307 4033 3395 4085 l0.
3445 4030 3719 4084 Τοσοῦτον
3763 4030 3841 4084 δεῖ

2260 4104 2586 4173 καθαρεύειν
2621 4106 2712 4155 τὸν
2756 4103 3085 4172 λαλούμενον
3133 4103 3272 4172 Θεῷ,
3319 4103 3395 4164 ὡς
3423 4102 3526 4164 τὰς
3572 4103 3842 4171 ἐμπαθεῖς

2257 4175 2512 4244 ἀφορμὰς
2539 4173 2780 4243 ἀπαθείᾳ
2804 4173 3183 4244 ὑποτίθεσθαι.
3209 4173 3318 4226 lloc
3346 4180 3450 4236 est,
3485 4173 3638 4244 Adeo,
3663 4183 3838 4226 autem

2257 4243 2418 4311 purus
2443 4260 2550 4296 esse
2578 4244 2726 4297 debet
2769 4245 2859 4313 qui
2886 4259 3004 4295 cum
3034 4243 3143 4295 Deo
3169 4243 3420 4313 loquitur,
3465 4251 3522 4294 ut
3557 4243 3837 4310 affectuum

2257 4316 2478 4381 impetus
2504 4315 2766 4367 vacuitate
2784 4312 3215 4382 perturbationes
3243 4312 3514 4381 subjiciat.

2333 4386 2443 4453 (10)
2493 4385 2839 4436 Ἀνάλωτον.
2885 4383 3002 4436 Non
3041 4399 3130 4436 me
3177 4384 3308 4436 latet
3345 4386 3636 4451 plerasque
3689 4397 3837 4436 meas

2258 4452 2423 4506 Notas
2465 4455 2632 4522 magis
2671 4470 2791 4507 esse
2819 4453 3224 4507 observationes
3265 4453 3330 4504 ad
3376 4453 3514 4506 alios
3563 4463 3834 4514 auctores.

2257 4539 2420 4592 quam
2470 4521 2859 4578 elueidationcs
2893 4524 2958 4576 ad
3002 4538 3173 4576 meos.
3213 4523 3266 4576 ld
3306 4522 3348 4576 si
3387 4523 3512 4590 quis
3547 4524 3682 4575 vitio
3722 4538 3837 4576 ver-

2189 4594 2409 4674 Dterit,
2459 4603 2638 4662 potest
2679 4609 2770 4647 eas
2819 4609 2928 4672 non
2977 4593 3175 4673 legere.
3225 4594 3428 4674 _Cont_ra
3468 4607 3571 4674 ego
3600 4607 3831 4655 censeo,

2260 4663 2314 4716 in
2350 4665 2450 4718 hoc
2479 4679 2677 4734 genere
2709 4664 2887 4732 operis
2937 4663 3186 4734 atquein
3225 4664 3326 4716 hac
3361 4663 3483 4734 lu'ce
3507 4663 3836 4724 litterarum,

2259 4749 2429 4803 pauca
2465 4733 2788 4789 declaranda
2819 4748 2936 4786 esse
2971 4750 2984 4785 :
3017 4733 3219 4786 nullam
3255 4742 3438 4786 autem
3468 4733 3840 4786 intermittere

2259 4803 2602 4859 occasionem
2649 4803 2939 4871 adjuvandi
2982 4818 3078 4856 eos
3107 4804 3197 4872 qui
3243 4812 3458 4857 veteres
3509 4803 3685 4857 libros
3720 4818 3839 4856 ver-

2269 4883 2411 4933 sant.
2458 4873 2786 4942 mendarum
2831 4872 3119 4942 scrupulos
3168 4873 3523 4935 removendo,
3575 4873 3684 4926 hoc
3715 4887 3839 4926 vero

2262 4943 2317 4996 in
2357 4944 2513 4998 laude
2560 4958 2722 5013 pono.
2771 4941 2937 5013 lgitur
2967 4941 3118 4996 Nota
3167 4958 3409 5012 praesens
3439 4945 3545 4997 erit
3576 4945 3644 4997 ad
3676 4942 3840 4997 Joan-

2262 5029 2388 5068 nem
2416 5014 2664 5068 Calecam
2708 5013 2972 5067 Sermone
2997 5013 3182 5067 habito
3211 5013 3495 5067 Dominica
3524 5022 3658 5066 ante
3689 5013 3840 5068 exal-

2261 5086 2518 5138 tationem
2561 5083 2619 5138 S.
2665 5082 2873 5145 Crueis,
2927 5083 3069 5152 apud
3109 5083 3426 5138 Gretserum
3452 5099 3504 5137 c.
3534 5083 3699 5137 1571.
3735 5083 3840 5136 Καὶ

2259 5154 2447 5216 ἁπλῶς
2487 5155 2612 5217 τοὺς
2654 5153 2939 5224 Ἰουδαίους
2979 5153 3221 5224 διήγειρε
3253 5156 3347 5206 καὶ
3383 5154 3714 5224 παρώτρυνε
3745 5170 3840 5204 συ-

2260 5225 2599 5294 κοψαντῆσαι
2639 5223 2834 5294 τοῦτον
2871 5224 2968 5276 καὶ
3009 5222 3369 5294 καταδικάσαι
3403 5222 3482 5285 ὡς
3523 5222 3839 5292 κακοῦργον

2259 5287 2353 5347 καί
2387 5287 2717 5347 θανατῶσαι.
2766 5293 2924 5346 Ἀλλά
2958 5295 3051 5362 καὶ
3095 5291 3267 5354 οὕτως
3295 5287 3454 5362 εὗρεν
3502 5295 3672 5346 αὑτὸν
3702 5287 3838 5361 ἀήτο

2258 5380 2420 5435 τητον
2454 5366 2546 5417 καὶ
2577 5365 2904 5435 ἀνάλλωτον.
2957 5361 3163 5432 Nempe
3203 5361 3836 5435 longe’przestantiorem

2257 5433 2376 5487 fore
2403 5435 2711 5494 lectionem,
2744 5433 3018 5488 ἀνάλωτον
3049 5449 3209 5502 quam
3247 5434 3607 5484 ἀναλλοίωτον
3639 5433 3836 5485 immu-

2255 5504 2489 5558 tabilem.
2530 5505 2843 5574 Indicosque
2884 5505 3170 5557 universim
3212 5503 3420 5572 impulit
3455 5503 3732 5566 diabolus,
3781 5512 3838 5554 ιιι

2253 5574 2530 5628 calumniis
2588 5587 2721 5629 eum"
2756 5574 3038 5628 Christum
3083 5575 3420 5638 incesserent,
3475 5583 3523 5626 et
3579 5582 3837 5641 tauquam

2253 5644 2550 5713 maleﬁcum
2604 5647 3048 5706 condemnarent,
3101 5644 3363 5712 mortique
3433 5643 3832 5712 adjudicarent.

2258 5714 2441 5787 Verum
2487 5717 2562 5770 sic
2597 5732 2798 5787 quoque
2838 5714 3087 5768 invictum
3127 5721 3175 5769 et
3223 5713 3693 5784 inexpugnabilem
3751 5728 3836 5767 rc-

2249 5786 2400 5852 perit.
