4046 6460
186 405 299 471 989
1332 410 1869 471 EPISTOLARUM
1903 413 2139 473 LIBER
2179 414 2294 473 III.
3339 418 3447 482 990

183 519 346 591 ῥώμη
388 518 639 591 σώματος
668 560 683 585 ,
746 520 840 575 καὶ
882 520 1082 592 κράτος
1148 521 1320 590 λόγων
1386 522 1711 593 τιμιώτερον
1740 563 1754 585 ,
1784 524 1838 585 Α
1862 526 2242 580 revocandam.
2276 523 2500 593 Reliqua
2522 540 2583 579 ve

1862 526 2242 580 revocandam.
2276 523 2500 593 Reliqua
2522 538 2651 579 vero
2680 526 2862 580 omnia
2884 566 2900 592 ,
2936 527 3104 597 gloria
3131 537 3187 584 et
3216 529 3443 600 divitiae,

183 611 377 674 παϊδός
446 613 585 665 εἰσιν
633 614 693 667 ἑν
748 612 849 684 βίῳ
906 612 1230 677 παίζοντες·
1283 612 1484 683 μᾶλλον
1526 612 1586 666 δὲ
1639 613 1761 667 οὐδὲ
1860 618 2105 686 potentia
2138 626 2196 672 et
2225 618 2386 671 robur
2414 632 2581 686 corpo

1860 618 2105 686 potentia
2138 626 2196 672 et
2225 618 2386 671 robur
2414 618 2680 686 corporis,
2709 618 2965 688 quodque
3002 621 3296 689 pretiosius
3337 635 3442 688 est,

179 702 395 768 παῖδες,
432 703 609 774 σκηνὴ
635 703 692 758 δὲ
732 704 943 758 παίδων
975 704 1382 776 ὑποκρινομένη
1432 704 1640 776 δρᾶμα,
1665 702 1761 759 καὶ
1858 705 2073 762 dicendi
2106 707 2358 773 facultas,
2402 710 2554 779 pueri

1858 705 2073 762 dicendi
2106 707 2358 773 facultas,
2402 710 2554 779 pueri
2601 721 2731 764 sunt
2765 711 2822 763 in
2854 710 2964 765 vita
3001 711 3273 774 ludentes,
3331 713 3442 767 imo

178 793 235 848 ετ
249 811 305 847 τι
324 794 530 851 τούτων
554 796 984 870 ἀπατηλότερον.
1858 798 2042 869 potius
2084 814 2156 855 ne
2194 801 2350 871 pueri
2381 802 2583 871 quideu

1858 798 2042 869 potius
2084 814 2156 855 ne
2194 801 2350 871 pueri
2381 802 2632 871 quidem,
2674 801 2770 857 sed
2816 816 2982 856 scena
3029 801 3265 857 fabulam
3302 819 3440 873 pue-

1858 903 2047 946 rorum
2080 902 2501 964 repraesentans,
2540 893 2630 949 vel
2673 892 2884 964 siquid
2920 893 3009 949 his
3052 902 3139 950 est
3173 894 3441 951 fallacius.

1025 1193 1259 1271 ANG.
1337 1194 1521 1275 MAI
1600 1196 2453 1277 ANIMADVERSION
2471 1198 2583 1276 ES

756 1364 847 1421 DE
885 1364 1279 1424 ERRORIBUS
1315 1367 1740 1428 MONTACUTII
1779 1372 1847 1428 IN
1888 1372 2188 1429 EDENDIS
2229 1372 2457 1429 PHOTII
2496 1372 2880 1431 EPISTOLIS.

1292 1540 1576 1614 (Spicileg.
1618 1542 1770 1600 Rom.
1812 1554 1853 1601 t.
1893 1546 1975 1611 X,
2018 1562 2076 1617 p.
2117 1546 2311 1617 χχιιι.)

251 1672 357 1729 llic
384 1686 505 1744 ego,
537 1686 637 1743 pro
664 1687 787 1727 meo
816 1674 1063 1731 veritatis
1087 1678 1291 1745 studio,
1320 1680 1501 1737 facere
1528 1699 1639 1738 non
1670 1699 1917 1754 possum,
1949 1685 2082 1754 quin
2114 1685 2239 1740 data
2268 1684 2580 1750 occasione,
2610 1687 2908 1743 nonnullos
2933 1687 3091 1758 Angli
3119 1688 3437 1748 Montacutii

174 1775 420 1825 errores,
456 1760 510 1814 in
543 1760 896 1829 epistolarnm
928 1762 1107 1819 Photii
1132 1765 1200 1820 ab
1236 1782 1303 1821 eo
1331 1769 1599 1824 editarum
1634 1771 1947 1841 epigraphis
1992 1786 2308 1840 coarguam.
2341 1773 2394 1825 1.
2443 1772 2521 1826 Ac
2564 1773 2796 1840 primum
2844 1790 2957 1830 non
3002 1776 3261 1847 jurgabor
3314 1794 3440 1834 cum

174 1847 415 1912 editore,
445 1847 588 1916 quod
619 1849 673 1904 in
725 1849 1022 1905 voluminis
1052 1850 1234 1909 fronte
1276 1854 1468 1911 Latine
1496 1859 1819 1911 sanctissimi
1861 1858 2078 1913 titulum
2131 1858 2454 1927 patriarchae
2502 1858 2697 1914 Photio
2743 1860 3034 1925 addiderit,
3076 1872 3157 1917 est
3194 1865 3341 1918 enim
3384 1865 3439 1920 id

174 1933 342 1988 olIicii
366 1936 548 2005 potius
577 1952 642 1991 ac
674 1938 977 2008 dignitatis,
1007 1956 1171 2010 quam
1201 1942 1418 1998 virtutis
1456 1944 1780 2014 epithetum,
1829 1954 1886 2001 et
1944 1945 2164 2015 quidem
2203 1944 2347 2014 apud
2390 1944 2607 1999 Grazcos
2651 1947 3205 2017 pervulgatissimum.
3243 1950 3441 2015 Quaero

176 2030 367 2077 tamen
395 2040 494 2078 cur
516 2025 569 2079 in
610 2028 799 2081 eadem
850 2029 973 2084 libri
1012 2028 1192 2086 fronte
1244 2047 1353 2086 non
1386 2032 1598 2103 legatur
1617 2033 1805 2088 Graace
1857 2032 2203 2099 ἁγιωτάτουῖ
2236 2029 2593 2086 Oblivionene
2645 2032 2849 2102 aliqua,
2916 2049 2985 2087 an
3041 2035 3247 2090 codicis
3295 2036 3441 2092 haud

174 2110 631 2178 reprehendendo
672 2113 892 2169 defectu
929 2115 1131 2171 factum
1157 2119 1282 2173 est?
1330 2120 1386 2174 2.
1431 2120 1489 2174 1η
1524 2121 1729 2190 quinta:
1754 2119 2032 2174 Photianaz
2056 2118 2494 2191 epistolze[nunc
2542 2121 2597 2174 1⁸
2639 2122 2783 2176 tertii
2831 2122 2977 2194 libri]
3028 2124 3345 2195 epigraphe,
3378 2120 3445 2182 et

170 2212 325 2266 saepe
349 2198 401 2251 in
428 2198 570 2263 aliis,
601 2199 788 2255 Graace
816 2202 1145 2273 ἀσπαθοιρίῳ
1183 2206 1334 2274 ponit
1359 2206 1740 2274 Montacutius,
1770 2208 1966 2264 Latine
2006 2219 2189 2263 autem
2228 2210 2571 2279 aspathario;
2597 2221 2760 2279 atque
2804 2211 2859 2265 in
2894 2212 3141 2280 ejusdem
3191 2214 3436 2283 epistolae

171 2285 620 2372 scholiojudicat
652 2290 904 2344 eumdem
948 2306 1069 2346 esse
1120 2294 1487 2361 aspatharium
1537 2306 1700 2366 atque
1745 2300 2103 2368 spatharium.
2156 2298 2643 2352 \‘erumenimvero
2685 2299 2808 2368 quis
2856 2315 3095 2370 unquam
3142 2302 3248 2356 nisi
3296 2302 3440 2372 apud

174 2370 576 2429 Montacutium
606 2376 907 2444 aspatharii
933 2380 1259 2433 vocabulum
1303 2383 1510 2437 audiit?
1532 2382 1610 2437 En
1642 2394 1823 2440 autem
1870 2385 2073 2441 erroris
2121 2400 2365 2439 causam.
2389 2386 2450 2439 In
2484 2384 2750 2443 Vaticano
2792 2384 2998 2441 Nicolai
3047 2389 3220 2444 nostri
3250 2370 3440 2445 codice

178 2471 274 2527 ep.
306 2458 395 2523 69,
418 2460 674 2515 scribitur
695 2462 748 2515 in
779 2463 1073 2534 epigraphe
1101 2473 1148 2519 α’
1175 2468 1483 2540 σπαθαρίῳ,
1512 2470 1720 2526 lineola
1746 2472 2094 2542 superposita
2121 2471 2316 2526 litterae
2374 2471 2445 2536 α’,
2476 2472 2546 2526 ob
2566 2471 3003 2541 significandam,
3034 2482 3095 2528 ut
3124 2474 3241 2529 fieri
3280 2477 3438 2543 solet,

177 2553 373 2600 notam
403 2549 739 2603 numeralem
765 2551 1016 2620 primam.
1046 2553 1141 2607 Est
1170 2555 1330 2626 igitur
1351 2557 1516 2611 David
1540 2558 1893 2613 Camulianus
1913 2560 2388 2629 protospotharius,
2414 2567 2473 2613 ut
2498 2574 2597 2613 nos
2634 2558 2821 2614 Graece
2841 2575 3058 2630 quoque
3084 2562 3437 2631 scripsimus:

168 2633 244 2688 de
279 2650 385 2703 qua
418 2650 477 2689 re
508 2651 579 2690 ne
607 2637 941 2704 dubitemus,
975 2640 1153 2695 eidem
1188 2642 1373 2698 Davidi
1400 2643 1454 2697 in
1489 2645 1875 2715 subsequentis
1892 2647 2135 2715 epistola:
2157 2647 2454 2717 epigraphe
2477 2662 2586 2701 non
2612 2663 2709 2716 per
2732 2648 3071 2702 numeralem
3098 2648 3336 2703 litteram
3363 2653 3437 2714 α’,

166 2720 274 2775 sed
314 2721 596 2790 explicatis
635 2722 835 2778 litteris
883 2726 1140 2781 tribuitur
1187 2728 1244 2782 in
1282 2729 1474 2784 codice
1513 2729 1703 2785 titulus
1751 2733 2251 2803 πρωτοσπιθαρίῳ.
2300 2733 2510 2788 Rursus
2564 2734 2618 2787 in
2665 2732 2869 2788 Nicolai
2920 2720 3044 2804 ep‘p.
3096 2733 3166 2787 84
3214 2743 3271 2788 et
3312 2734 3438 2793 103.

166 2823 330 2877 mque
373 2809 635 2863 scribitur
686 2810 741 2864 in
780 2813 967 2867 codice
1002 2812 1127 2868 Vat.
1168 2821 1216 2867 σι’
1246 2815 1554 2887 σπαθαρεῳ,
1607 2817 1805 2872 lineola
1846 2834 2013 2889 super
2046 2819 2095 2872 α’
2124 2820 2320 2890 posita.
2371 2820 2513 2873 Nihil
2557 2837 2686 2892 ergo
2745 2821 3050 2876 evidentius
3089 2821 3195 2876 dici
3260 2825 3443 2892 potest

168 2906 365 2950 contra
394 2895 643 2952 vitiosam
675 2899 991 2955 Montacutii
1041 2901 1353 2965 lectionem,
1386 2904 1439 2957 in
1473 2904 1629 2973 cujus
1666 2904 1852 2959 codice
1890 2922 2015 2960 cum
2047 2908 2249 2975 pariter
2285 2907 2617 2962 scriberetur
2664 2913 2711 2961 a.’
2746 2907 3054 2978 σπαθαρεῳ,
3088 2909 3201 2977 ipse
3220 2907 3436 2962 incaute

168 2999 346 3037 unum
376 2985 701 3040 vocabulum
736 2986 865 3042 fecit
911 2989 1236 3060 ἀσπαθαρίῳ
1268 3008 1281 3044 :
1315 3007 1624 3061 quanquam
1684 2992 1752 3045 ab
1792 2992 1913 3046 aliis
1956 2993 2201 3063 ejusdem
2243 2993 2449 3048 codicis
2480 2993 2614 3049 locis
2642 3011 2695 3047 ν.
2736 3010 2815 3063 gr.
2866 3010 2956 3063 ep.
3010 2993 3133 3057 110,
3176 3009 3441 3064 coargue—

169 3068 356 3133 batur,
388 3071 477 3125 ubi
522 3073 789 3141 explicate
830 3075 1090 3145 scriptum
1141 3086 1257 3131 erat
1306 3079 1804 3150 πρωτοσπαθαρίῳ.
1852 3079 2025 3134 Nemo
2096 3079 2277 3151 igitur,
2322 3096 2392 3134 ne
2443 3080 2497 3133 in
2540 3080 2919 3135 mixobarbara
2964 3080 3187 3148 quidem
3230 3079 3431 3144 lexica,

170 3156 519 3228 ἀσπαθάριος
544 3160 628 3213 vel
652 3163 992 3231 aspatharius
1018 3164 1277 3218 vocabula
1308 3164 1527 3220 inferat.
1556 3168 1610 3222 5.
1628 3166 1769 3221 Sane
1795 3167 1938 3237 apud
1954 3167 2205 3222 eumdem
2229 3167 2583 3221 Montacutiut

1858 3167 1938 3221 iud
1954 3167 2205 3222 eumdem
2229 3167 2620 3221 Montacutium
2641 3167 2804 3221 lectio
2826 3180 3045 3236 quoque
3071 3166 3438 3237 Φιλοπονήσου

169 3254 230 3299 et
260 3242 652 3313 Philoponnesi,
688 3257 792 3302 tam
822 3248 1009 3305 Grazce
1033 3266 1192 3320 quam
1219 3252 1407 3307 Latine
1429 3254 1629 3309 soloeca
1670 3265 1774 3323 est,
1799 3272 1897 3325 pro
1913 3255 2316 3325 Πελοποννήσου
2357 3266 2411 3308 et
2441 3254 2787 3324 Peloponnesi
2816 3270 2833 3308 :
2867 3269 3029 3323 quam
3069 3268 3171 3324 ego
3215 3254 3437 3323 quidem

175 3334 473 3403 typothetae
522 3336 736 3406 culpam
785 3339 1099 3393 existimare
1147 3341 1489 3405 maluissem,
1536 3343 1642 3396 nisi
1682 3343 1735 3397 in
1787 3343 1997 3398 scholio
2055 3358 2273 3413 quoque
2317 3343 2543 3398 editoris
2606 3343 2685 3397 sic
2739 3343 3011 3412 legeretur
3047 3343 3433 3413 (Peloponnesi

168 3434 377 3489 praeses
403 3431 494 3476 aut
521 3424 650 3486 dux,
680 3426 1005 3494 στρατηγός,
1023 3428 1332 3481 occurritin
1362 3428 1567 3483 Nicolai
1600 3431 1767 3484 nostri
1796 3431 2099 3502 epistolis).
2132 3431 2187 3485 4.
2218 3430 2462 3500 Denique
2491 3430 2545 3483 in
2569 3429 2759 3484 eadem
2790 3429 3145 3484 adnotatione
3169 3430 3432 3485 mendose

167 3509 433 3563 scribitur
459 3510 741 3566 Germania
780 3530 877 3583 pro
909 3514 1240 3570 Germanicia
1274 3515 1507 3570 Nestorii
1552 3518 1724 3587 patria
1748 3519 1847 3589 (α).
1887 3518 1939 3572 5.
1979 3516 2187 3572 Nollem
2223 3517 2351 3571 item
2387 3533 2417 3571 a
2450 3517 2780 3571 Montaculio
2809 3517 3131 3571 vocabulum
3163 3516 3352 3570 Λέοντι
3380 3517 3435 3571 in

165 3596 487 3667 epigraphis
522 3615 665 3669 saepe
698 3610 752 3654 et
780 3601 832 3654 in
859 3602 1080 3658 scholiis
1102 3602 1283 3657 Leonti
1327 3603 1519 3659 Latine
1553 3605 1679 3669 dici,
1698 3606 1791 3661 sed
1814 3607 1996 3676 potius
2025 3606 2207 3660 Leoni.
2244 3605 2297 3659 6.
2330 3605 2419 3668 (Et
2446 3607 2701 3675 quoniam
2729 3605 2796 3659 de
2825 3604 3048 3659 scholiis
3073 3604 3205 3667 dixi,
3231 3605 3431 3659 nollem

167 3684 303 3739 item
333 3702 387 3755 p.
420 3687 508 3752 46,
538 3688 699 3743 scribi
725 3690 793 3743 ab
825 3706 891 3744 eo
925 3692 1274 3760 septimarnm
1319 3693 1641 3762 synodorum
1675 3708 1776 3762 pro
1809 3704 2006 3763 septem
2030 3693 2395 3762 synodorum).
2427 3692 2478 3745 7.
2511 3692 2567 3745 In
2598 3691 2890 3762 cpigraphe
2914 3691 3157 3761 epistolae
3176 3691 3243 3744 12
3264 3690 3438 3762 [nunc

167 3772 261 3829 69‘
303 3774 429 3829 lihri
464 3777 735 3849 secundi].
764 3778 953 3833 scribit
983 3779 1345 3835 Montacutius
1389 3780 1673 3850 μονάζοντι
1707 3782 1768 3835 Ε.
1828 3780 2071 3842 πεσόντι,
2124 3779 2315 3834 Latine
2359 3789 2540 3833 autem
2575 3798 2583 3831 ι

1858 3780 2071 3842 πεσόντι,
2124 3779 2315 3834 Latine
2359 3789 2540 3833 autem
2575 3779 2827 3832 monacho
2868 3778 2935 3833 E.
2976 3778 3227 3846 collapsa.
3271 3777 3435 3847 Atqui

171 3878 277 3933 ego
304 3864 488 3931 judico
532 3866 879 3920 scribendum
906 3882 1027 3920 esse
1051 3866 1335 3936 μονάζοντι
1368 3868 1654 3920 ἐκπεσόντι
1678 3908 1693 3930 ,
1728 3870 1983 3921 monacho
2012 3866 2180 3936 lapso.
2219 3865 2423 3936 Nempe
2456 3868 2583 3937 aput

1858 3870 1983 3920 rcho
2012 3866 2180 3936 lapso.
2219 3865 2423 3936 Nempe
2456 3866 2597 3937 apud
2635 3866 2887 3920 eumdem
2918 3865 3169 3918 Photium
3207 3881 3261 3934 p.
3303 3866 3427 3925 119.

171 3966 260 4020 ep.
291 3952 358 4005 68
399 3951 569 4023 [nunc
598 3954 684 4007 78'
730 3954 957 4009 secundi
1006 3953 1173 4025 libri],
1223 3954 1419 4025 legitur
1462 3956 1857 4026 παραπεσόντι.
1892 3955 1945 4009 8.
1994 3955 2250 4024 Epistola:
2276 3956 2344 4007 8‘).
2375 3953 2547 4025 [nunc
2581 3953 2724 4007 tertii
2781 3952 2902 4006 libri
2936 3950 3071 4023 29“],
3099 3952 3432 4022 epigraphen

176 4038 445 4109 Ιςασιλείῳ
477 4040 743 4111 πράκτορι
776 4042 965 4095 Latine
992 4042 1154 4097 scribi
1178 4043 1335 4097 video
1359 4041 1559 4097 Basilio
1579 4044 1833 4113 praetori,
1860 4058 1959 4112 pro
1987 4044 2218 4096 exactori
2242 4042 2321 4095 vel
2353 4044 2620 4111 qnwstori.
2648 4042 2754 4095 Cur
2780 4040 3111 4109 id,inqnam,
3133 4042 3433 4109 przesertim

171 4140 303 4178 cum
338 4126 698 4195 signiﬁcatum
729 4130 1043 4200 πράκτορος
1077 4130 1441 4183 Montacutius
1483 4132 1535 4183 in
1571 4131 1780 4185 scholio
1816 4132 2111 4200 agnoscat?
2143 4129 2285 4183 Sane
2333 4129 2475 4183 idem
2519 4130 2682 4182 homo
2727 4128 2779 4181 in
2824 4145 2949 4198 epp.
2980 4129 3045 4182 47
3081 4127 3253 4199 [nunc
3290 4127 3433 4181 tertii

169 4212 299 4266 libri
328 4214 456 4285 12'],
489 4225 543 4269 et
576 4217 673 4271 154
702 4216 873 4285 [nunc
934 4218 1074 4271 tertii
1106 4218 1227 4272 libri
1249 4217 1386 4289 48'],
1410 4218 1608 4272 dicitur
1644 4218 1937 4289 κοιὰστωρ,
1979 4217 2121 4286 quod
2147 4217 2347 4271 Graecis
2379 4217 2574 4270 litteris
2614 4228 2698 4269 est
2740 4217 2990 4268 Latinum
3028 4225 3273 4286 quwslor.
3299 4215 3352 4270 9.
3377 4214 3436 4268 In

166 4300 488 4370 epigraphis
518 4316 635 4355 voc.
672 4303 944 4372 ξενόδοχος
971 4305 1133 4357 modo
1157 4306 1335 4373 hospes
1373 4305 1618 4359 redditur
1645 4306 1805 4359 modo
1852 4305 2256 4373 hospitalarius.
2293 4303 2472 4356 Malim
2516 4304 2619 4357 hoc
2661 4304 2911 4364 alterum,
2944 4302 3039 4355 sed
3080 4311 3229 4355 certe
3265 4302 3435 4354 inter—

167 4387 344 4455 pretis
383 4389 744 4443 constantiam
780 4391 1022 4459 requiro.
1059 4392 1141 4445 10.
1172 4391 1306 4445 Item
1334 4392 1389 4445 in
1421 4390 1577 4445 titulo
1612 4392 1853 4461 epistolae
1892 4391 1961 4445 60
1999 4390 2169 4462 [nunc
2218 4391 2361 4444 tertii
2400 4391 2521 4443 libri
2560 4388 2695 4459 22‘].
2755 4390 2971 4442 mallem
3023 4390 3091 4442 ab
3136 4389 3435 4456 interprete

167 4472 379 4527 dictum
415 4476 672 4541 Helladis,
708 4493 868 4546 quam
904 4472 1068 4532 niinis
1098 4479 1397 4548 generatim
1424 4478 1661 4533 erciw.
1708 4478 1941 4548 Legatnr
1966 4478 2358 4532 Constantinus
2401 4477 2455 4529 in
2501 4477 2849 4529 thematibus.
2900 4475 2986 4527 1|.
3016 4475 3151 4528 Nolo
3184 4490 3284 4545 ego
3310 4480 3435 4542 post

167 4562 444 4617 ducentos
489 4580 662 4618 annos
705 4566 945 4619 scribere
974 4566 1147 4621 dicam
1185 4558 1517 4619 Montacutio
1550 4583 1563 4619 :
1600 4565 1936 4634 cmteroquin
1970 4580 2080 4618 non
2114 4566 2282 4634 probo
2321 4564 2463 4632 quod
2500 4564 2552 4615 in
2593 4563 2705 4615 suis
2739 4563 2805 4616 ad
2839 4562 3092 4616 Pliotium
3120 4560 3433 4614 adnotatio-

170 4650 339 4705 nibus
396 4667 449 4721 p.
500 4652 568 4705 46
619 4652 910 4707 Diodorum
961 4654 1284 4709 Tarsensem
1338 4670 1401 4708 ac
1432 4654 1782 4708 Theodorum
1827 4654 2272 4723 Mopsuestenum
2305 4654 2425 4707 labe
2462 4653 2730 4706 ha‘reseos
2774 4652 3003 4706 infectos
3046 4668 3153 4704 non
3203 4649 3428 4718 judicet,

169 4747 365 4792 contra
394 4756 529 4809 quos
570 4742 769 4811 passim
808 4742 1183 4811 priscijPatres
1241 4742 1566 4807 clamarunt,
1612 4742 2039 4809 nominatimque
2087 4753 2308 4796 sanctus
2350 4740 2579 4811 Cyrillus
2606 4741 2757 4793 Alex.
2809 4739 3021 4808 integro
3065 4753 3229 4805 opere
3284 4752 3433 4790 nunc

170 4825 479 4894 deperdito,
511 4829 667 4897 cujus
701 4828 1002 4899 fragmenta
1037 4844 1137 4883 nos
1166 4828 1373 4897 aliquot
1396 4829 1661 4885 dedimus.
1697 4838 1861 4897 atque
1898 4829 2001 4882 alia
2032 4828 2284 4897 posthinc
2309 4828 2486 4881 daturi
2517 4843 2723 4881 smnus.
2769 4826 3041 4890 Concedo,
3069 4824 3185 4877 illos
3216 4824 3432 4878 nonnisi

166 4925 298 4985 post
322 4915 529 4968 obitum
556 4916 840 4970 damnatos
864 4915 1057 4981 fuisse;
1088 4930 1278 4969 verum
1313 4917 1364 4969 id
1403 4916 1627 4969 minime
1655 4916 1901 4986 impedit,
1935 4917 2228 4985 quominus
2259 4916 2499 4985 ipsorum
2530 4915 2733 4984 scripta
2756 4913 3021 4967 doctrinis
3046 4911 3333 4973 haereticis,
3370 4922 3431 4965 ut

168 5005 309 5059 satis
346 5012 581 5069 constat,
614 5003 1062 5058 redundaverint.
1100 5003 1186 5057 12.
1235 5004 1421 5072 Neque
1456 5004 1582 5057 licet
1620 5002 1954 5059 Montacutio
1998 5003 2376 5057 Iconomachis
2418 5020 2470 5073 p.
2501 5004 2591 5067 97,
2632 5012 2687 5056 et
2729 5018 2781 5071 p.
2835 5000 2957 5065 118,
2987 5010 3175 5069 aperte
3227 4999 3431 5064 favere,

168 5107 311 5162 quos
332 5108 442 5146 non
478 5092 702 5147 l‘botius
737 5094 885 5147 solus
915 5093 1127 5156 oderat,
1174 5092 1269 5146 sed
1314 5093 1667 5147 meumenicaa
1718 5092 1907 5162 synodi
1958 5091 2192 5145 decretis
2232 5091 2566 5144 solemnibus
2622 5089 3078 5142 condemnarunt.
3114 5087 3197 5140 15.
3243 5083 3431 5153 Neque

168 5196 367 5235 rursus
391 5191 475 5235 est
503 5181 787 5236 ferendum
814 5182 957 5251 quod
987 5180 1356 5235 Montacutius
1382 5196 1435 5249 p.
1468 5180 1591 5241 159.
1627 5180 2003 5235 latrocinalem
2052 5180 2287 5250 appellet
2322 5188 2571 5233 octavam
2621 5177 2889 5247 synodum
2924 5175 3339 5239 uacumenicam,
3374 5173 3429 5227 in

167 5284 278 5338 qua
309 5269 558 5337 deposito
591 5268 788 5323 Photio
816 5268 1052 5340 lgnatius
1081 5270 1361 5324 restitutus
1385 5276 1490 5322 est.
1518 5267 1606 5321 14.
1640 5267 1826 5337 Neque
1859 5268 2160 5338 prudenter
2188 5278 2267 5322 tot
2293 5268 2548 5321 laudibus
2590 5265 2849 5320 Photium
2896 5263 3158 5327 cumulat,
3212 5278 3244 5317 a
3276 5262 3436 5331 cujus

166 5358 470 5412 ambitione
516 5374 580 5413 ac
608 5358 861 5413 violentia
898 5374 1171 5429 magnum,
1203 5357 1347 5427 quod
1382 5356 1561 5411 adhue
1602 5364 1905 5426 permanet,
1934 5356 2168 5410 schisma
2191 5355 2424 5423 sumpsit
2456 5354 2690 5408 initium.
2745 5353 2830 5407 15.
2880 5351 3079 5408 Contra
3133 5365 3261 5405 vero
3302 5350 3434 5404 dum

168 5446 423 5515 plurimis
465 5446 768 5501 maledictis
810 5446 1102 5499 Baronium
1140 5452 1353 5511 onerat,
1390 5443 1627 5496 alienum
1677 5459 1736 5497 se
1787 5459 1896 5497 non
1933 5444 2189 5512 aequitate
2228 5442 2422 5505 solum,
2471 5442 2567 5495 sed
2611 5442 2774 5495 etiam
2822 5440 2971 5493 omni
3014 5434 3434 5493 mansuetudine

168 5532 484 5587 Christiana
512 5533 869 5587 demonstrat.
904 5532 987 5585 16.
1022 5531 1427 5586 lnconsiderate
1450 5531 1637 5593 etiam,
1659 5531 1743 5584 vel
1769 5531 1952 5601 potius
1975 5533 2131 5597 irate,
2161 5531 2432 5584 Anastasii
2454 5530 2855 5584 Bibliothecarii
2882 5526 3228 5599 biographias
3252 5525 3434 5579 verbis

169 5620 583 5676 contumeliosis
642 5635 971 5691 summoque
1028 5628 1345 5690 contemptu
1404 5619 1753 5689 persequitur
1790 5635 1845 5688 p.
1899 5620 2028 5683 214,
2090 5634 2121 5673 a
2162 5634 2271 5687 quo
2318 5626 2499 5672 tamen
2550 5628 2817 5683 auctore,
2874 5615 3176 5672 fatentibus
3228 5611 3431 5684 passim

167 5708 422 5775 eruditis,
452 5710 830 5781 pretiosiorem
864 5724 928 5764 ac
957 5708 1247 5764 certiorem
1279 5708 1521 5763 historiae
1548 5707 1878 5778 pentiticali's
1908 5716 2123 5778 partem
2159 5708 2449 5763 habemus.

245 5847 323 5907 (al
364 5847 674 5906 Monlacutii
706 5858 861 5906 notas
889 5857 948 5904 ut
976 5861 1188 5905 veneno
1218 5847 1415 5903 tinctas
1455 5845 1739 5903 inutilcsve
1772 5845 2082 5919 rejccimus.
2116 5844 2270 5900 EDlT.
2298 5841 2467 5901 Pun.
