4046 6472
192 378 3403 452 W

1279 519 2266 653 ADDENDA.

755 796 1030 861 PHOTII
1058 797 1449 861 EPISTOLA
1480 798 1589 860 AD
1629 796 2079 860 ECCLESIAM
2112 795 2695 861 ANTIOCHENAM
2733 796 2839 877 (1).

175 928 243 984 Ἡ
265 921 715 995 evaporatur/th
744 922 1042 995 ἐπιστολὴ
1070 923 1180 978 τοῦ
1196 924 1423 979 Φωτίου
1451 922 1605 994 πρὸς
1618 924 1729 980 τὸν

1841 922 2075 995 Epistula
2128 922 2461 995 inauguratis
2518 919 2698 995 Pftotii
2758 919 2829 975 ad
2882 918 3180 976 Ecclesium
3230 921 3420 978 Antio-

616 997 836 1062 θρόνον
869 993 1253 1064 Ἀντιοχείας,

226 1081 343 1143 Τοῖς
363 1076 817 1147 θεοφιλεστάτοις,
845 1077 1141 1142 θειοτάτοις
1164 1077 1622 1152 συλλειτουργοῖς,
1646 1077 1728 1150 τῷ

160 1162 548 1232 θεοσεϐεστάτῳ
571 1161 840 1232 οίκονόμῳ
884 1161 982 1215 καὶ
1006 1161 1287 1233 συγκέλλῳ
1314 1165 1413 1233 τῆς
1437 1161 1731 1217 Θεουπολι-

157 1246 259 1301 τῶν
291 1244 635 1315 Ἐκκλησίας,
669 1243 871 1308 Φὼτιος
897 1245 1193 1309 ἐπίσκοπος
1211 1243 1730 1301 Κωνσταντινουπό-

158 1333 290 1394 λεως
321 1331 445 1393 νέας
483 1328 727 1399 Ῥώμηςο

226 1413 505 1481 Μεγίστων
557 1415 657 1482 μὲν
687 1411 894 1465 ἄνωθεν
933 1411 1294 1482 τετυχηκότες
1328 1412 1571 1482 ἀγαθῶν,
1596 1406 1673 1471 ὧν
1702 1414 1733 1468 ὁ

156 1498 306 1566 λόγος
323 1496 420 1568 τὴν
439 1495 544 1549 τῶν
565 1496 783 1550 ἐννοιῶν
803 1495 1205 1567 διαδιδράσκειν
1231 1497 1538 1568 κατάληψιν
1565 1498 1731 1567 πέφυ-

157 1598 269 1646 κεν,
313 1581 460 1652 ὅμως
519 1581 577 1631 ἐν
636 1578 957 1651 εὐχαριστίᾳ
1010 1577 1275 1632 διατελεῖν
1330 1580 1731 1652 ἀποτολμῶμεν

157 1662 406 1727 ἅπαντες,
432 1657 514 1726 οἷς
543 1664 591 1717 οἱ
615 1661 714 1732 τῆς
734 1660 1017 1723 εὐσεϐείας
1048 1661 1343 1733 σπινθῆρες
1365 1663 1466 1717 οὐκ
1491 1664 1731 1720 ἀπεσϐέ·

158 1748 374 1818 σθησαν.
398 1747 534 1802 usas
556 1747 687 1819 γὰρ,
720 1744 829 1799 οὐδ’
868 1744 1209 1816 ἀνθρώπινος
1246 1746 1619 1818 καταλήψεται
1640 1742 1734 1803 λο·

155 1833 368 1901 γισμὸς,
403 1831 437 1901 ἢ
461 1830 618 1898 λόγος
645 1828 934 1901 ἐξαρκέσει
979 1830 1315 1901 διασημᾶναι
1358 1832 1453 1885 τὸν
1498 1833 1734 1901 ὑπεραν-

154 1914 451 1986 ῳκισμὲνον
470 1914 700 1967 πλοῦτον
728 1912 830 1984 τῆς
850 1911 943 1966 τοῦ
974 1912 1319 1984 Δημιουργοῦ
1340 1915 1731 1986 χρηστότητος,

155 1996 568 2067 ἀνεξερεύνητον
598 1995 699 2067 μὲν
722 1995 851 2049 ὄντα
876 1997 1147 2066 νοήσεσιν,
1163 1997 1455 2068 ἀδιήγητον
1476 1998 1532 2052 δὲ
1551 1998 1731 2067 γλώσ⁶

156 2097 271 2144 aut;
302 2080 635 2150 τηρούμενον
653 2094 668 2109 ·
699 2078 844 2133 οὐτω
876 2079 940 2150 δὴ
967 2079 1180 2134 πολλῶν
1210 2081 1734 2154 ὐπερανεστηκότων

155 2164 513 2237 εὐεργεσιῶν,
574 2165 671 2218 καὶ
722 2162 801 2233 τῷ
848 2164 1076 2236 ἀλήπτῳ
1128 2164 1584 2236 θαυμαζομένων,
1639 2167 1736 2222 καὶ

2527 991 2764 1046 chartam.

1898 1078 1996 1134 Dei
2065 1075 2501 1138 amantissimis.
2552 1073 2921 1132 sanctissimis
2998 1075 3261 1147 collegis,
3316 1074 3415 1131 Dei

1829 1162 2025 1219 cultori
2069 1176 2356 1218 oeconomo
2387 1171 2441 1217 et
2484 1158 2829 1231 procuratori
2862 1158 3137 1221 Ecclesiae
3179 1158 3419 1215 civitatis

1833 1248 1949 1316 Dei,
1980 1245 2209 1302 Pbotius
2241 1244 2747 1316 Constantinopolis
2776 1257 2931 1300 nova:
2981 1243 3170 1299 Romae
3197 1246 3416 1313 episco-

1832 1347 1958 1403 pus.
2032 1356 2035 1359 ·

1903 1413 2357 1486 Quandoquidem
2419 1413 2657 1469 maxima
2732 1411 2953 1469 caelitus
3019 1412 3163 1467 bona
3233 1410 3418 1467 sortiti

1833 1512 2048 1564 smnus,
2081 1512 2316 1568 quorum
2349 1512 2639 1553 numerum
2677 1511 2856 1567 neque
2903 1494 3196 1567 cogitando
3243 1508 3422 1564 neque

1833 1581 2212 1654 proloquendo
2250 1582 2471 1652 assequi
2502 1582 2785 1649 valemus,
2850 1580 3021 1635 animi
3058 1576 3422 1635 nihilominus

1830 1665 1977 1737 grati
2006 1664 2259 1720 allectum
2288 1666 2634 1720 servabimus
2662 1673 2933 1734 quotquot
2948 1663 3166 1735 pietatis
3195 1678 3422 1729 sensum

1836 1764 1947 1804 non
1986 1748 2307 1818 abiecimus.
2344 1747 2408 1803 Et
2441 1764 2502 1803 re
2536 1763 2666 1803 vera
2707 1748 2929 1817 quidem
2976 1763 3078 1802 nec
3122 1761 3279 1802 ruens
3317 1746 3423 1799 lm-

1835 1847 2000 1889 maua
2042 1833 2504 1902 comprehendet,
2536 1847 2635 1887 nec
2673 1847 2776 1885 vox
2825 1831 3066 1885 sufﬁciet
3109 1831 3177 1883 ad
3227 1829 3426 1898 praedi-

1836 1918 2071 1973 candum
2117 1918 2398 1974 Creatoris
2454 1916 2680 1973 divitias
2734 1915 3031 1980 bonitatis,
3065 1915 3269 1986 quippe
3299 1929 3424 1983 qua:

1837 2000 2364 2072 impervestigabiles
2402 2001 2606 2056 easdem
2661 2013 2727 2055 ac
2775 1998 3081 2055 ineffabiles
3128 2004 3419 2069 apparent.

1835 2083 2013 2154 Hujus
2051 2086 2127 2142 rei
2172 2086 2440 2141 beneficio
2482 2084 2835 2139 admirationi
2868 2097 3081 2147 sumus,
3112 2084 3240 2151 quia
3278 2082 3424 2136 banc

1838 2171 2058 2235 saltem,
2095 2168 2143 2225 si
2195 2184 2306 2223 non
2357 2168 2521 2222 aliam
2546 2207 2561 2230 ,
2602 2167 2834 2238 gloriam
2875 2166 3157 2221 consecuti
3205 2180 3422 2221 sumus.

154 2250 322 2322 ταύτῃ
346 2247 552 2318 ταύτην
601 2247 702 2318 τὴν
753 2247 1086 2317 δοξολογίαν,
1116 2249 1166 2300 εί
1192 2250 1269 2321 μή
1296 2265 1422 2304 τινα
1450 2249 1644 2321 ἀλλην,
1672 2249 1732 2317 ἐξ

1841 2252 2098 2323 Maiorem
2126 2261 2308 2308 autem
2352 2252 2407 2307 in
2440 2250 2663 2306 modum
2698 2250 3025 2305 hierarcliiae
3053 2258 3258 2305 nostra:
3302 2266 3427 2322 my-

156 2332 306 2404 ημῶν
331 2332 516 2395 αὐτοῖς
542 2330 1061 2401 προσοικειουμένῳ.
1094 2332 1216 2385 Ἔτι
1248 2332 1450 2402 μᾶλλον
1474 2332 1729 2398 ἐξαισίως

151 2416 517 2486 διανυμνείται
563 2417 658 2469 καὶ
711 2414 1083 2483 μεγαλύνεται
1141 2416 1203 2469 τὸ
1238 2416 1340 2488 τῆς
1396 2416 1523 2471 καθ’
1573 2418 1725 2489 ἡμᾶς

155 2499 430 2569 ίεραρχίας
458 2497 778 2569 μυστήριον.
804 2498 914 2551 Καὶ
940 2498 1049 2568 γὰρ
1073 2499 1294 2569 ἀπάσης
1318 2500 1644 2572 εὐεργεσίας
1669 2519 1731 2556 τε

152 2586 244 2639 καὶ
274 2583 681 2653 φιλανθρωπίας
725 2582 822 2636 καὶ
850 2582 950 2651 τῆς
983 2582 1120 2654 πρὸς
1146 2584 1292 2654 ἡμᾶς
1319 2583 1507 2639 θεόθεν
1529 2585 1736 2655 φιλοτι-

154 2668 282 2738 μίας
302 2668 435 2722 πολὺ
461 2667 523 2721 τὸ
560 2669 959 2737 ὑπερκείμενον
980 2668 1340 2739 ἀποφέρεται’
1370 2670 1604 2741 φοϐερὸν
1632 2670 1734 2739 μὲν

149 2751 261 2823 γάρ
299 2752 413 2805 ἐστι
441 2749 754 2821 νοούμενον,
806 2749 1145 2821 ἐπιθυμητὸν
1188 2750 1245 2805 δὲ
1273 2754 1396 2817 ταῖς
1421 2754 1737 2823 ἀσωμάτοις

150 2839 247 2891 καὶ
282 2837 450 2899 θείαις
478 2835 762 2904 δυνάμεσι.
787 2836 897 2889 Καὶ
918 2836 1000 2899 τίς
1029 2835 1096 2890 ἂν
1122 2837 1322 2891 ἐννοῶν
1362 2840 1443 2903 είς
1479 2838 1738 2893 τοσοῦτον

152 2923 283 2992 ὐψος
307 2920 679 2992 ἐπαιρομένην
708 2920 809 2989 τὴν
834 2919 1188 2992 ἀνθρωπίνην
1219 2920 1498 2976 εὐτέλειαν
1536 2923 1611 2995 μὴ
1638 2925 1736 2978 ἐκ·

153 3006 384 3075 πλαγείη
448 3006 541 3059 τὸν
590 3003 876 3075 λογισμὸν,
912 3005 1008 3059 καὶ
1065 3004 1271 3072 τάξεως
1320 3004 1737 3079 ἐπειλημμένην

149 3089 451 3160 ἀγγελικῆς
476 3088 751 3160 καθορῶν,
780 3088 881 3141 οὐκ
905 3088 973 3142 ἂν
1019 3088 1250 3161 ἐκσταίη
1280 3089 1370 3143 τοῦ
1401 3089 1741 3162 καθεστηκό-

150 3190 283 3240 τος;
320 3171 559 3245 Πηλίνας
585 3175 775 3243 χεῖρας
800 3169 895 3225 τοῦ
927 3172 1195 3227 ἀστέκτου
1226 3172 1740 3245 περιδρασσομένας

151 3257 346 3329 πυρὸς,
374 3258 471 3312 καὶ
499 3257 670 3322 πόδας
719 3258 957 3328 γεηρούς
1002 3256 1170 3328 σαρκὶ
1202 3256 1603 3328 διηρτημένους
1644 3260 1739 3314 τὸν

151 3341 300 3412 ἱερὸν
315 3340 738 3412 περιστίχοντας
758 3340 963 3412 χῶρον,
982 3340 1299 3412 χωροῦντας
1316 3357 1376 3393 τε
1394 3341 1736 3413 ἀνθρώπως.

154 3427 223 3479 Ὠ
247 3426 346 3495 τῆς
377 3426 505 3497 περὶ
550 3426 699 3497 ημᾶς
748 3425 845 3480 τοῦ
879 3424 1017 3478 Θεοῦ
1070 3423 1397 3494 κηδεμονίας
1426 3426 1508 3489 εἰς
1535 3425 1606 3478 τά
1629 3425 1740 3481 τῶν

147 3510 433 3565 ἀδυνάτων
460 3509 732 3581 ἐνδότερα,
750 3508 847 3563 καὶ
873 3509 973 3580 τὴν
1004 3507 1251 3579 φρικώδη
1278 3508 1375 3562 καὶ
1402 3508 1739 3578 ἀναίμακτον

148 3592 347 3647 θυσίαν
368 3593 612 3661 ἐναίμοις
631 3593 729 3665 μὲν
751 3590 1042 3657 τελοῦντας
1067 3590 1445 3661 παλάμαις,οὐ
1464 3592 1739 3662 καταφλευ

1833 2338 2084 2393 sterium-
2129 2336 2441 2392 celebratur
2507 2343 2563 2389 et
2625 2333 2947 2400 extollitur,
3009 2333 3213 2404 quippe
3274 2334 3427 2404 quod

1832 2434 1995 2475 omne
2048 2419 2399 2480 beneficium,
2425 2432 2641 2471 omnem
2674 2415 2768 2470 Dei
2807 2430 2938 2485 erga
2974 2432 3073 2470 nos
3098 2417 3429 2473 benevolen-

1831 2504 1965 2559 tiam
2002 2512 2057 2557 et
2075 2516 2319 2558 amorem
2352 2501 2512 2569 longe
2544 2507 2793 2570 superat.
2830 2499 2985 2555 Sicut
3004 2500 3150 2556 enim
3184 2510 3427 2558 mentem

1832 2586 2102 2656 percellit,
2128 2586 2210 2641 sic
2242 2584 2586 2655 incorporeis
2622 2591 2678 2639 et
2704 2582 2907 2639 divinis
2938 2583 3308 2654 potestatibus
3334 2600 3426 2642 res

1832 2677 1921 2726 est
1945 2667 2351 2724 desiderabilis.
2394 2666 2535 2733 Quis
2567 2665 2717 2722 enim
2754 2665 2922 2722 vilem
2962 2666 3252 2723 hominum
3285 2682 3425 2724 con-

1834 2753 2105 2809 ditionem
2146 2751 2218 2807 ad
2258 2750 2313 2807 id
2346 2751 2624 2821 fastigium
2663 2751 2868 2807 elatam
2904 2750 3100 2807 videns
3141 2756 3252 2808 nan
3302 2760 3429 2809 stu~

1835 2837 2060 2908 pescat?
2087 2836 2214 2907 quis
2258 2836 2511 2893 homines
2544 2836 2657 2907 iam
2697 2835 2924 2907 angelos
2966 2834 3145 2891 factos
3180 2851 3292 2892 non
3319 2837 3427 2892 mi—

1837 2919 2024 2976 retur?
2057 2919 2252 2976 Manus
2277 2935 2310 2975 e
2348 2919 2478 2974 limo
2506 2918 2759 2973 formatae
2796 2919 2978 2989 ignem
3018 2918 3425 2977 intractabilem

1840 3011 2225 3070 contrectant;
2256 3002 2425 3074 pedes
2454 3003 2700 3073 argillosi
2733 3011 2788 3058 et
2817 3017 2985 3059 carne
3006 3003 3217 3059 sufl‘ulti
3241 3006 3423 3061 locum

1838 3101 2061 3143 sacrum
2107 3094 2163 3143 et
2210 3086 2433 3142 turbam
2469 3086 2836 3142 circumeunt.
2888 3084 2934 3142 0
2980 3087 3222 3143 divinam
3277 3090 3430 3146 circa

1837 3186 1942 3228 nos
1990 3171 2424 3243 indulgentiam,
2483 3169 2611 3241 qui,
2679 3172 2881 3224 mirum
2927 3169 3115 3235 dictu,
3168 3173 3429 3230 manibus

1838 3257 2087 3314 cruentis
2154 3253 2490 3312 sacrificium
2552 3254 2995 3320 formidandum,
3074 3254 3428 3311 incruentum

1839 3342 2160 3414 perficimus
2196 3349 2251 3397 et
2286 3341 2396 3412 igni
2432 3338 2648 3395 caelesti
2684 3353 2791 3393 non
2841 3339 3260 3399 consumimur!
3294 3341 3432 3408 Quis

1838 3427 2098 3492 tandem,
2154 3425 2335 3480 haecce
2388 3424 2621 3489 videns,
2662 3437 2759 3477 eos
2816 3423 2911 3492 qui
2962 3422 3109 3479 istud
3167 3426 3430 3481 sacrificii

1845 3511 2075 3575 obeunt,
2112 3524 2221 3564 non
2252 3522 2450 3580 magna
2483 3508 2667 3578 aliqua
2693 3507 2893 3578 gratia,
2917 3520 3031 3562 non
3075 3506 3221 3564 dono
3245 3510 3432 3581 aliquo

1848 3594 2056 3650 caelesti
2082 3592 2248 3659 silici,
2270 3594 2377 3646 alta
2412 3606 2547 3646 voce
2579 3592 2935 3646 clamabunt?

147 3680 419 3749 γομένους
462 3679 521 3732 δὲ
559 3678 639 3749 τῷ
682 3677 1082 3747 ἐγχειρήματιί
1123 3675 1220 3741 Τίς
1239 3675 1311 3729 τὰ
1339 3675 1565 3731 τοιαῦτα
1592 3676 1975 3749 καθορῶν,οὐκ
2004 3677 2069 3732 ἂν
2105 3679 2290 3751 χάριτι
2314 3675 2717 3745 κρείττονι,καὶ
2753 3677 2821 3745 τῇ
2844 3674 3052 3730 ἀνωθεν
3079 3676 3258 3750 δωρεᾷ
3277 3677 3433 3733 ἀδιαι-

148 3762 390 3835 φθόρους
430 3763 805 3834 διατηρεῖσθαι
842 3764 970 3826 τοὺς
1017 3761 1119 3832 τὴν
1169 3759 1426 3832 τοιαύτην
1463 3761 1942 3833 ἐγχειριζομένους
1976 3759 2321 3832 λειτουργίαν
2376 3758 2590 3831 μεγάλῃ
2625 3760 2693 3831 τῇ
2718 3760 2869 3830 φωνῇ
2912 3760 2979 3813 ἂν
3003 3759 3429 3842 ὁμολογήσειενς

237 3847 401 3902 Ἀλλά
450 3846 626 3901 ταῦτα
669 3849 768 3918 μὲν
810 3847 935 3916 ἐμοὶ
995 3846 1313 3917 μελετῶντι,
1344 3847 1437 3901 καὶ
1472 3847 1739 3915 πολλάκις

1918 3845 2071 3901 Talia
2100 3846 2233 3900 mihi
2281 3842 2653 3900 consideranti
2692 3853 2747 3899 et
2784 3843 2973 3899 animo
3005 3838 3147 3916 saepe
3186 3838 3430 3904 volventi

145 3932 592 4003 διερευνωμένῳ,
614 3931 732 3993 δέος
756 3931 916 4003 ἐπῄει
951 3931 1048 3986 καὶ
1082 3932 1229 4002 μόνῳ
1258 3932 1625 4002 προσϐάλλειν
1650 3935 1743 3990 λο-

146 4013 341 4086 γισμῷ
387 4018 455 4085 τῇ
500 4015 728 4088 τοιαύτη
763 4015 1013 4088 διακονίᾳ
1040 4015 1143 4085 τῆς
1176 4015 1464 4086 πράξεως·
1501 4017 1741 4087 μεγάλου

148 4101 213 4155 δὲ
244 4099 449 4168 μᾶλλον
471 4099 566 4152 καὶ
593 4100 716 4160 τοὺς
742 4099 1261 4170 καθυπηρετοῦντας
1284 4098 1471 4170 ἠξίουν
1494 4099 1588 4154 τοῦ
1611 4100 1745 4155 θαύ-

148 4198 354 4254 ματος,
387 4181 481 4233 καὶ
518 4182 666 4243 ὅπως
691 4181 753 4234 τὸ
783 4179 1007 4252 θαρρεῖν
1055 4183 1115 4234 ἐν
1145 4181 1357 4247 τούτοις
1392 4183 1573 4254 ἔχουσι
1607 4202 1745 4239 κατ-

143 4264 534 4336 επληττόμηνο
569 4264 704 4317 ἀλλά
729 4264 837 4335 γάρ
866 4265 928 4318 τὸ
960 4263 1192 4333 φοϐερὸν
1212 4264 1313 4318 οὐκ
1341 4265 1624 4335 ἐξέφυγον,
1650 4267 1747 4323 καὶ

143 4351 259 4404 ὐπὸ
283 4351 384 4421 τῆς
412 4349 937 4420 προφυλαττομένης
967 4349 1219 4419 ἀνάγκης
1264 4348 1428 4413 ἁλοὺς
1459 4350 1638 4421 λόγοις
1663 4349 1747 4418 οἷς

141 4437 173 4488 ὁ
196 4434 567 4505 συγχωρήσας
587 4433 749 4502 μόνος
777 4431 1091 4486 ἐπιστατῶν
1114 4433 1562 4505 προεμηθήσατο.
1585 4436 1746 4491 ’Δθυ-

145 4517 259 4588 μία
281 4534 340 4570 τε
369 4517 465 4571 καὶ
502 4517 673 4587 πολλῇ
699 4518 764 4586 τῇ
805 4516 1090 4589 ἀμηχανία
1128 4517 1413 4588 πιέζομαι.
1440 4515 1609 4590 Οἶμαι
1638 4522 1749 4595 γὰρ

141 4602 249 4656 καὶ
281 4602 409 4662 τοὺς
440 4600 547 4669 πρὸ
579 4600 773 4671 πείρας
797 4601 1041 4671 ἐρῶντας
1084 4602 1324 4672 ταυτησὶ
1348 4601 1448 4671 τῆς
1499 4603 1745 4678 λειτουρ-

142 4684 306 4752 γίας,
330 4683 554 4737 ἐπειδὰν
584 4684 665 4747 εἰς
703 4683 868 4753 μέσον
898 4684 1086 4747 αὐτοῖς
1119 4683 1230 4739 τῶν
1264 4684 1442 4758 ἔργων
1468 4691 1749 4760 καταστῆ-

141 4786 244 4823 ναι
280 4769 683 4840 παραχωρηθῇ,
737 4769 1027 4823 ἀπονεύειν
1069 4787 1131 4823 τε
1189 4772 1285 4824 καὶ
1327 4772 1750 4842 μεταμελεῐσθαι

140 4853 242 4921 ἐφ’
272 4847 358 4916 οἷς
389 4852 769 4923 ἠϐουλήθησαν
820 4855 1109 4925 πρότερον.
1144 4855 1317 4908 Ὅταν
1341 4849 1398 4908 δὲ
1421 4856 1484 4908 τὸ
1518 4853 1615 4909 καὶ
1644 4858 1751 4929 πρὸ

139 4936 254 5006 τῆς
278 4935 481 5007 πείρας
497 4935 592 4989 τοῦ
619 4937 945 5007 πράγματος
970 4935 1110 5009 βαρύ
1132 4954 1193 4991 τε
1220 4936 1319 4992 καὶ
1345 4938 1753 4992 δυσϐάστακτον

142 5019 519 5087 ἐκλογίζοιτο,
542 5020 701 5088 φόϐοι
728 5037 789 5073 τε
813 5019 906 5073 καὶ
932 5019 1166 5090 δείματα
1185 5020 1281 5075 τοῦ
1318 5022 1529 5093 μήποτε
1553 5021 1663 5093 ἀρα
1692 5021 1753 5074 τὸ

140 5104 405 5157 τοιοῦτον
449 5103 776 5175 ἀπροόπτως
820 5104 1220 5159 ἐπελεύσεσθαι
1276 5107 1343 5176 τῇ
1399 5106 1547 5177 ψυχῇ
1579 5123 1753 5179 προσ-

1846 3930 2051 3986 accidit
2083 3939 2143 3983 ut
2170 3944 2235 3984 ea
2268 3928 2452 3983 omnia
2496 3928 2582 3982 vel
2623 3927 2740 3982 sola
2787 3928 3124 3998 cogitatione
3168 3933 3433 4004 prosequi

1844 4024 2168 4077 metuerem,
2196 4012 2428 4068 miratus
2469 4024 2567 4065 eos
2596 4010 2691 4081 qui
2728 4009 2820 4066 tali
2848 4026 3079 4068 munere
3115 4020 3271 4071 tanto
3302 4032 3432 4071 cum

1845 4099 2044 4155 ardore
2076 4099 2454 4169 fungerentur,
2477 4107 2777 4165 vocemque
2799 4097 3068 4154 antistitis
3091 4114 3157 4154 ex
3177 4100 3434 4169 necessi-

1846 4192 1957 4240 tate
2008 4168 2299 4253 prolatam.
2353 4178 2493 4235 llinc
2545 4179 2715 4234 animi
2769 4181 2918 4237 vires
2963 4182 3222 4252 collapsa:
3259 4168 3433 4241 dubio

1848 4267 2177 4325 succedunt.
2219 4266 2475 4321 Arbitror
2517 4264 2665 4319 enim
2712 4263 2830 4320 fore
2860 4272 2921 4320 ut
2959 4268 3056 4336 qui
3086 4268 3215 4322 huic
3255 4268 3465 4324 divini‘

1848 4354 2032 4411 cultus
2057 4351 2243 4423 generi
2278 4350 2482 4415 favent,
2514 4352 2561 4405 si
2588 4346 2659 4402 ad
2688 4349 3028 4418 operandum
3064 4366 3436 4421 provocaren-

1850 4449 1959 4502 tur,
1982 4437 2096 4507 jam
2124 4435 2352 4499 nollent,
2377 4433 2489 4488 imo
2531 4432 2676 4488 facta
2711 4430 2915 4486 infecta
2942 4430 3171 4489 reddere
3210 4436 3434 4493 vellent.

1848 4523 1924 4576 Ea
1957 4536 2045 4577 res
2066 4520 2111 4575 si
2136 4519 2314 4591 primo
2335 4517 2532 4572 obtutu
2559 4532 2656 4586 per
2681 4531 2741 4571 se
2761 4515 2998 4571 difficilis
3024 4516 3436 4588 videatur,ani-

1849 4621 1975 4663 mus
2019 4619 2138 4660 eam
2174 4602 2487 4674 ponderans
2534 4611 2739 4657 metuet
2773 4618 2843 4658 ne
2884 4602 3275 4673 impedimenta
3330 4604 3440 4660 im-

1850 4689 2068 4762 provisa
2098 4686 2353 4743 accidant
2371 4696 2424 4745 et
2453 4686 2532 4741 rei
2566 4686 2866 4741 discrimen
2900 4697 3139 4758 augeant
3188 4686 3263 4740 Ea
3285 4688 3435 4743 enim

1848 4785 1934 4831 est
1986 4772 2156 4827 animi
2216 4780 2413 4825 natura
2444 4777 2504 4825 ut
2544 4786 2726 4826 rerum
2773 4771 3105 4837 futurarum,
3139 4783 3202 4824 ac
3238 4770 3293 4824 in
3330 4770 3438 4840 pri-

1850 4859 1954 4912 mis
1980 4855 2390 4911 fastidiosarum
2435 4854 2808 4923 tristiumque,
2834 4852 3125 4923 praesagiat
3153 4860 3437 4909 eventum.

1850 4942 1985 5008 Quae
2023 4943 2093 5008 si,
2126 4938 2509 4995 tantummodo
2545 4948 2728 4993 mente
2774 4945 3188 5009 prteconcepta,
3221 4937 3437 4993 intelle-

1851 5039 2000 5082 ctum
2049 5029 2396 5099 perturbant,
2428 5032 2769 5096 quantopere
2806 5034 2966 5093 putas
3021 5030 3074 5077 te
3125 5021 3437 5092 permoveri

1854 5126 1968 5167 rem
2014 5112 2188 5183 ipsam
2254 5120 2539 5182 expertum
2571 5108 2595 5163 ?
2624 5108 2754 5174 Quae
2807 5108 2952 5163 enim
3002 5106 3155 5177 prius
3188 5107 3438 5179 cogitare

141 5196 536 5260 αρασσόμενα,
559 5189 678 5242 οὐδὲ
698 5189 834 5259 πρὸς
858 5190 1029 5261 αὐτὴν
1053 5189 1154 5261 τὴν
1184 5190 1418 5261 μελέτην
1448 5194 1740 5262 παρέχουσι

1856 5195 2130 5250 recusavit
2164 5196 2406 5259 animus,
2441 5208 2504 5248 ea
2541 5193 2721 5247 facere
2754 5206 2951 5246 manus
2980 5190 3095 5259 jam
3142 5191 3274 5247 totis
3302 5191 3439 5246 viri-

141 5275 213 5328 τὸ
246 5275 556 5346 ἀτάραχον.
585 5274 746 5344 Ψυχὴ
775 5273 884 5345 γάρ
937 5291 1054 5337 πως
1094 5274 1308 5345 πέφυκε
1341 5274 1450 5328 τῶν
1477 5275 1753 5345 ἐσομένων

143 5358 645 5429 προμαντεύεσθαι
701 5357 801 5427 τὴν
858 5357 1166 5423 ἀπόϐασιν,
1211 5358 1452 5429 μάλιστά
1498 5376 1562 5428 γε
1595 5359 1754 5430 εῐπερ

140 5444 269 5495 τῶν
303 5442 487 5514 ἀηδῶν
518 5442 613 5495 καὶ
633 5441 946 5494 λυπούντων
976 5441 1062 5511 είη
1094 5442 1166 5496 τὰ
1214 5442 1562 5513 ὐφορώμενα.
1583 5443 1752 5497 Ὅταν

140 5525 250 5580 οὖν
279 5545 397 5580 τινι
428 5526 601 5581 ταῦτα
640 5528 736 5582 καὶ
766 5525 1323 5596 προεπισκοπούμενα
1339 5525 1485 5580 οὕτω
1519 5528 1752 5598 συστρέ-

1857 5279 1960 5334 bus
1993 5280 2216 5350 refugit.
2238 5279 2494 5333 Attamen
2542 5277 2608 5331 ad
2641 5275 2994 5330 sanctitatem
3023 5284 3260 5331 vestram
3296 5278 3439 5331 scri-

1856 5361 1987 5417 bere
2019 5363 2073 5417 in
2107 5364 2293 5417 animo
2332 5368 2440 5425 est,
2473 5375 2541 5415 ne
2571 5357 2701 5429 quid
2741 5372 2935 5413 eorum
2964 5372 3088 5429 quae
3122 5358 3191 5414 ad
3221 5370 3436 5417 nosmet

1856 5454 2131 5517 spectant,
2172 5443 2475 5515 ignoretis;
2518 5444 2719 5511 quibus
2770 5441 3007 5511 cognitis
3063 5450 3121 5496 et
3179 5442 3437 5513 precibus

1853 5531 2063 5586 vacetis
2088 5539 2143 5584 et
2170 5529 2359 5583 animo
2391 5527 2632 5596 quietem
2662 5525 2925 5580 reddatis.

142 5627 234 5684 φῃ
259 5613 367 5666 καὶ
394 5614 608 5687 διαδονῇ
632 5616 731 5686 τὴν
759 5614 1023 5675 διάνοιαν,
1052 5612 1105 5664 τί
1125 5612 1227 5665 οὐκ
1254 5612 1321 5666 ἂν
1360 5610 1526 5677 αὐτὸς
1550 5611 1716 5669 πάθοι
1746 5613 1920 5669 ταῦτα
1941 5615 2008 5685 τῇ
2036 5612 2203 5684 πείρᾳ
2228 5610 2633 5680 καρπούμενος,
2664 5603 2740 5662 ὧν
2764 5609 2797 5679 ἡ
2825 5607 3021 5679 μελέτη
3054 5605 3319 5678 πρότερον
3346 5606 3437 5662 τὸν

135 5692 431 5766 ,λογισμὸν
456 5698 889 5767 ἐκταράσσουσα,
921 5696 1058 5768 πρὸς
1081 5697 1182 5768 τὴν
1201 5695 1549 5769 λειτουργίαν
1572 5696 1667 5751 τοῦ
1694 5698 2019 5768 πράγματος
2050 5695 2332 5760 παντελῶς
2362 5694 2693 5766 ἀνεχαίτιζε;
2714 5695 2805 5747 Δεῖ
2836 5693 2882 5746 δ’
2910 5692 3004 5747 οὐν
3024 5691 3173 5756 ὅμως
3189 5691 3324 5763 πρὸς
3335 5689 3439 5763 τὴν

226 5794 315 5865 (l)
351 5793 541 5852 Graece
582 5798 727 5854 edita
772 5798 826 5853 in
874 5797 1014 5854 libro
1053 5796 1144 5853 cui
1194 5796 1434 5853 titulus:
1468 5795 1651 5867 Τόμος
1706 5813 1740 5867 χ

1841 5815 1918 5868 ις.
1951 5790 2042 5853 Ἐν
2084 5794 2366 5869 Ῥημνίκῳ
2388 5792 2520 5867 ,αψέ
2548 5792 2754 5867 (l705),
2790 5790 2887 5849 fol.
2917 5789 3061 5848 Alibi
3094 5804 3207 5848 non
3236 5795 3437 5847 exstat.
