4080 6424
607 361 741 429 1019

2048 351 2421 420 ADDENDA.

3737 349 3873 415 ιοεθ

591 470 867 541 ὑμετέραν
904 470 1157 541 ὁσιότητα
1194 471 1427 541 γράφειν
1452 470 1856 541 ἀπαρχόμενον,
1893 470 2058 539 μηδὲν
2082 468 2191 521 τῶν
2218 468 2339 522 καθ’
2378 468 2527 538 ήμᾶς
2554 463 3005 537 ἀποκρύψασθαι,
3048 463 3124 526 ὡς
3157 462 3225 516 ἂν
3245 460 3419 517 ταῦτα
3450 459 3873 533 ἐκμανθάνουσα

592 555 781 624 εὐχαῖς
802 572 864 609 τε
898 556 973 625 μὴ
999 556 1222 625 διαλίπῃ
1247 555 1636 623 ἐπαλείφουσα,
1665 555 1759 607 καὶ
1783 554 1874 606 τὸν
1906 552 2074 605 πολὺν
2088 552 2326 621 τάραχον
2345 553 2445 621 τῆς
2462 553 2641 622 ψυχῆς
2669 547 3108 617 κατευνασθῆναι
3134 566 3208 600 πα
3218 547 3627 617 ρασκευάσειεν.

662 639 852 709 Itaque
894 656 923 694 a
958 641 1130 710 prima
1162 640 1530 695 adolescentia
1564 640 1686 693 vitae
1726 638 1987 694 solitaria:
2019 651 2173 690 amor

2344 636 2567 706 Νεαρᾶς
2606 634 2706 704 μὲν
2763 633 2857 686 οὖν
2887 632 2968 685 ἔτι
2997 631 3099 701 τῆς
3144 630 3361 699 ἡλικίας
3391 628 3581 695 οῡσης,
3610 627 3753 697 ἔρως
3775 626 3871 679 τοῦ

596 719 846 785 incaluit,
890 737 954 777 ac
997 722 1367 783 licet.morum
1394 722 1695 792 disparitas
1725 721 1983 778 resistere
2030 719 2180 775 vide-

594 803 777 868 batur,
831 804 995 860 studii
1060 805 1209 861 illius
1257 806 1548 862 sinceritas
1606 806 1769 869 vicit,
1819 814 1875 858 et
1925 802 2181 858 voluntas

598 886 790 957 (multa
838 888 985 941 enim
1029 889 1289 958 variaque
1340 888 1815 958 proponebantur)
1852 903 1881 940 a
1918 886 2023 941 line
2073 900 2176 940 suo

600 969 743 1023 haud
774 970 1063 1025 aberravit.
1103 972 1179 1025 Ac
1224 973 1459 1041 primum
1505 972 1726 1041 quidem
1776 970 1951 1040 patris
1995 984 2179 1023 exem-

596 1053 743 1121 plum
764 1054 833 1108 ad
854 1054 1109 1108 virtutem
1136 1055 1509 1123 pr0pellebat;
1533 1055 1625 1124 qui
1647 1066 1704 1107 ut
1727 1054 1887 1108 (idem
1912 1066 2092 1107 veram
2117 1065 2182 1113 ac

599 1149 792 1202 puram
829 1136 1272 1203 amplecteretur,
1301 1137 1506 1192 divitiis
1526 1147 1579 1191 et
1598 1136 1857 1192 omnibus
1888 1135 2183 1189 mundanis

599 1217 903 1272 honoribus
952 1219 1234 1283 valedixit,
1265 1228 1320 1274 et
1341 1260 1356 1284 ,
1389 1222 1555 1274 multa
1603 1235 1893 1289 perpessus
1915 1259 1929 1282 ,
1956 1233 2031 1273 ne
2066 1220 2183 1273 sin-

598 1300 723 1370 gula
753 1317 1091 1369 enumerem,
1122 1307 1367 1377 martyrii
1393 1306 1627 1375 palmam
1663 1305 1984 1373 reportavit.
2015 1304 2185 1359 Mater

599 1397 820 1461 quoque
868 1385 960 1440 Dei
1001 1395 1057 1441 et
1087 1389 1303 1444 virtutis
1353 1390 1734 1443 amantissima
1773 1390 1952 1441 mariti
1999 1405 2186 1443 exem-

602 1466 750 1537 plum
786 1468 931 1523 circa
979 1473 1161 1525 omnia
1198 1472 1398 1526 imitari
1436 1472 1632 1525 honori
1682 1472 1786 1526 sibi
1845 1471 2018 1525 duxit.
2060 1469 2185 1525 Haec

599 1549 768 1622 igitur
800 1562 855 1607 et
893 1553 1097 1607 similia
1126 1554 1292 1608 vitam
1327 1555 1689 1609 monasticam
1721 1553 2057 1619 suadebant;
2088 1553 2183 1608 sed

600 1647 750 1687 cura:
791 1636 1085 1691 mundana:
1126 1646 1180 1691 et
1208 1637 1537 1703 dignitatum
1586 1637 1933 1691 terrestriqu
1963 1652 2087 1704 spes
2119 1638 2187 1691 ab

602 1717 933 1786 imperatore
980 1718 1101 1790 ipso
1131 1719 1331 1775 oblatre
1379 1721 1667 1773 trahebant
1701 1719 2183 1789 retraltebautque.

2287 722 2419 790 μονή
2432 736 2557 789 ρους
2579 718 2899 788 συνήκμαζε
2946 715 3062 785 βίου
3086 756 3101 779 ,
3135 716 3184 768 εἱ
3217 714 3313 767 καὶ
3340 713 3452 766 τῶν
3498 713 3721 765 οἰκείων
3747 712 3872 781 τρόο

2284 821 2401 855 πων
2425 803 2560 873 πρὸς
2594 802 2758 855 αὑτὸν
2793 802 2825 869 ή
2857 798 3124 865 διαφωνία
3150 798 3259 850 τῶν
3283 794 3545 850 τοιούτων
3571 795 3874 864 ἀντιπράτ-

2282 902 2452 939 τουσα
2482 884 2866 955 ἐρωτι,’μέχρι
2899 881 3097 935 πολλοῦ
3127 881 3194 934 τὰ
3221 880 3320 949 τῆς
3350 878 3648 947 ἐπιθυμίας
3669 876 3874 944 διετίθη

2284 970 2623 1040 ἀνενέργητα
2647 986 2659 999 ⁸
2692 968 2870 1020 καίτοι
2904 965 3117 1018 πολλῶν
3141 962 3505 1033 ὑπαρχουσῶν
3541 961 3874 1022 ὑποθέσεων,

2286 1055 2344 1120 ἐξ
2377 1047 2450 1107 ὧν
2489 1053 2655 1122 ἐχρῆν
2677 1053 2745 1105 τὰ
2771 1051 2871 1121 τῆς
2900 1048 3209 1120 βουλήσεως
3235 1046 3361 1117 μηδ’
3394 1046 3749 1114 ἀφαμαρτεῖν
3782 1044 3877 1096 τοῦ

2283 1139 2491 1201 τέλους.
2526 1133 2636 1189 Ἦν
2665 1135 2775 1206 γὰρ
2804 1134 2897 1187 καὶ
2951 1132 3138 1202 πατὴρ
3188 1132 3250 1184 τὸ
3287 1130 3527 1202 πρόσθεν
3557 1129 3645 1181 ἐπ’
3676 1128 3879 1198 ἀρετὴν

2287 1218 2787 1292 προσκαλούμενος,
2824 1217 2883 1280 δς
2906 1216 3073 1269 ἕνεκα
3103 1213 3489 1283 δόξηςὸρθῆς,
3518 1213 3616 1264 καὶ
3637 1211 3881 1271 πίστεως

2286 1304 2553 1375 ἀληθοῦς,
2583 1302 2803 1373 πλούτῳ
2835 1301 2934 1371 μὲν
2963 1301 3058 1355 καὶ
3079 1301 3199 1361 ταῖς
3224 1298 3334 1350 τῶν
3369 1296 3699 1364 ἀξιωμάτων
3722 1314 3881 1365 περι-

2288 1390 2540 1459 φανείαις
2582 1385 2771 1458 μακρά
2824 1386 3039 1457 χαίρειν
3090 1380 3282 1446 εἰπὼν,
3318 1383 3414 1435 καὶ
3447 1382 3625 1433 πάντα
3666 1378 3881 1441 παθὼν,

2289 1476 2376 1528 ἱνα
2434 1474 2507 1543 μὴ
2555 1472 2697 1525 κατά
2763 1471 2929 1541 μέρος
2960 1468 3124 1536 λέγω,
3187 1469 3245 1519 ἐν
3275 1466 3427 1536 αύτῷ
3478 1465 3559 1534 τῷ
3592 1464 3882 1535 μαρτυρωι

2290 1557 2673 1627 ὑπερορισθεὶς
2726 1555 3097 1618 τετελείωται,
3154 1553 3247 1607 καὶ
3298 1554 3485 1622 μήτηρ
3540 1550 3790 1621 φιλόθεός
3824 1566 3886 1601 τε

2289 1643 2384 1695 καὶ
2418 1642 2707 1710 φιλάρετος
2729 1639 2825 1692 καὶ
2846 1638 2939 1691 τοῦ
2966 1638 3159 1707 ἀνδρὸς
3190 1635 3570 1706 φιλονεικοῦσα
3600 1634 3745 1686 κατά
3780 1650 3889 1701 μη⁹

2288 1729 2376 1782 δέν
2413 1729 2470 1782 ἐν
2497 1726 2708 1788 τούτοις
2741 1722 3246 1792 ἀπολιμπάνεσθαι.
3289 1723 3453 1776 Ἀλλὰ
3490 1722 3630 1791 πρὸς
3656 1720 3758 1789 μὲν
3791 1721 3889 1788 τὴν

603 1801 712 1858 Sed
760 1819 850 1860 res
916 1804 1226 1873 praeteritas
1277 1804 1539 1859 oblivioni
1596 1804 1857 1882 tradens,
1910 1819 2004 1860 eas
2066 1821 2189 1875 qua:

2294 1810 2593 1882 μοναχικὴν
2639 1809 2916 1862 πολιτείαν
2974 1807 3150 1860 ταῦτά
3187 1824 3245 1859 τε
3300 1808 3398 1859 καὶ
3450 1804 3681 1858 τοιαῦτα
3722 1803 3888 1873 ἕτερα

604 1890 856 1957 proximo
895 1898 1141 1958 tempore
1200 1888 1541 1950 acciderunt,
1583 1880 1838 1957 quamvis
1874 1888 2182 1944 tristissimi

2293 1880 2503 1966 προσῆν
2533 1880 2892 1963 ἐφελκόμενα,
2926 1891 3206 1945 ἀνθεὶλκον
3240 1891 3297 1944 δέ
3325 1891 3419 1942 καὶ
3451 1889 3526 1958 μὴ
3561 1888 3889 1957 βουλόμενον

603 1975 714 2040 sint
748 1973 1002 2041 exempli,
1033 1988 1097 2027 ea
1128 1986 1234 2041 qua
1261 1984 1451 2041 potero
1479 1973 1746 2028 brevitate
1776 1988 2067 2041 exsequar.

2293 1978 2552 2049 κοσμικαὶ
2575 1977 2877 2047 φροντίδες,
2905 1976 3001 2029 καὶ
3027 1974 3325 2028 πολιτικῶν
3352 1973 3684 2041 ἀξιωμάτων
3702 1972 3885 2041 τιμαὶ,

602 2054 671 2121 ἃς
722 2057 846 2127 ἐμοὶ
889 2056 1141 2127 βασιλικὴ
1175 2058 1318 2127 χεὶρ,
1351 2057 1445 2109 καὶ
1480 2056 1759 2126 βασιλικὸν
1802 2057 2094 2131 ἐπανετίθη
2132 2058 2365 2132 θέλημα.
2410 2060 2552 2114 Ἀλλ’
2591 2063 2777 2114 ἐκεῖνα
2826 2060 2927 2131 μὲν
2975 2058 3393 2131 παρεληλυθότα
3443 2058 3539 2110 xui.
3582 2058 3889 2125 γράφοντες

607 2142 1056 2213 παρατρέχομενι
1080 2141 1149 2194 τά
1189 2142 1245 2195 δὲ
1292 2140 1388 2195 νῦν
1418 2142 1798 2213 ἐπισυμὸἀντα
1828 2142 2032 2213 πολλῆς
2088 2144 2188 2213 μὲν
2224 2144 2552 2214 ἐπιδεόμενα
2576 2145 2675 2213 τῆς
2701 2144 3029 2214 διηγήσεως,
3068 2142 3172 2210 τῆς
3205 2143 3426 2211 μνήμης
3452 2141 3509 2193 δὲ
3556 2140 3668 2193 τῶν
3710 2140 3887 2208 λυπη-

608 2225 720 2294 ρῶν
744 2224 975 2277 ἐπιπολὺ
1007 2224 1301 2295 διατρίϐειν
1327 2224 1535 2287 τούτοις
1568 2226 1669 2278 οὐκ
1701 2224 2027 2296 ἐνδιδούσης,
2061 2226 2137 2291 ὡς
2157 2224 2270 2283 οἷόν
2302 2229 2361 2284 τέ
2392 2226 2703 2283 ἐστιταῦτα
2726 2226 3083 2297 διηγούμενος
3115 2226 3451 2296 βραχυλογίᾳ
3474 2226 3882 2296 ἀποχρήσομαι.

674 2306 971 2377 Postquam
999 2309 1044 2364 is
1079 2310 1175 2379 qui
1207 2307 1467 2363 Ecclesize
1496 2317 1697 2363 nostra:
1731 2308 1971 2365 habenas
2000 2324 2190 2379 gesse-

2369 2313 2530 2383 ’Ἄρτι
2561 2313 2670 2382 γὰρ
2699 2310 2792 2364 τοῦ
2838 2311 2945 2382 πρὸ
2982 2309 3144 2381 ἡμῶν
3172 2310 3471 2382 ἱερατεύειν
3501 2311 3759 2379 λαχόντος
3788 2307 3889 2376 τῆς

604 2401 712 2458 rat,
739 2392 1003 2464 dignitate
1030 2408 1130 2449 sua
1160 2393 1393 2455 excidit,
1426 2400 1480 2447 et
1520 2392 1634 2462 jam
1682 2408 1874 2449 omnes
1908 2406 2183 2464 pastorem

2293 2397 2547 2466 τοιαύτης
2561 2396 2715 2461 ἀξίας
2732 2395 3225 2458 ὑπεκστάντος,ποι
3233 2394 3393 2463 μένος
3410 2395 3465 2447 δέ
3479 2395 3617 2465 πρὸς
3633 2394 3886 2447 ἀπάντων

608 2473 1064 2546 circumspiciunt
1096 2476 1190 2546 qui
1224 2476 1469 2531 membra
1502 2476 1764 2532 Ecclesiae
1795 2476 2025 2547 disjecta
2052 2493 2181 2533 coa-

606 2557 818 2614 dunare
842 2569 896 2614 et
928 2574 1017 2615 res
1066 2559 1318 2614 turbatas
1378 2569 1692 2614 restaurare
1754 2561 1932 2615 valeat
1962 2562 2180 2632 (magna

604 2643 755 2719 extim
785 2641 1025 2711 undique
1056 2650 1356 2712 tempestas
1374 2653 1426 2697 et
1453 2642 1611 2698 unda:
1632 2643 1956 2712 perniciosa:
1984 2654 2178 2698 contra

607 2721 911 2787 Ecclesium
954 2725 1291 2795 alliserunt),
1325 2726 1567 2796 indignis
1600 2726 1761 2782 nobis
1808 2736 1863 2782 et
1901 2727 2177 2782 debilibus

610 2810 911 2880 imperator
940 2817 994 2865 ct
1025 2810 1372 2865 sacerdotum
1418 2813 1711 2867 concilium
1746 2828 1948 2867 munus
2000 2812 2184 2865 archi-

609 2894 923 2963 episcopale
960 2892 1148 2949 invitis
1173 2894 1482 2965 imponunt.
1512 2896 1591 2948 Ac
1617 2910 1719 2950 nos
1746 2896 1968 2964 quidem
2004 2895 2183 2966 laery-

611 2978 719 3031 mis
748 2986 804 3029 et
831 2977 1086 3045 precibus
1137 2977 1244 3042 usi,
1294 2988 1413 3031 uta
1471 2979 1758 3048 proposito
1807 2979 1930 3032 illos
1971 2978 2227 3032 dlSStl:t--

608 3060 888 3125 deremus,
908 3076 1101 3131 parum
1124 3062 1497 3130 profecimus;
1541 3063 1635 3116 alii
1693 3064 1839 3118 enim
1899 3078 1968 3117 ne
1995 3062 2185 3116 tantil-

613 3143 721 3198 lum
754 3144 973 3213 quidem
1031 3159 1061 3197 a
1096 3145 1398 3214 proposito,
1453 3154 1710 3215 provecta
1772 3154 1935 3201 aatate
1995 3156 2185 3200 nostra

614 3228 767 3291 moti,
797 3227 889 3281 alii
915 3241 944 3280 a
970 3227 1018 3280 vi
1049 3226 1331 3283 inferenda
1365 3230 1621 3286 recedere
1648 3237 1987 3301 sategerunt,
2010 3231 2080 3283 ita
2133 3239 2193 3283 ut

612 3308 983 3364 multitudinis
1014 3310 1275 3380 suli‘ragia
1305 3311 1613 3379 vincerent,
1645 3313 1957 3369 resistentia
2006 3323 2194 3368 nostra

614 3394 831 3449 illorqu
857 3394 1289 3465 obstinationem
1314 3397 1367 3448 in
1410 3395 1588 3465 majus
1616 3405 1872 3465 augente.

2289 2481 2548 2551 ἐπιζητου
2558 2481 2720 2551 μένου
2748 2478 2843 2532 τοῦ
2869 2479 3055 2532 καὶτὰ
3088 2479 3625 2548 διεσπασμέναλμέλη
3650 2476 3885 2547 τῆςἘκο

2289 2566 2519 2637 κλησίας
2546 2564 2780 2633 συνάψαι
2801 2564 3128 2633 δυναμένου,
3157 2564 3253 2616 καὶ
3288 2562 3386 2632 τὴν
3411 2563 3522 2614 τῶν
3548 2560 3887 2629 πραγμάτων

2288 2648 2623 2703 κατευνάσαι
2647 2647 2894 2717 ταραχὴν
2914 2642 3078 2718 (ἦσαν
3102 2647 3236 2715 γὰρ,
3252 2641 3394 2715 ἦσαν
3435 2644 3675 2697 ποικίλοι
3707 2659 3771 2694 τε
3795 2660 3863 2693 κα

2287 2730 2620 2786 παντοδαποὶ
2648 2732 2788 2785 κατά
2827 2731 2926 2802 τὴν
2967 2730 3295 2800 Ἐκκλησίαν
3323 2728 3495 2793 σάλοι,
3533 2726 3627 2779 καὶ
3674 2725 3850 2778 κλύδω
3872 2754 3887 2763 ο

2288 2821 2426 2882 νες),
2458 2816 2504 2869 ῶ
2536 2817 2635 2887 τῆς
2686 2818 2767 2879 εἱς
2808 2817 2956 2887 ἡμᾶς
2982 2814 3269 2885 φιλοτίμου
3304 2813 3602 2883 ἐπηρείαςὶ
3637 2813 3704 2881 τῇ
3736 2809 3887 2879 ἡμῶν

2291 2901 2548 2972 ἀσθενείᾳ
2568 2899 2661 2954 καὶ
2690 2898 3027 2970 μετριότητι,
3045 2899 3073 2951 ὅ
3093 2916 3152 2952 τε
3180 2896 3435 2967 βασιλεὺς
3448 2894 3612 2957 αὐτὸς
3631 2893 3727 2946 καὶ
3744 2895 3772 2945 ὁ
3786 2893 3888 2945 τῶν

2295 2984 2486 3055 ἱερέων
2518 2983 2817 3037 ἐπιτίθεται
2839 2981 3100 3049 σύλλογος
3115 2980 3507 3049 ἀπαραιτήτως
3535 2980 3598 3030 ἐκ
3630 2975 3885 3047 βιαζόμε-

2295 3085 2375 3122 νοι
2416 3068 2509 3121 τὸν
2529 3068 2628 3136 τῆς
2650 3065 3065 3137 ἀρχιερωσύνης
3102 3064 3266 3132 ζυγὸν
3294 3060 3683 3126 ἀναδέξασθαι.
3704 3060 3767 3112 Ἦ
3776 3060 3887 3128 μῶν

2293 3150 2351 3204 δέ
2414 3150 2649 3220 δάκρυσι
2710 3150 2807 3202 καὶ
2871 3148 3102 3212 ἱκεσίαις
3153 3145 3600 3214 ὲκλιπαρούντων
3649 3144 3889 3196 πλείοσιν

2296 3231 2542 3285 ἐνδοῦναι
2579 3231 2681 3300 μὲν
2698 3232 2795 3300 τῆς
2825 3232 2969 3302 βίας,
2985 3232 3191 3301 ἑτέροις
3212 3230 3268 3283 δέ
3298 3229 3395 3300 τὴν
3421 3228 3603 3298 ψῆφον
3624 3226 3887 3279 ἐπιθεῖναι

2293 3314 2451 3387 (ἀλλά
2496 3315 2613 3381 πῶς
2642 3316 2703 3369 τὸ
2733 3313 2862 3383 ἑξῆς
2907 3315 3241 3387 διηγήσομαι
3266 3314 3329 3380 ς),
3360 3313 3481 3366 οὐδὲ
3515 3311 3656 3381 πρὸς
3721 3310 3888 3381 βραχὺ

2221 3393 2263 3447 ί]
2300 3401 2417 3460 ταῖς
2447 3398 2676 3460 ἱκεσίαις
2701 3398 3163 3469 ἐπικάμπτονται,
3186 3398 3275 3451 ἐπὶ
3305 3395 3503 3458 πολλὰς
3534 3396 3592 3447 δὲ
3624 3394 3723 3456 τὰς
3754 3395 3884 3461 ὴμε·

613 3494 713 3545 ρας
741 3477 899 3547 ἡμῶν
939 3476 1038 3547 μὲν
1073 3459 1527 3547 ἀναϐαλλομένων
1576 3459 1719 3549 πρὸξ
1761 3477 1859 3549 τὴν
1902 3478 2241 3549 ἐγχείρησιν,
2288 3459 2516 3533 ἐκείνων
2540 3482 2599 3534 δὲ
2625 3459 2699 3551 μὴ
2732 3459 3028 3551 μεθιέντων
3065 3459 3164 3532 τού
3215 3479 3518 3550 βιάζεσθαι,
3563 3479 3757 3545 κρατεῖ
3777 3459 3886 3524 τῶν

620 3561 876 3613 τλειόνων
913 3560 976 3613 τὸ
1006 3560 1283 3631 βούλημα⁶
1317 3560 1440 3612 ὅσον
1465 3560 1576 3629 γὰρ
1605 3561 1766 3629 ἡμεῖς
1795 3561 2148 3629 ὲνιστάμεθα,
2175 3564 2430 3617 τοσοῦτον
2460 3564 2644 3626 αὐτοῖς
2667 3566 2701 3634 ή
2742 3564 2988 3627 ἐπίθεσις
3027 3562 3297 3633 ἐπηύξετό
3320 3579 3379 3613 τε
3410 3566 3500 3613 καὶ
3537 3560 3787 3629 ὲξῄρετο.

678 3644 797 3697 Jam
832 3660 965 3699 vero
1017 3652 1205 3698 vntum
1239 3644 1578 3711 signantium
1625 3655 1679 3699 et
1720 3645 1977 3715 pretiosa:
2009 3645 2198 3701 crucis

621 3745 827 3798 ,ιειιιιιη
858 3729 1238 3785 cxhibentium
1276 3726 1621 3787 sacerdouun
1666 3739 1722 3784 et
1752 3731 2198 3801 archipresbyte-

619 3826 801 3867 “orum
855 3813 1050 3869 aderat
1079 3824 1347 3871 statutum
1399 3828 1636 3886 tempus.
1675 3814 1818 3880 Quid
1852 3816 1998 3869 enim
2059 3829 2198 3879 opus

614 3906 734 3954 erat
759 3907 818 3953 ut
858 3900 949 3953 illa
980 3901 1179 3954 concio
1205 3914 1295 3955 me
1330 3900 1385 3955 in
1419 3901 1691 3971 Iacrymas
1725 3900 1924 3965 elluso,
1976 3907 2196 3964 tempus

619 3983 858 4038 tereret?
894 3982 1160 4051 Equidem
1206 3984 1396 4036 nescio
1423 3999 1554 4036 num
1607 3982 1703 4038 Dei
1738 3983 2084 4052 providentia
2126 3997 2194 4033 an

618 4066 690 4120 ob
725 4075 950 4135 peccata
988 4079 1111 4119 mea
1159 4064 1671 4135 archiepiscopatus
1699 4064 1889 4134 jugum
1928 4065 2058 4119 mihi
2098 4066 2201 4118 im-

620 4149 911 4219 posuerint
958 4149 1075 4212 uni,
1128 4148 1220 4218 qui
1276 4150 1497 4205 nonnisi
1544 4150 1901 4205 desolationis
1969 4164 2196 4220 parvum

616 4234 839 4303 aliquod
867 4233 1114 4288 solamen
1145 4232 1477 4303 quzerebam.
1512 4232 1591 4288 Ac
1631 4234 1808 4302 primo
1839 4232 1916 4285 illi
1952 4232 2093 4286 inter
2140 4246 2199 4285 se

616 4315 963 4391 dill’ercbant,
999 4315 1068 4369 ad
1106 4318 1352 4372 scbisma
1389 4316 1684 4386 pr0pensi;
1740 4313 1836 4369 Sed
1898 4315 2197 4368 concordia

615 4399 864 4469 quaedam
898 4400 1086 4454 innata
1112 4400 1165 4455 id
1195 4400 1323 4455 fecit
1381 4408 1444 4455 ut
1485 4415 1607 4469 qua:
1664 4409 1913 4469 separata
1942 4399 2200 4468 jaccbaut

615 4485 801 4538 detrito
848 4482 1232 4553 iungerentur,
1268 4480 1417 4538 unde
1472 4482 1653 4537 fmdus
1687 4497 1888 4535 novum
1928 4497 2199 4550 pangere-

618 4579 729 4623 tur.
765 4567 830 4620 Et
860 4569 1123 4637 quoniam
1165 4582 1309 4620 nunc
1366 4568 1603 4620 maxime
1636 4565 1703 4619 ad
1741 4565 2062 4635 dignitatem
2104 4580 2198 4618 ar-

616 4650 1081 4721 chicpiscopalem
1111 4648 1285 4703 evecti
1315 4664 1533 4712 sumus,
1567 4662 1765 4701 manus
1805 4647 2091 4716 supplices
2130 4646 2199 4700 ad

618 4734 789 4787 Deum
815 4733 1251 4802 omnipotentem
1283 4730 1528 4785 tollimus
1553 4738 1611 4783 ut
1640 4730 1802 4784 nobis
1828 4730 1881 4783 in
1906 4730 2069 4783 rebus
2100 4746 2199 4784 no-

617 4819 750 4873 stris
772 4831 1100 4873 succurrere
1124 4816 1177 4872 ei
1208 4816 1737 4884 libeat,grcgemque
1756 4815 1916 4870 nobis
1937 4816 2199 4871 commis-

2378 3649 2518 3717 Ἤδη
2550 3648 2659 3717 γὰρ
2710 3648 2806 3700 καὶ
2828 3648 2862 3717 ή
2895 3648 3076 3719 ψῆφος
3119 3642 3653 3717 χειρογραφούντων,
3682 3641 3776 3693 καὶ
3802 3640 3884 3691 τὸν

2300 3731 2469 3785 τύπον
2495 3731 2588 3785 τοῦ
2617 3732 2802 3802 τιμίου
2820 3731 3185 3803 προτιθέντων
3210 3727 3467 3801 σταυροῦ,
3488 3725 3643 3797 παρά
3674 3728 3882 3779 πάντων

2303 3816 2496 3886 ἱερέων
2548 3832 2605 3869 τε
2654 3816 2747 3869 καὶ
2773 3815 3079 3886 ἀρχιερέων
3108 3815 3463 3885 διεπράττετο
3493 3812 3668 3873 τέλος·
3699 3810 3752 3862 τί
3781 3810 3881 3877 γὰρ

2300 3900 2407 3971 χρὴ
2439 3902 2550 3965 τοῖς
2584 3901 2706 3953 τότε
2772 3900 3142 3969 συνενεχθεῖσι
3207 3899 3578 3969 χρονοτριϐεῖν
3624 3899 3737 3959 τοῖς
3781 3894 3882 3947 τῶν

2299 3986 2556 4056 δακρύων
2605 3985 3085 4057 περιρῤαινομένῳ
3141 3984 3390 4054 ὁχετοῖς;
3430 3984 3546 4037 Οὐκ
3605 3976 3727 4045 οἵδ’,
3782 3980 3880 4031 εἴτε

2302 4069 2530 4139 προνοίᾳ
2559 4070 2720 4132 Θεοῦ,
2749 4069 2847 4121 εἴτ’
2878 4067 2967 4121 ἐπ’
2997 4068 3209 4137 ἐλέγχῳ
3236 4066 3346 4118 τῶν
3380 4066 3668 4136 ἡμετέρων
3713 4064 3881 4131 ἁμαρ⁴

2299 4152 2563 4221 τημάτων
2592 4151 2683 4205 τὸν
2710 4152 2811 4222 τῆς
2855 4150 3270 4221 ἀρχιερωσύνης
3300 4149 3466 4215 ζυγὸν
3505 4145 3879 4215 ἐπιφορτίζου-

2302 4252 2385 4288 σιν
2415 4236 2499 4287 ἐνὶ
2528 4237 2673 4305 μόνῳ
2707 4233 2910 4306 μικρὰν
2936 4234 3036 4302 τῆς
3063 4233 3303 4300 ἀθυμίας
3352 4231 3689 4300 παραψυχὴν
3724 4231 3879 4298 ἐφευ-

2305 4318 2571 4389 ρίσκοντι.
2588 4319 2658 4370 Ὃ
2683 4336 2735 4370 τι
2772 4317 2959 4387 σχεδον
2982 4317 3159 4369 εἰπεῖν
3182 4316 3320 4386 πρὸς
3352 4314 3618 4381 ἀλλήλους
3641 4313 3878 4381 διαφεροο

2304 4402 2482 4473 μένων
2524 4402 2819 4468 ἁπάντων,
2884 4401 2978 4454 καὶ
3017 4400 3265 4470 ἀλλήλων
3320 4397 3731 4467 ἀποτέμνεσθαι
3792 4394 3880 4446 καὶ

2300 4487 2749 4557 ἁπορρήγνυσθαι
2777 4484 3246 4555 φιλονεικούντων,
3276 4481 3627 4552 ὁμοφροσύνη
3662 4496 3749 4541 τις
3790 4478 3881 4529 καὶ

2300 4568 2727 4641 ὁμογνωμοσύνη
2761 4572 2877 4631 ταῖς
2916 4567 3099 4621 αὐτῶν
3138 4568 3410 4636 ὲμφυεῖσα
3458 4563 3686 4633 ψυχαῖς,
3718 4562 3789 4616 τὰ
3812 4561 3883 4613 δι-

2300 4654 2712 4724 εσκορπισμένα
2755 4653 2980 4721 συνῆγε,
3035 4652 3131 4703 καὶ
3177 4651 3247 4703 τὰ
3276 4649 3622 4719 διερρωγότα
3656 4647 3881 4715 συσφίγ·

2300 4752 2473 4804 γουσα
2510 4738 2609 4805 τὴν
2670 4736 2942 4806 προτέραν
3005 4734 3259 4803 ὁμόνοιαν
3294 4732 3579 4801 ἐχαρίζετο
3609 4749 3623 4763 ο
3659 4732 3755 4784 καὶ
3794 4729 3882 4781 νῦν

2300 4822 2399 4892 τὴν
2432 4822 2706 4892 ὑμετέραν
2741 4820 3141 4890 ἀρχιερατικὴν
3167 4834 3225 4869 τε
3275 4816 3371 4869 καὶ
3427 4816 3714 4886 ἱερατικὴν
3744 4815 3882 4866 ὁσιοο

617 4917 738 4957 sum
765 4911 822 4955 ut
842 4901 942 4956 rite
972 4901 1287 4958 conducere
1302 4908 1357 4953 et
1382 4908 1639 4968 supnama
1669 4900 1929 4955 felicitate
1946 4900 2050 4955 frui
2071 4918 2190 4971 pcr-

2299 4922 2440 4974 τητα
2468 4908 2547 4968 είς
2577 4905 2875 4975 πρεσϐείαν
2905 4903 3041 4972 πρὸς
3068 4904 3161 4952 τὸν
3193 4900 3300 4952 τῶν
3340 4899 3477 4951 ὅλων
3500 4896 3763 4995 κινοῦμεν
3797 4899 3881 4948 As-

616 4983 1037 5059 miltat.Utvero
1050 4984 1365 5043 communio
1389 4983 1510 5038 lidei
1529 4986 1970 5041 communionem
1990 4988 2044 5041 in
2065 4986 2195 5042 cha-

620 5074 785 5127 ritate
805 5086 994 5141 puram
1024 5083 1079 5127 et
1111 5071 1386 5126 sinceram
1417 5078 2194 5141 conservet,quazsequuntur

620 5156 902 5210 sanctitati
940 5148 1045 5210 ture
1075 5154 1341 5209 divinitus
1365 5152 1642 5222 inspirataa
1673 5157 2152 5212 communicamus
2179 5174 2193 5210 :

2305 4990 2530 5059 σπότην,
2577 4988 3017 5056 ἀκαταγνώστως
3059 4984 3159 5055 μὲν
3189 4984 3249 5035 τὸ
3277 4982 3400 5034 καθ’
3429 4982 3577 5050 ἡμᾶς
3599 4980 3880 5040 διαθεῖναι,

2303 5072 2744 5141 ἀκαταγνώστως
2816 5070 3018 5138 δὲτὴν
3074 5068 3592 5138 ἐμπεπιστευμένῳ
3657 5062 3883 5116 διιθῦναι

2301 5158 2560 5228 ποίμνην,
2593 5158 2687 5211 καὶ
2728 5155 3079 5225 τῆς·ἐκεῐθεν
3119 5152 3421 5222 εὐτυχῆσαι
3457 5150 3879 5219 μακαριότητος.

619 5236 740 5290 Ἵνα
774 5236 831 5289 δὲ
862 5237 959 5291 καὶ
1008 5239 1042 5307 ἡ
1087 5236 1342 5291 κοινωνία
1374 5236 1471 5305 τῆς
1519 5237 1758 5299 πίστεως
1784 5238 1884 5310 τὴν
1918 5239 1977 5291 ἐν
2008 5239 2198 5311 ἀγάπῃ
2252 5242 2540 5295 κοινωνίαν
2575 5241 2797 5312 ἀρραγῆ
2856 5256 2918 5292 τε
2958 5239 3054 5292 καὶ
3093 5235 3387 5291 ἀνόθευτον
3435 5233 3879 5303 διαφυλάττοιτον

618 5318 825 5389 ταύτην
862 5321 928 5390 τῇ
983 5319 1229 5390 ὑμετέρα
1275 5319 1649 5391 θεοσυλλέκτῳ
1684 5320 1925 5391 ὁσιότητι
1974 5323 2447 5378 ἀνακοινώσασθαι
2498 5323 2919 5392 ἐδικαιώσαμεν.

689 5400 867 5456 Credo
922 5402 975 5454 in
1018 5401 1422 5466 unum‘Deum,
1477 5404 1801 5471 perlectum,
1852 5403 2193 5467 absolutum,

609 5483 858 5549 'Patrem,
888 5482 1082 5537 Filium
1116 5496 1168 5538 et
1193 5484 1455 5553 Spiritum
1478 5496 1752 5551 sanctum,
1794 5502 1902 5541 non
1928 5503 2194 5556 separaris

623 5579 875 5622 naturam
901 5568 960 5639 h}
978 5569 1280 5637 postasium
1318 5568 1625 5621 dilferentia
1667 5570 1806 5638 (Arii
1847 5571 2191 5625 euimhazre—

620 5651 700 5704 Sis
733 5664 918 5722 pereat
946 5654 1024 5721 ly;
1067 5650 1178 5704 imo
1219 5657 1428 5703 natura:
1468 5650 1760 5707 idenlitate
1815 5653 2193 5724 hypostasxutu

620 5738 986 5793 cliﬂ‘o-reatiam
1037 5738 1271 5792 honoro.
1336 5736 1560 5790 Sabellii
1597 5738 1743 5790 cnim
1799 5753 2020 5808 quoque
2072 5740 2196 5794 volo

622 5824 873 5879 hmresim
926 5825 1199 5893 perditum
1244 5822 1329 5877 iri.
1366 5822 1428 5876 Et
1485 5825 1535 5877 in
1568 5824 1975 5880 sanctissimam
2010 5826 2195 5879 Triui-

2374 5406 2624 5461 Πιστεύω
2653 5405 2945 5475 τοιγαροῦν
2976 5405 3056 5466 είς
3084 5402 3183 5457 ἕνα
3220 5401 3377 5465 Θεὸν,
3423 5400 3652 5463 τέλειον,
3685 5397 3881 5450 τελειο-

2300 5492 2452 5544 ποιὺν
2504 5493 2744 5560 Πατέρα,
2794 5491 2943 5554 Υίὸν,
2966 5490 3063 5542 καὶ
3097 5491 3317 5556 Πνεῦμα
3357 5486 3534 5555 ἅγιον,
3576 5484 3636 5535 οὐ
3666 5481 3884 5541 κατατὲ

2304 5593 2454 5645 μνων
2483 5579 2551 5644 τῇ
2583 5578 2689 5628 τῶν
2742 5574 3095 5628 ὑποστάσεων
3130 5574 3435 5643 ἑτερότητι,
3468 5571 3561 5622 καὶ
3596 5569 3699 5638 τὴν
3726 5566 3883 5635 φύσιν

2304 5658 2676 5729 (ἐκτεμνέσθω
2700 5660 2856 5728 γὰρὴ
2885 5656 3099 5723 Ἀρείου
3127 5655 3488 5724 κατατομὴι),
3510 5652 3648 5705 ἀλλά
3675 5655 3743 5721 τῇ
3769 5666 3886 5702 ταυ-

2302 5741 2489 5810 τότητι
2526 5742 2629 5810 τῆς
2683 5744 2898 5810 φύσεως
2958 5740 3057 5811 τὴν
3086 5740 3192 5792 τῶν
3235 5738 3587 5793 ύποστάσεων
3624 5735 3884 5804 διαφορὰν

2301 5825 2531 5891 δοξάζω.
2565 5822 3001 5896 Συναναιρείσθω
3035 5823 3144 5893 γὰρ
3176 5821 3573 5892 παραπλησίως
3602 5822 3699 5873 καί⁵
3729 5820 3765 5888 ἡ
3795 5815 3881 5869 το]
