4080 6410
316 370 450 438 102i

1067 365 1334 429 PHOTII
1372 365 1627 433 ΞΕΡΙΞΤ.
1672 363 1773 424 AD
1811 361 2359 425 ANTIOCHENAM
2396 362 2838 425 ECCLESIAM.

3451 357 3591 427 1022

312 481 600 535 Σαδελλίου
625 480 955 552 συναίρεσις.
980 480 1186 552 Τριὰδα
1213 480 1508 547 παναγίαν,
1528 476 1893 547 παντουργδν,

2016 488 2191 545 ratem,
2234 482 2697 549 omnipotentem,
2756 477 2879 531 sine
2932 472 3213 546 principio
3269 471 3452 543 quoad
3506 486 3617 537 se,-

313 566 743 635 παντοδύναμον,
770 565 1105 636 συνάναρχον
1134 564 1231 634 μὲν
1254 563 1428 634 αὐτὴν
1454 563 1642 631 ἑαυτῇ,
1676 560 1750 624 ὡς
1778 576 1907 629 χρο-

314 649 474 714 νικῆς
534 650 752 719 ἀπάσης
804 648 981 717 ἀρχῆς
1034 648 1437 718 ὑπεράναρχον,
1485 645 1662 715 ἀρχῆς
1715 645 1773 696 δὲ
1808 643 1906 696 καὶ

313 732 491 786 αίτίου
538 731 694 799 λόγον
744 733 803 783 ἐν
842 733 981 802 αὐτῇ
1040 731 1133 784 τοῦ
1171 731 1383 800 [ἰατρὸς
1438 726 1902 797 ἀναπληροῦντοςο

315 814 474 867 Οὕτω
498 815 607 883 γὰρ
630 814 841 884 καὶτῆς
862 817 1119 884 χρονικῖκ
1146 813 1351 875 ἐννοίας
1373 812 1649 881 ὁμοτίμους
1681 812 1713 879 ἠ
1737 811 1901 878 Τρια,

318 895 835 967 ὐπεριδρυθήσεται,
887 895 982 949 καὶ
1031 896 1130 966 τῆς
1172 894 1565 964 αὑτῆςόὑσίας
1595 892 1675 962 τῷ
1704 893 1899 959 Πατρὶ,

316 979 377 1043 ἐξ
401 973 575 1049 οὗπερ
600 984 628 1031 ὁ
651 980 749 1048 μὲν
796 978 1115 1051 ἀρρεύστως
1145 988 1238 1033 και
1270 982 1525 1050 ἀρρήτως
1551 977 1899 1045 γεγέννηται,

316 1064 456 1116 τὸδὲ
506 1066 932 1132 εκπεπόρευται,
994 1062 1323 1130 θεολογικῶς
1375 1059 1900 1132 ὑμνολογηθήσεται.

318 1147 526 1217 Τριὰδα
556 1148 855 1215 παναγίαν,
896 1147 1224 1217 ὑπερούσιον
1277 1147 1488 1200 οὐσίαν.
1527 1146 1602 1198 Τὸ
1638 1147 1758 1214 μὲν,
1817 1145 1901 1196 ὅτι

316 1247 497 1299 πασης
535 1232 719 1294 οὐσίας
752 1233 1073 1302 θεοπρεπῶς
1105 1232 1583 1301 ὑπεραναὸὲόηκε,
1622 1229 1683 1281 τὸ
1707 1228 1785 1295 δὲ,
1818 1228 1901 1281 ὃτι

319 1319 457 1369 πᾶσι
498 1319 611 1380 τοῖς
636 1316 788 1368 οὖσιν
824 1316 1050 1368 αὐτόθεν
1078 1317 1110 1386 ή
1142 1314 1344 1385 μετοχὴ
1368 1314 1463 1366 τοῦ
1492 1311 1652 1366 εἰναι.
1697 1312 1899 1382 ’Υπερ-

317 1400 524 1467 άγαθον
542 1402 876 1469 ἀγαθότητα,
913 1400 974 1452 τὸ
1010 1402 1133 1468 μὲν,
1154 1400 1235 1452 ὃτι
1269 1402 1420 1467 πηγὴ
1455 1399 1813 1467 ἀγαθότητος,
1840 1399 1900 1451 τὸ

316 1482 396 1549 δὲ,
419 1485 502 1536 ὅτι
529 1486 643 1545 τοῖς
688 1485 912 1551 ἀγαθοῖς
958 1484 1171 1534 ἐκεῖθεν
1223 1482 1283 1534 τὸ
1317 1481 1709 1549 ἀγαθύνεσθαι,
1741 1482 1900 1534 τοῦτο

317 1569 451 1635 ἡμῖν
502 1567 578 1629 ὡς
637 1568 696 1619 ὲν
744 1566 1002 1637 βραχέσιν
1059 1568 1224 1636 ήτῆς
1252 1565 1373 1619 καθ’
1421 1568 1567 1635 ἡμας
1617 1566 1899 1634 θεολογίας

316 1650 652 1738 ἀδιάβλητος
671 1650 1053 1738 μυσταγωγία.
1083 1651 1187 1702 Τὸν
1213 1648 1269 1701 δὲ
1302 1650 1428 1703 Υίὸν
1458 1655 1553 1703 καὶ
1585 1652 1759 1717 Λόγον
1803 1651 1897 1703 τοῦ

317 1735 451 1788 Θεοῦ
492 1735 589 1788 καὶ
637 1735 850 1805 Ματρὸς
896 1734 983 1788 ἐπ’
1032 1736 1279 1804 ἐσχάτων
1310 1735 1419 1787 τῶν
1457 1735 1680 1805 ἡμερῶν
1707 1738 1773 1789 ἐκ
1798 1738 1898 1807 τῆς

2008 571 2131 627 sine
2162 564 2323 619 iuitio
2357 562 2678 632 temporali,
2729 558 3000 631 siquidem
3040 557 3202 609 Pater
3234 554 3489 625 principii
3538 562 3593 608 et

2006 669 2187 715 causa
2211 651 2483 705 rationem
2507 646 2562 709 in
2592 648 2708 716 ipsa
2740 646 2954 715 implet.
2993 644 3089 698 Sic
3124 653 3364 710 namque
3405 637 3593 693 Trini—

2006 756 2091 799 tas
2123 739 2321 812 aequali
2388 737 2601 791 honore
2654 746 2822 803 supra
2884 728 3225 784 intellectum
3267 724 3592 781 saecularem

2004 810 2301 887 statuetur,
2327 822 2516 878 eadem
2537 834 2644 889 qua
2661 816 2823 871 Pater
2845 814 3083 869 essentia
3102 810 3346 880 gaudens
3363 848 3378 872 ,
3396 822 3461 862 ex
3482 819 3593 875 quo

2004 911 2177 967 Filius
2204 906 2465 965 ineffabili
2504 905 2719 959 ratione
2740 900 2957 972 genitus
2994 905 3048 952 et
3080 895 3325 965 Spiritus
3366 900 3593 947 sanctus

2003 997 2273 1068 processit
2303 991 2609 1061 theologice
2626 985 3021 1045 celebrabitur.
3041 980 3096 1036 In
3113 980 3441 1034 Trinitatem
3466 989 3594 1030 san-

2004 1064 2331 1144 ctissimam,
2385 1074 2681 1131 essentiam
2724 1064 3269 1137 superessentialem.
3301 1075 3425 1129 quae
3470 1072 3593 1111 om-

2005 1182 2125 1221 nem
2153 1163 2520 1220 substantiam
2552 1159 2601 1212 vi
2634 1156 2822 1211 divina
2854 1160 3101 1216 supcrat.
3152 1147 3410 1203 essentia:
3467 1157 3594 1196 cum

2003 1249 2261 1304 omnibus
2283 1243 2557 1301 creaturis
2593 1240 2894 1311 particeps.
2926 1234 3238 1287 Bonitatem
3275 1231 3399 1301 plus
3424 1240 3594 1295 quam

2004 1333 2202 1389 bonam
2226 1349 2241 1395 ;
2267 1339 2352 1386 est
2373 1327 2521 1383 enim
2555 1308 2826 1380 bonitatis
2877 1317 3023 1380 fons,
3057 1318 3200 1369 unde
3234 1314 3393 1367 bonis
3416 1308 3597 1363 facul-

2006 1426 2089 1472 tas
2122 1392 2298 1471 bonos
2327 1429 2451 1470 sese
2486 1407 2771 1483 praebendi
2810 1402 3025 1475 prodit;
3080 1399 3239 1483 unde
3263 1397 3423 1483 nqbis
3456 1392 3597 1462 ipsis

2005 1501 2296 1571 theologia:
2332 1478 2776 1570 pura'doctrina
2821 1494 3067 1545 emanat.
3104 1482 3283 1539 Credo
3316 1478 3514 1532 Filium
3542 1486 3599 1531 et

2005 1560 2243 1642 Verhuiii
2271 1560 2366 1637 Dei
2402 1590 2457 1637 et
2514 1580 2704 1634 Patris
2751 1576 2880 1630 inde
2910 1590 2939 1628 a
3000 1581 3250 1640 tempore
3312 1560 3600 1619 indeﬁnito

2001 1688 2069 1728 ex
2100 1670 2331 1723 Domina
2360 1666 2593 1735 Dcipara
2621 1675 2841 1735 semper
2871 1657 3089 1727 virgine
3117 1661 3306 1708 natum
3341 1650 3396 1703 in
3429 1658 3601 1700 carne

2003 1756 2202 1812 anima:
2234 1732 2591 1806 intellectuali
2631 1732 2885 1817 praedita,
2921 1741 2974 1796 id
3000 1750 3112 1801 est,
3138 1738 3418 1792 hominem
3448 1744 3601 1785 mor-

316 1819 678 1888 ἁειπαρθένου
708 1822 803 1872 καὶ
825 1818 1185 1891 ὑπερενδόξου
1202 1820 1501 1888 Δεσποίνης
1524 1819 1681 1889 ⁴ἡμῶν
1710 1821 1901 1873 Θεοτό-

2016 1842 2170 1895 talem
2197 1836 2477 1899 induisse;
2505 1833 2669 1901 idque
2708 1831 2762 1882 in
2793 1828 3024 1882 veritate
3046 1832 3101 1879 et
3140 1836 3249 1875 non
3281 1832 3382 1889 pro
3413 1817 3589 1869 forma

318 1921 417 1957 κου
440 1905 722 1973 προελθεῖν
749 1906 890 1974 μετά
921 1905 1123 1973 σαρκὸς
1142 1903 1545 1974 ἐμψυχωμένης
1566 1906 1710 1977 ψυχῇ
1740 1906 1902 1976 νοερᾷ

318 2004 379 2039 τε
414 1990 505 2041 καὶ
534 1987 746 2058 λογικῇ,
792 1988 1037 2041 τουτέστι
1073 1987 1277 2040 τέλειον
1303 1988 1590 2057 ἄνθρωπον
1614 1988 1903 2059 ἀνειληφέ-

320 2086 431 2137 ναι,
458 2072 553 2152 καὶ
570 2072 818 2156 ἀληθείᾳ,
841 2070 977 2151 ἀλλά
1008 2069 1084 2141 μὴ
1108 2072 1251 2156 χρ.τά
1281 2071 1606 2156 φαντασίαν..
1634 2072 1709 2123 Οὺ
1735 2088 1905 2142 προσ-

318 2144 566 2206 ωπικῶς,
598 2145 722 2195 οὐδὲ
743 2140 866 2194 τινα
884 2144 992 2194 τῶν
1014 2140 1155 2192 καθ’
1185 2144 1396 2194 ἕκαστα
1455 2141 1609 2212 ίδικῴ
1652 2145 1746 2195 καὶ
1782 2140 1905 2209 ἀφ-

320 2229 614 2298 ωρισμένῳ
671 2226 983 2296 χαρακτῆρι
1015 2224 1489 2295 περιοριζόμενον,
1512 2226 1629 2279 aur
1663 2227 1784 2278 ὅλον
1812 2227 1905 2279 τὸν

319 2313 630 2383 ἄνθρωπον,
679 2312 739 2364 ὃν
790 2312 885 2363 καὶ
918 2314 976 2363 ἐν
1005 2311 1072 2380 τῇ
1099 2309 1265 2361 αὐτοῦ
1290 2308 1654 2379 ἀτομῶσαντά
1686 2327 1745 2362 τε
1774 2311 1907 2363 ὑπο-

323 2402 532 2463 στάσει,
557 2398 651 2448 καὶ
672 2396 1078 2465 ὑποστήσαντα,
1093 2393 1268 2447 σῶσαι
1284 2396 1345 2445 τὸ
1367 2394 1709 2465 ἀνθρώπινον
1726 2397 1904 2464 γένος,

324 2480 675 2551 σεσωσμένας
703 2496 764 2532 τε
814 2481 909 2533 ἐπὶ
937 2477 1032 2531 τοῦ
1068 2476 1235 2530 αὑτοῦ
1269 2493 1361 2529 και
1387 2478 1507 2540 ἐνὸς
1532 2477 1771 2548 Χριστοῦ
1806 2484 1907 2543 τὰς

322 2567 515 2636 φύσεις
551 2564 821 2633 θεότητος,
854 2564 949 2616 καὶ
980 2562 1426 2632 ἀνθρωπότητος,
1484 2562 1770 2632 ήνωμένας
1809 2564 1908 2633 μὲν

321 2656 389 2723 τῇ
427 2652 547 2704 καθ’
579 2651 881 2704 ὑπόστασιν
910 2648 1124 2714 ὲνώσει,
1172 2651 1287 2704 ἀλλ’
1332 2652 1395 2705 οὺ
1451 2655 1807 2723 πειρυρμένας
1840 2658 1907 2725 τῇ

322 2737 444 2792 κατ’
468 2736 659 2789 οὐσίαν
682 2734 987 2788 ἀλλοιώσει.
1019 2736 1168 2788 Μίαν
1197 2735 1299 2805 μὲν
1328 2709 1906 2811 ὑπόστα’σιν“Χριστοῦ’;

322 2824 416 2877 δύο
447 2824 504 2876 δὲ
537 2822 749 2892 φύσεις,
778 2826 873 2873 καὶ
913 2822 1158 2892 ἑκατέρα
1197 2822 1376 2875 αὐτῶν
1401 2824 1460 2875 τὸ
1481 2826 1614 2878 ἴδιον
1648 2827 1910 2898 ἀπονέμω

324 2910 559 2980 θέλημα.
614 2907 720 2961 Δύο
773 2909 879 2977 γὰρ
910 2908 1194 2978 θελήματα
1244 2912 1338 2963 ἐπὶ
1372 2912 1609 2983 Χριστοῦ
1642 2917 1906 2985 ἁμείωτα,

322 2997 406 3048 ὅτι
436 2994 643 3047 καὶδύο
665 2995 960 3064 ἐνέργειαι.
986 2993 1089 3045 Τὸν
1115 2995 1280 3047 αὑτὸν
1310 2997 1553 3065 παθητὸν
1576 3002 1669 3053 καὶ
1695 3000 1908 3071 ἀπαθῆ,

324 3080 565 3151 φθαρτὸν
599 3080 693 3133 καὶ
714 3080 1010 3150 ἄφθαρτον,
1041 3080 1284 3150 γραπτόν
1305 3097 1361 3132 τε
1394 3083 1487 3134 καὶ
1509 3083 1813 3152 ἄγραπτον,
1843 3087 1912 3139 τὰ

2004 1933 2055 1980 et
2088 1923 2281 1987 libito;
2314 1936 2422 1975 non
2452 1898 2862 1971 individualiter
2881 1920 2935 1966 et
2961 1912 3286 1964 charactere
3334 1898 3597 1971 peculiari

2004 1986 2510 2075 cireumsCriptum,
2566 2000 2662 2057 sed
2717 2008 2888 2051 totum
2944 1994 3242 2054 hominem,
3275 1986 3599 2058 qui,hypo-

2006 2092 2146 2148 stasi
2192 2105 2292 2145 sua
2324 2068 2378 2142 in
2408 2094 2592 2156 partes
2624 2081 2988 2137 indivisibiles
3023 2077 3267 2135 redacta,
3293 2083 3465 2139 genus
3500 2068 3601 2121 hu-

2008 2189 2229 2228 manum
2260 2150 2516 2229 salva-vit,
2547 2167 2638 2236 qui
2665 2165 2767 2219 sub
2802 2177 2911 2215 uno
2940 2162 3245 2225 eodemque
3272 2154 3495 2208 Christo
3516 2150 3603 2205 di-

2008 2259 2262 2315 vinitatis
2302 2264 2356 2312 et
2389 2250 2750 2309 humanitatis
2767 2257 2997 2304 naturas
3016 2247 3257 2299 salvatas
3281 2254 3381 2293 nec
3400 2238 3605 2291 altera-

2010 2348 2162 2402 tione
2202 2339 2611 2397 contaminatas
2648 2336 2863 2389 unitate
2917 2327 3265 2399 hypostatica
3301 2320 3599 2376 adunavit.

2015 2430 2187 2487 Unam
2220 2423 2430 2481 ϐίη-ἰειὶ
2466 2419 2806 2491 hypostasim
2839 2426 2893 2469 et
2920 2414 3059 2468 duas
3083 2419 3334 2470 naturas,
3358 2417 3602 2473 quarum

2013 2521 2245 2583 utraque
2297 2524 2452 2565 suam
2498 2489 2661 2559 habet
2701 2503 3063 2556 voluntatem.
3138 2494 3266 2545 Duae
3310 2489 3456 2544 enim
3511 2500 3607 2539 vo-

2014 2574 2253 2653 luntates
2276 2596 2332 2649 in
2358 2591 2579 2647 Christo
2605 2589 2933 2648 incolumes,
2953 2582 3082 2652 quia
3102 2579 3224 2633 duae
3255 2574 3601 2630 functiones.

2015 2680 2277 2737 Eumdem
2311 2674 2627 2747 passibilcm
2658 2680 2707 2725 et
2745 2666 3516 2739 impassibilem,corruptum
3549 2661 3606 2707 et

2015 2742 2931 2832 incorruptum.circumscriptum
2956 2758 3007 2804 et
3028 2742 3603 2809 incircumscriptum,

2016 2853 2149 2905 illud
2179 2823 2477 2909 divinitati,
2513 2843 2616 2895 hoc
2657 2838 2966 2892 attribuens
3003 2828 3359 2887 humanitati.
3406 2823 3609 2879 Cruri-

2017 2938 2184 2993 ﬁxum
2200 2947 2298 3003 pro
2339 2944 2438 2984 sua
2476 2927 2760 2981 voluntate
2787 2936 2885 2993 pro
2928 2907 3605 2981 nobis,etcrncemipsam

2016 2992 2353 3076 adorandam
2396 3028 2519 3085 quae
2558 3026 2657 3064 nos
2698 3024 2727 3062 a
2779 2992 2954 3061 morte
2982 2999 3257 3055 liberatit.
3313 2992 3607 3063 Sepultum

2017 3106 2269 3163 eumdem
2295 3120 2357 3155 ac
2374 3077 2608 3154 niortuis
2628 3084 3169 3154 annumeratum,qui
3188 3087 3310 3151 post
3332 3077 3607 3141 triduum,

328 3163 428 3259 μὲν
456 3163 828 3234 οἰκειούμενος
881 3166 946 3233 τῇ
999 3163 1236 3233 θεότητι,
1273 3165 1341 3216 τὰ
1368 3164 1424 3217 δὲ
1479 3168 1813 3235 προσάπτων
1840 3172 1907 3239 τῇ

2018 3200 2077 3245 ut
2107 3191 2224 3259 ipse
2256 3187 2608 3258 praedixerat,
2644 3195 2673 3233 a
2708 3175 2941 3233 mortuis
2970 3167 3291 3226 resurrexit.
3326 3163 3428 3229 Qui
3461 3170 3607 3231 post'

324 3248 729 3320 ἀνθρωπότητι.
765 3249 1158 3318 Σταυρωθέντα
1210 3249 1472 3310 ἑκουσίως
1532 3252 1675 3322 ὑπὲρ
1731 3254 1913 3322 ἡμῶν,

325 3333 422 3387 καὶ
445 3332 705 3404 πρόξενον
735 3334 869 3413 ἡμῖν
893 3335 994 3402 τῆς
1024 3334 1118 3386 τοῦ
1154 3333 1385 3387 θανάτου
1434 3336 1785 3399 καταλύσεως
1823 3339 1917 3392 τὸν

325 3418 511 3486 τίμιον
566 3418 822 3486 σταυρὸν,
886 3418 981 3469 καὶ
1039 3418 1417 3486 προσκυνητδν
1473 3423 1914 3491 παρασχόμενον.

327 3500 586 3569 Ταφέντα
614 3517 672 3552 τε
702 3499 794 3552 τὸν
839 3500 1025 3561 αὑτὸν,
1057 3503 1150 3552 καὶ
1175 3504 1387 3570 νεκροῖς
1413 3504 1915 3573 συναριθμηθέντα,

327 3589 423 3637 καὶ
446 3588 744 3653 τριήμερον
773 3584 913 3636 κατὰ
936 3584 1035 3652 τὴν
1065 3583 1232 3635 αὑτοῦ
1256 3583 1622 3653 θεόφθεγκτον
1648 3588 1832 3658 φωνὴν
1853 3590 1918 3642 ἐκ

325 3670 437 3731 τῶν
462 3670 671 3738 νεκρῶν
709 3670 1042 3721 ἀναστάντα.
1073 3670 1183 3720 Καὶ
1206 3672 1319 3731 τοῖς
1353 3671 1627 3741 μαθηταῖς
1654 3673 1916 3741 ὀφθέντα,

327 3756 424 3807 καὶ
456 3757 533 3824 τῲ
558 3758 870 3825 συμφαγεῖν
894 3756 1097 3817 αὐτοῖς,
1120 3757 1213 3808 καὶ
1242 3760 1522 3827 συμπιεῖν,
1540 3760 1721 3812 πᾶσαν
1742 3761 1918 3831 ἀμφι-

329 3838 515 3892 δολίαν
560 3840 654 3893 καὶ
708 3839 1010 3909 φαντασίας
1047 3840 1317 3911 ὑπόληψιν
1369 3843 1553 3895 τέλεον
1593 3844 1775 3899 αὐτῶν
1808 3850 1921 3902 ἀπ-

2021 3245 2186 3328 modo
2249 3245 2536 3339 discipulis
2587 3260 2843 3333 apparuit
2866 3266 2920 3312 et
2948 3272 3073 3309 eum
3108 3252 3243 3320 ipsis
3280 3245 3495 3302 edendo
3544 3258 3609 3297 ac

2022 3356 2261 3411 bibendo
2292 3334 2512 3408 omnem
2541 3344 2934 3412 suspicionem,
2957 3352 3120 3393 omne
3158 3334 3385 3388 dubium
3416 3345 3485 3384 ex
3518 3344 3612 3381 eo-

2023 3456 2144 3495 rum
2169 3438 2368 3492 animis
2392 3433 2640 3491 abstulit.
2674 3429 2767 3499 qui
2804 3426 3043 3493 denique
3094 3423 3144 3474 in
3171 3431 3428 3486 corpore,
3452 3414 3611 3466 ldcst

2022 3524 2078 3578 in
2100 3522 2321 3593 propria
2341 3535 2531 3582 carne,
2557 3515 2739 3568 anima
2760 3505 3123 3565 intellectuali
3146 3502 3393 3573 praedita,
3414 3512 3612 3552 ascen-

2023 3587 2138 3678 dit;
2164 3587 2371 3675 quique
2417 3605 2545 3656 item
2587 3593 3156 3664 veniet‘judicaturus
3187 3587 3339 3639 vivos
3368 3591 3423 3635 et
3464 3595 3613 3635 mor-

2024 3666 2196 3746 tuos.-
2225 3666 2317 3743 Sic
2358 3687 2505 3739 enim
2565 3681 2853 3748 Scriptura
2894 3690 3049 3732 sacra
3098 3671 3262 3725 habet
3296 3683 3308 3719 :
3338 3666 3611 3731 Quemad-

2023 3783 2236 3830 modum
2284 3774 2459 3839 ipsum
2508 3764 2876 3821 ascendentem
2924 3763 2978 3814 in
3036 3756 3225 3813 caelum
3272 3751 3502 3814 vidistis,
3535 3746 3612 3800 sic

2023 3861 2190 3913 veniet
2224 3858 2370 3927 (Act.
2413 3870 2452 3919 t,
2489 3851 2602 3917 il).

329 3922 860 4028 £61:Ufl)f6t.1.}§i‘fa
896 3927 1005 4028 ’καὶ
1044 3924 1425 4028 ἀναληφθέντα
1475 3928 1613 4028 μετά
1784 3915 2241 4014 προσλήμματος;
2265 3915 2448 4011 ἢγουν
2470 3915 2607 4007 μετά
2655 3934 2754 4002 τῆς
2804 3925 3212 4000 ὲμψυχωμένης
3256 3920 3404 3992 ψυχῇ
3451 3915 3616 3987 νοερᾷ

330 4027 402 4112 τί
421 4012 516 4063 καὶ
545 4009 739 4108 λογικῇ
769 4011 978 4073 οἰκείας
1021 4010 1187 4107 αὑτοῦ
1237 4014 1462 4105 σαρκός,
1513 4013 1609 4067 καὶ
1642 4000 2125 4091 adimito-zadae);
2175 4000 2482 4095 ἐρχόμενον-
2527 4022 2607 4081 είς
2641 4000 2917 4088 τδίκρῖναι
2972 4013 3182 4075 ζῶντας
3236 4009 3332 4060 καὶ
3360 4000 3611 4071 νεκρούς.

330 4097 517 4156 Ουτως
552 4110 660 4161 γαρ
685 4110 819 4161 φησι
840 4094 900 4145 τὸ
925 4095 1068 4161 ἱερὸν
1091 4096 1270 4161 λόγιον
1287 4111 1302 4127 ·
1333 4097 1696 4161 Ἑλεύσετιιι,
1723 4101 1794 4154 ὃν
1836 4110 2060 4161 τρόπον
2080 4110 2417 4161 ἐθεάσασθε
2433 4104 2621 4158 αὑτὸν
2646 4100 3060 4161 πορευόμενον
3087 4097 3173 4159 είς
3200 4091 3307 4145 τὸν
3330 4086 3611 4155 οὐρανόν.

494 4113 517 4156 ς
552 4095 660 4164 γάρ
685 4110 819 4162 φησι
840 4094 900 4145 τὸ
925 4095 1068 4162 ἱερὸν
1090 4096 1270 4161 λόγιον
1287 4111 1302 4127 ·
1333 4097 1696 4164 Ἑλεύσετιιι,
1723 4101 1794 4154 ὃν
1836 4110 2060 4171 τρόπον
2080 4086 2417 4164 liberie-malls
2433 4104 2621 4158 αὐτὸν
2646 4086 3060 4168 πορευόμενον
3087 4097 3173 4159 είς
3200 4091 3307 4145 τὸν
3330 4086 3613 4155 οὐρανόν.

406 4178 563 4234 οὕτω
593 4178 830 4248 φρονῶν,
864 4178 957 4228 καὶ
989 4178 1319 4245 διομολογῶν
1344 4181 1787 4249 ἀπαρατρέπτως
1826 4187 1927 4256 τὴν

330 4266 390 4319 ὲν
416 4268 479 4335 τῇ
510 4264 770 4335 καθολικῇ
792 4280 851 4315 τε
882 4264 976 4314 καὶ
1008 4262 1340 4332 ἀποστολικῇ
1368 4263 1668 4336 Ἐκκλησία
1701 4267 1924 4337 ἐφιδρυ-

336 4351 505 4419 μένην
542 4366 601 4401 τε
632 4349 725 4402 καὶ
766 4349 1185 4418 κηρυσσομὲνην
1230 4348 1437 4410 πίστιν,
1473 4350 1571 4411 τὰς
1620 4350 1780 4417 ἁγίας
1827 4353 1923 4405 καὶ

332 4436 721 4503 οἰκουμενικὰς
750 4433 891 4485 ἑπτα
926 4431 1175 4495 συνόδους
1226 4431 1588 4502 ἀποδέχομαι.
1646 4433 1759 4504 Τὴν
1821 4436 1921 4505 μὲν

2105 4194 2197 4246 Sic
2220 4193 2404 4260 cogito
2437 4205 2453 4254 ;
2506 4188 2588 4241 sic
2640 4183 3012 4238 inﬂexibiliter
3042 4174 3421 4234 assentiendo,
3456 4170 3614 4222 iidem

2031 4291 2197 4344 super
2224 4256 2496 4327 catholica
2521 4281 2571 4324 et
2604 4266 2900 4337 apostolica
2922 4261 3166 4316 Ecclesia
3190 4256 3546 4312 constitutam
3563 4257 3617 4302 et

2022 4340 2395 4426 prazdicatain,
2415 4363 2472 4408 et
2494 4360 2697 4421 septem
2724 4359 2946 4413 sanctas
2973 4355 3025 4399 et
3050 4340 3421 4397 cecumenicas
3443 4351 3610 4389 verte-

2021 4425 2113 4495 ror
2144 4438 2426 4511 synodos;
2464 4437 2692 4507 primam
2727 4433 2853 4501 quia
2879 4431 3067 4483 Arium
3091 4436 3144 4480 et
3171 4425 3289 4493 ejus
3315 4429 3616 4477 sectatores

335 4520 581 4589 πρώτην,
630 4518 725 4572 ἆτε
758 4519 821 4589 δὴ
874 4520 1115 4589 Ἀρειον,
1162 4518 1254 4569 καὶ
1311 4519 1438 4579 τοὺς
1477 4518 1910 4588 ὁμοφρονοῦντας

2025 4506 2327 4591 eorumque
2359 4506 2781 4574 abominandam
2816 4514 3071 4567 haeresim
3100 4506 3337 4579 perdidit
3368 4522 3383 4575 ;
3418 4518 3617 4558 secun-

335 4603 484 4672 αὑτῷ
520 4604 659 4672 ἅμα,
698 4603 798 4673 τῆς
831 4602 1129 4672 βδελυκτῆς
1158 4600 1339 4655 αὐτῶν
1392 4602 1920 4672 κτισματολατρείας

334 4685 705 4758 διαρῤήξασάν
754 4706 811 4741 τε
867 4690 963 4741 καὶ
992 4687 1325 4740 καθελοῦσαν
1352 4705 1366 4720 ο
1418 4688 1516 4759 τὴν
1543 4688 1600 4739 δὲ
1634 4688 1923 4757 δευτέραν,

337 4773 412 4836 ὼς
447 4773 537 4825 τὶν
576 4772 917 4843 φρενοϐλαὸἧ
956 4772 1291 4825 Μακεδόνιον
1323 4772 1422 4842 τῆς
1452 4772 1924 4842 ὲκκλησιαστικῆς

342 4858 703 4927 χοροστασίας
760 4856 1230 4925 ἑξοστρακίσασάν
1293 4874 1352 4909 τε
1403 4858 1497 4909 καὶ
1557 4855 1919 4924 ἐκτεμοῦσαν,

349 4941 543 5011 ’Δρείῳ
579 4941 966 5011 παραπλησίαν
1024 4941 1121 5009 τὴν
1156 4940 1353 5009 μανίαν
1406 4936 1781 5013 ἐκμεμηνότα.
1832 4942 1921 4993 Ἐν

338 5025 598 5091 κτίσμασι
617 5026 725 5092 γὰρ
752 5024 845 5077 καὶ
873 5020 1025 5088 οὗτος
1061 5024 1120 5076 τὸ
1147 5026 1413 5091 πανάγιον
1452 5027 1545 5077 καὶ
1574 5024 1919 5093 παντουργὸν

334 5107 504 5168 τιθεὶς
531 5107 779 5175 Πνεῦμα,
800 5109 1291 5179 κτισματολατρεῖν
1312 5109 1415 5159 οὐκ
1436 5109 1723 5179 ᾐσχύνετο.
1749 5107 1916 5161 ’Λλλά

334 5205 397 5255 γε
416 5189 479 5259 δὴ
503 5191 595 5242 καὶ
622 5188 722 5261 τὴ)
745 5191 938 5261 τρίτην
962 5191 1292 5262 καθαιρετὴν
1316 5190 1480 5245 οὖσαν
1506 5192 1601 5244 τοῦ
1623 5191 1918 5254 δυσσεϐοῦς

337 5274 663 5367 Νεστορίουί
712 5278 804 5327 καὶ
836 5276 938 5344 τῆς
996 5277 1143 5346 αὐτῷ
1182 5277 1666 5347 καινοποιηοείσης
1699 5277 1922 5329 θεοστυ-

335 5357 465 5424 γοῦς
498 5357 941 5427 δεισιδαιμονίας.
992 5353 1160 5423 Οὗτος
1195 5360 1303 5429 γάρ
1328 5361 1420 5412 τὸν
1443 5359 1764 5429 ἀδιαιρέτως
1822 5359 1920 5412 καὶ

337 5441 461 5494 καθ’
496 5443 793 5495 ὑπόστασιν
846 5443 1116 5495 ἑνωθέντα
1144 5444 1223 5513 τῷ
1251 5443 1370 5514 Θεῷ
1402 5446 1560 5515 Λόγῳ
1587 5443 1769 5497 όλικόν
1822 5446 1918 5498 ἇν-

338 5524 580 5592 θρωπον,
640 5526 932 5596 τολμηρῶς
990 5527 1085 5579 καὶ
1138 5527 1389 5597 ἀφρόνως
1424 5529 1519 5598 τῆς
1569 5527 1759 5596 θεῖκῆς
1823 5527 1919 5579 τοῦ

338 5608 499 5677 λόγου
566 5609 811 5662 διασπῶν
852 5611 1229 5677 ὑποστάσεως,
1288 5612 1695 5665 ἱδιοῦπόστατον
1753 5612 1920 5665 αὑτὸν

337 5693 707 5761 ἐτερατολόγει
728 5710 786 5746 τε
819 5695 912 5746 καὶ
941 5694 1294 5762 ὲφαντάζετο.
1316 5696 1405 5748 Διὸ
1428 5695 1690 5764 καὶψιλὸν
1714 5695 1920 5766 ἅνθρω-

339 5791 439 5827 πον
471 5776 559 5828 τὶν
591 5778 755 5846 σαρκὶ
781 5777 1111 5846 ἐπιφανέντα
1149 5779 1275 5833 Υίὸν
1305 5781 1400 5833 καὶ
1432 5779 1605 5849 Λόγον
1652 5781 1747 5834 τοῦ
1779 5779 1917 5834 Θεοῦ

2031 4610 2180 4670 dam,
2213 4587 2342 4676 quia
2377 4605 2685 4659 dementem
2719 4597 3093 4652 Macedoniuin
3126 4608 3190 4648 ex
3229 4589 3472 4645 Ecclesia
3506 4587 3617 4655 eje-

2029 4692 2127 4756 cit,
2160 4672 2354 4745 eadem
2389 4688 2501 4741 lere
2526 4700 2648 4756 quae
2682 4684 2847 4736 Arius
2869 4687 3060 4733 contra
3086 4676 3244 4729 [idem
3277 4672 3614 4726 molientem.

2030 4778 2088 4833 In
2129 4778 2292 4833 rebus
2330 4776 2476 4830 enim
2515 4773 2717 4828 creatis
2752 4768 3020 4839 Spiritum
3058 4772 3308 4818 sanctum
3347 4768 3400 4814 ct
3433 4759 3617 4813 omni-

2031 4871 2309 4934 potentem
2350 4859 2533 4931 posuit
2570 4855 2892 4912 idololatrize
2924 4851 3281 4920 opprobrium
3327 4844 3619 4899 manifeste

2030 4926 2323 5002 subiemlo.
2350 4926 2480 4997 ’δρα
2527 4940 2741 4993 tertiam
2774 4952 2991 5005 quoque
3022 4932 3276 4987 haeresim
3326 4929 3477 4998 impii
3507 4926 3617 4980 Ne-

2028 5029 2184 5085 storii
2220 5026 2543 5083 fomentavit
2572 5020 3019 5092 superstitionem
3059 5030 3277 5069 novam.
3322 5010 3422 5065 Hic
3466 5013 3615 5065 enim

2028 5114 2307 5170 hominem
2344 5112 2619 5179 integrum
2651 5107 2759 5160 lico
2796 5102 2975 5158 Verbo
3016 5099 3290 5156 indivulse
3327 5105 3381 5153 et
3419 5112 3615 5152 secun-

2025 5198 2155 5250 dum
2180 5194 2519 5264 hypostasim
2542 5192 2752 5244 unitum
2782 5188 3044 5241 audacter
3075 5196 3124 5238 et
3162 5182 3544 5251 imprudenter
3586 5194 3616 5233 a

2024 5280 2192 5333 verbo
2223 5274 2534 5347 hypostasis
2568 5271 2873 5335 avellendo,
2896 5268 3171 5338 propriam
3204 5266 3307 5334 ipsi
3343 5264 3606 5319 substan-

2024 5364 2156 5416 tiam
2179 5360 2563 5414 miraculosam
2589 5356 2813 5421 indidit;
2836 5369 3005 5424 quare
3023 5353 3183 5406 etiam
3212 5350 3405 5403 Filium
3421 5359 3473 5404 et
3496 5349 3600 5403 Ver

2027 5447 2154 5502 hum
2183 5443 2277 5498 Dei
2298 5444 2639 5496 incarnatum
2666 5455 2764 5510 pro
2791 5454 2941 5493 mero
2963 5437 3185 5491 homine
3206 5436 3415 5488 habens
3455 5433 3620 5486 homo

2026 5530 2404 5591 miserrimus,
2431 5535 2679 5582 sanctum
2728 5523 3013 5593 Deiparam
3055 5522 3229 5575 noluit
3266 5536 3364 5590 pro
3390 5518 3618 5589 Deipara

2029 5615 2250 5668 habere.
2285 5612 2573 5677 Quartam,
2612 5610 2740 5679 quia
2785 5606 3141 5678 Eutychetctn
3175 5612 3230 5658 et
3268 5603 3619 5665 Dioscorum,

2021 5705 2077 5751 et
2118 5695 2412 5750 scelestam
2462 5708 2655 5749 eorum
2711 5692 3003 5747 stultitiam
3066 5703 3191 5743 cum
3243 5686 3616 5742 sectatoribus

2023 5778 2541 5836 anathematizavit.
2571 5775 2807 5834 Carnem
2844 5775 2988 5831 enim
3028 5772 3374 5828 Dominicam
3412 5777 3620 5825 nostra:
