4080 6312
524 260 676 344 Ἠ)εὸ

1985 280 2359 344 ADDENDA.

3655 290 3793 354 1024

534 394 862 451 dissimilem
903 376 1032 454 esse
1068 400 1440 468 somniabant,
1497 403 1760 459 unitatem
1817 412 1983 471 porro
2036 409 2096 450 el

2209 391 2526 462 όνειρώξας,
2549 394 2864 460 ἀκολούθως
2921 397 2951 450 ό
2980 395 3292 468 τρισάθλιος
3314 397 3503 453 καλεῖν
3522 401 3620 472 τὴν
3651 421 3788 458 παν-

533 479 746 535 duabus
775 483 989 538 naturis
1018 484 1479 554 proﬁciscentem,
1499 489 1554 543 in
1582 503 1746 543 unam
1781 484 1976 541 deinde
2005 499 2108 538 na-

532 571 715 618 turam
739 564 1055 632 conﬂatam,
1081 572 1330 624 neutrius
1349 571 1663 639 qualitates,
1700 584 1802 626 nec
1844 567 2109 628 divinam.

532 662 637 704 nec
682 647 978 704 humanam
1021 665 1399 710 conservasse.
1443 652 1725 719 Quintam,
1782 651 1909 722 quia
1947 651 2110 720 plane

529 731 857 802 exstirpavit
882 732 1138 804 dogmata
1161 733 1377 790 funesta
1405 745 1459 792 et
1484 737 1537 792 in
1564 737 1850 792 hominum
1881 734 2106 789 exitium

528 823 656 870 nata
699 814 848 883 impii
888 813 1160 879 Nestorii.
1203 819 1294 886 qui
1325 818 1624 875 Ecclesiam
1657 821 1798 874 male
1835 818 2106 888 guberna-

527 897 606 951 vit
640 915 657 963 ;
706 899 830 953 dein
863 899 1136 956 Theodori
1167 900 1531 973 Mopsuestini
1581 919 1690 960 non
1742 902 1940 957 minori
1981 915 2104 956 cum

529 979 810 1050 ίίηρῖθιειιθ
854 984 1100 1053 episcopi
1147 995 1332 1056 partes
1363 988 1578 1056 agentis
1617 1002 1814 1042 vanam
1854 985 2104 1039 haeresim

524 1065 841 1122 eradicavit.
861 1068 984 1122 llzrc
1001 1069 1189 1124 eadem
1208 1072 1451 1142 synodus
1466 1072 1776 1141 Origenem,
1795 1069 2104 1140 Didymum,

525 1149 836 1216 Evagrium,
856 1152 948 1220 qui
978 1153 1376 1224 philosOphiam
1406 1155 1766 1225 graecanicam
1783 1152 2011 1221 amplexi
2049 1151 2101 1203 in

522 1233 824 1303 impietatis
871 1237 1130 1306 abyssum
1176 1239 1554 1303 conciderant,
1593 1235 2098 1292 anathematizavit.

519 1318 736 1376 Gradus
763 1336 998 1390 namque
1048 1321 1379 1386 divinitatis,
1411 1333 1465 1379 et
1500 1322 1806 1378 animarum
1844 1320 2104 1392 pratexsi-

521 1403 775 1456 stentiam
799 1417 1099 1473 earumque
1120 1419 1245 1460 cum
1270 1404 1507 1460 Numine
1533 1405 1885 1461 concordiam
1909 1413 1964 1457 et
1989 1403 2103 1457 dis-

471 1548 482 1552 ,
519 1485 764 1542 cordiam
794 1485 1082 1556 ﬁngentes,
1100 1500 1306 1557 easque
1337 1488 1392 1542 in
1411 1489 1624 1544 diversa
1653 1503 1886 1558 corpora
1917 1497 2103 1541 trans-

520 1577 823 1637 ponentes,
863 1583 1147 1637 pmnarum
1219 1571 1454 1641 denique
1493 1573 1654 1627 linem
1698 1582 1752 1627 et
1792 1572 2098 1629 daemonum

516 1651 879 1707 defectionem
903 1654 1059 1722 quasi
1087 1655 1453 1721 rmninantes,
1475 1657 1620 1709 ultra
1653 1655 1872 1710 modum
1896 1653 2098 1707 fabulis

2213 478 2376 545 αγίαν
2405 479 2685 546 Θεοτόκον,
2716 481 2980 535 Θεοτόκον
3011 484 3240 553 κυρίως,
3271 485 3651 556 άπηρνήσατο,
3675 489 3790 556 Τὴν

2207 561 2264 614 δὲ
2293 563 2582 634 τετάρτην,
2616 564 2692 628 ὡς
2718 565 2811 619 τὸν
2835 565 3071 636 δυστυχῆ
3114 566 3330 636 Εὐτυχῆ
3374 570 3470 621 καὶ
3499 570 3791 640 Διόσκορον

2207 645 2300 699 τὸν
2325 647 2598 719 ἀλάστορα
2625 649 3009 718 διαταράξασαν
3038 653 3130 704 καὶ
3151 651 3628 720 άναθεματίσασαν
3651 655 3792 722 μετὰ

2207 728 2307 796 τῆς
2336 730 2742 804 φαντασιώδους
2791 733 2972 787 αὐτῶν
3006 734 3435 804 φρενοϐλαϐείας
3468 737 3569 788 καὶ
3609 736 3792 804 πάσης

2206 813 2388 866 αὐτῶν
2418 815 2518 884 τῆς
2546 817 2875 887 συμμορίας·
2899 817 2998 887 τὴν
3017 817 3126 888 γάρ
3155 817 3246 872 τοῦ
3271 818 3474 888 Κυρίου
3499 819 3679 888 σάρκα
3710 822 3788 891 μὴ

2207 891 2348 949 εἶναι
2394 898 2528 967 ἡμῖν
2583 899 2870 966 ὁμοούσιον
2927 899 3257 970 ὲληρῲδουν,
3311 901 3428 955 ἀλλ’
3471 902 3537 954 ἐκ
3565 901 3658 955 δύο
3689 904 3788 972 μὲν

2208 979 2426 1046 φύσεων
2457 982 2556 1051 τὴν
2605 982 2805 1036 ἕνωσιν
2841 983 3119 1051 γενέσθαι,
3150 985 3229 1046 εἰς
3257 983 3386 1052 μίαν
3413 985 3471 1038 δὲ
3511 985 3652 1054 μετὰ
3686 986 3790 1054 τὴν

2205 1061 2402 1115 ἕνωσιν
2435 1065 2879 1136 συναναλωθῆναι
2910 1066 3094 1135 φύσιν,
3123 1067 3424 1138 μηδετέρας
3468 1067 3788 1132 άποσώζου-

2207 1161 2309 1198 σαν
2347 1149 2416 1200 τὰ
2457 1149 2742 1219 ἰδιώματα,
2799 1154 2938 1221 μήτε
2989 1155 3088 1223 τῆς
3119 1151 3329 1220 θεῖκῆς,
3366 1155 3502 1223 μήτε
3555 1151 3660 1220 μὴν
3687 1153 3790 1222 τῆς

2205 1229 2576 1302 ἀνθρωπίνης.
2605 1235 2714 1286 Καὶ
2732 1235 2832 1306 τὴν
2855 1235 3114 1307 πέμπτην
3134 1236 3213 1300 δὲ,
3237 1236 3314 1297 ὡς
3340 1237 3682 1306 ἑκτεμοῦσάν
3720 1252 3784 1289 τε

2205 1315 2302 1367 καὶ
2346 1316 2816 1389 άποτεφρώσιισαν
2851 1321 3034 1373 τέλεον
3079 1321 3150 1374 τὰ
3199 1321 3285 1374 ἐπ’
3309 1321 3518 1391 ὀλέθρῳ
3547 1321 3656 1374 τῶν
3688 1337 3787 1387 τεο

2205 1401 2544 1469 γεννηκότων
2570 1403 3038 1474 άναρῤιπιζόμενα
3071 1405 3242 1474 μιαρὰ
3283 1404 3535 1473 δόγματά
3591 1421 3650 1457 τε
3685 1406 3784 1457 καὶ

2204 1486 2464 1555 κυήματα
2486 1487 2580 1540 τοῦ
2617 1489 2912 1554 δυσσεϐοῦς
2939 1490 3236 1555 Νεπορίου
3257 1490 3350 1544 τοῦ
3377 1491 3478 1559 τῆς
3512 1489 3786 1559 βασιλίδος

2203 1569 2378 1632 ἀθέως
2438 1571 2891 1644 ίεραρχήσαντοε,
2919 1574 3014 1626 καὶ
3047 1572 3326 1644 Θεοδώρου
3380 1573 3476 1628 τοῦ
3517 1573 3784 1643 Μομψου-

2203 1653 2388 1716 εστίας
2437 1653 2741 1724 ἀθεώτερον
2791 1657 3286 1726 ὲπισκοπήσαντος,
3345 1656 3544 1718 αὐτούς
3594 1673 3653 1710 τε
3685 1654 3784 1710 καὶ
3853 1714 3858 1718 _

515 1743 571 1790 et
603 1736 860 1791 inanibus
891 1737 1238 1792 sermonibus
1272 1753 1393 1792 sese
1422 1738 1714 1793 dederunt.
1748 1737 1852 1791 Sed
1888 1747 2095 1790 sextam

2202 1735 2413 1800 πάντας
2437 1737 2562 1799 τούς
2593 1738 2691 1807 τὴν
2720 1739 2891 1806 αὐτὴν
2925 1740 3108 1803 αὐτοῖς
3135 1739 3605 1810 μεταιοφροσύνην
3625 1742 3783 1794 ἐκνο-

515 1833 735 1888 quoque
767 1819 1184 1890 proliteor,qu:e
1219 1820 1522 1875 Honorium
1543 1829 1596 1875 et
1615 1822 1857 1875 asseclas
1882 1821 2025 1890 ejus,
2043 1828 2098 1874 et

515 1901 768 1972 Sergium
787 1902 1192 1974 Macariumque
1213 1905 1602 1959 miraculorum
1628 1907 1827 1960 stultos
1851 1908 2094 1961 eultores

513 1997 680 2056 atque
712 2004 808 2045 eos
840 1990 934 2058 qui
970 1990 1187 2044 illorum
1207 1991 1542 2062 impietatem
1572 1993 1704 2047 totis
1725 1993 1882 2046 labiis
1901 2001 2092 2062 gusta-

512 2072 1146 2134 runt,interemit.Unam
1164 2075 1307 2129 enim
1332 2075 1661 2129 voluntatem
1676 2083 1728 2129 et
1747 2091 1909 2129 unam
1930 2077 2092 2130 actio-

512 2172 634 2211 nem
659 2157 879 2211 Christo
904 2157 1011 2211 Deo
1035 2165 1225 2212 nostro
1242 2159 1335 2228 qui
1362 2160 1623 2214 eduabus
1639 2163 1854 2215 naturis
1884 2158 2089 2213 inflexi-

511 2239 718 2294 bilibus
769 2240 993 2310 prodiit,
1023 2241 1163 2296 mala
1200 2251 1382 2297 mente
1423 2243 1515 2298 isti
1557 2243 1660 2298 viri
1694 2243 2093 2297 nefandiattri-

511 2323 768 2378 buerunt.
790 2325 944 2379 Addo
964 2327 1130 2379 etiam
1172 2328 1470 2381 secundam
1524 2335 1773 2382 sanetam
1810 2326 2084 2382 Nicmnam

513 2409 784 2477 synodum
816 2422 938 2475 quae
983 2407 1400 2474 lconomachos,
1435 2408 1486 2463 id
1514 2418 1595 2463 est
1629 2408 2084 2466 Christomachos

511 2490 786 2561 depressit
829 2501 883 2546 et
931 2491 1255 2546 eorumdetn
1291 2495 1760 2548 manicbzrismum
1791 2494 2077 2549 exstinxit.

509 2572 723 2628 Domini
751 2576 802 2630 hi
825 2576 998 2632 nostri
1018 2576 1177 2631 nobis
1196 2577 1666 2634 consubstantiale
1684 2591 1934 2632 sanctum
1957 2593 2084 2634 cor-

507 2674 612 2729 pus
663 2664 886 2730 pingere
934 2663 1390 2725 extimescebant,
1416 2678 1651 2733 emnque
1677 2662 1924 2731 ejusdem
1951 2678 2077 2718 cum

2203 1820 2270 1888 σή
2281 1837 2497 1884 σαντας.
2523 1820 2598 1873 Οὐ
2635 1821 2743 1891 μὴν
2772 1822 2910 1876 ἀλλά
2930 1839 2991 1890 γε
3014 1824 3077 1892 δὴ
3106 1825 3198 1877 καὶ
3223 1824 3299 1886 ὡς
3318 1824 3694 1892 διασπάσαιξάν
3723 1840 3785 1876 τε

2199 1903 2295 1955 καὶ
2331 1902 2696 1974 ὲκθερίσασαν
2734 1906 3036 1976 Ὦριγένην,
3092 1907 3348 1976 Δίδυμον,
3395 1907 3663 1976 Εὐάγριον
3694 1910 3784 1961 ἑλ-

2195 1985 2486 2057 ληνόφρονι
2516 1988 2784 2058 λογισμῷ,
2815 1992 2911 2042 καὶ
2938 1991 3186 2059 ἀσυνέτῳ
3218 1990 3412 2061 γνώμῃ
3439 1994 3519 2054 είς
3546 1993 3778 2062 ἔσχατον

2198 2067 2359 2138 βυθὸν
2387 2070 2681 2142 ἀθεότητος
2731 2073 3190 2142 ὲμπεπτωκότας.
3223 2074 3476 2143 Βαθμούς
3529 2075 3640 2144 γάρ
3679 2081 3776 2128 καὶ

2194 2152 2490 2218 ὐποϐάσεις
2523 2154 2776 2225 θεότητος
2804 2157 3235 2219 άναπλάσαντες,
3265 2158 3361 2210 καὶ
3408 2158 3602 2227 ψυχῶν
3635 2175 3775 2228 προ-

2191 2235 2499 2308 ῦπάρξεις,
2558 2239 2653 2292 καὶ
2701 2240 2801 2308 τῆς
2851 2241 2988 2309 πρὸς
3032 2241 3093 2292 τδ
3149 2240 3303 2293 Θεῖον
3333 2241 3512 2294 αὐτῶν
3539 2241 3775 2303 νεύσεως

2189 2323 2490 2395 άποῤῥοίας
2512 2341 2571 2377 τε
2598 2325 2694 2377 καὶ
2719 2325 3073 2387 άποτιτώσεις
3100 2325 3158 2377 ἐν
3189 2325 3404 2388 ἑαυτοῖς
3431 2326 3777 2396 ὑποστήσανο

2187 2424 2299 2468 τες,
2331 2408 2412 2470 είς
2442 2407 2674 2477 διάφορά
2725 2425 2785 2461 τε
2833 2409 2928 2461 καὶ
2958 2409 3210 2479 πολυειδῆ
3238 2410 3470 2478 σώματα
3507 2409 3773 2478 μεταγγί-

2190 2490 2377 2556 ζοντες
2435 2490 2642 2553 ταύτας
2678 2493 2771 2545 καὶ
2810 2492 3259 2559 μεταϐάλλοντες,
3295 2492 3392 2546 καὶ
3434 2491 3586 2557 τέλος
3614 2493 3779 2545 κολά-

2189 2591 2329 2627 σεων
2363 2575 2459 2627 καὶ
2487 2573 2761 2644 δαιμόνων
2797 2574 3340 2637 άποκατάστασιν,τὺ
3361 2574 3427 2646 δὴ
3455 2573 3774 2644 λεγόμενον,

2185 2657 2294 2732 άπῤ
2315 2656 2523 2720 κοιλίας
2551 2657 2574 2708 ὲ
2583 2656 2928 2726 ρευγόμενοι,
2947 2657 3336 2728 άθυροστόμως
3357 2657 3775 2726 ἐμυθολόγησαν

508 2743 668 2797 nobis
697 2744 1018 2798 substantia:
1045 2759 1167 2798 esse
1199 2752 1482 2812 negantes.
1514 2745 1622 2799 llas
1655 2747 1822 2813 igitur
1869 2755 2076 2815 septem

2200 2741 2275 2794 ιαὶ
2328 2739 2748 2812 ὲρῤαψῷδησαν.
2790 2739 2952 2794 ’Λλλὰ
2975 2741 3070 2793 καὶ
3095 2738 3196 2809 τὴν
3225 2739 3416 2809 ἕκτην,
3440 2740 3516 2803 ὡς
3539 2741 3774 2813 άπορῤίο

507 2836 728 2882 sanctas
759 2836 813 2881 et
855 2828 1226 2882 (ecutnenieas
1273 2828 1514 2897 synodos
1556 2844 1812 2892 veneror,
1855 2829 2081 2885 anathe-

2200 2825 2365 2894 μασάν
2415 2843 2473 2879 τε
2504 2823 2599 2877 καὶ
2655 2825 3091 2878 κατασπάσασαν
3123 2824 3249 2887 τοὺς
3295 2824 3441 2894 ἀμφὶ
3488 2823 3768 2896 Ὀνὼριον,

505 2909 775 2964 matizans
835 2926 931 2963 eos
961 2899 1057 2978 qui
1093 2909 1161 2963 ab
1217 2910 1352 2978 ipsis
1392 2911 1839 2964 anathematizati
1897 2921 2023 2965 sunt
2060 2929 2076 2978 ;

2200 2913 2272 2965 ιαὶ
2294 2912 2540 2982 Σέργιον,
2576 2911 2672 2964 καλ⁵
2711 2911 3023 2983 Μακάριον,
3072 2911 3201 2974 τοὺς
3231 2909 3625 2979 τερατολόγους
3670 2920 3775 2972 καὶ

504 2995 840 3061 αιιιρξθειθιιε
856 3000 910 3044 et
935 2993 1220 3048 celebrans
1239 3009 1334 3047 eos
1359 3009 1496 3062 quos
1529 2994 1632 3048 illa:
1668 2995 2071 3052 collamlarunt.

2200 2996 2538 3066 παράφρονας
2566 2996 2684 3066 ἅμα
2717 2996 2921 3062 αὐτοῖς,
2955 2997 3050 3049 καὶ
3080 2995 3209 3058 τοὺς
3246 2995 3347 3064 τὴν
3376 2995 3559 3049 αὐτῶν
3576 2997 3768 3049 δυσσέ-

503 3076 658 3130 ϐειαν
697 3075 951 3144 ἀκρατῶς
973 3076 1499 3146 ἑναπομαξαμένους
1529 3078 1667 3145 μετά
1713 3077 1812 3146 τῆς
1850 3077 2086 3145 ἐκφύλου
2125 3079 2222 3131 καὶ
2262 3078 2550 3130 ἀλλοκότου
2592 3078 2770 3130 αὐτῶν
2809 3077 3301 3149 πλασματολογίαςο
3327 3078 3386 3132 ἓν
3417 3080 3525 3148 γάρ
3556 3078 3771 3149 θέλημα

505 3160 596 3212 καὶ
637 3160 765 3228 μίαν
799 3159 1076 3230 ἐνέργειαν
1103 3158 1180 3227 τῷ
1210 3161 1274 3212 ὲκ
1316 3158 1408 3211 δύο
1437 3160 1875 3230 ἁπαρατρέπτων
1917 3161 2130 3229 φύσεων
2173 3161 2428 3228 πεφυκότι
2458 3160 2678 3231 Χριστῷ
2725 3160 2803 3231 τῷ
2849 3161 2967 3232 Θεῷ
3021 3161 3178 3232 ἡμῶν
3219 3161 3404 3224 κακῶς
3449 3163 3497 3215 oi
3540 3161 3769 3215 δείλαιοι

502 3242 896 3311 ἐπεγράφοντο.
953 3243 1072 3295 Ἔτι
1106 3241 1161 3295 δὲ
1193 3244 1285 3295 καὶ
1311 3244 1410 3312 τὴν
1443 3246 1501 3296 ὲν
1531 3243 1736 3312 Νικαία
1756 3242 1817 3294 τὸ
1850 3243 2101 3314 δεύτερον
2136 3246 2286 3315 ἱεράν
2320 3247 2414 3298 καὶ
2447 3245 2694 3316 μεγάλην
2729 3245 2947 3299 σύνοδον
2974 3248 3101 3310 τοὺς
3130 3247 3530 3316 Είκονομάχους
3554 3247 3650 3300 καὶ
3677 3243 3772 3299 διὰ

498 3324 659 3378 τοῦτο
697 3325 1110 3394 Χριστομάχους
1152 3327 1247 3378 καὶ
1295 3325 1765 3393 άγιοκατηγόρους
1810 3326 2330 3379 ἁποσκυϐαλίσασάν
2382 3343 2442 3378 τε
2490 3329 2586 3380 καὶ
2639 3326 3078 3391 καταϐαλοῦσαν,
3103 3328 3201 3381 σὺν
3229 3327 3413 3392 αὐτοῖς
3441 3327 3499 3382 δὲ
3541 3327 3638 3381 καὶ
3665 3329 3767 3399 τὴν

502 3408 798 3478 βδελυκτὴν
848 3410 942 3462 καὶ
985 3409 1334 3480 Μανιχαῖκὴν
1364 3410 1544 3462 αὐτῶν
1602 3411 1839 3480 αἵρεσιν.
1870 3411 1943 3462 Τδ
1967 3409 2075 3479 γάρ
2104 3408 2197 3461 τοῦ
2227 3407 2433 3476 Κυρίου
2467 3408 2625 3477 ἡμῶν
2662 3407 2835 3478 Ἰησοῦ
2869 3409 3106 3478 Χριστοῦ
3135 3410 3422 3479 όμοούσιον
3447 3411 3577 3479 ἡμῖν
3606 3409 3766 3478 ἅγιον

502 3491 663 3560 σῶμα
702 3493 936 3560 γράφειν
972 3492 1256 3556 εἰκονικῶς
1290 3493 1679 3561 ἐμυσάττοντο·
1709 3493 1770 3544 τὸ
1794 3493 2071 3561 ἄγραπτον
2096 3490 2190 3542 καὶ
2222 3490 2596 3560 περίγραπτον
2624 3490 2790 3544 αὐτοῦ
2811 3491 3336 3560 καταϐακχεύοντες,
3368 3493 3463 3545 καὶ
3491 3493 3579 3547 διά
3609 3493 3768 3552 τοῦτο

504 3573 597 3648 μὴ¹
625 3569 765 3628 εἶναι
799 3575 931 3645 ἡμῖν
961 3575 1248 3644 όμοούσιον
1295 3575 1541 3646 μανικῶς
1585 3575 2068 3645 συμπεραίνοντες.
2106 3574 2321 3636 Ταύτας
2373 3573 2466 3627 οὖν
2493 3575 2590 3638 τὰς
2621 3575 2780 3642 ἁγίας
2809 3575 2904 3628 καὶ
2930 3577 3314 3646 οἰκουμενικάς
3339 3577 3479 3631 ἑπτά
3509 3581 3766 3654 συνόδους

497 3646 850 3728 ἀποδέχομαι,
893 3657 1306 3726 άναθεματίζων
1355 3659 1473 3727 μὲν,
1505 3656 1597 3721 οὓς
1628 3659 2044 3726 ἀνεθεμάτισαν,
2075 3655 2560 3733 κατασπαζόμενος
2611 3657 2668 3710 δὲ
2723 3658 2817 3711 καὶ
2848 3657 3184 3727 μεγαλύνων,
3224 3658 3316 3722 οὒς
3366 3646 3768 3735 ἐπευφήμησαν

574 3739 698 3794 llaec
734 3753 817 3794 est
857 3757 975 3794 mea
1008 3741 1128 3794 fidei
1164 3751 1218 3796 et
1254 3757 1443 3795 eorum
1480 3741 1571 3811 qui
1601 3756 1666 3795 eo
1703 3751 1950 3809 spectant
1983 3741 2078 3794 de-

2251 3741 2401 3810 Αὕτη
2459 3743 2618 3812 μουή
2671 3742 2772 3811 τῆς
2837 3747 3095 3807 πίστεως,
3140 3746 3233 3797 καὶ
3289 3747 3395 3799 τῶν
3438 3749 3518 3809 είς
3553 3751 3764 3820 ταύτην

498 3827 752 3886 claratio,
806 3833 860 3879 et
893 3827 947 3880 in
979 3841 1043 3880 ea
1085 3842 1213 3895 spes
1247 3827 1462 3888 nititur,
1515 3841 1625 3878 non
1663 3826 1798 3878 mihi
1827 3827 1954 3884 soli.
1986 3825 2082 3879 sed

2200 3827 2516 3895 ινηκόντων,
2543 3829 2638 3881 καὶ
2680 3828 2808 3898 περὶ
2848 3829 3018 3900 αὐτὴν
3055 3830 3441 3908 ὑφισταμένων
3474 3835 3760 3903 ὁμολογία,

497 3909 757 3963 omnibus
783 3910 987 3980 quibus
1010 3911 1185 3979 pietas
1208 3910 1360 3962 cordi
1393 3920 1498 3972 esu,
1534 3917 1588 3962 et
1625 3925 1776 3978 ραι-ιιι
1811 3911 2074 3963 Christia-

2200 3909 2276 3960 ιαὶ
2318 3910 2375 3961 ὲν
2399 3910 2571 3981 ταύτῃ
2601 3912 2632 3979 ἡ
2666 3911 2841 3976 ἐλπὶς,
2875 3913 2976 3965 οὐκ
3010 3913 3134 3980 ἐμοὶ
3186 3909 3459 3984 δὲίμόνον,
3494 3915 3628 3970 ἀλλὰ
3659 3920 3762 3974 καὶ

497 4007 692 4048 norum
721 3992 842 4045 fidei
886 4007 1042 4045 amor
1070 3993 1288 4046 insitus.
1330 3993 1480 4045 llanc
1518 3993 1681 4062 igitur
1716 3992 1837 4046 fidei
1869 3991 2081 4062 profes-

2200 3993 2348 4043 τάσιν
2377 3993 2520 4056 ὅσοις
2547 3994 2792 4047 εὐσεϐεῖν
2823 3994 3209 4065 μεμελέτηται,
3251 3998 3347 4050 καὶ
3375 3997 3476 4068 τῆς
3510 3999 3760 4072 καθαρᾶς

496 4077 709 4132 sionem
742 4091 906 4130 manu
945 4092 1063 4130 mea
1116 4076 1377 4145 scriptam
1411 4075 1690 4130 sanctitati
1732 4087 1920 4130 vestra:
1951 4077 2078 4128 mit-

2200 4075 2272 4127 ιαὶ
2301 4075 2594 4147 άκιϐδήλου
2645 4077 2803 4146 δόξης
2852 4077 2961 4130 τῶν
3018 4079 3363 4148 Χριστιανῶν
3419 4080 3562 4144 θεῖος
3617 4084 3759 4156 ἔρως

496 4168 692 4224 tentes,
744 4176 1052 4230 precamur,
1102 4160 1170 4213 de
1201 4175 1372 4223 more,
1425 4166 1484 4212 ut
1525 4174 1720 4229 preces
1763 4175 1860 4228 pro
1918 4159 2078 4215 nobis

2200 4159 2567 4228 ιροσπέφυκεν
2590 4158 2830 4230 ἔχεσθαι.
2857 4158 3074 4230 Ταύτην
3100 4157 3194 4214 οὖν
3231 4162 3387 4232 ήμῶν
3415 4166 3515 4237 τὴν
3547 4165 3756 4237 ἐγγρα-

495 4242 738 4298 faeiatis.
770 4243 862 4298 Sic
893 4245 1038 4297 enim
1074 4243 1245 4298 Deum
1279 4243 1574 4312 propitium
1607 4242 1894 4297 faciemus.
1933 4253 1986 4296 ct
2014 4251 2076 4296 ut

2200 4260 2275 4304 ρον
2305 4243 2404 4313 τῆς
2453 4244 2692 4306 πίστεως
2746 4244 3042 4314 ὁμολογίαν
3092 4246 3518 4319 ὑποστήσαντες,
3568 4254 3660 4307 καί
3686 4257 3754 4324 τῇ

493 4344 710 4384 omnem
755 4327 1138 4383 scandalorum
1189 4329 1528 4392 radicem,et
1569 4344 1784 4382 omnem
1837 4327 2069 4395 lapidem

2200 4325 2332 4396 ιμῶν
2362 4327 2607 4398 πανιέρῳ
2656 4329 2890 4400 ἱερότητι
2921 4330 2989 4383 τά
3034 4331 3158 4384 καθ’
3181 4333 3326 4402 ἡμᾶς
3369 4333 3446 4399 ὡς
3475 4337 3534 4389 ἐν
3564 4337 3756 4392 πίνακι

493 4426 605 4482 quo
643 4411 841 4466 offendi
874 4411 1150 4481 possimus
1178 4411 1412 4480 rejiciat.
1435 4411 1510 4465 lta
1541 4410 1724 4466 fideles
1751 4410 2068 4464 felicissime

2207 4411 2628 4480 ιαχαράττοντες
2655 4413 2768 4476 τοῖς
2805 4413 2985 4480 λόγοις
3011 4415 3495 4486 ἀνιστορήσαντες,
3525 4420 3661 4491 ὅπερ
3687 4423 3753 4492 δὴ

493 4503 840 4565 pascentur;
899 4495 979 4548 sic
1017 4510 1118 4549 nos
1161 4495 1264 4564 ipsi
1318 4504 1668 4564 peccatorum
1718 4492 2067 4545 multitudine

2200 4492 2425 4545 πολλάκις
2441 4493 2786 4564 ᾐτησάμεθα,
2805 4494 2911 4547 τῶν
2933 4495 3212 4568 ὐμετέρων
3238 4499 3564 4569 ὲπιδεόμεθα
3581 4519 3753 4574 προσ-

491 4593 602 4632 non
637 4577 997 4648 impedietnur
1021 4579 1153 4643 quin
1188 4578 1242 4631 in
1275 4579 1494 4631 virtutis
1524 4578 1715 4630 semita
1742 4574 2064 4645 progredia-

2200 4576 2358 4645 υχῶν,
2388 4575 2517 4628 Θεὸν
2547 4575 2648 4645 μὲν
2681 4576 2836 4630 ἵλεων
2879 4581 2970 4632 καὶ
2997 4580 3197 4650 εὐμενῆ
3222 4583 3307 4652 ἐφ’
3336 4579 3418 4646 οἷς
3439 4601 3499 4638 τε
3516 4587 3754 4656 πράττο-

493 4678 636 4716 mur.
667 4661 881 4716 Utinam
910 4678 1011 4734 ego
1037 4678 1253 4734 semper
1269 4661 1466 4716 faciant
1493 4662 1736 4714 etdicam
1766 4676 1888 4727 quae
1915 4675 2062 4712 sana!

2200 4661 2386 4724 .εν,καὶ
2406 4661 2841 4732 διεπραξάμεθα,
2868 4664 3016 4734 ἡμᾶς
3035 4666 3560 4735 ὲφευρεῖν.πάσανδὲ
3584 4686 3756 4725 σκαν-

489 4749 754 4803 doctrina:
789 4757 915 4803 sunt
945 4767 960 4815 ;
1016 4750 1222 4803 utinam
1267 4748 1341 4802 illi
1377 4763 1436 4802 se
1470 4747 1536 4801 ad
1571 4747 1801 4801 salutem
1839 4748 2059 4815 perduci

2200 4745 2337 4796 άλων
2371 4747 2527 4814 ῥίζαν
2578 4747 2673 4798 καὶ
2724 4746 2934 4816 πέτραν
2984 4750 3408 4821 προσκόμματος
3462 4755 3526 4806 ὲκ
3573 4756 3752 4809 ποδῶν

489 4833 694 4894 sinant.
713 4832 1066 4903 Christoque,
1089 4833 1180 4901 qui
1214 4833 1457 4886 omnimn
1490 4837 1575 4885 est
1601 4838 1785 4895 caput,
1815 4828 2062 4881 studiose

2201 4824 2509 4893 εγενημένα
2557 4827 2654 4894 τῆς
2701 4824 3166 4897 ὲκκλησιαστικῆς
3191 4829 3447 4894 εὐταξίας
3468 4832 3711 4904 καθορᾷν
3732 4853 3750 4869 ·

487 4916 799 4970 adlimreant
830 4932 846 4982 ;
881 4917 966 4970 cui
995 4917 1167 4986 gloria
1183 4925 1235 4969 et
1257 4913 1522 4969 fortitudo
1553 4911 1713 4967 simul
1741 4924 1863 4964 cum
1902 4911 2060 4965 Patre

2200 4905 2547 4976 λοιμαίνεσθαί
2575 4923 2635 4958 τε
2661 4907 2838 4973 καλῶς
2862 4909 2924 4962 τὸ
2946 4909 3206 4978 ὑπήκοον,
3239 4911 3315 4982 μὴ
3330 4912 3406 4982 τῷ
3424 4914 3617 4986 πλήθει
3640 4917 3752 4971 τῶν

485 5011 539 5054 cl
574 4999 778 5068 Spiritui
823 5010 1038 5066 sanelo,
1075 4999 1329 5053 Trinitati
1373 4996 1830 5054 consubstantiali
1872 5037 1888 5061 ,
1935 4995 2096 5070 vitm_

2200 4992 2440 5062 μετέρων
2469 4991 2884 5062 ἁμαρτημάτων
2916 4993 3013 5063 τὴν
3044 4994 3267 5046 ἐκείνων
3292 4997 3379 5049 ἐπ’
3399 4998 3590 5069 ἀγαθῷ
3612 5019 3751 5070 προ-

487 5063 646 5145 fonti.
663 5099 805 5136 nunc
825 5092 878 5137 et
899 5063 1114 5153 semper
1133 5093 1184 5136 et
1203 5085 1253 5136 in
1279 5084 1477 5137 szecula
1497 5081 2046 5136 sa'culorumAmen.
2077 5063 2096 5123 Ῑ

2200 5075 2329 5145 οπὴν
2350 5074 2770 5138 ἀνακόπτεσθαι,
2806 5075 2882 5137 ὡς
2910 5074 3159 5129 ἐντεῦθεν
3183 5081 3314 5147 ἡμῖν
3348 5063 3750 5138 πολλαπλάσιον

496 5167 545 5220 εδ
573 5167 875 5236 ἁμάρτημα
897 5165 1364 5237 καταγράφεσθαι.
1384 5166 1645 5236 Ἀλλ-ἐἵην
1677 5167 1776 5234 μὲν
1797 5165 1978 5227 αὐτοῖς
2005 5162 2179 5230 ἔγωγε
2199 5161 2289 5212 καὶ
2307 5157 2495 5252 ποιῶν,
2518 5159 2610 5252 καὶ
2631 5156 2803 5224 λέγων
2821 5160 2877 5252 ὲν
2891 5157 3206 5252 διδασκαλία
3229 5162 3296 5214 τά
3318 5163 3526 5252 δέοντα,
3553 5168 3746 5236 εἴησαν

481 5250 537 5304 δὲ
567 5251 658 5304 καὶ
688 5252 839 5302 αὐτοὶ
858 5249 1123 5312 εὐπειθῶς
1148 5266 1206 5302 τε
1234 5249 1326 5301 καὶ
1345 5247 1572 5318 εὐηνίως
1595 5247 1728 5315 πρὸς
1757 5246 1856 5318 τὴν
1886 5245 2090 5299 ἑαυτῶν
2118 5240 2389 5312 σωτηρίαν
2411 5240 2758 5309 ἀναγόμενοι,
2781 5242 2873 5292 καὶ
2902 5242 3122 5312 Χριστῷ
3160 5247 3225 5314 τῇ
3274 5240 3507 5298 πάντων’
3532 5248 3745 5318 κεφαλῇ

483 5332 777 5402 προσφυῶς
806 5329 1384 5402 συναρμολογούμενοι.
1416 5332 1480 5400 τῇ
1509 5327 1673 5381 αὐτοῦ
1700 5326 2074 5396 ςιλανθρωπίξι
2102 5329 2193 5378 καὶ
2213 5326 2558 5396 χρηστότητι.
2593 5319 2661 5395 *ῼ
2688 5325 2719 5394 ἠ
2749 5323 2873 5389 δόξα
2903 5326 2996 5378 καὶ
3025 5327 3084 5380 τὸ
3114 5331 3311 5398 κράτος
3335 5330 3452 5399 ἅμα
3476 5330 3552 5400 τῷ
3574 5331 3749 5401 Πατρὶ

483 5419 576 5471 καὶ
603 5417 680 5490 τῷ
707 5415 846 5488 ἁγίῳ
864 5414 1158 5488 υνεύμαει,
1182 5417 1249 5486 τῇ
1273 5415 1550 5486 ξωαρχικῇ
1582 5415 1673 5465 καὶ
1693 5409 2173 5483 ὁμοουσίῳΤριάδι,
2199 5410 2293 5464 νῦν
2318 5410 2412 5464 καὶ
2434 5408 2543 5474 ἀεὶ,
2573 5410 2667 5462 καὶ
2688 5410 2764 5471 είς
2785 5410 2910 5474 τούς
2946 5412 3144 5474 αίςῦνας
3165 5412 3271 5466 τῶν
3299 5411 3528 5469 αἰώνων.
3545 5413 3745 5486 Ἀμήν.

1489 5531 1686 5591 FlNlS‘
1726 5531 1908 5591 ΤΟΜΙ
1949 5529 2354 5594 CENTESlM-I
2378 5527 2736 5588 ’SECUNDI.

2555 5632 2806 5689 Parisiis.
2844 5659 2906 5675 -
2931 5637 3008 5689 Ex
3043 5638 3184 5707 typis
3214 5635 3446 5694 MIGNE.

2058 5747 2146 5817 ε
