4110 6448
493 293 560 353 ts
1306 320 1313 327 ι
1780 298 2123 355 smmum
2164 284 2453 354 ABBATIS
3667 306 3737 360 ιδ

496 433 1802 465 μ-----------------έ-

1813 443 3731 478 W

1622 571 2012 650 VERSUS
2088 571 2604 649 SMABAGDI

1283 762 1545 810 ABBATIS
1589 765 1977 811 HONASTERII
2028 766 2082 810 Ss
2127 764 2472 811 MICHAELIS
2513 766 2935 811 ABCHANGELI.

545 966 807 1045 ‘Quisquis
836 978 986 1028 amas
1015 974 1219 1045 typicos
1241 970 1386 1041 legis
1415 989 1739 1044 cognoscere
1764 989 1955 1030 sensus

553 1063 861 1133 Vitalesque
883 1064 1034 1134 cupis
1055 1065 1334 1119 doctorum
1359 1079 1586 1133 carpere
1618 1064 1846 1129 fructus,

537 1155 710 1210 'lstius
732 1156 935 1227 egregii
964 1156 1228 1211 calamum
1252 1157 1502 1226 perquire
1531 1155 1717 1221 libelli,

549 1245 771 1303 Discute
797 1248 1077 1317 paginulas
1115 1248 1285 1303 solers
1310 1255 1365 1303 et
1390 1257 1568 1304 mente
1602 1243 1779 1318 sagaci

456 1351 465 1361 ·
548 1336 688 1402 Quid
719 1346 900 1393 teneat
928 1339 1164 1409 typicum
1191 1338 1403 1394 sublato
1431 1338 1666 1409 tegmine
1685 1338 1853 1392 disce.

549 1425 751 1482 Pabula
781 1426 886 1482 fert
919 1428 1113 1482 animm
1139 1428 1305 1483 verbo
1330 1429 1545 1483 condita
1573 1428 1784 1492 salutis,

550 1516 724 1571 Pollet
753 1524 806 1571 et
827 1517 881 1571 in
908 1517 1084 1572 sacris
1114 1517 1339 1571 nimium
1369 1516 1668 1588 typicisque
1688 1515 1898 1587 ﬁguris,

550 1606 814 1665 Sensibus
832 1604 1032 1674 elucet,
1067 1608 1190 1664 laeto
1220 1625 1470 1665 sermone
1493 1608 1713 1664 nitescit

547 1696 769 1770 Argenti
804 1700 1004 1755 nitidos
1028 1700 1284 1757 distincto
1317 1700 1488 1755 limite
1514 1716 1754 1772 campos,

550 1791 619 1846 Et
644 1792 872 1848 nimium
896 1794 1147 1863 gravidos
1178 1794 1360 1850 divino
1383 1808 1607 1850 munere
1630 1802 1856 1850 cunctos

544 1881 748 1939 Ordine
776 1882 1055 1939 multidico
1081 1899 1375 1954 conspersa
1398 1885 1604 1940 semine
1631 1893 1816 1938 vatum

547 1973 798 2029 Continet
819 1975 875 2029 in
904 1976 1113 2046 gremio
1134 1976 1373 2047 digestos
1406 1977 1507 2032 iste
1537 1976 1766 2032 libellus.

547 2062 728 2120 Aurea
757 2065 825 2120 de
852 2080 1083 2135 quorum
1110 2068 1327 2138 proprio
1356 2066 1552 2123 sudore
1578 2070 1750 2123 recisa

550 2154 716 2219 Rure,
746 2154 959 2211 favente
983 2157 1115 2221 Deo,
1154 2155 1341 2211 Patres
1370 2165 1585 2213 traxere
1615 2156 1857 2219 metalla,

545 2246 586 2299 A
625 2247 822 2316 quibus
849 2248 1097 2315 eximios,
1130 2249 1228 2303 niti
1249 2248 1299 2303 lo
1327 2263 1577 2305 sermone
1608 2249 1863 2320 repletos,

2084 978 2137 1038 Α
2224 966 2362 1028 Sum
2397 974 2616 1044 proprio
2647 972 2797 1029 nisus
2818 972 3034 1028 modulo
3057 986 3382 1045 componere
3405 974 3588 1033 libros.

2238 1063 2314 1118 Ex
2333 1063 2528 1132 quibus
2542 1064 2687 1117 hunc
2706 1064 3146 1120 modicumsacro
3162 1064 3488 1121 charismate
3499 1067 3737 1137 plenum,

2233 1152 2535 1223 lnSpirante
2560 1152 2691 1216 Deo,
2719 1151 2864 1206 volui
2888 1152 3214 1223 conjungere
3238 1155 3455 1211 librum.

2234 1240 2337 1308 Qui
2375 1240 2505 1294 mihi
2540 1240 2823 1310 perspicue
2848 1240 3123 1297 dimorans
3149 1242 3414 1314 Dindyma
3446 1245 3578 1317 legis

2235 1330 2363 1398 Qua:
2390 1339 2536 1386 tenet
2564 1330 2616 1385 in
2640 1331 2810 1386 sacris
2838 1338 3102 1387 monstret
3126 1334 3326 1389 nudata
3349 1328 3555 1405 ﬁguris,

2234 1423 2425 1477 Abdita
2451 1422 2543 1491 qui
2570 1429 2796 1485 reseret,
2827 1436 2927 1477 nec
2950 1438 3059 1478 non
3090 1424 3181 1494 qui
3212 1425 3438 1494 mystica
3463 1424 3683 1495 pandat.

2235 1512 2448 1569 Profert
2471 1514 2524 1568 in
2559 1512 2796 1569 medium
2823 1528 2981 1568 sacro
3007 1529 3132 1570 cum
3164 1515 3414 1586 dogmate
3441 1526 3634 1573 cuncta

2236 1603 2365 1671 Quae
2389 1604 2595 1659 latuere
2617 1603 2708 1658 diu
2733 1620 2878 1661 οωοο
2902 1607 3001 1662 sub
3029 1607 3263 1679 tegmine
3291 1607 3491 1664 clausa.

2238 1696 2340 1763 Qui
2376 1695 2569 1751 rutilus
2594 1710 2795 1751 nocuas
2819 1695 2983 1766 pellat
3008 1698 3076 1753 de
3104 1709 3283 1755 mente
3306 1700 3561 1765 latebras,

2242 1785 2466 1841 Vincula
2493 1786 2812 1857 disrumpat,
2844 1788 3025 1845 cordis
3046 1789 3288 1846 eliminet
3316 1793 3537 1848 umbras

2235 1876 2576 1947 lnradietque
2601 1892 2756 1933 sacro
2788 1879 2984 1934 mentis
3007 1881 3302 1951 spiramine
3328 1882 3513 1948 ﬁbras,

2239 1965 2309 2023 Ut
2329 1967 2504 2022 valeat
2532 1968 2684 2022 vobis
2703 1968 2884 2023 divino
2909 1970 3114 2026 semine
3141 1969 3288 2040 iacto

2236 2057 2379 2111 Rore
2406 2057 2512 2128 poli
2542 2059 2812 2123 madidus,
2836 2059 3115 2115 doctorum
3141 2077 3359 2119 vomere
3385 2063 3577 2127 cultus,

2237 2148 2429 2206 Cordis
2457 2150 2670 2221 opimus
2696 2167 2841 2222 ager,
2877 2162 3135 2209 centenos
3161 2156 3387 2211 reddere
3406 2155 3632 2212 fructus.

476 2410 3719 2442 mw

1051 2586 1845 2693 INCIPIUNT
1972 2580 3195 2689 COLLECTIONES.

754 2871 822 2926 IN
862 2865 1109 2927 VIGILIA
1152 2864 1449 2925 NATALIS
1488 2866 1752 2926 DOMINI.

474 2978 729 3020 ιεΝετοιΑ
766 2978 927 3017 ΒΕΑΤΙ
965 2977 1119 3017 PAULI
1162 2977 1414 3017 APOSTOIJ
1455 2978 1522 3016 AD
1561 2962 1823 3024 κοκλᾶοε,
1862 2975 1976 3014 CAP.
2012 2974 2050 3013 1.

552 3071 569 3104 ι
610 3052 807 3107 Paulus
835 3067 1025 3107 servus
1054 3048 1180 3106 Jesu
1221 3050 1461 3113 Christi,
1508 3059 1731 3105 vocatus
1763 3048 2052 3120 apostolus,

478 3161 500 3196 ι
534 3150 843 3214 segregatus
884 3140 939 3196 in
976 3140 1323 3214 Evangelium
1360 3141 1488 3205 Dei,
1524 3142 1667 3211 quod
1704 3148 1829 3196 ante
1858 3140 2059 3210 promi-

479 3253 497 3284 ι
536 3213 683 3288 serat
716 3247 813 3303 per
858 3213 1149 3302 prophetas
1190 3248 1351 3298 suos,
1399 3233 1452 3286 in
1505 3231 1801 3304 Scripturis
1835 3231 2058 3297 sanctis,

481 3326 603 3381 «de
631 3325 769 3381 Filio
800 3341 916 3389 suo,
965 3324 1055 3395 qui
1090 3324 1264 3382 factus
1308 3332 1393 3381 est
1420 3325 1470 3381 ei
1506 3340 1572 3379 ex
1623 3325 1829 3382 semine
1865 3320 2054 3391 David,

480 3434 500 3467 ι
535 3418 828 3473 secundum
877 3433 1115 3472 carnem.
1167 3418 1270 3485 Qui
1314 3419 1726 3490 praedestinatus
1764 3426 1848 3474 est
1892 3418 2059 3473 Filius

480 3526 496 3557 ι
539 3506 654 3571 Dei,
686 3507 739 3562 in
760 3507 980 3571 virtute,
1006 3507 1300 3563 secundum
1331 3508 1574 3578 spiritum
1590 3508 2055 3571 sanctiﬁcationis,

408 3590 417 3615 ’
479 3619 497 3651 ι
540 3614 607 3656 ex
633 3599 1031 3654 resurrectione
1068 3607 1403 3655 mortuorum
1449 3597 1574 3654 Jesu
1613 3599 1815 3655 Christi
1847 3597 2058 3655 Domini

480 3711 498 3742 ι
535 3693 725 3756 nostri,
760 3707 857 3763 per
884 3706 1043 3762 quem
1091 3690 1399 3760 accepimus
1433 3689 1663 3760 gratiam
1698 3698 1753 3744 et
1787 3689 2056 3759 apostola-

480 3804 499 3834 ι
531 3790 645 3840 tum
669 3827 683 3851 ,
730 3783 796 3838 ad
840 3782 1196 3838 obediendum
1227 3778 1349 3835 ﬁdei
1398 3779 1451 3833 in
1502 3778 1753 3833 omnibus
1788 3778 2056 3849 gentibus,

479 3897 497 3930 ί
536 3892 633 3947 pro
659 3875 874 3931 nomine
900 3872 1037 3942 eius,
1065 3873 1117 3927 in
1148 3871 1342 3941 quibus
1369 3870 1499 3925 estis
1528 3878 1584 3925 ct
1609 3884 1706 3925 vos
1733 3869 1909 3925 vocati
1931 3867 2059 3925 Iesu

480 3987 498 4018 ι
535 3968 735 4024 Christi
761 3963 983 4021 Domini
1023 3965 1212 4020 nostri.
1251 3983 1269 4016 ι

545 4048 783 4130 Epis'tola
822 4057 1070 4113 Grzeeum
1116 4055 1434 4111 vocabulum
1472 4063 1577 4120 est,
1626 4053 1929 4125 diciturque
1957 4058 2059 4112 ἀπὸ

468 4158 573 4207 τοῦ
602 4149 925 4213 ἐπιστέλλειν,
958 4146 1101 4217 quod
1125 4154 1210 4201 est
1233 4146 1480 4209 mittere,
1531 4143 1656 4214 quia
1702 4146 1770 4200 ad
1807 4147 2060 4202 absentes

472 4241 728 4296 mittitur.
763 4239 883 4292 ldeo
906 4237 1051 4291 enim
1086 4237 1317 4290 inventae
1345 4242 1470 4291 sunt
1490 4234 1748 4304 epistolas,
1782 4241 1839 4289 ut
1867 4235 2060 4289 absen-

470 4338 560 4384 tes
586 4328 848 4384 certiores
888 4326 1065 4380 facere
1105 4324 1407 4395 possimus,
1446 4324 1492 4378 si
1530 4324 1657 4392 quid
1684 4323 1755 4379 sit
1781 4324 1924 4395 quod
1966 4340 2059 4381 eos

474 4417 617 4475 scire
656 4423 923 4487 oporteat,
974 4414 1137 4469 etiam
1173 4415 1275 4468 ἀπὸ
1304 4409 1394 4469 ιτδῦ
1434 4414 1759 4479 ἐπιστέλλειν,
1800 4415 1964 4485 quod,
1998 4424 2058 4471 ut

476 4508 609 4573 dixi,
652 4506 919 4577 significat
944 4505 1179 4570 mittere,
1211 4504 1464 4559 dicuntur
1487 4505 1733 4575 apostoli.

2152 2873 2237 2922 est
2275 2874 2330 2921 et
2359 2865 2519 2930 Levi,
2563 2873 2617 2921 et
2655 2877 2815 2936 quem
2864 2863 3147 2923 Matthteus
3186 2868 3478 2937 Lebbeum,
3525 2870 3741 2931 Marcus

2156 2957 2446 3012 Tattheum
2476 2957 2684 3012 scribit.
2733 2955 3040 3012 Secundum
3066 2959 3206 3013 hanc
3246 2974 3375 3031 ergo
3395 2966 3740 3019 consuetudi-

2159 3063 2286 3103 nem
2312 3048 2530 3103 videtur
2566 3046 2721 3103 nobis
2751 3057 2804 3102 et
2833 3047 3029 3105 Paulus
3053 3049 3253 3122 duplici
3288 3067 3419 3110 usus
3439 3068 3559 3111 esse
3583 3070 3742 3112 voca-

2160 3137 2308 3204 bulo,
2353 3146 2408 3193 et
2447 3138 2618 3193 donec
2659 3138 2875 3207 quidem
2913 3140 3057 3212 genti
3103 3138 3336 3213 pr0prize
3378 3139 3739 3212 ministrabat,

2164 3226 2359 3282 Sardus
2399 3242 2518 3283 esse
2561 3228 2863 3291 vocitatus,
2913 3231 3059 3299 quod
3099 3240 3154 3285 et
3192 3233 3363 3304 magis
3403 3234 3742 3304 appellationi

2162 3319 2352 3390 patria:
2374 3319 2721 3375 vernaculum
2744 3320 3041 3376 videbatur.
3087 3316 3283 3377 Paulos
3306 3332 3485 3378 autem
3510 3325 3744 3395 appella-

2161 3422 2248 3468 tus
2276 3422 2379 3479 est,
2424 3429 2546 3469 cum
2571 3411 2776 3468 Gnecis
2800 3421 2857 3468 et
2897 3413 3150 3483 gentibus
3190 3413 3336 3486 leges
3364 3429 3428 3470 ac
3474 3424 3740 3487 praecepta

2159 3502 2477 3560 conscribit.
2520 3502 2657 3558 Nam
2685 3512 2741 3558 et
2763 3505 2866 3559 hoc
2891 3504 3063 3574 ipsum
3092 3505 3234 3575 quod
3264 3497 3546 3577 Scriptura
3573 3507 3740 3562 dicit:

2161 3594 2360 3650 Saulus
2386 3605 2561 3649 autent
2584 3596 2673 3666 qui
2699 3607 2746 3650 et
2773 3592 2978 3649 Paulus
3004 3594 3141 3668 (Act.
3172 3595 3312 3668 xm),
3336 3597 3611 3653 evidenter
3631 3612 3741 3654 non

2159 3685 2209 3739 ei
2237 3692 2364 3740 tunc
2396 3684 2631 3755 primum
2656 3683 2806 3738 Pauli
2832 3699 3026 3738 nomen
3052 3686 3290 3739 ostendit
3312 3685 3620 3756 inpositum,
3645 3685 3743 3742 sed

2158 3777 2358 3833 veteris
2389 3776 2760 3847 appellationis
2786 3775 2837 3830 id
2866 3772 3032 3830 fuisse
3053 3775 3316 3845 designat.

2230 3867 2422 3924 Servus
2443 3867 2572 3921 Iesu
2588 3866 2804 3921 Christi.
2841 3866 2941 3937 (Ex
2966 3865 3239 3938 Origene.)
3263 3865 3621 3937 Requiramus
3645 3878 3743 3925 car

2158 3961 2207 4016 is
2236 3961 2328 4030 qui
2373 3959 2501 4015 alibi
2532 3960 2761 4016 scribit:
2820 3956 2945 4012 Non
2988 3959 3125 4013 enim
3177 3959 3451 4029 accepistis
3494 3960 3739 4029 spiritum

2158 4052 2422 4107 servitutis
2466 4052 2656 4105 iterum
2694 4051 2749 4104 in
2789 4050 2996 4113 timore,
3045 4048 3136 4103 sed
3182 4048 3455 4118 accepistis
3496 4047 3739 4118 spiritum

2159 4145 2456 4215 adaptionis
2491 4142 2756 4212 ﬁliorum,
2794 4142 2850 4194 in
2900 4155 3002 4212 quo
3042 4138 3331 4194 clamamus
3354 4152 3373 4191 :
3418 4134 3563 4192 Abba
3592 4147 3743 4210 pater

2161 4235 2337 4308 (Rom.
2369 4233 2509 4304 vni),
2549 4233 2661 4303 ipse
2688 4248 2747 4286 se
2776 4232 2864 4286 hic
2885 4244 3103 4285 servum
3127 4228 3462 4300 profiteatur.
3495 4227 3604 4284 Sed
3626 4228 3741 4283 sive

2160 4327 2212 4381 id
2260 4324 2554 4381 secundum
2609 4322 2754 4377 illam
2808 4319 3167 4376 humilitatem
3215 4319 3419 4373 dictum
3467 4326 3738 4387 putemus,

2157 4431 2318 4487 quam
2368 4414 2626 4470 Dominus
2671 4413 2874 4476 docuit,
2922 4411 3138 4466 dicens:
3177 4408 3374 4463 Discite
3406 4425 3440 4462 a
3472 4425 3574 4475 me,
3613 4408 3739 4481 quia

2157 4507 2298 4560 ruitis
2327 4520 2443 4558 sum
2490 4511 2538 4556 et
2569 4500 2785 4556 humilis
2833 4499 2989 4553 corde
3034 4496 3251 4571 (Matth.
3282 4499 3384 4569 ιι),
3430 4497 3544 4554 sive
3584 4499 3739 4570 quasi

548 4599 773 4654 Paulus.
814 4599 999 4653 Victor
1037 4597 1321 4667 episcopus
1355 4594 1549 4666 Capua:
1574 4597 1690 4652 ait:
1742 4616 1759 4648 ι
1799 4596 1899 4666 Qui
1927 4606 2051 4654 ante
2076 4617 2129 4676 D
2156 4600 2397 4655 imitator
2423 4596 2559 4667 ejus,
2609 4593 2701 4665 qui
2748 4592 3093 4662 semetipsum
3130 4591 3459 4658 exinanivit,
3508 4589 3737 4647 formam

472 4699 791 4762 persecutor
835 4688 1112 4744 dicebatur
1149 4686 1359 4749 Saulus,
1399 4688 1579 4742 audita
1623 4703 1751 4743 voce
1793 4690 1858 4742 de
1891 4688 2051 4755 coelo,

477 4796 507 4837 a
538 4780 923 4852 persecutionis
951 4779 1243 4834 intentione
1289 4778 1541 4843 cessavit,
1591 4787 1645 4833 et
1683 4778 1750 4832 ab
1779 4777 1883 4831 hoc
1908 4777 2053 4830 voci-

481 4881 621 4929 tatus
643 4879 729 4928 est
754 4869 978 4935 Paulus,
1021 4870 1122 4925 ἀπὸ
1161 4878 1252 4930 τῆς
1279 4872 1497 4933 natm,
1534 4868 1676 4936 quod
1703 4874 1785 4921 est
1819 4881 1849 4919 a
1871 4879 2054 4921 cessa-

473 4960 644 5020 ‘.ione.
695 4962 803 5036 (Ea:
851 4960 1118 5032 Origene)
1171 4960 1350 5015 Prima
1380 4959 1534 5015 nobis
1568 4957 1793 5028 qurestio
1840 4957 1905 5011 de
1952 4970 2051 5010 no-

475 5056 623 5111 mine
650 5053 818 5125 ipsius
837 5052 987 5107 Pauli
1013 5052 1224 5107 videtur
1247 5064 1554 5120 exsurgere,
1605 5062 1703 5103 cur
1727 5048 1774 5101 is
1800 5046 1889 5116 qui
1916 5045 2053 5099 Sau-

474 5160 561 5201 .us
596 5144 771 5201 dictus
795 5151 879 5198 est
920 5144 973 5198 in
1002 5143 1226 5197 Actibus
1261 5139 1646 5210 apostolorum,
1690 5151 1834 5191 nunc
1855 5135 2053 5191 Paulus

478 5237 708 5294 dicatur.
740 5236 1046 5292 Invenimus
1080 5234 1134 5289 in
1163 5232 1458 5303 Scripturis
1502 5229 1698 5286 divinis
1733 5227 2052 5299 quibusdam

479 5334 807 5383 commutata
832 5326 1108 5388 vocabula,
1138 5333 1197 5377 ut
1226 5338 1291 5377 ex
1312 5322 1513 5378 Abram
1541 5318 1833 5381 Abraham,
1860 5332 1928 5373 ex
1957 5317 2055 5372 Sa-

478 5418 561 5473 rai
593 5417 726 5474 Sara
747 5459 762 5485 ,
797 5434 863 5473 ex
891 5416 1058 5472 Iacob
1090 5414 1287 5479 Israel,
1324 5428 1391 5468 ex
1424 5410 1644 5466 Simone
1682 5409 1910 5474 Petrus,
1951 5407 2053 5463 ali-

478 5526 616 5581 quos
638 5512 769 5567 vero
790 5509 933 5567 binis
958 5521 1084 5563 usos
1119 5519 1240 5561 esse
1262 5503 1567 5559 nominibus
1583 5544 1598 5567 ,
1627 5510 1688 5557 ut
1713 5501 2054 5557 Salomonem

480 5604 835 5678 eamdemque
856 5601 1024 5664 ldida,
1064 5595 1383 5654 Sedechiam
1409 5595 1764 5666 eumdemque
1790 5592 2054 5659 Joachim,

476 5688 666 5749 ‘Uziatn
700 5691 1052 5759 eamdemque
1092 5683 1362 5744 Azariam.
1411 5685 1546 5741 Nam
1593 5684 1874 5743 Mattharus
1917 5684 2057 5740 idem

2152 4690 2291 4746 servi
2322 4687 2591 4755 accipiens
2637 4682 2857 4755 (Philip.
2900 4682 2994 4754 tr),
3047 4699 3156 4739 non
3191 4682 3516 4739 erravimus.
3571 4681 3733 4739 Omni

2151 4779 2295 4833 enim
2317 4777 2565 4831 libertate
2592 4773 2825 4829 nobilior
2851 4783 2934 4829 est
2967 4774 3200 4829 servitus
3223 4772 3445 4828 Christi.
3495 4770 3636 4841 Quid
3659 4782 3742 4826 est

2154 4879 2332 4925 autem
2362 4883 2577 4925 servum
2607 4882 2729 4923 esse
2758 4866 2995 4932 Christi,
3047 4866 3149 4921 nisi
3180 4880 3398 4922 servum
3421 4879 3546 4920 esse
3589 4863 3741 4924 verbi

2154 4962 2269 5028 Dei,
2317 4958 2618 5032 sapientiae,
2658 4958 2903 5028 iustitiae,
2948 4958 3195 5015 veritatis
3222 4966 3277 5014 et
3300 4957 3542 5012 omnium
3564 4956 3739 5011 virtu-

2153 5061 2290 5117 tum,
2316 5064 2435 5121 quae
2460 5058 2543 5104 est
2569 5048 2836 5105 Christus.

2241 5140 2465 5195 Vocatus
2493 5139 2782 5211 apostolus,
2805 5146 3123 5210 segregatus.
3169 5132 3375 5191 Nomen
3398 5135 3517 5199 hoc,
3560 5132 3617 5190 id
3634 5141 3737 5201 est,

2159 5242 2401 5298 vocatus,
2430 5232 2555 5303 quia
2582 5231 2651 5285 ad
2673 5246 2860 5286 omnes
2888 5230 3142 5300 pertinet,
3173 5228 3264 5298 qui
3295 5227 3349 5282 in
3376 5225 3592 5282 Christo
3621 5239 3742 5281 cre-

2159 5328 2311 5393 dunt,
2355 5323 2606 5398 generale
2646 5330 2825 5395 potest
2850 5322 3045 5387 videri,
3090 5321 3215 5391 quia
3264 5319 3741 5389 unusquisquese—

2160 5415 2393 5471 cundum
2428 5414 2482 5468 id
2523 5410 2666 5482 quod
2696 5412 2747 5466 in
2777 5425 2842 5466 eo
2871 5409 3130 5481 praevidet
3176 5417 3232 5464 et
3261 5408 3411 5479 eligit
3437 5407 3599 5470 Deus,
3647 5411 3743 5459 aut

2160 5502 2433 5574 apostolus
2447 5509 2690 5565 vocatur,
2709 5507 2800 5554 aut
2824 5498 3106 5570 propheta,
3125 5506 3218 5553 aut
3242 5496 3500 5567 magister
3519 5493 3735 5565 (Ephes.

2161 5592 2259 5661 Iv).
2298 5590 2356 5645 lu
2386 5589 2552 5645 Paulo
2597 5596 2930 5644 autem'non
2967 5588 3081 5643 sola
3129 5586 3398 5657 generalis
3431 5583 3645 5639 vocatio
3670 5580 3740 5635 ad

2165 5684 2524 5753 apostolatum
2572 5681 2908 5754 designatur,
2960 5680 3053 5736 sed
3093 5689 3146 5734 et
3172 5678 3396 5744 electio,
3440 5673 3739 5731 secundum
