4110 6446
299 447 306 453 _
400 380 467 435 ΓΙ
1208 379 1722 439 COLLECTIONES
1762 379 1827 434 IN
1864 377 2250 434 EPISTOLAS
2289 377 2376 433 ΕΤ
2417 375 2828 483 ΕΥΑῘΣΕΕΜΑ.
3575 359 3643 437 l8
3756 390 3759 393 ‘

392 496 489 554 Dei
527 495 919 569 praescientiam
940 538 954 561 ,
993 496 1281 551 subsecuta
1321 495 1499 567 (Rom.
1541 495 1665 561 vnt)
1686 536 1700 559 ,
1739 509 1838 566 per
1866 495 1969 549 hoc
1998 494 2047 554 Λ
2072 492 2215 561 quod
2244 490 2449 561 praebet
2471 492 2724 547 omnibus
2761 491 3127 556 sanctitatem,
3173 489 3314 549 sicut
3342 500 3398 547 et
3425 491 3552 548 alibi
3582 494 3651 549 de

387 588 536 659 quod
560 594 877 658 segregatus
897 587 1096 641 dicitur
1137 587 1189 641 in
1219 587 1565 657 Evangelium
1590 586 1706 652 Dei,
1741 586 1879 641 sicut
1917 593 1971 639 et

392 679 521 734 alibi
552 678 665 748 ipse
694 678 760 733 de
787 693 847 733 se
880 678 1049 733 dicit:
1099 676 1234 733 Cum
1261 688 1436 731 autem
1480 676 1835 748 placuitDeo,
1880 676 1970 747 qui

391 784 472 822 me
498 769 784 838 segregavit
805 768 870 821 de
900 778 1045 822 utero
1069 768 1251 823 matris
1278 785 1427 834 mete,
1451 777 1505 821 ut
1523 767 1771 823 reuelaret
1798 767 1968 837 ﬁlium

388 873 545 915 suum
581 857 638 913 in
664 876 745 914 me
767 855 909 931 (Gal.
939 858 1002 932 ι).
1031 859 1094 914 Et
1125 860 1180 914 in
1210 860 1434 916 Actibus
1456 859 1819 929 apostolorum
1847 857 1969 927 Spi-

388 950 527 1006 ritus
550 958 771 1007 sanctus
798 950 925 1005 dicit
951 969 964 1004 :
997 948 1273 1021 Segregate
1298 951 1425 1004 mihi
1442 948 1662 1004 Saulum
1690 959 1737 1002 et
1764 948 1968 1002 Barna-

385 1040 512 1096 bum
552 1042 607 1096 in
634 1057 764 1112 opus
807 1042 875 1095 ad
901 1041 1038 1113 quod
1065 1040 1195 1112 elegi
1232 1058 1317 1095 eos
1360 1040 1498 1111 (Act.
1530 1040 1671 1110 xm).
1714 1039 1969 1094 Prmvitlit

385 1132 500 1199 ille,
531 1147 691 1203 quem
720 1149 827 1189 non
852 1133 983 1189 latet
1014 1150 1188 1199 mens,
1219 1133 1362 1204 quod
1392 1132 1767 1195 abundantius,
1803 1146 1966 1202 quam

385 1224 569 1279 caeteri
593 1237 814 1291 omnes,
851 1223 1196 1279 laboraturus
1219 1230 1364 1279 esset
1392 1223 1447 1277 in
1476 1221 1793 1291 Evangelio,
1823 1219 1966 1290 quod

385 1314 442 1370 lu
471 1314 613 1371 fame
640 1323 696 1371 et
714 1316 829 1381 siti,
858 1324 915 1370 et
939 1315 997 1370 in
1019 1314 1220 1387 frigore
1249 1322 1304 1371 et
1330 1313 1573 1369 nuditate
1595 1321 1651 1367 et
1674 1313 1728 1367 in
1753 1311 1967 1367 casteria

383 1405 642 1477 periculis
668 1406 1062 1476 praedicaturus
1104 1413 1249 1462 esset
1276 1405 1625 1476 Evangelium
1653 1402 1875 1466 Christ-i,
1907 1411 1965 1457 et

383 1494 505 1551 ideo
537 1495 605 1551 de
628 1504 820 1551 ventre
844 1497 1036 1552 matris
1062 1498 1366 1567 segregavit
1392 1512 1536 1551 eum.

452 1584 520 1639 In
582 1584 923 1655 Evangelium
986 1585 1106 1639 Dei.
1164 1585 1514 1657 Evangelium
1540 1626 1555 1651 ,
1624 1586 1959 1660 Εὐαγγέλιον,

382 1674 521 1730 bona
549 1674 892 1729 annuntiatio
922 1674 1138 1741 dicitur,
1168 1676 1471 1731 nativitatis
1508 1676 1713 1731 scilicet
1733 1676 1956 1740 Christi,

378 1765 647 1834 passionis
686 1773 743 1820 et
765 1767 1177 1822 resurrectionis
1203 1777 1259 1821 et
1287 1767 1340 1821 in
1372 1767 1568 1822 caelum
1601 1767 1954 1823 ascensionis.

2069 601 2136 640 eo
2171 585 2429 655 scriptum
2469 593 2589 643 est:
2644 581 2748 649 Qui
2790 584 2964 652 factus
3004 593 3078 638 est
3126 584 3274 639 nobis
3318 585 3576 655 sapientia
3614 603 3651 640 a

2067 676 2179 730 Deo
2209 686 2259 731 et
2285 677 2636 745 sanctiﬁcatio
2663 674 2717 746 (1
2746 675 2869 730 Car.
2897 674 2957 746 ι).

2141 767 2225 822 Ex
2264 769 2640 823 resurrectione
2675 777 3007 822 mortuorum
3031 767 3161 823 Iesu
3210 769 3405 824 Christi
3432 768 3649 826 Domini

2069 860 2255 913 ttostrl.
2289 858 2405 913 Non
2439 859 3123 929 omniumresurgeutium.
3156 860 3252 915 sed
3283 861 3349 915 ad
3374 860 3649 917 Christum

2065 950 2472 1019 pertinentium.
2522 949 2579 1002 lu
2629 949 2745 1017 ipso
2773 948 3009 1004 Christo.
3037 951 3450 1009 resurrectionis
3474 950 3649 1008 forma

2067 1040 2435 1109 praetenditur,
2484 1046 2542 1091 ut
2568 1038 2719 1108 prior
2751 1038 3002 1096 omnibus
3028 1039 3168 1093 viam
3215 1040 3645 1103 resurrectionis,

2067 1130 2161 1184 Dei
2215 1130 2420 1191 Filius,
2476 1129 2602 1185 ﬁliis
2641 1130 2895 1198 aperiret.
2951 1129 3027 1184 De
3067 1132 3265 1198 quibus
3300 1132 3415 1200 ipse
3461 1131 3644 1187 dixit:

2068 1220 2205 1287 Quia
2234 1220 2335 1290 ﬁlii
2363 1221 2458 1276 Dei
2487 1230 2628 1289 sunt,
2656 1238 2771 1275 cum
2803 1222 2905 1277 sint
2946 1220 3045 1290 ﬁlii
3070 1223 3463 1277 resurrectionis
3493 1222 3646 1295 (Luc.

2067 1312 2183 1372 xx).

2138 1402 2244 1459 Per
2264 1422 2418 1476 quem
2446 1408 2738 1477 accepimus
2766 1406 2992 1477 gratiam
3037 1415 3085 1460 et
3121 1405 3489 1477 apostolatunt.
3538 1406 3648 1485 (Per

2061 1494 2339 1551 Christum
2368 1497 2645 1568 accepisse
2674 1512 2733 1553 se
2760 1497 2892 1553 dicit
2914 1498 3144 1569 gratiam
3182 1507 3237 1554 ει
3262 1498 3645 1568 apostolatum,

2062 1596 2270 1658 utpote
2299 1589 2652 1643 mediatorem
2692 1588 2788 1644 Dei
2817 1597 2872 1643 et
2898 1588 3197 1643 hominum.
3244 1587 3430 1643 Gratia
3472 1588 3540 1644 ad
3565 1587 3647 1642 la-

2061 1678 2249 1733 borum
2280 1679 2596 1749 patientiam
2641 1678 2923 1734 referenda
2960 1664 3065 1744 est,
3106 1686 3167 1735 ut
3215 1679 3329 1750 ipse
3368 1679 3479 1733 ait:
3518 1677 3645 1733 Plus

2060 1768 2315 1823 omnibus
2350 1768 2610 1832 laboravi,
2657 1784 2763 1824 non
2789 1785 2911 1840 ego,
2949 1771 3042 1824 sed
3080 1770 3252 1841 gratia
3300 1769 3395 1826 Dei
3433 1784 3644 1825 mecum

375 1853 434 1908 In
480 1853 601 1910 aliis
653 1854 788 1911 locis
831 1855 1178 1926 Evangelium
1223 1855 1425 1911 Christi
1473 1857 1691 1912 dicitur.
1747 1856 1956 1914 Marcus
1984 1840 2032 1899 Β
2060 1858 2241 1930 (Rom.
2273 1858 2405 1929 xv);
2440 1860 2770 1931 apostolatus
2809 1861 2876 1914 ad
2916 1859 3318 1931 praedicationis
3347 1860 3645 1917 auctorita-

374 1942 522 1998 enim
552 1943 665 1997 ait:
715 1942 934 1998 Initium
979 1944 1252 2015 Evangelii
1287 1944 1418 2000 Iesu
1463 1945 1677 2001 Christi.
1731 1947 1955 2012 Verum,

375 2029 503 2099 quia
527 2028 775 2087 Christus
803 2032 1034 2088 Verbum
1062 2042 1170 2099 est,
1216 2042 1271 2089 et
1302 2035 1355 2089 in
1381 2036 1648 2106 principio
1668 2046 1789 2091 erat
1811 2038 1952 2107 apud

376 2117 567 2183 Deum,
613 2126 666 2174 et
698 2119 842 2179 Deus
862 2129 981 2175 erat
1003 2122 1237 2178 Verbum
1268 2123 1452 2193 (Joan.
1485 2126 1546 2195 t),
1584 2141 1751 2180 unum
1792 2136 1956 2197 atque

356 2208 518 2264 1dem
542 2208 743 2266 dicitur
769 2212 1117 2285 Evangelium
1157 2215 1274 2282 Dei,
1322 2228 1375 2272 et
1404 2218 1752 2289 Evangelium
1794 2220 1955 2276 Chri-

372 2300 466 2356 sti.
495 2299 614 2370 Ipse
634 2302 778 2358 enim
809 2302 1070 2359 Dominus
1095 2305 1260 2361 dicit:
1293 2306 1406 2377 Ego
1430 2318 1479 2362 et
1500 2305 1665 2363 Pater
1685 2327 1847 2363 unum
1868 2328 1957 2365 su-

366 2408 492 2447 mus
524 2391 705 2464 (Joan.
730 2392 813 2465 ι),
841 2403 897 2450 ει
926 2402 1081 2464 pater
1100 2396 1337 2467 loquitur
1369 2399 1555 2454 dicens
1578 2418 1591 2452 :
1618 2398 1814 2454 Omnia
1836 2416 1955 2456 mea

373 2489 470 2536 tua
505 2489 653 2548 sunt,
700 2490 757 2538 et
792 2492 883 2538 tua
920 2499 1067 2550 mea,
1107 2494 1163 2542 et
1207 2487 1330 2543 ideo
1361 2488 1711 2560 Evangelium
1755 2490 1952 2557 Patris,

373 2571 727 2643 Evangelium
748 2573 870 2628 Filii
898 2582 984 2629 est
1014 2574 1196 2647 (Joan.
1228 2576 1386 2650 xv").
1798 2621 1845 2662 .

374 2687 379 2690 -
445 2657 600 2725 Quod
630 2669 751 2714 ante
774 2662 1013 2731 promisit
1040 2678 1133 2732 per
1152 2662 1443 2734 Prophetas
1472 2681 1625 2731 suos,
1655 2667 1711 2720 in
1733 2657 1955 2739 scriptu-

370 2752 445 2805 ris
475 2752 688 2811 sanctis.
729 2751 859 2820 Quae
887 2754 953 2808 de
991 2753 1209 2810 Christo
1248 2757 1504 2825 praedicta
1550 2768 1679 2815 sunt
1704 2776 1802 2830 per
1828 2776 1955 2831 pro-

371 2840 587 2910 phetas,
621 2853 735 2897 uase
759 2842 926 2897 etiam
954 2845 1019 2898 de
1046 2844 1339 2915 Evangelio
1358 2848 1611 2916 praedicta
1642 2864 1784 2914 esse,
1824 2864 1950 2906 scn-

372 2932 613 2987 tiendum
640 2941 744 2999 est,
764 2942 825 2987 ut
849 2933 1007 2990 illud:
1032 2935 1288 2991 Dominus
1314 2937 1460 2995 dabit
1484 2940 1692 2993 verbum
1715 2940 1952 3013 Evange-

370 3022 674 3091 lizanttbus,
727 3025 914 3082 virtute
971 3028 1139 3084 multa
1195 3027 1369 3100 (Psal.
1410 3031 1601 3104 van),
1628 3043 1683 3090 et
1719 3053 1732 3089 :
1777 3035 1949 3102 Quam

368 3113 589 3184 speciosi
611 3114 765 3186 pedes
798 3117 1270 3188 euangelizandum
1299 3122 1435 3177 bona
1456 3122 1592 3194 (Isa.
1621 3125 1742 3197 ut),
1765 3136 1821 3182 et
1842 3128 1946 3183 alia

366 3202 632 3275 plurim,
672 3205 831 3261 simul
866 3217 923 3262 et
945 3209 1184 3265 ostendit
1210 3226 1269 3267 se
1311 3229 1416 3269 non
1447 3188 1614 3275 alium
1654 3188 1949 3285 praedicare
1974 3188 2021 3250 Ο

366 3292 664 3362 Christum,
703 3314 867 3368 quam
891 3301 1045 3372 cujus
1074 3302 1420 3373 Evangelium
1444 3308 1723 3376 propheta:
1749 3312 1953 3379 promi-

366 3398 554 3447 serant
597 3405 723 3447 esse
753 3400 1062 3448 venturum.
1118 3393 1268 3465 Ipsos
1296 3397 1490 3453 asserit
1522 3397 1618 3454 Dei
1658 3402 1950 3471 prophetas

366 3494 507 3545 esse,
530 3488 591 3535 ut
617 3473 745 3537 illas
767 3482 1069 3554 scripturas
1087 3493 1325 3553 sanctas,
1351 3503 1473 3558 quas
1497 3487 1564 3545 de
1588 3489 1807 3548 Christo
1824 3502 1951 3552 ante

364 3567 699 3626 cecinerunt.

437 3656 515 3713 De
537 3659 649 3728 ﬁlio
677 3677 792 3717 suo.
828 3661 996 3719 Multa
1028 3663 1150 3720 Filii
1188 3667 1365 3738 gratia
1393 3669 1483 3726 hic
1516 3680 1765 3742 notatur,
1793 3678 1947 3748 cujus

366 3749 530 3804 etiam
558 3750 614 3805 in
641 3766 807 3807 carne
829 3754 1087 3812 nativitas
1111 3757 1388 3816 dissimilis
1415 3764 1629 3821 cteteris
1650 3765 1943 3837 invenitur,

363 3855 433 3894 eo
457 3840 600 3911 quod
625 3856 693 3897 ex
720 3842 927 3915 virgine
961 3854 1120 3903 natus
1144 3857 1250 3904 est.

439 3929 545 3996 Qui
574 3932 747 4001 factus
774 3944 849 3989 est
875 3935 927 3989 ei
961 3953 1027 3990 ea:
1067 3939 1262 3994 semine
1304 3940 1476 3998 Dauid
1501 3948 1784 4003 secundum
1826 3967 1951 4005 car-.

367 4037 504 4078 item.
541 4020 740 4079 Factus
766 4040 865 4094 per
890 4025 1174 4097 Spiritum.
1223 4030 1279 4085 Si
1316 4033 1462 4088 enim
1504 4038 1798 4093 secundum
1823 4056 1944 4095 car-

366 4122 490 4165 nem
516 4109 690 4167 factus
710 4122 815 4179 est,
847 4117 1143 4173 secundum
1180 4120 1343 4177 Verbi
1370 4126 1556 4195 utique
1584 4128 1939 4185 substantiam

364 4201 542 4259 tactus
569 4221 674 4260 non
700 4215 801 4262 est.

433 4296 541 4362 Qui
580 4299 984 4369 prtrtlestinatus
1013 4314 1091 4359 est
1121 4304 1294 4361 Filius
1326 4307 1423 4363 Dei
1465 4311 1523 4365 in
1569 4312 1771 4366 virtute.
1818 4313 1937 4384 Ipsa

362 4387 637 4458 estigitur
680 4392 1082 4461 pnedestiuatio
1124 4405 1468 4464 sanctorum,
1506 4417 1626 4470 quae
1654 4402 1707 4456 in
1737 4402 1938 4460 Sancto

363 4487 675 4535 sanctorum
720 4483 955 4538 maxime
999 4485 1211 4554 claruit,
1258 4503 1417 4557 quam
1456 4506 1656 4560 negare
1681 4493 1803 4563 quis
1828 4510 1932 4550 non

359 4578 570 4639 potest,
614 4581 762 4629 recte
789 4574 1203 4647 intelligentittm
1228 4580 1441 4650 eloquia
1475 4583 1748 4639 Veritatis.
1798 4584 1932 4641 Nam

359 4668 416 4718 et
443 4661 619 4732 ipsum
641 4662 824 4734 gloria:
846 4664 1154 4734 Dominum,
1194 4669 1252 4724 in
1279 4681 1538 4740 quantum
1569 4674 1730 4730 homo
1758 4674 1935 4732 factus

358 4758 464 4817 est,
515 4751 611 4808 Dei
640 4753 832 4821 Filius,
876 4758 1324 4826 .przedestluatum
1369 4778 1492 4818 esse
1516 4765 1765 4821 dicimus.
1810 4767 1933 4823 Cla-

357 4849 470 4897 mat
497 4840 687 4897 doctor
711 4845 951 4915 gentium
994 4845 1050 4901 in
1085 4848 1262 4918 capite
1290 4849 1649 4921 Epistolarum
1688 4870 1930 4921 suarum,

355 4931 424 4985 de
449 4930 586 4987 Filio
613 4931 706 4987 Dei
732 4951 745 4987 :
773 4932 877 4999 Qui
902 4934 1073 5002 factus
1102 4947 1177 4992 est
1190 4938 1240 4992 ei
1253 4955 1318 4993 ea:
1341 4942 1534 4996 semine
1547 4942 1718 4998 David
1743 4963 1929 5000 secun-

355 5019 481 5073 dum
517 5036 745 5077 carnem.
801 5021 905 5088 Qui
950 5025 1351 5094 pnedestinatus
1387 5039 1492 5096 est,
1541 5029 1589 5083 F
1590 5030 1715 5087 ilius
1744 5033 1842 5089 Dei
1877 5035 1932 5089 in

355 5110 564 5174 virtute,
591 5110 878 5171 secundum
904 5112 1162 5183 Spiritum
1184 5118 1634 5188 sanctiﬁcationis,
1670 5139 1737 5177 ea:
1760 5140 1932 5179 resur-

359 5200 582 5274 rectione
624 5212 968 5264 mortuorum.
1024 5203 1177 5266 Sicut
1214 5221 1344 5279 ergo
1387 5211 1800 5280 praedestinatus
1846 5224 1931 5271 est

356 5287 457 5357 ille.
476 5304 646 5355 unus,
673 5297 735 5344 ut
759 5302 930 5362 caput,
950 5304 1191 5353 nostrum
1222 5309 1395 5366 esset,
1430 5299 1505 5357 ita
1538 5302 1689 5358 multi
1719 5307 1927 5376 praede-

355 5378 550 5434 stinati
564 5395 773 5446 sumus,
800 5390 860 5439 ut
884 5384 1123 5441 membra
1148 5385 1265 5455 ejus
1296 5403 1558 5446 essemus.
1591 5392 1758 5451 Vocat
1783 5397 1929 5451 enim

357 5467 501 5524 Deus
528 5470 939 5540 praedestinatos
966 5474 1164 5531 multos
1191 5478 1331 5536 lilios
1355 5497 1502 5548 suos,
1543 5491 1603 5539 ut
1629 5500 1724 5541 eos
1767 5485 1929 5544 faciat

358 5559 601 5615 membra
626 5562 992 5631 praedestinati
1022 5565 1166 5621 unici
1189 5567 1310 5623 Filii
1340 5572 1443 5627 sui.

427 5649 729 5719 Secundum
761 5654 1004 5725 spiritum
1035 5659 1487 5725 sanctiﬁcationis.
1522 5666 1624 5737 (Ex
1649 5666 1932 5741 Origene.)

359 5737 817 5801 Sanctiﬁcationis
839 5762 968 5804 vero
988 5749 1211 5818 spiritus
1231 5752 1446 5823 dicitur,
1476 5737 1770 5817 secundum
1799 5737 1923 5833 hoc,

2063 1956 2189 2003 tem.
2251 1948 2412 2012 Sive,
2466 1950 2734 2021 gratiam,
2786 1950 2840 2005 iu
2899 1950 3209 2020 baptismo,
3260 1950 3639 2021 apostolatum.
3681 1944 3723 1975 ⁹

2060 2038 2274 2106 quando
2311 2038 2379 2094 ab
2409 2038 2613 2109 Spiritu
2642 2048 2834 2094 saneto
2857 2039 3099 2095 directus
3123 2047 3227 2103 est,
3252 2039 3481 2109 accepit.

2129 2128 2211 2182 Ad
2239 2128 2584 2185 obedientium
2613 2130 2739 2199 ﬁdei
2763 2133 2819 2185 in
2847 2130 3086 2186 erunibus
3113 2131 3382 2201 gentibus»,
3432 2148 3526 2201 pro
3552 2148 3645 2185 no-

2057 2216 2195 2273 mine
2217 2218 2355 2289 ejus,
2385 2220 2441 2279 in
2468 2221 2656 2291 quibus
2683 2222 2806 2276 estis
2852 2230 2899 2277 et
2941 2238 3052 2288 vos,
3084 2223 3250 2276 vocati
3291 2224 3419 2278 .lcsu
3446 2219 3643 2278 Christi

2056 2308 2270 2364 Domini
2296 2310 2478 2365 nostri.
2523 2310 2771 2367 Ostendit
2811 2312 3083 2383 Evangelii
3121 2313 3350 2384 gratiam
3382 2314 3640 2370 obedien-

2056 2399 2200 2455 tibus
2242 2402 2675 2470 praedicandam:
2726 2403 2779 2458 in
2810 2405 3063 2460 omnibus
3103 2406 3355 2475 gentibus
3401 2406 3642 2462 ostendit

2058 2503 2118 2545 se
2144 2490 2502 2560 apostolatum
2527 2493 2819 2563 accepisse,
2855 2503 2912 2549 ut
2935 2492 3049 2564 jam
3075 2511 3183 2551 non
3207 2496 3334 2567 legi,
3371 2497 3466 2555 sed
3510 2496 3638 2563 ﬁdei

2056 2579 2359 2636 obedirent.
2408 2580 2515 2638 Pro
2543 2584 2763 2640 nomine
2785 2583 2924 2653 ejus,
2966 2586 3021 2642 id
3045 2595 3148 2653 est,
3196 2588 3370 2645 vicem
3408 2580 3643 2655 nominis

2054 2667 2172 2738 ejus
2199 2667 2491 2740 fungimur,
2530 2679 2590 2726 ut
2618 2671 2732 2743 ipse
2757 2674 2871 2728 ait:
2910 2673 3061 2730 Sicut
3090 2676 3232 2730 misit
3259 2693 3339 2737 me
3367 2675 3562 2743 Pater,
3593 2687 3642 2732 et

2053 2778 2146 2832 ego
2172 2763 2321 2817 mitto
2363 2780 2472 2830 vos,
2521 2774 2569 2820 et
2604 2767 2695 2838 qui
2725 2783 2817 2822 vos
2860 2769 3064 2839 recipit,
3110 2785 3193 2833 me
3232 2770 3424 2841 recipit
3456 2770 3639 2840 (Joan.

2054 2850 2169 2922 xx).
3062 2850 3089 2901 γ·
3618 2858 3621 2863 ·

2122 2941 2192 2998 In
2217 2945 2405 3014 quibus
2428 2946 2553 3003 estis
2583 2956 2632 3003 et
2655 2965 2769 3009 vos.
2814 2949 2928 3006 Hoc
2955 2960 3062 3016 est,
3098 2952 3231 3011 etin
3257 2950 3410 3009 vobis
3437 2951 3639 3011 Roma—

2053 3034 2138 3089 nis
2164 3036 2525 3106 apostolatum
2547 3040 2947 3111 praedicationis
2976 3042 3181 3113 accepi.

2335 3149 2527 3189 ιεετιο
2553 3150 2704 3190 BHE
2733 3151 3046 3201 ΡΒΟΡΙΙΕΤΕ,
3073 3152 3193 3191 CAP.
3222 3151 3353 3191 ωιιι.

2133 3238 2151 3271 ι
2183 3220 2309 3278 Hac
2349 3225 2483 3280 dicit
2510 3224 2808 3283 Dominus:
2860 3227 3090 3298 Propter
3117 3226 3248 3283 Sion
3287 3243 3395 3282 non
3421 3228 3633 3291 tacebo.

2059 3326 2078 3360 t
2110 3318 2165 3365 et
2202 3322 2429 3383 propter
2450 3313 2786 3370 Hierusalem
2811 3331 2917 3371 non
2942 3316 3239 3385 quiescam,
3277 3315 3456 3377 donec
3474 3331 3633 3385 εει-επ

2057 3417 2077 3452 t
2109 3401 2308 3467 diatnr,
2349 3411 2409 3458 ut
2436 3404 2713 3476 splendor,
2741 3403 2924 3473 justus
2955 3407 3090 3477 ejus,
3125 3418 3181 3462 et
3217 3407 3455 3469 salvator
3489 3406 3634 3475 ejus.

2057 3510 2082 3545 ι
2112 3499 2173 3547 ιιι
2212 3492 2418 3564 lampas
2441 3495 2784 3551 accendatur.
2829 3496 2897 3552 Et
2929 3497 3189 3554 videbunt
3220 3505 3405 3569 gentes
3422 3496 3637 3568 justum

2056 3601 2075 3635 ι
2111 3592 2280 3650 tuum,
2301 3592 2358 3641 et
2379 3586 2564 3643 cuncti
2592 3602 2747 3659 reges
2768 3587 3027 3661 inclytum
3054 3598 3225 3645 tuum.
3259 3589 3634 3646 Et:vocabitnr

2055 3694 2075 3727 ι
2105 3676 2203 3732 tibi
2224 3692 2421 3733 nomen
2453 3694 2673 3745 novum,
2704 3681 2850 3750 quod
2869 3698 2932 3738 os
2958 3680 3170 3738 Domini
3201 3684 3518 3741 nominavit.
3559 3684 3632 3739 Et

2054 3783 2072 3819 ‹
2107 3766 2217 3821 eris
2243 3783 2442 3824 corona
2490 3767 2675 3840 gloria:
2717 3770 2963 3827 inmanu
3004 3771 3248 3840 Domini,
3294 3783 3351 3830 et
3379 3773 3628 3832 diadema

2053 3873 2079 3909 ι,
2111 3857 2262 3928 regni
2295 3858 2350 3914 in
2375 3874 2540 3917 manu
2568 3860 2664 3916 Dei
2690 3863 2788 3917 tui.
2803 3862 2939 3935 ,Non
2961 3864 3247 3922 vocaberis.
3269 3864 3412 3926 ultra
3431 3866 3628 3924 dereli-

2049 3962 2071 3995 ε
2110 3955 2220 4012 cta,
2250 3956 2303 4003 et
2332 3959 2477 4005 tam
2514 3958 2606 4006 tua
2634 3966 2740 4017 non
2772 3954 3053 4011 vocabitur
3093 3955 3323 4027 amplius
3357 3954 3622 4021 desolata,

2052 4054 2071 4091 ‹
2108 4037 2202 4093 sed
2226 4030 2508 4098 vocaberis
2534 4044 2785 4101 voluntas
2808 4061 2929 4104 mea
2953 4047 3007 4101 in
3042 4064 3130 4111 ea,
3162 4057 3217 4103 et
3250 4057 3395 4104 terra
3422 4057 3511 4104 tua
3543 4051 3626 4105 in-

2043 4125 2396 4197 habitabitur,
2428 4132 2555 4201 quia
2585 4133 2913 4204 complacuit
2939 4136 3167 4199 Domino
3200 4137 3254 4191 in
3286 4147 3358 4192 te.
3395 4158 3413 4191 ι

2113 4215 2343 4288 Propter
2376 4220 2508 4276 Sion
2552 4240 2655 4281 non
2685 4225 2892 4291 tacebo,
2941 4236 2990 4280 et
3030 4236 3241 4297 propter
3288 4226 3625 4291 Hierusalem

2043 4323 2148 4363 non
2176 4310 2461 4378 quiescam,
2499 4312 2662 4369 donec
2692 4315 3010 4387 egrediatur,
3052 4327 3109 4374 ut
3149 4317 3414 4390 splendor,
3436 4320 3621 4391 justus

2039 4398 2173 4469 ejus.
2222 4399 2325 4471 (Ex
2361 4401 2614 4475 Hieron.)
2654 4405 2753 4462 llic
2781 4409 3058 4479 propheta:
3101 4410 3462 4468 introducitur
3486 4428 3617 4484 per-

2039 4503 2172 4543 sona
2203 4490 2433 4551 dicentis
2457 4512 2470 4548 :
2510 4494 2735 4566 Propter
2757 4497 2888 4554 Sion
2916 4516 3019 4555 non
3043 4500 3244 4568 tacebo,
3271 4485 3372 4559 sed
3392 4513 3499 4559 tam
3524 4506 3615 4561 diu

2012 4580 2298 4648 1clamabo,
2315 4592 2371 4638 et
2390 4585 2643 4654 precibus
2660 4586 2881 4661 jungam
2901 4607 3110 4661 preces,
3124 4594 3296 4651 donec
3323 4596 3503 4653 veniat
3523 4600 3614 4669 qui
3686 4577 3691 4582 I
3720 4642 3729 4647 ς

2034 4674 2334 4742 promissus
2370 4684 2485 4742 est,
2527 4688 2583 4733 et
2624 4681 2969 4750 egrediatur,
3016 4692 3076 4738 ut
3118 4685 3402 4755 splendor,
3435 4687 3615 4758 justus

2034 4761 2173 4831 ejus,
2202 4772 2258 4819 et
2294 4775 2548 4822 cunctum
2570 4771 2760 4826 orbem
2789 4787 2887 4828 suo
2914 4773 3178 4832 illuminet
3206 4777 3510 4849 splendore.

2104 4853 2174 4907 Et
2202 4855 2430 4912 salvator
2456 4860 2594 4930 ejus,
2645 4872 2703 4917 ut
2730 4862 2933 4935 lampas
2976 4868 3314 4926 accendatur.
3363 4872 3480 4943 Ipse
3519 4877 3613 4945 qui

2033 4945 2247 5002 dicebat
2290 4947 2345 5002 in
2384 4948 2713 5021 Evangelia:
2748 4951 2859 5025 Ego
2905 4972 3023 5011 sum
3061 4957 3156 5014 lux
3197 4962 3380 5017 mundi
3423 4962 3606 5035 (Joan.

2033 5036 2174 5126 vin),
2210 5045 2267 5093 et
2287 5039 2352 5093 de
2375 5055 2482 5110 quo
2512 5041 2748 5100 Joannes
2773 5046 2985 5104 dicebat
3011 5068 3024 5102 :
3059 5041 3191 5107 Erat
3213 5052 3307 5109 lux
3330 5071 3468 5120 vera,
3493 5073 3610 5126 qtae

2032 5124 2294 5181 illuminat
2322 5145 2525 5185 omnem
2557 5131 2839 5202 hominem,
2870 5146 2974 5194 etc.
3004 5138 3184 5212 (Joan.
3215 5144 3275 5211 ι).

2102 5213 2173 5269 Et
2202 5216 2443 5274 videbunt
2474 5231 2649 5292 gentes
2679 5223 2886 5294 justum
2926 5237 3104 5297 tuum,
3136 5234 3319 5290 etrel:
3360 5235 3473 5292 Hoc
3500 5247 3605 5305 est,

2032 5305 2289 5364 videbunt
2305 5308 2572 5379 justitiam
2590 5354 2605 5381 ,
2635 5329 2741 5386 qua
2770 5327 3087 5376 cunctorum
3113 5332 3327 5380 creator
3351 5326 3619 5385 misertus»

2033 5404 2114 5452 est
2148 5400 2417 5469 gentibus.

2101 5488 2170 5543 Et
2193 5492 2457 5548 vocabitur
2474 5497 2567 5551 tibi
2595 5515 2780 5555 nomen
2807 5519 3014 5568 novum,
3042 5510 3147 5559 etc.
3179 5505 3235 5561 ld
3269 5516 3374 5575 est,
3406 5526 3610 5583 nequa-

2031 5593 2191 5647 quam
2222 5584 2502 5642 vocabitur
2525 5586 2859 5647 Hierusalem
2899 5602 2954 5647 et
2980 5592 3132 5662 Sion.
3172 5600 3277 5656 sed
3289 5615 3485 5659 nomen
3511 5619 3611 5660 no-

2031 5687 2156 5728 vum
2192 5674 2442 5746 accipiet,
2471 5677 2524 5732 id
2551 5687 2655 5745 est,
2687 5679 3077 5739 Christianum.

2101 5766 2168 5821 Et
2208 5769 2321 5824 eris.
2352 5786 2546 5825 corona
2585 5771 2766 5842 gloria:
2810 5774 2867 5827 in
2900 5790 3061 5832 manu
3087 5779 3317 5850 Domini,
3350 5792 3456 5850 ese.
3488 5785 3606 5841 Erit
