4110 6446
363 387 429 446 il
1178 388 1697 445 COLLECTIONES
1736 388 1803 443 IN
1844 384 2224 442 EPISTOLAS
2260 386 2348 440 ET
2386 384 2794 475 E\'AN.GELIA.
3278 422 3319 476 ~.
3534 388 3607 444 29.

430 509 625 582 Ioseph
656 510 736 580 ﬁli
762 508 950 564 David.
981 507 1211 563 Dieens:
1241 507 1431 581 Ioseph
1457 508 1534 579 [ili
1565 507 1758 573 David,
1784 506 1935 561 blan-
1962 508 2011 566 Α
2038 502 2264 557 mortuis
2303 499 2370 554 ad
2413 498 2612 554 inferos
2645 507 3015 569 perrexerunt.
3056 497 3249 553 Anima
3294 492 3438 554 enim
3483 514 3606 569 qua:

360 603 561 660 dientis
592 601 784 657 affectu
826 601 1136 670 alloquitur,
1172 608 1362 655 utnon
1388 601 1542 669 quasi
1583 584 1824 671 ignotum
1844 612 1937 652 ex-

362 700 593 750 terreret
618 707 773 755 eum,
820 707 940 745 cum
969 700 1025 745 et
1049 691 1265 745 nomine
1307 699 1360 745 et
1401 706 1597 762 genere
1633 698 1790 767 notus
1824 689 1937 744 exi-

363 790 549 839 steret.
579 782 983 836 Familiaritatis
1004 782 1145 835 enim
1179 781 1437 836 indicium
1464 790 1565 847 est,
1597 780 1815 851 proprio
1841 780 1939 834 ali-

358 887 525 942 quem
579 887 773 926 vocare
820 872 1073 937 nomine,
1124 871 1389 941 simulque
1444 858 1737 925 notandum
1794 871 1937 940 quod

362 961 562 1032 Joseph
590 962 730 1016 filius
756 976 874 1016 esse
904 962 1133 1029 dicatur_
1155 961 1342 1025 David,
1391 969 1451 1014 ut
1475 960 1641 1014 Maria
1673 961 1737 1015 de
1766 960 1935 1014 David

361 1042 529 1122 Stirpc
555 1058 968 1106 monstraretur.
1019 1050 1109 1104 Sic
1136 1051 1279 1104 enim
1313 1048 1568 1103 Dominus
1608 1049 1739 1105 Mosi
1768 1051 1933 1104 dicit:

361 1143 533 1200 Nemo
572 1144 673 1199 nisi
719 1145 782 1198 de
815 1144 955 1197 tribu
1002 1159 1097 1196 sua
1147 1140 1397 1211 conjugio
1426 1141 1707 1212 copuletur
1746 1140 1933 1212 (Num.

361 1219 570 1305 xxxvi).
604 1231 813 1304 (γαῖα.)
854 1234 964 1287 Cur
986 1248 1090 1286 non
1120 1230 1284 1286 Iacob
1328 1231 1505 1300 potius
1530 1230 1668 1285 illius
1693 1231 1938 1284 nomina-

360 1331 470 1388 tur,
502 1322 595 1377 sed
621 1321 785 1374 David
815 1319 1044 1375 refertur
1066 1335 1185 1375 esse
1216 1319 1378 1383 filius,
1410 1320 1594 1373 multis
1623 1329 1938 1387 procreato-

361 1412 512 1467 ribus
551 1412 602 1465 in
631 1410 805 1464 medio
836 1410 1126 1473 derelictis,
1180 1411 1281 1465 nisi
1317 1418 1376 1464 ut
1404 1411 1558 1479 origo
1588 1411 1732 1481 regia
1762 1411 1939 1467 decla-

362 1511 575 1558 raretur
594 1542 610 1569 ,
656 1501 722 1557 de
751 1518 858 1572 qua
887 1511 1109 1557 ventura
1150 1502 1542 1573 praedicebatur
1568 1502 1767 1557 Christi
1799 1504 1940 1559 nati-

361 1592 523 1647 vitas.

434 1682 563 1736 Noli
600 1684 779 1737 timere
813 1684 1044 1754 accipere
1085 1682 1312 1737 Mariam
1350 1685 1617 1755 conjugem
1646 1694 1811 1739 luant.
1845 1686 1937 1741 Ti-

354 1775 542 1847 ,mebat
588 1791 821 1846 namque
873 1792 1087 1847 sponsae
1133 1777 1276 1832 illius
1319 1779 1561 1848 profiteri
1611 1761 1936 1850 eonjugrum,

2034 592 2343 662 peccaverit
2368 592 2481 661 ipsa
2508 590 2787 645 morietur.
2818 590 3018 647 Umbra
3060 600 3235 644 autem
3280 591 3469 646 mortis
3510 606 3605 647 eo-

2038 698 2191 748 rum,
2243 684 2334 752 qui
2383 698 2507 737 eum
2553 690 2809 752 peccent,
2859 682 3087 738 necdum
3139 683 3205 737 de
3249 683 3360 737 vita
3402 682 3606 754 egressi

2037 783 2196 837 sunt,
2240 782 2465 842 possunt
2488 773 2666 837 enim,
2698 773 2745 827 si
2772 773 2988 837 volunt,
3019 774 3392 843 paenitentiam
3421 788 3601 845 agere.

2108 863 2372 919 Parvulas
2413 865 2548 918 enim
2591 874 2745 919 natus
2788 870 2863 919 est
2890 865 3035 919 nobis
3054 907 3069 930 ,
3100 877 3148 919 et
3175 864 3318 935 ﬁlius
3344 866 3498 920 datus
3528 875 3605 920 est

2039 954 2204 1007 nobis.
2246 954 2351 1008 Iste
2380 954 2544 1025 igitur
2571 970 2707 1024 puer
2732 954 2823 1025 qui
2850 962 3008 1011 natus
3032 964 3116 1011 est
3141 958 3206 1012 de
3232 958 3440 1028 virgine
3464 999 3478 1023 ,
3510 970 3607 1028 ap-

2037 1045 2267 1115 pellatur
2296 1046 2645 1111 Emmanuel,
2680 1045 2733 1099 id
2763 1054 2875 1108 est,
2910 1047 3188 1101 nobiscum
3218 1048 3395 1114 Deus,
3424 1057 3479 1103 et
3507 1050 3605 1103 ha-

2035 1134 2127 1189 bet
2159 1135 2519 1205 principatum
2552 1151 2714 1206 super
2743 1137 3059 1200 humerum,
3101 1136 3182 1189 vel
3224 1138 3348 1207 quia
3390 1155 3609 1194 crucem

2038 1239 2189 1278 suam
2223 1226 2335 1295 ipse
2362 1226 2632 1295 portavit,
2661 1225 2746 1280 vel
2783 1226 2907 1295 quia
2940 1228 3005 1281 de
3034 1226 3150 1297 ipso
3179 1227 3437 1297 scriptum
3478 1237 3561 1283 est
3591 1247 3604 1282 :

2038 1311 2314 1367 Revelavit
2358 1314 2618 1370 Dominus
2661 1316 2804 1375 Deus
2848 1316 3129 1370 brachium
3171 1323 3414 1369 sanetum
3446 1333 3603 1373 suum

2037 1402 2288 1457 omnibus
2314 1404 2582 1474 gentibus.
2610 1404 2677 1458 Et
2703 1403 2862 1458 illud:
2895 1403 2960 1458 Et
2983 1403 3251 1458 brachium
3277 1404 3492 1459 Domini
3523 1409 3607 1460 cui

2039 1490 2319 1546 revelatum
2361 1502 2433 1545 est
2465 1491 2619 1563 (Isa.
2664 1493 2830 1565 Lm)?
2867 1493 3156 1549 Vocabitur
3182 1510 3313 1564 ergo
3341 1505 3463 1567 post
3504 1497 3610 1551 duo

2039 1579 2255 1633 nomina
2278 1620 2293 1644 ,
2325 1594 2419 1635 sex
2449 1580 2569 1635 aliis
2606 1582 2944 1646 nominibus,
2977 1583 3301 1637 admirabilis
3321 1624 3335 1650 ,
3363 1584 3611 1639 consilia-

2040 1669 2149 1723 rius
2169 1710 2183 1732 ,
2209 1668 2346 1723 Deus
2366 1711 2379 1735 ,
2407 1670 2558 1739 fortis
2579 1713 2592 1736 ,
2618 1670 2783 1725 Pater
2810 1673 2976 1741 futuri
3007 1673 3185 1727 swculi
3206 1715 3220 1740 ,
3249 1676 3486 1746 princeps
3511 1688 3610 1745 pa-

2041 1759 2134 1813 cis.
2168 1759 2283 1815 Non
2309 1761 2488 1827 enim,
2533 1771 2592 1816 ut
2636 1763 2878 1833 plerique
2920 1773 3139 1834 putant,
3186 1758 3303 1819 una'
3333 1764 3609 1836 jungenda

361 1866 516 1937 cuius
573 1869 868 1939 spiritalem
904 1846 1357 1940 ’depreheudem}
1419 1888 1540 1929 esse
1591 1846 1933 1944 ροηέθιςιυηι,
1969 1846 2013 1905 Β
2041 1862 2167 1907 sunt
2206 1854 2464 1944 nomina,
2490 1863 2549 1908 ut
2579 1855 2852 1926 legamus,
2885 1856 3212 1910 admirabilis
3238 1856 3570 1912 consiliarius
3590 1898 3606 1923 ,

359 1956 471 2030 (Ex
499 1959 689 2033 Beda.)
736 1961 998 2031 Accipere
1035 1970 1214 2017 autem
1242 1963 1394 2027 dixit,
1449 1981 1552 2018 non
1597 1965 1663 2019 ad
1704 1964 1935 2036 coniugii

356 2049 629 2118 copulam,
674 2050 769 2106 sed
813 2053 880 2107 ad
914 2052 1173 2122 spiritalis
1217 2054 1473 2110 consortii
1521 2055 1935 2125 inseparabilem

359 2140 695 2194 societatem.
747 2138 969 2195 Mariam
995 2155 1210 2213 quoque
1249 2151 1305 2197 et
1342 2143 1512 2213 ipsam
1549 2146 1772 2215 angelus
1814 2162 1937 2216 pro-

357 2230 478 2299 prio
514 2239 788 2301 nuncupat
834 2232 1082 2298 nomine,
1133 2242 1194 2288 ut
1221 2234 1502 2289 amborum
1547 2237 1762 2291 nomina
1798 2237 1939 2292 desi-

352 2331 486 2393 gnet
509 2324 562 2378 in
593 2324 745 2379 emlis
772 2339 891 2378 esse
918 2324 1208 2395 descripta,
1237 2342 1357 2396 quae
1390 2326 1612 2397 angelus
1641 2328 1938 2384 nominavit

356 2412 411 2465 in
448 2419 615 2466 terra.
649 2411 912 2482 Sequitur
936 2431 950 2467 :

430 2501 587 2568 Quod
618 2504 753 2558 enim
780 2506 832 2558 in
860 2522 921 2559 ea
961 2516 1140 2561 natum
1166 2516 1263 2573 est,
1302 2508 1366 2563 de
1391 2505 1590 2580 Spiritu
1630 2519 1933 2566 sanctoest.

354 2592 413 2649 lu
442 2607 525 2656 ea,
555 2594 747 2663 inquit,
778 2603 983 2660 natum,
1016 2612 1121 2651 non
1154 2598 1491 2654 extrinsecus
1516 2601 1859 2655 seminatum.

426 2683 609 2738 Pariet
639 2695 813 2739 autem
853 2686 1022 2755 ﬁlium
1052 2698 1100 2743 et
1127 2691 1331 2745 vocabis
1365 2683 1550 2747 namen
1591 2694 1704 2764 ejus
1727 2695 1932 2750 Iesum.

356 2775 479 2845 Ipse
522 2776 661 2829 enim
709 2776 909 2831 salvum
956 2778 1113 2847 faciet
1148 2779 1394 2852 populum
1433 2800 1587 2837 suum
1633 2802 1663 2838 a
1708 2786 1934 2854 peccatis

354 2883 555 2922 eorum.
595 2866 856 2939 Sequitur
893 2871 1214 2942 etymologia
1240 2874 1474 2929 nominis
1496 2872 1658 2942 Jesu,
1699 2892 1820 2930 cum
1849 2877 1933 2932 di-

355 2955 465 3010 cit:
501 2954 720 3011 Salvum
760 2958 916 3029 faciet
948 2960 1197 3031 populum
1239 2980 1411 3018 suum.
1442 2965 1582 3021 Vere
1611 2982 1741 3022 suus
1765 2983 1934 3041 popu-

356 3039 442 3096 lus
467 3048 570 3109 est,
599 3044 690 3113 qui
727 3060 824 3114 per
852 3045 1026 3115 ipsum
1054 3046 1234 3102 salvus
1270 3048 1327 3102 lit
1353 3065 1382 3102 a
1407 3053 1661 3120 peccatis.

647 3149 840 3188 LECTIO
870 3151 1023 3193 ISAIE
1051 3153 1342 3193 ΡΚΟΡΠΕΤᾸΞ
1363 3180 1378 3205 ,
1409 3157 1527 3195 CAP.
1560 3158 1634 3196 IX.

2038 1952 2095 1997 et
2136 1959 2348 1997 rursum
2369 1985 2383 2009 ,
2409 1943 2552 1999 Deus
2589 1946 2739 2015 fortis
2767 1986 2781 2007 ,
2817 1946 2911 2000 sed
2946 1945 3292 2001 adimirabilis
3326 1946 3610 2019 legendum

2036 2042 2119 2088 est
2157 2036 2450 2104 separatim
2471 2077 2485 2101 ,
2529 2037 2671 2106 quod
2704 2036 2968 2092 llebraice
3000 2037 3198 2091 dicitur
3234 2021 3375 2102 ὼε,
3402 2046 3462 2092 et
3486 2053 3610 2092 cou-

2034 2126 2270 2181 siliarius
2330 2143 2612 2194 seorsum,
2666 2130 2757 2199 qui
2827 2130 3005 2201 lingua
3068 2145 3254 2185 eorum
3308 2129 3611 2200 appellatur

2034 2225 2187 2302 γῖπν,
2220 2226 2275 2272 et
2316 2218 2456 2273 Deus
2497 2219 2790 2289 separatim
2812 2260 2825 2284 ,
2858 2220 2949 2290 qui
2992 2218 3253 2274 llebraice
3287 2203 3360 2278 5N
3389 2218 3609 2284 dicitur,

2037 2307 2189 2377 fortis
2231 2307 2492 2363 llebraiee
2537 2312 2672 2369 '11::
2711 2308 3048 2380 appellatur:
3082 2316 3291 2378 patrem
3322 2317 3500 2362 autem
3527 2306 3610 2362 fu-

2040 2396 2143 2449 turi
2172 2397 2350 2451 saeculi
2370 2439 2384 2463 ,
2412 2400 2554 2468 quod
2581 2400 2633 2453 in
2662 2408 2847 2453 nostra
2874 2399 3155 2454 vocatione
3183 2399 3485 2469 completur
3512 2412 3526 2452 :
3555 2409 3612 2453 et

2035 2486 2334 2557 principem
2363 2489 2545 2558 pacis,
2578 2490 2668 2559 qui
2712 2489 2923 2545 loeutus
2949 2498 3033 2545 est
3060 2489 3127 2544 ad
3157 2488 3466 2559 apostolos:
3502 2488 3611 2542 Pa-

2037 2595 2150 2633 cem
2196 2596 2366 2634 meam
2411 2579 2478 2636 do
2525 2580 2698 2646 vobis,
2747 2597 2925 2651 pacem
2974 2597 3139 2635 meam
3189 2579 3425 2653 relinquo
3468 2580 3608 2635 vobis

2036 2667 2236 2740 (Joau.
2269 2670 2401 2741 xx).
2446 2669 2564 2726 Non
2608 2670 2910 2735 dubitabit,
2959 2673 3051 2740 qui
3095 2686 3282 2743 pacem
3331 2680 3606 2737 nostram,

2027 2761 2186 2833 juxta
2210 2764 2525 2834 Apostolum
2542 2806 2558 2832 ,
2586 2780 2708 2821 esse
2732 2765 2922 2836 legerit
2947 2766 3232 2821 Dominum
3259 2765 3603 2822 salvatorem.

2105 2856 2547 2929 Multiplicabilur
2580 2858 2696 2930 ejus
2737 2859 3013 2931 imperium
3035 2900 3049 2923 ,
3092 2868 3138 2913 et
3181 2860 3331 2930 pacis
3369 2858 3474 2913 non
3508 2858 3607 2913 erit

2032 2948 2174 3019 ﬁnis.
2222 2948 2333 3005 Nec
2376 2949 2625 3006 dubitare
2667 2951 2866 3022 poterit
2905 2952 2972 3006 dc
3011 2950 3294 3022 multiplici
3323 2950 3608 3006 salvatoris

2034 3039 2260 3110 imperio
2301 3049 2354 3096 ct
2386 3056 2519 3111 pace
2564 3040 2680 3110 ejus
2705 3084 2719 3107 ,
2763 3057 2885 3113 quae
2914 3058 3017 3097 non
3049 3043 3249 3097 habeat
3287 3041 3482 3106 linem,
3513 3042 3606 3111 qui

2034 3129 2088 3184 in
2116 3129 2343 3186 Psalmis
2369 3130 2561 3202 legerit
2586 3148 2602 3186 :
2635 3131 2859 3188 Postulo
2887 3151 2917 3187 α
2948 3149 3031 3187 me
3055 3143 3103 3188 et
3130 3132 3264 3187 dabo
3296 3132 3389 3187 tibi
3419 3142 3595 3203 gentes

428 3238 452 3275 ι
495 3220 732 3294 populus
765 3227 1006 3295 genuum
1045 3229 1139 3298 qui
1177 3230 1492 3286 ambulabai
1537 3232 1592 3287 ίη
1646 3235 1927 3303 tenebris,
1957 3214 2001 3275 C
2031 3219 2387 3275 luereditatcm
2435 3231 2584 3275 tuam
2635 3230 2684 3276 et
2730 3222 3105 3293 possessionem
3157 3231 3302 3276 tuam
3354 3222 3603 3279 terminos

356 3330 382 3368 ι
413 3313 548 3369 vidit
584 3313 759 3370 lucem
788 3332 1062 3389 magnam,
1084 3319 1458 3377 habitantibus
1487 3323 1540 3377 in
1568 3325 1788 3394 regione
1815 3342 1932 3380 um-

363 3422 384 3454 ί
418 3402 532 3459 bra:
571 3406 763 3461 mortis
805 3406 897 3461 lux
921 3417 1043 3463 orta
1069 3417 1155 3464 est
1178 3410 1277 3464 eis.
1307 3410 1573 3467 Parvulus
1600 3415 1743 3469 enim
1775 3422 1932 3472 natus

367 3512 386 3544 ι
424 3502 511 3549 est
538 3495 695 3551 nobis
715 3537 731 3562 ,
761 3504 815 3553 et
843 3497 985 3554 filius
1013 3498 1172 3555 datus
1203 3509 1287 3556 est
1324 3502 1499 3558 nobis.
1537 3504 1604 3558 Et
1640 3504 1814 3562 factus
1848 3518 1932 3564 est

357 3601 378 3635 ι
411 3585 750 3656 principatus
794 3588 913 3659 ejus
952 3605 1115 3662 super
1160 3593 1443 3648 humerum
1484 3594 1621 3663 ejus.
1665 3596 1733 3651 Et
1769 3613 1931 3654 voea-

354 3676 378 3722 ‘c
410 3672 562 3728 bitur
583 3678 787 3731 'nomen'
816 3675 933 3745 ejus
961 3679 1326 3750 admirabilis,
1359 3685 1730 3753 consiliarius,
1762 3687 1925 3757 Deus,

357 3782 377 3816 ι
414 3764 602 3833 fortis,
631 3767 793 3823 Pater
821 3768 987 3825 futuri
1023 3774 1236 3840 saeculi,
1266 3776 1516 3849 princeps
1543 3780 1710 3848 pacis.
1745 3780 1925 3836 Multi-

357 3874 378 3907 ‹
413 3858 709 3929 plicabitur
742 3860 859 3930 ejus
896 3864 1215 3935 imperium,
1255 3877 1309 3922 et
1340 3870 1492 3939 pacis
1527 3871 1646 3940 ejus
1682 3889 1789 3928 non
1825 3875 1929 3929 erit

357 3967 377 4000 σ
415 3950 558 4005 linis.
588 3952 762 4021 Super
807 3954 1003 4010 solium
1050 3958 1220 4013 David
1259 3968 1517 4036 et_super
1550 3981 1774 4037 regnum
1810 3964 1927 4035 ejus

358 4058 378 4089 ι
414 4040 656 4108 sedebit,
693 4052 752 4097 ut
785 4046 1068 4103 conﬁrmet
1102 4050 1233 4106 illud
1265 4059 1321 4106 et
1353 4057 1670 4112 corroboret
1704 4059 1757 4113 in
1781 4059 1926 4129 judi-

357 4146 377 4180 ι
412 4129 497 4184 cio
519 4138 573 4185 et
606 4129 837 4199 justitia,
876 4138 1072 4198 amodo
1116 4146 1172 4193 et
1213 4156 1384 4211 usque
1419 4143 1473 4197 in
1514 4147 1920 4217 sempiternum.

356 4235 377 4270 ι
412 4219 571 4275 Zelus
600 4222 804 4278 domini
835 4223 997 4281 faciet
1026 4228 1149 4283 hoc.
1190 4249 1208 4281 ι

422 4313 661 4387 Populus
699 4319 927 4389 gentium
965 4322 1055 4391 qui
1092 4322 1393 4379 ambulabat
1429 4327 1486 4381 in
1529 4329 1750 4384 tenebris
1797 4331 1924 4386 vidit

352 4408 517 4464 lucem
552 4426 815 4480 magnam.
871 4410 989 4483 (Ex
1041 4412 1306 4485 Hieron.)
1363 4415 1462 4471 llic
1512 4416 1663 4474 locus
1717 4420 1795 4475 ita
1826 4436 1923 4475 ex-

349 4498 629 4570 planatus,
661 4499 977 4555 adveniente
1011 4499 1228 4556 Christo
1270 4512 1325 4557 et
1361 4507 1746 4576 praedicatione
1777 4510 1919 4566 illius

2026 3318 2184 3363 terra
2212 3306 2399 3380 (Psal.
2425 3309 2526 3382 ιι).
2570 3311 2638 3365 Et
2678 3327 2935 3366 rursum:
2980 3312 3049 3366 Et
3086 3312 3372 3367 multitudo
3412 3313 3603 3383 pacis,

2031 3399 2203 3455 donec
2243 3398 2521 3455 auferatur
2555 3400 2680 3456 luna
2721 3400 2741 3473 (
2768 3400 2911 3456 Psal.
2940 3419 3086 3459 usu
3109 3402 3162 3473 ),
3195 3402 3246 3456 id
3276 3408 3395 3467 est,
3435 3417 3605 3472 usque

2030 3489 2096 3544 ad
2126 3491 2644 3547 consummationem
2674 3492 2876 3547 saeculi.

2100 3576 2273 3650 Super
2296 3578 2487 3636 solium
2512 3581 2684 3636 David
2725 3591 2772 3637 et
2799 3599 2955 3654 super
2986 3599 3199 3655 regnum
3226 3584 3363 3656 ejus,
3382 3592 3451 3639 .ut
3480 3601 3605 3638 cou-

2025 3668 2197 3736 ﬁrmet
2238 3667 2375 3723 illud
2415 3680 2464 3725 et
2506 3671 2839 3739 corroboret,
2883 3681 2990 3729 etc.
3033 3673 3374 3754 Principatus
3418 3684 3602 3737 autem

2028 3758 2167 3815 illius
2194 3767 2251 3816 et
2276 3761 2562 3832 imperium
2587 3764 2692 3819 erit
2718 3780 2880 3837 super
2906 3766 3099 3821 solium
3142 3775 3199 3823 et
3243 3782 3468 3840 regnum
3498 3767 3608 3823 Da~

2025 3851 2114 3906 vid
2134 3892 2148 3915 ,
2176 3854 2319 3921 quod
2344 3862 2465 3923 post
2490 3856 2859 3927 captivitatem
2884 3857 3261 3931 Babylonicam
3290 3859 3466 3915 fuerat
3492 3861 3604 3917 dis-

2025 3940 2257 4011 sipatum
2276 3982 2292 4009 ,
2317 3951 2377 3998 ut
2400 3944 2684 4001 confirmet
2706 3945 2836 4002 illud
2861 3956 2915 4002 et
2944 3950 3162 4005 roboret
3185 3958 3241 4004 et
3268 3950 3457 4006 doceat
3481 3964 3602 4007 esse

2024 4042 2365 4104 perpetuum.
2401 4034 2481 4091 Ne
2505 4052 2660 4094 cassa
2690 4041 3038 4109 repromissio
3080 4041 3177 4101 Dei
3216 4043 3491 4113 judicetur
3532 4044 3600 4099 ab

2025 4121 2417 4181 incarnationis
2441 4134 2685 4197 tempore
2709 4143 2878 4198 usque
2905 4130 2960 4183 in
2989 4130 3396 4201 sempiternum.

2028 4233 2032 4237 ’
2092 4210 2249 4267 Zelus
2279 4212 2491 4270 Domini
2518 4218 2837 4272 exercituum
2862 4219 3018 4288 faciet
3046 4219 3162 4273 hoc.
3195 4219 3371 4286 Zelus,
3400 4221 3453 4276 id
3482 4231 3597 4285 est,

2022 4304 2291 4362 aemulatio
2316 4306 2528 4362 Domini
2552 4308 2679 4364 fecit
2715 4311 2846 4377 hoc,
2888 4313 3013 4385 quia
3054 4314 3156 4385 ipsi
3186 4330 3309 4371 eum
3340 4317 3406 4371 ad
3433 4332 3601 4373 temu-

2023 4392 2279 4452 lationem
2310 4409 2744 4467 provocaverunt
2772 4402 2827 4455 in
2859 4403 2944 4458 his
2973 4405 3062 4473 qui
3092 4420 3195 4460 non
3227 4415 3384 4462 erant
3411 4409 3513 4473 dii,
3543 4418 3599 4464 et

2024 4486 2113 4541 ille
2149 4502 2243 4543 eos
2284 4492 2596 4559 provocavit
2635 4492 2702 4547 ad
2744 4495 3104 4551 :emulandum
3134 4498 3189 4552 in
3219 4509 3435 4569 gentem
3478 4515 3597 4571 qua:

349 4561 698 4654 coruscante,
748 4589 924 4656 primo
973 4598 1117 4645 terra
1170 4561 1411 4648 Zabuldn
1462 4605 1516 4651 et
1571 4597 1916 4667 Nephtbalim

2030 4593 2128 4634 non
2157 4588 2274 4636 erat
2299 4582 2477 4654 gens.(
2499 4581 2650 4636 Rom.
2676 4599 2733 4637 χι
2754 4583 2797 4656 ).

350 4677 662 4733 Scribarum
681 4686 737 4734 et
757 4678 1151 4735 Phariszeorum
1176 4683 1455 4741 erroribus
1483 4694 1566 4742 est
1592 4687 1839 4755 liberata,
1864 4698 1920 4744 et

349 4767 729 4837 gravissimum
762 4760 1110 4823 traditionum
1141 4768 1485 4828 Judaiearum
1510 4773 1696 4845 jugum
1724 4792 1918 4834 excus-

348 4858 421 4912 sit
449 4857 516 4912 de
547 4858 851 4913 cervicibus
879 4860 1021 4925 suis,
1054 4870 1240 4931 postea
1266 4879 1362 4932 per
1388 4863 1735 4937 Evangelium
1765 4868 1917 4925 Pauli

346 4947 609 5018 apostoli,
641 4948 731 5016 qui
768 4949 1092 5005 novissimus
1120 4953 1483 5021 apostolorum
1512 4957 1753 5011 omnium
1784 4957 1915 5026 fuit,

348 5037 626 5108 ingravata
653 5049 769 5104 est,
804 5040 856 5095 id
885 5052 1001 5107 est,
1039 5042 1391 5113 multiplicata
1429 5046 1743 5114 praedicatio
1779 5050 1913 5105 etin

347 5130 608 5185 terminos
643 5132 916 5202 gentium,
953 5145 1009 5188 et
1042 5133 1185 5187 viam
1223 5136 1463 5199 universi
1502 5138 1668 5192 maris
1710 5138 1913 5196 Christi

345 5221 696 5292 Evangelium
744 5223 1034 5293 splenduit.
1085 5225 1327 5295 Denique
1369 5228 1547 5283 omnis
1591 5230 1771 5296 orbis,
1821 5234 1913 5304 qui

345 5317 472 5365 ante
501 5310 840 5377 ambulabat,
873 5312 958 5367 vel
988 5312 1209 5369 sedebat
1235 5316 1286 5368 in
1318 5318 1585 5386 tenebris,
1614 5327 1669 5375 et
1697 5321 1914 5378 idolola-

343 5399 462 5455 trire
506 5416 571 5455 ac
614 5402 806 5456 mortis
852 5403 1082 5460 vinculis
1127 5408 1431 5477 tenebatur,
1477 5409 1685 5466 clarum
1729 5411 1908 5475 lumen

343 5492 618 5561 Evangelii
646 5495 874 5565 aspexit.

414 5580 787 5639 Habitantibus
824 5586 881 5639 in
918 5586 1127 5657 regione
1164 5589 1365 5644 umbra:
1397 5594 1612 5658 mortis,
1659 5592 1754 5649 lus:
1791 5605 1909 5651 orta

340 5683 417 5728 est
456 5675 551 5728 eis.
596 5674 742 5729 Inter
780 5684 1012 5732 mortem
1050 5684 1105 5732 et
1140 5672 1388 5735 umbram
1423 5683 1615 5737 mortis
1646 5683 1748 5739 hoc
1788 5700 1909 5741 esse

341 5773 507 5839 puto,
554 5767 697 5822 ouod
745 5783 892 5824 mors
941 5783 1136 5827 eorum
1179 5777 1302 5836 est,
1349 5772 1440 5841 qui
1486 5788 1609 5829 eum
1654 5776 1908 5846 operibus

2393 4709 2739 4750 EVANGELIUI-
2766 4711 2940 4761 ωσι,
2978 4712 3095 4753 CAP.
3139 4717 3199 4759 ll.

2095 4796 2114 4827 ι
2152 4778 2375 4834 Factum
2407 4790 2490 4836 est
2517 4793 2698 4838 autem
2724 4785 2778 4838 in
2808 4785 2998 4843 diebus
3026 4788 3149 4843 illis.
3182 4791 3326 4851 Exiit
3355 4794 3594 4852 edictum

2024 4861 2046 4919 ἆ
2083 4885 2114 4924 a
2161 4870 2372 4926 Czesare
2417 4873 2690 4943 Augusto,
2740 4886 2800 4932 ut
2854 4879 3254 4939 describeretur
3298 4887 3584 4946 universus

2023 4978 2045 5011 ι
2080 4960 2250 5015 orbis.
2303 4962 2430 5018 llaec
2468 4964 2757 5036 descriptio
2794 4969 2969 5038 prima
3011 4971 3151 5031 facta
3188 4984 3271 5031 est
3298 4992 3329 5030 a
3357 4980 3586 5047 praeside

2022 5069 2042 5103 ι
2077 5050 2249 5122 Syria:
2287 5053 2505 5125 Cyrino.
2551 5055 2618 5113 Et
2656 5058 2808 5113 ibant
2844 5076 3034 5117 omnes
3081 5072 3141 5119 ut
3181 5066 3586 5139 profiterentur,

2023 5162 2042 5194 σ
2079 5144 2273 5215 singuli
2304 5145 2359 5200 in
2388 5148 2660 5203 civitatem
2689 5165 2861 5206 suam.
2892 5153 3153 5213 Ascendit
3181 5167 3359 5214 autem
3400 5172 3457 5216 et
3498 5160 3590 5219 Jo-

2022 5253 2040 5285 ι
2078 5237 2208 5308 seph
2252 5252 2283 5291 a
2324 5237 2545 5295 Galilzea
2581 5241 2649 5296 de
2685 5242 2904 5300 civitate
2943 5244 3205 5305 Nazareth
3234 5249 3286 5304 in
3312 5249 3584 5319 Iudaeam,

2021 5345 2040 5377 ι
2076 5328 2130 5382 in
2174 5330 2448 5386 civitatem
2490 5332 2692 5400 David,
2739 5351 2859 5406 quae
2903 5346 3126 5395 vocatur
3170 5340 3475 5408 Bethleem,
3520 5361 3588 5400 eo

2019 5436 2037 5469 ι
2074 5420 2216 5489 quod
2247 5430 2393 5478 esset
2420 5424 2487 5478 de
2514 5425 2675 5483 domo
2704 5437 2759 5484 et
2785 5427 2983 5489 familia
3027 5433 3226 5499 David,
3269 5444 3328 5492 ut
3364 5438 3586 5508 proﬁteq

2018 5527 2036 5559 ι
2071 5518 2222 5565 retur
2245 5528 2367 5567 cum
2392 5513 2559 5570 Maria
2583 5517 2907 5588 desponsata
2932 5522 3035 5578 sibi
3059 5539 3228 5581 uxore
3251 5530 3585 5600 praegnante.

2018 5617 2036 5651 ‹
2071 5599 2296 5692 Factum
2324 5613 2408 5659 est
2434 5614 2616 5662 autem
2659 5625 2781 5666 eum
2830 5600 3013 5669 essent
3056 5615 3160 5684 ibi,
3206 5599 3413 5692 impleti
3453 5633 3586 5682 sunt

2018 5708 2038 5741 ι
2071 5690 2188 5747 dies
2216 5700 2273 5747 ut
2300 5704 2540 5763 pareret.
2581 5698 2649 5753 Et
2684 5702 2895 5772 peperit
2924 5701 3093 5761 ﬁlium
3124 5690 3583 5787 suum—primoge-

2018 5801 2036 5836 ‹
2073 5784 2275 5852 nilum,
2319 5795 2373 5842 et
2410 5790 2603 5859 pannis
2643 5806 2766 5848 eum
2810 5793 3066 5867 invclvit,
3107 5809 3163 5857 et
3205 5784 3576 5864 reclinavit'in
