4110 6460
515 334 588 392 23
1355 372 1362 383 ο
1803 334 2155 392 SMARAGDI
2194 332 2488 397 ABBATIS
3680 337 3755 396 9-4

505 466 542 510 ³ι
575 445 873 518 praasepio,
896 445 1021 517 quia
1051 461 1156 500 non
1186 452 1302 501 erat
1329 444 1380 500 ei
1404 440 1556 502 locu‘s
1583 446 1637 515 in
1665 446 1982 513 diversorio,
2011 448 2079 509 Et
2106 454 2157 514 Α
2180 463 2435 527 prospera
2480 447 2661 511 mundi
2702 449 2862 509 simul
2901 458 2957 503 et
3002 448 3230 515 adversa
3273 457 3650 519 contemnere,
3697 461 3755 511 et

522 556 543 590 ι
579 546 827 609 pastores
863 545 1022 592 erant
1048 536 1103 590 in
1134 536 1353 608 regione
1376 537 1568 603 eadem
1596 538 1882 608 vigilantes
1909 547 1965 593 et
1990 554 2083 593 cu-

522 647 542 681 t
579 628 876 689 stodientes
915 626 1126 698 vigilias
1164 627 1344 686 noctis
1370 642 1534 698 supra
1558 642 1775 699 gregem
1805 644 1981 683 suum.
2012 629 2085 697 Et

520 735 541 771 ι
574 733 704 775 ecce
728 715 950 786 angelus
987 715 1200 770 Domini
1242 716 1391 770 stetit
1424 714 1579 784 juxta
1616 715 1734 779 illos
1774 725 1831 772 et
1866 717 2085 776 claritas

509 796 543 864 “‹
576 810 675 868 Dei
717 806 1072 868 circumfulsit
1115 807 1257 862 illos.
1301 808 1368 861 Et
1408 808 1705 863 timuerunt
1743 809 1934 874 timore
1964 825 2083 863 ma-

521 919 541 952 ι
574 914 708 970 gno,
749 906 805 953 et
844 898 982 954 dixit
1021 896 1130 957 illis
1165 896 1427 967 angelus:
1468 897 1645 953 Nolite
1689 898 1901 957 timere.
1945 899 2084 960 Ecce

518 1008 539 1041 ι
573 988 719 1049 enim
761 985 1071 1057 evangelizo
1114 984 1271 1049 vobis
1313 985 1567 1056 gaudium
1608 1002 1896 1057 magnum,
1940 988 2085 1062 quod

518 1096 538 1128 ι
573 1076 679 1133 erit
704 1075 851 1132 omni
880 1075 1077 1147 populo
1095 1115 1111 1145 ,
1143 1076 1269 1144 quia
1298 1083 1460 1143 natus
1486 1085 1570 1131 est
1603 1077 1761 1132 nobis
1789 1076 1949 1133 hodie
1977 1078 2085 1141 sal-

518 1189 537 1221 ι
573 1179 746 1234 valor,
777 1168 868 1239 qui
905 1176 989 1224 est
1032 1165 1281 1223 Christus
1322 1168 1612 1237 Dominus,
1645 1168 1699 1227 in
1730 1169 1949 1231 civitate
1979 1171 2083 1225 Da-

518 1277 537 1312 ι
573 1260 683 1319 vid.
732 1259 800 1321 Et
847 1259 955 1322 hoc
992 1256 1144 1313 vobis
1190 1259 1441 1331 signum:
1486 1257 1774 1321 invenietis
1821 1257 2081 1314 infantem

426 1348 431 1353 '
515 1367 535 1401 ε
568 1348 764 1422 pannis
819 1348 1119 1407 involutum
1154 1355 1210 1402 et
1238 1346 1472 1416 positum
1503 1347 1556 1400 in
1585 1348 1866 1418 przesepio.
1900 1348 1967 1403 Et
1993 1364 2083 1405 su—

513 1460 536 1496 ι
570 1444 684 1500 bito
722 1441 863 1497 facta
888 1449 972 1497 est
1000 1457 1123 1497 cum
1148 1441 1338 1511 angelo
1367 1440 1654 1495 multitudo
1683 1441 1889 1496 militiae
1917 1443 2082 1499 coale-

512 1554 534 1588 ι
571 1537 698 1602 stis,
741 1535 1076 1591 laudantium
1118 1535 1287 1590 Deum
1326 1542 1381 1590 et
1425 1534 1756 1590 dicentium:
1800 1534 1980 1592 Gloria
2024 1537 2080 1591 in

458 1620 463 1625 ’
514 1645 533 1679 ι
571 1627 850 1690 altissimis
886 1626 1019 1692 Deoi
1045 1626 1113 1695 Et
1150 1625 1204 1681 in
1243 1634 1383 1697 terra
1422 1642 1531 1697 pax
1573 1626 1884 1683 hominibus
1926 1628 2081 1684 bonae

511 1736 535 1770 ι
569 1714 879 1774 voluntatis.
918 1736 937 1771 ι

575 1809 720 1865 Exiit
751 1809 977 1869 edictum
1008 1825 1041 1864 a
1070 1807 1283 1875 Cresam
1314 1809 1578 1880 Augusto,
1611 1819 1666 1864 ut
1696 1810 2074 1870 dcscriberetur
2101 1798 2148 1857 Β

504 1902 776 1960 universus
819 1902 978 1965 orbis,
1022 1900 1142 1973 (Ex
1172 1900 1377 1973 Beda.)
1405 1900 1522 1956 Non
1551 1901 1725 1959 solum
1754 1912 1935 1959 autem
1961 1906 2079 1965 haec

504 2009 643 2050 nova
684 1994 868 2056 mundi
914 1994 1211 2066 descriptio
1236 1994 1379 2050 illius
1425 1997 1621 2063 summi
1652 1997 1794 2069 regis
1825 1997 2075 2063 adventui

502 2084 872 2145 testimonium
901 2085 1248 2156 perhibebat,
1281 2084 1374 2155 qui
1405 2094 1796 2158 congregatos,
1826 2103 1858 2142 a
1888 2087 2077 2143 mundi

499 2176 676 2248 plagis
715 2175 995 2243 omnibus,
1035 2177 1237 2232 eiectos
1280 2192 1440 2243 suos,
1469 2186 1688 2236 aeternae
1728 2178 2076 2242 beatitudinis

499 2271 625 2329 albo
662 2271 1063 2338 conscriberet,
1101 2273 1457 2327 verumetiam
1495 2271 1750 2341 ejusdem;
1785 2273 1937 2343 regni
1978 2274 2077 2330 dua

498 2377 625 2428 ces,
660 2362 842 2432 quieta
871 2362 953 2418 sui
987 2362 1372 2425 moderaminis
1399 2377 1533 2434 pace
1554 2361 1799 2433 juvabat.
1831 2362 1970 2431 Quia
1995 2364 2077 2418 ni-

497 2454 700 2511 mirum
747 2452 1074 2523 compressis
1121 2468 1152 2507 a
1206 2453 1514 2522 praeliorum
1563 2453 1776 2510 turbine
1825 2455 2076 2525 gentibus

498 2546 767 2603 universis
785 2585 803 2612 ,
828 2545 1221 2617 praedicaturus
1246 2545 1365 2600 orbi
1392 2544 1596 2600 Christi
1621 2545 1940 2614 discipulos,
1966 2561 2074 2616 quo

493 2636 629 2695 libet
668 2645 893 2707 propter
935 2635 1160 2691 verbum
1209 2635 1290 2689 ire
1328 2634 1557 2699 vellent,
1603 2635 1669 2691 ab
1708 2635 2073 2706 ingruentium

493 2725 711 2787 fervore
749 2727 1104 2790 seditionum,
1152 2725 1434 2781 tremenda
1471 2725 1528 2781 id
1573 2727 1863 2798 temporis,
1902 2735 1962 2782 ut
1996 2727 2073 2783 ita

493 2819 725 2877 dixerim
752 2859 768 2884 ,
796 2816 1027 2878 Romani
1071 2816 1309 2885 nominis
1343 2817 1532 2871 umbra
1560 2818 1896 2888 protegebat.
1927 2818 2074 2874 Exiit

493 2923 627 2983 ergo
655 2908 894 2965 edictum
924 2923 956 2963 a
984 2906 1198 2970 Caesare
1236 2907 1512 2980 Augusto,
1555 2915 1613 2963 ut
1652 2924 1877 2965 censum
1913 2910 2075 2982 proli-

488 2990 702 3058 teretur
746 3000 1034 3060 universus
1072 2998 1248 3065 orbis,
1296 3000 1423 3069 quia
1471 3000 1787 3061 imminebat
1833 3001 2071 3058 edictum

494 3092 640 3163 regis
665 3090 889 3156 Christi,
919 3106 1029 3162 quo
1049 3089 1277 3147 salutem
1313 3100 1741 3161 consequeretur
1780 3092 2067 3148 universus

491 3182 675 3249 orbis,
717 3182 811 3252 qui
849 3181 1174 3249 vocabulum
1213 3180 1444 3251 Augusti
1486 3179 1881 3250 perfectissime
1919 3198 2068 3259 com:

488 3272 647 3344 piens
663 3312 681 3339 ,
709 3280 769 3328 ut
796 3280 921 3343 pote
947 3287 1074 3338 suos
1098 3280 1155 3326 et
1179 3285 1471 3343 augescere
1496 3271 1839 3343 desiderans,
1870 3281 1927 3331 et
1952 3273 2067 3344 ipse

490 3377 691 3432 augere
731 3361 1035 3438 sufﬁciens,
1065 3362 1383 3431 censoribus
1420 3376 1532 3422 sua:
1566 3361 1919 3432 professionis
1957 3380 2066 3426 non

494 3452 770 3509 ablatione
803 3452 1051 3522 pecuniae
1089 3450 1392 3525 subjectos,
1424 3452 1519 3511 sed
1548 3450 1673 3506 ﬁdei
1698 3452 1968 3507 oblatione
1993 3452 2066 3517 si-

492 3556 663 3613 gnare
689 3542 947 3612 praecepit
972 3559 987 3607 ξ
1017 3541 1239 3612 Eunus,
1269 3543 1549 3615 inquiens,
1580 3543 1635 3603 in
1662 3542 1916 3597 mundum
1947 3543 2066 3596 uni-

490 3648 728 3698 versum,
754 3633 1039 3703 prwdicate
1079 3630 1419 3708 Evangelium
1458 3632 1600 3703 omni
1642 3642 1898 3687 creatura:
1925 3651 1945 3686 :
1974 3634 2065 3704 qui

493 3721 773 3781 crediderit
797 3731 847 3778 et
874 3723 1168 3794 baptizatus
1195 3723 1352 3794 fuerit
1375 3722 1550 3786 salvus
1570 3724 1670 3791 erit
1699 3723 1894 3795 (Marc.
1925 3724 2060 3797 xvi).

562 3808 694 3865 Haec
743 3812 1021 3883 descriptio
1060 3813 1232 3883 prima
1273 3813 1415 3883 facta
1457 3822 1553 3869 est.
1599 3812 1883 3885 Signiﬁcat
1922 3815 2063 3875 hanc

495 3900 913 3971 descriptionem
952 3901 1036 3965 vel
1071 3902 1300 3971 primam
1341 3917 1462 3957 esse
1503 3917 1691 3957 earum
1734 3918 1854 3972 qua:
1889 3910 2060 3961 totum

488 3991 675 4048 orbem
703 3993 1102 4059 conciuserint,
1133 3993 1258 4064 quia
1286 3993 1553 4067 pleraeque
1585 3992 1698 4063 jam
1733 4002 1917 4069 partes
1956 4002 2063 4048 ter-.-

491 4098 675 4138 rarum
721 4098 863 4156 saepe
904 4083 1156 4155 leguntur
1201 4081 1367 4140 fuisse
1413 4082 1729 4167 descriptae,
1778 4083 1863 4143 vel
1910 4091 2061 4141 terte

487 4173 666 4242 primo
694 4181 821 4229 tunc
858 4174 1121 4249 coepisse,
1148 4175 1366 4242 quando
1395 4173 1693 4245 Cyrenius,
1718 4172 1804 4227 vir
1828 4188 1966 4227 unus
1992 4189 2059 4229 ex

489 4276 756 4318 consensu
784 4264 948 4318 curia:
987 4264 1264 4329 Romanae,
1295 4279 1325 4318 a
1355 4263 1588 4330 Caesare,
1611 4261 1701 4331 jus
1729 4264 2060 4335 darqenti—

485 4350 591 4410 bus
609 4389 625 4415 ,
655 4348 869 4420 Syriam
900 4351 1100 4407 missus
1127 4360 1230 4406 est.
1264 4352 1543 4419 Quomodo
1572 4362 1728 4419 tunc,
1758 4353 2057 4423 imperante

483 4441 729 4511 Augusto
752 4450 808 4500 et
835 4440 1068 4517 Cyrenio
1090 4442 1436 4523 praesidente,
1462 4443 1611 4497 ibant
1633 4458 1821 4498 omnes
1847 4454 1906 4497 ut
1934 4457 2059 4498 cen-

487 4547 609 4586 sum
635 4532 1043 4602 profiterentur,
1075 4533 1271 4603 singuli
1302 4533 1355 4588 in
1383 4549 1534 4589 suam
1561 4534 1839 4599 civitatem
1858 4574 1874 4599 ,
1903 4534 1975 4589 ita
2002 4542 2057 4590 et

466 4637 631 4677 .nunc
654 4622 951 4693 imperante
974 4639 1071 4695 per
1101 4623 1354 4678 Ecclesia:
1396 4624 1681 4700 praesides,
1713 4624 1766 4679 id
1806 4632 1920 4689 est,
1962 4626 2054 4679 do—

483 4719 695 4778 ctores,
723 4711 833 4766 imo
873 4712 1131 4767 suadente
1158 4721 1213 4774 et
1239 4713 1459 4784 praemia
1488 4711 1774 4787 pollicente
1800 4708 2050 4777 Christo,

480 4816 671 4858 eamus
709 4816 926 4867 omnes,
973 4802 1151 4861 nullus
1188 4788 1492 4883 excipiatur
1532 4818 1562 4856 a
1602 4818 1764 4857 censu
1789 4802 2047 4883 justitiae,

483 4893 767 4949 veniamus
794 4895 861 4949 ad
888 4909 1012 4950 eum
1040 4894 1132 4964 qui
1171 4893 1476 4957 laboramus
1499 4901 1554 4947 et
1581 4894 1791 4953 onerati
1834 4906 2050 4959 sumus,

479 4994 536 5042 et
562 4987 679 5058 ipse
706 4986 914 5042 reﬁciet
943 5002 1062 5042 nos.
1095 4986 1368 5042 Tollamus
1387 4986 1572 5065 jugum
1602 4984 1717 5053 ejus
1745 5000 1906 5065 super
1931 5000 2048 5051 nos,

478 5085 537 5135 et
563 5078 836 5134 discamus
861 5078 929 5133 ab
967 5092 1033 5133 eo
1064 5078 1188 5147 quia
1228 5077 1374 5141 mitis
1405 5062 1489 5133 est
1514 5086 1568 5133 et
1597 5062 1830 5133 humilis.
1853 5076 2046 5143 corde,

479 5181 536 5227 et
578 5171 916 5227 inveniemus
952 5171 1192 5242 requiem
1234 5170 1517 5232 animabus
1554 5170 1773 5226 nostris.
1817 5169 1942 5225 Hice
1968 5175 2052 5223 est

477 5263 623 5318 enim
678 5272 864 5319 nostra
912 5264 1106 5320 civitas
1161 5272 1218 5320 et
1263 5264 1475 5336 patria,
1531 5263 1747 5341 requies
1802 5262 2051 5326 videlicet

478 5350 638 5407 beata
664 5363 721 5409 et
745 5354 985 5409 ctelestis
1026 5354 1331 5409 animarum
1353 5395 1368 5421 ,
1400 5355 1467 5410 ad
1495 5369 1657 5425 quam
1686 5353 1941 5409 nimirum
1971 5354 2049 5408 ci-

478 5440 703 5497 vitatem
745 5445 896 5513 pacis
936 5453 991 5500 et
1026 5444 1225 5514 quietis
1266 5444 1347 5501 ire
1383 5453 1440 5499 et
1475 5445 1665 5501 devote
1707 5444 1820 5513 regi
1859 5451 2046 5498 nostro

476 5529 794 5587 thesaurum
833 5533 1069 5601 referre,
1100 5542 1185 5589 est
1210 5532 1580 5589 crescentibus
1606 5531 1847 5608 quotidie
1874 5533 2047 5587 virtu-

477 5624 551 5679 tis
598 5638 664 5678 ac
709 5623 831 5679 ﬁdei
881 5626 1211 5696 profectibus
1261 5639 1506 5695 supernae
1547 5623 1712 5688 lucis,
1757 5638 1877 5692 qua:
1921 5630 2049 5677 sunt

483 5715 677 5788 gaudia
709 5725 909 5773 aeterna
931 5758 945 5785 ,
976 5716 1275 5788 speculari,
1303 5724 1359 5770 et
1396 5730 1492 5785 pro
1531 5715 1617 5769 his
1660 5711 2004 5783 acquirendis
2028 5754 2043 5781 ,

2186 540 2271 594 his
2300 539 2578 609 acquisitis
2596 579 2611 602 ,
2639 540 2923 597 mandatos
2947 555 3045 595 nos
3070 540 3138 596 ab
3165 540 3313 604 omni
3341 541 3751 610 inquinamento

2185 628 2393 695 carnis,
2442 638 2497 683 et
2555 628 2813 707 spiritus,
2861 629 3153 708 pretiosius
3208 644 3341 685 auro
3398 629 3510 691 Deo
3558 646 3754 688 munus

2184 716 2397 773 oll‘erre.
2432 718 2706 788 Sequitur,
3534 744 3537 749 λ

2254 810 2498 869 Ascendit
2541 818 2716 866 autem
2761 817 2810 862 et
2862 808 3058 879 Joseph
3099 826 3132 863 a
3170 807 3394 863 Galilwa
3438 809 3504 864 de
3548 808 3755 866 civitate

2186 899 2454 965 Nazareni
2471 941 2486 966 ,
2514 902 2569 956 in
2597 900 2843 955 Iudaeam
2871 902 3131 955 civitatem
3156 901 3327 955 David
3346 943 3361 966 ,
3393 919 3510 973 qua:
3539 913 3754 958 vocatur

2183 989 2478 1058 Bethleem,
2520 1001 2568 1046 et
2612 990 2832 1062 reliqua.
2873 990 2992 1063 (Ex
3020 992 3183 1046 Beda.
3210 992 3228 1064 )
3261 992 3457 1069 Ioseph
3477 1033 3495 1059 ,
3525 1004 3748 1060 auctus,

2182 1083 2267 1141 vel
2320 1092 2669 1155 augmentum
2722 1083 3133 1153 interpretatur.
3184 1085 3446 1154 Galilaea,
3499 1090 3750 1145 transmi-

2182 1177 2384 1247 gratio,
2422 1176 2758 1239 volubilitas,
2796 1186 2948 1242 rota,
2981 1177 3064 1232 vel
3093 1177 3402 1246 confessio;
3444 1179 3747 1247 Nazareth,

2182 1270 2307 1336 llos,
2354 1271 2680 1340 virgultum,
2727 1271 2815 1325 vel
2861 1271 3162 1338 munditia;
3214 1271 3399 1328 Iudaea
3447 1272 3749 1343 confessio,

2182 1362 2295 1417 sive
2336 1361 2677 1432 gloriﬁcans;
2720 1361 3033 1429 Bethleem,
3070 1362 3266 1417 domus
3299 1362 3490 1433 panis;
3542 1365 3745 1427 David,

2181 1452 2337 1508 fortis
2364 1468 2549 1517 manu,
2584 1453 2665 1507 vel
2691 1452 3067 1509 desiderabilis
3098 1453 3502 1529 interpretatur.
3543 1453 3750 1508 Nomen

2179 1543 2396 1613 quidem
2426 1543 2551 1598 inde
2577 1553 2866 1608 mutuans,
2896 1543 3040 1612 quod
3069 1543 3339 1614 gigantem
3370 1545 3585 1600 fortiter
3612 1554 3752 1599 stra-

2178 1645 2351 1700 verit,
2382 1644 2435 1690 ct
2463 1634 2687 1705 pulcher
2714 1644 2931 1705 aspectu
2972 1635 3275 1704 decoraque
3306 1635 3442 1694 facie
3472 1634 3656 1698 fuerit.
3685 1636 3750 1689 ll-

2178 1724 2289 1779 lum
2337 1724 2547 1780 scilicet
2592 1724 2659 1779 de
2703 1740 2801 1779 sua
2854 1725 3014 1778 domo
3060 1739 3125 1778 ac
3169 1723 3370 1779 familia
3416 1724 3749 1782 nasciturum

2176 1815 2563 1898 praefigurans,
2600 1813 2693 1884 qui
2732 1813 3080 1884 singulariter
3103 1812 3289 1866 mundi
3324 1812 3622 1891 principem
3661 1813 3752 1866 de—

2175 1907 2403 1962 bellarct
2421 1947 2436 1972 ,
2466 1907 2734 1977 speciosus
2778 1905 2947 1975 {arma
2972 1919 3081 1973 prw
3105 1901 3230 1972 ﬁliis
3255 1903 3523 1958 hominum
3554 1902 3746 1973 (Psal.

2175 1996 2313 2068 ην)
2338 2015 2351 2050 :
2377 2005 2432 2051 et
2479 1997 2591 2071 ipse
2619 1995 2674 2050 in
2700 1993 2978 2049 Bethleem
3006 2003 3169 2049 natus
3195 2002 3306 2058 est,
3328 2003 3387 2048 ut
3411 1993 3748 2049 intellectua-

2175 2087 2305 2157 lium
2335 2092 2519 2158 pastor
2546 2093 2692 2146 esset
2718 2085 2897 2147 ovium
2914 2125 2929 2151 ,
2957 2085 3059 2140 hoc
3084 2094 3196 2150 est,
3219 2084 3544 2156 simplicium
3569 2086 3751 2149 rector

2176 2165 2500 2236 animarum.

2246 2268 2471 2329 Factum
2499 2278 2573 2323 est
2599 2278 2773 2324 autem
2803 2283 2921 2326 cum
2950 2276 3079 2325 esset
3109 2266 3214 2333 ibi,
3243 2265 3441 2338 impleti
3466 2276 3587 2320 sunt
3612 2266 3748 2332 dies,

2175 2372 2231 2415 ut
2255 2370 2488 2431 pareret,
2517 2370 2565 2417 et
2595 2360 2793 2431 peperit
2819 2358 2989 2428 ﬁlium
3020 2373 3172 2412 suum
3197 2356 3615 2427 primogenitum.
3646 2355 3748 2411 Be-

2173 2469 2274 2519 ne,
2313 2469 2420 2507 non
2461 2451 2635 2507 solum
2664 2459 2886 2534 propter
2926 2450 3182 2506 indicium
3224 2448 3359 2518 regii
3400 2450 3739 2515 stemmatis,

2172 2541 2268 2598 sed
2295 2549 2519 2614 propter
2545 2540 2779 2596 nominis
2810 2547 3243 2611 sacramentum,
3272 2538 3532 2593 Dominus
3560 2540 3612 2592 in
3643 2539 3745 2593 Bc-

2173 2633 2371 2689 thleem
2418 2633 2677 2691 nascitur.
2725 2630 2849 2703 (Ex
2882 2628 3140 2701 Cregor.)
3190 2628 3464 2697 Bethleem
3512 2644 3747 2699 namque

2173 2724 2363 2780 domus
2406 2723 2561 2797 panis
2606 2722 3014 2797 interpretatur,
3061 2719 3177 2790 ipse
3223 2734 3457 2797 namque
3495 2727 3608 2785 est,
3651 2721 3746 2790 qui

2172 2813 2293 2868 ait:
2344 2812 2458 2883 Ego
2504 2828 2622 2874 sum
2665 2811 2817 2882 panis
2866 2811 3041 2874 virus,
3087 2810 3177 2880 qui
3223 2808 3287 2875 dfe
3333 2807 3463 2870 calo,
3501 2809 3745 2865 descendi

2172 2904 2373 2978 (Joan.
2401 2902 2519 2963 vr).
2568 2886 2746 2964 Locus
2789 2916 2946 2972 ergo,
2996 2900 3050 2954 in
3096 2916 3203 2983 quo
3245 2898 3505 2965 Dominus
3548 2914 3742 2957 nasce-

2172 3006 2343 3066 retur,
2389 2999 2581 3054 domus
2629 2998 2785 3068 panis
2829 3004 2954 3060 ante
2994 3006 3223 3057 vocatus
3264 3006 3383 3063 est,
3419 2998 3546 3070 quia
3596 2996 3740 3052 futuqs

2172 3107 2291 3148 rum
2319 3100 2438 3147 erat
2463 3099 2523 3144 ut
2548 3089 2636 3145 ille
2666 3103 2763 3159 per
2785 3087 3069 3145 materiam
3095 3087 3276 3143 carnis
3302 3095 3618 3158 appareret,
3645 3088 3740 3158 qui

2168 3182 2462 3239 electorum
2500 3188 2711 3237 mentes
2749 3180 2960 3235 interna
3003 3180 3252 3243 satietate
3290 3179 3570 3247 reﬁceret,
3613 3179 3739 3252 (Ea;

2168 3271 2376 3343 Beda.)
2419 3271 2527 3326 Sed
2568 3277 2625 3326 et
2662 3283 2834 3339 usque
2876 3268 3035 3328 hodie
3071 3275 3126 3323 et
3162 3282 3334 3338 usque
3377 3268 3446 3323 ad
3489 3283 3741 3337 consum-

2108 3362 2111 3363 ⁷
2167 3367 2460 3421 mationem
2514 3360 2696 3418 saeculi
2736 3360 2994 3415 Dominus
3032 3359 3089 3421 in
3129 3358 3395 3421 Nazareth
3438 3360 3645 3431 concipi
3684 3367 3741 3415 et

2165 3457 2219 3512 in
2241 3454 2520 3512 Bethleem
2547 3454 2696 3509 nasci
2725 3469 2832 3508 non
2863 3453 3093 3518 desinit,
3120 3468 3242 3509 cum
3268 3452 3495 3522 quilibet
3521 3453 3739 3519 audien-

2167 3546 2301 3602 tium
2322 3587 2337 3611 ,
2366 3545 2517 3600 verbi
2552 3544 2683 3601 flore
2714 3552 2995 3614 suscepto,
3027 3542 3248 3598 domum
3279 3557 3338 3597 se
3366 3542 3551 3597 aeterni
3581 3542 3740 3611 panis

2163 3638 2345 3701 eilicit.
2395 3637 2647 3705 Quotidie
2712 3638 2766 3693 in
2813 3647 2969 3693 utero
3027 3636 3307 3708 virginali,
3358 3636 3460 3692 hoc
3514 3645 3627 3703 est,
3678 3636 3733 3710 in

2162 3729 2343 3786 animo
2389 3728 2727 3783 credentium
2768 3742 2868 3796 per
2915 3726 3075 3781 ﬁdem
3123 3727 3443 3797 concipitur,
3489 3742 3586 3797 per
3627 3725 3733 3797 Bae-

2162 3818 2359 3889 ptisma
2414 3817 2674 3889 gignitur.
2733 3816 2981 3883 Quotidie
3031 3816 3261 3886 genitrix
3317 3816 3410 3871 Dei
3457 3814 3733 3881 Ecclesia,

2162 3921 2317 3966 suum
2347 3905 2605 3966 comitata
2630 3912 2937 3969 auctorem,
2968 3904 3034 3959 de
3062 3912 3181 3958 rota
3208 3903 3490 3958 mundanae
3513 3917 3736 3963 conver-

2160 3994 2419 4059 sationis,
2472 3995 2615 4066 quod
2657 3993 2877 4051 Caiilaaa
2927 4001 3109 4058 sonat,
3154 3993 3208 4047 in
3247 3993 3523 4047 civitatem
3559 3992 3732 4063 Juda,

2160 4085 2515 4142 confessionis
2568 4083 2817 4139 videlicet
2863 4091 2918 4138 et
2962 4083 3173 4147 laudis,
3229 4083 3553 4148 ascendens,
3601 4097 3730 4137 cen-

2160 4193 2280 4233 sum
2331 4193 2443 4232 suze
2493 4176 2795 4231 devotionis
2841 4183 3044 4231 interno
3087 4174 3220 4245 Regi
3264 4174 3543 4245 persolvit.
3601 4174 3732 4241 Qum

2159 4267 2213 4321 in
2257 4265 2562 4342 exemplum
2604 4266 2779 4321 beatae
2820 4280 3035 4335 semper
3073 4264 3300 4334 virginis
3343 4263 3523 4318 Mariae
3564 4271 3728 4332 nupta

2159 4360 2319 4415 simul
2346 4367 2402 4413 et
2428 4359 2772 4416 immaculata
2800 4357 3036 4425 concipit
3072 4370 3171 4411 nos
3205 4355 3358 4425 virgo
3386 4355 3452 4409 de
3490 4354 3719 4422 spiritu,

2160 4451 2302 4524 parit
2336 4465 2435 4505 nos
2474 4450 2625 4519 virgo
2661 4448 2779 4501 sine
2813 4445 3046 4515 gemitu,
3087 4451 3144 4497 et
3181 4443 3333 4514 quasi
3373 4442 3465 4497 alii
3508 4441 3725 4513 quidem

2162 4544 2483 4619 desponsata
2505 4582 2518 4605 ,
2547 4539 2640 4599 sed
2667 4537 2735 4591 ab
2763 4537 2868 4591 alio
2904 4534 3220 4603 fecundata,
3250 4550 3348 4612 per
3377 4534 3616 4607 singulas
3644 4534 3728 4589 sui

2160 4640 2375 4705 partes,
2423 4645 2542 4706 qua:
2583 4643 2744 4684 unam
2785 4624 3117 4680 Catholicam
3160 4623 3400 4688 faciunt,
3435 4621 3727 4693 praeposito

2160 4724 2264 4778 sibi
2292 4721 2533 4792 pontifici
2584 4718 2872 4775 visibiliter
2896 4717 3157 4789 jungitur,
3192 4716 3286 4772 sed
3314 4713 3570 4774 invisibili
3600 4712 3725 4782 Spi-

2161 4812 2298 4867 ritus
2324 4810 2495 4865 sancti
2522 4809 2722 4863 virtute
2750 4806 3071 4863 cumulatur.
3105 4805 3258 4865 Unde
3283 4812 3340 4860 et
3364 4804 3504 4860 bene
3528 4800 3726 4872 Joseph

2161 4909 2351 4956 auctus
2395 4900 2805 4971 interpretatur,
2850 4895 3095 4953 indicans
3138 4894 3392 4953 nimirum
3429 4893 3535 4951 hoc
3567 4905 3728 4946 voca-

2152 4990 2309 5055 bulo,
2343 4988 2487 5063 quod
2517 4988 2778 5054 instantia
2806 4985 3050 5057 magistri
3076 4984 3349 5067 loquentis
3369 4982 3445 5036 nil
3470 4979 3646 5046 valet,
3678 4978 3726 5035 si

2152 5094 2259 5134 non
2279 5084 2627 5148 augmentum
2656 5075 2870 5146 superni
2896 5073 3217 5144 juvaminis,
3245 5079 3306 5126 ut
3333 5070 3603 5135 audiatur,
3633 5084 3726 5124 ac-

2153 5167 2380 5236 ceperit.
2396 5164 2548 5233 Quod
2571 5171 2751 5218 autem
2780 5149 2947 5216 lilium
2971 5176 3128 5216 suum
3153 5159 3571 5231 primogenitum
3607 5156 3722 5213 Ma-

2152 5259 2233 5314 ria
2259 5239 2535 5329 peperisse
2564 5253 2910 5329 describitur,
2939 5267 3044 5307 non
3071 5249 3228 5318 juxta
3264 5249 3606 5305 Helvidianos
3635 5264 3726 5304 ac-

2152 5345 2459 5417 cipiendum
2489 5352 2606 5408 est,
2634 5341 2770 5396 alios
2795 5354 3011 5420 quoque
3045 5339 3184 5408 ﬁlios
3219 5355 3340 5395 eam
3374 5353 3718 5425 procreasse,

2150 5437 2305 5508 quasi
2357 5442 2590 5504 nequeat
2624 5431 3019 5502 primogenitus
3067 5431 3205 5498 dici,
3241 5431 3347 5487 nisi
3398 5430 3490 5501 qui
3526 5429 3724 5485 habeat

2151 5530 2377 5592 fratres,
2405 5528 2545 5583 sicut
2580 5542 2687 5581 non
2724 5521 3034 5597 unig'enitus
3078 5526 3183 5581 nisi
3218 5526 3312 5596 qui
3355 5533 3505 5581 caret
3541 5522 3723 5579 fratri-

2151 5622 2282 5684 bus,
2322 5619 2457 5681 solet
2491 5617 2765 5688 appellari.
2804 5616 2938 5685 Quia
2974 5626 3029 5673 et
3068 5616 3433 5673 testimonium
3470 5614 3637 5691 legis,
3666 5622 3724 5669 et

2152 5709 2437 5766 manifesta
2477 5710 2619 5763 ratio
2650 5708 2930 5775 declarat,
2958 5722 3144 5765 omnes
3179 5706 3516 5778 unigenitos,
3555 5706 3720 5761 etiam
