4110 6448
1812 110 1839 130 /

277 373 352 433 25

1080 370 1594 430 COLLECTIONES
1625 371 1697 444 IN
1735 368 2114 429 msrous
2153 367 2243 425 ET
2274 346 2691 428 summa.

3445 356 3517 422 26

277 483 690 558 primogenitos,
719 497 826 542 non
855 490 1034 541 autem
1059 498 1249 543 omnes
1274 482 1663 553 primogenitos
1687 480 1850 536 etiam
1878 480 1931 538 Α
1954 494 2198 549 magnum
2215 519 2230 543 ,
2268 479 2406 550 quod
2442 482 2537 534 erit
2574 482 2715 534 omni
2750 479 2959 551 populo.
3002 478 3122 551 (Ex
3153 478 3316 534 Beda.
3343 477 3362 550 )
3401 476 3522 531 Non

279 573 594 645 unigenitos
629 587 787 643 posse
822 572 1039 637 vocari,
1078 572 1182 627 hoc
1226 580 1340 638 est,
1376 587 1484 626 non
1522 570 1694 625 solum
1736 584 1856 625 esse

282 662 703 737 primogenitum
725 702 740 726 ,
787 670 910 732 post
952 677 1113 731 quem
1157 660 1286 726 alii,
1335 661 1430 715 sed
1472 674 1687 713 omnem
1731 666 1857 712 ante

284 766 448 821 quem
476 750 654 811 nullus
682 766 715 806 e
738 750 897 806 vulva
931 751 1279 819 processerit.
1317 749 1414 807 Est
1449 762 1581 819 ergo
1611 748 1858 803 Christus

284 839 443 896 Jesus
476 840 786 911 uuigenitus
820 840 875 896 in
911 841 1214 896 substantia
1245 840 1501 903 Deitatis,
1526 839 1855 909 primogeni-

167 943 193 959 ‘
287 941 377 987 tus
424 932 481 987 in
528 931 869 1002 susceptione
917 931 1309 997 humanitatis;
1359 928 1754 1001 primogenitus
1801 928 1857 982 in

288 1024 463 1094 gratia
481 1063 497 1088 ,
523 1022 833 1094 unigenitus
861 1023 915 1077 in
943 1030 1159 1078 natura.

359 1116 429 1171 Et
465 1117 654 1187 pannis
688 1133 812 1170 eum
859 1115 1067 1172 involvit
1106 1126 1154 1171 et
1197 1116 1465 1173 reclinavit
1490 1118 1546 1171 in
1571 1116 1854 1187 prasepio,

285 1211 412 1279 quia
459 1225 565 1262 non
609 1218 720 1263 erat
764 1210 816 1263 ei
854 1208 1001 1263 locus
1040 1211 1096 1263 in
1139 1211 1445 1265 diversorio.
1494 1210 1610 1282 (Ex
1653 1209 1856 1279 Beda.)

288 1299 428 1365 Quid
454 1299 748 1353 retribuam
777 1299 1003 1353 Domino
1034 1315 1136 1368 pro
1165 1300 1418 1355 omnibus
1451 1315 1571 1369 qua:
1607 1299 1860 1355 retribuit

289 1387 446 1450 mihi.
492 1387 595 1454 Qui
641 1395 813 1443 totum
871 1389 1127 1442 mundum
1174 1390 1335 1443 vestit
1379 1396 1610 1455 ornatu,
1664 1387 1858 1458 pannis

287 1477 489 1533 vilibus
523 1477 841 1543 involvitur,
885 1487 947 1532 ut
979 1494 1080 1533 nos
1116 1478 1310 1533 stolam
1344 1478 1577 1547 primam
1615 1478 1859 1547 recipere

288 1569 587 1624 valeamus.
626 1567 732 1623 Per
764 1584 922 1638 quem
957 1571 1138 1624 omnia
1174 1569 1315 1625 facta
1353 1579 1508 1636 sunt,
1540 1585 1733 1626 manus
1765 1585 1861 1640 pe-

289 1661 494 1730 desque
536 1660 692 1716 cunis
734 1661 1070 1731 astringitur,
1094 1668 1157 1714 ut
1183 1670 1382 1715 nostra:
1409 1675 1602 1714 manus
1629 1661 1697 1715 ad
1725 1675 1859 1729 opus

288 1752 488 1808 bonum
523 1761 750 1815 exerttc,
790 1754 964 1808 nostri
1001 1753 1110 1807 sint
1144 1753 1310 1823 pedes
1345 1753 1402 1807 in
1429 1752 1570 1805 viam
1600 1751 1748 1822 pacis
1776 1752 1858 1806 di-

1958 571 2104 623 omni
2140 569 2337 638 popqu
2371 568 2676 625 Judzeorum
2695 610 2712 635 ,
2754 585 2983 640 quorum
3028 569 3246 640 plurimi
3292 567 3526 624 rebelles

1957 661 2243 726 exstitere,
2274 662 2368 717 sed
2397 661 2543 717 omni
2572 661 2809 717 ﬁdelium
2836 663 3066 734 populo,
3096 661 3164 718 de
3188 662 3400 718 cunctis
3424 661 3525 715 tri-

1958 750 2159 816 bubus,
2190 751 2470 822 gentibus,
2500 759 2558 807 et
2584 752 2801 823 linguis,
2833 753 2887 807 in
2914 769 3082 809 unam
3108 752 3308 809 Christi
3334 752 3522 808 Eccle-

1959 838 2095 894 siam
2142 849 2467 912 congregato
2489 881 2505 908 ,
2540 850 2802 897 aeternum
2838 843 3091 912 gaudium
3129 844 3530 916 evangelizatur

1958 935 2015 982 et
2040 943 2317 1000 magnum.

2033 1017 2172 1083 Quia
2210 1028 2365 1075 natus
2394 1030 2469 1075 est
2497 1021 2644 1077 nobis
2668 1023 2822 1077 hodie
2852 1021 3118 1090 Salvator,
3144 1026 3236 1095 qui
3265 1033 3339 1079 est
3369 1024 3529 1079 Chri-

1958 1117 2070 1162 stus
2095 1108 2383 1176 Dominus,
2410 1111 2467 1165 in
2490 1113 2697 1167 civitate
2722 1112 2912 1167 David.
2937 1113 3039 1170 Ubi
3065 1115 3358 1170 notandum
3385 1116 3532 1186 quod

1960 1200 2181 1270 angelus
2210 1202 2301 1270 qui
2334 1203 2388 1257 in
2418 1204 2594 1259 noctis
2619 1204 2802 1275 utique
2824 1205 3024 1277 vigiliis
3042 1215 3288 1277 pastores
3314 1206 3528 1274 affatur,

1959 1305 2067 1345 non
2093 1289 2170 1343 ait
2202 1308 2214 1344 :
2248 1290 2362 1346 Hac
2388 1302 2575 1358 nocte,
2607 1295 2699 1350 sed
2718 1337 2733 1360 ,
2762 1295 2917 1351 hodie
2946 1307 3099 1352 natus
3130 1307 3206 1352 est
3235 1298 3376 1363 vobis
3409 1298 3535 1354 Sal-

1959 1386 2127 1431 vator.
2160 1376 2276 1433 Non
2306 1380 2470 1435 aliam
2499 1382 2706 1438 scilicet
2729 1384 2799 1438 ob
2824 1398 3045 1439 causam
3064 1426 3078 1450 ,
3111 1386 3217 1440 nisi
3248 1386 3374 1455 quia
3404 1402 3534 1456 gau-

1960 1466 2108 1521 dium
2147 1483 2402 1541 magnum
2433 1472 2806 1543 evangelizare
2832 1475 3100 1529 veniebat.
3139 1475 3272 1530 Nam
3310 1478 3401 1532 ubi
3432 1478 3531 1531 tri-

1960 1557 2109 1612 stitia
2138 1560 2491 1631 signiﬁcatur,
2525 1563 2598 1617 ibi
2630 1578 2770 1633 sirpe
2796 1579 2900 1619 nox
2945 1565 3272 1637 adiungitur,
3312 1566 3395 1622 vel
3433 1582 3532 1622 no-

1961 1649 2220 1715 minatur,
2245 1660 2305 1705 ut
2328 1652 2491 1709 illud:
2520 1652 2717 1709 Omnes
2741 1672 2832 1710 vos
2854 1656 3162 1711 scandalum
3183 1658 3452 1730 patiemini
3480 1659 3538 1713 in

1962 1756 2044 1795 me
2070 1742 2126 1795 in
2150 1743 2252 1796 ista
2278 1754 2428 1798 nocte
2456 1743 2475 1816 (
2501 1745 2692 1800 Matth.
2724 1763 2848 1801 xxvi
2868 1745 2910 1820 ).
2939 1747 3125 1818 Neque
3151 1750 3294 1804 enim
3334 1749 3535 1805 frustra

289 1842 448 1895 recti.
479 1841 647 1912 Cujus
681 1842 877 1898 calum
915 1843 1071 1898 sedes
1103 1822 1218 1907 est,
1246 1843 1368 1897 duri
1405 1843 1661 1913 praesepis
1696 1856 1863 1912 angu-

1966 1832 2186 1904 angclus
2224 1842 2373 1891 tanto
2413 1836 2615 1892 lumine
2655 1839 2867 1894 cinctus
2904 1841 3183 1910 apparuit,
3217 1841 3535 1897 ut~claritas

288 1932 395 1986 stia
439 1934 722 1998 continet,
773 1941 833 1987 ut
886 1949 986 1988 nos
1033 1948 1129 2004 per
1173 1935 1412 1989 caelestis
1465 1933 1616 2003 regni
1665 1932 1861 2004 gaudia

287 2021 500 2077 dilatet.
532 2022 636 2090 Qui
661 2024 815 2093 panis
842 2032 929 2079 est
955 2024 1267 2096 angelorum
1285 2063 1300 2088 ,
1330 2024 1383 2078 in
1413 2022 1678 2093 praesepio
1706 2021 1862 2076 recli-

288 2119 470 2178 natur,
501 2122 563 2167 ut
588 2130 689 2169 nos
715 2114 870 2184 quasi
899 2124 1087 2171 sancta
1115 2116 1370 2170 animalia
1398 2114 1582 2169 carnis
1607 2129 1720 2168 sum
1747 2112 1861 2167 fru-

287 2211 473 2257 mento
501 2203 727 2259 reﬁciat.
759 2203 862 2272 Qui
889 2205 958 2260 ad
986 2206 1230 2260 dextram
1259 2205 1431 2275 patris
1456 2205 1644 2269 sedet,
1684 2204 1738 2257 in
1774 2204 1861 2259 di-

288 2293 533 2348 versorio
581 2294 700 2349 loco
748 2303 901 2366 eget,
949 2305 1009 2350 ut
1052 2297 1208 2352 nobis
1255 2297 1310 2351 in
1358 2296 1516 2351 domo
1559 2296 1737 2351 Patris
1778 2296 1863 2351 sui

287 2381 490 2437 multas
525 2384 833 2439 mansiones
866 2394 1216 2454 praepararet.
1256 2385 1516 2452 Quamvis
1557 2386 1690 2449 hoc,
1721 2386 1866 2453 quod

287 2488 402 2530 non
433 2474 488 2530 in
512 2485 799 2544 panentum
827 2477 1018 2542 domo,
1049 2478 1143 2533 sed
1169 2478 1221 2532 in
1259 2478 1559 2533 diversorio
1595 2487 1652 2533 et
1687 2479 1742 2533 in
1778 2479 1865 2533 via

286 2564 554 2629 nascitur,
591 2570 689 2634 per
721 2566 1172 2635 signiﬁcationem
1207 2567 1430 2637 intelligi
1467 2568 1628 2623 altius
1664 2576 1891 2639 potest“

288 2655 412 2727 Ipse
436 2670 672 2725 namque
698 2657 776 2711 ait
804 2675 817 2710 :
848 2656 962 2728 Ego
989 2674 1107 2712 sum
1133 2659 1442 2725 via,veraas
1467 2669 1519 2714 et
1543 2662 1651 2715 vita
1680 2659 1862 2733 (Joan.

293 2764 389 2803 xiv
410 2749 460 2820 ),
493 2748 584 2817 qui
622 2762 752 2820 ergo
790 2764 886 2819 per
921 2750 1219 2808 divinitatis
1255 2753 1547 2808 essentiam
1574 2754 1774 2809 veritas
1808 2762 1865 2809 et

292 2840 404 2893 vita
460 2848 768 2910 permanet,
830 2855 927 2911 per
970 2841 1361 2900 incarnationis
1408 2846 1729 2916 mysterium
1775 2846 1864 2901 via

291 2932 470 2987 factus
494 2940 607 2999 cst,
637 2947 740 3002 qua
774 2948 873 2988 nos
912 2934 980 2989 ad
1007 2935 1268 3005 patriam,
1295 2936 1388 2991 ubi
1416 2937 1646 2992 veritate
1671 2945 1727 2994 et
1756 2937 1865 2993 vita

292 3020 620 3088 fmeremur,
649 3023 959 3080 adduceret.

366 3112 437 3167 Et
478 3124 710 3185 pastores
751 3125 900 3171 erant
928 3118 983 3172 in
1015 3120 1223 3189 regione
1263 3120 1446 3176 eadem
1484 3122 1753 3193 vigilantes
1772 3164 1787 3189 ,
1814 3130 1865 3178 et

294 3171 645 3260 custodientes
667 3205 869 3277 vigilias
897 3171 1247 3280 noctisasuper
1890 3171 1939 3235 c

295 3296 520 3368 vigilant
548 3298 732 3368 itaque
757 3307 887 3354 nato
915 3298 1142 3356 Domino
1168 3311 1414 3371 pastores
1442 3319 1605 3373 supra
1642 3319 1862 3376 gregem

295 3385 477 3443 ovium
503 3403 758 3453 suarum,
787 3390 1095 3459 significant
1131 3408 1258 3456 eos,
1302 3409 1426 3448 cum
1463 3395 1868 3465 dispensatione

296 3477 615 3546 manifesta,
654 3479 970 3551 vigilaturos
1004 3483 1057 3537 in
1096 3483 1335 3538 Ecclesia
1380 3491 1627 3554 pastores
1661 3487 1867 3540 anima-

297 3581 419 3625 rum
445 3577 752 3635 castarum,
790 3572 988 3640 quibus
1026 3572 1273 3627 dicatur:
1300 3573 1541 3641 Pascite,
1569 3577 1659 3647 qui
1697 3576 1751 3631 in
1780 3592 1867 3632 vo-

297 3657 375 3712 bis
402 3668 506 3722 est,
539 3676 741 3731 gregem
773 3662 867 3715 Dei
898 3661 970 3733 (1
996 3663 1140 3718 Petr.
1170 3680 1201 3716 v
1224 3668 1264 3735 ).

366 3750 438 3805 Et
467 3769 582 3807 ecce
617 3754 832 3825 angelus
874 3756 1084 3812 Domini
1113 3761 1252 3813 stetit
1287 3761 1449 3830 juxta
1479 3761 1627 3826 illos,
1659 3772 1707 3817 et
1750 3762 1866 3817 cla-
1922 3763 1929 3769 ’

296 3841 427 3895 ritas
458 3840 556 3895 Dei
586 3844 931 3914 circumfulsit
961 3846 1098 3901 illos.
1130 3847 1246 3919 (Ex
1275 3847 1437 3920 Greg.
1463 3848 1482 3919 )
1510 3850 1651 3905 Bene
1684 3861 1866 3906 autem

298 3932 642 4002 vigilantibus
670 3937 1006 4005 pastoribus,
1037 3940 1257 4009 angelus
1279 3950 1518 4010 apparet,
1544 3957 1744 4012 eosque
1769 3942 1867 3996 Dei

298 4021 517 4078 claritas
559 4023 963 4098 cireumfulget,
1009 4029 1135 4099 quia
1178 4030 1252 4086 illi
1288 4046 1398 4102 prae
1435 4033 1647 4087 eattcris
1684 4032 1869 4088 videre

299 4111 551 4166 sublimia
590 4122 885 4179 merentur,
931 4117 1024 4187 qui
1064 4118 1312 4174 fidelibus
1352 4119 1606 4190 gregibus
1633 4134 1868 4190 praeesse

303 4201 532 4259 sollicite
574 4205 771 4259 sciunt.
812 4206 1057 4276 Dumque
1093 4208 1196 4277 ipsi
1233 4209 1319 4277 pie
1360 4223 1522 4278 super
1547 4224 1761 4279 gregem
1789 4210 1871 4264 vi-

257 4339 265 4346 .
301 4291 505 4363 gilant,
550 4293 729 4349 divina
776 4310 938 4365 super
985 4312 1080 4353 eos
1124 4298 1296 4368 gratia
1339 4298 1542 4367 largius
1597 4308 1866 4353 coruscat.

302 4380 558 4454 (Ambr.)
588 4382 779 4439 Videte
802 4383 1057 4440 Ecclesia:
1080 4387 1349 4457 surgentis
1373 4388 1655 4442 exordium
1674 4429 1689 4454 ,
1720 4388 1873 4444 Chri-

1962 1919 2059 1976 Dei
2087 1930 2339 1991 pastores
2364 1926 2807 1994 circumfulsisse,
2836 1930 2938 1984 hoc
2967 1939 3085 1997 est,
3117 1946 3185 1986 ex
3212 1932 3358 1986 omni
3382 1939 3537 2002 parte

1964 2012 2178 2069 illorum
2208 2016 2388 2072 radios
2412 2016 2631 2074 luminis
2653 2021 2952 2089 aspersisse
2975 2022 3210 2088 dicatur,
3234 2024 3375 2093 quod
3401 2039 3540 2077 nun—

1963 2118 2125 2173 quam
2154 2105 2209 2160 in
2239 2114 2351 2161 tota
2381 2107 2710 2165 Testamenti
2739 2109 2950 2166 Veteris
2990 2113 3159 2179 serie,
3189 2113 3353 2168 toties
3379 2126 3540 2185 ange-

1962 2192 2030 2249 lis
2069 2198 2490 2265 apparentibus,
2523 2199 2853 2271 adjungitur.
2895 2200 3004 2257 Sed
3045 2204 3272 2275 mystice
3307 2219 3547 2274 prtemo-'

1963 2285 2109 2349 nuit,
2142 2287 2286 2356 quod
2316 2298 2503 2358 aperte
2527 2299 2717 2360 postea
2743 2292 2953 2348 monuit
2975 2292 3285 2364 Apostolus,
3314 2296 3555 2351 dicensz'

1966 2375 2092 2430 Nox
2116 2381 2411 2447 prtecessit,
2450 2381 2560 2435 dies
2600 2392 2773 2436 autem
2818 2386 3269 2456 appropinquavit.
3297 2386 3531 2456 Abjicia-

1964 2482 2082 2522 mus
2113 2484 2235 2538 ergo
2264 2486 2422 2540 opera
2449 2472 2776 2527 tenebrarum
2805 2484 2853 2528 et
2882 2476 3168 2531 induamur
3195 2494 3343 2533 arma
3370 2478 3502 2536 lucis
3522 2490 3551 2546 ,‘

1964 2559 2102 2613 sicut
2131 2560 2185 2614 in
2209 2560 2294 2615 die
2319 2561 2532 2617 honeste
2557 2564 2901 2619 ambulemus.

2036 2670 2106 2726 Et
2134 2673 2232 2727 hoc
2272 2673 2412 2728 vobis
2453 2676 2658 2746 signum
2683 2690 2702 2728 :
2733 2675 3013 2734 Invenietis
3054 2681 3308 2751 infantem
3349 2699 3542 2753 pannis
3578 2750 3584 2757 ι

1965 2762 2286 2829 involutum,
2334 2774 2439 2822 etc.
2493 2767 2610 2838 (Ex
2668 2767 2876 2843 Beda.)
2925 2768 3232 2828 Notandum
3279 2775 3534 2831 solertius

1964 2857 2108 2926 quod
2155 2858 2371 2928 signum
2411 2859 2525 2913 nati
2574 2858 2871 2917 Salvatoris
2910 2861 3086 2928 datur,
3132 2863 3389 2920 infantem
3435 2882 3540 2923 non

1965 2946 2131 3018 Tyrio
2182 2958 2469 3018 exceptum
2520 2958 2670 3006 ostro
2698 2991 2713 3017 ,
2769 2952 2864 3008 sed
2916 2954 3111 3024 pannis
3170 2955 3545 3026 squalentibus

1966 3039 2307 3096 involutum:
2340 3056 2447 3097 non
2491 3043 2546 3097 in
2588 3043 2797 3100 ornatis
2843 3060 2978 3101 auro
3020 3047 3315 3113 stratoriis,
3354 3047 3448 3104 sed
3489 3047 3544 3106 in

1967 3131 2297 3201 praesepibus
2322 3131 2732 3199 inveniendum,
2761 3133 2865 3189 hoc
2893 3142 3010 3200 est,
3041 3150 3149 3190 non
3194 3144 3403 3191 tantum
3441 3137 3544 3192 hu-

1966 3222 2215 3279 militatis
2244 3236 2368 3278 eum
2398 3232 2453 3279 et
2480 3224 2853 3290 mortalitatis,
2885 3224 2978 3281 sed
3003 3234 3057 3281 et
3078 3228 3415 3297 paupertatis
3439 3220 3546 3283 ha;
3573 3218 3583 3225 ’

1964 3316 2138 3372 bitum
2172 3315 2473 3385 suscepisse
2508 3331 2609 3385 pro
2647 3315 2833 3383 nobis,
2872 3316 2996 3385 quia
3034 3333 3158 3372 cum
3188 3317 3340 3373 dives
3364 3327 3542 3383 esset,

1966 3420 2171 3477 pauper
2207 3404 2380 3460 factus
2416 3414 2500 3460 est
2525 3420 2625 3477 pro
2656 3406 2841 3472 nobis,
2872 3415 2934 3460 ut
2961 3421 3059 3461 nos
3085 3400 3228 3461 illius
3256 3407 3434 3479 inopia
3465 3406 3563 3463 di-'

1969 3503 2211 3550 taremur
2252 3494 2357 3566 (ΙΙ
2382 3494 2505 3549 Cor.
2533 3494 2686 3567 vin).
2730 3494 2863 3551 Cum
2902 3504 3048 3552 esset
3092 3497 3351 3554 Dominus
3378 3499 3546 3555 coelo-

1968 3602 2119 3652 rum,
2147 3600 2351 3658 pauper
2392 3585 2568 3641 factus
2586 3591 2692 3642 'est
2726 3587 2777 3640 in
2812 3587 3002 3653 terris,
3034 3596 3095 3641 ut
3122 3588 3425 3659 terrigenas
3452 3584 3563 3646 do?

1968 3685 2119 3731 ceret
2162 3682 2478 3747 paupertate
2523 3677 2747 3747 spiritus
2797 3692 3020 3748 regnum
3064 3678 3346 3748 acquirere
3388 3694 3547 3751 posse

1968 3766 2248 3823 cmlorum.

2039 3858 2110 3912 Et
2142 3858 2313 3913 subito
2354 3857 2495 3929 facta
2539 3867 2615 3914 est
2655 3876 2773 3914 cum
2811 3860 2996 3931 angelo
3025 3870 3307 3917 multitudo
3338 3862 3543 3920 militia:

1969 3951 2186 4007 cwlestis
2213 3950 2546 4006 laudantium
2576 3952 2739 4007 Deum
2759 3962 2808 4007 et
2833 3952 3345 4008 dicentium:Gloria
3371 3956 3427 4010 in
3452 3972 3546 4010 ex—

1970 4042 2121 4097 celsis
2150 4042 2262 4096 Deo
2290 4052 2339 4097 et
2366 4044 2422 4096 in
2451 4052 2591 4099 terra
2619 4060 2726 4116 pax
2752 4040 3046 4101 hominibus
3072 4047 3218 4101 bonte
3243 4046 3541 4104 voluntatis.
3568 4060 3571 4061 '

1973 4130 2092 4187 Uno
2130 4132 2534 4203 evangelizaute
2594 4134 2815 4198 nuntio,
2844 4143 3028 4189 natum
3060 4135 3116 4189 in
3153 4151 3314 4190 carne
3341 4135 3543 4203 Deum,

1971 4236 2094 4277 mox
2126 4222 2411 4277 multitudo
2438 4223 2646 4277 militiae
2671 4224 2911 4279 etelestis
2939 4225 3198 4280 advolans
3221 4241 3459 4282 consono
3490 4229 3543 4284 iu

1973 4311 2130 4367 laude
2155 4313 2417 4367 creatoris
2442 4327 2537 4369 ore
2560 4317 2893 4384 prorumpit,
2924 4324 2985 4371 ut
3009 4322 3064 4370 et
3091 4318 3202 4383 sui,
3238 4319 3375 4374 sicut
3404 4334 3544 4374 sem-
3568 4330 3573 4335 ‘

1972 4416 2086 4470 per,
2119 4401 2363 4471 obsequii
2391 4401 2732 4458 devotionem
2760 4403 2978 4460 Christo
3005 4406 3314 4476 impendat,
3353 4419 3408 4464 et
3446 4426 3546 4465 nos

300 4478 418 4526 stus
439 4473 700 4539 nascitur,
723 4483 776 4528 et
799 4483 1043 4543 pastores
1066 4476 1288 4547 vigilare
1308 4487 1620 4546 coeperunt,
1647 4489 1702 4535 et
1731 4480 1869 4536 bene

1975 4507 2074 4547 suo
2110 4493 2317 4561 pariter
2350 4493 2583 4549 instruat
2627 4496 2907 4566 exemplo,
2947 4473 3164 4567 quoties
3212 4473 3306 4553 vel
3348 4499 3546 4571 aliquis

301 4567 548 4628 pastores
573 4562 794 4632 vigilant
833 4579 969 4634 quos
1005 4566 1180 4621 bonus
1204 4576 1391 4638 pastor
1416 4569 1692 4625 informat.
1720 4569 1866 4625 Grex

220 4680 235 4687 κ
302 4650 488 4722 igitur,
530 4653 776 4723 populus.
818 4655 969 4722 Nox,
1015 4658 1288 4713 saeculum.
1330 4659 1585 4716 Pastores
1620 4671 1747 4716 sunt
1784 4678 1869 4717 sa-

301 4743 580 4810 cerdotes,
606 4755 700 4800 aut
726 4745 952 4804 fortasse
995 4750 1084 4805 ille
1130 4751 1202 4806 sit
1240 4762 1449 4822 pastor,
1493 4754 1579 4809 cui
1629 4755 1865 4811 dicitur:

300 4830 431 4889 Esto
460 4834 689 4905 vigilans
714 4845 769 4891 et
799 4837 1061 4894 conﬁrma
1100 4848 1355 4905 exteros,
1386 4842 1514 4912 quia
1552 4857 1659 4897 non
1695 4844 1870 4900 solum

297 4925 613 4995 episcopos,
665 4927 758 4982 sed
804 4928 967 4994 etiam
1016 4930 1237 5001 angelos
1274 4932 1581 4989 destinavit.
1627 4936 1870 5007 Angelus

299 5014 523 5081 Mariam
539 5058 554 5083 ,
586 5019 810 5089 angelus
829 5018 1029 5091 Ioseph
1049 5062 1065 5087 ,
1095 5023 1320 5093 angelus
1344 5035 1589 5094 pastores
1616 5027 1866 5096 instruit,

298 5112 355 5159 et
400 5106 846 5177 concipiendum,
894 5119 949 5165 et
985 5120 1337 5181 conceptum,
1379 5122 1436 5175 et
1483 5123 1701 5183 natum,
1739 5118 1870 5177 coeli

297 5193 447 5250 cives
492 5193 660 5251 Deum
707 5206 993 5267 testantur,
1031 5210 1093 5261 ut
1138 5210 1195 5262 et
1236 5205 1493 5262 mortales
1535 5206 1871 5266 sufﬁcienter

297 5285 584 5354 imbuant,
638 5298 695 5346 et
742 5307 900 5353 suum
950 5294 1162 5350 auctori
1200 5296 1483 5357 servitium
1528 5297 1868 5356 incessanter

297 5379 632 5450 impendant.
672 5382 805 5439 Nam
834 5393 891 5441 et
917 5387 970 5442 in
998 5389 1351 5457 sequentibus
1389 5399 1630 5458 tentato,
1667 5409 1863 5465 passu-

293 5484 391 5536 ro,
440 5474 714 5542 surgenti,
758 5484 924 5547 atque
964 5478 1031 5534 ad
1072 5480 1240 5539 caelos
1277 5483 1621 5550 ascendenti,
1653 5500 1866 5557 semper

294 5560 485 5623 adesse
511 5564 883 5631 perhibentur.

368 5648 436 5704 Et
465 5651 749 5717 timuerunt
777 5656 964 5717 timore
990 5673 1202 5728 magno,
1233 5670 1282 5714 et
1317 5661 1448 5717 dixit
1478 5663 1583 5725 illis
1609 5667 1863 5737 angelus:

300 5740 481 5805 Nolite
516 5745 725 5815 timere,
763 5765 876 5804 ecce
912 5750 1049 5814 enim
1087 5751 1383 5821 evangeliea
1430 5756 1571 5813 vobis
1613 5759 1862 5828 gaudium

1971 4584 2199 4638 fratrum
2226 4599 2396 4639 sacrae
2422 4585 2743 4641 eruditionis
2766 4588 2946 4644 verbis
2972 4589 3300 4657 insonuerit,
3331 4592 3414 4646 vel
3442 4593 3544 4663 ipsi

1969 4673 2109 4729 lecta
2144 4675 2260 4730 sive
2295 4676 2512 4741 audita,
2552 4691 2672 4746 quae
2715 4678 2937 4748 pietatis
2983 4687 3141 4744 sunt,
3194 4681 3261 4736 ad
3307 4691 3543 4738 mentem

1971 4764 2377 4829 reduxerimus,
2430 4766 2541 4821 Deo
2592 4768 2777 4823 statim
2827 4768 3045 4835 laudes,
3098 4784 3228 4836 ore,
3278 4773 3440 4827 corde
3487 4781 3546 4829 et

1969 4867 2132 4921 opere
2169 4853 2493 4909 reddendas.
2535 4855 2601 4909 Et
2637 4856 2776 4912 bene
2813 4859 3015 4915 chorus
3051 4860 3342 4917 adveniens
3387 4877 3547 4934 auge-

1970 4942 2175 5006 lorum,
2216 4942 2423 4999 militia:
2460 4944 2695 5001 caelestis
2732 4948 3051 5004 vocabulum
3089 4951 3318 5020 accipit,
3358 4953 3450 5023 qui
3488 4960 3577 5008 et'

1974 5029 2098 5085 duci
2123 5029 2214 5085 illo
2240 5031 2447 5101 potenti
2467 5032 2521 5087 in
2542 5034 2749 5103 proelio,
2774 5036 2866 5106 qui
2895 5037 2964 5093 ad
2990 5037 3332 5095 debellandas
3353 5055 3541 5096 aereas
3572 5054 3576 5059 '

1970 5129 2269 5192 potestates
2299 5125 2579 5194 apparuit,
2608 5127 2885 5185 humiliter
2919 5129 3284 5199 obseeundat,
3332 5141 3387 5187 et
3426 5134 3544 5202 ipse

1970 5221 2269 5286 potestates
2307 5217 2524 5272 easdem
2563 5222 2894 5288 contrarias,
2933 5239 3004 5279 ne
3039 5226 3295 5281 mortales
3333 5233 3541 5280 tantum

1970 5312 2181 5361 tentare
2205 5307 2446 5373 valeant,
2476 5320 2736 5380 quantum
2761 5314 2975 5381 volunt,
3000 5315 3215 5372 fortiter
3242 5317 3408 5372 armis
3436 5331 3543 5372 coe-

1924 5458 1927 5463 η
1972 5397 2196 5454 lestibus
2236 5401 2538 5469 perturbat.
2585 5401 2721 5470 Quia
2767 5420 2933 5461 verus
2982 5408 3122 5462 Deus
3167 5415 3252 5463 est
3287 5414 3343 5463 et
3379 5408 3542 5465 homo

1970 5494 2233 5559 nascitur,
2257 5493 2381 5563 jure
2402 5497 2709 5553 hominibus
2735 5514 2839 5569 pax
2868 5510 2924 5557 et
2945 5501 3173 5556 Domino
3193 5499 3362 5572 gloria
3392 5503 3541 5558 cani-

1970 5593 2076 5639 tur.
2106 5584 2422 5642 Glorillcant
2446 5588 2618 5660 angeli
2646 5589 2814 5646 Deum
2840 5606 2940 5663 pro
2965 5599 3149 5647 nostra
3173 5591 3539 5666 redemptione

1972 5675 2307 5730 incarnatum
2325 5717 2339 5743 ,
2366 5678 2489 5746 quia
2517 5679 2644 5735 dum
2669 5696 2768 5736 nos
2788 5682 3128 5750 conspiciunt
3152 5686 3319 5756 recipi
3336 5726 3351 5753 ,
3380 5702 3536 5742 suum

1970 5765 2203 5836 gaudent
2254 5781 2537 5835 numerum
2575 5769 2768 5840 repleri
2799 5786 2814 5824 :
2852 5782 3040 5843 optant
3073 5790 3261 5846 pacem
3305 5778 3536 5835 homini-
