4110 6446
572 332 651 390 27‘
1866 343 2142 401 SMARAG
2151 346 2214 401 Dl
2252 345 2542 407 ABBATIS
3500 414 3506 419 ,
3744 370 3815 429 is

569 450 702 518 bus,
729 451 861 523 quia
883 468 1019 524 quos
1044 454 1287 510 inﬁrmos
1311 457 1463 527 prius
1505 456 1852 529 abjeetosqne
1892 460 2140 529 dispexe-
2165 463 2217 523 Α
2241 461 2341 515 sio.
2386 462 2521 518 Cum
2545 479 2675 534 ergo
2700 465 2829 522 dicit
2853 485 2865 522 :
2899 469 3066 536 Quem
3096 476 3362 531 constituit
3405 479 3660 536 heredem
3696 488 3819 542 uni-

569 553 732 612 rant,
770 555 1025 602 nascente
1062 547 1115 601 in
1153 562 1317 602 carne
1355 548 1600 615 Domino,
1623 550 1735 620 jam
1766 551 1942 605 socios
1979 566 2138 606 vene-
2241 567 2524 619 rersorum,
2556 555 2993 629 subintelligitur,
3028 563 3191 619 totius
3215 568 3422 622 mundi.

568 643 778 692 rantur.
817 637 951 705 Qui,
982 652 1104 691 cum
1132 652 1321 707 pacem
1355 639 1662 695 hominibus
1689 648 1946 709 poscunt,
1974 654 2139 709 expo-

565 736 738 793 nunt,
767 736 824 784 et
846 729 1061 798 quibus,
1094 729 1349 785 videlicet
1376 731 1529 785 bona:
1553 731 1865 795 voluntatis,
1891 733 1994 786 hoc
2021 740 2131 797 est,

568 819 652 874 eis
680 820 772 889 qui
799 817 1097 889 Suscipiunt
1125 829 1310 875 natum
1339 822 1644 887 Christum,
1674 839 1783 877 non
1813 832 1991 878 autem
2025 823 2131 895 lle;

2310 637 2417 692 Per
2432 656 2584 710 quem
2606 642 2748 710 fecit,
2784 644 2975 713 inquit,
3006 656 3054 700 et
3076 649 3292 704 strcula.
3328 652 3428 707 Ubi
3459 664 3584 709 sunt
3610 659 3706 727 qui
3730 660 3816 716 di-

2236 736 2365 782 cunt
2385 728 2408 781 ?
2429 728 2579 793 Erat,
2606 730 2819 798 quando
2849 748 2956 786 non
2983 743 3103 789 erat
3134 755 3147 789 :
3184 737 3338 793 Sicut
3361 742 3505 795 enim
3536 746 3815 804 neminem

2225 813 2434 883 judicat
2467 818 2650 883 Pater,
2689 820 2782 874 sed
2807 822 3006 877 dicitur
3024 825 3269 894 judicare
3298 845 3394 898 per
3430 831 3646 900 Filium,
3678 852 3815 906 quo-

565 908 711 969 rodi,
761 908 1107 977 pontiﬁcibus
1149 918 1204 964 et
1248 910 1569 977 Phariszcis,
1620 912 1938 980 ueterisque
1981 910 2136 965 Anti-
2233 908 2378 995 niam
2400 907 2634 977 iudicem
2677 910 2882 979 gentili,
2932 913 3011 968 sic
3055 916 3221 970 Etiam
3250 919 3449 975 dicitur
3474 925 3687 993 operari
3715 942 3817 995 per

563 998 815 1063 christis,
853 1000 946 1068 qui
983 1000 1100 1069 ejus
1136 1000 1418 1056 nativitate
1455 1003 1670 1068 audita,
1722 1002 1920 1057 turbati
1970 1014 2128 1067 sum,

561 1103 827 1158 eumque,
866 1098 1123 1159 quantum
1169 1091 1415 1155 valuere,
1455 1092 1650 1163 gladiis
1686 1090 1960 1163 insecuti:
2006 1091 2129 1147 Non

558 1185 635 1231 est
679 1177 817 1231 enim
861 1194 965 1248 pax
1002 1179 1175 1249 impiis
1196 1219 1212 1245 ,
1250 1180 1376 1234 dicit
1403 1162 1662 1235 Dominus
1692 1180 1710 1252 (
1734 1162 1847 1234 Isa.
1876 1197 2041 1235 XLVIII
2070 1180 2125 1251 ),

560 1262 682 1320 Pax
705 1279 882 1321 autem
908 1267 1073 1323 multa
1097 1269 1430 1341 diligentibus
1456 1287 1642 1325 nomen
1668 1281 1815 1324 tuum
1835 1311 1850 1337 ,
1879 1270 2123 1338 Domine,

555 1364 606 1410 et
636 1372 740 1411 non
774 1367 848 1411 est
877 1357 982 1412 illis
1014 1359 1322 1414 scandalum
1350 1361 1369 1432 (
1394 1359 1543 1415 Psal.
1572 1377 1738 1417 cxvm
1762 1359 1804 1432 ).

785 1462 1042 1506 EPISTOLA
1078 1468 1232 1506 PAULI
1270 1469 1338 1507 AD
1375 1469 1651 1519 "£33508,
1689 1470 1808 1510 CAP.
1850 1470 1890 1509 Ι.

627 1554 648 1587 ι
685 1536 1033 1595 Mnltifariam
1059 1542 1350 1614 multisque
1376 1545 1551 1600 modis
1575 1546 1702 1600 olim
1731 1547 1874 1602 Deus
1896 1547 2122 1618 loquens

557 1645 577 1677 ι
613 1625 865 1684 Patribus
891 1629 944 1682 in
972 1632 1267 1701 prophetis.
1294 1632 1595 1689 Novissime
1620 1636 1810 1691 diebus
1832 1637 1952 1693 istis
1977 1638 2124 1695 locu-

554 1732 573 1764 ι
612 1722 698 1770 tus
735 1724 819 1770 est
855 1719 1012 1775 nobis
1049 1720 1104 1775 in
1143 1720 1310 1787 Filio,
1341 1737 1502 1791 quem
1536 1726 1815 1780 constituit
1850 1727 2118 1784 hazredem

2230 994 2444 1060 Filium,
2464 1001 2586 1068 quia
2610 1017 2733 1056 eum
2755 1012 2968 1059 constat
2986 1008 3233 1077 opiﬁcem
3257 1012 3504 1080 genuisse
3521 1014 3811 1090 (Ioan.v).

2301 1085 2404 1151 Qui
2430 1097 2505 1141 est
2521 1088 2766 1159 splendor
2784 1094 2964 1162 gloriw
2982 1105 3029 1149 et
3054 1098 3325 1153 character
3345 1085 3650 1159 substantia:
3670 1085 3807 1176 ejus.

2227 1177 2343 1233 Non
2369 1180 2512 1234 enim
2533 1196 2595 1235 ex
2627 1183 2901 1240 intellectu
2932 1188 3160 1269 proprio.
3179 1190 3294 1247 haec
3321 1191 3642 1262 loquebatur
3661 1196 3809 1267 Apo-

2225 1268 2426 1335 stolus,
2457 1286 2559 1325 nec
2578 1272 2814 1330 humano
2844 1275 2983 1332 hanc
3016 1278 3479 1348 dispensationem
3503 1289 3810 1356 reperiebat

2226 1358 2460 1430 ingenio,
2491 1362 2585 1418 sed
2626 1362 2861 1434 Spiritus
2897 1369 3070 1423 sancti
3102 1369 3218 1426 haec
3245 1372 3322 1427 illi
3356 1378 3679 1445 suggerebat
3708 1382 3808 1435 ari--

2223 1449 2574 1506 ministratio.
2599 1451 2714 1507 Hoc
2736 1469 2861 1510 cum
2887 1455 3239 1528 religiositate
3260 1462 3517 1519 debemus
3537 1468 3803 1539 accipere,

2222 1539 2349 1608 quia
2377 1555 2440 1594 ex
2472 1540 2588 1610 ipso
2613 1542 3020 1613 impassibiliter
3047 1557 3227 1616 natus,
3276 1568 3455 1623 neque
3481 1555 3802 1628 diminutas,

2221 1642 2399 1697 neque
2424 1629 2479 1683 in
2508 1630 2691 1702 aliquo
2714 1633 3049 1703 minoratus,
3094 1640 3189 1695 sed
3214 1629 3357 1698 Deus
3385 1659 3576 1711 verus,
3607 1648 3673 1704 de
3693 1649 3809 1707 Deo

2220 1733 2372 1784 vero,
2396 1721 2736 1790 omnipotens
2757 1723 2823 1779 de
2847 1727 3235 1797 omnipotente,
3280 1730 3460 1789 lumen
3489 1735 3554 1791 de
3580 1736 3806 1807 lumine,

553 1823 572 1855 ι
612 1807 1018 1876 universorum,
1050 1827 1147 1882 per
1172 1830 1332 1883 quem
1360 1814 1486 1870 fecit
1511 1824 1568 1870 et
1595 1817 1812 1873 saecula.
1852 1818 1954 1886 Qui
1991 1837 2116 1877 cum
2148 1796 2194 1854 Β
2222 1825 2289 1866 εἰ
2327 1826 2435 1881 (ιιιο
2463 1813 2663 1877 omnia,
2689 1829 2789 1884 Ρει*
2809 1830 2969 1885 quem
2997 1819 3201 1887 omnia.
3231 1820 3284 1876 ίη
3314 1837 3423 1893 quo
3455 1827 3657 1881 omnia-

551 1912 570 1944 ι
605 1896 678 1950 sit
705 1896 961 1967 splendor
985 1900 1168 1969 gloria:
1197 1912 1251 1957 et
1278 1902 1449 1973 ﬁgura
1478 1906 1791 1962 substantia:
1817 1909 1965 1979 ejus,
1992 1925 2118 1981 por-

552 2002 571 2035 ι
612 1993 839 2057 tansque
874 1991 1053 2046 omnia
1090 1993 1256 2048 verbo
1290 1994 1509 2050 virtutis
1546 2013 1657 2052 suae
1684 2038 1699 2063 ,
1737 2001 2114 2071 purgationem

548 2096 573 2131 ι
603 2092 946 2149 peccatorum
974 2084 1198 2141 faciens.
1228 2086 1390 2142 Sedet
1416 2090 1484 2144 ad
1508 2090 1787 2147 dexteram
1814 2092 2116 2162 majestatis

552 2186 575 2220 ι
609 2170 664 2224 ἱη
691 2173 938 2229 excelsis.
982 2174 1155 2231 Tanto
1180 2177 1371 2232 melior
1397 2180 1600 2250 angelis
1627 2180 1849 2239 eﬁ‘ectus
1867 2224 1881 2249 ,
1911 2194 2114 2254 quanto

544 2277 564 2310 ε
600 2259 937 2318 dilferentius
963 2280 1075 2334 pra:
1100 2266 1207 2321 illis
1236 2283 1430 2323 nomen
1460 2271 1815 2328 hiercditavit.
1844 2274 1942 2330 Cui
1966 2278 2113 2333 enim

542 2366 562 2399 ι
599 2350 734 2405 dixit
758 2352 1046 2422 aliquando
1066 2357 1414 2426 angelorum:
1439 2359 1609 2417 Filius
1637 2378 1792 2418 meus
1814 2377 1875 2419 es
1898 2373 1953 2420 tu
1972 2406 1988 2431 ,
2009 2383 2112 2439 ego

548 2455 567 2488 ι
604 2438 762 2494 hodie
783 2442 940 2512 genui
972 2452 1125 2508 te;et
1154 2462 1403 2501 rursum:
1432 2449 1543 2520 Ego
1564 2465 1659 2505 ero
1682 2451 1760 2505 illi
1786 2453 1842 2508 in
1868 2438 2107 2525 patrem,

539 2545 557 2578 ι
595 2538 650 2584 et
677 2529 791 2600 ipse
824 2533 929 2587 erit
967 2535 1099 2589 mihi
1141 2536 1192 2589 in
1224 2536 1429 2592 ﬁlium?
1455 2539 1522 2594 Et
1551 2556 1673 2594 cum
1703 2541 1900 2597 iterum
1932 2545 2108 2601 intro-

538 2636 557 2670 ι
594 2619 743 2675 ducit
782 2623 1197 2695 primogenitum
1243 2628 1297 2683 in
1339 2629 1525 2684 orbem
1572 2639 1763 2700 terrae,
1814 2633 1992 2689 dicit:
2041 2636 2109 2692 Et

535 2723 556 2757 ι
594 2708 817 2764 adorent
852 2726 974 2766 eum
1012 2729 1202 2770 omnes
1239 2719 1412 2786 angeli
1441 2718 1576 2787 ejus.
1616 2719 1700 2776 Ad
1739 2724 1962 2794 angelos
1989 2727 2110 2795 qui-

536 2820 556 2853 ι
594 2803 714 2858 dem
740 2805 870 2861 dicit
896 2825 909 2861 :
942 2808 1043 2874 Qui
1071 2810 1202 2865 facit
1229 2814 1448 2884 angelos
1473 2830 1603 2871 suos
1631 2817 1891 2887 spiritus,
1923 2829 1978 2875 et
2006 2821 2110 2875 mi-

536 2912 555 2945 ι
593 2891 791 2951 nistros
830 2914 956 2953 suos
994 2899 1263 2957 ﬂammam
1311 2905 1468 2972 ignis.
1509 2905 1593 2963 Ad
1637 2907 1835 2964 Filium
1881 2921 2102 2969 autem:

487 2972 496 2993 '
536 3002 555 3035 ι
593 2983 841 3040 Thronus
869 2993 989 3042 tuus
1015 2989 1156 3045 Deus
1181 2991 1234 3045 in
1256 2993 1509 3049 saeculum
1539 2996 1741 3063 saeculi,
1769 2997 1921 3070 virga
1939 3001 2109 3071 tequi-

534 3093 568 3151 ¢_
587 3076 732 3142 tatis,
748 3077 893 3149 virga
917 3082 1064 3151 regni
1088 3084 1183 3137 tui.
1203 3084 1450 3141 Dilexisti
1466 3086 1734 3156 justitiam
1751 3102 1806 3147 et
1819 3092 1982 3149 odisti
2005 3094 2105 3149 ini-

531 3184 551 3218 ί
587 3167 871 3237 quitatem,
894 3181 1176 3243 pr0pterea
1198 3175 1355 3230 unxit
1378 3185 1431 3232 te
1453 3178 1614 3246 Deus,
1640 3180 1782 3237 Deus
1809 3190 1954 3250 tuus,
1982 3184 2102 3242 oleo

530 3275 550 3308 ι
587 3259 965 3317 exsultationis
986 3278 1098 3332 pra:
1117 3266 1472 3337 participibus
1497 3270 1625 3326 luis.
1652 3270 1719 3326 Et
1739 3280 1795 3328 tu
1816 3273 1871 3328 in
1898 3275 2102 3346 prineio

530 3366 549 3399 ι
583 3350 672 3420 pio
716 3351 942 3407 Domine
981 3363 1182 3411 terram
1225 3357 1494 3428 fundasti,
1540 3370 1595 3418 et
1638 3379 1803 3435 opera
1842 3382 2100 3424 manuum

528 3459 548 3491 ι
588 3449 799 3497 tuarum
844 3454 972 3501 sunt
1009 3449 1154 3504 caeli.
1195 3450 1301 3520 Ipsi
1338 3454 1626 3524 peribunt,
1659 3465 1718 3512 tu
1756 3466 1938 3515 autem
1979 3475 2102 3533 per-

533 3551 551 3583 c
591 3534 853 3590 manebis.
894 3537 962 3591 Et
996 3555 1185 3596 omnes
1214 3551 1277 3596 ut
1309 3545 1690 3602 vestimentum
1726 3558 2097 3618 veterascent,

492 3694 504 3705 λ
529 3642 547 3675 σ
586 3632 641 3679 et
669 3627 815 3682 velut
837 3630 1095 3687 amictum
1125 3636 1362 3691 mutahis
1389 3652 1512 3706 eos,
1538 3648 1593 3694 et
1620 3643 1992 3700 mutabuntur.
2020 3646 2101 3702 Tu

527 3733 546 3766 σ
582 3725 760 3773 autem
789 3721 930 3777 idem
959 3724 1073 3793 ipse
1099 3740 1186 3791 es,
1216 3734 1271 3783 et
1297 3729 1425 3783 anni
1454 3732 1531 3785 tui
1560 3747 1668 3788 non
1696 3734 1966 3792 deﬁcient.
2002 3758 2022 3790 ι

592 3807 885 3901 Multi/arie
910 3828 957 3868 et
984 3817 1159 3872 multis
1183 3820 1349 3875 modis
1374 3821 1498 3876 olim
1532 3823 1672 3880 Deus
1696 3825 1909 3899 loquens
1933 3831 2100 3901 patri-

520 3897 614 3969 bus
646 3900 699 3953 in
725 3904 1005 3973 prophetis.
1050 3906 1150 3978 (Ex
1176 3908 1335 3964 Joan.
1368 3910 1589 3984 Chrys.)
1639 3897 1877 3973 Dicenda
1911 3897 2055 3976 enim
2081 3936 2094 3975 :

519 3988 816 4062 Multifarie
865 4005 915 4050 et
945 3999 1123 4054 multis
1156 4003 1325 4057 modis
1350 4004 1474 4059 olim
1504 4006 1646 4063 Deus
1672 4008 1876 4066 locutus
1910 4022 1986 4067 est
2003 4031 2097 4084 pa-

517 4081 682 4137 tribus
706 4087 899 4141 nostris
930 4089 985 4142 in
1013 4093 1307 4163 prophetis,
1353 4096 1620 4166 signiﬁcat
1660 4101 1805 4170 quod
1840 4103 1968 4157 alibi
2004 4081 2096 4159 vdi-

518 4182 663 4228 ctmn
690 4186 772 4231 est
796 4196 808 4231 :
844 4179 954 4251 Ego
982 4183 1129 4238 enim
1150 4185 1389 4243 visiones
1417 4189 1787 4261 multiplicavi,
1824 4201 1878 4247 et
1903 4194 1957 4248 in
1983 4211 2098 4250 ma-

517 4264 676 4319 nibus
696 4269 1082 4338 pr0phetarum
1117 4275 1447 4334 assimilatus
1471 4296 1590 4335 sum
1618 4281 1772 4352 (Osee
1793 4283 1912 4356 xu).
1942 4285 2095 4353 Quod

516 4363 694 4409 autem
728 4360 1019 4428 sequitur:
1069 4364 1127 4419 In
1169 4369 1479 4426 novissimis
1527 4373 1719 4429 diebus
1760 4375 1970 4432 locutus
2011 4385 2096 4433 est

515 4446 673 4502 nobis
706 4450 759 4503 in
786 4452 923 4508 Filio
950 4471 1068 4522 suo,
1112 4459 1275 4514 veluti
1305 4461 1349 4516 si
1377 4462 1580 4519 diceret
1605 4484 1616 4518 :
1649 4467 1788 4533 Quid
1817 4483 2089 4539 magnum,
2116 4495 2170 4554 Ι)

516 4538 560 4592 si
613 4543 905 4611 prophetas
954 4548 1098 4602 misit
1149 4551 1392 4620 patribus
1438 4556 1679 4611 nostris?
1737 4558 1892 4613 nobis
1944 4558 2089 4613 enim

515 4627 689 4702 ipsum
716 4635 991 4703 proprium
1014 4637 1207 4694 Filium
1235 4644 1568 4716 unigenitum
1594 4648 1761 4704 misit.

587 4720 753 4786 Quem
778 4728 1045 4782 constituit
1073 4732 1331 4790 lueredem
1359 4739 1734 4795 universorum.
1764 4740 1897 4797 Cum
1926 4742 2086 4798 dicit:

516 4809 685 4903 Quem
733 4816 1013 4874 constituit
1056 4821 1323 4881 hmredem
1367 4828 1757 4886 humanitatem
1799 4833 2087 4903 signiﬁcat,

514 4899 599 4954 cui
633 4901 833 4959 dictum
861 4916 979 4963 est:
1023 4907 1149 4967 Pete
1190 4932 1221 4968 a
1249 4932 1328 4971 me
1349 4927 1397 4970 et
1423 4920 1560 4974 dabo
1599 4922 1693 4974 tibi
1715 4899 1889 4990 gentes
1924 4899 2090 4977 licere?

515 4990 730 5048 ditatem
757 5005 901 5052 tuam
928 5000 1099 5071 (Psal.
1128 5005 1209 5076 ll).
1242 5006 1383 5077 Ergo
1403 5025 1510 5064 non
1530 5011 1644 5081 jam
1672 5012 1851 5081 portio
1877 5013 2089 5068 Domini

514 5090 723 5141 tantum
754 5088 949 5159 Jacob,
980 5102 1035 5149 et
1071 5113 1191 5154 sors
1218 5101 1336 5170 ejus
1359 5101 1546 5169 Israel,
1590 5105 1686 5160 sed
1709 5120 1898 5163 omnes
1918 5107 2091 5163 natio-

514 5192 612 5233 nes
641 5189 696 5235 et
715 5193 904 5254 gentes
937 5196 1050 5246 toto
1077 5192 1209 5247 orbe
1236 5195 1468 5262 divisas,
1496 5198 1549 5251 in
1580 5199 1951 5255 haereditatem
1982 5202 2090 5256 disc

515 5266 726 5363 tinctim
776 5277 995 5346 sanguis
1037 5282 1382 5351 amplectitur
1414 5286 1635 5343 Christi.
1685 5287 1794 5359 (Ea:
1822 5287 2088 5363 Cassiod.)

512 5355 812 5451 llaereditas
853 5368 923 5424 ab
965 5369 1101 5425 hero
1137 5372 1281 5427 dicta
1304 5383 1407 5439 est,
1454 5375 1506 5429 id
1530 5384 1632 5442 est,
1678 5355 1914 5445 domino,
1946 5355 2091 5451 quod

591 5465 655 5505 ea
691 5462 963 5521 potestate
982 5457 1150 5514 libera
1175 5460 1501 5519 dominetur.
1552 5464 1661 5537 (Ex
1681 5465 1842 5521 Joan.
1874 5444 2088 5542 Chrys.)

513 5538 754 5601 Hmredis
780 5548 869 5602 hic
892 5550 1061 5604 utitur
1091 5550 1329 5618 nomine,
1358 5561 1419 5609 ut
1457 5556 1562 5611 duo
1591 5558 1837 5627 quaedam
1865 5575 1963 5630 per
1985 5538 2090 5617 hoc

512 5640 721 5688 astrnat
745 5642 801 5689 et
826 5637 1115 5703 ostendat,
1154 5640 1259 5695 hoc
1284 5650 1397 5708 est,
1441 5646 1583 5714 quod
1626 5647 1873 5717 proprius
1903 5650 1976 5705 sit
2003 5650 2089 5706 Fi-

513 5725 634 5792 lius,
670 5733 727 5781 et
761 5728 904 5798 quod
931 5730 1310 5791 dominationis
1343 5736 1417 5794 illi
1453 5738 1596 5796 nulla
1625 5741 1901 5813 contingat
1927 5743 2088 5801 aruis-

2288 1901 2519 1960 Portans
2562 1906 2738 1960 omnia
2768 1908 2917 1962 verbo
2961 1910 3166 1966 uirtutis
3215 1930 3346 1969 sum.
3395 1916 3585 1972 Solent
3612 1918 3804 1976 Ariani

2214 2011 2514 2067 proponere
2541 2012 2556 2051 :
2597 1997 2735 2065 Quia
2762 2014 2883 2055 cum
2911 2000 3139 2059 dixisset
3163 2004 3304 2060 Deus
3328 2024 3340 2060 :
3377 2005 3501 2061 Fiat
3527 2008 3622 2063 lux
3647 2009 3801 2080 (Gen.

2216 2086 2278 2156 ι),
2306 2085 2465 2141 Pater
2484 2089 2824 2158 przeceperit,
2849 2090 3025 2146 Filius
3040 2093 3323 2151 obedierit.
3355 2096 3461 2152 Sed
3484 2114 3610 2154 ecce
3624 2109 3777 2155 osten

2213 2177 2393 2233 dimus
2415 2178 2538 2247 quia
2570 2194 2668 2233 suo
2713 2181 2878 2236 verbo
2906 2190 3099 2238 cuncta
3123 2186 3351 2254 perfecit
3380 2207 3392 2243 :
3438 2189 3642 2245 Ferens
3682 2207 3802 2246 om-

2212 2271 2322 2336 nia,
2354 2271 2550 2340 inquit,
2594 2272 2697 2327 hoc
2719 2280 2822 2336 est,
2874 2275 3183 2343 gubernans
3198 2319 3221 2344 ,s
3247 2280 3515 2349 siquidem
3545 2281 3794 2337 cadentia

2208 2373 2265 2419 et
2291 2366 2360 2421 ad
2397 2365 2622 2420 nihilum
2664 2366 2940 2423 tendentia
2973 2370 3232 2429 continet.
3281 2371 3401 2427 Non
3437 2372 3585 2426 enim
3617 2374 3805 2430 minus

2209 2465 2316 2521 est,
2343 2457 2623 2512 continere
2650 2459 2904 2514 mundum
2932 2475 3096 2529 quam
3121 2460 3335 2517 fecisse.
3366 2461 3474 2518 Sed
3503 2462 3561 2517 si.
3579 2470 3810 2532 oportet-

2208 2545 2411 2615 aliquid
2444 2546 2702 2602 audacius
2725 2549 2926 2614 dicere,
2967 2550 3149 2605 adhuc
3170 2550 3402 2623 amplius
3436 2559 3555 2607 ests
3571 2550 3706 2605 Nam
3737 2551 3807 2610 ω

2210 2637 2458 2694 faciendo
2487 2639 2706 2709 quidem
2730 2654 2798 2695 ex
2828 2641 2990 2696 nullis
3014 2641 3374 2698 existentibus
3402 2656 3586 2700 rerum
3613 2657 3807 2698 essen-

2212 2729 2299 2784 tite
2322 2730 2598 2800 productae
2641 2738 2805 2796 sunt;
2860 2732 2913 2786 in
2944 2732 3269 2787 continendo
3296 2747 3426 2787 vero
3445 2773 3463 2798 ,
3490 2747 3611 2803 qua:
3656 2731 3798 2788 facta

2207 2829 2353 2887 sunt,
2384 2835 2454 2877 ne
2485 2820 2553 2875 ad
2579 2821 2807 2877 nihilum
2849 2825 3091 2889 redeant,
3129 2824 3496 2880 continentur.
3538 2824 3639 2880 Hic
3666 2840 3796 2896 ergo

2207 2912 2335 2967 dum
2394 2920 2695 2984 reguntur,
2756 2920 2812 2968 et
2864 2914 2933 2969 ad
2987 2915 3214 2969 invicem
3280 2915 3384 2971 sibi
3440 2917 3803 2985 repugnantia

2206 3009 2558 3070 eoaptantur,
2606 3018 2860 3073 magnum
2888 3011 2943 3057 et
2967 3004 3124 3059 valde
3151 3003 3399 3060 mirabile
3437 2988 3797 3077 plurimaeque

2206 3095 2425 3151 virtutis
2451 3094 2710 3150 indicium
2741 3096 3068 3151 declaratur.

2277 3186 2656 3258 Purgationem
2681 3198 3012 3257 peccatorum
3061 3188 3278 3258 faciens.
3317 3189 3614 3260 Postquam
3648 3190 3801 3245 enim

2201 3279 2340 3335 dixit
2374 3279 2625 3351 superius
2675 3279 2765 3334 illa
2815 3295 3009 3351 magna
3050 3280 3320 3357 valdeque
3359 3281 3626 3346 miranda,
3657 3282 3795 3341 dicit

2199 3387 2347 3427 nunc
2389 3379 2444 3426 et
2488 3371 2555 3427 de
2609 3387 2739 3426 cura
2784 3370 2901 3441 ejus
2949 3378 3005 3426 et
3049 3372 3369 3443 purgatione
3416 3382 3788 3443 peccatorum,

2199 3476 2362 3531 quam
2390 3476 2517 3532 erga
2554 3476 2655 3515 nos
2703 3459 2834 3530 egit,
2870 3461 2950 3516 sic
2986 3470 3042 3516 et
3069 3461 3263 3517 Petrus
3304 3463 3371 3517 de
3405 3462 3497 3517 illo
3534 3463 3648 3518 ait:
3685 3463 3793 3531 Qui

2197 3558 2419 3619 peccata
2455 3557 2639 3606 nostra
2666 3550 2889 3620 pertulit
2920 3550 2974 3605 in
3005 3567 3232 3622 corpore
3253 3567 3350 3608 suo
3380 3568 3543 3622 super
3561 3553 3789 3625 lignum,

2199 3648 2259 3694 ut
2283 3641 2525 3709 peccatis
2549 3639 2785 3706 liberati,
2828 3653 2951 3694 eum
2985 3638 3198 3707 juStitia
3242 3641 3490 3696 vivamus
3539 3640 3592 3715 (Ι
3637 3638 3785 3695 Petr.

2199 3728 2285 3800 ll).
2334 3730 2402 3784 Et
2427 3730 2666 3787 Joannes
2696 3732 2772 3785 ait
2813 3750 2826 3784 :
2868 3730 2971 3798 Qui
2998 3731 3187 3785 dilexit
3227 3748 3350 3797 nos,
3381 3741 3439 3787 et
3454 3732 3599 3788 lavit
3624 3747 3725 3788 nos
3752 3746 3784 3787 a

2198 3823 2435 3892 peccatis
2456 3824 2671 3887 nostris,
2699 3824 2751 3877 in
2778 3822 3037 3893 sanguine
3049 3837 3168 3888 suo,
3191 3831 3247 3878 et
3268 3823 3392 3879 fecit
3413 3839 3512 3880 nos
3536 3839 3786 3896 regnum,

2198 3915 2512 3971 sacerdotes
2536 3916 2646 3971 Deo
2671 3923 2726 3970 et
2756 3915 2903 3969 Patri
2931 3930 3049 3970 suo.

2269 4004 2423 4059 Sedet
2444 4006 2513 4059 ad
2534 4006 2801 4060 dexteram
2822 4005 3113 4075 majestatis
3143 4006 3196 4059 in
3214 4004 3451 4061 ea'celsis.
3476 4006 3544 4060 In
3569 4006 3785 4063 excelsis

2194 4107 2328 4161 ergo
2351 4092 2561 4158 dicens,
2588 4109 2698 4149 non
2723 4109 2846 4149 eum
2886 4094 2938 4147 in
2966 4094 3081 4150 loco
3105 4094 3395 4157 concludit,
3424 4096 3519 4152 sed
3546 4096 3786 4153 ostendit

2195 4182 2447 4238 omnibus
2473 4182 2720 4238 altiorem
2741 4224 2755 4248 ,
2789 4183 3045 4253 quoniam
3074 4200 3247 4253 usque
3274 4186 3341 4239 ad
3371 4185 3543 4254 ipsum
3588 4184 3783 4243 solium

2193 4281 2435 4344 paternae
2471 4273 2754 4330 claritatis.
2803 4274 2954 4330 Sicut
2982 4290 3110 4344 ergo
3137 4274 3299 4330 Pater
3327 4274 3380 4327 in
3418 4270 3778 4342 excelsis'est,

2195 4364 2274 4419 sic
2298 4372 2352 4419 et
2378 4364 2566 4419 Filius.
2598 4364 2897 4420 Consessus
2920 4364 3065 4418 enim
3090 4362 3222 4416 nihil
3254 4362 3590 4418 demonstrat
3612 4364 3787 4432 aliudg

2194 4458 2297 4527 nisi
2331 4458 2554 4512 honoris
2574 4457 2957 4524 :equalitatem.

2266 4547 2434 4601 Tanto
2461 4548 2598 4601 enim
2624 4546 2808 4599 melior
2828 4544 3026 4616 angelis
3048 4546 3280 4614 effectus,
3310 4553 3509 4616 quanto
3533 4544 3780 4614 diﬁ'erem

2192 4638 2297 4692 tius
2324 4653 2433 4706 pra:
2456 4636 2562 4690 illis
2600 4651 2785 4690 nomen
2824 4635 3167 4690 haereditavit.
3218 4637 3274 4691 ln
3306 4637 3408 4691 hoc
3451 4636 3594 4706 quod
3619 4636 3791 4702 uixit,

2192 4729 2387 4793 factus,
2439 4742 2539 4798 pro
2566 4735 2872 4796 susceptus,
2898 4727 3158 4798 intelligo,
3187 4736 3447 4798 tanquam
3474 4727 3521 4783 si
3550 4727 3776 4795 diceret,

2191 4820 2386 4874 melius
2407 4827 2495 4874 est
2516 4825 2798 4889 susceptus
2835 4817 2904 4873 ab
2932 4818 3158 4890 angelis.

2262 4931 2363 4986 Cui
2389 4932 2525 4986 enim
2553 4930 2859 5000 angelorum
2889 4932 3023 4986 dixit
3052 4930 3339 5002 aliquando
3362 4944 3381 4982 :
3426 4929 3603 4984 Filius
3631 4942 3779 4985 meus

2191 5043 2244 5080 es
2274 5023 2378 5078 tu?
2407 5023 2506 5097 (Ex
2535 5021 2800 5095 Cassiod.)
2830 5022 3178 5099 lntendatnus
3212 5037 3343 5092 ergo
3374 5021 3518 5091 quod
3553 5019 3770 5089 posuit:

2191 5115 2338 5170 Dixit
2363 5114 2431 5169 ad
2460 5128 2565 5179 me,
2600 5112 2648 5165 F
2652 5113 2774 5168 ilius
2804 5129 2951 5168 meus
2976 5130 3029 5168 es
3054 5120 3132 5177 tu,
3162 5112 3305 5182 quod
3329 5111 3494 5165 etiam
3518 5109 3567 5164 ei
3604 5109 3777 5164 dictu-

2192 5214 2286 5259 rus
2307 5211 2425 5259 erat
2449 5211 2573 5272 post
2611 5204 2935 5271 baptismum
2963 5220 2975 5257 :
3022 5200 3126 5255 Hic
3170 5210 3246 5255 est
3286 5200 3429 5269 filius
3459 5215 3605 5253 meus
3639 5199 3774 5253 dile-

2191 5303 2328 5359 ctus,
2377 5294 2432 5348 in
2468 5309 2571 5363 quo
2610 5292 2738 5346 mihi
2773 5292 2897 5346 bene
2935 5290 3246 5360 complacni.
3290 5290 3358 5345 Et
3399 5298 3461 5344 ut
3498 5288 3776 5345 Christum

2190 5401 2353 5443 unam
2401 5400 2720 5456 personam,
2758 5385 2813 5439 id
2853 5392 2972 5450 est,
3022 5385 3258 5441 Verbum
3304 5399 3521 5440 carnem
3572 5383 3783 5438 factum

2188 5490 2311 5533 esse
2349 5477 2601 5539 sentires,
2650 5473 2880 5543 adjecit:
2912 5475 3024 5547 Ego
3061 5475 3215 5531 hodie
3256 5477 3412 5547 genui
3439 5486 3506 5529 te.
3539 5473 3776 5529 Dicendo

2188 5567 2355 5633 enim,
2388 5566 2564 5633 hodie,
2590 5566 3019 5621 coaeternitatem
3049 5581 3161 5621 sua:
3187 5564 3487 5634 majestatis
3512 5563 3773 5626 ostendit,

2188 5658 2342 5714 hodie
2381 5658 2547 5724 enim,
2598 5658 2738 5731 apud
2780 5659 2952 5714 Deum
2990 5658 3138 5714 nullo
3182 5657 3337 5712 initio
3378 5657 3587 5728 incipit,
3626 5655 3775 5710 nullo

2190 5750 2297 5807 ﬁne
2320 5749 2675 5808 concluditur.
2709 5750 2825 5806 Non
2853 5757 2937 5806 est
2963 5749 3108 5805 enim
3132 5748 3238 5815 ibi,
3269 5746 3393 5815 fuit,
3422 5762 3617 5819 neque,
3644 5747 3773 5810 erit,
