4110 6490
222 413 297 471 39

1066 394 1580 463 COLLECTIONES
1610 384 1686 459 IN
1723 402 2102 460 EPISTOLAS
2142 402 2230 458 ET
2268 402 2679 460 EVANGELIA.

3406 398 3478 456 30

219 526 317 584 sed
363 538 579 594 semper
615 526 926 595 permanet,
971 528 1028 575 et
1063 534 1279 592 semper
1312 526 1421 582 est,
1460 525 1516 573 et
1539 517 1799 588 quidquid
1825 521 1879 579 Α
1901 515 2046 570 nulla
2070 515 2339 587 pravitate
2366 527 2625 573 curvatur
2643 557 2658 583 ,
2686 518 2837 588 virga
2867 517 2968 573 ista
2994 516 3170 587 iustos
3195 515 3357 587 regit,
3388 516 3483 571 im-

222 617 427 673 dixeris
456 615 553 680 illi,
589 614 747 669 hodie
770 620 871 668 est.
909 611 1061 681 Quod
1082 611 1194 667 ait:
1226 607 1394 665 Genui
1438 600 1508 675 te,
1546 610 1802 664 nativita-

225 717 334 762 tem
362 705 509 762 illam
548 702 838 775 signiﬁcat,
871 703 936 757 de
964 717 1069 772 qua
1103 701 1268 759 Isaias
1289 700 1459 755 dicit:
1499 696 1805 753 Generatio-

225 812 345 853 item
374 795 633 867 ejus-quis
661 792 928 851 enarrabit
958 783 1095 863 (Isa.
1124 790 1292 862 Lm)?

297 888 368 942 Et
391 902 601 941 rursum
626 901 644 940 :
672 884 786 955 Ego
814 899 902 938 ero
933 882 1012 939 illi
1032 884 1087 939 in
1114 892 1316 952 patrem
1352 889 1400 935 et
1426 881 1534 951 ipse
1557 879 1656 934 erit
1678 878 1807 933 mihi

227 980 287 1036 in
306 978 497 1049 ﬁlium.
528 977 586 1031 In
614 977 700 1033 bis
727 976 934 1032 duobus
957 973 1224 1037 versibus,
1250 972 1492 1029 absolute
1512 971 1811 1027 debellatur

229 1071 489 1143 iniquitas
538 1067 882 1133 Iud-norum;
931 1066 1059 1136 quid
1100 1065 1244 1120 enim
1294 1062 1635 1128 evidentius,
1682 1062 1811 1132 quid

228 1162 449 1235 planius
472 1202 487 1227 ,
527 1174 688 1233 quam
732 1168 793 1213 ut
822 1172 944 1213 esse
970 1158 1224 1213 credatur
1251 1156 1424 1222 ﬁlius,
1470 1155 1565 1226 qui
1598 1155 1814 1209 invocat

230 1261 483 1323 patrem:
522 1257 576 1304 et
604 1264 818 1304 rursum
862 1248 1117 1304 credatur
1148 1262 1267 1303 esse
1294 1256 1471 1320 pater,
1507 1246 1599 1317 qui
1632 1245 1815 1317 appel-

234 1341 310 1396 lat
337 1342 527 1396 ﬁlium.
1263 1351 1273 1360 '

306 1431 374 1484 Et
403 1448 523 1484 cum
558 1432 746 1484 iterum
786 1430 1073 1485 introducit
1111 1430 1511 1500 primogenitum
1548 1428 1605 1483 in
1640 1427 1814 1482 orbem

235 1521 573 1587 terrw,d.'cit.
592 1521 692 1592 (Ex
719 1519 876 1575 Joan.
904 1520 1121 1593 Chrys.)
1144 1521 1428 1575 lntroitum
1456 1535 1584 1590 ergo
1609 1535 1818 1574 assum-

234 1617 476 1688 ptiouem
514 1615 694 1670 carnis
730 1615 981 1684 appellat,
1032 1615 1163 1668 forts
1192 1615 1336 1669 enim
1379 1627 1596 1668 eramus
1623 1628 1653 1666 a
1683 1611 1814 1677 Deo,

238 1707 388 1762 sicut
423 1706 515 1775 qui
545 1712 672 1759 sunt
704 1714 857 1760 extra
891 1704 1098 1773 regales
1128 1704 1274 1758 aulas
1319 1704 1373 1759 in
1404 1701 1632 1757 vinculis
1670 1701 1819 1757 colli-

237 1797 371 1868 ga‘ti.
421 1796 512 1851 Sic
541 1796 703 1851 etiam
732 1795 978 1851 Christus
1003 1795 1199 1861 eti'ecit,
1247 1810 1497 1860 egressus
1527 1794 1723 1865 quippe
1751 1792 1819 1847 ad

238 1904 361 1953 nos,
393 1889 496 1942 hoc
517 1896 619 1952 est,
644 1902 864 1942 carnem
888 1902 1108 1943 sumens
1131 1895 1185 1942 et
1205 1887 1495 1942 collocatus
1516 1886 1819 1951 nobiscum,

238 1989 508 2052 praecepta
533 1980 695 2050 Regis
717 1980 970 2044 innotuit,
1009 1986 1063 2035 et
1093 1978 1172 2033 sic
1200 1995 1298 2033 nos
1321 1995 1350 2032 a
1376 1978 1612 2048 peccatis
1637 1992 1826 2032 emun-

239 2072 401 2136 dans,
429 2081 483 2126 et
513 2071 578 2125 ad
602 2072 769 2125 Deum
794 2078 1137 2134 convertens,
1166 2071 1219 2124 in
1244 2071 1420 2124 aulam
1445 2069 1699 2140 regalem,
1722 2067 1827 2121 vel-

240 2172 301 2220 ut
351 2165 620 2219 mediator
661 2164 938 2233 Optimus,
986 2162 1305 2219 introduxit.
1357 2161 1647 2230 Propterea
1697 2174 1827 2229 ergo

237 2255 451 2310 exitum
500 2263 659 2309 vocat
711 2270 823 2309 sua:
872 2253 1256 2308 incarnationis
1307 2253 1614 2309 adventum.
1676 2251 1830 2305 Tunc

239 2345 390 2399 enim
439 2353 608 2399 totum
652 2347 837 2399 orbem
868 2344 1143 2414 possedit,
1194 2336 1316 2398 cum
1347 2344 1414 2397 ab
1443 2342 1712 2396 universis
1748 2348 1831 2395 est

241 2436 499 2506 agnitus,
544 2435 813 2503 quomodo
846 2435 892 2488 si
920 2434 1042 2503 quis
1081 2434 1135 2487 in
1170 2432 1455 2502 quamdam
1490 2431 1708 2485 domum
1752 2430 1833 2483 in-

240 2527 503 2581 troducat
533 2525 785 2594 aliquem,
838 2530 893 2578 et
938 2522 1221 2579 confestim
1249 2537 1436 2577 omnes
1480 2521 1621 2577 illius
1646 2521 1834 2576 domus

240 2616 762 2690 principesjubeat,
808 2624 870 2671 ut
904 2616 1052 2672 illum
1095 2615 1249 2687 proni
1291 2614 1451 2670 simul
1489 2629 1677 2668 omnes
1701 2614 1833 2669 ado-

246 2717 391 2767 rent.
418 2709 497 2763 Ita
525 2717 587 2763 et
605 2708 881 2764 Christum
909 2706 1204 2762 secundum
1231 2720 1447 2760 carnem
1471 2704 1633 2776 jussit
1652 2720 1683 2758 a
1708 2719 1837 2758 cun-

247 2802 356 2857 ctis
383 2800 591 2869 angelis
617 2799 852 2866 adorari,
898 2800 1121 2854 dicens:
1155 2796 1225 2852 Et
1265 2797 1482 2853 adorent
1512 2798 1834 2852 eum‘omnes

247 2896 424 2966 angeli
454 2894 570 2949 Dei.

321 2986 394 3039 Et
422 2985 492 3039 ad
518 2985 730 3056 angelos
751 2986 959 3057 quidem
991 2987 1117 3040 dicit
1146 3004 1158 3040 :
1190 2985 1295 3052 Qui
1323 2986 1451 3056 facit
1482 2984 1693 3056 angelos
1714 3002 1836 3040 suos

246 3080 489 3151 spiritus.
517 3079 614 3152 (Ex
640 3080 910 3147 Cassiod.)
941 3079 1043 3146 Qui
1068 3080 1196 3150 facit
1219 3080 1429 3151 angelos
1458 3097 1581 3135 suos
1601 3081 1835 3149 spiritus.

255 3172 494 3243 Spiritus
523 3173 771 3243 generale
804 3189 998 3228 nomen
1036 3181 1141 3239 est,
1193 3172 1548 3243 incorporalis
1572 3175 1836 3244 potentis-

248 3281 358 3337 que
381 3266 715 3328 substantize,
741 3266 1040 3330 visibiliter,
1075 3266 1187 3321 sive
1214 3266 1571 3333 invisibiliter,
1606 3282 1841 3337 operans

250 3356 400 3426 quod
421 3356 471 3412 ei
496 3356 751 3411 divinitus
780 3356 1092 3427 inSpiratur.
1125 3357 1451 3426 Angelorum
1478 3357 1624 3412 enim
1646 3373 1843 3411 nomen

252 3463 365 3505 non
419 3448 689 3517 signiﬁcat
739 3457 1017 3513 naturam,
1063 3449 1160 3504 sed
1204 3437 1587 3514 obedientiam,
1633 3445 1845 3522 ἄγγελος

251 3538 401 3594 enim
429 3536 617 3593 Grteea
661 3537 841 3607 lingua
871 3538 1099 3603 dicitur,
1152 3538 1244 3608 qui
1279 3536 1470 3591 Latine
1516 3537 1737 3591 nuntius
1763 3536 1846 3591 in-

253 3636 609 3699 terpretatur.
658 3627 796 3683 Nam
844 3630 1062 3698 quando
1107 3628 1427 3692 mittuntur,
1476 3627 1648 3699 angeli
1688 3627 1841 3696 ﬁunt,

251 3732 383 3776 Cum
414 3727 595 3774 tamen
622 3728 814 3774 natura
854 3719 1080 3789 spiritus
1103 3733 1223 3773 esse
1256 3724 1566 3773 noscantur.
1607 3718 1842 3785 Addidit,

252 3827 383 3867 suos
400 3851 414 3875 ,
440 3816 500 3863 ut
525 3809 644 3863 illos
672 3811 1001 3877 ostenderet,
1024 3811 1115 3881 qui
1144 3817 1293 3865 recta
1314 3817 1493 3864 mente
1513 3809 1726 3865 Domini
1752 3824 1845 3864 vo-

257 3902 558 3958 luntatibus
585 3903 973 3957 obsecundant.
1594 3904 1605 3909 “

333 3993 403 4047 Et
429 3994 697 4046 ministros
723 4009 845 4047 suos
871 3995 1138 4062 flammam
1156 3990 1327 4064 ignis.
1379 3992 1481 4065 (Ex
1504 3992 1846 4066 Iiieronym.)

258 4088 445 4157 Ignem
468 4094 716 4140 urentem
738 4086 885 4149 dicit,
921 4087 1045 4140 utin
1070 4085 1185 4139 aliis
1211 4086 1387 4140 lumen
1414 4086 1655 4141 veritatis
1678 4086 1851 4141 infun-

265 4179 420 4244 dant,
450 4180 506 4232 in
536 4177 658 4232 aliis
688 4184 908 4248 peccata
935 4186 1275 4232 consumant.
1319 4176 1462 4248 Ignis
1506 4178 1608 4234 iste
1634 4186 1851 4234 sanctos

260 4277 482 4341 purgat,
520 4275 833 4340 peccatores
863 4268 1151 4321 consumit.
1183 4268 1364 4339 Ignem
1396 4268 1581 4334 istum,
1612 4270 1702 4338 qui
1729 4286 1852 4324 san-

264 4369 389 4415 ctus
415 4367 520 4423 est,
549 4374 655 4413 non
690 4357 911 4421 timeat;
961 4357 1051 4426 qui
1079 4365 1329 4427 peccator
1353 4366 1456 4423 est,
1487 4359 1690 4412 timeat.
1742 4359 1853 4429 Ego

1866 3233 1910 3295 C

1900 609 2019 678 pios
2060 611 2315 680 percutit,
2363 612 2603 666 continet
2639 611 2908 666 veraciter
2948 611 3341 682 supplicantes,
3388 607 3484 663 sed

1903 703 2018 758 lucc
2046 703 2200 773 virga
2229 718 2336 758 non
2366 703 2434 758 de
2472 703 2675 774 cespite
2718 703 2931 758 arboris
2958 701 3253 773 egreditur,
3298 698 3394 754 sed
3417 698 3485 751 ab

1904 790 2071 862 ipsius
2095 792 2391 848 divinitatis
2423 790 2635 863 justitia
2671 792 2944 863 procedit,
2977 790 3234 847 fortitudo
3263 787 3484 852 invicta,

1905 883 2133 954 aequitas
2163 883 2488 950 rectissima,
2514 881 2822 938 inflexibilis
2852 881 3154 951 disciplina.

1982 990 2220 1046 Dilexisti
2247 991 2510 1062 justitiam
2540 1001 2587 1046 et
2639 991 2795 1046 odisti
2836 990 3189 1061 iniquitatem.
3236 986 3354 1057 Ipsa
3402 992 3487 1042 est

1907 1081 2056 1152 virga
2104 1091 2252 1139 recta
2270 1125 2286 1149 ,
2323 1098 2508 1138 amare
2536 1082 2848 1152 aequitatem
2876 1089 2931 1136 et
2962 1080 3143 1136 odisse
3172 1078 3488 1149 nequitiam.

1911 1170 2080 1227 Nemo
2120 1173 2266 1227 enim
2311 1173 2550 1242 perfecte
2593 1173 2764 1243 diligit
2801 1169 3108 1240 justitiam,
3157 1169 3261 1224 nisi
3296 1168 3389 1239 qui
3438 1174 3496 1222 et

1911 1270 2064 1317 actus
2088 1263 2353 1330 pessimos
2376 1270 2717 1328 exsecratur,
2769 1261 3024 1333 quoniam
3054 1257 3284 1316 diversis
3322 1256 3496 1327 quali-

1914 1354 2132 1417 tatibus,
2165 1353 2352 1408 eodem
2379 1365 2618 1424 tempore
2643 1368 2749 1408 non
2772 1352 2927 1406 estin
2954 1366 3062 1406 uno
3082 1350 3221 1405 loco.
3270 1346 3383 1402 Nec
3401 1360 3495 1418 po-

1916 1451 2021 1499 test
2049 1444 2165 1515 ipso
2192 1453 2464 1499 momento
2495 1444 2566 1499 ibi
2597 1444 2807 1515 nigrum
2836 1442 3027 1508 videri,
3064 1440 3156 1494 ubi
3186 1438 3389 1495 candor
3415 1438 3500 1492 in-

1916 1533 2156 1601 sederit,
2207 1535 2333 1605 quia
2378 1543 2433 1591 et
2474 1535 2763 1604 praesentia
2811 1534 2980 1599 lucis,
3030 1530 3207 1587 noctis
3252 1529 3499 1586 absentia

1917 1632 2021 1679 est.

1990 1712 2275 1785 Propterea
2296 1715 2443 1769 unxit
2472 1724 2520 1769 te
2551 1714 2705 1780 Deus,
2738 1710 2875 1768 Deus
2898 1722 3037 1777 tuus,
3063 1710 3175 1766 oleo
3202 1706 3503 1766 exsultatio-

1923 1808 2004 1861 nis
2034 1824 2142 1878 pra:
2163 1807 2502 1877 participibus
2527 1808 2652 1860 tuis.
2682 1804 2781 1876 (Ex
2807 1798 3050 1875 Hieron.)
3077 1803 3180 1857 Alii
3211 1816 3384 1872 reges,
3410 1798 3505 1868 qui

1925 1905 2108 1969 typum
2137 1896 2280 1951 illius
2306 1896 2657 1966 praetulerunt
2677 1936 2691 1960 ,
2744 1902 2801 1949 et
2828 1894 3097 1963 regnando
3120 1898 3400 1948 consortes
3424 1889 3505 1942 di-

1926 1990 1999 2044 cti
2025 1997 2172 2055 sunt,
2203 1989 2323 2043 oleo
2355 1985 2691 2059 corruptibili
2718 1993 2845 2041 sunt
2868 1983 3095 2039 inuucti.
3140 1982 3241 2037 Hic
3270 1996 3394 2035 vero
3416 1978 3507 2032 Fi-

1926 2081 2031 2136 lius
2073 2080 2167 2136 Dei
2200 2096 2232 2134 a
2273 2081 2382 2135 Deo
2411 2079 2587 2143 Patre,
2640 2077 2761 2132 oleo
2800 2073 3177 2132 exsultationis
3201 2112 3216 2138 ,
3265 2072 3371 2126 hoc
3400 2075 3506 2133 est,

1928 2172 2364 2249 resurrectionis,
2393 2169 2729 2226 ascensionis
2754 2166 3241 2234 dominationisque
3269 2170 3352 2217 est
3373 2159 3507 2215 deli-

1928 2264 2093 2319 butus
2116 2303 2132 2328 ,
2170 2263 2296 2335 quia
2325 2262 2574 2318 Christus
2613 2268 2807 2316 natura
2843 2267 3058 2324 unctus,
3105 2272 3205 2311 nos
3246 2269 3344 2325 per
3384 2267 3510 2324 gra-

1932 2355 2085 2409 tiam.

2002 2442 2071 2495 Et
2094 2452 2150 2495 tu
2176 2442 2231 2495 in
2254 2439 2784 2513 principio,Domine,
2809 2446 3002 2492 terram
3024 2433 3262 2506 fundasti
3278 2440 3325 2485 et
3355 2447 3513 2501 opera

1933 2549 2185 2587 manuum
2230 2540 2442 2584 tuarum
2481 2540 2603 2584 sunt
2642 2529 2774 2594 caeli,
2812 2528 2910 2600 ipsi
2948 2524 3184 2598 peribunt
3208 2564 3223 2588 ,
3252 2532 3309 2575 tu
3338 2529 3513 2575 autem

1932 2622 2274 2698 pe‘rmanebis.
2323 2622 2425 2693 (Ex
2451 2620 2717 2694 Cassiod.)
2765 2619 2901 2675 Cum
2925 2617 3053 2673 dicit
3080 2631 3094 2670 :
3121 2615 3280 2670 Initio
3310 2622 3512 2668 terrain

1935 2722 1993 2769 tu
2023 2706 2280 2778 fundasti,
2306 2714 2550 2778 Domine,
2580 2711 2817 2768 ostendit
2839 2710 2982 2781 quod
3007 2725 3038 2763 a
3067 2709 3215 2764 sanis
3242 2705 3514 2761 mentibus

1936 2822 2043 2861 non
2087 2814 2267 2876 potest
2300 2805 2579 2876 abnegari,
2632 2805 2759 2875 quia
2813 2812 3027 2858 creator
3068 2810 3193 2856 ante
3240 2810 3519 2855 creaturas

1938 2914 2087 2965 suas,
2120 2898 2236 2954 sine
2262 2897 2442 2968 aliquo
2468 2898 2630 2955 initio,
2649 2896 2995 2969 cognoscitur
3024 2893 3316 2950 exstitisse.
3348 2892 3413 2945 Et
3439 2891 3518 2959 in:

1939 2988 2118 3055 tende,
2169 2991 2295 3061 quia
2341 2989 2430 3044 hic
2474 2989 2757 3059 opiniones
2798 2986 3241 3058 philosophorum
3287 2982 3521 3038 mirabili

1940 3083 2207 3139 brevitate
2237 3080 2526 3148 destruxit,
2573 3095 2802 3150 quarum
2832 3080 3005 3150 prima
3031 3085 3115 3133 est
3143 3096 3155 3131 :
3206 3074 3462 3130 Mundum
3489 3089 3520 3127 a

1941 3174 2088 3229 nullo
2112 3188 2232 3229 esse
2260 3180 2518 3227 creatum.
2553 3171 2799 3226 Secunda
2825 3189 2837 3223 :
2872 3169 3004 3224 Sine
3044 3168 3151 3223 ﬁne
3180 3179 3517 3221 mansurum.

1944 3265 2053 3321 Sed
2078 3280 2201 3320 cum
2226 3264 2426 3318 dicitur
2452 3281 2464 3316 :
2494 3261 2654 3317 Initio
2682 3270 2881 3315 terram
2907 3268 2963 3314 tu
2994 3257 3251 3322 fundasti,
3274 3255 3520 3321 Domine,

1942 3363 1995 3411 et
2017 3370 2172 3424 opera
2198 3368 2410 3406 manum
2442 3361 2650 3406 tuarum
2681 3360 2799 3404 sunt
2824 3349 2958 3413 caeli,
2991 3348 3165 3418 prima
3186 3347 3273 3401 illa
3308 3361 3525 3416 persua-

1944 3449 2027 3504 sio
2070 3445 2303 3502 nefanda
2331 3443 2692 3500 convincitur.
2740 3441 2876 3497 Cum
2921 3455 3051 3494 vero
3096 3437 3523 3510 pronuntiatur:

1944 3541 2057 3612 Ipsi
2092 3538 2352 3611 peribunt,
2385 3537 2548 3592 ﬁnem
2571 3549 2666 3590 eos
2690 3533 2891 3589 habere
2916 3530 3231 3596 declaravit,
3261 3536 3322 3584 ut
3346 3527 3525 3582 nullus

1945 3632 1999 3686 in
2029 3628 2219 3694 stellis,
2251 3626 2434 3700 gentili
2466 3640 2674 3691 errore,
2709 3622 3023 3686 conﬁderet,
3059 3635 3181 3674 cum
3218 3616 3529 3673 easimmu-

1946 3719 2137 3775 tandas
2164 3734 2283 3774 esse
2312 3716 2555 3773 sentiret.
2589 3714 2741 3782 Quod
2765 3721 2943 3766 autem
2974 3710 3085 3764 ait:
3119 3708 3195 3762 Tu
3219 3717 3391 3789 autem
3412 3722 3531 3776 per-1

1946 3829 2144 3877 manes,
2173 3811 2310 3865 sicut
2337 3807 2693 3863 aeternitatem
2709 3802 2922 3859 Domini
2948 3800 3202 3867 ostendit,
3230 3800 3356 3855 dum
3378 3812 3532 3853 crea-

1946 3911 2030 3958 ret
2051 3901 2252 3966 omnia,
2297 3884 2397 3966 sic,
2447 3905 2567 3969 post
2594 3895 2761 3951 caelos
2787 3897 3042 3958 mutatos,
3094 3891 3270 3962 ipsum
3309 3889 3441 3945 dicit
3470 3888 3526 3943 in

1947 3992 2248 4063 maiestatis
2274 4007 2383 4048 suae
2409 3990 2579 4062 gloria
2607 4002 2945 4059 permanere.

2018 4105 2089 4160 Et
2137 4104 2352 4169 omnia,
2402 4111 2459 4156 ut
2504 4100 2859 4154 vestimentum
2900 4102 3235 4150 veterascent.
3294 4092 3534 4147 Dicendo

1948 4197 2113 4263 enim,
2144 4195 2342 4259 omnia,
2364 4202 2425 4248 ut
2446 4192 2698 4254 arbitror,
2725 4204 2831 4243 non
2861 4185 3098 4257 angelos,
3125 4200 3233 4239 non
3258 4182 3535 4252 spiritales

1950 4296 2230 4344 creaturas
2257 4285 2535 4355 designat,
2571 4296 2691 4351 qute
2734 4280 2788 4333 in
2828 4292 2925 4333 sua
2967 4276 3226 4346 dignitate
3264 4290 3537 4330 mansura}

1952 4387 2095 4444 sunt,
2122 4376 2347 4440 sedilia,
2372 4389 2495 4445 qua:
2518 4369 2939 4428 commutatione
2960 4366 3257 4437 probantur
3276 4366 3530 4421 obnoxia.

266 4458 400 4523 Ρ¹¹ί⁰
428 4450 561 4505 mos
586 4464 706 4505 esse
754 4451 904 4520 ignes
939 4448 1159 4520 angelos
1201 4449 1336 4520 θείυδο
1382 4449 1475 4504 Is“
1500 4465 1628 4519 "3°
1654 4450 1851 4522 ani-ie“:
1953 4471 2106 4540 Quod
2148 4477 2329 4523 autem
2376 4465 2546 4521 dicit:
2595 4462 2744 4518 Sicut
2787 4460 3147 4516 vestimentum
3194 4466 3532 4522 vetcrascent,

1878 4564 2025 4639 Dad
2075 4561 2255 4616 carnis
2308 4556 2653 4628 fragilitatem
2710 4553 2927 4607 videtur
2975 4549 3301 4621 aptandum,
3359 4548 3536 4618 ipsum

266 4556 410 4610 quos
456 4541 823 4595 consumunt?
866 4541 1200 4610 quiscunque
1246 4549 1329 4594 est
1374 4540 1595 4612 lignum,
1646 4541 1850 4608 fenum,

268 4632 489 4701 stipula,
527 4632 618 4701 qui
665 4640 843 4686 autem
883 4647 1074 4685 aurum
1102 4640 1155 4685 et
1184 4620 1465 4703 argentum
1497 4641 1609 4698 est,
1642 4641 1695 4688 et
1719 4634 1854 4703 lapi—

269 4722 369 4778 des
412 4721 657 4791 pretiosi,
706 4722 953 4776 mittetur
988 4721 1203 4792 quidem
1233 4722 1287 4777 in
1317 4723 1514 4795 ignem,
1558 4725 1653 4780 sed
1694 4741 1851 4783 mun-

271 4815 395 4871 dior
425 4814 751 4868 invenietur.

342 4907 427 4961 Ad
456 4905 625 4975 ﬁlium
663 4916 874 4961 autent:
909 4906 1146 4961 T/tronus
1182 4917 1303 4962 tuus
1342 4907 1482 4963 Deus
1524 4909 1579 4963 in
1603 4909 1853 4964 swculuut

270 4998 477 5054 swculi.
529 4998 629 5069 (Ex
651 4995 804 5052 Joan.
853 4998 1071 5070 Chrys.)
1111 4999 1251 5054 Ecce
1298 5016 1489 5071 magna
1527 4999 1852 5069 differentia,

270 5091 403 5161 quia
431 5090 507 5144 illi
547 5090 763 5159 quidem
807 5090 971 5145 creati
1004 5101 1159 5155 sunt,
1204 5092 1295 5147 hic
1333 5099 1514 5146 autem
1559 5092 1852 5148 increatus.

271 5180 511 5239 Intueris
549 5181 819 5249 quomodo
862 5180 1075 5244 dividit,
1117 5188 1172 5235 et
1212 5197 1335 5236 cum
1367 5189 1568 5250 quanta
1612 5181 1858 5239 claritate

275 5279 562 5328 creaturas
594 5287 624 5326 a
658 5280 903 5327 creatore
933 5272 1212 5339 discernit,
1244 5274 1518 5329 ministros
1553 5290 1773 5341 vocans,
1804 5283 1860 5329 et

278 5363 568 5418 Dominum
592 5381 605 5416 :
633 5377 819 5419 servos
845 5370 898 5417 et
922 5364 1209 5423 hceredem.
1254 5365 1335 5422 Ad
1355 5367 1630 5437 proprium
1664 5367 1860 5423 Filium

279 5457 443 5514 dicit:
492 5455 664 5511 Sedes
688 5464 778 5512 tua
822 5455 964 5511 Deus
988 5458 1042 5515 in
1071 5458 1325 5513 saeculum
1357 5460 1558 5515 saeculi.
1593 5460 1731 5516 Ecce
1760 5461 1862 5515 ha-

278 5550 377 5611 bes
405 5546 558 5620 regni
589 5548 964 5618 signaculum:
1014 5549 1083 5602 Et
1128 5550 1277 5621 virga
1322 5552 1619 5621 aequitatis,
1662 5553 1862 5623 inquit,

278 5642 437 5711 virga
484 5641 635 5712 regni
687 5642 784 5701 tui.
830 5641 969 5697 Ecce
1014 5642 1183 5699 habes
1224 5652 1280 5697 et
1314 5642 1458 5698 aliud
1502 5645 1860 5716 signaculum.

282 5727 394 5808 (Es
423 5731 688 5808 Cassiod.)
734 5735 894 5808 Virga
923 5752 1053 5792 vero
1077 5736 1181 5790 ista
1214 5735 1453 5807 regulam
1481 5736 1674 5791 divina:
1700 5736 1865 5808 signi-

283 5822 412 5885 ﬁcat
457 5826 726 5902 aequitatis
751 5867 767 5895 ,
812 5842 931 5904 quae
978 5827 1240 5883 veraciter
1279 5812 1435 5882 recta
1462 5825 1685 5893 dicitur,
1739 5822 1885 5898 quia'

1955 4656 2099 4711 enim
2142 4652 2453 4717 veterascit,
2497 4648 2640 4723 quod
2675 4660 2827 4704 more
2853 4643 3022 4699 vestis
3046 4649 3219 4697 morte
3265 4643 3539 4697 consumi.

1956 4757 2067 4806 tur.

2028 4838 2097 4892 Et
2128 4835 2267 4891 velut
2301 4836 2551 4889 amictum
2597 4829 2899 4886 immutabis
2941 4845 3048 4893 eos,
3097 4836 3145 4885 et
3174 4825 3534 4883 mutabuntur.
3624 4812 3631 4817 ’

1956 4929 2249 4994 Amictum,
2279 4927 2330 4981 id
2348 4934 2431 4980 est
2454 4923 2806 4994 apertorium,
2836 4920 3002 4976 C(BIOS
3028 4917 3252 4974 forsitan
3280 4917 3542 4975 debemus

1960 5016 2261 5077 advertere,
2305 5011 2396 5081 qui
2439 5010 2507 5066 ad
2532 5010 2704 5063 vicem
2733 5005 3017 5061 velaminis
3047 5011 3222 5058 terras
3263 5003 3536 5072 operiunt.

1959 5104 2050 5174 qui
2080 5102 2343 5165 similiter,
2394 5106 2455 5154 ut
2495 5098 2634 5163 alia,
2675 5094 3170 5159 commutabuntur.
3222 5091 3291 5146 Et
3318 5099 3375 5145 ut
3395 5091 3539 5147 facta

1959 5193 2172 5250 Domini
2211 5190 2541 5255 ostenderet,
2570 5187 2680 5257 jam
2711 5186 2812 5241 sub
2836 5184 3138 5240 aeternitate
3178 5197 3433 5237 mansura
3458 5179 3542 5233 di-

1957 5286 2071 5342 cit:
2126 5282 2357 5337 Mutabis
2397 5298 2492 5346 ea,
2564 5287 2620 5334 et
2660 5277 3035 5339 mutabuntur,
3082 5273 3208 5342 quia
3265 5284 3538 5337 nunquam

1962 5381 2119 5428 erunt
2163 5370 2231 5424 ad
2276 5371 2381 5425 hoc
2412 5366 2759 5436 corruptibile
2797 5364 3053 5419 reditura.
3098 5360 3235 5414 Nam
3271 5358 3316 5414 si
3353 5370 3542 5413 corru-

1962 5462 2131 5535 ptioni
2158 5460 2386 5517 ulterius
2412 5459 2780 5530 subjacerent,
2809 5470 2915 5509 non
2939 5454 3246 5509 dicerentur
3269 5462 3390 5504 esse
3413 5463 3537 5503 mu-
3626 5444 3631 5447 “

1965 5562 2096 5610 tata.
2148 5551 2301 5607 Sicut
2323 5549 2511 5605 Daniel
2540 5547 2800 5619 propheta
2837 5550 3099 5605 testatur,
3145 5538 3369 5595 dicens:
3398 5535 3545 5606 Quo-

1964 5645 2111 5701 niam
2132 5642 2393 5715 sapientia
2418 5649 2474 5696 et
2496 5620 2669 5696 virtus
2692 5644 2746 5693 et
2771 5632 3074 5690 intellectus
3106 5627 3277 5697 ipsius
3295 5633 3444 5693 sunt,
3485 5634 3545 5683 et

1966 5736 2080 5806 ipse
2103 5742 2274 5791 mutat
2299 5740 2539 5802 tempora
2563 5738 2619 5786 et
2636 5725 2831 5785 saecula
2855 5722 3018 5794 (Dan.
3044 5718 3130 5791 ιι),
3158 5718 3404 5788 subiecit.

2044 5827 2118 5881 Tu
2150 5836 2323 5881 autem
2355 5824 2492 5879 idem
2529 5824 2637 5895 ipse
2676 5836 2751 5886 es,
2777 5826 2823 5871 et
2865 5813 2991 5869 anni
3031 5813 3107 5867 tui
3148 5828 3251 5867 non
3279 5809 3537 5878 deﬁcient.
