4110 6476
567 369 631 426 st
1873 348 2222 411 summa!
2260 332 2552 406 ABBATIS
3751 349 3825 407 ες

570 479 718 537 Hem
743 478 977 550 positum
994 483 1076 532 est
1096 482 1281 531 contra
1306 473 1396 528 illa
1418 488 1536 553 quae
1554 473 1697 528 dicta
1722 479 1868 536 sunt,
1888 467 2141 540 quoniam
2170 467 2216 524 Α
2245 463 2350 553 lem
2380 474 2434 521 et
2464 463 2784 519 invisibilem
2808 505 2823 530 ,
2847 463 2960 534 'per
2988 464 3162 534 ipsum
3209 464 3377 518 Deum
3408 463 3569 525 Pater
3608 463 3826 551 fecerit,

568 571 697 627 dum
722 569 813 624 illa
836 570 945 625 sint
968 565 1393 633 commutabilia,
1432 563 1692 631 Dominus
1719 577 1932 635 semper
1952 561 2147 615 immua

568 660 747 718 tabilis
765 666 1078 728 perseverat
1103 674 1115 711 :
1140 657 1246 727 ipse
1273 654 1719 724 omnipotentiam
1740 651 1855 720 ejus
1878 650 2142 721 designat,

569 747 696 818 quia
723 762 913 807 revera
936 748 1050 817 ipse
1074 752 1183 810 est,
1202 759 1327 821 cum
1351 759 1410 799 se
1437 744 1597 814 digna
1623 756 1839 811 semper
1865 749 2142 809 operatur,

572 854 692 896 esse
717 847 961 893 naturam
1004 835 1121 905 ejus
1153 837 1543 906 subsequenter
1570 833 1829 898 declarat,
1875 833 2003 901 quia
2033 832 2146 901 ipse

572 930 719 987 solus
745 943 843 1005 per
862 943 922 989 se
954 927 1103 983 novit
1130 933 1270 992 esse,
1305 926 1419 994 qui,
1446 934 1504 979 ut
1523 918 1613 989 sit,
1650 925 1755 979 alio
1782 939 1888 978 non
1912 929 2030 992 eget
2053 921 2148 974 atl-

563 1018 785 1089 jutore:
817 1019 896 1074 sie
920 1017 1040 1073 istis
1080 1017 1255 1071 tribus
1292 1015 1568 1078 versibus,
1603 1023 1658 1069 et
1686 1013 1910 1066 mutatio
1936 1020 2149 1066 creatu-

572 1125 776 1173 rarum,
824 1116 879 1163 et
921 1107 1196 1163 aeternitas
1237 1105 1450 1160 Domini
1493 1103 1724 1159 mirabili
1758 1102 2024 1158 brevitate
2056 1101 2147 1156 de-

528 1204 537 1207 ’
576 1200 776 1275 scripta
804 1208 947 1256 sunt.

957 1301 1289 1343 EVANGELIUM
1310 1299 1543 1352 JOANNIS,
1569 1301 1687 1339 CAP.
1719 1300 1756 1338 1.

647 1398 668 1432 ι
697 1379 756 1435 In
785 1379 1048 1450 principio
1076 1386 1195 1441 erat
1223 1377 1477 1442 Verbum,
1517 1385 1570 1430 et
1597 1375 1829 1433 Verbum
1860 1381 1979 1429 erat
2007 1373 2149 1443 apud

580 1488 603 1524 ι
635 1468 828 1535 Deum,
855 1478 910 1525 et
936 1453 1077 1523 Deus
1098 1476 1218 1522 erat
1242 1467 1499 1523 Verbum.
1524 1466 1636 1527 Hoc
1660 1464 1855 1521 eratin
1881 1463 2147 1532 principio

582 1579 603 1614 ι
638 1562 776 1631 apud
805 1562 992 1616 Deum.
1037 1559 1228 1615 Omnia
1265 1574 1362 1628 per
1398 1559 1570 1627 ipsum
1601 1557 1738 1611 facta
1770 1566 1916 1621 sunt,
1947 1564 2002 1610 et
2034 1556 2148 1611 sine

583 1669 602 1703 ε
638 1652 754 1722 ipso
772 1652 972 1705 factum
1002 1657 1084 1705 est
1105 1649 1259 1715 nihil,
1287 1649 1429 1720 quod
1458 1649 1659 1705 factum
1684 1656 1784 1702 est.
1813 1647 1872 1702 In
1897 1647 2013 1718 ipso
2038 1647 2147 1701 vita

582 1763 601 1796 ι
639 1751 775 1809 erat,
813 1751 868 1799 et
894 1742 1002 1804 vita
1022 1749 1138 1797 erat
1178 1742 1270 1798 lux
1295 1741 1593 1801 hominum.
1620 1740 1686 1799 Et
1712 1739 1803 1793 lux
1828 1739 1882 1792 in
1911 1738 2149 1793 tenebris

2246 546 2422 621 docet,
2454 556 2676 612 dicens:
2719 554 2910 612 Omnia
2954 573 3046 627 per
3070 558 3240 626 ipsum
3269 557 3411 626 facta
3445 569 3590 623 sunt,
3632 566 3687 613 et
3713 546 3830 614 sine

2244 647 2357 716 ipso
2402 647 2599 716 factum
2639 658 2712 705 est
2753 648 2903 702 nihil.
2942 647 3185 703 Fuerunt
3224 648 3500 714 haeretici,
3544 650 3638 719 qui
3683 640 3833 705 dice-

2246 743 2371 789 rent
2395 753 2407 789 :
2445 735 2501 789 Si
2529 751 2658 806 ergo
2683 746 2841 792 natus
2874 744 2978 801 est,
3003 736 3260 792 Christus
3284 745 3405 792 erat
3429 775 3445 802 ,
3483 738 3699 806 quando
3721 754 3831 795 non

2246 834 2404 891 erat;
2438 826 2540 881 hos
2577 827 2632 882 in
2665 826 2842 895 primo
2871 842 3119 882 sermone
3154 827 3431 898 redarguit
3471 828 3826 897 evangelista.

2248 933 2371 972 cum
2399 916 2569 972 dicit:
2602 916 2670 972 In
2707 918 2964 989 principio
3004 927 3117 974 erat
3171 917 3420 975 Verbum.
3465 918 3709 976 Fuerunt
3735 920 3832 977 alii

2247 1009 2340 1078 qui
2370 1007 2646 1065 Christum
2692 1009 2966 1064 hominem
2997 1016 3238 1073 tantum,
3281 1024 3388 1064 non
3428 1017 3483 1066 et
3514 1010 3685 1065 Deum
3708 1021 3836 1074 creq

2247 1097 2474 1164 derent,
2508 1114 2645 1170 quos
2677 1106 3075 1170 consequenter
3106 1099 3395 1170 opprimit,
3440 1115 3564 1156 cum
3607 1101 3719 1157 ait:
3756 1100 3832 1159 Et

2249 1187 2393 1243 Deus
2420 1199 2535 1245 erat
2574 1187 2818 1250 Verbum.

2320 1279 2513 1336 Omnia
2538 1299 2631 1353 per
2656 1284 2825 1354 ipsum
2865 1284 3006 1352 facta
3032 1293 3171 1339 sunt.
3221 1284 3322 1358 (Ex
3359 1285 3522 1356 Aug.)
3563 1285 3830 1343 Universa
3868 1292 3871 1293 ⁷

2248 1370 2392 1426 enim
2423 1381 2672 1427 creatura
2719 1388 2816 1443 per
2850 1374 3024 1443 ipsum
3070 1375 3213 1431 facta
3260 1383 3363 1440 est,
3396 1374 3590 1445 major,
3627 1377 3828 1441 minor,

2250 1477 2501 1532 superna,
2533 1464 2764 1531 inferna,
2806 1467 3081 1537 spiritalis,
3134 1468 3446 1538 corporalis,
3495 1470 3641 1524 nulla
3683 1470 3831 1524 enim

2250 1551 2425 1608 forma
2450 1595 2465 1620 ,
2519 1555 2663 1610 nulla
2691 1571 2979 1628 compages
2999 1598 3014 1622 ,
3068 1558 3215 1614 nulla
3241 1561 3530 1617 concordia
3575 1562 3832 1631 partium,

2251 1645 2397 1702 nulla
2439 1646 2827 1719 qualiscunque
2865 1651 3202 1717 substantia,
3249 1667 3370 1720 qua:
3412 1660 3592 1722 potest
3633 1653 3837 1707 habere

2251 1735 2480 1804 pondus,
2514 1752 2815 1800 numerum,
2852 1754 3180 1806 mensuram,
3230 1755 3353 1797 esse
3379 1749 3580 1811 potest,
3611 1741 3715 1796 nisi
3738 1757 3838 1811 per

582 1854 603 1889 ι
637 1806 816 1899 lucet,
870 1844 925 1889 et
974 1835 1209 1888 tenebras
1261 1847 1382 1886 eam
1439 1848 1545 1886 non
1600 1830 2144 1900 comprehenderunt.
2176 1806 2227 1868 Β
2254 1822 2384 1877 illud
2413 1821 2676 1889 Verbum,
2716 1833 2772 1880 et
2798 1826 2982 1880 abillo
3005 1825 3185 1883 Verbo
3209 1806 3483 1893 creatore,
3512 1829 3597 1883 cui
3629 1806 3837 1883 dictum

581 1945 603 1981 ε
640 1928 763 1983 Fuit
789 1928 949 1982 homo
975 1926 1173 1980 missus
1195 1940 1225 1979 a
1256 1926 1383 1990 Deo,
1411 1925 1498 1980 cui
1536 1920 1728 1979 nomen
1752 1934 1870 1979 erat
1895 1923 2145 1979 Joannes.

582 2035 602 2070 ι
640 2016 738 2071 llic
761 2016 902 2071 venit
929 2016 984 2075 in
1014 2015 1401 2079 testimonium,
1428 2021 1487 2067 ut
1515 2014 1879 2068 testimonium
1902 2013 2154 2084 perhibe-

582 2125 601 2157 ι
638 2114 720 2162 ret
745 2107 810 2162 de
833 2104 1053 2171 lumine,
1083 2113 1141 2159 ut
1165 2119 1355 2159 omnes
1385 2104 1669 2160 crederent
1695 2120 1794 2175 per
1822 2105 1990 2161 illum.
2032 2105 2150 2160 Non

580 2218 600 2252 ‹
636 2207 753 2254 erat
780 2198 868 2253 ille
893 2198 1001 2259 lux,
1049 2197 1142 2253 sed
1164 2206 1223 2253 ut
1248 2197 1614 2252 testimonium
1639 2197 1951 2266 perhiberet
1976 2197 2041 2253 de
2069 2197 2152 2252 lu-

580 2310 600 2344 ι
639 2291 802 2347 mine.
841 2290 971 2345 Erat
999 2290 1087 2344 lux
1117 2305 1267 2355 vera,
1298 2305 1417 2359 qua:
1450 2289 1716 2343 illuminat
1741 2301 1955 2345 omnem
1979 2290 2152 2344 homi-

580 2404 600 2439 ι
637 2401 762 2445 nem
783 2385 1089 2443 venientem
1114 2384 1169 2439 in
1202 2383 1345 2438 hunc
1368 2383 1645 2438 mundum.
1692 2382 1749 2437 ιιι
1782 2383 1981 2438 mundo
2010 2390 2148 2450 erat,

580 2493 601 2529 ι
638 2483 694 2532 ει
719 2474 949 2530 mundus
977 2489 1073 2545 per
1100 2473 1273 2546 ipsum
1318 2472 1494 2528 factus
1519 2480 1604 2528 est
1623 2512 1638 2538 ,
1685 2479 1741 2527 et
1766 2472 1999 2528 mundus
2026 2487 2151 2528 eum

583 2583 604 2620 ι
641 2582 748 2621 non
771 2564 1039 2637 cognovit.
1065 2564 1121 2619 ln
1160 2564 1374 2634 propria
1401 2563 1570 2627 venit,
1598 2571 1654 2617 et
1674 2563 1757 2617 sui
1785 2550 1907 2617 eum
1934 2578 2041 2618 non
2069 2578 2153 2618 re-

580 2674 600 2709 ι
634 2662 908 2729 ceperunt.
939 2653 1210 2722 Quotquot
1239 2663 1419 2707 autem
1460 2661 1781 2722 receperunt
1807 2667 1928 2708 eum
1953 2693 1968 2718 ,
2006 2652 2154 2710 dedit

579 2764 599 2800 ι
636 2747 717 2802 eis
740 2753 1061 2817 potestatem
1089 2743 1227 2799 ﬁlios
1263 2744 1359 2799 Dei
1386 2743 1540 2810 ﬁeri,
1588 2744 1675 2799 his
1707 2745 1798 2816 qui
1827 2745 2054 2802 credunt
2097 2745 2153 2801 in

578 2857 599 2890 ι
635 2836 852 2895 nomine
878 2837 1014 2908 ejus,
1043 2835 1135 2907 qui
1158 2852 1266 2890 non
1290 2851 1355 2890 ex
1383 2836 1752 2907 sanguinibus,
1770 2851 1944 2909 neque
1970 2851 2037 2895 ex
2063 2851 2155 2893 vo-

581 2945 600 2979 c
636 2925 842 2981 luntate
884 2925 1084 2991 carnis,
1132 2940 1306 2995 neque
1346 2942 1411 2980 ex
1454 2926 1733 2981 voluntate
1770 2927 1913 2993 viri,
1950 2928 2043 2982 sed
2084 2942 2148 2983 ex

579 3034 598 3067 ι
637 3014 746 3070 Deo
774 3015 886 3070 nati
914 3024 1058 3070 sunt.
1090 3014 1157 3070 Et
1182 3013 1415 3070 Verbum
1443 3032 1570 3072 caro
1604 3016 1805 3073 factum
1831 3029 1933 3084 εει,
1983 3025 2039 3075 ει
2061 3018 2154 3072 ha-

579 3122 598 3156 c
636 3104 826 3160 bitavit
848 3105 901 3159 in
941 3104 1113 3160 nobis.
1160 3104 1229 3160 Et
1254 3104 1485 3162 vidimus
1512 3107 1735 3180 gloriam
1756 3105 1893 3176 ejus,
1924 3107 2148 3178 gloriam

583 3216 602 3249 ι
641 3199 795 3269 quasi
835 3198 1104 3271 Unigeniti
1147 3214 1178 3252 a
1218 3198 1409 3265 Patre,
1458 3200 1674 3272 plenum
1712 3202 1883 3273 gratia
1929 3209 1983 3257 et
2007 3201 2151 3256 veri-

585 3307 605 3341 t
640 3297 771 3344 tate.
812 3310 831 3342 ι

645 3380 712 3455 In
745 3383 1000 3453 principio
1033 3392 1147 3438 erat
1201 3383 1460 3450 Verbum,
1499 3393 1545 3439 et
1596 3381 1822 3439 Verbum
1860 3394 1972 3439 erat
2010 3383 2153 3455 apud

573 3447 772 3538 Deu‘m,
804 3483 853 3527 et
880 3447 1023 3530 Deus
1049 3485 1159 3529 erat
1214 3447 1465 3542 Verbum,
1500 3484 1604 3530 etc.
1654 3475 1761 3546 (Ex
1790 3447 2053 3545 August.)
2083 3472 2151 3529 In

573 3558 830 3627 principio
859 3568 968 3611 erat
995 3560 1222 3613 verbum.
1270 3559 1329 3612 In
1359 3574 1466 3629 quo
1493 3558 1801 3631 principio?
1844 3558 1912 3611 Et
1943 3558 2150 3613 verbum

573 3654 687 3700 erat
712 3645 851 3716 apud
877 3646 1063 3702 Deum.
1089 3647 1157 3702 Et
1181 3647 1320 3702 Deus
1345 3656 1455 3702 erat
1484 3646 1725 3702 Verbum.
1754 3647 1982 3703 Assidue
2006 3648 2151 3704 enim

573 3738 799 3794 dicenda
828 3741 1043 3795 nomina
1080 3742 1367 3797 verborum
1391 3783 1406 3806 ,
1454 3742 1609 3812 quasi
1654 3741 1924 3796 vilucruut
1962 3741 2146 3796 verba.

574 3825 716 3884 Ecce
748 3828 970 3884 verbum
1000 3830 1140 3895 dico,
1170 3846 1293 3884 cum
1320 3830 1443 3886 dico
1472 3831 1635 3897 Deus,
1682 3847 1842 3900 quam
1872 3832 2036 3889 breve
2067 3838 2151 3886 est

577 3920 719 3989 quod
748 3919 890 3985 dixi,
934 3929 1165 3989 quatuor
1192 3921 1402 3976 litteras
1443 3928 1497 3976 et
1537 3921 1767 3995 syllabas
1804 3922 1953 3976 duas.
2002 3921 2151 3977 Nun-

573 4011 833 4082 quidnam
868 4012 969 4067 hoc
1015 4020 1190 4067 totum
1219 4021 1330 4078 est,
1384 4014 1555 4074 Deus,
1599 4022 1831 4084 quatuor
1859 4014 2050 4070 littera:
2095 4024 2150 4070 et

575 4101 793 4174 syllabae
818 4102 973 4157 dum?
1019 4117 1089 4156 an
1128 4111 1388 4173 quantum
1420 4104 1522 4158 hoc
1547 4104 1655 4165 vile
1677 4114 1778 4166 est,
1820 4114 2029 4159 tantum
2059 4121 2151 4160 ca-

575 4209 693 4248 rum
722 4200 838 4259 est,
881 4192 1023 4263 quod
1054 4193 1109 4247 in
1148 4193 1229 4248 eis
1255 4193 1571 4266 intelligitur
1592 4237 1605 4259 ,
1657 4196 1782 4264 quid
1821 4196 2016 4250 factum
2046 4206 2146 4251 est.

575 4283 632 4338 In
663 4285 824 4338 corde
850 4292 961 4349 tuo,
989 4299 1111 4338 cum
1137 4285 1392 4350 dicerem,
1420 4285 1582 4349 Deus,
1626 4301 1817 4357 magna
1844 4296 1901 4341 et
1939 4302 2149 4341 summa

575 4373 818 4443 quasdam
841 4372 1140 4427 substantia
1166 4375 1400 4445 cogitata
1430 4382 1536 4441 est,
1557 4376 1701 4442 viva,
1731 4385 2008 4447 perpetua,
2036 4393 2149 4433 om-

2252 1920 2370 1969 est:
2412 1910 2604 1967 Omnia
2634 1913 2689 1967 in
2716 1930 2984 1980 mensura,
3012 1916 3066 1969 in
3097 1932 3312 1971 numero
3333 1926 3381 1971 et
3409 1916 3634 1987 pondere
3660 1917 3842 1986 dispo-

2251 2002 2426 2057 suisli.

2321 2092 2391 2150 Et
2430 2093 2541 2151 sine
2567 2094 2677 2163 ipso
2728 2092 2926 2162 factum
2954 2103 3030 2147 est
3070 2093 3220 2148 nihil.
3271 2093 3559 2149 Peccatum
3590 2109 3697 2150 non
3739 2110 3841 2165 per

2251 2185 2427 2256 ipsum
2457 2185 2657 2244 factum
2679 2194 2781 2253 est,
2809 2194 2864 2240 et
2888 2186 3089 2241 idolum
3116 2201 3225 2241 non
3256 2196 3341 2242 est
3365 2201 3464 2256 per
3490 2186 3726 2242 Verbum
3750 2188 3839 2243 l'a-

2251 2281 2416 2330 ctum.

2327 2366 2437 2438 (Ex
2479 2367 2724 2440 Hieron.)
2769 2368 2873 2425 Per
2920 2369 3063 2424 hanc
3108 2370 3253 2424 enim
3300 2370 3623 2424 sententiam
3660 2371 3843 2429 εχειυτ

2260 2458 2461 2514 duntur
2505 2459 2664 2515 idola.
2714 2459 2944 2531 Propter
2977 2461 3121 2531 quod
3159 2463 3237 2516 ait
3273 2460 3601 2532 Apostolus:
3634 2460 3841 2519 Scimus

2253 2553 2381 2622 quia
2409 2551 2541 2605 nihil
2562 2562 2637 2606 est
2666 2552 2867 2607 idolum
2899 2552 2950 2622 (Ι
2981 2552 3107 2608 Cor.
3136 2555 3278 2627 vm).

2324 2638 2537 2714 (Vulg)
2599 2641 2794 2698 Omnia
2854 2652 3039 2700 creata
3096 2644 3184 2700 vel
3247 2643 3390 2700 facta
3445 2659 3543 2714 per
3584 2642 3839 2705 Verbum

2254 2730 2395 2789 bona
2430 2741 2589 2799 sunt,
2638 2742 2695 2790 et
2735 2734 2896 2790 modo
2935 2750 3035 2791 suo
3076 2736 3396 2792 subsistunt.
3440 2735 3635 2799 Omnia
3680 2736 3844 2806 igitur

2255 2832 2437 2880 creata
2466 2826 2626 2881 modo
2665 2841 2762 2882 suo
2802 2827 3145 2891 subsistunt,
3197 2842 3357 2883 omne
3400 2828 3542 2899 quod
3569 2807 3840 2893 subsistit,

2255 2908 2505 2969 naturam
2542 2916 2734 2981 habet,
2788 2917 2921 2972 nihil
2957 2933 3064 2973 non
3092 2918 3257 2974 habet
3280 2928 3551 2984 naturam,
3583 2918 3718 2973 nihil
3740 2919 3840 2988 igi-

2257 3014 2344 3060 tur
2367 3021 2474 3061 non
2499 3007 2764 3073 subsistit,
2798 3008 3001 3062 malum
3032 3009 3147 3065 sine
3169 3007 3342 3064 Verbo
3368 3009 3567 3072 factum
3591 3017 3694 3075 est,
3722 3010 3844 3073 sine

2256 3100 2433 3155 Verbo
2455 3098 2655 3156 factum
2682 3110 2766 3156 est
2794 3101 2949 3165 nihil,
2992 3102 3193 3158 malum
3222 3102 3386 3174 igitur
3411 3102 3549 3157 nihil
3567 3109 3669 3157 est.
3698 3101 3847 3163 Nihil

2259 3207 2384 3246 vero
2411 3206 2518 3249 non
2548 3191 2813 3257 subsistit,
2858 3191 3057 3247 malum
3087 3194 3251 3264 igitur
3277 3208 3382 3247 non
3409 3192 3693 3259 subsistit;
3724 3193 3844 3247 nul-

2254 3283 2366 3337 lum
2394 3282 2593 3339 malum
2619 3284 2882 3348 subsistit,
2911 3286 3087 3340 omnis
3119 3292 3370 3341 creatura
3400 3284 3661 3341 subsistit.
3713 3283 3845 3340 Nul-

2256 3371 2366 3426 lum
2402 3373 2563 3442 igitur
2590 3373 2789 3428 malum
2835 3385 3088 3432 creatura
3128 3384 3245 3440 est,
3293 3389 3463 3445 quare
3504 3374 3647 3433 nihil;
3662 3390 3842 3445 neque

2254 3462 2455 3518 bonum
2487 3462 2705 3533 aliquod
2745 3472 2830 3520 est
2855 3505 2869 3531 ,
2908 3480 3084 3535 neque
3112 3467 3221 3527 ullo
3247 3465 3418 3529 modo,
3444 3465 3712 3531 subsistit,
3742 3481 3842 3520 ne-

2256 3542 2359 3623 que
2380 3552 2488 3609 ulla
2507 3563 2759 3610 creatura
2781 3564 2884 3622 est,
2915 3565 2971 3612 et
2994 3572 3154 3614 omne
3183 3556 3329 3628 quod
3352 3557 3514 3616 modo
3535 3556 3714 3627 aliquo
3735 3564 3846 3623 est,

2253 3654 2310 3703 ει
2334 3645 2534 3703 bonum
2560 3656 2669 3714 εει,
2705 3656 2761 3704 ει
2786 3664 2894 3704 non
2931 3648 3038 3704 nisi
3064 3665 3163 3719 per
3202 3647 3437 3704 Verbum
3466 3656 3567 3704 est.

2324 3735 2476 3802 Quod
2499 3736 2696 3806 factum
2723 3746 2842 3792 est:
2878 3735 2947 3790 In
2976 3737 3090 3808 ipso
3131 3738 3235 3797 vita
3264 3746 3360 3795 est.
3405 3737 3504 3809 (Ex
3545 3737 3708 3808 Aug.)
3752 3736 3846 3793 Sic

2247 3826 2686 3898 distinguendum
2714 3836 2829 3893 est,
2862 3829 3005 3897 quod
3034 3828 3235 3892 factum
3264 3837 3369 3894 est,
3415 3828 3502 3884 hic
3540 3827 3845 3884 subdistin‘

2250 3933 2370 3991 gue,
2398 3926 2454 3973 et
2480 3917 2673 3973 deinde
2699 3916 2856 3973 infer.
2889 3916 2956 3971 In
2976 3919 3088 3991 ipso
3110 3919 3217 3975 vita
3245 3928 3341 3972 est.
3371 3917 3535 3974 Facta
3558 3926 3640 3974 est
3664 3927 3838 3986 terra,

2251 4009 2345 4063 sed
2370 4009 2424 4063 in
2450 4008 2566 4079 ipsa
2587 4024 2693 4063 non
2721 4017 2805 4064 est
2837 4009 2968 4063 vita.
3000 4008 3095 4065 Est
3118 4018 3297 4064 autem
3321 4010 3374 4064 in
3399 4009 3516 4080 ipsa
3546 4010 3837 4080 sapientia.

2250 4100 2561 4171 specialiter
2588 4101 2727 4155 ratio
2755 4101 3031 4173 quaedam,
3079 4118 3184 4173 qua
3228 4109 3370 4156 terra
3406 4101 3546 4158 facta
3579 4109 3688 4166 est,
3721 4101 3839 4157 haec

2251 4193 2360 4246 vita
2387 4200 2492 4257 est,
2528 4200 2728 4245 terram
2759 4191 2932 4258 vides,
2973 4201 3057 4247 εει
3092 4193 3146 4247 in
3175 4201 3294 4248 arte
3326 4203 3489 4247 terra.
3530 4192 3734 4248 Caelum
3761 4192 3839 4246 vi-

2251 4283 2367 4351 des,
2397 4291 2483 4341 est
2525 4283 2578 4338 in
2609 4291 2726 4345 arte
2775 4283 2991 4349 ccelum,
3024 4288 3189 4340 solem
3220 4291 3274 4338 et
3313 4284 3494 4337 lunam
3517 4283 3685 4346 vides,
3716 4294 3843 4339 sunt

2253 4375 2354 4430 ista
2398 4376 2452 4431 in
2496 4386 2633 4441 arte,
2686 4375 2782 4435 sed
2831 4374 2964 4429 foris
3001 4389 3227 4445 corpora
3268 4381 3425 4438 sunt,
3478 4372 3532 4433 in
3574 4380 3690 4427 arte
3727 4375 3847 4439 vita

575 4464 822 4533 uipotens
850 4504 864 4520 .
913 4462 1156 4530 inﬁnita,
1203 4465 1402 4534 ubique.
1447 4482 1683 4536 praesens
1708 4508 1722 4531 ,
1776 4469 1974 4537 ubique
2012 4477 2143 4534 tota,
2173 4490 2226 4550 υ
2253 4477 2396 4520 sunt.

576 4568 839 4622 nusquam
861 4554 1103 4619 exclusa,
1125 4556 1341 4623 quando
1370 4554 1471 4610 ista
1502 4556 1726 4627 cogitas,
1759 4558 1862 4613 hoc
1890 4567 1991 4625 est,
2019 4574 2139 4615 ver-

576 4648 704 4700 bum
741 4647 806 4701 de
830 4646 941 4701 Deo
970 4646 1025 4700 in
1053 4647 1218 4701 corde
1242 4654 1353 4702 tuo.
1406 4647 1515 4720 (Ex
1541 4649 1732 4723 Beda.)
1763 4650 1868 4704 Alii
1913 4666 2143 4721 cvange-

574 4735 712 4792 listze
733 4735 1005 4792 Christum
1031 4752 1097 4792 ex
1124 4745 1365 4808 tempore
1407 4750 1592 4795 natum
1619 4741 1952 4807 describunt,
1983 4742 2144 4797 Joan-

575 4839 675 4881 nes
712 4827 957 4882 eumdem
995 4828 1049 4882 in
1095 4829 1358 4900 principio
1398 4830 1566 4886 fuisse
1612 4840 1874 4899 testatur,
1917 4834 2140 4890 dicens:

574 4913 647 4972 In
680 4917 935 4988 principio
978 4927 1089 4972 erat
1133 4916 1378 4975 Verbum.
1424 4922 1527 4977 Alii
1566 4924 1709 4978 inter
1744 4924 1989 4979 homines
2018 4939 2141 4979 eum

574 5007 756 5064 subito
800 5007 1113 5076 apparuisse
1158 5023 1624 5077 commemorant,
1676 5012 1762 5067 ille
1805 5014 1979 5080 ipsum
2010 5013 2150 5083 apud

574 5098 743 5153 Deum
790 5111 1004 5167 semper
1038 5096 1204 5154 fuisse
1251 5099 1512 5166 declarat,
1548 5101 1775 5156 dicens:
1815 5100 1884 5153 Et
1924 5099 2147 5155 Verbum

574 5197 688 5243 erat
733 5186 873 5257 apud
919 5185 1105 5241 Deum.
1154 5189 1260 5243 Alii
1306 5206 1427 5245 eum
1467 5207 1656 5245 verum
1705 5192 2017 5257 hominem,
2063 5191 2152 5247 ille

576 5278 749 5348 ipsum
776 5290 963 5331 verum
989 5277 1274 5334 conﬁrmat
1301 5296 1420 5336 esse
1440 5282 1629 5346 Deum,
1659 5281 1844 5335 dicens
1868 5296 1882 5335 :
1921 5280 1989 5335 Et
2010 5281 2152 5338 Deus

573 5375 685 5420 erat
716 5365 958 5421 Verbum.
992 5366 1098 5422 Alii
1125 5368 1398 5425 hominem
1423 5385 1544 5423 eum
1574 5369 1715 5439 apud
1743 5371 1990 5425 homines
2014 5377 2149 5426 tem-

573 5456 832 5527 poraliter
880 5465 1279 5525 oonversatum,
1325 5459 1414 5514 ille
1464 5459 1655 5525 Deum,
1698 5461 1837 5529 apud
1882 5460 2051 5515 Deum
2091 5460 2146 5516 in

574 5546 837 5621 principio
877 5554 1188 5602 manentem
1214 5548 1470 5613 ostendit,
1508 5548 1734 5605 dicens:
1788 5548 1904 5604 Hoc
1940 5558 2054 5604 erat
2088 5550 2145 5605 in

573 5637 825 5718 arincipio
852 5638 995 5707 apud
1023 5637 1206 5693 Deum.
1257 5638 1363 5694 Alii
1391 5639 1661 5709 magnalia
1690 5655 1809 5711 qua:
1834 5640 1889 5696 in
1923 5639 2144 5696 homine

569 5730 740 5801 gessit
776 5728 1059 5799 perhibent
1091 5730 1178 5786 ille
1205 5732 1347 5802 quod
1375 5732 1590 5789 omnem
1618 5741 1924 5789 creaturam
1953 5732 2140 5791 visibi-

2322 4557 2389 4611 Et
2416 4558 2520 4611 vita
2548 4566 2658 4613 erat
2683 4556 2776 4610 lux
2800 4557 3089 4611 hominum.
3122 4556 3262 4627 Ergo
3284 4555 3375 4613 illa
3400 4557 3533 4623 vita,
3555 4574 3654 4628 per
3673 4576 3844 4631 quant

2249 4648 2390 4703 facta
2420 4656 2547 4702 sunt
2568 4647 2768 4711 omnia,
2802 4647 2915 4716 ipsa
2941 4646 3069 4709 vita,
3113 4646 3201 4701 lux
3224 4657 3330 4715 est,
3354 4657 3410 4703 et
3432 4664 3539 4703 non
3578 4665 3841 4720 quorum-

2247 4754 2459 4807 cunque
2489 4735 2834 4800 animalium,
2888 4737 2980 4792 sed
3012 4737 3101 4791 lux
3131 4738 3431 4804 hominum,
3461 4740 3589 4809 quia
3617 4740 3831 4811 ex.ipsa

2249 4830 2493 4888 homines
2550 4827 2961 4896 illuminantur,
3024 4844 3221 4899 pecora
3276 4846 3384 4885 non
3437 4831 3830 4895 illuminantur,

2250 4922 2414 4976 homo
2438 4919 2582 4974 enim
2632 4917 2807 4974 factus
2836 4928 2920 4976 est
2960 4919 3028 4979 ad
3070 4921 3361 4991 imaginem
3408 4921 3503 4981 Dei
3521 4962 3546 4991 ,,
3585 4930 3641 4978 et
3674 4922 3836 4978 habet

2250 5010 2571 5068 rationalem
2598 5019 2858 5078 mentem,
2900 5028 2999 5083 per
3035 5028 3198 5083 quam
3225 5014 3397 5084 possit
3437 5014 3717 5084 percipere
3747 5029 3834 5070 82-

2250 5102 2530 5173 pientiam.

2322 5189 2392 5244 Et
2426 5190 2520 5245 lux
2553 5193 2609 5246 in
2651 5192 2872 5247 tenebris
2897 5191 3055 5260 lucet,
3086 5204 3135 5249 et
3162 5195 3384 5250 tenebrae
3420 5211 3537 5251 eam
3561 5213 3664 5250 non
3686 5212 3830 5250 com-

2251 5282 2653 5353 prehenderunt.
2682 5283 2938 5340 Homines
2965 5285 3239 5351 inﬁdeles,
3280 5286 3492 5357 injusti,
3515 5286 3705 5357 iniqui,
3746 5301 3833 5340 ra-

2253 5386 2436 5441 paces,
2478 5374 2647 5438 avari,
2671 5382 2942 5430 amatores
2968 5376 3173 5441 saeculi,
3201 5375 3255 5432 hi
3278 5385 3407 5432 sunt
3434 5376 3689 5441 tenebrae,
3710 5390 3832 5447 qum

2252 5460 2539 5517 Dominum
2586 5480 2694 5519 non
2738 5465 3219 5535 comprehendunt,
3270 5465 3324 5520 id
3352 5473 3457 5530 cst,
3498 5479 3604 5518 non
3631 5461 3830 5519 intelli-

2251 5558 2401 5622 gunt.
2444 5551 2621 5623 Purga
2642 5552 2709 5608 de
2732 5553 2889 5610 oculo
2913 5561 3033 5621 tuo,
3066 5554 3324 5625 quidquid
3351 5553 3477 5608 mali
3512 5560 3632 5620 εει,
3662 5560 3713 5608 ει
3743 5551 3830 5608 vi-

2248 5641 2400 5699 debis
2428 5643 2768 5714 sapientiam,
2796 5659 2917 5715 qua:
2941 5646 3080 5700 Deus
3104 5653 3186 5701 est
3212 5663 3224 5697 :
3258 5642 3408 5698 Beati
3434 5643 3630 5700 mundo
3651 5642 3825 5711 corde,

2246 5736 2491 5807 quoniam
2524 5732 2621 5805 ipsi
2651 5734 2816 5789 Deum
2845 5735 3080 5799 ridebunt
3121 5734 3334 5806 (Matth.
3364 5737 3438 5806 τ’).
