4110 6448
226 308 302 366 33
1057 309 1579 368 COLLECTIONES
1615 311 1684 369 ΙΝ
1719 310 2101 368 EPISTOLAS
2136 312 2225 368 ET
2266 305 2691 370 EVANGELIA.’
3422 321 3492 379 δι

301 421 433 478 Fuit
462 424 619 479 homo
640 422 830 477 missus
857 440 887 476 a
925 421 1065 489 Deo,
1097 425 1182 479 cui
1216 441 1403 481 nomen
1425 434 1536 480 erat
1561 425 1813 481 Joannes.
1845 431 1896 491 Α
1990 426 2061 481 Ει
2090 428 2174 482 sui
2200 445 2319 482 eum
2348 446 2452 483 non
2484 441 2800 500 receperunt.
2831 431 3083 488 Homines
3103 433 3325 502 scilicet,
3353 451 3492 508 quos

228 515 372 586 Quia
400 530 533 586 ergo
560 514 819 569 Dominus
843 512 1000 570 Jesus
1024 513 1272 572 Christus
1300 517 1382 573 sic
1403 526 1522 574 erat
1547 519 1731 584 homo,
1756 528 1817 574 ut

228 606 431 663 lateret
458 606 512 660 in
541 603 632 659 illo
659 604 822 670 Deus,
850 606 1049 660 missus
1070 613 1195 662 ante
1216 606 1365 662 illum
1386 623 1612 678 magnus
1632 609 1815 675 homo,

228 716 332 770 per
354 697 507 767 cujus
534 698 904 752 testimonium
945 697 1278 755 inveniretur
1322 700 1606 770 plusquam
1633 702 1815 757 homo.

231 790 310 845 Et
333 788 457 860 quis
498 794 583 843 est
605 787 738 842 hic?
782 786 886 842 fuit
905 787 1107 843 homo:
1150 798 1205 844 et
1235 791 1504 861 quomodo
1523 792 1695 861 possit
1715 792 1818 847 iste

230 881 463 936 verbum
495 877 563 933 de
587 877 698 932 Deo
722 877 945 934 dicere?
976 877 1170 934 Missus
1195 898 1227 934 a
1256 880 1408 937 Deo:
1436 882 1565 951 quid
1595 883 1821 939 vocaba-

231 969 369 1026 tur?
392 968 483 1024 cui
507 982 705 1024 nomen
736 975 855 1023 erat
879 966 1155 1024 Joannes:
1185 985 1355 1041 quare
1376 971 1567 1026 venit?
1591 973 1735 1027 audi.

308 1061 414 1117 Hie
442 1061 578 1115 venit
602 1061 660 1115 in
688 1062 1064 1127 testimonium,
1111 1072 1168 1115 ut
1209 1063 1559 1117 testimonium
1587 1064 1822 1134 perhibe-

234 1161 316 1206 ret
343 1151 409 1205 de
435 1148 653 1215 lumine,
673 1158 729 1203 ut
752 1140 929 1204 omnes
960 1149 1225 1205 crederent
1249 1167 1341 1221 per
1362 1150 1529 1205 illum.
1561 1150 1683 1205 Non
1708 1160 1820 1206 erat

230 1243 325 1298 ille
352 1243 467 1309 lux,
494 1249 601 1297 etc.
643 1240 829 1310 Qualis
856 1241 977 1307 iste,
1005 1243 1096 1312 qui
1125 1243 1490 1300 testimonium
1514 1243 1824 1314 perhiberet

231 1335 302 1392 de
328 1333 572 1390 lumine?
627 1332 880 1403 Magnum
924 1333 1130 1404 aliquid
1174 1333 1280 1390 iste
1312 1332 1580 1399 Joannes,
1634 1334 1823 1404 ingens

232 1427 517 1492 meritum,
559 1439 755 1496 magna
791 1426 990 1497 gratia,
1034 1434 1089 1482 et
1116 1441 1308 1497 magna
1334 1426 1614 1482 celsitudo.
1645 1426 1823 1493 Quare

232 1516 403 1586 igitur
425 1515 616 1571 venit?
643 1513 714 1569 Ut
738 1515 1087 1572 testimonium
1116 1515 1401 1587 perhiberet
1428 1516 1493 1570 de
1519 1515 1734 1570 lumine.
1753 1514 1824 1570 Ut

228 1608 368 1678 quid
394 1608 533 1663 hoc?
554 1607 624 1663 Ut
651 1621 840 1663 omnes
863 1608 1148 1664 crederent
1188 1623 1287 1678 per
1313 1608 1483 1664 illum.
1521 1608 1588 1664 Et
1617 1608 1683 1663 de
1717 1624 1824 1679 quo

233 1699 439 1756 lumine
459 1700 826 1755 testimonium
857 1701 1185 1771 perhiberet.
1211 1701 1343 1756 Erat
1364 1702 1459 1756 lux
1485 1719 1627 1768 vera,
1655 1717 1825 1772 quare

230 1789 479 1846 additum
503 1799 609 1857 est,
635 1807 756 1846 vera
772 1791 798 1845 ?
821 1790 957 1859 Quia
978 1799 1033 1846 et
1061 1790 1223 1846 homo
1265 1791 1600 1847 illuminatus
1625 1792 1824 1848 dicitur

229 1879 351 1947 lux,
398 1881 541 1937 sicut
564 1880 827 1937 Dominus
866 1880 1024 1937 Jesus
1064 1881 1342 1952 discipulis
1379 1881 1493 1936 ait:
1547 1880 1652 1936 Vos
1698 1883 1823 1937 estis

226 1972 328 2028 lita:
356 1973 571 2041 mundi,
607 1981 665 2029 et
704 1972 994 2044 Apostolus
1032 1972 1246 2045 inquit:
1294 1971 1500 2028 Fuistis
1534 1973 1822 2044 aliquando

229 2063 483 2130 tenebar,
511 2080 650 2118 nunc
673 2072 849 2118 autem
872 2063 966 2118 lux
986 2064 1042 2118 in
1066 2063 1312 2119 Domino.
1342 2063 1478 2119 Nam
1492 2064 1698 2119 etoculi
1728 2079 1823 2119 no-

230 2157 338 2212 stri
361 2156 618 2212 dicuntur
641 2155 865 2223 lumina,
895 2157 989 2213 sed
1011 2158 1115 2214 nisi
1142 2166 1235 2213 aut
1257 2173 1355 2228 per
1374 2166 1587 2214 noctem
1601 2156 1820 2213 lucerna

116 2320 132 2335 ‘
227 2249 584 2315 accendatur,
613 2257 708 2303 aut
742 2264 841 2319 per
868 2250 1013 2304 diem
1042 2249 1119 2305 sol
1152 2258 1332 2316 exeat,
1358 2249 1562 2305 lumina
1591 2249 1682 2306 illa
1704 2249 1822 2317 sine

224 2355 399 2395 causa
426 2351 634 2412 patent,
670 2343 751 2398 sic
772 2352 828 2398 et
850 2342 1087 2399 Joannes
1113 2352 1232 2398 erat
1254 2343 1367 2407 lux,
1413 2343 1509 2398 sed
1532 2357 1641 2397 non
1669 2356 1818 2406 vera,

226 2429 360 2499 quia
397 2430 790 2488 illuminatione
812 2431 986 2487 factus
1011 2440 1098 2487 est
1119 2431 1231 2486 lux.

298 2519 441 2575 Erat
467 2520 562 2576 lux
586 2538 705 2576 vera
723 2560 740 2587 ,
784 2538 903 2593 qua:
931 2520 1194 2575 illuminat
1219 2537 1422 2576 omnem
1449 2519 1709 2574 hominem
1736 2535 1822 2574 ve-

231 2613 463 2669 nientem
485 2614 542 2667 in
564 2612 705 2667 hunc
729 2612 1003 2667 mundum.
1036 2612 1136 2684 (Ex
1159 2610 1346 2681 Beda.)
1384 2610 1611 2665 Omnem
1635 2608 1825 2663 videli-

228 2713 351 2771 cet,
385 2705 478 2774 qui
514 2704 851 2760 illuminatur
891 2703 1006 2759 sive
1036 2702 1268 2758 naturali
1308 2701 1557 2773 ingenio,
1609 2715 1704 2756 seu
1734 2715 1825 2754 sa-

229 2787 678 2867 pientia'divina.
727 2794 881 2849 Sicut
912 2793 1059 2849 enim
1100 2807 1260 2848 nemo
1300 2808 1333 2847 a
1361 2792 1653 2862 semetipso
1678 2804 1821 2856 esse,

230 2887 314 2941 ita
340 2885 504 2940 etiam
532 2900 694 2940 nemo
731 2900 762 2939 a
791 2885 1084 2955 semetipso
1106 2885 1319 2955 sapiens
1343 2897 1464 2939 esse
1484 2889 1685 2953 potest,
1718 2882 1823 2938 sed

230 2976 328 3031 illo
357 2976 679 3041 illustrante,
724 2977 790 3031 de
817 2992 926 3047 quo
955 2977 1214 3047 scriptum
1241 2984 1325 3032 est
1350 2994 1362 3030 :
1408 2974 1592 3031 Omnis
1617 2975 1825 3046 sapien-

231 3068 312 3122 tia
342 3085 376 3121 ιι
404 3066 627 3122 Domino
656 3067 765 3123 Deo
793 3078 901 3133 est,
952 3067 1107 3137 cujus
1140 3077 1426 3137 utramque
1451 3074 1724 3132 naturam,
1769 3074 1826 3121 et

230 3159 473 3215 divinam
504 3160 773 3227 videlicet,
818 3177 926 3232 qua
952 3177 1168 3232 semper
1199 3162 1396 3231 ubique
1427 3169 1573 3216 totus
1610 3169 1816 3226 manet,

232 3259 293 3306 et
316 3251 631 3318 humanam,
673 3266 741 3307 ex
766 3267 873 3324 qua
915 3252 970 3307 in
1006 3260 1248 3323 tempore
1273 3260 1452 3317 natus,
1485 3250 1606 3307 loco
1652 3251 1822 3306 inclu-

232 3362 350 3412 sus,
397 3346 686 3417 apparuit;
737 3355 1132 3418 consequenter
1156 3345 1511 3418 Evangelista'
1539 3344 1818 3409 describit,

233 3438 423 3495 dicens
443 3453 458 3493 :

308 3532 377 3587 In
416 3532 611 3589 mundo
649 3544 785 3589 erat.
844 3534 943 3605 (Ex
973 3533 1224 3604 August.)
1255 3532 1369 3588 Non
1401 3542 1558 3603 putes
1585 3532 1710 3602 quia
1742 3531 1822 3587 sic

234 3632 376 3688 erat,
417 3623 687 3692 quomodo
732 3624 786 3678 in
835 3624 1036 3679 mundo
1082 3630 1168 3678 est
1209 3630 1375 3688 terra,
1417 3622 1634 3686 ccelum,
1668 3621 1819 3685 luna,

235 3712 430 3778 stellae,
486 3713 733 3778 arbores,
784 3729 1003 3784 pecora,
1044 3722 1099 3769 et
1133 3713 1410 3779 homines;
1442 3727 1547 3767 non
1577 3712 1657 3767 sic
1680 3711 1823 3767 Deus

238 3803 298 3858 in
349 3804 552 3859 mundo
587 3811 723 3868 erat,
761 3805 856 3859 sed
885 3805 1025 3860 sicut
1051 3803 1248 3859 artifex
1280 3818 1473 3875 regens
1501 3803 1646 3874 quod
1669 3801 1817 3858 fecit.

237 3895 384 3952 Deus
416 3905 597 3952 autem
629 3896 838 3953 infusus
892 3899 1094 3954 mundo
1142 3898 1342 3968 ubique
1398 3898 1630 3970 positus,
1681 3912 1821 3969 prur-

245 3986 423 4042 sentia
450 3987 751 4058 maiestatis
779 3986 911 4044 facit
937 3996 992 4043 et
1019 3988 1287 4060 gubernat
1315 3988 1457 4059 quod
1482 3986 1632 4044 fecit.

311 4080 382 4135 Et
401 4081 629 4136 mundus
654 4098 747 4151 per
790 4083 961 4153 ipsum
1005 4082 1178 4153 factus
1219 4092 1315 4147 est,
1358 4091 1405 4137 et
1450 4080 1678 4136 mundus
1701 4098 1819 4136 eum

239 4188 345 4226 non
364 4172 622 4242 cognovit.
652 4171 792 4239 Quid
815 4181 918 4238 est,
939 4171 1170 4226 Mundus
1196 4189 1288 4242 per
1306 4172 1475 4243 ipsum
1506 4171 1676 4241 factus
1705 4172 1822 4227 est?

239 4263 464 4328 calum,
491 4274 657 4331 terra,
681 4278 851 4329 mare,
880 4271 935 4317 et
958 4264 1139 4319 omnia
1162 4279 1280 4333 quae
1306 4264 1359 4319 in
1383 4264 1465 4318 eis
1494 4271 1639 4329 sunt,
1666 4280 1822 4318 mun-

237 4353 342 4409 dus
389 4354 603 4409 dicitur.
652 4352 907 4424 Nunquid
955 4354 1080 4410 coeli
1126 4370 1234 4410 non
1280 4362 1674 4426 cognoverunt,
1726 4355 1819 4425 qui

236 4443 451 4499 stellam
485 4445 750 4500 miserunt
780 4444 995 4518 (Matth.
1022 4446 1119 4520 n)?
1141 4446 1249 4501 Aut
1277 4445 1450 4518 angeli
1486 4460 1590 4500 non
1615 4461 1817 4516 cogno-

237 4539 453 4596 verunt,
501 4532 593 4601 qui
627 4542 973 4588 accesserunt
1017 4541 1072 4588 et
1112 4534 1493 4588 ministrabant
1522 4534 1569 4587 ei
1601 4533 1816 4606 (Matth.

241 4621 354 4687 iv)?
383 4620 490 4675 Aut
518 4621 698 4677 sidera
729 4638 835 4677 non
862 4631 1227 4693 cognoverunt
1257 4618 1594 4679 Salvatorem
1622 4624 1820 4679 suum?

239 4712 422 4767 omnia
453 4712 691 4783 undique
720 4713 1086 4769 testimonium
1114 4714 1524 4784 perhibuerunt.
1558 4713 1659 4782 Qui
1690 4729 1819 4786 ergo

239 4817 350 4857 non
395 4805 807 4874 cognoverunt?
858 4812 1128 4860 amatores
1170 4804 1388 4868 mundi,
1441 4803 1553 4873 qui,
1588 4806 1819 4861 amando

240 4890 527 4959 mundum,
559 4894 687 4949 dicti
715 4904 839 4950 sunt
867 4895 1121 4959 mundus,
1173 4893 1276 4950 hoc
1314 4895 1459 4948 enim
1506 4903 1820 4951 meruerunt

243 4983 526 5055 appellari,
556 4983 697 5055 quod
727 4985 836 5050 ille,
869 4985 959 5040 ubi
989 4984 1254 5039 habitant.
1287 4982 1420 5037 Nam
1449 4983 1541 5053 qui
1564 4994 1670 5038 non
1700 4984 1821 5038 dili-

243 5083 377 5145 gunt
398 5075 679 5141 mundum,
706 5090 868 5131 carne
896 5081 1181 5130 versantur
1211 5073 1264 5128 in
1297 5073 1516 5140 mundo,
1543 5074 1638 5129 sed
1658 5074 1821 5129 corde

244 5166 553 5222 inhabitant
579 5167 796 5223 coelum.

315 5254 387 5311 In
430 5256 645 5329 propria
692 5258 847 5312 venit.
874 5256 974 5331 (Ex
1012 5255 1202 5328 Beda.)
1244 5254 1302 5312 In
1343 5255 1581 5329 propria,
1610 5256 1735 5329 quia
1767 5258 1821 5312 in

245 5345 473 5411 mundo,
511 5362 671 5417 quem
697 5360 793 5417 per
816 5346 1154 5402 divinitatem
1190 5347 1338 5413 fecit,
1378 5360 1479 5418 per
1514 5348 1826 5402 humanita-

248 5447 359 5494 tem
398 5446 557 5494 natus
599 5439 865 5509 apparuit.
905 5438 960 5492 In
1002 5438 1203 5493 mundo
1230 5452 1359 5509 ergo
1387 5446 1525 5504 erat,
1559 5453 1659 5508 per
1685 5439 1823 5493 divi-

247 5529 507 5595 nitatem;
542 5529 597 5583 in
635 5527 893 5583 mundum
919 5529 1085 5593 venit,
1118 5544 1215 5599 per
1240 5527 1685 5584 incarnationem.
1723 5528 1825 5585 Ve-

249 5622 375 5677 nire
418 5622 615 5694 quippe
656 5622 738 5677 vel
780 5622 928 5678 abire
972 5621 1322 5677 humanitatis
1353 5619 1470 5687 Vest,
1513 5635 1732 5678 manere
1770 5629 1826 5676 ct

250 5730 396 5781 esse,
428 5715 746 5772 divinitatis.

1844 4489 1898 4550 D

1918 516 2033 586 ipse
2061 518 2289 575 creavit.
2319 516 2488 574 Judaei
2518 535 2655 590 quos
2684 522 3013 589 peculiarem
3044 524 3143 579 sibi
3170 525 3406 598 elegerat
3436 527 3491 586 in

1917 607 2146 677 plebem,
2185 609 2382 678 quibus
2429 626 2538 665 sum
2585 613 2910 683 cognitionis
2957 617 3289 675 revelaverat
3330 637 3490 678 arca—

1918 712 2067 761 num,
2092 712 2228 767 quos
2249 698 2492 753 mirificis
2518 708 2730 769 patrum
2759 702 3152 770 glorificaverat
3180 708 3337 776 actis,
3368 711 3490 780 qui-

1917 785 2019 841 bus
2053 802 2164 841 sua:
2192 785 2323 858 legis
2352 788 2657 843 doctrinam
2702 792 3021 848 contulerat.
3070 795 3150 850 Ex
3194 798 3390 869 quibus
3435 814 3494 858 se

1921 878 2312 933 incarnandum
2359 880 2707 949 promiserat,
2754 894 2810 937 et
2839 883 2893 939 in
2922 886 3117 954 quibus
3146 903 3204 945 se
3239 890 3493 946 incarna-

1919 975 2056 1033 tum,
2103 977 2177 1023 ιιι-
2210 970 2563 1040 promiserat,
2614 972 2878 1040 ostendit,
2933 974 3035 1045 ipsi
3077 991 3201 1032 eum
3253 980 3496 1051 recipere

1921 1076 2113 1132 magna
2157 1078 2226 1118 ex
2269 1072 2423 1134 parte
2464 1074 2827 1133 recusarunt;
2882 1068 3034 1123 multi
3079 1070 3223 1125 enim
3270 1086 3394 1128 eum
3428 1090 3495 1130 ex

1920 1158 2154 1220 utroque
2202 1153 2399 1223 p0pulo
2450 1165 2788 1225 respuerunt,
2848 1158 3003 1212 multi
3050 1170 3390 1230 receperunt.
3430 1163 3497 1220 de

1921 1241 2116 1310 quibus
2145 1242 2486 1315 Evangelista
2526 1257 2924 1318 consequenter
2964 1247 3222 1317 insinuat,
3263 1252 3490 1309 dicens:

1994 1329 2258 1403 Quotquot
2300 1344 2474 1388 autem
2514 1347 2811 1407 receperunt
2835 1354 2974 1405 eum,
3006 1338 3145 1393 dedit
3169 1340 3243 1394 eis
3267 1349 3498 1411 potesta-

1923 1427 2024 1473 tem
2052 1419 2191 1489 [illos
2216 1420 2315 1475 Dei
2341 1422 2482 1492 ﬁeri,
2524 1433 2630 1479 etc.
2676 1425 2771 1497 (Ex
2818 1425 3070 1500 August.)
3105 1428 3297 1499 Magna
3337 1429 3503 1485 bene-

1921 1508 2180 1575 volentia,
2209 1526 2405 1581 magna
2428 1513 2824 1581 misericordia,
2862 1518 3053 1573 unicus
3092 1527 3253 1575 natus
3295 1527 3399 1585 est,
3445 1529 3503 1577 et

1923 1602 2097 1658 noluit
2122 1618 2343 1659 manere
2373 1621 2530 1671 unus,
2584 1606 2678 1662 sed
2725 1607 2868 1663 Deus
2899 1609 3116 1665 unicum
3140 1610 3389 1665 eumdem
3417 1610 3503 1681 ip-

1925 1707 2043 1747 sum
2079 1708 2239 1764 quem
2269 1703 2550 1767 genuerat,
2584 1704 2639 1752 Θι
2659 1713 2759 1768 per
2789 1713 2949 1768 quem
2974 1708 3168 1755 cuncta
3193 1710 3494 1768 creaverat,

1849 1773 1898 1833 Β
1925 1785 2073 1839 misit
2099 1785 2153 1840 in
2182 1786 2327 1843 hunc
2351 1788 2634 1854 mundum,
2680 1797 2740 1844 ut
2773 1806 2881 1846 non
2905 1800 3048 1847 esset
3071 1808 3232 1858 unus,
3263 1793 3357 1848 sed
3386 1792 3497 1848 fra-

1925 1884 2038 1931 tres
2068 1877 2295 1933 haberet
2324 1878 2625 1948 adoptatos.
2668 1878 2784 1936 Non
2828 1880 2974 1936 enim
3021 1897 3120 1937 nos
3162 1883 3274 1937 nati
3319 1898 3505 1941 sumus

1923 1967 1991 2024 de
2020 1968 2131 2023 Deo
2160 1969 2430 2039 quomodo
2469 1970 2558 2024 ille
2603 1970 2931 2042 unigenitus,
2981 1973 3075 2028 sed
3127 1973 3367 2044 adoptati
3406 1990 3505 2045 per

1923 2063 2154 2135 gratiam
2181 2062 2367 2133 ipsius.
2398 2064 2541 2134 Ergo
2574 2073 2839 2135 potestas,
2870 2073 2930 2120 ut
2969 2065 3065 2120 lilii
3103 2066 3196 2121 Dei
3226 2065 3379 2135 ﬁant,
3410 2067 3504 2138 qui

1923 2154 2152 2209 credunt
2179 2155 2233 2209 in
2261 2169 2407 2220 eum,
2436 2170 2559 2210 cum
2583 2155 2686 2211 hoc
2712 2156 2889 2225 ipsum
2919 2157 3077 2211 datur
3097 2158 3200 2223 eis,
3231 2165 3293 2212 ut
3318 2157 3505 2213 credat
3605 2149 3619 2165 ⁸

1921 2241 1977 2299 in
1995 2260 2139 2299 eum.
2170 2245 2426 2300 Dominus
2447 2253 2651 2311 noster,
2680 2255 2911 2301 matrem
2936 2248 3307 2303 tantummodo
3333 2248 3500 2304 habet

1921 2352 2083 2408 super
2127 2347 2352 2403 terram,
2388 2345 2442 2393 et
2470 2353 2570 2392 nos
2599 2346 2808 2409 patrem
2841 2341 3211 2395 tantummodo
3237 2340 3505 2398 habemus

1923 2420 1981 2477 in
2027 2423 2188 2478 coelo.
2234 2422 2369 2477 Cum
2412 2424 2555 2478 enim
2586 2424 2888 2495 accepisset
2917 2426 3199 2480 mortalem
3227 2426 3503 2484 hominem

1922 2511 2115 2577 Adam,
2152 2512 2299 2567 dedit
2336 2511 2644 2567 hominibus
2680 2513 3043 2568 immortalem
3084 2529 3243 2569 suum
3287 2513 3503 2570 Patrem

1923 2601 2114 2659 Deum.

1994 2693 2103 2766 (Ea:
2149 2690 2330 2765 Vulg.)
2380 2690 2459 2748 Ex
2504 2707 2728 2748 munere
2771 2690 2993 2760 divino,
3034 2691 3186 2763 prius
3235 2701 3508 2767 potestate

1923 2785 2228 2856 adoptionis
2271 2793 2517 2856 accepta,
2556 2794 2744 2856 postea
2790 2784 3068 2841 consecuti
3104 2794 3250 2852 sunt,
3288 2794 3348 2842 ut
3381 2801 3504 2842 esse

1924 2877 2018 2932 filii
2042 2877 2139 2932 Dei
2169 2884 2532 2933 mererentur.

1996 2967 2100 3035 Qui
2121 2984 2225 3022 non
2247 2985 2313 3023 ea:
2337 2965 2699 3040 sanguinibus,
2725 2982 2888 3041 neque
2908 2986 2974 3024 ea:
2991 2964 3260 3024 voluntate
3275 2967 3390 3037 viri,
3414 2983 3508 3025 ne-

1924 3075 2023 3131 que
2042 3072 2107 3113 ea:
2134 3056 2401 3114 voluntate
2449 3060 2644 3126 carnis,
2693 3060 2784 3114 sed
2817 3077 2883 3116 ea:
2920 3059 3030 3115 Deo
3072 3060 3183 3115 nati
3221 3070 3365 3116 sunt.
3401 3060 3503 3132 (Ex

1925 3151 2179 3223 August.)
2224 3150 2379 3219 Quod
2416 3152 2548 3208 dicit
2579 3170 2593 3207 :
2625 3151 2711 3207 Ex
2742 3152 3086 3223 sanguinibus
3117 3193 3132 3216 ,
3159 3168 3268 3208 non
3298 3162 3385 3209 est
3403 3150 3512 3210 La-

1926 3246 2122 3311 tinum,
2169 3244 2264 3300 sed
2300 3242 2487 3299 Graece
2529 3245 2766 3315 positum
2796 3252 2880 3299 est
2913 3244 3196 3314 pluraliter
3235 3248 3505 3319 αἱμάτωνς

1924 3338 2069 3407 apud
2099 3336 2321 3391 Latinos
2347 3337 2490 3391 enim
2521 3352 2734 3406 semper
2772 3337 2992 3407 sanguis
3027 3336 3227 3391 dicitur
3271 3336 3509 3410 singula-

1955 3425 2088 3488 iter,
2143 3425 2237 3480 sed
2284 3423 2474 3478 maluit
2519 3424 2608 3479 ille
2655 3425 2747 3494 qui
2796 3424 3299 3494 interpretabatur,
3352 3427 3507 3497 quasi

1924 3515 2104 3570 minus
2130 3513 2321 3569 Latine
2343 3514 2513 3583 loqui,
2555 3514 2851 3570 secundum
2883 3509 3285 3586 grammaticos,
3330 3523 3386 3571 et
3427 3524 3508 3572 ta-

1924 3626 2048 3665 men
2079 3609 2352 3679 explicare
2382 3609 2665 3663 veritatem
2708 3607 3003 3664 secundum
3044 3607 3321 3663 auditores
3355 3608 3506 3664 infir-

1923 3716 2060 3756 mos.
2096 3698 2155 3753 Si
2185 3699 2330 3753 enim
2358 3699 2580 3765 diceret,
2604 3715 2668 3753 ex
2688 3699 2962 3768 sanguine,
2993 3698 3359 3768 singulariter,
3390 3714 3500 3754 non

1923 3791 2219 3861 explicaret
2246 3790 2389 3861 quod
2414 3790 2650 3845 volebat.
2681 3789 2761 3843 Ex
2786 3789 3141 3859 sanguinibus
3161 3790 3304 3843 enim
3332 3790 3503 3844 maris

1921 3889 1977 3934 et
2004 3879 2219 3935 femina:
2248 3887 2552 3935 nascuntur
2575 3877 2840 3934 homines.
2873 3877 3013 3945 Quid
3055 3886 3237 3932 autem
3283 3877 3499 3933 subdit:

1924 3966 2107 4041 Neque
2149 3985 2213 4023 ea:
2240 3968 2504 4024 voluntate
2535 3968 2755 4025 carnis?
2781 3967 3014 4023 Carnem
3047 3983 3147 4038 pro
3178 3966 3377 4023 femina
3402 3984 3502 4039 po-

1921 4063 2054 4127 suit,
2086 4061 2212 4130 quia
2243 4061 2309 4116 de
2346 4070 2498 4115 costa
2546 4076 2668 4115 cum
2718 4058 2862 4115 facta
2898 4067 3066 4125 esset,
3115 4058 3252 4114 dixit
3289 4057 3501 4114 Adam:

1921 4149 2039 4205 Hoc
2085 4168 2222 4205 nunc
2252 4167 2308 4204 os
2337 4166 2401 4205 ea:
2433 4150 2636 4205 ossibus
2663 4150 2810 4215 meis,
2839 4159 2887 4204 et
2914 4166 3037 4204 caro
3064 4147 3129 4202 de
3153 4165 3310 4203 carne
3358 4165 3496 4204 mea.

1916 4243 1994 4297 Et
2021 4241 2311 4312 Apostolus
2334 4260 2347 4297 ;
2376 4241 2545 4297 Nemo
2571 4258 2781 4295 carnem
2802 4257 2953 4296 suam
2979 4240 3097 4293 odio
3119 4239 3294 4307 habet,
3322 4239 3377 4296 id
3398 4250 3500 4305 est,

1919 4348 2169 4387 uxorem.
2202 4328 2447 4387 Carnalis
2488 4331 2685 4400 quippe
2732 4337 2916 4386 nostra
2959 4332 3237 4402 generatio
3274 4345 3342 4387 ex
3371 4347 3501 4388 san-

1924 4422 2198 4493 guinibus,
2233 4418 2285 4477 id
2313 4429 2418 4487 est,
2448 4434 2514 4475 ex
2550 4429 2743 4475 natura
2791 4420 2960 4475 maris
2997 4428 3054 4475 et
3092 4419 3308 4476 feminae
3352 4421 3503 4477 ducit

1923 4516 2209 4587 originem.
2250 4510 2331 4571 Ac
2370 4530 2499 4570 vero
2534 4513 2830 4584 spiritualis
2856 4510 3092 4583 Spiritus
3119 4515 3291 4569 sancti
3322 4515 3500 4585 gratia

1923 4609 2284 4673 ministratur,
2324 4623 2487 4678 quam
2523 4623 2554 4661 a
2596 4607 2802 4662 carnali
2842 4607 3176 4677 distinguens
3208 4606 3494 4672 Dominus,

1924 4699 1999 4755 ait
2025 4699 2170 4754 :Nisi
2200 4699 2321 4776 quis
2357 4708 2569 4753 renatus
2609 4697 2768 4769 fuerit
2796 4715 2861 4752 ea:
2903 4714 3041 4770 aqua
3068 4707 3118 4751 et
3145 4699 3356 4768 spiritu,
3392 4715 3498 4753 non

1923 4799 2087 4859 potest
2127 4788 2345 4844 introire
2387 4789 2442 4842 in
2484 4806 2698 4860 regnum
2736 4787 2851 4843 Dei.
2884 4788 3039 4855 Quod
3085 4798 3267 4844 natum
3313 4799 3388 4845 est
3434 4805 3501 4846 ea:

1924 4896 2099 4942 carne,
2141 4896 2263 4934 caro
2291 4885 2388 4947 est,
2416 4888 2463 4935 et
2494 4878 2634 4951 quod
2668 4888 2848 4933 natum
2876 4888 2951 4934 est
2985 4895 3051 4934 ea:
3089 4877 3301 4951 spiritu,
3344 4880 3500 4951 spiri-
3600 4876 3615 4883 ”

1923 4981 2006 5027 tus
2033 4981 2129 5027 est.

1994 5063 2065 5118 Et
2106 5061 2315 5119 verbum
2362 5076 2486 5118 caro
2529 5064 2727 5134 factum
2762 5072 2838 5117 est
2866 5072 2915 5117 et
2943 5061 3192 5117 habitarit
3226 5060 3282 5118 in
3322 5062 3491 5116 nobis.

1924 5151 2025 5212 (Ex
2037 5151 2521 5222 Hieron.)Verbum
2545 5167 2671 5207 caro
2694 5149 2895 5207 facttnm
2915 5158 3018 5217 est,
3044 5158 3104 5206 ut
3125 5167 3223 5207 nos
3246 5152 3311 5206 de
3331 5165 3498 5207 carne

1924 5242 2279 5297 transiremus
2316 5241 2368 5296 in
2414 5242 2674 5306 Verbum,
2722 5256 2823 5297 nec
2870 5241 3107 5296 Verbum
3155 5239 3315 5295 desiit
3352 5251 3497 5303 esse,

1925 5333 2067 5405 quod
2098 5333 2293 5388 fuerat.
2326 5331 2436 5388 Nec
2477 5333 2641 5388 homo
2678 5331 2914 5404 perdidit
2953 5347 3095 5397 esse,
3145 5329 3289 5401 quod
3336 5335 3498 5385 natus

1926 5433 2033 5491 est,
2061 5424 2228 5491 gloria
2254 5432 2335 5489 est
2362 5433 2536 5489 aucta,
2565 5439 2671 5480 non
2698 5432 2889 5479 natura
2910 5430 3145 5483 mutata.

2000 5537 2107 5611 (Ea.
2148 5535 2393 5610 August.)
2442 5535 2680 5592 Medicus
2719 5550 2848 5605 ergo
2887 5536 2988 5591 iste
3031 5533 3110 5588 sic
3142 5531 3310 5598 venit,
3340 5539 3402 5586 ut
3433 5532 3499 5588 de

1927 5641 2090 5682 carne
2116 5625 2246 5679 vitia
2277 5625 2459 5680 carnis
2496 5624 2881 5696 exstingueret,
2914 5630 2971 5677 et
2992 5621 3060 5676 de
3088 5630 3262 5677 morte
3285 5620 3499 5691 occide-

1931 5723 2012 5772 ret
2050 5722 2298 5775 mortem.
2330 5712 2454 5770 Ideo
2484 5714 2719 5772 Verbum
2750 5725 2878 5767 caro
2906 5708 3106 5768 factum
3136 5720 3240 5778 est,
3281 5720 3341 5765 ut
3380 5723 3523 5787 pos:
