4110 6452
613 329 686 390 ss
1484 286 1485 289 γ
1880 324 2233 382 smmum
2274 325 2566 381 summa
2724 342 2732 353 ι
3816 328 3895 390 se

616 444 789 499 simus
827 442 1048 498 dicere:
1083 439 1329 495 Vidimus
1357 439 1582 510 gloriam
1626 437 1763 509 ejus.
1806 436 2029 504 Qualem
2077 434 2192 506 glo-
2223 440 2275 498 Α
2304 453 2323 486 r
2353 436 2519 491 cmlos
2559 445 2795 507 apertos,
2836 445 2889 493 et
2918 436 3113 492 Filium
3148 436 3388 492 hominis
3418 445 3655 495 stantem
3697 455 3728 495 a
3759 440 3891 498 dex-

616 536 790 593 riam?
823 536 999 605 qualis
1025 533 1195 593 factus
1222 541 1307 588 est
1332 532 1505 586 Filius
1536 531 1792 587 hominis.

687 626 797 698 (Ea:
817 623 1008 694 Beda.)
1036 624 1102 677 Et
1127 624 1360 677 Verbum
1381 638 1510 678 caro
1537 622 1739 676 factum
1761 629 1863 675 est.
1888 619 2031 674 Nihil
2056 617 2198 673 aliud

616 717 778 772 debet
820 714 1067 786 intelligi,
1117 729 1280 784 quam
1320 714 1366 768 si
1400 714 1715 768 diceretur:
1744 720 1799 767 ct
1847 710 1988 765 Deus
2035 711 2199 765 homo

614 810 793 866 factus
821 816 924 872 est,
950 822 1169 863 carnem
1196 805 1445 861 videlicet
1474 804 1743 859 induendo
1769 811 1823 857 ct
1851 803 2110 865 animam,
2141 808 2199 855 ut

617 901 759 957 sicut
803 900 1033 969 quisque
1080 908 1327 952 nostrum
1371 911 1511 951 unus
1547 897 1710 949 homo
1750 910 1816 949 ex
1863 907 2026 947 carne
2070 907 2199 945 con-

614 996 724 1045 stat
769 997 824 1045 et
869 990 1068 1055 anima,
1119 989 1192 1042 ita
1236 1002 1378 1042 unus
1422 986 1489 1042 ab
1526 986 1918 1041 incarnationis
1953 991 2198 1053 tempore

612 1081 883 1145 Christus,
915 1097 980 1137 ex
1011 1080 1313 1145 divinitate,
1345 1093 1508 1134 carne
1533 1088 1587 1134 et
1615 1078 1793 1133 anima
1821 1085 2051 1133 constat.

686 1175 757 1229 Et
797 1174 1017 1229 vidimus
1043 1172 1267 1245 gloriam
1292 1172 1426 1242 ejus,
1453 1172 1677 1242 gloriam
1709 1171 1859 1241 quasi
1886 1170 2140 1240 unigeniti
2164 1186 2195 1222 a

616 1264 798 1319 Patre.
841 1263 1022 1318 Gloria
1053 1263 1281 1327 Christi,
1309 1278 1473 1332 quam
1503 1269 1627 1316 ante
1657 1260 2087 1315 incarnationem
2118 1259 2197 1312 vi-

614 1354 743 1410 dere
769 1370 873 1409 non
903 1362 1157 1426 poterant
1197 1354 1467 1417 homines,
1505 1360 1628 1422 post
1663 1352 2088 1407 incarnationem
2118 1351 2197 1404 vi-

510 1486 519 1487 κ
618 1446 835 1511 derunt,
887 1445 1213 1515 aspicientes
1261 1444 1655 1499 humanitatem
1699 1442 1978 1497 miraculis
2030 1441 2197 1496 τοτυμ

614 1547 852 1609 gentem,
878 1547 933 1593 et
954 1538 1314 1608 intelligentes
1344 1535 1676 1591 divinitatem
1701 1535 1845 1590 intus
1868 1535 2194 1600 latitantem,

618 1625 697 1681 illi
743 1626 999 1691 maxime,
1055 1625 1145 1694 qui
1197 1625 1314 1695 ejus
1361 1623 1665 1680 claritatem
1716 1632 1841 1678 ante
1887 1625 2193 1694 passionem

578 1716 1007 1787 ~transﬁgnrati,
1051 1716 1103 1769 in
1146 1724 1329 1770 monte
1376 1723 1564 1772 saneto
1604 1715 1954 1786 contemplari
1983 1728 2195 1770 merue-

2306 544 2325 597 ᾳ
2355 527 2454 581 tris
2496 526 2712 582 virtutis
2740 527 2856 582 Dei.
2884 529 3267 583 Exclamantes
3294 537 3475 584 autem
3506 544 3638 584 voce
3664 547 3887 604 magna,

2304 618 2738 674 «continuerunt
2798 635 2960 675 aures
3017 635 3161 683 suas,
3224 626 3279 674 et
3330 619 3591 689 impetum
3639 619 3892 681 fecerunt

2303 728 2323 760 ε
2351 710 2680 764 unanimiter
2711 711 2766 764 in
2788 726 2933 765 eum.
2966 712 3033 766 Et
3061 712 3341 782 ejicientes
3366 726 3489 765 eum
3511 719 3663 766 extra
3693 713 3886 767 civita-

2303 815 2322 849 ι
2351 806 2479 864 tem,
2521 798 2852 869 lapidabant,
2884 809 2938 853 et
2976 808 3141 855 testes
3176 799 3542 869 deposuerunt
3564 799 3886 854 vestimenta

2304 905 2323 938 ι
2352 904 2449 942 sua
2487 901 2644 942 secus
2684 889 2850 957 pedes
2885 890 3262 953 adolescentis,
3310 884 3402 960 qui
3431 890 3724 945 vocabatur
3749 888 3889 944 Sau-

2304 999 2322 1034 (
2351 981 2456 1050 lus.
2489 981 2557 1036 Et
2583 982 2901 1053 lapidabant
2941 983 3297 1055 Stephanum,
3341 986 3680 1039 invocantem
3719 993 3775 1039 et
3806 985 3891 1040 di-

2303 1090 2322 1123 ι
2351 1079 2597 1139 centem,
2651 1073 2876 1129 Domine
2921 1072 3068 1141 Jesu,
3121 1076 3336 1146 suscipe
3384 1076 3634 1145 spiritum
3680 1090 3884 1130 meum.

2303 1180 2323 1213 ‹
2349 1161 2548 1218 Positis
2571 1173 2772 1220 autem
2804 1166 3052 1236 genibus,
3083 1167 3334 1221 clamavit
3372 1182 3503 1222 voce
3544 1183 3760 1239 magna,
3796 1167 3883 1220 di-

2304 1270 2322 1303 r
2351 1269 2481 1308 cens
2526 1273 2538 1308 :
2587 1255 2851 1320 Domine,
2903 1271 2971 1312 ne
3016 1266 3224 1312 statuas
3269 1258 3376 1312 illis
3423 1259 3528 1312 hoc
3574 1265 3883 1327 peccatum.

2304 1357 2323 1392 t
2354 1343 2421 1396 Et
2447 1359 2571 1398 cum
2597 1344 2701 1399 hoc
2732 1344 2980 1411 dixisset,
3008 1347 3335 1402 obdormivit
3364 1347 3417 1401 in
3450 1347 3700 1403 Domino.
3731 1366 3749 1399 ›

2371 1431 2668 1503 Stephanus
2697 1434 2881 1505 plenus
2901 1437 3075 1507 gratia
3096 1447 3144 1491 et
3173 1437 3485 1507 fortitudine
3513 1437 3614 1510 (Ex
3637 1435 3887 1508 Hieron).

2298 1520 2635 1592 Stephanus,
2673 1527 2914 1598 Στέφανος
2950 1525 3170 1593 Graece,
3214 1527 3404 1583 Latine
3436 1536 3727 1583 coronatus
3751 1526 3891 1582 dici-

2297 1620 2417 1679 tur,
2446 1614 2537 1684 qui
2566 1615 2929 1685 pulcherrima
2959 1618 3169 1673 ratione
3210 1619 3351 1689 quod
3388 1626 3743 1689 percepturus
3767 1627 3891 1673 erat

2297 1703 2352 1757 in
2392 1720 2472 1769 re,
2521 1707 2755 1775 quodam
2785 1711 3048 1782 przesagio
3087 1719 3491 1782 praeoccuparet
3530 1712 3584 1765 in
3613 1711 3832 1766 nomine
3869 1728 3888 1767 :

615 1817 762 1872 runt,
794 1824 926 1863 voce
953 1807 1168 1879 delapsa
1201 1807 1268 1861 ad
1297 1823 1421 1863 eum
1452 1807 1821 1877 hujuscemodi
1851 1823 1880 1862 a
1908 1807 2194 1879 magniﬁca
2222 1805 2271 1865 B
2297 1793 2564 1863 lapidatus
2601 1796 2906 1864 humiliter.
2948 1800 3042 1855 8θά
3084 1801 3389 1856 ευὺιίίιιίιθι·
3417 1808 3709 1857 coronatus
3731 1841 3748 1866 ν
3781 1798 3892 1856 ΗΘ·

612 1899 823 1971 gloria:
855 1898 958 1954 Hic
997 1908 1071 1953 est
1117 1896 1290 1954 Filius
1333 1914 1479 1953 meus
1525 1898 1770 1964 dilectus,
1818 1899 1874 1953 in
1914 1912 2017 1969 quo
2065 1899 2193 1952 mihi

618 1988 912 2059 complacui
944 1988 1030 2059 (II
1057 1985 1205 2043 Petr.
1234 1989 1297 2061 ι),
1329 1996 1385 2044 et
1421 1997 1547 2059 post
1585 1989 1917 2060 passionem,
1950 2004 2196 2045 resurre-

614 2077 831 2142 ctionis,
878 2079 1317 2149 ascensionisque
1343 2079 1514 2148 ipsius
1544 2076 1714 2152 gloria
1742 2087 2053 2152 conspecta,
2085 2079 2198 2151 spi-

610 2168 752 2225 ritus
778 2167 894 2241 ejus
916 2178 1043 2226 sunt
1069 2169 1212 2226 dono
1236 2168 1465 2226 miriﬁce
1489 2170 1698 2239 refecti,
1727 2170 1922 2242 Quibus
1947 2173 2196 2229 omnibus

611 2264 901 2320 manifeste
960 2272 1370 2336 cognoverunt,
1428 2267 1573 2337 quod
1626 2265 1936 2339 huiusmodi
1987 2267 2191 2340 gloria,

614 2375 721 2412 non
773 2357 992 2412 cuilibet
1038 2364 1384 2424 sanctorum,
1438 2359 1532 2413 sed
1585 2358 1661 2414 illi
1699 2354 1798 2414 soli
1839 2360 2063 2425 homini,
2103 2361 2196 2430 qui

611 2455 757 2503 esset
786 2447 839 2501 in
865 2448 1146 2502 divinitate
1172 2448 1483 2519 unigenitus
1510 2464 1540 2502 a
1563 2448 1724 2505 Patre
1752 2450 2084 2505 conveniret.

688 2537 908 2592 Plenum
933 2539 1104 2609 gratia
1130 2547 1177 2592 et
1203 2539 1437 2594 veritate.
1470 2537 1572 2610 (Ex
1596 2535 1929 2613 Fulgentio.)
1971 2540 2107 2608 Quia
2141 2548 2197 2596 et

613 2628 668 2684 in
704 2629 881 2684 divina
908 2637 1127 2694 natura,
1156 2628 1281 2700 quia
1312 2629 1456 2684 Deus
1491 2630 1694 2685 veritas
1733 2638 1835 2693 est,
1872 2630 2062 2699 plenus
2089 2638 2193 2697 est,

615 2728 672 2777 et
698 2721 750 2776 in
781 2722 1041 2786 humana,
1068 2723 1123 2775 in
1148 2736 1253 2792 qua
1281 2721 1444 2777 homo
1471 2738 1650 2787 verus,
1686 2722 1857 2793 gratia
1882 2721 2057 2777 factus
2084 2730 2194 2787 est,

613 2811 803 2882 plenus
829 2815 914 2866 est
939 2829 950 2864 :
979 2813 1031 2865 in
1058 2811 1145 2865 illa
1170 2810 1504 2882 plenitudine
1526 2811 1669 2868 Deus
1695 2820 1778 2867 est
1801 2813 1851 2866 in
1880 2810 2051 2865 forma
2077 2811 2192 2877 Dei,

614 2902 840 2974 aequalis
884 2902 1030 2969 Deo;
1081 2903 1135 2957 in
1184 2904 1284 2959 ista
1323 2903 1673 2974 plenitudine,
1721 2920 1909 2960 servus
1940 2906 1992 2960 in
2023 2904 2195 2959 forma

613 2994 777 3060 servi,
817 2994 942 3065 quia
973 2995 1026 3049 in
1060 2995 1412 3051 similitudine
1455 2997 1734 3051 hominum
1772 2995 1969 3063 factus,
2014 3005 2070 3052 et
2094 2995 2195 3051 ha-

613 3083 728 3138 bitu
757 3092 841 3139 est
869 3085 1120 3141 inventus
1149 3097 1208 3142 ut
1234 3087 1395 3142 homo
1422 3084 1643 3159 (Philip.
1682 3088 1768 3158 ιι).

2295 1885 2482 1942 braice
2525 1896 2706 1944 autem
2760 1890 3149 1963 interpretatur
3178 1904 3368 1948 norma
3404 1901 3622 1959 vestra,
3656 1905 3891 1964 quorum

2294 1977 2579 2034 videlicet?
2610 1981 2716 2036 nisi
2758 1994 3060 2055 martyrum
3090 1985 3451 2055 sequentium,
3489 1986 3687 2056 quibus
3710 1984 3893 2059 primo

2294 2069 2569 2139 patiendo,
2595 2071 2770 2128 forma
2797 2073 2970 2130 factus
2996 2082 3082 2131 est
3098 2117 3113 2142 ,
3144 2076 3424 2132 moriendo
3451 2091 3551 2147 pro
3571 2076 3813 2132 Christo.

2383 2161 2631 2221 Faciebat
2684 2168 2837 2241 signa
2879 2178 2928 2225 et
2974 2171 3237 2242 prodigia.
3290 2172 3542 2242 Prodigia
3590 2171 3890 2240 dicuntur,

2295 2273 2462 2330 porro
2482 2257 2738 2326 dicentia,
2773 2260 2828 2315 id
2863 2273 2969 2328 est,
2995 2277 3192 2317 novum
3238 2262 3439 2333 aliquid
3465 2263 3623 2335 longe
3647 2262 3891 2319 futurum

2296 2347 2662 2418 praedicenda.
2718 2349 2883 2421 Signa
2931 2350 3187 2406 dicuntur
3229 2351 3429 2407 indicia
3460 2352 3674 2423 aliqua,
3721 2352 3791 2408 ab
3823 2365 3896 2411 eo

2297 2439 2441 2509 quod
2466 2438 2668 2508 aliquid
2707 2439 3030 2511 signiﬁcent.

2370 2527 2724 2584 Surrexerunt
2745 2539 2919 2583 autem
2935 2531 3149 2602 quidam
3171 2531 3234 2585 de
3261 2529 3557 2602 Synagoga,
3587 2547 3702 2602 qua:
3724 2531 3878 2602 appet

2297 2620 2439 2675 latur
2451 2619 2835 2674 Libertinorum
2851 2630 2899 2675 et
2917 2620 3365 2692 Cyrenensium,et
3386 2621 3895 2688 Alexandrinorum,
3970 2632 3975 2635 '

2298 2720 2345 2763 et
2373 2725 2553 2763 eorum
2579 2710 2669 2779 qui
2694 2718 2841 2763 erant
2871 2727 2902 2763 a
2929 2708 3117 2765 Cilicia
3148 2721 3199 2766 et
3224 2712 3350 2767 Asia
3377 2753 3391 2778 ,
3420 2702 3745 2784 disputantes
3774 2729 3896 2767 cum

2300 2796 2583 2869 Stephano.
2629 2798 2910 2869 Synagoga
2951 2799 3164 2867 Graece,
3207 2801 3396 2857 Latine
3432 2803 3777 2874 congregatio
3804 2800 3894 2855 di-

2297 2893 2458 2947 citur.
2488 2891 2773 2957 Libertini,
2798 2892 2889 2961 qui
2920 2892 2986 2947 de
3015 2895 3276 2949 servitute
3302 2894 3620 2949 manumissi
3640 2903 3693 2948 et
3730 2893 3895 2947 liber-

2298 2989 2408 3036 tate
2454 2980 2640 3036 donati
2687 2989 2833 3035 sunt.
2862 2980 3086 3036 Constat
3127 2990 3341 3047 autem,
3384 2984 3450 3037 de
3487 2983 3655 3051 stirpe
3701 2980 3891 3036 servili

2300 3070 2487 3137 fuisse,
2527 3071 2616 3140 qui
2648 3070 2825 3141 primo
2868 3069 2990 3125 ﬁdei
3031 3070 3231 3126 Christi
3282 3072 3622 3138 restiterunt,
3654 3071 3744 3140 qui
3786 3071 3892 3125 etsi

685 3175 793 3246 (Επ
820 3174 1009 3248 Beda.)
1042 3174 1225 3231 3mm
1254 3150 1445 3247 ριεηυέ
1479 3150 1614 3243 erat"
1653 3187 1708 3233 ει
1728 3150 1818 3234 εει
1846 3178 2010 3233 homo
2038 3178 2196 3234 (3mg-
2224 3157 2269 3220 C
2301 3161 2369 3215 ab
2397 3160 2703 3215 hominibus
2731 3150 3086 3230 emancipati,
3108 3170 3288 3219 tamen
3317 3161 3458 3217 servi
3487 3160 3893 3231 erantpeccati.

612 3272 729 3321 stus
759 3263 936 3331 Jesus,
980 3267 1065 3321 cui
1094 3266 1356 3338 singulari
1389 3281 1635 3336 munere,
1664 3285 1777 3339 pra:
1804 3270 2020 3325 caeteris
2052 3286 2196 3324 mor-

615 3356 813 3411 talibus
841 3357 1027 3411 datum
1059 3366 1160 3422 est,
1186 3367 1246 3412 ut
1271 3360 1453 3414 statim
1481 3376 1548 3415 ex
1570 3375 1678 3431 quo
1703 3362 1757 3415 in
1789 3369 1944 3416 utero
1970 3362 2198 3433 virginis

615 3448 851 3518 concipit
931 3456 985 3504 et
1028 3450 1190 3505 homo
1235 3449 1353 3505 ﬁeri
1399 3451 1682 3522 inciperet.
1731 3468 1895 3509 verus
1945 3464 2092 3510 esset
2142 3464 2197 3511 et

615 3537 784 3595 Deus.

1245 3625 1502 3667 CONCORDI
1512 3629 1538 3667 Α
1549 3652 1564 3666 .

686 3716 919 3773 Istarum
946 3718 1175 3774 duarum
1214 3720 1270 3775 in
1312 3722 1561 3792 plurimis
1597 3722 1656 3777 ﬁt
1691 3725 1980 3781 concordia
2011 3725 2197 3784 lectio-

618 3825 767 3864 num.
797 3809 1144 3881 Evangelium
1174 3812 1345 3868 dicit:
1384 3813 1450 3868 In
1487 3816 1746 3886 principio
1788 3826 1900 3871 erat
1948 3810 2194 3875 Verbum.

618 3900 685 3953 Et
711 3900 998 3969 Apostolus
1027 3920 1039 3955 :
1076 3900 1154 3955 Tu
1180 3901 1235 3956 in
1256 3903 1536 3974 principio,
1583 3903 1830 3971 Domine,
1856 3915 2050 3960 terram
2075 3908 2200 3978 fun-

619 3989 778 4043 dasti.
835 3987 1181 4061 Evangelium
1227 3991 1360 4046 dicit
1400 4008 1412 4044 :
1463 3991 1652 4046 Omnia
1698 4011 1791 4064 per
1838 3995 2008 4066 ipsum
2055 3996 2197 4067 facta

619 4092 762 4146 sunt,
794 4091 842 4135 et
875 4081 1100 4136 mundus
1137 4099 1229 4152 per
1267 4082 1434 4152 ipsum
1464 4082 1636 4153 factus
1678 4095 1773 4141 est.
1805 4086 2096 4158 Apostolus
2122 4091 2202 4147 di-

620 4170 697 4224 cit
724 4184 736 4223 :
772 4169 877 4225 Per
900 4188 1050 4243 quem
1087 4170 1209 4242 fecit
1243 4182 1291 4227 et
1322 4173 1537 4228 stecula.
1570 4174 1878 4233 Notandum
1914 4183 2058 4246 quod
2090 4182 2199 4239 Do-

621 4259 827 4314 minum
869 4259 1054 4315 Jesum
1098 4260 1393 4329 Christum,
1452 4266 1669 4337 utrique
1702 4268 1870 4324 Deum
1900 4271 2202 4341 appellave-

623 4357 783 4404 runt:
810 4349 1154 4421 Evangelium
1204 4353 1295 4408 ubi
1342 4356 1457 4408 ait:
1487 4355 1556 4409 Et
1604 4357 1744 4413 Deus
1794 4370 1909 4414 erat
1950 4359 2196 4419 Verbum.

619 4438 908 4511 Apostolus
928 4443 1020 4498 ubi
1048 4444 1210 4498 dicit:
1245 4443 1505 4512 T/tronus,
1534 4456 1653 4502 tuus
1687 4448 1848 4517 Deus,
1869 4452 1922 4504 in
1945 4453 2198 4507 steculum

621 4531 802 4587 surculi
829 4531 1002 4606 (Psal.
1020 4535 1168 4607 xcv).

902 4643 972 4700 ΙΝ
1008 4645 1258 4702 NATALI
1293 4646 1537 4704 SANCTI
1580 4648 1919 4708 STEPHANI

835 4750 1027 4791 LECTIO
1074 4752 1288 4793 Αετυωι
1340 4754 1746 4807 Αροετοιοιιωι,
1774 4759 1892 4798 CAP.
1926 4761 1979 4802 ν.

612 4902 617 4905 _
705 4843 725 4875 ι
753 4822 1060 4895 Stephanus
1091 4827 1280 4896 plenus
1314 4830 1485 4901 gratia
1514 4838 1571 4887 et
1596 4829 1929 4902 fortitudine,
1964 4836 2201 4895 faciebat

629 4931 649 4965 ί
674 4914 919 4985 prodigia
952 4923 1007 4970 et
1036 4917 1189 4988 signa
1222 4934 1417 4990 magna
1469 4921 1524 4974 in
1566 4922 1780 4992 populo.
1830 4923 2198 4986 Surrexerunt

632 5022 652 5055 ι
680 5014 863 5059 autem
896 5007 1114 5077 quidam
1149 5007 1217 5064 de
1244 5008 1547 5082 Synagoga,
1574 5027 1695 5081 qua:
1722 5015 2093 5085 appellabatur
2117 5022 2207 5076 Li-

634 5115 652 5149 t
679 5098 1016 5153 bertinorum
1059 5107 1115 5153 et
1160 5099 1546 5173 Cyrenensium
1588 5110 1644 5157 et
1689 5102 2200 5179 Alexandrinorum,

635 5206 654 5240 ι
683 5197 739 5245 et
783 5204 967 5245 eorum
1007 5190 1099 5261 qui
1137 5201 1291 5247 erant
1318 5209 1348 5247 a
1371 5191 1557 5248 Cilicia
1587 5201 1640 5248 et
1675 5194 1827 5262 Asia,
1867 5198 2204 5269 disputantes

630 5295 652 5332 ι
679 5294 805 5336 cum
833 5279 1122 5351 Stephano,
1149 5292 1204 5338 et
1230 5300 1335 5338 non
1364 5294 1617 5356 poterant
1640 5289 1895 5344 resistere
1924 5294 2200 5361 sapientia:

632 5386 652 5420 ι
682 5378 739 5425 et
767 5371 1003 5439 spiritui,
1033 5374 1122 5442 qui
1162 5373 1499 5444 loquebatur.
1538 5375 1834 5432 Audientes
1863 5380 1998 5445 haec,
2028 5382 2200 5438 disse-

633 5476 653 5509 ι
679 5459 943 5515 cabantur
979 5463 1227 5518 cordibus
1268 5464 1401 5529 suis,
1443 5473 1498 5519 et
1526 5466 1833 5521 stridebant
1863 5467 2115 5525 dentibus
2144 5472 2200 5528 in

634 5567 652 5601 ι
681 5563 826 5604 eum.
863 5549 994 5604 Cum
1037 5559 1217 5606 autem
1257 5563 1399 5609 esset
1440 5552 1750 5623 Stephanus
1771 5556 1964 5627 plenus
1993 5557 2199 5628 Spiritu

634 5658 654 5694 ι
683 5654 894 5710 sancto,
943 5646 1221 5701 intendens
1268 5646 1321 5700 in
1358 5646 1553 5702 caalum
1583 5649 1717 5702 vidit
1744 5649 1971 5720 gloriam
2005 5632 2120 5720 Dei,
2147 5665 2202 5711 et

636 5753 655 5788 ι
683 5732 866 5791 Iesum
916 5743 1148 5794 stantem
1191 5755 1222 5794 a
1262 5738 1470 5795 dextris
1495 5739 1610 5794 Dei.
1643 5738 1710 5794 Et
1739 5741 1813 5796 ait
1838 5759 1850 5796 :
1880 5743 2017 5798 Ecce
2046 5745 2200 5801 video

2224 4511 2279 4571 D

2298 3252 2506 3319 Cilicia,
2561 3260 2753 3318 canus,
2802 3252 3020 3317 luctus,
3061 3252 3146 3307 vel
3187 3253 3423 3309 vomitus
3473 3255 3888 3323 interpretatur.

2297 3344 2621 3410 Alexander,
2660 3343 2912 3400 auferens
2959 3346 3240 3417 angustias
3301 3347 3668 3402 tenebrarum.
3718 3344 3891 3411 Asia,

2299 3435 2510 3491 elevata
2538 3434 2620 3491 vel
2644 3435 2808 3490 elatio
2837 3436 3245 3505 interpretatur.

2376 3527 2441 3581 Et
2475 3544 2580 3582 non
2604 3535 2843 3598 poterant
2877 3528 3113 3582 resistere
3142 3529 3413 3599 sapientia:
3442 3538 3490 3583 et
3520 3528 3764 3600 spiritui,
3798 3527 3892 3600 qui

2300 3616 2627 3688 loquebatur.
2672 3615 2786 3672 Hoc
2807 3624 2891 3672 est
2934 3618 3076 3686 quod
3105 3617 3366 3674 Dominus
3392 3619 3505 3689 ipse
3542 3619 3655 3673 suis
3676 3629 3889 3691 marty-

2298 3710 2449 3764 ribus
2477 3709 2554 3763 ait
2590 3726 2602 3762 :
2642 3708 2758 3780 Ego
2805 3711 2943 3763 enim
2992 3710 3126 3765 dabo
3166 3710 3304 3765 vobis
3346 3727 3403 3765 os
3448 3721 3498 3766 et
3541 3711 3880 3782 sapientiam,

2299 3802 2384 3855 cui
2409 3817 2514 3856 non
2545 3810 2789 3870 poterunt
2824 3803 3061 3856 resistere
3089 3812 3136 3856 et
3162 3802 3519 3858 contradicere
3554 3819 3731 3858 onmes
3777 3802 3878 3857 ad-

2300 3893 2517 3947 versarii
2547 3892 2703 3948 vestri
2728 3890 2882 3964 (Luc.
2928 3894 3062 3956 xxx).

2370 4004 2653 4058 Audientes
2674 4013 2847 4059 autem
2870 4004 2990 4069 hoc,
3015 4004 3412 4060 dissecabantur
3426 4002 3668 4061 cordibus
3681 4006 3815 4074 suis,
3836 4016 3886 4063 et

2299 4096 2587 4151 stridebant
2617 4095 2881 4151 dentibus.
2903 4095 3245 4153 Conscientia
3273 4113 3395 4153 cum
3424 4098 3687 4168 arguitur,
3716 4099 3889 4170 impa-

2300 4187 2441 4241 tiens
2469 4193 2572 4252 cst,
2601 4194 2657 4242 et
2678 4202 2784 4242 non
2804 4188 3275 4258 poteranthristi
3297 4189 3577 4245 veritatem
3594 4191 3885 4247 sustinere.

2300 4279 2474 4335 Aures
2511 4295 2698 4335 eorum
2740 4279 2981 4336 furorem
3010 4284 3207 4337 mentis
3247 4282 3302 4337 in
3347 4283 3497 4337 vultu
3547 4283 3887 4338 demonstra-

2302 4372 2450 4427 bant.
2494 4370 2808 4427 Stridebant
2847 4371 3097 4426 dentibus
3126 4371 3180 4425 in
3205 4386 3361 4437 eum,
3415 4387 3607 4427 carnes
3643 4370 3890 4427 lacerare

2303 4464 2611 4536 cupientes,
2658 4464 3009 4519 ostendentes
3048 4479 3106 4518 se
3137 4477 3257 4518 esse
3297 4463 3523 4519 belluas.
3565 4463 3694 4520 Inde
3737 4463 3887 4519 enim

2308 4556 2687 4624 minabantur,
2742 4557 2885 4611 unde
2942 4556 3312 4611 tantummodo
3358 4556 3782 4612 ostendebantur
3828 4562 3889 4612 et

2306 4647 2520 4713 bellum,
2545 4647 2887 4718 etimpletum
2908 4656 2990 4702 est
3012 4648 3064 4702 in
3088 4647 3195 4702 illis
3221 4666 3233 4701 :
3268 4645 3439 4701 Homo
3472 4662 3590 4700 cum
3616 4648 3671 4700 in
3691 4647 3889 4703 honore

2306 4747 2468 4802 esset,
2519 4754 2622 4791 non
2664 4736 2939 4802 intellexit,
2982 4746 3318 4808 comparatus
3360 4743 3432 4790 est
3463 4734 3719 4805 jumentis
3758 4733 3889 4789 insi-

2306 4827 2583 4898 pientibus,
2617 4838 2663 4882 et
2701 4828 2888 4883 similis
2918 4829 3094 4899 factus
3133 4838 3208 4883 est
3232 4828 3338 4883 illis
3360 4826 3534 4899 (Psal.
3568 4827 3742 4899 xux).

2380 4940 2512 4994 Cum
2541 4950 2716 4996 autem
2747 4952 2876 4996 esset
2903 4939 3200 5012 Stephanus
3226 4941 3408 5013 plenus
3436 4940 3635 5012 Spiritu
3662 4952 3845 4997 sancto
3868 4983 3885 5008 ,

2306 5030 2578 5085 intendens
2602 5032 2655 5086 in
2698 5031 2913 5111 uelum,
2945 5033 3074 5087 vidit
3108 5032 3331 5103 gloriam
3367 5032 3490 5086 'Dei.
3533 5033 3669 5097 Quia
3696 5033 3889 5103 plenus

2305 5130 2425 5176 erat
2456 5121 2661 5191 Spiritu
2683 5131 2892 5188 sancto,
2923 5132 3207 5194 propterea
3238 5123 3553 5179 intendebat
3579 5124 3633 5178 in
3662 5125 3883 5182 coelum.

2304 5210 2589 5267 Plenitudo
2612 5213 2757 5266 enim
2785 5211 3022 5282 Spiritus
3042 5214 3235 5279 sancti,
3260 5229 3367 5268 non
3395 5230 3516 5269 eum
3540 5216 3889 5285 permittebat

2304 5309 2520 5356 terrena
2548 5303 2811 5371 aspicere.
2843 5303 2977 5358 Nam
3004 5313 3060 5359 et
3085 5305 3297 5378 Moyses
3320 5307 3519 5363 vidisse
3549 5307 3749 5363 dicitur
3770 5307 3888 5376 glo-

2302 5390 2439 5444 riam
2470 5391 2596 5457 Dei,
2652 5400 2708 5446 et
2745 5393 2972 5463 populus
3013 5396 3069 5451 in
3118 5399 3522 5454 consecratione
3558 5399 3748 5454 domus
3780 5398 3888 5454 Do‘

2300 5479 2455 5543 mini,
2470 5479 2670 5534 vidisse
2689 5480 2888 5537 dicitur
2903 5483 3127 5554 gloriam
3147 5485 3242 5541 Dei
3264 5486 3431 5542 Israel
3452 5484 3647 5559 (Exod.
3671 5486 3884 5559 xxxiv).

2301 5565 2368 5621 Et
2396 5567 2674 5639 apostolus
2700 5569 2938 5629 Joannes
2969 5575 3100 5631 dicit
3124 5575 3177 5628 in
3208 5576 3496 5647 Evangelia
3522 5595 3534 5630 :
3561 5575 3629 5630 Et
3659 5576 3884 5631 vidimus

2304 5656 2523 5729 gloriam
2544 5659 2677 5728 ejus,
2703 5660 2925 5731 gloriam
2944 5666 3094 5734 quasi
3107 5665 3355 5735 unigeniti
3379 5684 3409 5720 a
3432 5666 3593 5720 Patre
3610 5665 3792 5737 (Joan.
3813 5664 3883 5737 1).

2378 5747 2445 5801 Et
2488 5748 2668 5805 Jesum
2705 5761 2927 5808 stttntem
2972 5772 3003 5809 a
3031 5755 3230 5809 dextris
3272 5756 3383 5811 Dei.
3431 5758 3676 5813 Stantem
3717 5757 3878 5823 dixit,
