  <div class='ocr_page' id='page_1' title='image "/cluster/home/n/w/nwhite01/storage/ocr_20150623/102/hvd.32044015466808/024.png"; bbox 0 0 4110 6456; ppageno 0'>
   <div class='ocr_carea' id='block_1_1' title="bbox 251 314 3515 380">
    <p class='ocr_par' dir='ltr' id='par_1_1' title="bbox 251 314 3515 380">
     <span class='ocr_line' id='line_1_1' title="bbox 251 314 3515 380; baseline 0.002 -6"><span class='ocrx_word' id='word_1_1' title='bbox 251 314 325 376; x_wconf 71' lang='grc'><strong>57</strong></span> <span class='ocrx_word' id='word_1_2' title='bbox 1076 314 1591 373; x_wconf 77' lang='lat' dir='ltr'><strong>COLLECTIONES</strong></span> <span class='ocrx_word' id='word_1_3' title='bbox 1627 314 1693 370; x_wconf 78' lang='lat' dir='ltr'><strong>IN</strong></span> <span class='ocrx_word' id='word_1_4' title='bbox 1734 314 2112 372; x_wconf 79' lang='lat' dir='ltr'><strong>EPISTOLAS</strong></span> <span class='ocrx_word' id='word_1_5' title='bbox 2151 317 2237 371; x_wconf 86' lang='lat' dir='ltr'><strong>ET</strong></span> <span class='ocrx_word' id='word_1_6' title='bbox 2279 318 2694 376; x_wconf 77' lang='lat' dir='ltr'><strong>EVANGELIA.</strong></span> <span class='ocrx_word' id='word_1_7' title='bbox 3441 321 3515 380; x_wconf 77' lang='lat'><strong>&#39;58</strong></span> 
     </span>
    </p>
   </div>
   <div class='ocr_carea' id='block_1_2' title="bbox 251 426 3510 500">
    <p class='ocr_par' dir='ltr' id='par_1_2' title="bbox 251 426 3510 500">
     <span class='ocr_line' id='line_1_2' title="bbox 251 426 3510 500; baseline -0.001 -11"><span class='ocrx_word' id='word_1_8' title='bbox 251 445 367 492; x_wconf 85' lang='lat' dir='ltr'><strong>non</strong></span> <span class='ocrx_word' id='word_1_9' title='bbox 385 430 684 493; x_wconf 74' lang='lat' dir='ltr'><strong>sedentem,</strong></span> <span class='ocrx_word' id='word_1_10' title='bbox 712 426 894 485; x_wconf 83' lang='lat' dir='ltr'><strong>stabat</strong></span> <span class='ocrx_word' id='word_1_11' title='bbox 912 441 1034 484; x_wconf 91' lang='lat' dir='ltr'><strong>cum</strong></span> <span class='ocrx_word' id='word_1_12' title='bbox 1059 436 1300 499; x_wconf 76' lang='lat' dir='ltr'><strong>martyre</strong></span> <span class='ocrx_word' id='word_1_13' title='bbox 1323 442 1441 494; x_wconf 88' lang='lat' dir='ltr'><strong>suo,</strong></span> <span class='ocrx_word' id='word_1_14' title='bbox 1469 435 1528 482; x_wconf 88' lang='lat' dir='ltr'><strong>et</strong></span> <span class='ocrx_word' id='word_1_15' title='bbox 1552 428 1825 497; x_wconf 84' lang='lat' dir='ltr'><strong>pugnabat</strong></span> <span class='ocrx_word' id='word_1_16' title='bbox 1853 427 1903 486; x_wconf 77' lang='grc' dir='ltr'><strong>Α</strong></span> <span class='ocrx_word' id='word_1_17' title='bbox 1928 427 2210 485; x_wconf 83' lang='lat' dir='ltr'><strong>surrexisti</strong></span> <span class='ocrx_word' id='word_1_18' title='bbox 2254 435 2314 481; x_wconf 92' lang='lat' dir='ltr'><strong>ut</strong></span> <span class='ocrx_word' id='word_1_19' title='bbox 2348 442 2433 483; x_wconf 90' lang='lat' dir='ltr'><strong>me</strong></span> <span class='ocrx_word' id='word_1_20' title='bbox 2466 429 2772 482; x_wconf 75' lang='lat' dir='ltr'><strong>venientem</strong></span> <span class='ocrx_word' id='word_1_21' title='bbox 2805 427 3112 497; x_wconf 83' lang='lat' dir='ltr'><strong>susciperes</strong></span> <span class='ocrx_word' id='word_1_22' title='bbox 3139 436 3194 483; x_wconf 86' lang='lat' dir='ltr'><strong>ct</strong></span> <span class='ocrx_word' id='word_1_23' title='bbox 3237 429 3510 500; x_wconf 85' lang='lat' dir='ltr'><strong>amplexa-</strong></span> 
     </span>
    </p>
   </div>
   <div class='ocr_carea' id='block_1_3' title="bbox 251 515 3512 595">
    <p class='ocr_par' dir='ltr' id='par_1_3' title="bbox 251 515 3512 595">
     <span class='ocr_line' id='line_1_3' title="bbox 251 515 3512 595; baseline -0.001 -17"><span class='ocrx_word' id='word_1_24' title='bbox 251 522 412 595; x_wconf 75' lang='lat' dir='ltr'><strong>qussi</strong></span> <span class='ocrx_word' id='word_1_25' title='bbox 437 522 491 577; x_wconf 90' lang='lat' dir='ltr'><strong>in</strong></span> <span class='ocrx_word' id='word_1_26' title='bbox 517 520 703 591; x_wconf 76' lang='lat' dir='ltr'><strong>przelio</strong></span> <span class='ocrx_word' id='word_1_27' title='bbox 721 518 1065 575; x_wconf 84' lang='lat' dir='ltr'><strong>constitutus.</strong></span> <span class='ocrx_word' id='word_1_28' title='bbox 1089 518 1181 573; x_wconf 90' lang='lat' dir='ltr'><strong>lllc</strong></span> <span class='ocrx_word' id='word_1_29' title='bbox 1206 517 1563 587; x_wconf 82' lang='lat' dir='ltr'><strong>lapidabatur,</strong></span> <span class='ocrx_word' id='word_1_30' title='bbox 1595 515 1831 571; x_wconf 77' lang='lat' dir='ltr'><strong>ctJesus</strong></span> <span class='ocrx_word' id='word_1_31' title='bbox 1931 516 2091 581; x_wconf 89' lang='lat' dir='ltr'><strong>reris,</strong></span> <span class='ocrx_word' id='word_1_32' title='bbox 2132 516 2273 571; x_wconf 89' lang='lat' dir='ltr'><strong>ﬁlius</strong></span> <span class='ocrx_word' id='word_1_33' title='bbox 2301 517 2514 571; x_wconf 80' lang='lat' dir='ltr'><strong>invocat</strong></span> <span class='ocrx_word' id='word_1_34' title='bbox 2542 525 2784 586; x_wconf 87' lang='lat' dir='ltr'><strong>patrem,</strong></span> <span class='ocrx_word' id='word_1_35' title='bbox 2826 526 3034 589; x_wconf 81' lang='lat' dir='ltr'><strong>martyr</strong></span> <span class='ocrx_word' id='word_1_36' title='bbox 3082 518 3295 573; x_wconf 76' lang='lat' dir='ltr'><strong>invocat</strong></span> <span class='ocrx_word' id='word_1_37' title='bbox 3322 520 3512 591; x_wconf 84' lang='lat' dir='ltr'><strong>agoni-</strong></span> 
     </span>
    </p>
   </div>
   <div class='ocr_carea' id='block_1_4' title="bbox 252 604 3512 682">
    <p class='ocr_par' dir='ltr' id='par_1_4' title="bbox 252 604 3512 682">
     <span class='ocr_line' id='line_1_4' title="bbox 252 604 3512 682; baseline -0.001 -12"><span class='ocrx_word' id='word_1_38' title='bbox 252 610 816 682; x_wconf 80' lang='lat' dir='ltr'><strong>suscipicbatplagas.</strong></span> <span class='ocrx_word' id='word_1_39' title='bbox 1931 605 2138 660; x_wconf 90' lang='lat' dir='ltr'><strong>theten.</strong></span> <span class='ocrx_word' id='word_1_40' title='bbox 2168 605 2396 660; x_wconf 88' lang='lat' dir='ltr'><strong>Domine</strong></span> <span class='ocrx_word' id='word_1_41' title='bbox 2439 604 2598 670; x_wconf 88' lang='lat' dir='ltr'><strong>Jesu,</strong></span> <span class='ocrx_word' id='word_1_42' title='bbox 2645 606 2858 676; x_wconf 88' lang='lat' dir='ltr'><strong>suscipe</strong></span> <span class='ocrx_word' id='word_1_43' title='bbox 2898 607 3145 676; x_wconf 87' lang='lat' dir='ltr'><strong>spiritum</strong></span> <span class='ocrx_word' id='word_1_44' title='bbox 3175 623 3385 674; x_wconf 89' lang='lat' dir='ltr'><strong>meum,</strong></span> <span class='ocrx_word' id='word_1_45' title='bbox 3418 611 3512 680; x_wconf 86' lang='lat' dir='ltr'><strong>qui</strong></span> 
     </span>
    </p>
   </div>
   <div class='ocr_carea' id='block_1_5' title="bbox 326 695 3509 772">
    <p class='ocr_par' dir='ltr' id='par_1_5' title="bbox 326 695 3509 772">
     <span class='ocr_line' id='line_1_5' title="bbox 326 695 3509 772; baseline -0.001 -14"><span class='ocrx_word' id='word_1_46' title='bbox 326 702 465 758; x_wconf 82' lang='lat' dir='ltr'><strong>Ecce</strong></span> <span class='ocrx_word' id='word_1_47' title='bbox 486 702 635 758; x_wconf 80' lang='lat' dir='ltr'><strong>video</strong></span> <span class='ocrx_word' id='word_1_48' title='bbox 659 700 813 757; x_wconf 79' lang='lat' dir='ltr'><strong>ctelos</strong></span> <span class='ocrx_word' id='word_1_49' title='bbox 834 709 1059 772; x_wconf 88' lang='lat' dir='ltr'><strong>apertos.</strong></span> <span class='ocrx_word' id='word_1_50' title='bbox 1091 698 1212 754; x_wconf 83' lang='lat' dir='ltr'><strong>Jam</strong></span> <span class='ocrx_word' id='word_1_51' title='bbox 1234 697 1367 753; x_wconf 89' lang='lat' dir='ltr'><strong>mihi</strong></span> <span class='ocrx_word' id='word_1_52' title='bbox 1387 704 1571 768; x_wconf 89' lang='lat' dir='ltr'><strong>aperta</strong></span> <span class='ocrx_word' id='word_1_53' title='bbox 1597 705 1682 751; x_wconf 89' lang='lat' dir='ltr'><strong>est</strong></span> <span class='ocrx_word' id='word_1_54' title='bbox 1710 696 1828 762; x_wconf 85' lang='lat' dir='ltr'><strong>via;</strong></span> <span class='ocrx_word' id='word_1_55' title='bbox 1931 695 2218 765; x_wconf 80' lang='lat' dir='ltr'><strong>expellitur</strong></span> <span class='ocrx_word' id='word_1_56' title='bbox 2245 696 2310 750; x_wconf 88' lang='lat' dir='ltr'><strong>de</strong></span> <span class='ocrx_word' id='word_1_57' title='bbox 2324 710 2486 750; x_wconf 90' lang='lat' dir='ltr'><strong>carne</strong></span> <span class='ocrx_word' id='word_1_58' title='bbox 2511 711 2651 760; x_wconf 90' lang='lat' dir='ltr'><strong>mea,</strong></span> <span class='ocrx_word' id='word_1_59' title='bbox 2679 706 2898 765; x_wconf 86' lang='lat' dir='ltr'><strong>propter</strong></span> <span class='ocrx_word' id='word_1_60' title='bbox 2923 696 3315 754; x_wconf 83' lang='lat' dir='ltr'><strong>confessionem</strong></span> <span class='ocrx_word' id='word_1_61' title='bbox 3339 708 3509 766; x_wconf 87' lang='lat' dir='ltr'><strong>tuam,</strong></span> 
     </span>
    </p>
   </div>
   <div class='ocr_carea' id='block_1_6' title="bbox 254 786 1831 857">
    <p class='ocr_par' dir='ltr' id='par_1_6' title="bbox 254 786 1831 857">
     <span class='ocr_line' id='line_1_6' title="bbox 254 786 1831 857; baseline -0.006 -8"><span class='ocrx_word' id='word_1_62' title='bbox 254 791 435 849; x_wconf 82' lang='lat' dir='ltr'><strong>adhuc</strong></span> <span class='ocrx_word' id='word_1_63' title='bbox 467 793 522 846; x_wconf 92' lang='lat' dir='ltr'><strong>in</strong></span> <span class='ocrx_word' id='word_1_64' title='bbox 556 800 700 847; x_wconf 85' lang='lat' dir='ltr'><strong>terra</strong></span> <span class='ocrx_word' id='word_1_65' title='bbox 727 805 878 855; x_wconf 87' lang='lat' dir='ltr'><strong>sum,</strong></span> <span class='ocrx_word' id='word_1_66' title='bbox 909 790 1073 845; x_wconf 90' lang='lat' dir='ltr'><strong>etiam</strong></span> <span class='ocrx_word' id='word_1_67' title='bbox 1099 789 1169 843; x_wconf 89' lang='lat' dir='ltr'><strong>ad</strong></span> <span class='ocrx_word' id='word_1_68' title='bbox 1196 787 1456 844; x_wconf 74' lang='lat' dir='ltr'><strong>cmlorum</strong></span> <span class='ocrx_word' id='word_1_69' title='bbox 1494 800 1658 857; x_wconf 88' lang='lat' dir='ltr'><strong>regna</strong></span> <span class='ocrx_word' id='word_1_70' title='bbox 1683 786 1831 856; x_wconf 84' lang='lat' dir='ltr'><strong>aspi—</strong></span> 
     </span>
    </p>
   </div>
   <div class='ocr_carea' id='block_1_7' title="bbox 254 877 1835 951">
    <p class='ocr_par' dir='ltr' id='par_1_7' title="bbox 254 877 1835 951">
     <span class='ocr_line' id='line_1_7' title="bbox 254 877 1835 951; baseline -0.007 -11"><span class='ocrx_word' id='word_1_71' title='bbox 254 885 377 949; x_wconf 90' lang='lat' dir='ltr'><strong>cio;</strong></span> <span class='ocrx_word' id='word_1_72' title='bbox 412 881 581 939; x_wconf 66' lang='lat' dir='ltr'><strong>emlos</strong></span> <span class='ocrx_word' id='word_1_73' title='bbox 616 881 750 937; x_wconf 86' lang='lat' dir='ltr'><strong>istos</strong></span> <span class='ocrx_word' id='word_1_74' title='bbox 771 888 1097 951; x_wconf 87' lang='lat' dir='ltr'><strong>aperuerunt</strong></span> <span class='ocrx_word' id='word_1_75' title='bbox 1119 879 1250 934; x_wconf 90' lang='lat' dir='ltr'><strong>mihi</strong></span> <span class='ocrx_word' id='word_1_76' title='bbox 1271 877 1476 948; x_wconf 83' lang='lat' dir='ltr'><strong>lapides</strong></span> <span class='ocrx_word' id='word_1_77' title='bbox 1498 877 1690 942; x_wconf 89' lang='lat' dir='ltr'><strong>vestri,</strong></span> <span class='ocrx_word' id='word_1_78' title='bbox 1712 891 1835 945; x_wconf 90' lang='lat' dir='ltr'><strong>per-</strong></span> 
     </span>
    </p>
   </div>
   <div class='ocr_carea' id='block_1_8' title="bbox 252 971 1833 1043">
    <p class='ocr_par' dir='ltr' id='par_1_8' title="bbox 252 971 1833 1043">
     <span class='ocr_line' id='line_1_8' title="bbox 252 971 1833 1043; baseline -0.005 -12"><span class='ocrx_word' id='word_1_79' title='bbox 252 975 537 1032; x_wconf 80' lang='lat' dir='ltr'><strong>secutione</strong></span> <span class='ocrx_word' id='word_1_80' title='bbox 558 982 743 1030; x_wconf 81' lang='lat' dir='ltr'><strong>vestra</strong></span> <span class='ocrx_word' id='word_1_81' title='bbox 765 972 1052 1043; x_wconf 87' lang='lat' dir='ltr'><strong>aperuistis</strong></span> <span class='ocrx_word' id='word_1_82' title='bbox 1072 972 1202 1026; x_wconf 86' lang='lat' dir='ltr'><strong>mihi</strong></span> <span class='ocrx_word' id='word_1_83' title='bbox 1229 971 1418 1035; x_wconf 75' lang='lat' dir='ltr'><strong>cmlos,</strong></span> <span class='ocrx_word' id='word_1_84' title='bbox 1446 985 1619 1040; x_wconf 85' lang='lat' dir='ltr'><strong>usque</strong></span> <span class='ocrx_word' id='word_1_85' title='bbox 1656 971 1833 1024; x_wconf 87' lang='lat' dir='ltr'><strong>adhuc</strong></span> 
     </span>
    </p>
   </div>
   <div class='ocr_carea' id='block_1_9' title="bbox 251 1059 1834 1133">
    <p class='ocr_par' dir='ltr' id='par_1_9' title="bbox 251 1059 1834 1133">
     <span class='ocr_line' id='line_1_9' title="bbox 251 1059 1834 1133; baseline -0.003 -14"><span class='ocrx_word' id='word_1_86' title='bbox 251 1062 426 1119; x_wconf 69' lang='lat' dir='ltr'><strong>caelos</strong></span> <span class='ocrx_word' id='word_1_87' title='bbox 447 1070 663 1133; x_wconf 87' lang='lat' dir='ltr'><strong>apertos</strong></span> <span class='ocrx_word' id='word_1_88' title='bbox 688 1076 803 1117; x_wconf 82' lang='lat' dir='ltr'><strong>non</strong></span> <span class='ocrx_word' id='word_1_89' title='bbox 820 1062 1080 1125; x_wconf 85' lang='lat' dir='ltr'><strong>videram,</strong></span> <span class='ocrx_word' id='word_1_90' title='bbox 1105 1060 1324 1131; x_wconf 78' lang='lat' dir='ltr'><strong>sanguis</strong></span> <span class='ocrx_word' id='word_1_91' title='bbox 1354 1075 1506 1115; x_wconf 89' lang='lat' dir='ltr'><strong>meus</strong></span> <span class='ocrx_word' id='word_1_92' title='bbox 1535 1059 1702 1115; x_wconf 82' lang='lat' dir='ltr'><strong>clavis</strong></span> <span class='ocrx_word' id='word_1_93' title='bbox 1728 1073 1834 1114; x_wconf 86' lang='lat' dir='ltr'><strong>cce-</strong></span> 
     </span>
    </p>
   </div>
   <div class='ocr_carea' id='block_1_10' title="bbox 194 1152 1832 1223">
    <p class='ocr_par' dir='ltr' id='par_1_10' title="bbox 194 1152 1832 1223">
     <span class='ocr_line' id='line_1_10' title="bbox 194 1152 1832 1223; baseline -0.004 -10"><span class='ocrx_word' id='word_1_94' title='bbox 194 1206 199 1213; x_wconf 97' lang='lat'><strong>.</strong></span> <span class='ocrx_word' id='word_1_95' title='bbox 254 1156 433 1211; x_wconf 89' lang='lat' dir='ltr'><strong>lorum</strong></span> <span class='ocrx_word' id='word_1_96' title='bbox 460 1163 565 1210; x_wconf 89' lang='lat' dir='ltr'><strong>est.</strong></span> <span class='ocrx_word' id='word_1_97' title='bbox 592 1154 671 1210; x_wconf 79' lang='lat' dir='ltr'><strong>Ac</strong></span> <span class='ocrx_word' id='word_1_98' title='bbox 695 1155 741 1210; x_wconf 88' lang='lat' dir='ltr'><strong>si</strong></span> <span class='ocrx_word' id='word_1_99' title='bbox 773 1154 979 1210; x_wconf 87' lang='lat' dir='ltr'><strong>diceret</strong></span> <span class='ocrx_word' id='word_1_100' title='bbox 1006 1170 1020 1207; x_wconf 89' lang='lat'><strong>:</strong></span> <span class='ocrx_word' id='word_1_101' title='bbox 1054 1153 1316 1223; x_wconf 87' lang='lat' dir='ltr'><strong>Deponite</strong></span> <span class='ocrx_word' id='word_1_102' title='bbox 1345 1152 1569 1221; x_wconf 87' lang='lat' dir='ltr'><strong>lapides,</strong></span> <span class='ocrx_word' id='word_1_103' title='bbox 1610 1152 1832 1208; x_wconf 84' lang='lat' dir='ltr'><strong>conﬁte-</strong></span> 
     </span>
    </p>
   </div>
   <div class='ocr_carea' id='block_1_11' title="bbox 252 1243 1832 1313">
    <p class='ocr_par' dir='ltr' id='par_1_11' title="bbox 252 1243 1832 1313">
     <span class='ocr_line' id='line_1_11' title="bbox 252 1243 1832 1313; baseline -0.002 -14"><span class='ocrx_word' id='word_1_104' title='bbox 252 1244 388 1300; x_wconf 88' lang='lat' dir='ltr'><strong>mini</strong></span> <span class='ocrx_word' id='word_1_105' title='bbox 414 1244 618 1310; x_wconf 78' lang='lat' dir='ltr'><strong>Jesum,</strong></span> <span class='ocrx_word' id='word_1_106' title='bbox 643 1254 701 1300; x_wconf 92' lang='lat' dir='ltr'><strong>et</strong></span> <span class='ocrx_word' id='word_1_107' title='bbox 716 1259 813 1301; x_wconf 92' lang='lat' dir='ltr'><strong>vos</strong></span> <span class='ocrx_word' id='word_1_108' title='bbox 840 1244 1089 1299; x_wconf 77' lang='lat' dir='ltr'><strong>videbitis</strong></span> <span class='ocrx_word' id='word_1_109' title='bbox 1116 1243 1285 1299; x_wconf 70' lang='lat' dir='ltr'><strong>caelos</strong></span> <span class='ocrx_word' id='word_1_110' title='bbox 1309 1251 1547 1313; x_wconf 87' lang='lat' dir='ltr'><strong>apertos,</strong></span> <span class='ocrx_word' id='word_1_111' title='bbox 1567 1252 1623 1298; x_wconf 88' lang='lat' dir='ltr'><strong>et</strong></span> <span class='ocrx_word' id='word_1_112' title='bbox 1638 1243 1832 1297; x_wconf 88' lang='lat' dir='ltr'><strong>Filium</strong></span> 
     </span>
    </p>
   </div>
   <div class='ocr_carea' id='block_1_12' title="bbox 254 1332 1835 1403">
    <p class='ocr_par' dir='ltr' id='par_1_12' title="bbox 254 1332 1835 1403">
     <span class='ocr_line' id='line_1_12' title="bbox 254 1332 1835 1403; baseline -0.002 -13"><span class='ocrx_word' id='word_1_113' title='bbox 254 1334 491 1391; x_wconf 90' lang='lat' dir='ltr'><strong>hominis</strong></span> <span class='ocrx_word' id='word_1_114' title='bbox 528 1342 760 1389; x_wconf 86' lang='lat' dir='ltr'><strong>stantem</strong></span> <span class='ocrx_word' id='word_1_115' title='bbox 788 1350 819 1389; x_wconf 91' lang='lat' dir='ltr'><strong>a</strong></span> <span class='ocrx_word' id='word_1_116' title='bbox 856 1333 1064 1389; x_wconf 81' lang='lat' dir='ltr'><strong>dextris</strong></span> <span class='ocrx_word' id='word_1_117' title='bbox 1093 1333 1210 1399; x_wconf 84' lang='lat' dir='ltr'><strong>Dei,</strong></span> <span class='ocrx_word' id='word_1_118' title='bbox 1253 1333 1347 1388; x_wconf 90' lang='lat' dir='ltr'><strong>sed</strong></span> <span class='ocrx_word' id='word_1_119' title='bbox 1388 1332 1463 1388; x_wconf 90' lang='lat' dir='ltr'><strong>illi</strong></span> <span class='ocrx_word' id='word_1_120' title='bbox 1509 1333 1714 1403; x_wconf 85' lang='lat' dir='ltr'><strong>lapides</strong></span> <span class='ocrx_word' id='word_1_121' title='bbox 1758 1341 1835 1387; x_wconf 90' lang='lat' dir='ltr'><strong>te-</strong></span> 
     </span>
    </p>
   </div>
   <div class='ocr_carea' id='block_1_13' title="bbox 254 1423 1830 1495">
    <p class='ocr_par' dir='ltr' id='par_1_13' title="bbox 254 1423 1830 1495">
     <span class='ocr_line' id='line_1_13' title="bbox 254 1423 1830 1495; baseline -0.001 -15"><span class='ocrx_word' id='word_1_122' title='bbox 254 1434 475 1490; x_wconf 84' lang='lat' dir='ltr'><strong>nentes,</strong></span> <span class='ocrx_word' id='word_1_123' title='bbox 496 1424 889 1495; x_wconf 84' lang='lat' dir='ltr'><strong>persecutionis</strong></span> <span class='ocrx_word' id='word_1_124' title='bbox 909 1424 1192 1480; x_wconf 84' lang='lat' dir='ltr'><strong>veritatem</strong></span> <span class='ocrx_word' id='word_1_125' title='bbox 1219 1423 1409 1480; x_wconf 88' lang='lat' dir='ltr'><strong>audire</strong></span> <span class='ocrx_word' id='word_1_126' title='bbox 1436 1440 1541 1479; x_wconf 89' lang='lat' dir='ltr'><strong>non</strong></span> <span class='ocrx_word' id='word_1_127' title='bbox 1561 1434 1830 1495; x_wconf 82' lang='lat' dir='ltr'><strong>poterant.</strong></span> 
     </span>
    </p>
   </div>
   <div class='ocr_carea' id='block_1_14' title="bbox 328 1513 1829 1570">
    <p class='ocr_par' dir='ltr' id='par_1_14' title="bbox 328 1513 1829 1570">
     <span class='ocr_line' id='line_1_14' title="bbox 328 1513 1829 1570; baseline 0 0"><span class='ocrx_word' id='word_1_128' title='bbox 328 1516 399 1570; x_wconf 82' lang='lat' dir='ltr'><strong>Et</strong></span> <span class='ocrx_word' id='word_1_129' title='bbox 437 1514 640 1569; x_wconf 85' lang='lat' dir='ltr'><strong>Filium</strong></span> <span class='ocrx_word' id='word_1_130' title='bbox 668 1516 894 1570; x_wconf 76' lang='lat' dir='ltr'><strong>hominis</strong></span> <span class='ocrx_word' id='word_1_131' title='bbox 927 1524 1152 1570; x_wconf 81' lang='lat' dir='ltr'><strong>stantem</strong></span> <span class='ocrx_word' id='word_1_132' title='bbox 1184 1532 1216 1569; x_wconf 91' lang='lat' dir='ltr'><strong>a</strong></span> <span class='ocrx_word' id='word_1_133' title='bbox 1244 1514 1442 1570; x_wconf 72' lang='lat' dir='ltr'><strong>dextris</strong></span> <span class='ocrx_word' id='word_1_134' title='bbox 1472 1515 1678 1570; x_wconf 83' lang='lat' dir='ltr'><strong>virtutis</strong></span> <span class='ocrx_word' id='word_1_135' title='bbox 1716 1513 1829 1570; x_wconf 88' lang='lat' dir='ltr'><strong>Dei.</strong></span> 
     </span>
    </p>
   </div>
   <div class='ocr_carea' id='block_1_15' title="bbox 254 1604 1833 1676">
    <p class='ocr_par' dir='ltr' id='par_1_15' title="bbox 254 1604 1833 1676">
     <span class='ocr_line' id='line_1_15' title="bbox 254 1604 1833 1676; baseline -0.004 -11"><span class='ocrx_word' id='word_1_136' title='bbox 254 1607 396 1665; x_wconf 88' lang='lat' dir='ltr'><strong>Cum</strong></span> <span class='ocrx_word' id='word_1_137' title='bbox 427 1606 685 1663; x_wconf 88' lang='lat' dir='ltr'><strong>Dominus</strong></span> <span class='ocrx_word' id='word_1_138' title='bbox 732 1606 891 1661; x_wconf 86' lang='lat' dir='ltr'><strong>Jesus</strong></span> <span class='ocrx_word' id='word_1_139' title='bbox 918 1605 1167 1662; x_wconf 88' lang='lat' dir='ltr'><strong>Christus</strong></span> <span class='ocrx_word' id='word_1_140' title='bbox 1205 1604 1300 1660; x_wconf 86' lang='lat' dir='ltr'><strong>Dei</strong></span> <span class='ocrx_word' id='word_1_141' title='bbox 1337 1613 1392 1660; x_wconf 87' lang='lat' dir='ltr'><strong>et</strong></span> <span class='ocrx_word' id='word_1_142' title='bbox 1438 1606 1672 1661; x_wconf 84' lang='lat' dir='ltr'><strong>hominis</strong></span> <span class='ocrx_word' id='word_1_143' title='bbox 1710 1620 1833 1676; x_wconf 83' lang='lat' dir='ltr'><strong>pcr-</strong></span> 
     </span>
    </p>
   </div>
   <div class='ocr_carea' id='block_1_16' title="bbox 256 1695 1825 1766">
    <p class='ocr_par' dir='ltr' id='par_1_16' title="bbox 256 1695 1825 1766">
     <span class='ocr_line' id='line_1_16' title="bbox 256 1695 1825 1766; baseline -0.003 -13"><span class='ocrx_word' id='word_1_144' title='bbox 256 1697 436 1755; x_wconf 80' lang='lat' dir='ltr'><strong>fectus</strong></span> <span class='ocrx_word' id='word_1_145' title='bbox 470 1697 544 1753; x_wconf 86' lang='lat' dir='ltr'><strong>sit</strong></span> <span class='ocrx_word' id='word_1_146' title='bbox 564 1696 729 1762; x_wconf 91' lang='lat' dir='ltr'><strong>ﬁlius,</strong></span> <span class='ocrx_word' id='word_1_147' title='bbox 764 1695 892 1766; x_wconf 88' lang='lat' dir='ltr'><strong>quid</strong></span> <span class='ocrx_word' id='word_1_148' title='bbox 922 1703 1027 1759; x_wconf 89' lang='lat' dir='ltr'><strong>est,</strong></span> <span class='ocrx_word' id='word_1_149' title='bbox 1057 1696 1198 1765; x_wconf 91' lang='lat' dir='ltr'><strong>quod</strong></span> <span class='ocrx_word' id='word_1_150' title='bbox 1223 1696 1365 1749; x_wconf 90' lang='lat' dir='ltr'><strong>hunc</strong></span> <span class='ocrx_word' id='word_1_151' title='bbox 1393 1695 1583 1751; x_wconf 78' lang='lat' dir='ltr'><strong>beatus</strong></span> <span class='ocrx_word' id='word_1_152' title='bbox 1600 1706 1825 1766; x_wconf 82' lang='lat' dir='ltr'><strong>martyr,</strong></span> 
     </span>
    </p>
   </div>
   <div class='ocr_carea' id='block_1_17' title="bbox 1934 784 3509 857">
    <p class='ocr_par' dir='ltr' id='par_1_17' title="bbox 1934 784 3509 857">
     <span class='ocr_line' id='line_1_17' title="bbox 1934 784 3509 857; baseline 0.005 -19"><span class='ocrx_word' id='word_1_153' title='bbox 1934 784 2016 839; x_wconf 84' lang='lat' dir='ltr'><strong>fas</strong></span> <span class='ocrx_word' id='word_1_154' title='bbox 2038 787 2145 857; x_wconf 71' lang='lat' dir='ltr'><strong>{est</strong></span> <span class='ocrx_word' id='word_1_155' title='bbox 2187 785 2333 840; x_wconf 89' lang='lat' dir='ltr'><strong>enim</strong></span> <span class='ocrx_word' id='word_1_156' title='bbox 2367 793 2428 840; x_wconf 93' lang='lat' dir='ltr'><strong>ut</strong></span> <span class='ocrx_word' id='word_1_157' title='bbox 2453 785 2698 857; x_wconf 84' lang='lat' dir='ltr'><strong>spiritus,</strong></span> <span class='ocrx_word' id='word_1_158' title='bbox 2728 786 2820 856; x_wconf 91' lang='lat' dir='ltr'><strong>qui</strong></span> <span class='ocrx_word' id='word_1_159' title='bbox 2851 801 2952 856; x_wconf 91' lang='lat' dir='ltr'><strong>pro</strong></span> <span class='ocrx_word' id='word_1_160' title='bbox 2983 796 3033 843; x_wconf 91' lang='lat' dir='ltr'><strong>te</strong></span> <span class='ocrx_word' id='word_1_161' title='bbox 3069 787 3331 855; x_wconf 77' lang='lat' dir='ltr'><strong>funditur,</strong></span> <span class='ocrx_word' id='word_1_162' title='bbox 3377 805 3409 844; x_wconf 90' lang='lat' dir='ltr'><strong>a</strong></span> <span class='ocrx_word' id='word_1_163' title='bbox 3456 799 3509 846; x_wconf 91' lang='lat' dir='ltr'><strong>te</strong></span> 
     </span>
    </p>
   </div>
   <div class='ocr_carea' id='block_1_18' title="bbox 1935 878 2283 948">
    <p class='ocr_par' dir='ltr' id='par_1_18' title="bbox 1935 878 2283 948">
     <span class='ocr_line' id='line_1_18' title="bbox 1935 878 2283 948; baseline -0.006 -15"><span class='ocrx_word' id='word_1_164' title='bbox 1935 878 2283 948; x_wconf 79' lang='lat' dir='ltr'><strong>suscipiatur.</strong></span> 
     </span>
    </p>
   </div>
   <div class='ocr_carea' id='block_1_19' title="bbox 2006 965 3504 1044">
    <p class='ocr_par' dir='ltr' id='par_1_19' title="bbox 2006 965 3504 1044">
     <span class='ocr_line' id='line_1_19' title="bbox 2006 965 3504 1044; baseline 0.005 -23"><span class='ocrx_word' id='word_1_165' title='bbox 2006 965 2203 1022; x_wconf 77' lang='lat' dir='ltr'><strong>Positis</strong></span> <span class='ocrx_word' id='word_1_166' title='bbox 2223 977 2396 1022; x_wconf 89' lang='lat' dir='ltr'><strong>autem</strong></span> <span class='ocrx_word' id='word_1_167' title='bbox 2424 969 2637 1039; x_wconf 82' lang='lat' dir='ltr'><strong>genibus</strong></span> <span class='ocrx_word' id='word_1_168' title='bbox 2664 968 2903 1025; x_wconf 81' lang='lat' dir='ltr'><strong>clamavit</strong></span> <span class='ocrx_word' id='word_1_169' title='bbox 2923 988 3041 1026; x_wconf 88' lang='lat' dir='ltr'><strong>voce</strong></span> <span class='ocrx_word' id='word_1_170' title='bbox 3068 990 3257 1044; x_wconf 84' lang='lat' dir='ltr'><strong>magna</strong></span> <span class='ocrx_word' id='word_1_171' title='bbox 3286 975 3461 1030; x_wconf 85' lang='lat' dir='ltr'><strong>dicens</strong></span> <span class='ocrx_word' id='word_1_172' title='bbox 3485 990 3504 1028; x_wconf 91' lang='lat'><strong><em>:</em></strong></span> 
     </span>
    </p>
   </div>
   <div class='ocr_carea' id='block_1_20' title="bbox 1934 1056 3513 1135">
    <p class='ocr_par' dir='ltr' id='par_1_20' title="bbox 1934 1056 3513 1135">
     <span class='ocr_line' id='line_1_20' title="bbox 1934 1056 3513 1135; baseline 0.008 -25"><span class='ocrx_word' id='word_1_173' title='bbox 1934 1056 2187 1124; x_wconf 84' lang='lat' dir='ltr'><strong>Domine,</strong></span> <span class='ocrx_word' id='word_1_174' title='bbox 2228 1075 2292 1112; x_wconf 86' lang='lat' dir='ltr'><strong>ne</strong></span> <span class='ocrx_word' id='word_1_175' title='bbox 2322 1069 2521 1113; x_wconf 75' lang='lat' dir='ltr'><strong>statuas</strong></span> <span class='ocrx_word' id='word_1_176' title='bbox 2557 1059 2662 1114; x_wconf 82' lang='lat' dir='ltr'><strong>illis</strong></span> <span class='ocrx_word' id='word_1_177' title='bbox 2696 1060 2792 1114; x_wconf 85' lang='lat' dir='ltr'><strong>hoc</strong></span> <span class='ocrx_word' id='word_1_178' title='bbox 2824 1072 3091 1132; x_wconf 86' lang='lat' dir='ltr'><strong>peccatum</strong></span> <span class='ocrx_word' id='word_1_179' title='bbox 3114 1104 3133 1135; x_wconf 26' lang='grc' dir='ltr'><strong>,ν</strong></span> <span class='ocrx_word' id='word_1_180' title='bbox 3165 1076 3212 1118; x_wconf 90' lang='lat' dir='ltr'><strong>et</strong></span> <span class='ocrx_word' id='word_1_181' title='bbox 3254 1084 3373 1121; x_wconf 87' lang='lat' dir='ltr'><strong>cum</strong></span> <span class='ocrx_word' id='word_1_182' title='bbox 3417 1068 3513 1122; x_wconf 83' lang='lat' dir='ltr'><strong>ltoc</strong></span> 
     </span>
    </p>
   </div>
   <div class='ocr_carea' id='block_1_21' title="bbox 1935 1148 3511 1224">
    <p class='ocr_par' dir='ltr' id='par_1_21' title="bbox 1935 1148 3511 1224">
     <span class='ocr_line' id='line_1_21' title="bbox 1935 1148 3511 1224; baseline 0.008 -24"><span class='ocrx_word' id='word_1_183' title='bbox 1935 1148 2173 1213; x_wconf 79' lang='lat' dir='ltr'><strong>dixisset,</strong></span> <span class='ocrx_word' id='word_1_184' title='bbox 2198 1149 2525 1204; x_wconf 86' lang='lat' dir='ltr'><strong>obdormivit.</strong></span> <span class='ocrx_word' id='word_1_185' title='bbox 2551 1150 2650 1222; x_wconf 80' lang='lat' dir='ltr'><strong>(Ex</strong></span> <span class='ocrx_word' id='word_1_186' title='bbox 2684 1151 2869 1224; x_wconf 86' lang='lat' dir='ltr'><strong>Beda.)</strong></span> <span class='ocrx_word' id='word_1_187' title='bbox 2893 1153 2997 1209; x_wconf 93' lang='lat' dir='ltr'><strong>Pro</strong></span> <span class='ocrx_word' id='word_1_188' title='bbox 3027 1169 3086 1208; x_wconf 83' lang='lat' dir='ltr'><strong>se</strong></span> <span class='ocrx_word' id='word_1_189' title='bbox 3114 1154 3331 1224; x_wconf 78' lang='lat' dir='ltr'><strong>quidem</strong></span> <span class='ocrx_word' id='word_1_190' title='bbox 3359 1164 3511 1212; x_wconf 88' lang='lat' dir='ltr'><strong>stans</strong></span> 
     </span>
    </p>
   </div>
   <div class='ocr_carea' id='block_1_22' title="bbox 1934 1239 3527 1317">
    <p class='ocr_par' dir='ltr' id='par_1_22' title="bbox 1934 1239 3527 1317">
     <span class='ocr_line' id='line_1_22' title="bbox 1934 1239 3527 1317; baseline 0.007 -26"><span class='ocrx_word' id='word_1_191' title='bbox 1934 1239 2141 1303; x_wconf 89' lang='lat' dir='ltr'><strong>oravit,</strong></span> <span class='ocrx_word' id='word_1_192' title='bbox 2170 1254 2267 1308; x_wconf 87' lang='lat' dir='ltr'><strong>pro</strong></span> <span class='ocrx_word' id='word_1_193' title='bbox 2300 1240 2532 1295; x_wconf 91' lang='lat' dir='ltr'><strong>inimicis</strong></span> <span class='ocrx_word' id='word_1_194' title='bbox 2574 1258 2713 1311; x_wconf 83' lang='lat' dir='ltr'><strong>genu</strong></span> <span class='ocrx_word' id='word_1_195' title='bbox 2751 1242 2921 1309; x_wconf 89' lang='lat' dir='ltr'><strong>ﬁexit,</strong></span> <span class='ocrx_word' id='word_1_196' title='bbox 2962 1245 3089 1315; x_wconf 89' lang='lat' dir='ltr'><strong>quia</strong></span> <span class='ocrx_word' id='word_1_197' title='bbox 3126 1244 3364 1315; x_wconf 89' lang='lat' dir='ltr'><strong>ipsorum</strong></span> <span class='ocrx_word' id='word_1_198' title='bbox 3396 1263 3527 1317; x_wconf 35' lang='lat' dir='ltr'><strong>ma:</strong></span> 
     </span>
    </p>
   </div>
   <div class='ocr_carea' id='block_1_23' title="bbox 1926 1326 3506 1409">
    <p class='ocr_par' dir='ltr' id='par_1_23' title="bbox 1926 1326 3506 1409">
     <span class='ocr_line' id='line_1_23' title="bbox 1926 1326 3506 1409; baseline 0.008 -28"><span class='ocrx_word' id='word_1_199' title='bbox 1926 1326 2017 1396; x_wconf 87' lang='lat' dir='ltr'><strong>jor</strong></span> <span class='ocrx_word' id='word_1_200' title='bbox 2053 1329 2343 1399; x_wconf 86' lang='lat' dir='ltr'><strong>iniquitas,</strong></span> <span class='ocrx_word' id='word_1_201' title='bbox 2376 1330 2550 1401; x_wconf 89' lang='lat' dir='ltr'><strong>majus</strong></span> <span class='ocrx_word' id='word_1_202' title='bbox 2586 1332 2917 1402; x_wconf 88' lang='lat' dir='ltr'><strong>supplicandi</strong></span> <span class='ocrx_word' id='word_1_203' title='bbox 2952 1337 3249 1391; x_wconf 88' lang='lat' dir='ltr'><strong>remedium</strong></span> <span class='ocrx_word' id='word_1_204' title='bbox 3296 1336 3506 1409; x_wconf 74' lang='lat' dir='ltr'><strong>flagita-</strong></span> 
     </span>
    </p>
   </div>
   <div class='ocr_carea' id='block_1_24' title="bbox 1934 1416 3512 1494">
    <p class='ocr_par' dir='ltr' id='par_1_24' title="bbox 1934 1416 3512 1494">
     <span class='ocr_line' id='line_1_24' title="bbox 1934 1416 3512 1494; baseline 0.007 -23"><span class='ocrx_word' id='word_1_205' title='bbox 1934 1416 2045 1472; x_wconf 87' lang='lat' dir='ltr'><strong>bat.</strong></span> <span class='ocrx_word' id='word_1_206' title='bbox 2085 1418 2151 1473; x_wconf 86' lang='lat' dir='ltr'><strong>Et</strong></span> <span class='ocrx_word' id='word_1_207' title='bbox 2177 1419 2313 1474; x_wconf 85' lang='lat' dir='ltr'><strong>mira</strong></span> <span class='ocrx_word' id='word_1_208' title='bbox 2339 1420 2481 1475; x_wconf 89' lang='lat' dir='ltr'><strong>beati</strong></span> <span class='ocrx_word' id='word_1_209' title='bbox 2513 1422 2765 1493; x_wconf 88' lang='lat' dir='ltr'><strong>martyris</strong></span> <span class='ocrx_word' id='word_1_210' title='bbox 2796 1423 2996 1489; x_wconf 90' lang='lat' dir='ltr'><strong>virtus,</strong></span> <span class='ocrx_word' id='word_1_211' title='bbox 3023 1426 3112 1494; x_wconf 87' lang='lat' dir='ltr'><strong>qui</strong></span> <span class='ocrx_word' id='word_1_212' title='bbox 3143 1426 3222 1481; x_wconf 92' lang='lat' dir='ltr'><strong>sic</strong></span> <span class='ocrx_word' id='word_1_213' title='bbox 3256 1426 3371 1481; x_wconf 82' lang='lat' dir='ltr'><strong>zelo</strong></span> <span class='ocrx_word' id='word_1_214' title='bbox 3403 1426 3512 1482; x_wconf 82' lang='lat' dir='ltr'><strong>fer-</strong></span> 
     </span>
    </p>
   </div>
   <div class='ocr_carea' id='block_1_25' title="bbox 1932 1508 3513 1590">
    <p class='ocr_par' dir='ltr' id='par_1_25' title="bbox 1932 1508 3513 1590">
     <span class='ocr_line' id='line_1_25' title="bbox 1932 1508 3513 1590; baseline 0.008 -30"><span class='ocrx_word' id='word_1_215' title='bbox 1932 1508 2114 1572; x_wconf 89' lang='lat' dir='ltr'><strong>vebat,</strong></span> <span class='ocrx_word' id='word_1_216' title='bbox 2160 1516 2219 1563; x_wconf 91' lang='lat' dir='ltr'><strong>ut</strong></span> <span class='ocrx_word' id='word_1_217' title='bbox 2246 1508 2328 1564; x_wconf 90' lang='lat' dir='ltr'><strong>eis</strong></span> <span class='ocrx_word' id='word_1_218' title='bbox 2362 1525 2393 1564; x_wconf 91' lang='lat' dir='ltr'><strong>a</strong></span> <span class='ocrx_word' id='word_1_219' title='bbox 2431 1509 2625 1580; x_wconf 88' lang='lat' dir='ltr'><strong>quibus</strong></span> <span class='ocrx_word' id='word_1_220' title='bbox 2672 1513 2953 1567; x_wconf 83' lang='lat' dir='ltr'><strong>tenebatur</strong></span> <span class='ocrx_word' id='word_1_221' title='bbox 2989 1515 3165 1586; x_wconf 88' lang='lat' dir='ltr'><strong>palam</strong></span> <span class='ocrx_word' id='word_1_222' title='bbox 3205 1532 3314 1572; x_wconf 65' lang='lat' dir='ltr'><strong>suae</strong></span> <span class='ocrx_word' id='word_1_223' title='bbox 3346 1518 3513 1590; x_wconf 87' lang='lat' dir='ltr'><strong>perﬁ-</strong></span> 
     </span>
    </p>
   </div>
   <div class='ocr_carea' id='block_1_26' title="bbox 1933 1598 3513 1677">
    <p class='ocr_par' dir='ltr' id='par_1_26' title="bbox 1933 1598 3513 1677">
     <span class='ocr_line' id='line_1_26' title="bbox 1933 1598 3513 1677; baseline 0.008 -24"><span class='ocrx_word' id='word_1_224' title='bbox 1933 1598 2035 1654; x_wconf 74' lang='lat' dir='ltr'><strong>dite</strong></span> <span class='ocrx_word' id='word_1_225' title='bbox 2073 1600 2255 1672; x_wconf 91' lang='lat' dir='ltr'><strong>culpas</strong></span> <span class='ocrx_word' id='word_1_226' title='bbox 2292 1603 2644 1671; x_wconf 78' lang='lat' dir='ltr'><strong>exprobraret</strong></span> <span class='ocrx_word' id='word_1_227' title='bbox 2667 1643 2683 1668; x_wconf 89' lang='lat'><strong>,</strong></span> <span class='ocrx_word' id='word_1_228' title='bbox 2723 1604 2801 1659; x_wconf 91' lang='lat' dir='ltr'><strong>sic</strong></span> <span class='ocrx_word' id='word_1_229' title='bbox 2840 1606 3126 1662; x_wconf 86' lang='lat' dir='ltr'><strong>dilectione</strong></span> <span class='ocrx_word' id='word_1_230' title='bbox 3159 1610 3411 1677; x_wconf 88' lang='lat' dir='ltr'><strong>ardebat&#39;,</strong></span> <span class='ocrx_word' id='word_1_231' title='bbox 3451 1620 3513 1667; x_wconf 93' lang='lat' dir='ltr'><strong>ut</strong></span> 
     </span>
    </p>
   </div>
   <div class='ocr_carea' id='block_1_27' title="bbox 1933 1689 3510 1768">
    <p class='ocr_par' dir='ltr' id='par_1_27' title="bbox 1933 1689 3510 1768">
     <span class='ocr_line' id='line_1_27' title="bbox 1933 1689 3510 1768; baseline 0.008 -25"><span class='ocrx_word' id='word_1_232' title='bbox 1933 1689 1986 1743; x_wconf 94' lang='lat' dir='ltr'><strong>in</strong></span> <span class='ocrx_word' id='word_1_233' title='bbox 2038 1699 2214 1747; x_wconf 90' lang='lat' dir='ltr'><strong>morte</strong></span> <span class='ocrx_word' id='word_1_234' title='bbox 2264 1705 2477 1763; x_wconf 90' lang='lat' dir='ltr'><strong>quoque</strong></span> <span class='ocrx_word' id='word_1_235' title='bbox 2519 1707 2618 1765; x_wconf 91' lang='lat' dir='ltr'><strong>pro</strong></span> <span class='ocrx_word' id='word_1_236' title='bbox 2674 1694 2754 1748; x_wconf 91' lang='lat' dir='ltr'><strong>eis</strong></span> <span class='ocrx_word' id='word_1_237' title='bbox 2800 1709 2831 1749; x_wconf 90' lang='lat' dir='ltr'><strong>a</strong></span> <span class='ocrx_word' id='word_1_238' title='bbox 2876 1696 3071 1767; x_wconf 87' lang='lat' dir='ltr'><strong>quibus</strong></span> <span class='ocrx_word' id='word_1_239' title='bbox 3134 1699 3510 1768; x_wconf 86' lang='lat' dir='ltr'><strong>occidebatur,</strong></span> 
     </span>
    </p>
   </div>
   <div class='ocr_carea' id='block_1_28' title="bbox 254 1774 2143 1855">
    <p class='ocr_par' dir='ltr' id='par_1_28' title="bbox 254 1774 2143 1855">
     <span class='ocr_line' id='line_1_28' title="bbox 254 1774 2143 1855; baseline -0.004 -13"><span class='ocrx_word' id='word_1_240' title='bbox 254 1786 492 1843; x_wconf 86' lang='lat' dir='ltr'><strong>hominis</strong></span> <span class='ocrx_word' id='word_1_241' title='bbox 535 1785 715 1855; x_wconf 91' lang='lat' dir='ltr'><strong>potius</strong></span> <span class='ocrx_word' id='word_1_242' title='bbox 744 1799 906 1854; x_wconf 89' lang='lat' dir='ltr'><strong>quam</strong></span> <span class='ocrx_word' id='word_1_243' title='bbox 937 1783 1032 1838; x_wconf 91' lang='lat' dir='ltr'><strong>Dei</strong></span> <span class='ocrx_word' id='word_1_244' title='bbox 1059 1783 1252 1837; x_wconf 81' lang='lat' dir='ltr'><strong>Filium</strong></span> <span class='ocrx_word' id='word_1_245' title='bbox 1293 1779 1565 1853; x_wconf 77' lang='lat' dir='ltr'><strong>appellare</strong></span> <span class='ocrx_word' id='word_1_246' title='bbox 1602 1785 1828 1853; x_wconf 89' lang='lat' dir='ltr'><strong>maluit,</strong></span> <span class='ocrx_word' id='word_1_247' title='bbox 1865 1774 1914 1835; x_wconf 90' lang='grc' dir='ltr'><strong>Β</strong></span> <span class='ocrx_word' id='word_1_248' title='bbox 1940 1791 2143 1836; x_wconf 90' lang='lat' dir='ltr'><strong>oraret.</strong></span> 
     </span>
    </p>
   </div>
   <div class='ocr_carea' id='block_1_29' title="bbox 251 1873 1831 1949">
    <p class='ocr_par' dir='ltr' id='par_1_29' title="bbox 251 1873 1831 1949">
     <span class='ocr_line' id='line_1_29' title="bbox 251 1873 1831 1949; baseline -0.002 -17"><span class='ocrx_word' id='word_1_249' title='bbox 251 1875 342 1932; x_wconf 78' lang='lat' dir='ltr'><strong>cui</strong></span> <span class='ocrx_word' id='word_1_250' title='bbox 386 1874 509 1946; x_wconf 87' lang='lat' dir='ltr'><strong>plus</strong></span> <span class='ocrx_word' id='word_1_251' title='bbox 536 1874 752 1943; x_wconf 87' lang='lat' dir='ltr'><strong>utrique</strong></span> <span class='ocrx_word' id='word_1_252' title='bbox 786 1873 968 1946; x_wconf 72' lang='lat' dir='ltr'><strong>gloria:</strong></span> <span class='ocrx_word' id='word_1_253' title='bbox 996 1873 1271 1928; x_wconf 75' lang='lat' dir='ltr'><strong>videretur</strong></span> <span class='ocrx_word' id='word_1_254' title='bbox 1312 1873 1595 1940; x_wconf 87' lang='lat' dir='ltr'><strong>allaturus,</strong></span> <span class='ocrx_word' id='word_1_255' title='bbox 1636 1875 1683 1929; x_wconf 92' lang='lat' dir='ltr'><strong>si</strong></span> <span class='ocrx_word' id='word_1_256' title='bbox 1706 1889 1831 1949; x_wconf 88' lang='lat' dir='ltr'><strong>eum</strong></span> 
     </span>
    </p>
   </div>
   <div class='ocr_carea' id='block_1_30' title="bbox 252 1964 1826 2037">
    <p class='ocr_par' dir='ltr' id='par_1_30' title="bbox 252 1964 1826 2037">
     <span class='ocr_line' id='line_1_30' title="bbox 252 1964 1826 2037; baseline 0 -15"><span class='ocrx_word' id='word_1_257' title='bbox 252 1966 351 2023; x_wconf 86' lang='lat' dir='ltr'><strong>Dei</strong></span> <span class='ocrx_word' id='word_1_258' title='bbox 369 1966 549 2037; x_wconf 91' lang='lat' dir='ltr'><strong>potius</strong></span> <span class='ocrx_word' id='word_1_259' title='bbox 571 1980 732 2036; x_wconf 89' lang='lat' dir='ltr'><strong>quam</strong></span> <span class='ocrx_word' id='word_1_260' title='bbox 762 1965 1001 2022; x_wconf 86' lang='lat' dir='ltr'><strong>hominis</strong></span> <span class='ocrx_word' id='word_1_261' title='bbox 1028 1964 1220 2021; x_wconf 79' lang='lat' dir='ltr'><strong>Filium</strong></span> <span class='ocrx_word' id='word_1_262' title='bbox 1251 1966 1525 2037; x_wconf 83' lang='lat' dir='ltr'><strong>appellare</strong></span> <span class='ocrx_word' id='word_1_263' title='bbox 1546 1966 1826 2034; x_wconf 90' lang='lat' dir='ltr'><strong>voluisset,</strong></span> 
     </span>
    </p>
   </div>
   <div class='ocr_carea' id='block_1_31' title="bbox 252 2053 1833 2114">
    <p class='ocr_par' dir='ltr' id='par_1_31' title="bbox 252 2053 1833 2114">
     <span class='ocr_line' id='line_1_31' title="bbox 252 2053 1833 2114; baseline 0.001 -3"><span class='ocrx_word' id='word_1_264' title='bbox 252 2057 361 2112; x_wconf 84' lang='lat' dir='ltr'><strong>nisi</strong></span> <span class='ocrx_word' id='word_1_265' title='bbox 393 2064 454 2111; x_wconf 87' lang='lat' dir='ltr'><strong>ut</strong></span> <span class='ocrx_word' id='word_1_266' title='bbox 482 2056 585 2112; x_wconf 91' lang='lat' dir='ltr'><strong>hoc</strong></span> <span class='ocrx_word' id='word_1_267' title='bbox 621 2057 930 2112; x_wconf 88' lang='lat' dir='ltr'><strong>testimonio</strong></span> <span class='ocrx_word' id='word_1_268' title='bbox 960 2053 1269 2112; x_wconf 73' lang='lat' dir='ltr'><strong>Iudaeorum</strong></span> <span class='ocrx_word' id='word_1_269' title='bbox 1301 2058 1723 2114; x_wconf 72' lang='lat' dir='ltr'><strong>confunderetur</strong></span> <span class='ocrx_word' id='word_1_270' title='bbox 1751 2059 1833 2113; x_wconf 90' lang='lat' dir='ltr'><strong>in-</strong></span> 
     </span>
    </p>
   </div>
   <div class='ocr_carea' id='block_1_32' title="bbox 255 2144 1830 2217">
    <p class='ocr_par' dir='ltr' id='par_1_32' title="bbox 255 2144 1830 2217">
     <span class='ocr_line' id='line_1_32' title="bbox 255 2144 1830 2217; baseline 0.002 -17"><span class='ocrx_word' id='word_1_271' title='bbox 255 2144 512 2212; x_wconf 89' lang='lat' dir='ltr'><strong>ﬁdelitas,</strong></span> <span class='ocrx_word' id='word_1_272' title='bbox 538 2147 633 2217; x_wconf 90' lang='lat' dir='ltr'><strong>qui</strong></span> <span class='ocrx_word' id='word_1_273' title='bbox 656 2162 714 2203; x_wconf 90' lang='lat' dir='ltr'><strong>se</strong></span> <span class='ocrx_word' id='word_1_274' title='bbox 740 2147 1014 2202; x_wconf 88' lang='lat' dir='ltr'><strong>hominem</strong></span> <span class='ocrx_word' id='word_1_275' title='bbox 1040 2147 1395 2215; x_wconf 88' lang='lat' dir='ltr'><strong>cruciﬁxisse,</strong></span> <span class='ocrx_word' id='word_1_276' title='bbox 1420 2156 1473 2202; x_wconf 90' lang='lat' dir='ltr'><strong>et</strong></span> <span class='ocrx_word' id='word_1_277' title='bbox 1499 2148 1639 2204; x_wconf 89' lang='lat' dir='ltr'><strong>hunc</strong></span> <span class='ocrx_word' id='word_1_278' title='bbox 1664 2148 1830 2204; x_wconf 91' lang='lat' dir='ltr'><strong>Deum</strong></span> 
     </span>
    </p>
   </div>
   <div class='ocr_carea' id='block_1_33' title="bbox 250 2237 1831 2297">
    <p class='ocr_par' dir='ltr' id='par_1_33' title="bbox 250 2237 1831 2297">
     <span class='ocr_line' id='line_1_33' title="bbox 250 2237 1831 2297; baseline -0.001 -2"><span class='ocrx_word' id='word_1_279' title='bbox 250 2241 479 2296; x_wconf 83' lang='lat' dir='ltr'><strong>credere</strong></span> <span class='ocrx_word' id='word_1_280' title='bbox 506 2240 740 2295; x_wconf 88' lang='lat' dir='ltr'><strong>noluisse</strong></span> <span class='ocrx_word' id='word_1_281' title='bbox 767 2240 1165 2295; x_wconf 86' lang='lat' dir='ltr'><strong>meminerunt?</strong></span> <span class='ocrx_word' id='word_1_282' title='bbox 1192 2237 1275 2294; x_wconf 83' lang='lat' dir='ltr'><strong>Ad</strong></span> <span class='ocrx_word' id='word_1_283' title='bbox 1306 2238 1720 2297; x_wconf 74' lang='lat' dir='ltr'><strong>confortandam</strong></span> <span class='ocrx_word' id='word_1_284' title='bbox 1744 2256 1831 2296; x_wconf 88' lang='lat' dir='ltr'><strong>er-</strong></span> 
     </span>
    </p>
   </div>
   <div class='ocr_carea' id='block_1_34' title="bbox 251 2327 1831 2401">
    <p class='ocr_par' dir='ltr' id='par_1_34' title="bbox 251 2327 1831 2401">
     <span class='ocr_line' id='line_1_34' title="bbox 251 2327 1831 2401; baseline 0.001 -18"><span class='ocrx_word' id='word_1_285' title='bbox 251 2343 326 2401; x_wconf 86' lang='lat' dir='ltr'><strong>go</strong></span> <span class='ocrx_word' id='word_1_286' title='bbox 352 2328 501 2385; x_wconf 87' lang='lat' dir='ltr'><strong>beati</strong></span> <span class='ocrx_word' id='word_1_287' title='bbox 541 2329 795 2401; x_wconf 82' lang='lat' dir='ltr'><strong>martyris</strong></span> <span class='ocrx_word' id='word_1_288' title='bbox 823 2329 1175 2400; x_wconf 83' lang='lat' dir='ltr'><strong>sapientiam,</strong></span> <span class='ocrx_word' id='word_1_289' title='bbox 1217 2328 1460 2384; x_wconf 86' lang='lat' dir='ltr'><strong>caelestis</strong></span> <span class='ocrx_word' id='word_1_290' title='bbox 1488 2329 1638 2401; x_wconf 81' lang='lat' dir='ltr'><strong>regni</strong></span> <span class='ocrx_word' id='word_1_291' title='bbox 1663 2327 1831 2399; x_wconf 90' lang='lat' dir='ltr'><strong>janua</strong></span> 
     </span>
    </p>
   </div>
   <div class='ocr_carea' id='block_1_35' title="bbox 250 2418 1831 2490">
    <p class='ocr_par' dir='ltr' id='par_1_35' title="bbox 250 2418 1831 2490">
     <span class='ocr_line' id='line_1_35' title="bbox 250 2418 1831 2490; baseline 0.002 -18"><span class='ocrx_word' id='word_1_292' title='bbox 250 2418 536 2488; x_wconf 85' lang='lat' dir='ltr'><strong>panditur,</strong></span> <span class='ocrx_word' id='word_1_293' title='bbox 579 2428 729 2473; x_wconf 88' lang='lat' dir='ltr'><strong>etne</strong></span> <span class='ocrx_word' id='word_1_294' title='bbox 759 2418 1009 2473; x_wconf 75' lang='lat' dir='ltr'><strong>innoxius</strong></span> <span class='ocrx_word' id='word_1_295' title='bbox 1035 2419 1196 2474; x_wconf 90' lang='lat' dir='ltr'><strong>homo</strong></span> <span class='ocrx_word' id='word_1_296' title='bbox 1232 2418 1500 2490; x_wconf 86' lang='lat' dir='ltr'><strong>lapidatus</strong></span> <span class='ocrx_word' id='word_1_297' title='bbox 1538 2418 1735 2474; x_wconf 87' lang='lat' dir='ltr'><strong>titubet</strong></span> <span class='ocrx_word' id='word_1_298' title='bbox 1777 2420 1831 2475; x_wconf 80' lang='lat' dir='ltr'><strong>in</strong></span> 
     </span>
    </p>
   </div>
   <div class='ocr_carea' id='block_1_36' title="bbox 252 2509 1832 2582">
    <p class='ocr_par' dir='ltr' id='par_1_36' title="bbox 252 2509 1832 2582">
     <span class='ocr_line' id='line_1_36' title="bbox 252 2509 1832 2582; baseline 0.002 -18"><span class='ocrx_word' id='word_1_299' title='bbox 252 2519 432 2579; x_wconf 73' lang='lat' dir='ltr'><strong>terra,</strong></span> <span class='ocrx_word' id='word_1_300' title='bbox 475 2510 616 2565; x_wconf 89' lang='lat' dir='ltr'><strong>Deus</strong></span> <span class='ocrx_word' id='word_1_301' title='bbox 660 2510 822 2565; x_wconf 89' lang='lat' dir='ltr'><strong>homo</strong></span> <span class='ocrx_word' id='word_1_302' title='bbox 846 2509 1138 2566; x_wconf 80' lang='lat' dir='ltr'><strong>cruciﬁxus</strong></span> <span class='ocrx_word' id='word_1_303' title='bbox 1174 2519 1402 2582; x_wconf 87' lang='lat' dir='ltr'><strong>apparet</strong></span> <span class='ocrx_word' id='word_1_304' title='bbox 1442 2520 1734 2567; x_wconf 82' lang='lat' dir='ltr'><strong>coronatus</strong></span> <span class='ocrx_word' id='word_1_305' title='bbox 1779 2512 1832 2568; x_wconf 93' lang='lat' dir='ltr'><strong>in</strong></span> 
     </span>
    </p>
   </div>
   <div class='ocr_carea' id='block_1_37' title="bbox 252 2599 1832 2673">
    <p class='ocr_par' dir='ltr' id='par_1_37' title="bbox 252 2599 1832 2673">
     <span class='ocr_line' id='line_1_37' title="bbox 252 2599 1832 2673; baseline 0.002 -19"><span class='ocrx_word' id='word_1_306' title='bbox 252 2599 415 2656; x_wconf 60' lang='lat' dir='ltr'><strong>caelo.</strong></span> <span class='ocrx_word' id='word_1_307' title='bbox 454 2599 643 2656; x_wconf 76' lang='lat' dir='ltr'><strong>Unde?</strong></span> <span class='ocrx_word' id='word_1_308' title='bbox 686 2600 845 2667; x_wconf 86' lang='lat' dir='ltr'><strong>Quia,</strong></span> <span class='ocrx_word' id='word_1_309' title='bbox 876 2609 1042 2666; x_wconf 87' lang='lat' dir='ltr'><strong>stare,</strong></span> <span class='ocrx_word' id='word_1_310' title='bbox 1069 2603 1362 2673; x_wconf 77' lang='lat' dir='ltr'><strong>pugnantis</strong></span> <span class='ocrx_word' id='word_1_311' title='bbox 1408 2603 1493 2657; x_wconf 88' lang='lat' dir='ltr'><strong>vel</strong></span> <span class='ocrx_word' id='word_1_312' title='bbox 1529 2602 1832 2672; x_wconf 87' lang='lat' dir='ltr'><strong>adjuvantis</strong></span> 
     </span>
    </p>
   </div>
   <div class='ocr_carea' id='block_1_38' title="bbox 249 2691 1833 2764">
    <p class='ocr_par' dir='ltr' id='par_1_38' title="bbox 249 2691 1833 2764">
     <span class='ocr_line' id='line_1_38' title="bbox 249 2691 1833 2764; baseline 0.001 -18"><span class='ocrx_word' id='word_1_313' title='bbox 249 2699 359 2757; x_wconf 86' lang='lat' dir='ltr'><strong>est,</strong></span> <span class='ocrx_word' id='word_1_314' title='bbox 409 2699 554 2747; x_wconf 87' lang='lat' dir='ltr'><strong>recte</strong></span> <span class='ocrx_word' id='word_1_315' title='bbox 592 2706 624 2745; x_wconf 87' lang='lat' dir='ltr'><strong>a</strong></span> <span class='ocrx_word' id='word_1_316' title='bbox 658 2692 864 2747; x_wconf 75' lang='lat' dir='ltr'><strong>dextris</strong></span> <span class='ocrx_word' id='word_1_317' title='bbox 905 2691 1000 2746; x_wconf 91' lang='lat' dir='ltr'><strong>Dei</strong></span> <span class='ocrx_word' id='word_1_318' title='bbox 1042 2701 1272 2747; x_wconf 80' lang='lat' dir='ltr'><strong>stantem</strong></span> <span class='ocrx_word' id='word_1_319' title='bbox 1312 2693 1467 2757; x_wconf 86' lang='lat' dir='ltr'><strong>vidit,</strong></span> <span class='ocrx_word' id='word_1_320' title='bbox 1506 2708 1667 2764; x_wconf 87' lang='lat' dir='ltr'><strong>quem</strong></span> <span class='ocrx_word' id='word_1_321' title='bbox 1690 2692 1833 2748; x_wconf 88' lang='lat' dir='ltr'><strong>inter</strong></span> 
     </span>
    </p>
   </div>
   <div class='ocr_carea' id='block_1_39' title="bbox 252 2780 1461 2853">
    <p class='ocr_par' dir='ltr' id='par_1_39' title="bbox 252 2780 1461 2853">
     <span class='ocr_line' id='line_1_39' title="bbox 252 2780 1461 2853; baseline 0.003 -17"><span class='ocrx_word' id='word_1_322' title='bbox 252 2780 500 2837; x_wconf 82' lang='lat' dir='ltr'><strong>homines</strong></span> <span class='ocrx_word' id='word_1_323' title='bbox 518 2791 904 2852; x_wconf 86' lang='lat' dir='ltr'><strong>persequentes</strong></span> <span class='ocrx_word' id='word_1_324' title='bbox 922 2784 1223 2853; x_wconf 85' lang='lat' dir='ltr'><strong>adjutorem</strong></span> <span class='ocrx_word' id='word_1_325' title='bbox 1254 2785 1461 2840; x_wconf 87' lang='lat' dir='ltr'><strong>habuit.</strong></span> 
     </span>
    </p>
   </div>
   <div class='ocr_carea' id='block_1_40' title="bbox 324 2872 1830 2946">
    <p class='ocr_par' dir='ltr' id='par_1_40' title="bbox 324 2872 1830 2946">
     <span class='ocr_line' id='line_1_40' title="bbox 324 2872 1830 2946; baseline 0.003 -19"><span class='ocrx_word' id='word_1_326' title='bbox 324 2872 693 2928; x_wconf 72' lang='lat' dir='ltr'><strong>Exclamautes</strong></span> <span class='ocrx_word' id='word_1_327' title='bbox 715 2882 887 2929; x_wconf 81' lang='lat' dir='ltr'><strong>autem</strong></span> <span class='ocrx_word' id='word_1_328' title='bbox 909 2890 1028 2929; x_wconf 79' lang='lat' dir='ltr'><strong>voce</strong></span> <span class='ocrx_word' id='word_1_329' title='bbox 1049 2892 1260 2946; x_wconf 82' lang='lat' dir='ltr'><strong>magna,</strong></span> <span class='ocrx_word' id='word_1_330' title='bbox 1285 2878 1655 2933; x_wconf 70' lang='lat' dir='ltr'><strong>continuerunt</strong></span> <span class='ocrx_word' id='word_1_331' title='bbox 1676 2894 1830 2933; x_wconf 86' lang='lat' dir='ltr'><strong>aures</strong></span> 
     </span>
    </p>
   </div>
   <div class='ocr_carea' id='block_1_41' title="bbox 252 2964 1826 3037">
    <p class='ocr_par' dir='ltr' id='par_1_41' title="bbox 252 2964 1826 3037">
     <span class='ocr_line' id='line_1_41' title="bbox 252 2964 1826 3037; baseline 0.003 -17"><span class='ocrx_word' id='word_1_332' title='bbox 252 2982 400 3020; x_wconf 75' lang='lat' dir='ltr'><strong>suas.</strong></span> <span class='ocrx_word' id='word_1_333' title='bbox 435 2965 534 3037; x_wconf 85' lang='lat' dir='ltr'><strong>(Ex</strong></span> <span class='ocrx_word' id='word_1_334' title='bbox 560 2964 805 3037; x_wconf 82' lang='lat' dir='ltr'><strong>Hieron.)</strong></span> <span class='ocrx_word' id='word_1_335' title='bbox 838 2966 882 3021; x_wconf 92' lang='grc' dir='ltr'><strong>Ο</strong></span> <span class='ocrx_word' id='word_1_336' title='bbox 906 2980 1101 3037; x_wconf 86' lang='lat' dir='ltr'><strong>pravos</strong></span> <span class='ocrx_word' id='word_1_337' title='bbox 1114 2968 1344 3033; x_wconf 90' lang='lat' dir='ltr'><strong>animos,</strong></span> <span class='ocrx_word' id='word_1_338' title='bbox 1367 2969 1624 3025; x_wconf 85' lang='lat' dir='ltr'><strong>claudunt</strong></span> <span class='ocrx_word' id='word_1_339' title='bbox 1646 2986 1826 3036; x_wconf 85' lang='lat' dir='ltr'><strong>aures,</strong></span> 
     </span>
    </p>
   </div>
   <div class='ocr_carea' id='block_1_42' title="bbox 251 3058 1839 3128">
    <p class='ocr_par' dir='ltr' id='par_1_42' title="bbox 251 3058 1839 3128">
     <span class='ocr_line' id='line_1_42' title="bbox 251 3058 1839 3128; baseline 0.004 -16"><span class='ocrx_word' id='word_1_340' title='bbox 251 3073 324 3114; x_wconf 87' lang='lat' dir='ltr'><strong>ne</strong></span> <span class='ocrx_word' id='word_1_341' title='bbox 352 3058 557 3128; x_wconf 85' lang='lat' dir='ltr'><strong>apertis</strong></span> <span class='ocrx_word' id='word_1_342' title='bbox 584 3058 688 3112; x_wconf 91' lang='lat' dir='ltr'><strong>illis</strong></span> <span class='ocrx_word' id='word_1_343' title='bbox 720 3058 1053 3128; x_wconf 79' lang='lat' dir='ltr'><strong>ingrediatur</strong></span> <span class='ocrx_word' id='word_1_344' title='bbox 1082 3059 1299 3114; x_wconf 82' lang='lat' dir='ltr'><strong>veritas.</strong></span> <span class='ocrx_word' id='word_1_345' title='bbox 1333 3058 1605 3119; x_wconf 73' lang='lat' dir='ltr'><strong>Claulunt</strong></span> <span class='ocrx_word' id='word_1_346' title='bbox 1644 3076 1839 3128; x_wconf 49' lang='lat' dir='ltr'><strong>aures,</strong></span> 
     </span>
    </p>
   </div>
   <div class='ocr_carea' id='block_1_43' title="bbox 250 3130 1899 3223">
    <p class='ocr_par' dir='ltr' id='par_1_43' title="bbox 250 3130 1899 3223">
     <span class='ocr_line' id='line_1_43' title="bbox 250 3130 1899 3223; baseline 0.004 -20"><span class='ocrx_word' id='word_1_347' title='bbox 250 3147 380 3219; x_wconf 87' lang='lat' dir='ltr'><strong>quia</strong></span> <span class='ocrx_word' id='word_1_348' title='bbox 410 3148 622 3204; x_wconf 88' lang='lat' dir='ltr'><strong>clausos</strong></span> <span class='ocrx_word' id='word_1_349' title='bbox 647 3148 917 3205; x_wconf 89' lang='lat' dir='ltr'><strong>habebant</strong></span> <span class='ocrx_word' id='word_1_350' title='bbox 957 3158 1012 3204; x_wconf 90' lang='lat' dir='ltr'><strong>et</strong></span> <span class='ocrx_word' id='word_1_351' title='bbox 1038 3148 1243 3216; x_wconf 88' lang='lat' dir='ltr'><strong>oculos,</strong></span> <span class='ocrx_word' id='word_1_352' title='bbox 1290 3158 1347 3207; x_wconf 91' lang='lat' dir='ltr'><strong>et</strong></span> <span class='ocrx_word' id='word_1_353' title='bbox 1391 3151 1559 3207; x_wconf 72' lang='lat' dir='ltr'><strong>cazlos</strong></span> <span class='ocrx_word' id='word_1_354' title='bbox 1600 3161 1821 3223; x_wconf 87' lang='lat' dir='ltr'><strong>apertos</strong></span> <span class='ocrx_word' id='word_1_355' title='bbox 1853 3130 1899 3195; x_wconf 55' lang='grc' dir='ltr'><strong>(λ</strong></span> 
     </span>
    </p>
   </div>
   <div class='ocr_carea' id='block_1_44' title="bbox 250 3238 658 3294">
    <p class='ocr_par' dir='ltr' id='par_1_44' title="bbox 250 3238 658 3294">
     <span class='ocr_line' id='line_1_44' title="bbox 250 3238 658 3294; baseline -0.002 -1"><span class='ocrx_word' id='word_1_356' title='bbox 250 3251 366 3294; x_wconf 89' lang='lat' dir='ltr'><strong>non</strong></span> <span class='ocrx_word' id='word_1_357' title='bbox 392 3238 658 3294; x_wconf 86' lang='lat' dir='ltr'><strong>viderant.</strong></span> 
     </span>
    </p>
   </div>
   <div class='ocr_carea' id='block_1_45' title="bbox 322 3328 1832 3403">
    <p class='ocr_par' dir='ltr' id='par_1_45' title="bbox 322 3328 1832 3403">
     <span class='ocr_line' id='line_1_45' title="bbox 322 3328 1832 3403; baseline 0.003 -19"><span class='ocrx_word' id='word_1_358' title='bbox 322 3328 394 3384; x_wconf 87' lang='lat' dir='ltr'><strong>Et</strong></span> <span class='ocrx_word' id='word_1_359' title='bbox 413 3329 661 3400; x_wconf 78' lang='lat' dir='ltr'><strong>impetum</strong></span> <span class='ocrx_word' id='word_1_360' title='bbox 685 3328 916 3399; x_wconf 79' lang='lat' dir='ltr'><strong>fecerunt</strong></span> <span class='ocrx_word' id='word_1_361' title='bbox 941 3329 1257 3386; x_wconf 78' lang='lat' dir='ltr'><strong>unanimiter</strong></span> <span class='ocrx_word' id='word_1_362' title='bbox 1274 3331 1329 3386; x_wconf 80' lang='lat' dir='ltr'><strong>in</strong></span> <span class='ocrx_word' id='word_1_363' title='bbox 1344 3348 1482 3387; x_wconf 80' lang='lat' dir='ltr'><strong>eum.</strong></span> <span class='ocrx_word' id='word_1_364' title='bbox 1507 3328 1623 3389; x_wconf 89' lang='lat' dir='ltr'><strong>Una</strong></span> <span class='ocrx_word' id='word_1_365' title='bbox 1646 3330 1832 3403; x_wconf 89' lang='lat' dir='ltr'><strong>impie-</strong></span> 
     </span>
    </p>
   </div>
   <div class='ocr_carea' id='block_1_46' title="bbox 252 3417 1832 3494">
    <p class='ocr_par' dir='ltr' id='par_1_46' title="bbox 252 3417 1832 3494">
     <span class='ocr_line' id='line_1_46' title="bbox 252 3417 1832 3494; baseline 0.003 -19"><span class='ocrx_word' id='word_1_366' title='bbox 252 3427 361 3484; x_wconf 79' lang='lat' dir='ltr'><strong>tas,</strong></span> <span class='ocrx_word' id='word_1_367' title='bbox 389 3433 530 3473; x_wconf 87' lang='lat' dir='ltr'><strong>unus</strong></span> <span class='ocrx_word' id='word_1_368' title='bbox 561 3419 813 3489; x_wconf 87' lang='lat' dir='ltr'><strong>impetus,</strong></span> <span class='ocrx_word' id='word_1_369' title='bbox 838 3417 1014 3488; x_wconf 87' lang='lat' dir='ltr'><strong>major</strong></span> <span class='ocrx_word' id='word_1_370' title='bbox 1042 3434 1338 3477; x_wconf 85' lang='lat' dir='ltr'><strong>consensus</strong></span> <span class='ocrx_word' id='word_1_371' title='bbox 1362 3421 1417 3478; x_wconf 90' lang='lat' dir='ltr'><strong>iu</strong></span> <span class='ocrx_word' id='word_1_372' title='bbox 1439 3421 1645 3479; x_wconf 84' lang='lat' dir='ltr'><strong>scelere</strong></span> <span class='ocrx_word' id='word_1_373' title='bbox 1666 3439 1832 3494; x_wconf 88' lang='lat' dir='ltr'><strong>quam</strong></span> 
     </span>
    </p>
   </div>
   <div class='ocr_carea' id='block_1_47' title="bbox 254 3510 622 3579">
    <p class='ocr_par' dir='ltr' id='par_1_47' title="bbox 254 3510 622 3579">
     <span class='ocr_line' id='line_1_47' title="bbox 254 3510 622 3579; baseline 0 -14"><span class='ocrx_word' id='word_1_374' title='bbox 254 3512 310 3566; x_wconf 87' lang='lat' dir='ltr'><strong>in</strong></span> <span class='ocrx_word' id='word_1_375' title='bbox 343 3510 622 3579; x_wconf 78' lang='lat' dir='ltr'><strong>religione.</strong></span> 
     </span>
    </p>
   </div>
   <div class='ocr_carea' id='block_1_48' title="bbox 324 3599 1833 3677">
    <p class='ocr_par' dir='ltr' id='par_1_48' title="bbox 324 3599 1833 3677">
     <span class='ocr_line' id='line_1_48' title="bbox 324 3599 1833 3677; baseline 0.005 -23"><span class='ocrx_word' id='word_1_376' title='bbox 324 3599 398 3655; x_wconf 83' lang='lat' dir='ltr'><strong>Et</strong></span> <span class='ocrx_word' id='word_1_377' title='bbox 418 3600 682 3671; x_wconf 85' lang='lat' dir='ltr'><strong>ejicientes</strong></span> <span class='ocrx_word' id='word_1_378' title='bbox 725 3616 843 3655; x_wconf 75' lang='lat' dir='ltr'><strong>eum</strong></span> <span class='ocrx_word' id='word_1_379' title='bbox 878 3611 1027 3657; x_wconf 74' lang='lat' dir='ltr'><strong>extra</strong></span> <span class='ocrx_word' id='word_1_380' title='bbox 1058 3602 1315 3659; x_wconf 83' lang='lat' dir='ltr'><strong>civitatem</strong></span> <span class='ocrx_word' id='word_1_381' title='bbox 1352 3602 1684 3675; x_wconf 74' lang='lat' dir='ltr'><strong>lapidabant.</strong></span> <span class='ocrx_word' id='word_1_382' title='bbox 1732 3604 1833 3677; x_wconf 85' lang='lat' dir='ltr'><strong>(Ex</strong></span> 
     </span>
    </p>
   </div>
   <div class='ocr_carea' id='block_1_49' title="bbox 251 3690 1829 3764">
    <p class='ocr_par' dir='ltr' id='par_1_49' title="bbox 251 3690 1829 3764">
     <span class='ocr_line' id='line_1_49' title="bbox 251 3690 1829 3764; baseline 0.003 -18"><span class='ocrx_word' id='word_1_383' title='bbox 251 3690 445 3762; x_wconf 87' lang='lat' dir='ltr'><strong>Beda.)</strong></span> <span class='ocrx_word' id='word_1_384' title='bbox 473 3690 540 3746; x_wconf 86' lang='lat' dir='ltr'><strong>Et</strong></span> <span class='ocrx_word' id='word_1_385' title='bbox 569 3690 827 3745; x_wconf 89' lang='lat' dir='ltr'><strong>Dominus</strong></span> <span class='ocrx_word' id='word_1_386' title='bbox 851 3700 1003 3747; x_wconf 87' lang='lat' dir='ltr'><strong>extra</strong></span> <span class='ocrx_word' id='word_1_387' title='bbox 1026 3702 1237 3762; x_wconf 82' lang='lat' dir='ltr'><strong>portam</strong></span> <span class='ocrx_word' id='word_1_388' title='bbox 1257 3708 1448 3764; x_wconf 84' lang='lat' dir='ltr'><strong>passus</strong></span> <span class='ocrx_word' id='word_1_389' title='bbox 1472 3702 1577 3759; x_wconf 84' lang='lat' dir='ltr'><strong>est,</strong></span> <span class='ocrx_word' id='word_1_390' title='bbox 1609 3694 1699 3764; x_wconf 89' lang='lat' dir='ltr'><strong>qui</strong></span> <span class='ocrx_word' id='word_1_391' title='bbox 1730 3711 1829 3751; x_wconf 80' lang='lat' dir='ltr'><strong>nos</strong></span> 
     </span>
    </p>
   </div>
   <div class='ocr_carea' id='block_1_50' title="bbox 250 3784 1835 3858">
    <p class='ocr_par' dir='ltr' id='par_1_50' title="bbox 250 3784 1835 3858">
     <span class='ocr_line' id='line_1_50' title="bbox 250 3784 1835 3858; baseline -0.001 -16"><span class='ocrx_word' id='word_1_392' title='bbox 250 3785 417 3857; x_wconf 86' lang='lat' dir='ltr'><strong>elegit</strong></span> <span class='ocrx_word' id='word_1_393' title='bbox 441 3784 511 3841; x_wconf 92' lang='lat' dir='ltr'><strong>de</strong></span> <span class='ocrx_word' id='word_1_394' title='bbox 543 3784 742 3839; x_wconf 87' lang='lat' dir='ltr'><strong>mundo</strong></span> <span class='ocrx_word' id='word_1_395' title='bbox 772 3785 825 3838; x_wconf 91' lang='lat' dir='ltr'><strong>in</strong></span> <span class='ocrx_word' id='word_1_396' title='bbox 868 3800 1159 3854; x_wconf 88' lang='lat' dir='ltr'><strong>supernum</strong></span> <span class='ocrx_word' id='word_1_397' title='bbox 1197 3800 1353 3841; x_wconf 89' lang='lat' dir='ltr'><strong>suum</strong></span> <span class='ocrx_word' id='word_1_398' title='bbox 1380 3801 1603 3858; x_wconf 92' lang='lat' dir='ltr'><strong>regnum</strong></span> <span class='ocrx_word' id='word_1_399' title='bbox 1638 3794 1695 3841; x_wconf 92' lang='lat' dir='ltr'><strong>et</strong></span> <span class='ocrx_word' id='word_1_400' title='bbox 1720 3785 1835 3857; x_wconf 81' lang='lat' dir='ltr'><strong>glo-</strong></span> 
     </span>
    </p>
   </div>
   <div class='ocr_carea' id='block_1_51' title="bbox 252 3874 1835 3945">
    <p class='ocr_par' dir='ltr' id='par_1_51' title="bbox 252 3874 1835 3945">
     <span class='ocr_line' id='line_1_51' title="bbox 252 3874 1835 3945; baseline 0.001 -15"><span class='ocrx_word' id='word_1_401' title='bbox 252 3877 415 3940; x_wconf 85' lang='lat' dir='ltr'><strong>riam,</strong></span> <span class='ocrx_word' id='word_1_402' title='bbox 440 3882 498 3929; x_wconf 91' lang='lat' dir='ltr'><strong>et</strong></span> <span class='ocrx_word' id='word_1_403' title='bbox 531 3874 855 3945; x_wconf 87' lang='lat' dir='ltr'><strong>Stephanus,</strong></span> <span class='ocrx_word' id='word_1_404' title='bbox 884 3876 1038 3944; x_wconf 89' lang='lat' dir='ltr'><strong>quasi</strong></span> <span class='ocrx_word' id='word_1_405' title='bbox 1080 3876 1286 3930; x_wconf 87' lang='lat' dir='ltr'><strong>advena</strong></span> <span class='ocrx_word' id='word_1_406' title='bbox 1314 3876 1531 3943; x_wconf 88' lang='lat' dir='ltr'><strong>mundi,</strong></span> <span class='ocrx_word' id='word_1_407' title='bbox 1574 3884 1729 3932; x_wconf 80' lang='lat' dir='ltr'><strong>extra</strong></span> <span class='ocrx_word' id='word_1_408' title='bbox 1758 3877 1835 3932; x_wconf 82' lang='lat' dir='ltr'><strong>ci-</strong></span> 
     </span>
    </p>
   </div>
   <div class='ocr_carea' id='block_1_52' title="bbox 250 3964 1833 4035">
    <p class='ocr_par' dir='ltr' id='par_1_52' title="bbox 250 3964 1833 4035">
     <span class='ocr_line' id='line_1_52' title="bbox 250 3964 1833 4035; baseline 0 -13"><span class='ocrx_word' id='word_1_409' title='bbox 250 3965 477 4022; x_wconf 86' lang='lat' dir='ltr'><strong>vitatem</strong></span> <span class='ocrx_word' id='word_1_410' title='bbox 505 3964 789 4035; x_wconf 84' lang='lat' dir='ltr'><strong>lapidatur.</strong></span> <span class='ocrx_word' id='word_1_411' title='bbox 829 3965 946 4022; x_wconf 86' lang='lat' dir='ltr'><strong>Non</strong></span> <span class='ocrx_word' id='word_1_412' title='bbox 987 3966 1132 4020; x_wconf 91' lang='lat' dir='ltr'><strong>enim</strong></span> <span class='ocrx_word' id='word_1_413' title='bbox 1168 3965 1357 4022; x_wconf 85' lang='lat' dir='ltr'><strong>habuit</strong></span> <span class='ocrx_word' id='word_1_414' title='bbox 1391 3966 1482 4022; x_wconf 91' lang='lat' dir='ltr'><strong>hic</strong></span> <span class='ocrx_word' id='word_1_415' title='bbox 1523 3976 1833 4022; x_wconf 89' lang='lat' dir='ltr'><strong>manentem</strong></span> 
     </span>
    </p>
   </div>
   <div class='ocr_carea' id='block_1_53' title="bbox 252 4056 1836 4126">
    <p class='ocr_par' dir='ltr' id='par_1_53' title="bbox 252 4056 1836 4126">
     <span class='ocr_line' id='line_1_53' title="bbox 252 4056 1836 4126; baseline -0.002 -11"><span class='ocrx_word' id='word_1_416' title='bbox 252 4057 573 4123; x_wconf 86' lang='lat' dir='ltr'><strong>civitatem,</strong></span> <span class='ocrx_word' id='word_1_417' title='bbox 610 4058 706 4111; x_wconf 85' lang='lat' dir='ltr'><strong>sed</strong></span> <span class='ocrx_word' id='word_1_418' title='bbox 744 4056 981 4112; x_wconf 82' lang='lat' dir='ltr'><strong>futuram</strong></span> <span class='ocrx_word' id='word_1_419' title='bbox 1029 4064 1140 4111; x_wconf 86' lang='lat' dir='ltr'><strong>tota</strong></span> <span class='ocrx_word' id='word_1_420' title='bbox 1188 4065 1369 4111; x_wconf 88' lang='lat' dir='ltr'><strong>mente</strong></span> <span class='ocrx_word' id='word_1_421' title='bbox 1419 4057 1714 4126; x_wconf 65' lang='lat' dir='ltr'><strong>quaerebat.</strong></span> <span class='ocrx_word' id='word_1_422' title='bbox 1768 4056 1836 4112; x_wconf 82' lang='lat' dir='ltr'><strong>Et</strong></span> 
     </span>
    </p>
   </div>
   <div class='ocr_carea' id='block_1_54' title="bbox 248 4143 1830 4220">
    <p class='ocr_par' dir='ltr' id='par_1_54' title="bbox 248 4143 1830 4220">
     <span class='ocr_line' id='line_1_54' title="bbox 248 4143 1830 4220; baseline -0.002 -17"><span class='ocrx_word' id='word_1_423' title='bbox 248 4143 404 4220; x_wconf 81' lang='lat' dir='ltr'><strong>juxta</strong></span> <span class='ocrx_word' id='word_1_424' title='bbox 443 4161 623 4202; x_wconf 89' lang='lat' dir='ltr'><strong>rerum</strong></span> <span class='ocrx_word' id='word_1_425' title='bbox 664 4146 1089 4201; x_wconf 88' lang='lat' dir='ltr'><strong>immutationem</strong></span> <span class='ocrx_word' id='word_1_426' title='bbox 1138 4154 1346 4217; x_wconf 89' lang='lat' dir='ltr'><strong>martyr</strong></span> <span class='ocrx_word' id='word_1_427' title='bbox 1393 4146 1577 4201; x_wconf 88' lang='lat' dir='ltr'><strong>mundi</strong></span> <span class='ocrx_word' id='word_1_428' title='bbox 1624 4146 1830 4209; x_wconf 82' lang='lat' dir='ltr'><strong>cordis,</strong></span> 
     </span>
    </p>
   </div>
   <div class='ocr_carea' id='block_1_55' title="bbox 253 4238 1835 4309">
    <p class='ocr_par' dir='ltr' id='par_1_55' title="bbox 253 4238 1835 4309">
     <span class='ocr_line' id='line_1_55' title="bbox 253 4238 1835 4309; baseline -0.003 -12"><span class='ocrx_word' id='word_1_429' title='bbox 253 4241 325 4297; x_wconf 87' lang='lat' dir='ltr'><strong>ad</strong></span> <span class='ocrx_word' id='word_1_430' title='bbox 351 4240 521 4297; x_wconf 70' lang='lat' dir='ltr'><strong>oculos</strong></span> <span class='ocrx_word' id='word_1_431' title='bbox 564 4240 813 4295; x_wconf 89' lang='lat' dir='ltr'><strong>intuitum</strong></span> <span class='ocrx_word' id='word_1_432' title='bbox 850 4238 1066 4309; x_wconf 83' lang='lat' dir='ltr'><strong>dirigit,</strong></span> <span class='ocrx_word' id='word_1_433' title='bbox 1110 4247 1425 4309; x_wconf 89' lang='lat' dir='ltr'><strong>persecutor</strong></span> <span class='ocrx_word' id='word_1_434' title='bbox 1450 4238 1582 4294; x_wconf 92' lang='lat' dir='ltr'><strong>dure</strong></span> <span class='ocrx_word' id='word_1_435' title='bbox 1608 4238 1835 4293; x_wconf 89' lang='lat' dir='ltr'><strong>cervicis</strong></span> 
     </span>
    </p>
   </div>
   <div class='ocr_carea' id='block_1_56' title="bbox 253 4331 983 4401">
    <p class='ocr_par' dir='ltr' id='par_1_56' title="bbox 253 4331 983 4401">
     <span class='ocr_line' id='line_1_56' title="bbox 253 4331 983 4401; baseline -0.005 -13"><span class='ocrx_word' id='word_1_436' title='bbox 253 4350 451 4389; x_wconf 90' lang='lat' dir='ltr'><strong>manus</strong></span> <span class='ocrx_word' id='word_1_437' title='bbox 472 4333 537 4387; x_wconf 91' lang='lat' dir='ltr'><strong>ad</strong></span> <span class='ocrx_word' id='word_1_438' title='bbox 568 4332 770 4401; x_wconf 88' lang='lat' dir='ltr'><strong>lapides</strong></span> <span class='ocrx_word' id='word_1_439' title='bbox 800 4331 983 4385; x_wconf 86' lang='lat' dir='ltr'><strong>mittit.</strong></span> 
     </span>
    </p>
   </div>
   <div class='ocr_carea' id='block_1_57' title="bbox 325 4420 1833 4494">
    <p class='ocr_par' dir='ltr' id='par_1_57' title="bbox 325 4420 1833 4494">
     <span class='ocr_line' id='line_1_57' title="bbox 325 4420 1833 4494; baseline -0.001 -18"><span class='ocrx_word' id='word_1_440' title='bbox 325 4422 398 4476; x_wconf 86' lang='lat' dir='ltr'><strong>Et</strong></span> <span class='ocrx_word' id='word_1_441' title='bbox 441 4433 593 4478; x_wconf 79' lang='lat' dir='ltr'><strong>testes</strong></span> <span class='ocrx_word' id='word_1_442' title='bbox 624 4424 969 4494; x_wconf 82' lang='lat' dir='ltr'><strong>deposuerunt</strong></span> <span class='ocrx_word' id='word_1_443' title='bbox 996 4423 1299 4477; x_wconf 85' lang='lat' dir='ltr'><strong>vestimenta</strong></span> <span class='ocrx_word' id='word_1_444' title='bbox 1325 4437 1473 4476; x_wconf 86' lang='lat' dir='ltr'><strong>secus</strong></span> <span class='ocrx_word' id='word_1_445' title='bbox 1507 4421 1661 4492; x_wconf 80' lang='lat' dir='ltr'><strong>pedes</strong></span> <span class='ocrx_word' id='word_1_446' title='bbox 1701 4420 1833 4475; x_wconf 87' lang='lat' dir='ltr'><strong>ado-</strong></span> 
     </span>
    </p>
   </div>
   <div class='ocr_carea' id='block_1_58' title="bbox 252 4483 1914 4586">
    <p class='ocr_par' dir='ltr' id='par_1_58' title="bbox 252 4483 1914 4586">
     <span class='ocr_line' id='line_1_58' title="bbox 252 4483 1914 4586; baseline 0 -20"><span class='ocrx_word' id='word_1_447' title='bbox 252 4513 494 4569; x_wconf 85' lang='lat' dir='ltr'><strong>lescentis</strong></span> <span class='ocrx_word' id='word_1_448' title='bbox 516 4514 605 4586; x_wconf 84' lang='lat' dir='ltr'><strong>qui</strong></span> <span class='ocrx_word' id='word_1_449' title='bbox 631 4483 912 4568; x_wconf 71' lang='lat' dir='ltr'><strong>vocabatur</strong></span> <span class='ocrx_word' id='word_1_450' title='bbox 937 4512 1154 4570; x_wconf 79' lang='lat' dir='ltr'><strong>Saulus.</strong></span> <span class='ocrx_word' id='word_1_451' title='bbox 1185 4513 1363 4581; x_wconf 86' lang='lat' dir='ltr'><strong>Quare</strong></span> <span class='ocrx_word' id='word_1_452' title='bbox 1389 4483 1555 4568; x_wconf 77' lang='lat' dir='ltr'><strong>testes</strong></span> <span class='ocrx_word' id='word_1_453' title='bbox 1580 4511 1700 4567; x_wconf 83' lang='lat' dir='ltr'><strong>falsi</strong></span> <span class='ocrx_word' id='word_1_454' title='bbox 1724 4513 1835 4583; x_wconf 90' lang='lat' dir='ltr'><strong>pri-</strong></span> <span class='ocrx_word' id='word_1_455' title='bbox 1859 4483 1914 4544; x_wconf 70' lang='lat' dir='ltr'><strong>D</strong></span> 
     </span>
    </p>
   </div>
   <div class='ocr_carea' id='block_1_59' title="bbox 254 4601 1835 4673">
    <p class='ocr_par' dir='ltr' id='par_1_59' title="bbox 254 4601 1835 4673">
     <span class='ocr_line' id='line_1_59' title="bbox 254 4601 1835 4673; baseline -0.002 -13"><span class='ocrx_word' id='word_1_456' title='bbox 254 4618 405 4661; x_wconf 82' lang='lat' dir='ltr'><strong>tuum</strong></span> <span class='ocrx_word' id='word_1_457' title='bbox 445 4602 854 4673; x_wconf 87' lang='lat' dir='ltr'><strong>lapidaverunt?</strong></span> <span class='ocrx_word' id='word_1_458' title='bbox 882 4601 1019 4669; x_wconf 87' lang='lat' dir='ltr'><strong>Quia</strong></span> <span class='ocrx_word' id='word_1_459' title='bbox 1044 4603 1130 4657; x_wconf 82' lang='lat' dir='ltr'><strong>lex</strong></span> <span class='ocrx_word' id='word_1_460' title='bbox 1156 4612 1489 4673; x_wconf 68' lang='lat' dir='ltr'><strong>prreceperat</strong></span> <span class='ocrx_word' id='word_1_461' title='bbox 1524 4610 1584 4657; x_wconf 90' lang='lat' dir='ltr'><strong>ut</strong></span> <span class='ocrx_word' id='word_1_462' title='bbox 1606 4604 1835 4673; x_wconf 89' lang='lat' dir='ltr'><strong>quicun-</strong></span> 
     </span>
    </p>
   </div>
   <div class='ocr_carea' id='block_1_60' title="bbox 254 4692 1835 4766">
    <p class='ocr_par' dir='ltr' id='par_1_60' title="bbox 254 4692 1835 4766">
     <span class='ocr_line' id='line_1_60' title="bbox 254 4692 1835 4766; baseline -0.001 -16"><span class='ocrx_word' id='word_1_463' title='bbox 254 4710 363 4766; x_wconf 87' lang='lat' dir='ltr'><strong>que</strong></span> <span class='ocrx_word' id='word_1_464' title='bbox 387 4692 755 4751; x_wconf 80' lang='lat' dir='ltr'><strong>testimonium</strong></span> <span class='ocrx_word' id='word_1_465' title='bbox 781 4694 985 4749; x_wconf 89' lang='lat' dir='ltr'><strong>diceret</strong></span> <span class='ocrx_word' id='word_1_466' title='bbox 1014 4702 1204 4750; x_wconf 90' lang='lat' dir='ltr'><strong>contra</strong></span> <span class='ocrx_word' id='word_1_467' title='bbox 1229 4694 1463 4763; x_wconf 85' lang='lat' dir='ltr'><strong>aliquem</strong></span> <span class='ocrx_word' id='word_1_468' title='bbox 1492 4709 1675 4749; x_wconf 74' lang='lat' dir='ltr'><strong>causa:</strong></span> <span class='ocrx_word' id='word_1_469' title='bbox 1696 4710 1835 4749; x_wconf 84' lang='lat' dir='ltr'><strong>mor-</strong></span> 
     </span>
    </p>
   </div>
   <div class='ocr_carea' id='block_1_61' title="bbox 255 4786 1833 4858">
    <p class='ocr_par' dir='ltr' id='par_1_61' title="bbox 255 4786 1833 4858">
     <span class='ocr_line' id='line_1_61' title="bbox 255 4786 1833 4858; baseline -0.003 -14"><span class='ocrx_word' id='word_1_470' title='bbox 255 4787 361 4854; x_wconf 82' lang='lat' dir='ltr'><strong>tis,</strong></span> <span class='ocrx_word' id='word_1_471' title='bbox 413 4788 528 4858; x_wconf 86' lang='lat' dir='ltr'><strong>ipse</strong></span> <span class='ocrx_word' id='word_1_472' title='bbox 568 4788 800 4858; x_wconf 90' lang='lat' dir='ltr'><strong>primum</strong></span> <span class='ocrx_word' id='word_1_473' title='bbox 835 4786 1067 4857; x_wconf 87' lang='lat' dir='ltr'><strong>lapidem</strong></span> <span class='ocrx_word' id='word_1_474' title='bbox 1096 4787 1337 4842; x_wconf 89' lang='lat' dir='ltr'><strong>mitteret</strong></span> <span class='ocrx_word' id='word_1_475' title='bbox 1375 4787 1431 4842; x_wconf 90' lang='lat' dir='ltr'><strong>in</strong></span> <span class='ocrx_word' id='word_1_476' title='bbox 1462 4802 1622 4854; x_wconf 90' lang='lat' dir='ltr'><strong>eum,</strong></span> <span class='ocrx_word' id='word_1_477' title='bbox 1672 4801 1833 4856; x_wconf 85' lang='lat' dir='ltr'><strong>quem</strong></span> 
     </span>
    </p>
   </div>
   <div class='ocr_carea' id='block_1_62' title="bbox 252 4875 1434 4951">
    <p class='ocr_par' dir='ltr' id='par_1_62' title="bbox 252 4875 1434 4951">
     <span class='ocr_line' id='line_1_62' title="bbox 252 4875 1434 4951; baseline -0.002 -18"><span class='ocrx_word' id='word_1_478' title='bbox 252 4878 493 4951; x_wconf 89' lang='lat' dir='ltr'><strong>primum</strong></span> <span class='ocrx_word' id='word_1_479' title='bbox 517 4892 612 4933; x_wconf 90' lang='lat' dir='ltr'><strong>ore</strong></span> <span class='ocrx_word' id='word_1_480' title='bbox 637 4877 908 4933; x_wconf 89' lang='lat' dir='ltr'><strong>occiderat</strong></span> <span class='ocrx_word' id='word_1_481' title='bbox 932 4892 1031 4932; x_wconf 93' lang='lat' dir='ltr'><strong>suo</strong></span> <span class='ocrx_word' id='word_1_482' title='bbox 1060 4876 1240 4951; x_wconf 74' lang='lat' dir='ltr'><strong>(Deut.</strong></span> <span class='ocrx_word' id='word_1_483' title='bbox 1280 4875 1434 4949; x_wconf 81' lang='lat' dir='ltr'><strong>xvn).</strong></span> 
     </span>
    </p>
   </div>
   <div class='ocr_carea' id='block_1_63' title="bbox 325 4947 1839 5041">
    <p class='ocr_par' dir='ltr' id='par_1_63' title="bbox 325 4947 1839 5041">
     <span class='ocr_line' id='line_1_63' title="bbox 325 4947 1839 5041; baseline -0.001 -18"><span class='ocrx_word' id='word_1_484' title='bbox 325 4968 415 5023; x_wconf 76' lang='lat' dir='ltr'><strong>Ea:</strong></span> <span class='ocrx_word' id='word_1_485' title='bbox 428 4967 674 5041; x_wconf 81' lang='lat' dir='ltr'><strong>Hieron.)</strong></span> <span class='ocrx_word' id='word_1_486' title='bbox 691 4969 971 5039; x_wconf 84' lang='lat' dir='ltr'><strong>Deponunt</strong></span> <span class='ocrx_word' id='word_1_487' title='bbox 990 4947 1328 5033; x_wconf 78' lang='lat' dir='ltr'><strong>vestimenta,</strong></span> <span class='ocrx_word' id='word_1_488' title='bbox 1345 4947 1434 5039; x_wconf 84' lang='lat' dir='ltr'><strong>qui</strong></span> <span class='ocrx_word' id='word_1_489' title='bbox 1448 4965 1555 5037; x_wconf 87' lang='lat' dir='ltr'><strong>jam</strong></span> <span class='ocrx_word' id='word_1_490' title='bbox 1572 4967 1665 5021; x_wconf 92' lang='lat' dir='ltr'><strong>Dei</strong></span> <span class='ocrx_word' id='word_1_491' title='bbox 1684 4967 1839 5022; x_wconf 82' lang='lat' dir='ltr'><strong>auxi-</strong></span> 
     </span>
    </p>
   </div>
   <div class='ocr_carea' id='block_1_64' title="bbox 252 5055 1835 5129">
    <p class='ocr_par' dir='ltr' id='par_1_64' title="bbox 252 5055 1835 5129">
     <span class='ocr_line' id='line_1_64' title="bbox 252 5055 1835 5129; baseline -0.002 -16"><span class='ocrx_word' id='word_1_492' title='bbox 252 5058 387 5114; x_wconf 89' lang='lat' dir='ltr'><strong>lium</strong></span> <span class='ocrx_word' id='word_1_493' title='bbox 418 5058 776 5129; x_wconf 88' lang='lat' dir='ltr'><strong>projecerant.</strong></span> <span class='ocrx_word' id='word_1_494' title='bbox 805 5057 1000 5113; x_wconf 87' lang='lat' dir='ltr'><strong>Saulus</strong></span> <span class='ocrx_word' id='word_1_495' title='bbox 1023 5066 1203 5112; x_wconf 91' lang='lat' dir='ltr'><strong>autem</strong></span> <span class='ocrx_word' id='word_1_496' title='bbox 1232 5058 1477 5121; x_wconf 86' lang='lat' dir='ltr'><strong>tentatio,</strong></span> <span class='ocrx_word' id='word_1_497' title='bbox 1524 5057 1639 5112; x_wconf 88' lang='lat' dir='ltr'><strong>sive</strong></span> <span class='ocrx_word' id='word_1_498' title='bbox 1665 5055 1835 5111; x_wconf 79' lang='lat' dir='ltr'><strong>infer-</strong></span> 
     </span>
    </p>
   </div>
   <div class='ocr_carea' id='block_1_65' title="bbox 250 5147 1835 5220">
    <p class='ocr_par' dir='ltr' id='par_1_65' title="bbox 250 5147 1835 5220">
     <span class='ocr_line' id='line_1_65' title="bbox 250 5147 1835 5220; baseline -0.003 -15"><span class='ocrx_word' id='word_1_499' title='bbox 250 5166 360 5207; x_wconf 85' lang='lat' dir='ltr'><strong>nus</strong></span> <span class='ocrx_word' id='word_1_500' title='bbox 386 5151 790 5220; x_wconf 87' lang='lat' dir='ltr'><strong>interpretatur.</strong></span> <span class='ocrx_word' id='word_1_501' title='bbox 823 5149 990 5204; x_wconf 82' lang='lat' dir='ltr'><strong>Recte</strong></span> <span class='ocrx_word' id='word_1_502' title='bbox 1018 5149 1183 5220; x_wconf 78' lang='lat' dir='ltr'><strong>igitur</strong></span> <span class='ocrx_word' id='word_1_503' title='bbox 1210 5148 1303 5218; x_wconf 89' lang='lat' dir='ltr'><strong>qui</strong></span> <span class='ocrx_word' id='word_1_504' title='bbox 1336 5147 1650 5217; x_wconf 87' lang='lat' dir='ltr'><strong>lapidabant</strong></span> <span class='ocrx_word' id='word_1_505' title='bbox 1684 5162 1835 5201; x_wconf 85' lang='lat' dir='ltr'><strong>mar-</strong></span> 
     </span>
    </p>
   </div>
   <div class='ocr_carea' id='block_1_66' title="bbox 244 5237 1832 5312">
    <p class='ocr_par' dir='ltr' id='par_1_66' title="bbox 244 5237 1832 5312">
     <span class='ocr_line' id='line_1_66' title="bbox 244 5237 1832 5312; baseline -0.003 -17"><span class='ocrx_word' id='word_1_506' title='bbox 244 5250 465 5312; x_wconf 80' lang='lat' dir='ltr'><strong>tyrem,</strong></span> <span class='ocrx_word' id='word_1_507' title='bbox 507 5240 828 5296; x_wconf 85' lang='lat' dir='ltr'><strong>vestimenta</strong></span> <span class='ocrx_word' id='word_1_508' title='bbox 865 5255 960 5295; x_wconf 91' lang='lat' dir='ltr'><strong>sua</strong></span> <span class='ocrx_word' id='word_1_509' title='bbox 984 5238 1138 5308; x_wconf 83' lang='lat' dir='ltr'><strong>juxta</strong></span> <span class='ocrx_word' id='word_1_510' title='bbox 1169 5238 1437 5293; x_wconf 79' lang='lat' dir='ltr'><strong>infernum</strong></span> <span class='ocrx_word' id='word_1_511' title='bbox 1479 5237 1832 5307; x_wconf 82' lang='lat' dir='ltr'><strong>reliquerant.</strong></span> 
     </span>
    </p>
   </div>
   <div class='ocr_carea' id='block_1_67' title="bbox 327 5330 1832 5405">
    <p class='ocr_par' dir='ltr' id='par_1_67' title="bbox 327 5330 1832 5405">
     <span class='ocr_line' id='line_1_67' title="bbox 327 5330 1832 5405; baseline -0.005 -17"><span class='ocrx_word' id='word_1_512' title='bbox 327 5332 401 5388; x_wconf 85' lang='lat' dir='ltr'><strong>Et</strong></span> <span class='ocrx_word' id='word_1_513' title='bbox 424 5332 728 5405; x_wconf 84' lang='lat' dir='ltr'><strong>lapidabant</strong></span> <span class='ocrx_word' id='word_1_514' title='bbox 758 5331 1080 5403; x_wconf 78' lang='lat' dir='ltr'><strong>Stephanum</strong></span> <span class='ocrx_word' id='word_1_515' title='bbox 1111 5332 1434 5386; x_wconf 82' lang='lat' dir='ltr'><strong>invocantem</strong></span> <span class='ocrx_word' id='word_1_516' title='bbox 1462 5340 1509 5383; x_wconf 89' lang='lat' dir='ltr'><strong>et</strong></span> <span class='ocrx_word' id='word_1_517' title='bbox 1539 5330 1832 5384; x_wconf 81' lang='lat' dir='ltr'><strong>dicentem:</strong></span> 
     </span>
    </p>
   </div>
   <div class='ocr_carea' id='block_1_68' title="bbox 256 5421 1837 5495">
    <p class='ocr_par' dir='ltr' id='par_1_68' title="bbox 256 5421 1837 5495">
     <span class='ocr_line' id='line_1_68' title="bbox 256 5421 1837 5495; baseline -0.004 -12"><span class='ocrx_word' id='word_1_518' title='bbox 256 5429 482 5483; x_wconf 83' lang='lat' dir='ltr'><strong>Domine</strong></span> <span class='ocrx_word' id='word_1_519' title='bbox 513 5425 673 5492; x_wconf 74' lang='lat' dir='ltr'><strong>Iesu,</strong></span> <span class='ocrx_word' id='word_1_520' title='bbox 720 5428 925 5495; x_wconf 84' lang='lat' dir='ltr'><strong>suscipe</strong></span> <span class='ocrx_word' id='word_1_521' title='bbox 966 5425 1209 5495; x_wconf 85' lang='lat' dir='ltr'><strong>spiritum</strong></span> <span class='ocrx_word' id='word_1_522' title='bbox 1249 5439 1439 5486; x_wconf 87' lang='lat' dir='ltr'><strong>meum.</strong></span> <span class='ocrx_word' id='word_1_523' title='bbox 1486 5421 1676 5478; x_wconf 79' lang='lat' dir='ltr'><strong>Videte</strong></span> <span class='ocrx_word' id='word_1_524' title='bbox 1708 5438 1837 5477; x_wconf 90' lang='lat' dir='ltr'><strong>con-</strong></span> 
     </span>
    </p>
   </div>
   <div class='ocr_carea' id='block_1_69' title="bbox 252 5513 1838 5579">
    <p class='ocr_par' dir='ltr' id='par_1_69' title="bbox 252 5513 1838 5579">
     <span class='ocr_line' id='line_1_69' title="bbox 252 5513 1838 5579; baseline -0.006 -2"><span class='ocrx_word' id='word_1_525' title='bbox 252 5519 550 5579; x_wconf 74' lang='lat' dir='ltr'><strong>fessionem</strong></span> <span class='ocrx_word' id='word_1_526' title='bbox 581 5537 595 5573; x_wconf 87' lang='lat'><strong>:</strong></span> <span class='ocrx_word' id='word_1_527' title='bbox 630 5519 902 5574; x_wconf 88' lang='lat' dir='ltr'><strong>hominem</strong></span> <span class='ocrx_word' id='word_1_528' title='bbox 949 5517 1092 5570; x_wconf 85' lang='lat' dir='ltr'><strong>videt</strong></span> <span class='ocrx_word' id='word_1_529' title='bbox 1121 5523 1373 5579; x_wconf 84' lang='lat' dir='ltr'><strong>stantem,</strong></span> <span class='ocrx_word' id='word_1_530' title='bbox 1423 5523 1478 5569; x_wconf 90' lang='lat' dir='ltr'><strong>ct</strong></span> <span class='ocrx_word' id='word_1_531' title='bbox 1522 5523 1701 5568; x_wconf 88' lang='lat' dir='ltr'><strong>tamen</strong></span> <span class='ocrx_word' id='word_1_532' title='bbox 1732 5513 1838 5568; x_wconf 93' lang='lat' dir='ltr'><strong>Do-</strong></span> 
     </span>
    </p>
   </div>
   <div class='ocr_carea' id='block_1_70' title="bbox 176 5604 1836 5677">
    <p class='ocr_par' dir='ltr' id='par_1_70' title="bbox 176 5604 1836 5677">
     <span class='ocr_line' id='line_1_70' title="bbox 176 5604 1836 5677; baseline -0.006 -8"><span class='ocrx_word' id='word_1_533' title='bbox 176 5640 185 5648; x_wconf 90' lang='lat'><strong>-</strong></span> <span class='ocrx_word' id='word_1_534' title='bbox 235 5612 467 5677; x_wconf 86' lang='lat' dir='ltr'><strong>_miuum</strong></span> <span class='ocrx_word' id='word_1_535' title='bbox 505 5609 813 5667; x_wconf 89' lang='lat' dir='ltr'><strong>conﬁtetur.</strong></span> <span class='ocrx_word' id='word_1_536' title='bbox 843 5607 921 5667; x_wconf 84' lang='lat' dir='ltr'><strong>Ac</strong></span> <span class='ocrx_word' id='word_1_537' title='bbox 946 5608 990 5662; x_wconf 91' lang='lat' dir='ltr'><strong>si</strong></span> <span class='ocrx_word' id='word_1_538' title='bbox 1017 5606 1222 5661; x_wconf 89' lang='lat' dir='ltr'><strong>diceret</strong></span> <span class='ocrx_word' id='word_1_539' title='bbox 1254 5622 1267 5658; x_wconf 92' lang='lat'><strong>:</strong></span> <span class='ocrx_word' id='word_1_540' title='bbox 1300 5604 1529 5660; x_wconf 89' lang='lat' dir='ltr'><strong>Domine</strong></span> <span class='ocrx_word' id='word_1_541' title='bbox 1548 5604 1697 5669; x_wconf 84' lang='lat' dir='ltr'><strong>Jesu,</strong></span> <span class='ocrx_word' id='word_1_542' title='bbox 1725 5613 1836 5659; x_wconf 92' lang='lat' dir='ltr'><strong>stas</strong></span> 
     </span>
    </p>
   </div>
   <div class='ocr_carea' id='block_1_71' title="bbox 254 5694 1851 5777">
    <p class='ocr_par' dir='ltr' id='par_1_71' title="bbox 254 5694 1851 5777">
     <span class='ocr_line' id='line_1_71' title="bbox 254 5694 1851 5777; baseline -0.006 -19"><span class='ocrx_word' id='word_1_543' title='bbox 254 5702 476 5777; x_wconf 76' lang='lat' dir='ltr'><strong>quidem</strong></span> <span class='ocrx_word' id='word_1_544' title='bbox 506 5702 658 5773; x_wconf 90' lang='lat' dir='ltr'><strong>quasi</strong></span> <span class='ocrx_word' id='word_1_545' title='bbox 695 5701 855 5757; x_wconf 90' lang='lat' dir='ltr'><strong>homo</strong></span> <span class='ocrx_word' id='word_1_546' title='bbox 876 5740 891 5766; x_wconf 92' lang='lat'><strong>,</strong></span> <span class='ocrx_word' id='word_1_547' title='bbox 937 5698 1029 5755; x_wconf 89' lang='lat' dir='ltr'><strong>sed</strong></span> <span class='ocrx_word' id='word_1_548' title='bbox 1062 5696 1283 5768; x_wconf 88' lang='lat' dir='ltr'><strong>adjuvas</strong></span> <span class='ocrx_word' id='word_1_549' title='bbox 1305 5694 1458 5765; x_wconf 88' lang='lat' dir='ltr'><strong>quasi</strong></span> <span class='ocrx_word' id='word_1_550' title='bbox 1498 5695 1659 5752; x_wconf 89' lang='lat' dir='ltr'><strong>Deus.</strong></span> <span class='ocrx_word' id='word_1_551' title='bbox 1688 5694 1851 5760; x_wconf 89' lang='lat' dir='ltr'><strong>Stas,-</strong></span> 
     </span>
    </p>
   </div>
   <div class='ocr_carea' id='block_1_72' title="bbox 2218 1872 3306 1945">
    <p class='ocr_par' dir='ltr' id='par_1_72' title="bbox 2218 1872 3306 1945">
     <span class='ocr_line' id='line_1_72' title="bbox 2218 1872 3306 1945; baseline 0.005 -14"><span class='ocrx_word' id='word_1_552' title='bbox 2218 1891 2554 1934; x_wconf 66' lang='lat' dir='ltr'><strong>svuceuun</strong></span> <span class='ocrx_word' id='word_1_553' title='bbox 2584 1893 2865 1945; x_wconf 67' lang='grc' dir='ltr'><strong>ιιιιττιιιει,</strong></span> <span class='ocrx_word' id='word_1_554' title='bbox 2903 1895 3020 1936; x_wconf 64' lang='lat' dir='ltr'><strong>car.</strong></span> <span class='ocrx_word' id='word_1_555' title='bbox 3059 1898 3216 1938; x_wconf 78' lang='lat' dir='ltr'><strong>xxiii.</strong></span> <span class='ocrx_word' id='word_1_556' title='bbox 3287 1872 3306 1899; x_wconf 83' lang='grc'>⁶</span> 
     </span>
    </p>
   </div>
   <div class='ocr_carea' id='block_1_73' title="bbox 2008 1964 3508 2043">
    <p class='ocr_par' dir='ltr' id='par_1_73' title="bbox 2008 1964 3508 2043">
     <span class='ocr_line' id='line_1_73' title="bbox 2008 1964 3508 2043; baseline 0.01 -27"><span class='ocrx_word' id='word_1_557' title='bbox 2008 1982 2027 2016; x_wconf 78' lang='grc' dir='ltr'><strong>ι</strong></span> <span class='ocrx_word' id='word_1_558' title='bbox 2073 1964 2293 2023; x_wconf 86' lang='lat' dir='ltr'><strong>Dicebat</strong></span> <span class='ocrx_word' id='word_1_559' title='bbox 2319 1965 2478 2025; x_wconf 68' lang='lat' dir='ltr'><strong>Iesus</strong></span> <span class='ocrx_word' id='word_1_560' title='bbox 2516 1969 2689 2025; x_wconf 89' lang='lat' dir='ltr'><strong>turbis</strong></span> <span class='ocrx_word' id='word_1_561' title='bbox 2726 1967 3033 2025; x_wconf 63' lang='lat' dir='ltr'><strong>Iudaeorum</strong></span> <span class='ocrx_word' id='word_1_562' title='bbox 3076 1979 3133 2026; x_wconf 86' lang='lat' dir='ltr'><strong>et</strong></span> <span class='ocrx_word' id='word_1_563' title='bbox 3173 1971 3508 2043; x_wconf 77' lang='lat' dir='ltr'><strong>principibus</strong></span> 
     </span>
    </p>
   </div>
   <div class='ocr_carea' id='block_1_74' title="bbox 1940 2056 3511 2130">
    <p class='ocr_par' dir='ltr' id='par_1_74' title="bbox 1940 2056 3511 2130">
     <span class='ocr_line' id='line_1_74' title="bbox 1940 2056 3511 2130; baseline 0.008 -24"><span class='ocrx_word' id='word_1_564' title='bbox 1940 2072 1959 2106; x_wconf 80' lang='grc' dir='ltr'><strong>ι</strong></span> <span class='ocrx_word' id='word_1_565' title='bbox 2004 2056 2343 2111; x_wconf 88' lang='lat' dir='ltr'><strong>sacerdotum</strong></span> <span class='ocrx_word' id='word_1_566' title='bbox 2378 2075 2391 2110; x_wconf 90' lang='lat'>:</span> <span class='ocrx_word' id='word_1_567' title='bbox 2421 2057 2689 2129; x_wconf 78' lang='lat' dir='ltr'><strong>Ecceego</strong></span> <span class='ocrx_word' id='word_1_568' title='bbox 2734 2058 2890 2112; x_wconf 91' lang='lat' dir='ltr'><strong>mitto</strong></span> <span class='ocrx_word' id='word_1_569' title='bbox 2919 2060 2987 2114; x_wconf 89' lang='lat' dir='ltr'><strong>ad</strong></span> <span class='ocrx_word' id='word_1_570' title='bbox 3019 2074 3114 2115; x_wconf 85' lang='lat' dir='ltr'><strong>vos</strong></span> <span class='ocrx_word' id='word_1_571' title='bbox 3139 2062 3431 2130; x_wconf 88' lang='lat' dir='ltr'><strong>prophetas</strong></span> <span class='ocrx_word' id='word_1_572' title='bbox 3453 2070 3511 2119; x_wconf 93' lang='lat' dir='ltr'><strong>et</strong></span> 
     </span>
    </p>
   </div>
   <div class='ocr_carea' id='block_1_75' title="bbox 1938 2145 3524 2219">
    <p class='ocr_par' dir='ltr' id='par_1_75' title="bbox 1938 2145 3524 2219">
     <span class='ocr_line' id='line_1_75' title="bbox 1938 2145 3524 2219; baseline 0.009 -22"><span class='ocrx_word' id='word_1_573' title='bbox 1938 2161 1960 2195; x_wconf 73' lang='grc' dir='ltr'><strong>ι</strong></span> <span class='ocrx_word' id='word_1_574' title='bbox 2000 2145 2272 2219; x_wconf 81' lang='lat' dir='ltr'><strong>sapientes</strong></span> <span class='ocrx_word' id='word_1_575' title='bbox 2311 2155 2367 2202; x_wconf 87' lang='lat' dir='ltr'><strong>et</strong></span> <span class='ocrx_word' id='word_1_576' title='bbox 2392 2147 2618 2213; x_wconf 83' lang='lat' dir='ltr'><strong>scribas,</strong></span> <span class='ocrx_word' id='word_1_577' title='bbox 2647 2155 2703 2202; x_wconf 91' lang='lat' dir='ltr'><strong>et</strong></span> <span class='ocrx_word' id='word_1_578' title='bbox 2747 2164 2811 2202; x_wconf 84' lang='lat' dir='ltr'><strong>ex</strong></span> <span class='ocrx_word' id='word_1_579' title='bbox 2840 2148 2943 2204; x_wconf 91' lang='lat' dir='ltr'><strong>illis</strong></span> <span class='ocrx_word' id='word_1_580' title='bbox 2962 2148 3219 2206; x_wconf 89' lang='lat' dir='ltr'><strong>occidetis</strong></span> <span class='ocrx_word' id='word_1_581' title='bbox 3258 2158 3314 2206; x_wconf 85' lang='lat' dir='ltr'><strong>et</strong></span> <span class='ocrx_word' id='word_1_582' title='bbox 3335 2152 3524 2212; x_wconf 84' lang='lat' dir='ltr'><strong>cruci-.</strong></span> 
     </span>
    </p>
   </div>
   <div class='ocr_carea' id='block_1_76' title="bbox 1936 2236 3506 2313">
    <p class='ocr_par' dir='ltr' id='par_1_76' title="bbox 1936 2236 3506 2313">
     <span class='ocr_line' id='line_1_76' title="bbox 1936 2236 3506 2313; baseline 0.006 -25"><span class='ocrx_word' id='word_1_583' title='bbox 1936 2254 1957 2287; x_wconf 73' lang='grc' dir='ltr'><strong>ι</strong></span> <span class='ocrx_word' id='word_1_584' title='bbox 2002 2236 2196 2308; x_wconf 87' lang='lat' dir='ltr'><strong>ﬁgetis,</strong></span> <span class='ocrx_word' id='word_1_585' title='bbox 2221 2246 2362 2294; x_wconf 82' lang='lat' dir='ltr'><strong>etex</strong></span> <span class='ocrx_word' id='word_1_586' title='bbox 2392 2238 2471 2293; x_wconf 84' lang='lat' dir='ltr'><strong>eis</strong></span> <span class='ocrx_word' id='word_1_587' title='bbox 2499 2237 2835 2308; x_wconf 86' lang='lat' dir='ltr'><strong>ﬁagcllabitis</strong></span> <span class='ocrx_word' id='word_1_588' title='bbox 2873 2239 2927 2293; x_wconf 91' lang='lat' dir='ltr'><strong>in</strong></span> <span class='ocrx_word' id='word_1_589' title='bbox 2965 2241 3249 2313; x_wconf 82' lang='lat' dir='ltr'><strong>synagogis</strong></span> <span class='ocrx_word' id='word_1_590' title='bbox 3278 2243 3506 2310; x_wconf 83' lang='lat' dir='ltr'><strong>vestris;</strong></span> 
     </span>
    </p>
   </div>
   <div class='ocr_carea' id='block_1_77' title="bbox 1938 2327 3519 2399">
    <p class='ocr_par' dir='ltr' id='par_1_77' title="bbox 1938 2327 3519 2399">
     <span class='ocr_line' id='line_1_77' title="bbox 1938 2327 3519 2399; baseline 0.006 -20"><span class='ocrx_word' id='word_1_591' title='bbox 1938 2344 1958 2379; x_wconf 81' lang='grc' dir='ltr'><strong>ι</strong></span> <span class='ocrx_word' id='word_1_592' title='bbox 2002 2335 2057 2382; x_wconf 92' lang='lat' dir='ltr'><strong>et</strong></span> <span class='ocrx_word' id='word_1_593' title='bbox 2088 2327 2475 2399; x_wconf 89' lang='lat' dir='ltr'><strong>perscquimini</strong></span> <span class='ocrx_word' id='word_1_594' title='bbox 2499 2328 2566 2383; x_wconf 92' lang='lat' dir='ltr'><strong>de</strong></span> <span class='ocrx_word' id='word_1_595' title='bbox 2599 2327 2818 2384; x_wconf 88' lang='lat' dir='ltr'><strong>civitate</strong></span> <span class='ocrx_word' id='word_1_596' title='bbox 2846 2328 2901 2383; x_wconf 90' lang='lat' dir='ltr'><strong>in</strong></span> <span class='ocrx_word' id='word_1_597' title='bbox 2931 2329 3230 2397; x_wconf 90' lang='lat' dir='ltr'><strong>civitatem,</strong></span> <span class='ocrx_word' id='word_1_598' title='bbox 3254 2339 3315 2386; x_wconf 93' lang='lat' dir='ltr'><strong>ut</strong></span> <span class='ocrx_word' id='word_1_599' title='bbox 3336 2334 3519 2390; x_wconf 89' lang='lat' dir='ltr'><strong>veniat</strong></span> 
     </span>
    </p>
   </div>
   <div class='ocr_carea' id='block_1_78' title="bbox 1939 2418 3517 2494">
    <p class='ocr_par' dir='ltr' id='par_1_78' title="bbox 1939 2418 3517 2494">
     <span class='ocr_line' id='line_1_78' title="bbox 1939 2418 3517 2494; baseline 0.006 -24"><span class='ocrx_word' id='word_1_600' title='bbox 1939 2435 1959 2470; x_wconf 83' lang='grc' dir='ltr'><strong>ι</strong></span> <span class='ocrx_word' id='word_1_601' title='bbox 2003 2434 2164 2490; x_wconf 88' lang='lat' dir='ltr'><strong>super</strong></span> <span class='ocrx_word' id='word_1_602' title='bbox 2184 2435 2280 2474; x_wconf 87' lang='lat' dir='ltr'><strong>vos</strong></span> <span class='ocrx_word' id='word_1_603' title='bbox 2300 2422 2477 2475; x_wconf 91' lang='lat' dir='ltr'><strong>omnis</strong></span> <span class='ocrx_word' id='word_1_604' title='bbox 2502 2420 2719 2491; x_wconf 89' lang='lat' dir='ltr'><strong>sanguis</strong></span> <span class='ocrx_word' id='word_1_605' title='bbox 2744 2418 2944 2489; x_wconf 91' lang='lat' dir='ltr'><strong>justus,</strong></span> <span class='ocrx_word' id='word_1_606' title='bbox 2980 2422 3072 2491; x_wconf 89' lang='lat' dir='ltr'><strong>qui</strong></span> <span class='ocrx_word' id='word_1_607' title='bbox 3109 2422 3309 2478; x_wconf 80' lang='lat' dir='ltr'><strong>eﬂusus</strong></span> <span class='ocrx_word' id='word_1_608' title='bbox 3353 2440 3517 2494; x_wconf 88' lang='lat' dir='ltr'><strong>super</strong></span> 
     </span>
    </p>
   </div>
   <div class='ocr_carea' id='block_1_79' title="bbox 1939 2509 3514 2585">
    <p class='ocr_par' dir='ltr' id='par_1_79' title="bbox 1939 2509 3514 2585">
     <span class='ocr_line' id='line_1_79' title="bbox 1939 2509 3514 2585; baseline 0.007 -25"><span class='ocrx_word' id='word_1_609' title='bbox 1939 2526 1959 2560; x_wconf 73' lang='grc' dir='ltr'><strong>ι</strong></span> <span class='ocrx_word' id='word_1_610' title='bbox 2006 2516 2206 2563; x_wconf 86' lang='lat' dir='ltr'><strong>terram</strong></span> <span class='ocrx_word' id='word_1_611' title='bbox 2228 2524 2259 2563; x_wconf 92' lang='lat' dir='ltr'><strong>a</strong></span> <span class='ocrx_word' id='word_1_612' title='bbox 2288 2509 2547 2579; x_wconf 84' lang='lat' dir='ltr'><strong>sanguine</strong></span> <span class='ocrx_word' id='word_1_613' title='bbox 2578 2510 2711 2565; x_wconf 80' lang='lat' dir='ltr'><strong>Abel</strong></span> <span class='ocrx_word' id='word_1_614' title='bbox 2730 2509 2861 2578; x_wconf 92' lang='lat' dir='ltr'><strong>justi</strong></span> <span class='ocrx_word' id='word_1_615' title='bbox 2903 2527 3073 2581; x_wconf 90' lang='lat' dir='ltr'><strong>usque</strong></span> <span class='ocrx_word' id='word_1_616' title='bbox 3102 2513 3170 2567; x_wconf 88' lang='lat' dir='ltr'><strong>ad</strong></span> <span class='ocrx_word' id='word_1_617' title='bbox 3201 2516 3514 2585; x_wconf 88' lang='lat' dir='ltr'><strong>sanguinem</strong></span> 
     </span>
    </p>
   </div>
   <div class='ocr_carea' id='block_1_80' title="bbox 1940 2598 3516 2672">
    <p class='ocr_par' dir='ltr' id='par_1_80' title="bbox 1940 2598 3516 2672">
     <span class='ocr_line' id='line_1_80' title="bbox 1940 2598 3516 2672; baseline 0.008 -23"><span class='ocrx_word' id='word_1_618' title='bbox 1940 2614 1959 2649; x_wconf 73' lang='grc' dir='ltr'><strong>ι</strong></span> <span class='ocrx_word' id='word_1_619' title='bbox 2004 2598 2302 2663; x_wconf 70' lang='lat' dir='ltr'><strong>Zachariae,</strong></span> <span class='ocrx_word' id='word_1_620' title='bbox 2321 2599 2415 2653; x_wconf 89' lang='lat' dir='ltr'><strong>ﬁlii</strong></span> <span class='ocrx_word' id='word_1_621' title='bbox 2432 2599 2728 2668; x_wconf 69' lang='lat' dir='ltr'><strong>Barachiaa,</strong></span> <span class='ocrx_word' id='word_1_622' title='bbox 2749 2618 2909 2672; x_wconf 84' lang='lat' dir='ltr'><strong>quem</strong></span> <span class='ocrx_word' id='word_1_623' title='bbox 2934 2603 3208 2659; x_wconf 89' lang='lat' dir='ltr'><strong>occidistis</strong></span> <span class='ocrx_word' id='word_1_624' title='bbox 3226 2606 3367 2660; x_wconf 90' lang='lat' dir='ltr'><strong>inter</strong></span> <span class='ocrx_word' id='word_1_625' title='bbox 3382 2615 3516 2660; x_wconf 88' lang='lat' dir='ltr'><strong>tem-</strong></span> 
     </span>
    </p>
   </div>
   <div class='ocr_carea' id='block_1_81' title="bbox 1938 2687 3514 2759">
    <p class='ocr_par' dir='ltr' id='par_1_81' title="bbox 1938 2687 3514 2759">
     <span class='ocr_line' id='line_1_81' title="bbox 1938 2687 3514 2759; baseline 0.01 -19"><span class='ocrx_word' id='word_1_626' title='bbox 1938 2706 1957 2740; x_wconf 78' lang='grc' dir='ltr'><strong>ι</strong></span> <span class='ocrx_word' id='word_1_627' title='bbox 2002 2687 2147 2759; x_wconf 91' lang='lat' dir='ltr'><strong>plum</strong></span> <span class='ocrx_word' id='word_1_628' title='bbox 2160 2696 2215 2744; x_wconf 92' lang='lat' dir='ltr'><strong>et</strong></span> <span class='ocrx_word' id='word_1_629' title='bbox 2241 2688 2429 2745; x_wconf 90' lang='lat' dir='ltr'><strong>altare.</strong></span> <span class='ocrx_word' id='word_1_630' title='bbox 2448 2688 2488 2743; x_wconf 87' lang='lat' dir='ltr'><strong>A</strong></span> <span class='ocrx_word' id='word_1_631' title='bbox 2499 2706 2619 2745; x_wconf 91' lang='lat' dir='ltr'><strong>men</strong></span> <span class='ocrx_word' id='word_1_632' title='bbox 2635 2692 2755 2748; x_wconf 88' lang='lat' dir='ltr'><strong>dico</strong></span> <span class='ocrx_word' id='word_1_633' title='bbox 2766 2693 2942 2757; x_wconf 91' lang='lat' dir='ltr'><strong>vobis,</strong></span> <span class='ocrx_word' id='word_1_634' title='bbox 2960 2695 3179 2750; x_wconf 90' lang='lat' dir='ltr'><strong>venient</strong></span> <span class='ocrx_word' id='word_1_635' title='bbox 3196 2696 3310 2753; x_wconf 62' lang='lat' dir='ltr'><strong>hcce</strong></span> <span class='ocrx_word' id='word_1_636' title='bbox 3329 2698 3514 2755; x_wconf 89' lang='lat' dir='ltr'><strong>omnia</strong></span> 
     </span>
    </p>
   </div>
   <div class='ocr_carea' id='block_1_82' title="bbox 1938 2780 3513 2851">
    <p class='ocr_par' dir='ltr' id='par_1_82' title="bbox 1938 2780 3513 2851">
     <span class='ocr_line' id='line_1_82' title="bbox 1938 2780 3513 2851; baseline 0.008 -21"><span class='ocrx_word' id='word_1_637' title='bbox 1938 2795 1957 2829; x_wconf 79' lang='grc' dir='ltr'><strong>ι</strong></span> <span class='ocrx_word' id='word_1_638' title='bbox 2005 2793 2169 2849; x_wconf 89' lang='lat' dir='ltr'><strong>super</strong></span> <span class='ocrx_word' id='word_1_639' title='bbox 2208 2780 2610 2851; x_wconf 86' lang='lat' dir='ltr'><strong>generationem</strong></span> <span class='ocrx_word' id='word_1_640' title='bbox 2657 2782 2837 2837; x_wconf 89' lang='lat' dir='ltr'><strong>istam.</strong></span> <span class='ocrx_word' id='word_1_641' title='bbox 2888 2781 3221 2839; x_wconf 81' lang='lat' dir='ltr'><strong>Hierusalem</strong></span> <span class='ocrx_word' id='word_1_642' title='bbox 3257 2825 3271 2849; x_wconf 92' lang='lat'><strong>,</strong></span> <span class='ocrx_word' id='word_1_643' title='bbox 3320 2785 3513 2851; x_wconf 77' lang='lat' dir='ltr'><strong>Hieru-</strong></span> 
     </span>
    </p>
   </div>
   <div class='ocr_carea' id='block_1_83' title="bbox 1938 2870 3514 2947">
    <p class='ocr_par' dir='ltr' id='par_1_83' title="bbox 1938 2870 3514 2947">
     <span class='ocr_line' id='line_1_83' title="bbox 1938 2870 3514 2947; baseline 0.006 -24"><span class='ocrx_word' id='word_1_644' title='bbox 1938 2889 1958 2923; x_wconf 77' lang='grc' dir='ltr'><strong>ι</strong></span> <span class='ocrx_word' id='word_1_645' title='bbox 1998 2870 2165 2927; x_wconf 87' lang='lat' dir='ltr'><strong>salem</strong></span> <span class='ocrx_word' id='word_1_646' title='bbox 2188 2911 2203 2936; x_wconf 92' lang='lat'><strong>,</strong></span> <span class='ocrx_word' id='word_1_647' title='bbox 2242 2887 2362 2942; x_wconf 83' lang='lat' dir='ltr'><strong>qua:</strong></span> <span class='ocrx_word' id='word_1_648' title='bbox 2398 2872 2598 2928; x_wconf 89' lang='lat' dir='ltr'><strong>occidis</strong></span> <span class='ocrx_word' id='word_1_649' title='bbox 2620 2874 2941 2944; x_wconf 89' lang='lat' dir='ltr'><strong>prophetas,</strong></span> <span class='ocrx_word' id='word_1_650' title='bbox 2972 2884 3028 2929; x_wconf 91' lang='lat' dir='ltr'><strong>et</strong></span> <span class='ocrx_word' id='word_1_651' title='bbox 3055 2874 3260 2946; x_wconf 88' lang='lat' dir='ltr'><strong>lapidas</strong></span> <span class='ocrx_word' id='word_1_652' title='bbox 3287 2892 3381 2932; x_wconf 90' lang='lat' dir='ltr'><strong>eos</strong></span> <span class='ocrx_word' id='word_1_653' title='bbox 3422 2878 3514 2947; x_wconf 90' lang='lat' dir='ltr'><strong>qui</strong></span> 
     </span>
    </p>
   </div>
   <div class='ocr_carea' id='block_1_84' title="bbox 1938 2962 3513 3037">
    <p class='ocr_par' dir='ltr' id='par_1_84' title="bbox 1938 2962 3513 3037">
     <span class='ocr_line' id='line_1_84' title="bbox 1938 2962 3513 3037; baseline 0.007 -24"><span class='ocrx_word' id='word_1_654' title='bbox 1938 2979 1956 3012; x_wconf 74' lang='grc' dir='ltr'><strong>ι</strong></span> <span class='ocrx_word' id='word_1_655' title='bbox 2001 2962 2072 3016; x_wconf 90' lang='lat' dir='ltr'><strong>ad</strong></span> <span class='ocrx_word' id='word_1_656' title='bbox 2108 2974 2162 3017; x_wconf 90' lang='lat' dir='ltr'><strong>te</strong></span> <span class='ocrx_word' id='word_1_657' title='bbox 2199 2964 2351 3018; x_wconf 90' lang='lat' dir='ltr'><strong>missi</strong></span> <span class='ocrx_word' id='word_1_658' title='bbox 2395 2971 2543 3027; x_wconf 92' lang='lat' dir='ltr'><strong>sunt,</strong></span> <span class='ocrx_word' id='word_1_659' title='bbox 2580 2964 2791 3033; x_wconf 89' lang='lat' dir='ltr'><strong>quoties</strong></span> <span class='ocrx_word' id='word_1_660' title='bbox 2835 2964 2977 3019; x_wconf 86' lang='lat' dir='ltr'><strong>volui</strong></span> <span class='ocrx_word' id='word_1_661' title='bbox 3018 2980 3346 3037; x_wconf 87' lang='lat' dir='ltr'><strong>congregare</strong></span> <span class='ocrx_word' id='word_1_662' title='bbox 3374 2967 3513 3024; x_wconf 87' lang='lat' dir='ltr'><strong>ﬁlios</strong></span> 
     </span>
    </p>
   </div>
   <div class='ocr_carea' id='block_1_85' title="bbox 1938 3054 3515 3130">
    <p class='ocr_par' dir='ltr' id='par_1_85' title="bbox 1938 3054 3515 3130">
     <span class='ocr_line' id='line_1_85' title="bbox 1938 3054 3515 3130; baseline 0.005 -23"><span class='ocrx_word' id='word_1_663' title='bbox 1938 3071 1957 3107; x_wconf 83' lang='grc'><em>‹</em></span> <span class='ocrx_word' id='word_1_664' title='bbox 2004 3062 2125 3110; x_wconf 88' lang='lat' dir='ltr'><strong>tuos</strong></span> <span class='ocrx_word' id='word_1_665' title='bbox 2159 3094 2174 3120; x_wconf 96' lang='lat'><strong>,</strong></span> <span class='ocrx_word' id='word_1_666' title='bbox 2234 3055 2682 3123; x_wconf 83' lang='lat' dir='ltr'><strong>quemadmodum</strong></span> <span class='ocrx_word' id='word_1_667' title='bbox 2740 3054 2934 3126; x_wconf 86' lang='lat' dir='ltr'><strong>gallina</strong></span> <span class='ocrx_word' id='word_1_668' title='bbox 2994 3067 3287 3128; x_wconf 84' lang='lat' dir='ltr'><strong>congregat</strong></span> <span class='ocrx_word' id='word_1_669' title='bbox 3336 3059 3515 3130; x_wconf 89' lang='lat' dir='ltr'><strong>pullos</strong></span> 
     </span>
    </p>
   </div>
   <div class='ocr_carea' id='block_1_86' title="bbox 1937 3144 3514 3216">
    <p class='ocr_par' dir='ltr' id='par_1_86' title="bbox 1937 3144 3514 3216">
     <span class='ocr_line' id='line_1_86' title="bbox 1937 3144 3514 3216; baseline 0.006 -21"><span class='ocrx_word' id='word_1_670' title='bbox 1937 3163 1954 3195; x_wconf 78' lang='grc' dir='ltr'><strong>ι</strong></span> <span class='ocrx_word' id='word_1_671' title='bbox 2001 3159 2128 3201; x_wconf 89' lang='lat' dir='ltr'><strong>suos</strong></span> <span class='ocrx_word' id='word_1_672' title='bbox 2153 3144 2254 3200; x_wconf 87' lang='lat' dir='ltr'><strong>sub</strong></span> <span class='ocrx_word' id='word_1_673' title='bbox 2291 3145 2429 3210; x_wconf 90' lang='lat' dir='ltr'><strong>alas,</strong></span> <span class='ocrx_word' id='word_1_674' title='bbox 2459 3152 2515 3201; x_wconf 90' lang='lat' dir='ltr'><strong>et</strong></span> <span class='ocrx_word' id='word_1_675' title='bbox 2550 3144 2800 3200; x_wconf 90' lang='lat' dir='ltr'><strong>noluisti!</strong></span> <span class='ocrx_word' id='word_1_676' title='bbox 2834 3145 2971 3201; x_wconf 82' lang='lat' dir='ltr'><strong>Ecce</strong></span> <span class='ocrx_word' id='word_1_677' title='bbox 3005 3145 3338 3216; x_wconf 85' lang='lat' dir='ltr'><strong>relinquetur</strong></span> <span class='ocrx_word' id='word_1_678' title='bbox 3361 3149 3514 3205; x_wconf 83' lang='lat' dir='ltr'><strong>vobis</strong></span> 
     </span>
    </p>
   </div>
   <div class='ocr_carea' id='block_1_87' title="bbox 1936 3235 3515 3304">
    <p class='ocr_par' dir='ltr' id='par_1_87' title="bbox 1936 3235 3515 3304">
     <span class='ocr_line' id='line_1_87' title="bbox 1936 3235 3515 3304; baseline 0.007 -18"><span class='ocrx_word' id='word_1_679' title='bbox 1936 3252 1955 3286; x_wconf 77' lang='grc' dir='ltr'><strong>ι</strong></span> <span class='ocrx_word' id='word_1_680' title='bbox 1983 3235 2192 3290; x_wconf 87' lang='lat' dir='ltr'><strong>&#39;domus</strong></span> <span class='ocrx_word' id='word_1_681' title='bbox 2224 3243 2404 3290; x_wconf 90' lang='lat' dir='ltr'><strong>vestra</strong></span> <span class='ocrx_word' id='word_1_682' title='bbox 2452 3235 2686 3290; x_wconf 79' lang='lat' dir='ltr'><strong>deserta.</strong></span> <span class='ocrx_word' id='word_1_683' title='bbox 2719 3236 2850 3291; x_wconf 90' lang='lat' dir='ltr'><strong>Dico</strong></span> <span class='ocrx_word' id='word_1_684' title='bbox 2892 3237 3036 3292; x_wconf 88' lang='lat' dir='ltr'><strong>enim</strong></span> <span class='ocrx_word' id='word_1_685' title='bbox 3065 3240 3236 3304; x_wconf 88' lang='lat' dir='ltr'><strong>vobis,</strong></span> <span class='ocrx_word' id='word_1_686' title='bbox 3279 3255 3385 3295; x_wconf 91' lang='lat' dir='ltr'><strong>non</strong></span> <span class='ocrx_word' id='word_1_687' title='bbox 3426 3256 3515 3297; x_wconf 89' lang='lat' dir='ltr'><strong>me</strong></span> 
     </span>
    </p>
   </div>
   <div class='ocr_carea' id='block_1_88' title="bbox 1937 3325 3511 3400">
    <p class='ocr_par' dir='ltr' id='par_1_88' title="bbox 1937 3325 3511 3400">
     <span class='ocr_line' id='line_1_88' title="bbox 1937 3325 3511 3400; baseline 0.005 -21"><span class='ocrx_word' id='word_1_688' title='bbox 1937 3344 1956 3387; x_wconf 75' lang='grc' dir='ltr'><strong>ι</strong></span> <span class='ocrx_word' id='word_1_689' title='bbox 2000 3325 2252 3380; x_wconf 87' lang='lat' dir='ltr'><strong>videbitis</strong></span> <span class='ocrx_word' id='word_1_690' title='bbox 2279 3326 2493 3391; x_wconf 90' lang='lat' dir='ltr'><strong>amodo,</strong></span> <span class='ocrx_word' id='word_1_691' title='bbox 2517 3325 2687 3381; x_wconf 89' lang='lat' dir='ltr'><strong>donec</strong></span> <span class='ocrx_word' id='word_1_692' title='bbox 2698 3326 2927 3395; x_wconf 89' lang='lat' dir='ltr'><strong>dicatis:</strong></span> <span class='ocrx_word' id='word_1_693' title='bbox 2952 3326 3274 3385; x_wconf 87' lang='lat' dir='ltr'><strong>Benedictus</strong></span> <span class='ocrx_word' id='word_1_694' title='bbox 3298 3330 3389 3400; x_wconf 92' lang='lat' dir='ltr'><strong>qui</strong></span> <span class='ocrx_word' id='word_1_695' title='bbox 3414 3346 3511 3388; x_wconf 86' lang='lat' dir='ltr'><strong>ve-</strong></span> 
     </span>
    </p>
   </div>
   <div class='ocr_carea' id='block_1_89' title="bbox 1937 3416 2678 3472">
    <p class='ocr_par' dir='ltr' id='par_1_89' title="bbox 1937 3416 2678 3472">
     <span class='ocr_line' id='line_1_89' title="bbox 1937 3416 2678 3472; baseline 0 -2"><span class='ocrx_word' id='word_1_696' title='bbox 1937 3434 1957 3469; x_wconf 79' lang='grc' dir='ltr'><strong>ι</strong></span> <span class='ocrx_word' id='word_1_697' title='bbox 1997 3416 2375 3472; x_wconf 90' lang='lat' dir='ltr'><strong>nitinnomiue</strong></span> <span class='ocrx_word' id='word_1_698' title='bbox 2394 3416 2629 3472; x_wconf 88' lang='lat' dir='ltr'><strong>Domini.</strong></span> <span class='ocrx_word' id='word_1_699' title='bbox 2659 3437 2678 3470; x_wconf 75' lang='grc' dir='ltr'><strong>ι</strong></span> 
     </span>
    </p>
   </div>
   <div class='ocr_carea' id='block_1_90' title="bbox 1948 3507 3512 3586">
    <p class='ocr_par' dir='ltr' id='par_1_90' title="bbox 1948 3507 3512 3586">
     <span class='ocr_line' id='line_1_90' title="bbox 1948 3507 3512 3586; baseline 0.004 -24"><span class='ocrx_word' id='word_1_700' title='bbox 1948 3576 1951 3579; x_wconf 20' lang='grc' dir='ltr'><strong><em>γ</em></strong></span> <span class='ocrx_word' id='word_1_701' title='bbox 2002 3507 2219 3563; x_wconf 82' lang='lat' dir='ltr'><strong>Dicebat</strong></span> <span class='ocrx_word' id='word_1_702' title='bbox 2241 3507 2398 3563; x_wconf 77' lang='lat' dir='ltr'><strong>Iesus</strong></span> <span class='ocrx_word' id='word_1_703' title='bbox 2428 3509 2593 3565; x_wconf 86' lang='lat' dir='ltr'><strong>turbis</strong></span> <span class='ocrx_word' id='word_1_704' title='bbox 2623 3510 2934 3567; x_wconf 63' lang='lat' dir='ltr'><strong>Italicorum</strong></span> <span class='ocrx_word' id='word_1_705' title='bbox 2957 3526 2977 3566; x_wconf 90' lang='lat'><strong><em>:</em></strong></span> <span class='ocrx_word' id='word_1_706' title='bbox 3000 3512 3137 3569; x_wconf 86' lang='lat' dir='ltr'><strong>Ecce</strong></span> <span class='ocrx_word' id='word_1_707' title='bbox 3149 3529 3243 3586; x_wconf 82' lang='lat' dir='ltr'><strong>ego</strong></span> <span class='ocrx_word' id='word_1_708' title='bbox 3265 3515 3415 3569; x_wconf 89' lang='lat' dir='ltr'><strong>mitto</strong></span> <span class='ocrx_word' id='word_1_709' title='bbox 3434 3515 3512 3571; x_wconf 84' lang='lat' dir='ltr'><strong>ad</strong></span> 
     </span>
    </p>
   </div>
   <div class='ocr_carea' id='block_1_91' title="bbox 1932 3600 3503 3673">
    <p class='ocr_par' dir='ltr' id='par_1_91' title="bbox 1932 3600 3503 3673">
     <span class='ocr_line' id='line_1_91' title="bbox 1932 3600 3503 3673; baseline 0.006 -20"><span class='ocrx_word' id='word_1_710' title='bbox 1932 3616 2019 3664; x_wconf 77' lang='lat' dir='ltr'><strong>vos</strong></span> <span class='ocrx_word' id='word_1_711' title='bbox 2041 3600 2318 3671; x_wconf 79' lang='lat' dir='ltr'><strong>prop/tetas</strong></span> <span class='ocrx_word' id='word_1_712' title='bbox 2347 3611 2394 3656; x_wconf 88' lang='lat' dir='ltr'><strong>et</strong></span> <span class='ocrx_word' id='word_1_713' title='bbox 2424 3603 2683 3673; x_wconf 86' lang='lat' dir='ltr'><strong>sapientes</strong></span> <span class='ocrx_word' id='word_1_714' title='bbox 2710 3611 2758 3658; x_wconf 89' lang='lat' dir='ltr'><strong>et</strong></span> <span class='ocrx_word' id='word_1_715' title='bbox 2784 3604 3004 3671; x_wconf 84' lang='lat' dir='ltr'><strong>scribas,</strong></span> <span class='ocrx_word' id='word_1_716' title='bbox 3043 3614 3091 3660; x_wconf 86' lang='lat' dir='ltr'><strong>et</strong></span> <span class='ocrx_word' id='word_1_717' title='bbox 3120 3622 3185 3660; x_wconf 69' lang='lat' dir='ltr'><strong>ex</strong></span> <span class='ocrx_word' id='word_1_718' title='bbox 3223 3606 3330 3661; x_wconf 89' lang='lat' dir='ltr'><strong>illis</strong></span> <span class='ocrx_word' id='word_1_719' title='bbox 3369 3609 3503 3662; x_wconf 87' lang='lat' dir='ltr'><strong>occi-</strong></span> 
     </span>
    </p>
   </div>
   <div class='ocr_carea' id='block_1_92' title="bbox 1933 3691 3513 3768">
    <p class='ocr_par' dir='ltr' id='par_1_92' title="bbox 1933 3691 3513 3768">
     <span class='ocr_line' id='line_1_92' title="bbox 1933 3691 3513 3768; baseline 0.004 -22"><span class='ocrx_word' id='word_1_720' title='bbox 1933 3691 2069 3747; x_wconf 85' lang='lat' dir='ltr'><strong>detis</strong></span> <span class='ocrx_word' id='word_1_721' title='bbox 2098 3702 2145 3746; x_wconf 88' lang='lat' dir='ltr'><strong>et</strong></span> <span class='ocrx_word' id='word_1_722' title='bbox 2166 3693 2482 3763; x_wconf 78' lang='lat' dir='ltr'><strong>cruci/igetis</strong></span> <span class='ocrx_word' id='word_1_723' title='bbox 2504 3704 2551 3747; x_wconf 90' lang='lat' dir='ltr'><strong>et</strong></span> <span class='ocrx_word' id='word_1_724' title='bbox 2572 3693 2903 3765; x_wconf 80' lang='lat' dir='ltr'><strong>ﬂagellabitis</strong></span> <span class='ocrx_word' id='word_1_725' title='bbox 2930 3697 2984 3750; x_wconf 91' lang='lat' dir='ltr'><strong>in</strong></span> <span class='ocrx_word' id='word_1_726' title='bbox 3007 3697 3283 3768; x_wconf 83' lang='lat' dir='ltr'><strong>synagogis</strong></span> <span class='ocrx_word' id='word_1_727' title='bbox 3307 3700 3513 3763; x_wconf 64' lang='lat' dir='ltr'><strong>vestris,</strong></span> 
     </span>
    </p>
   </div>
   <div class='ocr_carea' id='block_1_93' title="bbox 1932 3784 3510 3857">
    <p class='ocr_par' dir='ltr' id='par_1_93' title="bbox 1932 3784 3510 3857">
     <span class='ocr_line' id='line_1_93' title="bbox 1932 3784 3510 3857; baseline 0.002 -18"><span class='ocrx_word' id='word_1_728' title='bbox 1932 3792 1980 3839; x_wconf 88' lang='lat' dir='ltr'><strong>et</strong></span> <span class='ocrx_word' id='word_1_729' title='bbox 2014 3784 2382 3855; x_wconf 84' lang='lat' dir='ltr'><strong>persequimini</strong></span> <span class='ocrx_word' id='word_1_730' title='bbox 2417 3784 2481 3838; x_wconf 84' lang='lat' dir='ltr'><strong>de</strong></span> <span class='ocrx_word' id='word_1_731' title='bbox 2512 3784 2718 3840; x_wconf 75' lang='lat' dir='ltr'><strong>diritate</strong></span> <span class='ocrx_word' id='word_1_732' title='bbox 2750 3786 2805 3839; x_wconf 87' lang='lat' dir='ltr'><strong>in</strong></span> <span class='ocrx_word' id='word_1_733' title='bbox 2834 3786 3129 3853; x_wconf 83' lang='lat' dir='ltr'><strong>civitatem,</strong></span> <span class='ocrx_word' id='word_1_734' title='bbox 3162 3797 3218 3841; x_wconf 88' lang='lat' dir='ltr'><strong>ut</strong></span> <span class='ocrx_word' id='word_1_735' title='bbox 3249 3787 3510 3857; x_wconf 83' lang='lat' dir='ltr'><strong>impleatis</strong></span> 
     </span>
    </p>
   </div>
   <div class='ocr_carea' id='block_1_94' title="bbox 1932 3877 3511 3949">
    <p class='ocr_par' dir='ltr' id='par_1_94' title="bbox 1932 3877 3511 3949">
     <span class='ocr_line' id='line_1_94' title="bbox 1932 3877 3511 3949; baseline 0.002 -18"><span class='ocrx_word' id='word_1_736' title='bbox 1932 3892 2234 3931; x_wconf 87' lang='lat' dir='ltr'><strong>mensuram</strong></span> <span class='ocrx_word' id='word_1_737' title='bbox 2279 3886 2491 3947; x_wconf 87' lang='lat' dir='ltr'><strong>patrum</strong></span> <span class='ocrx_word' id='word_1_738' title='bbox 2538 3877 2971 3948; x_wconf 80' lang='lat' dir='ltr'><strong>vestrorum.(Ex</strong></span> <span class='ocrx_word' id='word_1_739' title='bbox 3004 3877 3250 3949; x_wconf 85' lang='lat' dir='ltr'><strong>Hieron.)</strong></span> <span class='ocrx_word' id='word_1_740' title='bbox 3299 3879 3359 3935; x_wconf 85' lang='lat' dir='ltr'><strong>Id</strong></span> <span class='ocrx_word' id='word_1_741' title='bbox 3399 3888 3511 3944; x_wconf 90' lang='lat' dir='ltr'><strong>est,</strong></span> 
     </span>
    </p>
   </div>
   <div class='ocr_carea' id='block_1_95' title="bbox 1933 3965 3516 4037">
    <p class='ocr_par' dir='ltr' id='par_1_95' title="bbox 1933 3965 3516 4037">
     <span class='ocr_line' id='line_1_95' title="bbox 1933 3965 3516 4037; baseline 0.004 -18"><span class='ocrx_word' id='word_1_742' title='bbox 1933 3966 2076 4036; x_wconf 92' lang='lat' dir='ltr'><strong>quod</strong></span> <span class='ocrx_word' id='word_1_743' title='bbox 2108 3966 2212 4021; x_wconf 92' lang='lat' dir='ltr'><strong>illis</strong></span> <span class='ocrx_word' id='word_1_744' title='bbox 2251 3965 2453 4030; x_wconf 83' lang='lat' dir='ltr'><strong>defuit,</strong></span> <span class='ocrx_word' id='word_1_745' title='bbox 2482 3982 2578 4021; x_wconf 90' lang='lat' dir='ltr'><strong>vos</strong></span> <span class='ocrx_word' id='word_1_746' title='bbox 2606 3967 2910 4037; x_wconf 88' lang='lat' dir='ltr'><strong>adimplete.</strong></span> <span class='ocrx_word' id='word_1_747' title='bbox 2951 3968 3030 4023; x_wconf 90' lang='lat' dir='ltr'><strong>llli</strong></span> <span class='ocrx_word' id='word_1_748' title='bbox 3059 3970 3203 4024; x_wconf 89' lang='lat' dir='ltr'><strong>enim</strong></span> <span class='ocrx_word' id='word_1_749' title='bbox 3232 3969 3516 4026; x_wconf 83' lang='lat' dir='ltr'><strong>interfece-</strong></span> 
     </span>
    </p>
   </div>
   <div class='ocr_carea' id='block_1_96' title="bbox 1935 4057 3509 4135">
    <p class='ocr_par' dir='ltr' id='par_1_96' title="bbox 1935 4057 3509 4135">
     <span class='ocr_line' id='line_1_96' title="bbox 1935 4057 3509 4135; baseline 0.003 -25"><span class='ocrx_word' id='word_1_750' title='bbox 1935 4064 2063 4135; x_wconf 84' lang='lat' dir='ltr'><strong>runt</strong></span> <span class='ocrx_word' id='word_1_751' title='bbox 2089 4072 2295 4121; x_wconf 88' lang='lat' dir='ltr'><strong>servos,</strong></span> <span class='ocrx_word' id='word_1_752' title='bbox 2318 4072 2415 4112; x_wconf 88' lang='lat' dir='ltr'><strong>vos</strong></span> <span class='ocrx_word' id='word_1_753' title='bbox 2435 4057 2717 4112; x_wconf 90' lang='lat' dir='ltr'><strong>Dominum</strong></span> <span class='ocrx_word' id='word_1_754' title='bbox 2739 4060 3065 4130; x_wconf 84' lang='lat' dir='ltr'><strong>cruciligite;</strong></span> <span class='ocrx_word' id='word_1_755' title='bbox 3093 4059 3169 4113; x_wconf 92' lang='lat' dir='ltr'><strong>illi</strong></span> <span class='ocrx_word' id='word_1_756' title='bbox 3192 4060 3509 4129; x_wconf 88' lang='lat' dir='ltr'><strong>prophetas,</strong></span> 
     </span>
    </p>
   </div>
   <div class='ocr_carea' id='block_1_97' title="bbox 1933 4148 3518 4219">
    <p class='ocr_par' dir='ltr' id='par_1_97' title="bbox 1933 4148 3518 4219">
     <span class='ocr_line' id='line_1_97' title="bbox 1933 4148 3518 4219; baseline 0.003 -18"><span class='ocrx_word' id='word_1_757' title='bbox 1933 4163 2031 4203; x_wconf 88' lang='lat' dir='ltr'><strong>vos</strong></span> <span class='ocrx_word' id='word_1_758' title='bbox 2076 4162 2199 4203; x_wconf 91' lang='lat' dir='ltr'><strong>eum</strong></span> <span class='ocrx_word' id='word_1_759' title='bbox 2227 4148 2320 4218; x_wconf 91' lang='lat' dir='ltr'><strong>qui</strong></span> <span class='ocrx_word' id='word_1_760' title='bbox 2348 4163 2445 4218; x_wconf 90' lang='lat' dir='ltr'><strong>per</strong></span> <span class='ocrx_word' id='word_1_761' title='bbox 2487 4149 2781 4219; x_wconf 87' lang='lat' dir='ltr'><strong>prophetas</strong></span> <span class='ocrx_word' id='word_1_762' title='bbox 2820 4149 3143 4219; x_wconf 66' lang='lat' dir='ltr'><strong>praedicatus</strong></span> <span class='ocrx_word' id='word_1_763' title='bbox 3183 4156 3286 4205; x_wconf 89' lang='lat' dir='ltr'><strong>est.</strong></span> <span class='ocrx_word' id='word_1_764' title='bbox 3330 4148 3518 4206; x_wconf 88' lang='lat' dir='ltr'><strong>Potest</strong></span> 
     </span>
    </p>
   </div>
   <div class='ocr_carea' id='block_1_98' title="bbox 1936 4236 3509 4308">
    <p class='ocr_par' dir='ltr' id='par_1_98' title="bbox 1936 4236 3509 4308">
     <span class='ocr_line' id='line_1_98' title="bbox 1936 4236 3509 4308; baseline 0.001 -15"><span class='ocrx_word' id='word_1_765' title='bbox 1936 4238 2039 4293; x_wconf 88' lang='lat' dir='ltr'><strong>hoc</strong></span> <span class='ocrx_word' id='word_1_766' title='bbox 2077 4246 2133 4292; x_wconf 90' lang='lat' dir='ltr'><strong>et</strong></span> <span class='ocrx_word' id='word_1_767' title='bbox 2165 4238 2235 4291; x_wconf 91' lang='lat' dir='ltr'><strong>ad</strong></span> <span class='ocrx_word' id='word_1_768' title='bbox 2270 4238 2559 4308; x_wconf 87' lang='lat' dir='ltr'><strong>discipulos</strong></span> <span class='ocrx_word' id='word_1_769' title='bbox 2587 4236 2705 4305; x_wconf 89' lang='lat' dir='ltr'><strong>ejus</strong></span> <span class='ocrx_word' id='word_1_770' title='bbox 2744 4237 2971 4302; x_wconf 80' lang='lat' dir='ltr'><strong>referri,</strong></span> <span class='ocrx_word' id='word_1_771' title='bbox 3018 4238 3083 4291; x_wconf 89' lang='lat' dir='ltr'><strong>de</strong></span> <span class='ocrx_word' id='word_1_772' title='bbox 3126 4236 3321 4307; x_wconf 90' lang='lat' dir='ltr'><strong>quibus</strong></span> <span class='ocrx_word' id='word_1_773' title='bbox 3364 4254 3509 4296; x_wconf 90' lang='lat' dir='ltr'><strong>nunc</strong></span> 
     </span>
    </p>
   </div>
   <div class='ocr_carea' id='block_1_99' title="bbox 1935 4325 3512 4397">
    <p class='ocr_par' dir='ltr' id='par_1_99' title="bbox 1935 4325 3512 4397">
     <span class='ocr_line' id='line_1_99' title="bbox 1935 4325 3512 4397; baseline 0.002 -18"><span class='ocrx_word' id='word_1_774' title='bbox 1935 4325 2069 4380; x_wconf 91' lang='lat' dir='ltr'><strong>dicit</strong></span> <span class='ocrx_word' id='word_1_775' title='bbox 2096 4340 2111 4379; x_wconf 92' lang='lat'><strong>:</strong></span> <span class='ocrx_word' id='word_1_776' title='bbox 2142 4325 2280 4380; x_wconf 90' lang='lat' dir='ltr'><strong>Ecce</strong></span> <span class='ocrx_word' id='word_1_777' title='bbox 2314 4340 2413 4397; x_wconf 82' lang='lat' dir='ltr'><strong>ego</strong></span> <span class='ocrx_word' id='word_1_778' title='bbox 2439 4326 2594 4380; x_wconf 90' lang='lat' dir='ltr'><strong>mitto</strong></span> <span class='ocrx_word' id='word_1_779' title='bbox 2618 4326 2688 4380; x_wconf 92' lang='lat' dir='ltr'><strong>ad</strong></span> <span class='ocrx_word' id='word_1_780' title='bbox 2710 4341 2808 4382; x_wconf 89' lang='lat' dir='ltr'><strong>vos</strong></span> <span class='ocrx_word' id='word_1_781' title='bbox 2833 4326 3146 4397; x_wconf 87' lang='lat' dir='ltr'><strong>prophetas,</strong></span> <span class='ocrx_word' id='word_1_782' title='bbox 3180 4334 3285 4383; x_wconf 89' lang='lat' dir='ltr'><strong>etc.</strong></span> <span class='ocrx_word' id='word_1_783' title='bbox 3314 4326 3512 4383; x_wconf 69' lang='lat' dir='ltr'><strong>Simul-</strong></span> 
     </span>
    </p>
   </div>
   <div class='ocr_carea' id='block_1_100' title="bbox 1937 4417 3514 4489">
    <p class='ocr_par' dir='ltr' id='par_1_100' title="bbox 1937 4417 3514 4489">
     <span class='ocr_line' id='line_1_100' title="bbox 1937 4417 3514 4489; baseline 0.001 -16"><span class='ocrx_word' id='word_1_784' title='bbox 1937 4433 2042 4487; x_wconf 91' lang='lat' dir='ltr'><strong>que</strong></span> <span class='ocrx_word' id='word_1_785' title='bbox 2072 4418 2298 4473; x_wconf 89' lang='lat' dir='ltr'><strong>observa</strong></span> <span class='ocrx_word' id='word_1_786' title='bbox 2328 4417 2483 4487; x_wconf 85' lang='lat' dir='ltr'><strong>juxta</strong></span> <span class='ocrx_word' id='word_1_787' title='bbox 2507 4418 2821 4489; x_wconf 84' lang='lat' dir='ltr'><strong>Apostolum</strong></span> <span class='ocrx_word' id='word_1_788' title='bbox 2849 4419 3174 4475; x_wconf 89' lang='lat' dir='ltr'><strong>scribentem</strong></span> <span class='ocrx_word' id='word_1_789' title='bbox 3220 4420 3286 4475; x_wconf 91' lang='lat' dir='ltr'><strong>ad</strong></span> <span class='ocrx_word' id='word_1_790' title='bbox 3325 4419 3514 4475; x_wconf 81' lang='lat' dir='ltr'><strong>Corin-</strong></span> 
     </span>
    </p>
   </div>
   <div class='ocr_carea' id='block_1_101' title="bbox 1942 4507 3511 4581">
    <p class='ocr_par' dir='ltr' id='par_1_101' title="bbox 1942 4507 3511 4581">
     <span class='ocr_line' id='line_1_101' title="bbox 1942 4507 3511 4581; baseline 0.002 -19"><span class='ocrx_word' id='word_1_791' title='bbox 1942 4508 2100 4572; x_wconf 90' lang='lat' dir='ltr'><strong>thios,</strong></span> <span class='ocrx_word' id='word_1_792' title='bbox 2145 4508 2289 4563; x_wconf 89' lang='lat' dir='ltr'><strong>varia</strong></span> <span class='ocrx_word' id='word_1_793' title='bbox 2319 4510 2455 4563; x_wconf 88' lang='lat' dir='ltr'><strong>dona</strong></span> <span class='ocrx_word' id='word_1_794' title='bbox 2493 4523 2612 4564; x_wconf 88' lang='lat' dir='ltr'><strong>esse</strong></span> <span class='ocrx_word' id='word_1_795' title='bbox 2638 4507 3022 4577; x_wconf 89' lang='lat' dir='ltr'><strong>discipulorum</strong></span> <span class='ocrx_word' id='word_1_796' title='bbox 3050 4507 3248 4564; x_wconf 89' lang='lat' dir='ltr'><strong>Christi</strong></span> <span class='ocrx_word' id='word_1_797' title='bbox 3297 4508 3348 4581; x_wconf 93' lang='lat' dir='ltr'><strong>(I</strong></span> <span class='ocrx_word' id='word_1_798' title='bbox 3386 4508 3511 4565; x_wconf 86' lang='lat' dir='ltr'><strong>Cor.</strong></span> 
     </span>
    </p>
   </div>
   <div class='ocr_carea' id='block_1_102' title="bbox 1940 4596 3514 4670">
    <p class='ocr_par' dir='ltr' id='par_1_102' title="bbox 1940 4596 3514 4670">
     <span class='ocr_line' id='line_1_102' title="bbox 1940 4596 3514 4670; baseline 0.003 -17"><span class='ocrx_word' id='word_1_799' title='bbox 1940 4600 2040 4670; x_wconf 85' lang='lat' dir='ltr'><strong>xu)</strong></span> <span class='ocrx_word' id='word_1_800' title='bbox 2069 4616 2081 4651; x_wconf 93' lang='lat'>:</span> <span class='ocrx_word' id='word_1_801' title='bbox 2108 4598 2242 4654; x_wconf 87' lang='lat' dir='ltr'><strong>alios</strong></span> <span class='ocrx_word' id='word_1_802' title='bbox 2279 4596 2600 4670; x_wconf 83' lang='lat' dir='ltr'><strong>prophetas,</strong></span> <span class='ocrx_word' id='word_1_803' title='bbox 2633 4600 2725 4669; x_wconf 86' lang='lat' dir='ltr'><strong>qui</strong></span> <span class='ocrx_word' id='word_1_804' title='bbox 2755 4608 2981 4655; x_wconf 89' lang='lat' dir='ltr'><strong>ventura</strong></span> <span class='ocrx_word' id='word_1_805' title='bbox 3016 4601 3339 4670; x_wconf 63' lang='lat' dir='ltr'><strong>praedicant;</strong></span> <span class='ocrx_word' id='word_1_806' title='bbox 3375 4600 3514 4658; x_wconf 90' lang='lat' dir='ltr'><strong>alios</strong></span> 
     </span>
    </p>
   </div>
   <div class='ocr_carea' id='block_1_103' title="bbox 1938 4692 3514 4763">
    <p class='ocr_par' dir='ltr' id='par_1_103' title="bbox 1938 4692 3514 4763">
     <span class='ocr_line' id='line_1_103' title="bbox 1938 4692 3514 4763; baseline 0.001 -15"><span class='ocrx_word' id='word_1_807' title='bbox 1938 4692 2227 4763; x_wconf 87' lang='lat' dir='ltr'><strong>sapientes,</strong></span> <span class='ocrx_word' id='word_1_808' title='bbox 2274 4692 2366 4762; x_wconf 91' lang='lat' dir='ltr'><strong>qui</strong></span> <span class='ocrx_word' id='word_1_809' title='bbox 2406 4699 2682 4747; x_wconf 78' lang='lat' dir='ltr'><strong>noverunt</strong></span> <span class='ocrx_word' id='word_1_810' title='bbox 2728 4692 2942 4761; x_wconf 88' lang='lat' dir='ltr'><strong>quando</strong></span> <span class='ocrx_word' id='word_1_811' title='bbox 2992 4694 3225 4748; x_wconf 86' lang='lat' dir='ltr'><strong>debeant</strong></span> <span class='ocrx_word' id='word_1_812' title='bbox 3269 4692 3514 4763; x_wconf 84' lang='lat' dir='ltr'><strong>proferre</strong></span> 
     </span>
    </p>
   </div>
   <div class='ocr_carea' id='block_1_104' title="bbox 1936 4783 3510 4855">
    <p class='ocr_par' dir='ltr' id='par_1_104' title="bbox 1936 4783 3510 4855">
     <span class='ocr_line' id='line_1_104' title="bbox 1936 4783 3510 4855; baseline -0.001 -14"><span class='ocrx_word' id='word_1_813' title='bbox 1936 4799 2280 4850; x_wconf 86' lang='lat' dir='ltr'><strong>sermonem;</strong></span> <span class='ocrx_word' id='word_1_814' title='bbox 2327 4784 2463 4839; x_wconf 88' lang='lat' dir='ltr'><strong>alios</strong></span> <span class='ocrx_word' id='word_1_815' title='bbox 2510 4784 2714 4838; x_wconf 88' lang='lat' dir='ltr'><strong>scribas</strong></span> <span class='ocrx_word' id='word_1_816' title='bbox 2753 4783 2811 4838; x_wconf 91' lang='lat' dir='ltr'><strong>in</strong></span> <span class='ocrx_word' id='word_1_817' title='bbox 2844 4783 2962 4854; x_wconf 77' lang='lat' dir='ltr'><strong>lege</strong></span> <span class='ocrx_word' id='word_1_818' title='bbox 3009 4785 3385 4849; x_wconf 84' lang='lat' dir='ltr'><strong>doctissimos,</strong></span> <span class='ocrx_word' id='word_1_819' title='bbox 3418 4784 3510 4855; x_wconf 87' lang='lat' dir='ltr'><strong>qui</strong></span> 
     </span>
    </p>
   </div>
   <div class='ocr_carea' id='block_1_105' title="bbox 1938 4874 3512 4946">
    <p class='ocr_par' dir='ltr' id='par_1_105' title="bbox 1938 4874 3512 4946">
     <span class='ocr_line' id='line_1_105' title="bbox 1938 4874 3512 4946; baseline 0 -13"><span class='ocrx_word' id='word_1_820' title='bbox 1938 4876 2252 4933; x_wconf 86' lang='lat' dir='ltr'><strong>describunt</strong></span> <span class='ocrx_word' id='word_1_821' title='bbox 2274 4875 2327 4930; x_wconf 92' lang='lat' dir='ltr'><strong>in</strong></span> <span class='ocrx_word' id='word_1_822' title='bbox 2352 4874 2548 4930; x_wconf 91' lang='lat' dir='ltr'><strong>tabulis</strong></span> <span class='ocrx_word' id='word_1_823' title='bbox 2576 4875 2757 4930; x_wconf 87' lang='lat' dir='ltr'><strong>cordis</strong></span> <span class='ocrx_word' id='word_1_824' title='bbox 2783 4875 2889 4940; x_wconf 88' lang='lat' dir='ltr'><strong>sui,</strong></span> <span class='ocrx_word' id='word_1_825' title='bbox 2921 4889 2988 4930; x_wconf 84' lang='lat' dir='ltr'><strong>ex</strong></span> <span class='ocrx_word' id='word_1_826' title='bbox 3014 4875 3205 4945; x_wconf 80' lang='lat' dir='ltr'><strong>quibus</strong></span> <span class='ocrx_word' id='word_1_827' title='bbox 3244 4875 3512 4946; x_wconf 84' lang='lat' dir='ltr'><strong>lapidatus</strong></span> 
     </span>
    </p>
   </div>
   <div class='ocr_carea' id='block_1_106' title="bbox 1937 4963 3508 5036">
    <p class='ocr_par' dir='ltr' id='par_1_106' title="bbox 1937 4963 3508 5036">
     <span class='ocr_line' id='line_1_106' title="bbox 1937 4963 3508 5036; baseline -0.001 -13"><span class='ocrx_word' id='word_1_828' title='bbox 1937 4977 2023 5024; x_wconf 89' lang='lat' dir='ltr'><strong>est</strong></span> <span class='ocrx_word' id='word_1_829' title='bbox 2069 4966 2398 5036; x_wconf 82' lang='lat' dir='ltr'><strong>Stephanus,</strong></span> <span class='ocrx_word' id='word_1_830' title='bbox 2441 4965 2639 5019; x_wconf 87' lang='lat' dir='ltr'><strong>Paulus</strong></span> <span class='ocrx_word' id='word_1_831' title='bbox 2683 4964 2917 5032; x_wconf 90' lang='lat' dir='ltr'><strong>occisus,</strong></span> <span class='ocrx_word' id='word_1_832' title='bbox 2968 4964 3258 5021; x_wconf 84' lang='lat' dir='ltr'><strong>cruciﬁxus</strong></span> <span class='ocrx_word' id='word_1_833' title='bbox 3300 4963 3508 5032; x_wconf 83' lang='lat' dir='ltr'><strong>Petrus,</strong></span> 
     </span>
    </p>
   </div>
   <div class='ocr_carea' id='block_1_107' title="bbox 1937 5055 3508 5129">
    <p class='ocr_par' dir='ltr' id='par_1_107' title="bbox 1937 5055 3508 5129">
     <span class='ocr_line' id='line_1_107' title="bbox 1937 5055 3508 5129; baseline -0.002 -16"><span class='ocrx_word' id='word_1_834' title='bbox 1937 5058 2192 5129; x_wconf 81' lang='lat' dir='ltr'><strong>ﬁagcllati</strong></span> <span class='ocrx_word' id='word_1_835' title='bbox 2224 5058 2280 5111; x_wconf 92' lang='lat' dir='ltr'><strong>in</strong></span> <span class='ocrx_word' id='word_1_836' title='bbox 2326 5056 2551 5111; x_wconf 88' lang='lat' dir='ltr'><strong>Actibus</strong></span> <span class='ocrx_word' id='word_1_837' title='bbox 2580 5055 2960 5126; x_wconf 82' lang='lat' dir='ltr'><strong>Apostolorum</strong></span> <span class='ocrx_word' id='word_1_838' title='bbox 2991 5055 3259 5125; x_wconf 85' lang='lat' dir='ltr'><strong>discipuli,</strong></span> <span class='ocrx_word' id='word_1_839' title='bbox 3294 5064 3349 5111; x_wconf 89' lang='lat' dir='ltr'><strong>et</strong></span> <span class='ocrx_word' id='word_1_840' title='bbox 3382 5071 3508 5126; x_wconf 64' lang='lat' dir='ltr'><strong>pero</strong></span> 
     </span>
    </p>
   </div>
   <div class='ocr_carea' id='block_1_108' title="bbox 1936 5145 3509 5216">
    <p class='ocr_par' dir='ltr' id='par_1_108' title="bbox 1936 5145 3509 5216">
     <span class='ocr_line' id='line_1_108' title="bbox 1936 5145 3509 5216; baseline -0.002 -13"><span class='ocrx_word' id='word_1_841' title='bbox 1936 5149 2105 5204; x_wconf 84' lang='lat' dir='ltr'><strong>secuti</strong></span> <span class='ocrx_word' id='word_1_842' title='bbox 2143 5162 2238 5202; x_wconf 91' lang='lat' dir='ltr'><strong>eos</strong></span> <span class='ocrx_word' id='word_1_843' title='bbox 2265 5154 2392 5200; x_wconf 92' lang='lat' dir='ltr'><strong>sunt</strong></span> <span class='ocrx_word' id='word_1_844' title='bbox 2412 5146 2478 5201; x_wconf 89' lang='lat' dir='ltr'><strong>de</strong></span> <span class='ocrx_word' id='word_1_845' title='bbox 2511 5146 2730 5200; x_wconf 90' lang='lat' dir='ltr'><strong>civitate</strong></span> <span class='ocrx_word' id='word_1_846' title='bbox 2759 5145 2816 5201; x_wconf 91' lang='lat' dir='ltr'><strong>in</strong></span> <span class='ocrx_word' id='word_1_847' title='bbox 2851 5146 3147 5211; x_wconf 89' lang='lat' dir='ltr'><strong>civitatem,</strong></span> <span class='ocrx_word' id='word_1_848' title='bbox 3178 5145 3509 5216; x_wconf 79' lang='lat' dir='ltr'><strong>expellentes</strong></span> 
     </span>
    </p>
   </div>
   <div class='ocr_carea' id='block_1_109' title="bbox 1936 5235 3503 5308">
    <p class='ocr_par' dir='ltr' id='par_1_109' title="bbox 1936 5235 3503 5308">
     <span class='ocr_line' id='line_1_109' title="bbox 1936 5235 3503 5308; baseline -0.003 -14"><span class='ocrx_word' id='word_1_849' title='bbox 1936 5240 2002 5295; x_wconf 90' lang='lat' dir='ltr'><strong>de</strong></span> <span class='ocrx_word' id='word_1_850' title='bbox 2026 5237 2230 5301; x_wconf 74' lang='lat' dir='ltr'><strong>Judaea,</strong></span> <span class='ocrx_word' id='word_1_851' title='bbox 2272 5244 2333 5291; x_wconf 91' lang='lat' dir='ltr'><strong>ut</strong></span> <span class='ocrx_word' id='word_1_852' title='bbox 2363 5237 2430 5291; x_wconf 93' lang='lat' dir='ltr'><strong>ad</strong></span> <span class='ocrx_word' id='word_1_853' title='bbox 2467 5236 2704 5308; x_wconf 89' lang='lat' dir='ltr'><strong>gentium</strong></span> <span class='ocrx_word' id='word_1_854' title='bbox 2750 5235 3002 5306; x_wconf 86' lang='lat' dir='ltr'><strong>p0pulum</strong></span> <span class='ocrx_word' id='word_1_855' title='bbox 3032 5236 3503 5305; x_wconf 82' lang='lat' dir='ltr'><strong>transmigrarent.</strong></span> 
     </span>
    </p>
   </div>
   <div class='ocr_carea' id='block_1_110' title="bbox 2010 5325 3510 5399">
    <p class='ocr_par' dir='ltr' id='par_1_110' title="bbox 2010 5325 3510 5399">
     <span class='ocr_line' id='line_1_110' title="bbox 2010 5325 3510 5399; baseline -0.003 -15"><span class='ocrx_word' id='word_1_856' title='bbox 2010 5328 2077 5385; x_wconf 85' lang='lat' dir='ltr'><strong>Ut</strong></span> <span class='ocrx_word' id='word_1_857' title='bbox 2108 5330 2276 5383; x_wconf 88' lang='lat' dir='ltr'><strong>veniat</strong></span> <span class='ocrx_word' id='word_1_858' title='bbox 2303 5344 2459 5399; x_wconf 86' lang='lat' dir='ltr'><strong>super</strong></span> <span class='ocrx_word' id='word_1_859' title='bbox 2480 5344 2569 5382; x_wconf 91' lang='lat' dir='ltr'><strong>vos</strong></span> <span class='ocrx_word' id='word_1_860' title='bbox 2598 5329 2764 5382; x_wconf 90' lang='lat' dir='ltr'><strong>omnis</strong></span> <span class='ocrx_word' id='word_1_861' title='bbox 2791 5328 3004 5398; x_wconf 88' lang='lat' dir='ltr'><strong>sanguis</strong></span> <span class='ocrx_word' id='word_1_862' title='bbox 3041 5329 3241 5398; x_wconf 86' lang='lat' dir='ltr'><strong>justus,</strong></span> <span class='ocrx_word' id='word_1_863' title='bbox 3257 5325 3346 5397; x_wconf 87' lang='lat' dir='ltr'><strong>qui</strong></span> <span class='ocrx_word' id='word_1_864' title='bbox 3374 5326 3510 5395; x_wconf 66' lang='grc' dir='ltr'><strong>επα-</strong></span> 
     </span>
    </p>
   </div>
   <div class='ocr_carea' id='block_1_111' title="bbox 1937 5415 3510 5489">
    <p class='ocr_par' dir='ltr' id='par_1_111' title="bbox 1937 5415 3510 5489">
     <span class='ocr_line' id='line_1_111' title="bbox 1937 5415 3510 5489; baseline -0.002 -15"><span class='ocrx_word' id='word_1_865' title='bbox 1937 5437 2027 5474; x_wconf 87' lang='lat' dir='ltr'><strong>sus</strong></span> <span class='ocrx_word' id='word_1_866' title='bbox 2048 5427 2121 5473; x_wconf 88' lang='lat' dir='ltr'><strong>est</strong></span> <span class='ocrx_word' id='word_1_867' title='bbox 2148 5434 2302 5488; x_wconf 82' lang='lat' dir='ltr'><strong>super</strong></span> <span class='ocrx_word' id='word_1_868' title='bbox 2330 5426 2542 5470; x_wconf 84' lang='lat' dir='ltr'><strong>terram.</strong></span> <span class='ocrx_word' id='word_1_869' title='bbox 2571 5416 2671 5489; x_wconf 81' lang='lat' dir='ltr'><strong>(Ex</strong></span> <span class='ocrx_word' id='word_1_870' title='bbox 2700 5415 2887 5489; x_wconf 87' lang='lat' dir='ltr'><strong>Beda.)</strong></span> <span class='ocrx_word' id='word_1_871' title='bbox 2920 5416 3210 5485; x_wconf 64' lang='lat' dir='ltr'><strong>Quaaritur,</strong></span> <span class='ocrx_word' id='word_1_872' title='bbox 3238 5416 3510 5484; x_wconf 90' lang='lat' dir='ltr'><strong>quomodo</strong></span> 
     </span>
    </p>
   </div>
   <div class='ocr_carea' id='block_1_112' title="bbox 1938 5505 3512 5581">
    <p class='ocr_par' dir='ltr' id='par_1_112' title="bbox 1938 5505 3512 5581">
     <span class='ocr_line' id='line_1_112' title="bbox 1938 5505 3512 5581; baseline -0.001 -15"><span class='ocrx_word' id='word_1_873' title='bbox 1938 5510 2159 5581; x_wconf 83' lang='lat' dir='ltr'><strong>sanguis</strong></span> <span class='ocrx_word' id='word_1_874' title='bbox 2206 5506 2445 5563; x_wconf 91' lang='lat' dir='ltr'><strong>omnium</strong></span> <span class='ocrx_word' id='word_1_875' title='bbox 2492 5507 2877 5579; x_wconf 86' lang='lat' dir='ltr'><strong>prophetarum</strong></span> <span class='ocrx_word' id='word_1_876' title='bbox 2927 5517 3088 5577; x_wconf 89' lang='lat' dir='ltr'><strong>atque</strong></span> <span class='ocrx_word' id='word_1_877' title='bbox 3120 5505 3394 5577; x_wconf 90' lang='lat' dir='ltr'><strong>justorum</strong></span> <span class='ocrx_word' id='word_1_878' title='bbox 3439 5506 3512 5564; x_wconf 86' lang='lat' dir='ltr'><strong>ab</strong></span> 
     </span>
    </p>
   </div>
   <div class='ocr_carea' id='block_1_113' title="bbox 1928 5597 3507 5668">
    <p class='ocr_par' dir='ltr' id='par_1_113' title="bbox 1928 5597 3507 5668">
     <span class='ocr_line' id='line_1_113' title="bbox 1928 5597 3507 5668; baseline -0.003 -12"><span class='ocrx_word' id='word_1_879' title='bbox 1928 5606 2045 5657; x_wconf 86' lang='lat' dir='ltr'><strong>una</strong></span> <span class='ocrx_word' id='word_1_880' title='bbox 2071 5598 2374 5653; x_wconf 64' lang='lat' dir='ltr'><strong>Iudaeorum</strong></span> <span class='ocrx_word' id='word_1_881' title='bbox 2405 5597 2753 5668; x_wconf 84' lang='lat' dir='ltr'><strong>generatione</strong></span> <span class='ocrx_word' id='word_1_882' title='bbox 2776 5598 3099 5667; x_wconf 74' lang='lat' dir='ltr'><strong>requiratur,</strong></span> <span class='ocrx_word' id='word_1_883' title='bbox 3123 5611 3246 5651; x_wconf 91' lang='lat' dir='ltr'><strong>cum</strong></span> <span class='ocrx_word' id='word_1_884' title='bbox 3274 5603 3334 5652; x_wconf 91' lang='lat' dir='ltr'><strong>et</strong></span> <span class='ocrx_word' id='word_1_885' title='bbox 3351 5597 3507 5653; x_wconf 89' lang='lat' dir='ltr'><strong>multi</strong></span> 
     </span>
    </p>
   </div>
   <div class='ocr_carea' id='block_1_114' title="bbox 1940 5686 3508 5758">
    <p class='ocr_par' dir='ltr' id='par_1_114' title="bbox 1940 5686 3508 5758">
     <span class='ocr_line' id='line_1_114' title="bbox 1940 5686 3508 5758; baseline -0.002 -12"><span class='ocrx_word' id='word_1_886' title='bbox 1940 5699 2268 5754; x_wconf 87' lang='lat' dir='ltr'><strong>sanctorum,</strong></span> <span class='ocrx_word' id='word_1_887' title='bbox 2306 5686 2417 5742; x_wconf 88' lang='lat' dir='ltr'><strong>sive</strong></span> <span class='ocrx_word' id='word_1_888' title='bbox 2447 5695 2572 5743; x_wconf 84' lang='lat' dir='ltr'><strong>ante</strong></span> <span class='ocrx_word' id='word_1_889' title='bbox 2601 5687 3049 5755; x_wconf 88' lang='lat' dir='ltr'><strong>incarnationem,</strong></span> <span class='ocrx_word' id='word_1_890' title='bbox 3074 5701 3169 5742; x_wconf 87' lang='lat' dir='ltr'><strong>seu</strong></span> <span class='ocrx_word' id='word_1_891' title='bbox 3212 5697 3334 5758; x_wconf 87' lang='lat' dir='ltr'><strong>post</strong></span> <span class='ocrx_word' id='word_1_892' title='bbox 3359 5702 3508 5743; x_wconf 86' lang='lat' dir='ltr'><strong>mor-</strong></span> 
     </span>
    </p>
   </div>
  </div>
