4110 6480
559 317 633 377 39
1835 304 2113 368 SMABAC
2121 309 2187 364 Di
2223 307 2514 365 ABBATIS
3737 299 3809 355 ιο

559 448 691 502 tem,
711 435 1272 505 resmrectionedrque
1299 432 1595 488 Saivatoris
1622 433 1690 487 ab
1718 431 1837 487 aliis
1865 439 1990 487 sunt
2029 442 2130 482 na-
2159 428 2213 488 Α
2238 422 2392 479 nobis
2411 423 2740 478 tribueretur
2765 420 2966 477 erroris
2988 419 3238 484 facultas,
3254 416 3539 474 manifeste
3551 416 3810 485 ostendit,

559 527 795 582 tionibus
838 524 1169 594 interempti,
1209 532 1265 579 et
1301 524 1415 594 ipse
1456 523 1735 589 Dominus,
1764 519 1963 579 Iudaeis
2008 523 2135 577 licet

558 617 1000 682 acclamantibus,
1028 631 1059 670 a
1080 615 1323 670 Romano
1370 625 1549 671 tamen
1570 614 1820 686 praeside,
1848 616 2135 672 Romanis-

558 722 664 778 que
689 707 761 763 sit
790 704 1048 762 militibus
1073 705 1379 762 cruciﬁxus.
1411 706 1515 762 Sed
1570 707 1738 763 moris
1783 717 1867 763 est
1893 706 2135 778 Scriptu-

559 816 765 864 rarum,
789 800 921 855 duas
944 813 1085 868 stupe
1108 799 1487 870 generationes
1520 801 1797 855 hominum
1814 841 1829 864 ,
1863 799 2132 855 bonorum

559 891 765 945 scilicet
790 898 845 944 et
890 889 1176 956 maiorum,
1210 898 1540 959 computare,
1570 891 1675 944 hoc
1700 897 1803 955 est,
1829 903 2016 945 eorum
2046 888 2136 959 qui

560 996 661 1034 non
686 996 751 1033 ea:
783 980 1147 1051 sanguinibus,
1175 997 1337 1053 neque
1362 997 1426 1035 ex
1456 980 1716 1036 voluntate
1738 982 1934 1045 carnis,
1971 995 2136 1051 neque

558 1085 622 1124 ea:
647 1068 910 1124 voluntate
954 1071 1071 1135 viri,
1101 1070 1192 1126 sed
1231 1087 1295 1125 ex
1342 1070 1451 1125 Deo
1512 1072 1621 1125 nati
1651 1080 1790 1135 sunt,
1822 1080 1878 1126 et
1900 1087 2089 1126 eorum
2117 1112 2133 1137 ,

559 1159 752 1229 quibus
786 1160 1022 1216 dicitur:
1062 1161 1165 1216 Vos
1193 1178 1260 1215 ea:
1291 1171 1439 1232 patre
1472 1160 1681 1215 diabolo
1704 1163 1849 1227 estis,
1879 1169 1934 1216 et
1962 1161 2087 1218 alibi
2117 1181 2131 1216 :

556 1249 856 1322 Serpentes,
884 1253 1147 1323 generatio
1182 1254 1495 1324 viperarum.

630 1340 903 1413 (Hieron.)
944 1344 1195 1399 Dicamus
1220 1344 1459 1399 breviter
1481 1385 1496 1409 ,
1546 1358 1715 1415 quare
1741 1342 1961 1414 sanguis
2001 1342 2135 1398 Abel

554 1430 685 1501 justi
715 1444 884 1502 usque
924 1433 990 1487 ad
1026 1432 1346 1489 Zachariam
1400 1434 1567 1488 ﬁlium
1592 1435 1883 1498 Barachiae,
1919 1434 1987 1489 ab
2046 1433 2137 1488 illa

560 1524 906 1594 generatione
963 1530 1265 1594 quaeratur,
1315 1539 1439 1580 cum
1477 1537 1727 1581 neutrum
1758 1540 1944 1580 eorum
1993 1524 2138 1579 occi-

560 1613 732 1668 derit?
769 1612 972 1685 Regula
1017 1613 1417 1685 Scripturarum
1448 1624 1550 1682 est,
1576 1616 1712 1670 duas
1740 1615 2135 1686 generationes,

559 1703 822 1758 honorum
856 1704 940 1759 vel
970 1704 1236 1761 malorum
1260 1719 1438 1761 nosse.
1471 1705 1758 1771 Bonorum,
1790 1707 1855 1762 de
1872 1722 1978 1776 qua
2006 1707 2136 1761 scri-

2238 512 2305 567 de
2323 526 2430 582 quo
2449 512 2581 567 dicit
2618 511 2741 577 hoc,
2764 509 2908 581 quod
2932 509 3172 563 additum
3193 516 3316 564 est:
3352 506 3519 573 Quem
3548 506 3812 562 occidistis

2234 603 2372 657 inter
2400 601 2647 673 templum
2673 610 2720 655 et
2753 599 2938 663 altare,
2972 599 3122 655 illum
3151 597 3457 666 signiﬁcare
3489 596 3811 653 Zachariam

2233 694 2442 759 volens,
2466 693 2558 763 qui
2583 692 2794 748 occisus
2821 699 2905 746 est
2932 706 2962 744 a
2985 689 3113 744 Joas
3142 704 3270 761 rege
3300 686 3453 743 Iuda:
3476 726 3492 754 ,
3537 687 3681 743 sicut
3702 687 3812 743 Re-

2235 797 2361 853 gum
2391 790 2578 837 narrat
2628 781 2872 836 historia.
2918 778 3024 835 Sed
3078 778 3474 834 observandum
3530 777 3674 847 quod
3725 776 3815 837 ille

2235 871 2529 927 Zacharias
2555 885 2660 925 non
2684 870 2755 924 sit
2780 868 2923 923 ﬁlius
2951 867 3227 923 Baraebia:
3250 900 3267 931 φ
3329 866 3423 921 sed
3449 865 3591 920 ﬁlius
3629 864 3816 923 Joadaa

2235 958 2553 1022 sacerdotis,
2579 958 2721 1013 unde
2740 956 3016 1027 Scriptura
3045 955 3248 1011 refert:
3282 954 3406 1009 Non
3443 955 3543 1025 fuit
3571 956 3815 1010 recorded

2235 1058 2317 1103 tus
2337 1047 2469 1101 loas
2494 1048 2659 1113 patris
2684 1046 2797 1116 ejus
2838 1044 3027 1099 Joada:
3051 1085 3066 1109 ,
3118 1060 3236 1114 quae
3285 1043 3383 1098 sibi
3433 1043 3637 1112 fecisset
3676 1042 3815 1097 bona

2236 1138 2322 1210 (11
2348 1136 2478 1191 Par.
2511 1138 2684 1205 xxiv).
2730 1135 2865 1192 Cum
2910 1150 3041 1207 ergo
3067 1134 3386 1190 Zachariam
3425 1143 3706 1190 teneamus
3759 1141 3816 1189 et

2234 1225 2489 1281 occisioni
2520 1225 2823 1281 consentiat
2847 1224 3018 1289 locus,
3042 1223 3333 1292 quaerimus
3357 1237 3522 1291 quare
3536 1221 3816 1277 Barachite

2235 1316 2434 1370 dicitur
2464 1314 2603 1368 ﬁlius
2651 1321 2708 1368 et
2734 1328 2841 1368 non
2868 1310 3067 1367 Joadze.
3098 1310 3391 1364 Barachias
3420 1310 3474 1364 in
3503 1310 3684 1380 lingua
3712 1324 3799 1363 no-

2235 1416 2348 1463 stra
2376 1406 2695 1462 benedictus
2729 1405 2940 1461 Domini
2972 1404 3188 1467 dicitur,
3213 1411 3268 1456 et
3297 1401 3464 1456 Joatla
3501 1400 3711 1471 iustitia
3738 1401 3816 1454 in-

2236 1510 2581 1573 terpretatur,
2613 1508 2669 1557 et
2720 1500 2842 1555 ideo
2886 1500 2972 1553 vir
3012 1497 3222 1569 justitia
3261 1495 3470 1567 plenus,
3499 1493 3815 1550 benedictus

2234 1595 2447 1650 Domini
2485 1602 2631 1649 recte
2666 1591 2982 1662 appellatur.

2309 1702 2660 1768 Hierusalem,
2696 1699 3055 1764 Hierusalem,
3099 1714 3216 1769 qua:
3242 1696 3436 1751 occidis
3459 1694 3739 1767 prapltetos
3764 1703 3816 1749 et

558 1803 709 1863 ptum
734 1802 854 1877 est:
886 1794 1017 1849 ch
1046 1806 1119 1850 est
1142 1796 1405 1867 generatio
1440 1798 1783 1866 qua’rentium
1818 1795 2097 1851 Dominum
2119 1837 2133 1861 ,
2166 1776 2213 1835 Β
2241 1794 2445 1867 lapidas
2471 1811 2557 1848 eos
2579 1794 2669 1865 qui
2692 1791 2763 1846 ad
2788 1802 2837 1845 te
2879 1790 3026 1845 missi
3053 1799 3193 1844 sunt.
3217 1787 3320 1858 (Ex
3355 1785 3527 1877 Hier.)
3559 1784 3817 1877 Hierusaa

557 1885 903 1953 qumrentium
932 1884 1118 1953 [aciem
1144 1883 1243 1939 Dei
1274 1884 1439 1940 Iacob
1465 1885 1640 1958 (Psal.
1669 1885 1841 1958 xxnv),
1866 1894 1922 1941 et
1946 1887 2002 1941 in
2031 1887 2136 1942 alio

559 1970 679 2027 loco
713 1971 779 2027 de
806 1973 1055 2028 omnibus
1086 1974 1287 2029 sanctis
1321 1990 1333 2027 :
1368 1972 1643 2029 Generatio
1690 1984 1945 2030 rectorum
1985 1978 2139 2031 bene-

560 2059 763 2115 dicetur
791 2059 962 2133 (Psal.
988 2062 1141 2135 cm).
1158 2063 1233 2117 De
1260 2062 1417 2118 malis
1437 2078 1567 2118 vero
1591 2082 1605 2118 :
1630 2061 1907 2119 Generatio
1929 2065 2136 2136 vipera-

563 2165 702 2215 rum,
739 2159 795 2205 et
822 2166 834 2205 :
862 2151 1210 2223 Requirentur
1258 2154 1433 2208 omnia
1474 2172 1505 2209 a
1538 2156 1869 2226 generatione
1904 2156 2025 2212 ista.
2072 2157 2140 2212 Et

561 2240 689 2295 illud
720 2260 732 2295 :
775 2240 1052 2298 Generatio
1079 2262 1242 2316 prava
1281 2255 1435 2318 atque
1456 2260 1727 2318 perversa,
1764 2248 1993 2303 haeccine
2017 2250 2137 2303 red—

565 2330 649 2386 dis
681 2330 926 2399 Domino,
951 2333 1139 2404 popule
1158 2334 1314 2389 stulte
1339 2345 1385 2390 et
1408 2337 1655 2407 insipiens
1676 2336 1853 2409 (Deut.
1870 2351 2042 2403 χχιιι,
2059 2337 2141 2410 6)?

562 2430 645 2477 et:
662 2421 807 2477 Gens
827 2424 944 2479 sine
967 2425 1194 2480 consilio
1209 2433 1262 2480 et
1284 2427 1400 2481 sine
1420 2428 1739 2497 prudentia?
1757 2426 1899 2500 Ergo
1921 2428 2032 2494 isti,
2049 2429 2141 2499 qui

561 2514 757 2572 similia
786 2514 919 2572 Cain
945 2526 999 2571 et
1018 2514 1145 2573 Joas
1165 2526 1354 2574 contra
1378 2519 1664 2589 Apostolos
1690 2529 1973 2591 gesserunt
2000 2560 2017 2587 ,
2074 2521 2142 2577 de

560 2620 670 2660 una
704 2607 1048 2677 generatione
1089 2623 1211 2663 esse
1247 2607 1593 2664 referuntur:
1620 2618 1676 2664 et
1697 2625 1884 2665 omnes
1927 2610 2136 2674 sancti,

561 2694 656 2763 qui
687 2694 889 2750 similes
914 2696 968 2750 in
999 2696 1290 2751 virtutibus
1316 2705 1461 2763 sunt,
1486 2711 1593 2752 una
1615 2698 1894 2768 generatio
1924 2713 2042 2754 esse
2063 2699 2143 2754 vi-

563 2786 742 2842 detur.

634 2876 679 2930 Α
712 2878 964 2949 sanguine
996 2876 1123 2935 Abel
1151 2876 1291 2951 justi
1313 2890 1474 2953 usque
1502 2878 1573 2935 ad
1599 2882 1905 2953 sanguinem
1942 2881 2145 2938 Zacha-

565 2968 661 3021 riae
685 2968 784 3036 ﬁlii
810 2969 1108 3025 Baracltice.
1134 2971 1233 3042 (Es
1264 2971 1451 3043 Beda.)
1474 2972 1743 3040 Quaeritur
1761 2990 1861 3030 cur
1881 2975 2015 3031 duos
2043 2976 2144 3031 hos

565 3058 872 3127 specialiter
920 3060 1099 3130 posuit
1126 3062 1259 3117 Abel
1289 3069 1344 3117 et
1388 3062 1736 3129 Zachariam,
1789 3064 1915 3135 quia
1954 3074 2146 3121 neuter

567 3152 695 3200 tunc
720 3158 957 3216 praesens
982 3147 1101 3211 fuit,
1133 3159 1187 3204 et
1208 3161 1389 3221 postea
1417 3152 1565 3207 multi
1602 3154 1671 3209 ab
1716 3154 1797 3209 eis
1844 3156 2017 3210 sancti
2048 3172 2144 3211 oc-

567 3234 666 3288 cisi
703 3244 857 3301 sunt,
879 3237 1135 3293 nimirum
1170 3254 1268 3310 pro
1292 3242 1597 3311 mquaiitate
1623 3244 1988 3314 piaculi.Cain
2003 3228 2148 3300 enim

566 3327 766 3382 occidit
794 3328 926 3383 Abel
960 3330 1184 3387 fratrem
1216 3349 1371 3389 suum
1398 3376 1414 3400 ,
1464 3336 1608 3391 nulla
1654 3352 1814 3393 causa
1841 3337 1989 3407 justa
2034 3338 2151 3393 exié

566 3426 763 3474 stente.
795 3418 922 3476 Joas
947 3437 1161 3493 quoque
1205 3440 1301 3480 res
1337 3426 1504 3482 ﬁlium
1536 3429 1833 3485 sacerdotis
1862 3431 2150 3486 nutrientis

567 3524 628 3564 se
654 3518 709 3563 et
730 3511 1007 3580 eripientis
1032 3514 1097 3569 de
1126 3524 1317 3581 morte,
1343 3526 1399 3571 et
1429 3519 1483 3571 in
1508 3518 1709 3589 templo
1757 3529 1964 3589 septem
1993 3522 2151 3577 annis

567 3597 950 3656 abscondentis
994 3615 1072 3667 se,
1100 3618 1225 3658 cum
1270 3604 1501 3670 Athalia,
1532 3610 1651 3662 avia
1702 3608 1836 3677 ejus,
1865 3625 2025 3665 onme
2072 3626 2154 3666 se-

571 3705 694 3746 men
716 3692 948 3764 regium,
978 3694 1245 3751 desiderio
1270 3698 1442 3767 regni,
1475 3694 1857 3767 interfecisset,
1885 3703 2149 3759 maxime—

572 3797 679 3853 que
707 3784 1097 3840 collactaneum
1123 3801 1280 3843 suum
1307 3804 1322 3854 ;
1371 3778 1563 3843 horum
1581 3829 1596 3854 ,
1646 3789 1889 3862 inquam,
1910 3793 2151 3847 omnium

572 3874 792 3942 oblitus,
824 3874 1114 3932 interfecit.
1172 3873 1303 3934 Item
1342 3882 1643 3951 quaeritur:
1672 3882 1731 3938 Si
1793 3884 2014 3955 sanguis
2049 3886 2151 3940 ho-

573 3979 716 4030 rum,
749 3966 837 4035 qui
868 3975 990 4037 post
1015 3968 1158 4024 hunc
1193 3970 1356 4025 occisi
1389 3980 1533 4037 sunt,
1557 3973 1704 4027 venit
1729 3989 1892 4045 super
1919 3990 2031 4041 eos,
2072 3974 2155 4030 ni-

573 4057 773 4111 mirum
819 4057 1114 4115 Zacharias
1142 4068 1357 4117 sanctos
1402 4062 1455 4117 in
1490 4062 1595 4118 ﬁne
1641 4065 1828 4120 mundi
1873 4081 2152 4136 passuros,

575 4148 864 4218 signiﬁcat,
887 4165 1118 4221 quorum
1145 4152 1386 4209 omnium
1426 4156 1647 4227 sanguis
1670 4158 1853 4213 Veniet
1876 4170 2039 4229 super
2063 4172 2157 4230 ge-

576 4239 912 4295 nerationem
939 4241 1134 4295 malam
1152 4282 1167 4307 ,
1196 4243 1349 4312 cujus
1382 4245 1589 4301 malitia
1618 4248 1768 4303 unita
1791 4257 1895 4315 est,
1922 4263 2091 4320 quare
2123 4266 2155 4305 a

578 4328 839 4398 sanguine
873 4330 1027 4396 Abel,
1059 4333 1150 4401 qui
1182 4335 1390 4403 primus
1435 4339 1753 4409 martyrium
1806 4355 1998 4411 passus
2031 4351 2116 4398 est
2137 4384 2154 4409 ,

2238 1885 2368 1951 lem,
2390 1901 2495 1940 non
2526 1898 2656 1940 saxa
2685 1889 2740 1937 et
2784 1880 3007 1937 aediﬁcia
3061 1879 3315 1943 civitatis,
3346 1876 3438 1932 sed
3485 1876 3817 1933 habitatores

2238 1985 2414 2041 vocat,
2444 1991 2603 2046 quam
2632 1974 2801 2045 patris
2822 1972 3025 2044 plangit
3076 1970 3306 2034 aﬁ‘ectu,
3356 1969 3495 2024 sicut
3522 1975 3578 2023 et
3624 1967 3677 2021 in
3712 1966 3820 2022 alio

2240 2066 2357 2123 loco
2376 2066 2625 2137 legimus,
2651 2063 2794 2135 quod
2813 2062 3001 2118 videns
3025 2076 3164 2125 eam,
3189 2059 3395 2114 fleverit
3422 2057 3575 2128 (Luc.
3605 2056 3743 2128 xu).

2312 2158 2527 2225 Quoties
2559 2156 2700 2212 volui
2726 2170 3040 2226 congregare
3061 2153 3200 2223 ﬁlios
3221 2149 3817 2222 tuos,quemadmodum

2241 2245 2733 2319 gallina’congregat
2760 2242 2930 2316 pullos
2962 2258 3085 2298 suos
3121 2241 3216 2296 sub
3259 2241 3373 2295 alas
3401 2255 3547 2304 suas,
3575 2249 3622 2295 et
3646 2237 3822 2294 noluio

2241 2337 2331 2392 sti.
2371 2336 2427 2391 ln
2454 2351 2519 2391 eo
2558 2343 2737 2391 autem
2779 2333 2922 2404 quod
2968 2332 3100 2388 dicit
3135 2347 3150 2386 :
3182 2330 3396 2398 Quoties
3432 2330 3570 2386 volui
3606 2342 3822 2400 congre-

2242 2442 2368 2498 gare
2398 2425 2535 2495 ﬁlios
2558 2434 2698 2491 tuos,
2720 2438 2908 2480 omnes
2934 2430 3079 2478 retro
3106 2423 3397 2494 prophetas
3438 2437 3469 2475 a
3513 2435 3575 2477 se
3622 2420 3820 2474 missos

2245 2532 2364 2573 esse
2387 2524 2635 2572 testatur.
2668 2515 2797 2570 Avis
2819 2529 3036 2585 quoque
3060 2513 3465 2569 similitudinem
3489 2526 3823 2582 congregan-

2245 2609 2315 2664 tis
2339 2607 2439 2663 sub
2470 2607 2661 2678 pennis
2695 2608 2876 2663 nidum
2906 2622 3093 2671 suum,
3146 2606 3202 2661 in
3245 2604 3467 2661 Cantica
3493 2604 3823 2660 Deuterono-

2244 2700 2340 2756 mil
2367 2700 2624 2772 legimus:
2658 2698 2808 2754 Sicut
2837 2697 3015 2769 aquila
3063 2697 3283 2769 protegit
3328 2696 3511 2750 nidum
3536 2709 3692 2750 suum
3716 2734 3732 2760 ,
3772 2704 3823 2749 ct

2245 2807 2402 2862 super
2426 2790 2596 2862 pullos
2629 2805 2752 2844 suos
2781 2789 3092 2844 desideravi:
3118 2824 3134 2855 ,
3186 2793 3484 2858 expandens
3513 2784 3626 2839 alas
3655 2801 3780 2839 suas
3805 2822 3821 2848 ,

2246 2883 2466 2953 suscepit
2495 2898 2581 2935 eos
2602 2890 2651 2934 et
2678 2879 2797 2933 tulit
2833 2889 2988 2950 super
3024 2894 3222 2949 pennas
3249 2893 3374 2931 suas
3392 2874 3574 2939 (Deut.
3621 2875 3822 2945 xxxii).

2247 2972 2317 3028 Et
2348 2970 2593 3043 pulchre,
2624 2968 2715 3039 qui
2739 2967 3004 3023 Herodem
3046 2967 3112 3022 de
3157 2981 3253 3020 sua
3284 2979 3417 3020 nece
3458 2970 3781 3018 tractantem
3804 3003 3820 3026 ,

2249 3065 2464 3135 vulpem
2484 3070 2707 3119 vocarat
2750 3061 2901 3133 (Luc.
2935 3059 3080 3132 xm),
3123 3059 3355 3129 seipsum
3382 3058 3467 3113 avi
3523 3064 3823 3128 comparat.

2248 3152 2607 3211 Fraudulenta
2627 3152 2772 3207 enim
2792 3150 2980 3220 vulpes
3024 3164 3237 3221 semper
3258 3148 3482 3205 insidias
3503 3150 3691 3204 avibus
3714 3156 3831 3202 ten-

2248 3246 2376 3302 dere
2401 3261 2507 3300 nou
2532 3252 2729 3300 cessat.
2789 3242 2940 3310 Quod
2965 3243 3132 3298 dicit:
3168 3240 3271 3306 Qui
3295 3242 3365 3295 ad
3386 3252 3436 3296 te
3482 3242 3629 3295 missi
3678 3249 3826 3303 sunt,

2246 3340 2352 3395 hoc
2374 3345 2477 3403 est,
2490 3336 2580 3407 qui
2608 3336 2675 3390 ad
2690 3334 2987 3405 profectum
3009 3343 3158 3389 tuum
3182 3334 3329 3388 missi
3353 3332 3589 3387 fuerant.
3610 3330 3825 3398 Quoties

2248 3428 2409 3493 volui,
2445 3444 2508 3483 ac
2530 3428 2573 3482 si
2598 3427 2818 3489 diceret,
2845 3425 3082 3480 indebita
3111 3424 3291 3478 reddis
3319 3422 3474 3487 mihi,
3498 3434 3828 3493 congregare

2250 3522 2316 3577 de
2345 3521 2578 3593 Egypto
2612 3529 2666 3575 et
2708 3518 2980 3590 Babylone
3034 3518 3207 3588 pullos
3252 3518 3353 3572 sub
3379 3516 3511 3573 alas.
3558 3517 3685 3571 Dum
3728 3515 3828 3569 alae

2251 3610 2485 3675 Domini,
2513 3609 2685 3664 Moses
2717 3617 2772 3663 et
2800 3607 3001 3673 Aaron,
3031 3604 3122 3677 qui
3154 3607 3453 3662 eduxerunt
3479 3604 3733 3674 populum
3760 3603 3831 3657 de

2252 3701 2508 3772 Egypto,
2534 3700 2647 3754 sive
2669 3696 2967 3754 Zorobabel
2987 3705 3041 3754 et
3067 3698 3267 3753 Esdras
3281 3709 3336 3751 et
3351 3692 3655 3759 Nehemias,
3669 3702 3724 3748 et
3747 3692 3834 3749 Je-

2253 3808 2345 3849 sus
2375 3791 2515 3846 ﬁlius
2556 3786 2782 3845 Josedec
2830 3788 3034 3855 duces,
3084 3789 3174 3858 qui
3226 3789 3527 3844 eduxerunt
3575 3784 3832 3857 populum

2251 3885 2416 3941 Israel
2443 3885 2511 3940 dc
2542 3882 2833 3955 Babylone.
2868 3881 3141 3950 Quaeritur
3180 3881 3447 3952 quomodo
3473 3880 3604 3936 dicit
3633 3898 3648 3934 :
3683 3880 3830 3946 Quo-

2253 3978 2347 4032 ties
2376 3974 2530 4038 rolui,
2565 3990 2687 4030 cum
2719 3973 2983 4043 Propheta
3015 3972 3249 4028 dixerit:
3285 3971 3478 4026 Omnia
3524 3986 3643 4042 quis
3668 3969 3832 4025 voluit

2253 4066 2509 4122 Dominus
2540 4065 2679 4136 fecit,
2705 4063 2759 4120 id
2795 4070 2897 4129 est,
2930 4064 3074 4119 nolui
3116 4080 3182 4119 ex
3219 4079 3336 4130 me,
3360 4063 3455 4118 sed
3482 4062 3727 4119 voluistis
3763 4074 3831 4115 ex

2253 4168 2433 4215 vestra
2454 4164 2626 4228 parte.

2328 4249 2463 4303 Ecce
2492 4248 2812 4321 relinquetur
2832 4245 3018 4301 domus
3033 4251 3202 4300 vestra
3223 4241 3450 4298 deserta.
3469 4236 3567 4315 (Ex
3583 4236 3832 4309 Hieron.)

2256 4340 2371 4398 Hoc
2399 4342 2576 4413 ipsum
2600 4357 2664 4396 ex
2697 4355 2925 4411 persona
2959 4337 3241 4394 Hieremiae
3270 4336 3382 4406 jam
3416 4344 3540 4390 ante
3586 4336 3829 4390 dixerat:

578 4418 779 4523 mirum
807 4434 914 4473 non
940 4428 1043 4475 est.
1078 4421 1186 4477 Sed
1210 4439 1377 4493 quare
1403 4441 1575 4497 usque
1604 4428 1671 4482 ad
1711 4430 2025 4501 sanguinem
2056 4432 2155 4488 Za-
2182 4463 2235 4523 Β
2262 4434 2463 4505 Reliqui
2497 4434 2709 4487 domum
2748 4447 2935 4492 memn,
2987 4428 3166 4482 dimisi
3213 4426 3566 4481 hereditatem
3626 4440 3793 4481 meam
3816 4466 3833 4491 ,

579 4508 779 4563 charis:
807 4510 1152 4579 quaerendum
1179 4521 1284 4579 est,
1316 4530 1438 4569 cum
1475 4524 1530 4572 et
1564 4517 1717 4573 multi
1763 4527 1885 4589 post
1913 4535 2035 4577 eum
2061 4539 2154 4579 us-

581 4611 689 4667 que
722 4598 791 4652 ad
826 4600 1160 4657 nativitatem
1207 4602 1427 4670 Christi,
1450 4616 1506 4661 et
1540 4608 1658 4679 ipso
1688 4625 1809 4665 mos
1835 4620 1963 4667 nato
2002 4614 2156 4669 inno-

585 4700 772 4748 centes
815 4693 869 4747 in
897 4693 1170 4751 Bethleem
1207 4699 1360 4768 pueri
1406 4700 1514 4755 sint
1558 4701 1627 4756 ab
1656 4704 1759 4759 hac
1811 4707 2161 4776 generatione

584 4785 848 4853 perempti
879 4783 1093 4856 (Matth.
1122 4788 1222 4860 II)?
1245 4788 1355 4845 Nisi
1386 4790 1522 4848 forte
1546 4836 1562 4859 ,
1608 4796 1735 4865 quia
1792 4797 1926 4853 Abel
1977 4807 2163 4868 pastor

585 4874 790 4941 ovium,
812 4877 1102 4936 Zacharias
1130 4884 1381 4939 sacerdos
1408 4883 1528 4951 fuit,
1558 4895 1613 4941 et
1640 4888 1729 4945 hic
1760 4889 1815 4944 in
1838 4905 2049 4959 campo,
2072 4890 2160 4946 ille

589 4964 644 5019 in
681 4967 819 5022 atrio
860 4969 1040 5040 templi
1080 4981 1301 5028 necatus
1329 4983 1431 5029 est.
1461 4971 1754 5047 Utriusque
1794 4980 1989 5048 gradus
2018 4995 2161 5035 mar-

590 5064 755 5128 tyres,
794 5067 849 5113 et
871 5057 989 5116 laici
1022 5063 1225 5119 scilicet
1248 5072 1300 5119 et
1327 5065 1514 5121 altaris
1534 5065 1709 5122 olllcio
1733 5068 2043 5139 mancipati,
2061 5070 2161 5125 sub

587 5162 779 5203 eorum
804 5150 973 5206 voluit
989 5153 1241 5209 intimare
1272 5156 1551 5210 vocabula.

664 5258 831 5326 Quem
858 5263 1117 5320 occidistis
1144 5266 1281 5320 inter
1311 5266 1557 5337 templum
1586 5276 1633 5321 et
1682 5264 1866 5323 altare.
1899 5269 1999 5341 (Ex
2034 5266 2164 5327 Hie-

592 5354 737 5426 ron.)
761 5353 906 5409 inter
929 5355 1188 5426 parietem
1215 5356 1394 5426 templi
1409 5364 1465 5412 et
1485 5356 1655 5412 altare
1683 5359 1889 5414 incensi
1915 5360 2168 5427 interius,

595 5443 728 5509 sive,
759 5455 821 5499 ut
839 5444 928 5499 alii
964 5445 1165 5508 dicunt,
1197 5445 1340 5499 inter
1363 5446 1547 5501 ruinas
1574 5446 1757 5518 templi
1786 5457 1841 5503 et
1862 5449 2034 5505 altare
2074 5448 2173 5505 ho-

595 5532 822 5587 stiarum
848 5534 1104 5588 exterius.
1138 5532 1410 5600 Quaeritur
1453 5536 1546 5606 qui
1592 5536 1663 5591 sit
1690 5537 1793 5593 iste
1835 5535 2127 5596 Zacharias
2156 5581 2171 5605 ,

2265 4522 2406 4593 faeta
2438 4531 2511 4575 est
2555 4521 2683 4576 mihi
2724 4519 3001 4574 ha'redilas
3030 4534 3144 4573 mea
3174 4519 3326 4590 quasi
3366 4516 3609 4590 spelunca
3637 4518 3836 4589 Itym

2266 4608 2438 4681 (Hier.
2468 4609 2587 4679 xu).
2628 4606 2816 4663 Desert
2832 4623 2903 4662 am
2927 4606 3235 4663 Judzeorum
3268 4608 3484 4663 domum
3511 4608 3652 4664 idem
3701 4614 3838 4662 temo

2264 4700 2413 4769 plum
2438 4698 2589 4763 iilud,
2614 4698 2755 4769 quod
2776 4706 2900 4753 ante
2925 4697 3159 4769 fulgebat
3182 4699 3460 4770 angustius
3491 4698 3660 4753 oculis
3684 4710 3836 4753 com-

2265 4790 2577 4860 probamus,
2600 4787 2689 4859 qui
2744 4789 3100 4844 habitatorem
3154 4788 3427 4845 Christum
3472 4788 3744 4860 perdidit,
3781 4795 3840 4844 et

2269 4880 2639 4936 iuereditatem
2665 4881 2957 4953 praeripere
2982 4881 3220 4953 gestiens
3244 4922 3258 4947 ,
3303 4881 3503 4938 occidit
3547 4879 3836 4937 bmredem.

2262 4970 2460 5027 Aliter:
2493 4971 2632 5027 Ecce
2656 4972 2992 5043 relinquetur
3010 4973 3162 5029 vobis
3186 4973 3374 5027 domus
3401 4979 3581 5027 vestra
3602 4970 3841 5035 deserta,

2264 5062 2366 5117 hoc
2392 5068 2494 5127 est,
2532 5078 2677 5118 nunc
2703 5071 2881 5119 vestra
2908 5071 3012 5126 est,
3044 5076 3149 5117 non
3205 5076 3344 5125 mea,
3370 5076 3491 5131 qua:
3521 5060 3719 5116 dudum
3745 5058 3843 5113 do-

2265 5166 2386 5210 mus
2414 5169 2533 5209 mea
2550 5156 2862 5211 vocabatur.
2895 5155 3113 5209 Deserta
3154 5154 3208 5207 in
3235 5153 3471 5207 vindicta
3500 5152 3699 5218 crucis,
3729 5150 3844 5205 sive

2267 5244 2523 5314 templum
2550 5243 2859 5300 Judaeorum
2904 5260 2933 5299 a
2978 5243 3206 5299 Domino
3236 5242 3545 5299 habitatore
3577 5242 3847 5313 relinque-

2274 5345 2380 5401 tur,
2410 5335 2611 5404 ibitque
2632 5335 2697 5388 ad
2725 5334 2964 5405 gentium
2992 5331 3306 5389 Ecciesiam.

2348 5446 2456 5519 (Ex
2474 5444 2663 5517 Beda.)
2691 5445 2861 5515 ipsam
2893 5445 3165 5515 civitatem
3195 5483 3210 5512 ,
3263 5459 3424 5515 quam
3451 5442 3638 5499 nidum
3691 5454 3849 5498 suum

2278 5543 2591 5599 vocaverat,
2636 5552 2780 5591 nunc
2807 5531 3361 5592 domum’Judaaorum
3414 5532 3679 5605 appellat,
3729 5545 3854 5603 qua:

597 5622 739 5681 ﬁlius
767 5624 1058 5689 Baracbize,
1085 5625 1175 5696 qui
1202 5623 1414 5681 occisus
1441 5633 1524 5680 est
1569 5626 1714 5683 inter
1736 5628 1998 5703 templum
2024 5638 2080 5685 et
2098 5630 2175 5685 ai-
2281 5642 2387 5683 non
2416 5625 2686 5683 immerito
2710 5625 2923 5681 Domini
2952 5625 3152 5681 auxilio
3177 5625 3396 5690 nudata,
3426 5638 3536 5679 sua:
3566 5622 3753 5678 ditioni
3776 5634 3854 5677 re-

600 5723 736 5779 tare,
776 5714 898 5785 quia
926 5714 1122 5770 multos
1152 5715 1374 5789 legimus
1396 5713 1709 5774 Zacharias.
1757 5717 1880 5787 Sed,
1905 5736 1972 5776 ne
2006 5717 2172 5778 libera

2283 5716 2563 5791 linquitur,
2594 5718 2715 5792 quia
2752 5735 2857 5775 non
2898 5718 3069 5776 solum
3099 5718 3214 5771 avis
3260 5716 3400 5773 illius
3435 5716 3852 5787 omnipotentis,
