4110 6448
300 389 367 448 ιι
1144 397 1658 465 COLLECTIONES
1691 407 1761 465 IN
1800 408 2179 470 EPISTOLAS
2209 413 2300 472 ET
2336 413 2748 476 EVANGELIA.
3502 433 3572 488 ἃ

303 523 467 581 quam
492 507 778 567 Mattheus
802 511 1056 583 gallinam
1096 527 1392 594 nuncupat,
1420 523 1521 579 alis
1541 527 1751 598 protegi
1801 529 1892 584 de—
1917 533 1972 595 Α
1995 528 2051 582 in
2081 527 2367 585 caelestibus
2404 533 2463 586 in
2517 531 2748 588 Christo.
2777 533 2878 606 (Ex
2900 534 3147 611 Hieron.)
3173 539 3454 609 Quomodo
3485 563 3569 603 se-

301 603 501 675 spexit,
515 605 612 660 sed
634 607 879 662 eamdem
905 624 1080 676 avem,
1099 628 1159 668 se
1176 621 1456 685 protegere
1469 616 1758 684 volentem,
1773 620 1886 674 vul-

300 693 461 764 pibus
482 693 869 762 devorandam,
886 698 1029 755 idem
1055 701 1250 758 Herodi
1273 711 1329 759 et
1371 703 1541 762 Pilato
1569 707 1887 780 cruciﬁgen-

303 783 430 838 dum
462 783 687 840 tradidit
707 784 1000 844 Christum.
1041 789 1152 846 Nec
1201 807 1353 848 mora
1383 795 1624 866 vulpium
1674 813 1888 855 earum-

301 872 444 939 dem,
477 874 581 930 hoc
600 883 702 941 est,
730 891 919 950 regum
946 886 1123 946 terrae,
1149 892 1204 937 et
1225 885 1355 954 ipsa:
1381 886 1584 956 rapinae
1619 889 1884 958 donatur;

299 963 480 1019 occiso
521 965 666 1020 enim
714 967 942 1025 Domino
966 982 1230 1029 venerunt
1256 973 1510 1044 Romani,
1541 987 1597 1034 et
1617 982 1772 1050 quasi
1805 985 1888 1039 ni-

299 1056 427 1112 dum
450 1073 683 1114 vacuum
712 1060 1044 1134 diripientes.
1061 1065 1300 1123 tulerunt
1320 1083 1512 1126 eorum
1533 1070 1732 1141 locum,
1757 1089 1888 1146 gen—

301 1153 410 1202 tem
439 1155 498 1204 et
529 1163 777 1221 regnum.

368 1239 479 1311 (Ea:
502 1238 750 1312 Hieron.)
773 1239 1064 1301 Sciendum
1085 1247 1212 1318 quia
1234 1248 1431 1322 hyena,
1466 1253 1608 1308 unde
1638 1255 1886 1325 superius

298 1329 356 1386 in
390 1331 700 1388 testimonio
741 1332 1029 1393 Hieremiae
1056 1341 1258 1396 mentio
1303 1341 1447 1398 facta
1473 1351 1574 1411 est,
1603 1344 1777 1401 bestia
1802 1354 1888 1402 est

298 1437 418 1492 qua;
454 1431 617 1478 noctu
665 1424 1022 1483 cadaveribus
1052 1440 1389 1488 mortuorum
1427 1435 1580 1501 vivit,
1610 1443 1667 1491 et
1692 1437 1759 1491 de
1795 1452 1884 1493 se-

295 1511 500 1583 pulcris
527 1513 665 1570 solet
692 1514 927 1572 ell'odere
956 1533 1205 1590 corpora,
1246 1523 1489 1595 nihilque
1516 1533 1601 1582 est
1652 1527 1885 1583 immun-

298 1601 464 1668 ditiaa,
497 1619 604 1674 quo
626 1619 733 1660 non
772 1617 1050 1675 vescatur;
1099 1611 1224 1667 talis
1244 1621 1327 1668 est
1354 1613 1518 1670 Israel
1542 1656 1558 1682 ,
1607 1615 1884 1674 offendens

297 1690 583 1748 Dominum
633 1710 814 1763 suum,
862 1705 918 1752 et
960 1700 1201 1756 omnium
1259 1703 1556 1761 bestiarum
1615 1710 1884 1766 morsibus

296 1783 544 1847 traditus,
573 1801 764 1856 nempe
791 1788 919 1857 quia
945 1804 976 1844 a
1004 1790 1234 1847 Domino
1259 1801 1344 1849 est
1374 1795 1681 1853 derelictus.

365 1873 497 1928 Dico
521 1876 658 1929 enim
709 1877 848 1932 vobis
878 1896 897 1933 :
936 1879 1060 1936 Non
1092 1899 1174 1938 me
1214 1884 1449 1940 videbitis
1486 1889 1674 1944 amodo
1717 1891 1879 1947 donec

292 1964 485 2021 dicatis
507 1979 526 2018 :
555 1968 868 2024 Benedictus
894 1973 984 2043 qui
1027 1975 1165 2029 venit
1197 1975 1252 2030 in
1287 1979 1495 2034 nomine
1520 1979 1753 2036 Domini.
1777 1982 1880 2053 (Ex

292 2052 460 2125 Aug.)
511 2055 636 2112 Haec
687 2060 904 2128 quidem
951 2063 1123 2120 turba:
1169 2065 1424 2123 dixerunt
1459 2069 1690 2128 Domino
1717 2114 1732 2139 ,
1785 2052 1878 2129 ve—

289 2152 464 2207 nienti
493 2156 560 2210 ad
590 2154 945 2224 Hierusalem,
975 2160 1070 2217 sed
1095 2163 1221 2232 quia
1249 2163 1426 2221 Lucas
1469 2182 1576 2222 non
1600 2167 1752 2236 dicit,
1770 2186 1879 2242 quo

290 2240 419 2298 hinc
443 2244 760 2302 abscesserit
791 2249 1052 2308 Dominus
1076 2293 1092 2320 ,
1145 2263 1206 2308 ut
1232 2271 1339 2312 non
1367 2259 1578 2314 veniret
1605 2301 1621 2326 ,
1673 2261 1778 2317 nisi
1814 2278 1880 2320 eo

290 2339 537 2404 tempore
559 2352 667 2399 quo
701 2339 814 2410 jam
857 2341 985 2397 illud
1020 2344 1312 2413 diceretur,
1342 2361 1655 2418 perseverat
1682 2354 1881 2424 quippe

287 2425 348 2481 in
376 2427 576 2484 itinere
610 2447 727 2498 suo,
755 2435 925 2492 donec
968 2438 1150 2492 veniat
1189 2439 1549 2509 Hierusalem,
1577 2445 1723 2512 cogit
1755 2460 1881 2516 pro-

283 2512 440 2570 fecto
471 2516 574 2573 hoc
604 2523 831 2590 mystice
855 2525 1101 2597 intelligi,
1133 2528 1201 2583 de
1229 2528 1322 2584 illo
1356 2529 1473 2600 ejus
1495 2512 1880 2605 advent11,'quo

288 2606 349 2662 in
395 2608 644 2667 claritate
682 2622 948 2672 venturus
977 2625 1088 2686 est,
1137 2621 1376 2677 maxime
1417 2638 1540 2678 cum
1596 2624 1879 2682 Matthzeus

289 2697 580 2758 Dominum
623 2705 1049 2775 praedecantatas
1095 2711 1147 2766 ei
1184 2727 1218 2769 a
1245 2714 1405 2771 turba
1448 2713 1636 2774 laudes
1678 2716 1878 2776 dixisse

289 2798 546 2848 testatur.

365 2882 474 2954 (Ea:
498 2885 742 2962 Hieron.)
770 2890 917 2949 Idem
951 2896 1094 2964 quod
1119 2897 1284 2954 dicit:
1309 2898 1488 2956 Donec
1518 2901 1707 2960 dicatis
1728 2917 1748 2956 :
1773 2905 1877 2961 Be-

289 2973 530 3029 nedictus
557 2979 646 3048 qui
667 2982 801 3035 venit
825 2983 881 3037 in
907 2987 1115 3042 nomine
1141 2989 1378 3058 Domini,
1411 2991 1515 3048 hoc
1565 2995 1680 3050 vult
1718 2997 1877 3054 intel-

287 3061 406 3136 ligi,
451 3066 553 3124 nisi
583 3072 957 3140 paenitentiam
993 3080 1232 3150 egeritis,
1265 3091 1322 3140 et
1349 3085 1584 3143 confessi
1629 3086 1875 3160 fueritis,

289 3157 467 3228 ipsum
495 3177 580 3219 me
605 3180 744 3232 esse,
777 3168 843 3223 de
878 3186 985 3240 quo
1016 3174 1293 3246 prophetae
1313 3178 1658 3246 cecinerunt,
1702 3157 1872 3239 ﬁlium

288 3252 677 3321 omnipotentis
699 3257 893 3326 Patris,
916 3278 1090 3319 meam
1114 3264 1309 3323 faciem
1336 3284 1444 3324 non
1466 3270 1739 3330 videbitis.
1756 3273 1870 3330 lla-

287 3341 418 3398 bent
459 3344 650 3414 Judzei,
679 3351 863 3410 datum
902 3355 1006 3412 sibi
1031 3365 1243 3430 tempus
1279 3362 1611 3432 poenitentiae
1634 3407 1650 3431 ,
1704 3367 1873 3423 conﬁ-

288 3442 540 3493 teantur:
573 3439 896 3500 Benedictus
925 3449 1021 3519 qui
1036 3451 1186 3507 venit
1227 3451 1285 3509 in
1313 3454 1532 3512 nomine
1557 3455 1792 3527 Domini,
1817 3469 1873 3519 et

287 3522 489 3585 Christi
512 3545 609 3587 ora
637 3535 991 3606 conspicient.

917 3665 1230 3712 CONCORDIA.

355 3748 590 3808 Istarum
626 3754 852 3816 duarum
880 3761 936 3818 in
962 3765 1067 3822 hoc
1094 3767 1166 3822 sit
1199 3771 1487 3829 concordia
1539 3773 1866 3848 lectionum,

770 3811 852 3816 ___
963 3811 1067 3822 --νυ
1094 3811 1166 3822 -..
1200 3811 1487 3829 υνυυνιυιιι
1539 3811 1832 3835 ιυνιιυυιιιιι

285 3811 413 3911 quia
448 3853 675 3917 utraque
697 3849 761 3905 de
787 3851 1113 3922 lapidatione
1133 3857 1427 3932 justorum,
1451 3882 1616 3924 unam
1661 3821 1871 3929 faciunt

286 3936 634 3994 mentionem.
668 3940 793 3999 Haec
819 3955 904 4000 est
921 3947 1079 4006 lectio
1104 3950 1334 4011 Actuum
1369 3958 1774 4032 Apostolorum,
1801 3965 1870 4023 de

284 4029 430 4126 neati
458 4027 739 4100 Stephani,
766 4038 1080 4109 perspicue,
1131 4052 1186 4099 et
1207 4027 1432 4120 proprie
1457 4052 1571 4123 jam
1626 4027 1863 4126 patrata.

286 4115 563 4190 Evangelii
583 4139 713 4179 vero
733 4126 913 4195 lectio,
941 4132 1007 4186 de
1045 4115 1329 4205 cujuslibet
1355 4115 1645 4211 prophetae
1670 4147 1870 4220 lapida-

285 4209 430 4268 tione
460 4213 706 4270 absolute
734 4217 885 4284 facit,
912 4237 1020 4276 non
1041 4228 1279 4295 proprie,
1303 4209 1650 4290 mentionem.

335 4341 404 4397 IN
427 4342 680 4400 NATALI
706 4347 953 4407 SANCTI
975 4351 1257 4415 JOANNIS
1284 4359 1806 4426 EVANGELISTIE'

283 4467 478 4512 ιεοτιο
501 4472 772 4516 εριετοιιε
800 4477 961 4520 ΒΕΑΤΙ
994 4483 1150 4522 PAULI
1191 4487 1449 4533 APOSTOLI
1490 4493 1562 4533 ΔΙ)
1587 4495 1864 4553 ερωιειοε,

865 4551 1055 4593 CAPITE
1095 4555 1278 4598 PRIIO.

360 4655 381 4689 σ
413 4638 736 4702 Benedictus
780 4645 922 4704 Deus
969 4660 1024 4706 et
1067 4651 1230 4712 Pater
1268 4656 1480 4716 Domini
1523 4666 1693 4722 nostri
1738 4667 1866 4726 Iesu
1891 4645 1946 4706 D
1971 4662 2128 4720 letur.
2159 4666 2294 4724 Cum
2327 4638 2696 4744 superidribus
2720 4682 2796 4738 ita
2822 4725 2838 4752 ,

360 4727 539 4752 κλμ,
735 4737 790 4752 ,ν
890 4740 922 4752 ..
967 4742 1000 4752 .,
1220 4745 1231 4752 .
1436 4751 1442 4752 ,

290 4746 308 4780 ε
338 4727 561 4797 Christi,
591 4735 683 4805 qui
735 4737 1009 4797 benedixit
1064 4760 1164 4800 nos
1217 4745 1271 4801 in
1301 4751 1447 4806 omni
1497 4753 1870 4815 benedictione

289 4838 307 4871 ι
342 4823 632 4891 spirituali,
648 4828 702 4883 in
729 4831 1036 4890 coelestibus
1054 4835 1109 4890 in
1128 4837 1342 4896 Christo
1370 4861 1384 4896 :
1412 4842 1566 4900 Sicut
1591 4848 1868 4921 elegitnos

288 4929 306 4960 ο
341 4912 396 4967 in
429 4913 548 4984 ipso
573 4927 696 4973 ante
722 4923 906 4978 mundi
923 4927 1457 4999 constitutionem,ut
1477 4953 1718 4998 essemus
1741 4960 1864 5000 san-

287 5019 307 5052 l
340 5003 412 5058 eti
427 5013 484 5059 et
508 5006 840 5067 immaculati
857 5014 909 5068 iu
923 5029 1213 5088 conspectu
1233 5021 1350 5091 ejus
1371 5026 1425 5081 in
1443 5028 1726 5087 charitate.
1757 5034 1862 5102 Qui

287 5113 307 5146 ι
340 5097 745 5165 praedestinavit
773 5120 873 5161 nos
902 5107 957 5162 in
1002 5111 1347 5181 adoptionem
1376 5117 1605 5175 ﬁliorum
1651 5139 1749 5193 per
1768 5097 1865 5181 ile-

288 5203 309 5236 ‹
340 5201 458 5243 sum
495 5189 792 5258 Christum,
824 5197 880 5252 in
929 5200 1103 5270 ipsum
1127 5245 1141 5270 ,
1191 5209 1484 5265 secundum
1526 5216 1863 5286 propositum

288 5296 307 5330 ι
345 5281 635 5340 voluntatis
661 5303 789 5354 suae,
815 5289 871 5346 in
898 5291 1110 5350 laudem
1160 5298 1342 5370 gloria:
1385 5281 1572 5374 gratia:
1600 5281 1745 5377 suae,
1805 5310 1861 5367 in

289 5389 308 5422 ι
340 5388 445 5441 qua
474 5375 796 5445 gratiﬁcavit
823 5397 921 5438 nos
953 5383 1005 5438 in
1031 5384 1230 5445 dilecto
1265 5391 1373 5448 ﬁlio
1404 5397 1595 5463 suo,in
1624 5375 1737 5470 quo
1758 5401 1860 5456 ha-

290 5480 308 5514 l
342 5465 532 5521 bemus
573 5469 1017 5541 redemptionem,
1043 5484 1483 5553 per.sanguinem
1527 5465 1725 5558 ejus'in
1774 5509 1861 5551 re-

288 5572 307 5605 ι
343 5556 654 5614 missionem
703 5573 1070 5634 peccatorum,
1106 5575 1400 5632 secundum
1429 5556 1645 5640 divitias
1671 5587 1862 5656 gratiae

287 5665 306 5699 ‹
345 5646 477 5716 ejus,
507 5667 627 5722 quae
647 5658 1102 5725 superabundavit
1123 5663 1178 5718 in
1209 5665 1380 5723 nobis.
1417 5689 1439 5723 ι

351 5739 666 5800 Benedictus
690 5747 826 5804 Deus
863 5760 912 5805 et
936 5750 1099 5811 Pater
1124 5753 1337 5814 Domini
1363 5767 1528 5820 nostri
1552 5767 1683 5828 Iesu
1709 5770 1861 5830 Chri-

281 5832 385 5901 sti,
431 5835 518 5906 qui
544 5836 804 5894 benedixit
832 5859 924 5899 nos
950 5846 1006 5901 in
1048 5849 1189 5907 omni
1215 5852 1567 5918 benedictione
1594 5865 1858 5925 suirituali

563 5931 815 6003 Parnm.
883 5940 1015 6007 Cll.

1987 619 2221 675 cundum
2259 622 2616 679 substantiam
2666 624 2809 683 Deus
2844 628 3039 697 bonus,
3067 646 3165 688 nos
3194 638 3572 695 communione

1987 710 2090 774 sui,
2130 709 2292 768 efﬁcit
2327 714 2521 782 bonos,
2545 717 2621 770 ita
2643 732 2761 788 ipse
2806 719 3120 781 benedictus
3142 765 3158 794 ,
3219 742 3319 784 nos
3351 739 3576 800 prastat

1987 817 2110 858 esse
2127 803 2458 863 benedictos.
2491 808 2774 865 Benedixit
2825 821 3004 871 autem
3038 833 3168 885 nos,
3224 835 3331 878 non
3374 823 3431 878 in
3464 839 3573 879 una

1987 895 2363 969 benedictione
2383 908 2614 970 tantum,
2633 905 2726 960 sed
2747 915 2800 960 et
2823 905 2878 960 in
2905 910 3144 977 cunctis;
3178 929 3284 971 non
3300 917 3444 986 quod
3458 933 3575 972 om-

1986 1002 2085 1044 nes
2108 990 2288 1045 omnia
2320 1007 2738 1064 consequamur,
2761 995 2855 1053 sed
2882 997 3010 1054 dum
3031 1001 3246 1074 singuli,
3281 1007 3364 1063 vel
3390 1009 3575 1079 singu-

1985 1079 2088 1147 las,
2125 1083 2208 1138 vel
2237 1083 2421 1154 plures
2451 1087 2732 1157 habemus,
2755 1105 2824 1146 ex
2844 1093 3097 1150 omnibus
3123 1112 3312 1154 omnes
3333 1100 3574 1172 singulas

1984 1173 2378 1245 possideamus,
2411 1187 2465 1235 et
2486 1196 2593 1237 non
2630 1182 2684 1237 in
2712 1185 2945 1241 terrenis
2969 1185 3453 1258 benedictionibus,
3478 1195 3574 1250 sed

1984 1266 2337 1336 spiritalibus.
2371 1270 2661 1340 Quaeritur,
2693 1277 2962 1345 quomodo
3009 1279 3185 1335 adhuc
3219 1281 3275 1335 in
3303 1289 3450 1337 terra
3475 1300 3575 1340 nos

1984 1359 2192 1431 positos
2218 1360 2426 1418 caelesti
2466 1364 2841 1424 benedictione
2863 1369 3222 1427 benedixerit.
3256 1371 3384 1430 Sive
3411 1374 3578 1446 igitur

1986 1451 2132 1520 quod
2161 1455 2500 1512 conversatio
2527 1465 2713 1514 nostra
2747 1459 2802 1515 in
2841 1461 2993 1517 ccelis
3018 1469 3120 1530 est,
3145 1472 3203 1520 et
3228 1481 3336 1521 non
3383 1483 3574 1526 sumus

1983 1542 2051 1597 de
2082 1545 2281 1601 mundo
2310 1545 2447 1612 isto,
2509 1549 2602 1604 sed
2643 1550 2886 1622 deposita
2938 1553 3173 1627 imagine
3210 1554 3308 1614 τοῦ
3351 1560 3574 1632 χόίκοῦ,

1983 1644 2265 1706 portamus
2295 1638 2586 1713 imaginem
2617 1645 3041 1714 supercoelestis,
3077 1655 3132 1703 et
3175 1647 3230 1702 in
3261 1664 3426 1705 carne
3465 1667 3576 1707 non

1986 1724 2238 1793 vivimus,
2275 1729 2371 1784 sed
2401 1729 2456 1784 in
2485 1731 2710 1801 spiritu;
2739 1735 2853 1791 sive
2879 1737 3022 1807 quod
3048 1739 3228 1794 omnis
3269 1740 3576 1799 benedictio

1983 1816 2244 1886 spiritalis
2265 1820 2320 1876 in
2357 1821 2593 1891 Christo,
2625 1824 2750 1882 licet
2784 1827 2842 1882 in
2879 1835 3025 1885 terra
3049 1830 3138 1896 sit,
3170 1839 3349 1888 tamen
3375 1834 3445 1891 de
3464 1850 3577 1893 cce-

1906 1909 1955 1970 B
1982 1907 2208 1966 lestibus
2232 1921 2610 1984 computetur:
2645 1915 2925 1975 Benedixit
2973 1938 3084 1987 nos,
3116 1922 3310 1994 inquit,
3342 1925 3398 1979 in
3432 1926 3576 1981 omni

1985 1999 2338 2058 benedictione
2364 2006 2614 2076 spiritali,
2639 2008 2695 2064 id
2725 2018 2835 2077 est,
2864 2011 2920 2066 in
2965 2027 3214 2070 sermone
3238 2015 3354 2083 Dei,
3381 2025 3436 2073 et
3481 2035 3574 2074 sa-

1980 2092 2207 2163 pientia,
2241 2103 2295 2151 et
2331 2098 2553 2166 virtute,
2585 2109 2906 2172 caeterlsque
2934 2105 3246 2163 virtutibus.
3278 2109 3577 2181 Dupliciter

1981 2193 2162 2241 autem
2187 2186 2471 2259 legendum
2500 2208 2514 2244 ε
2544 2191 2869 2251 Benedictus
2890 2195 3052 2262 Deus,
3076 2206 3132 2253 et
3169 2199 3332 2255 Pater
3357 2201 3573 2259 Domini

1981 2277 2154 2333 nostri
2191 2277 2318 2335 Jesu
2357 2281 2581 2350 Christi,
2614 2293 2674 2338 ut
2702 2284 2775 2340 sit
2800 2285 3116 2344 benedictus
3144 2290 3306 2359 Deus,
3344 2294 3432 2363 :[ui
3454 2295 3574 2350 uni-

1981 2380 2265 2424 versorum
2292 2373 2542 2430 conditor
2559 2384 2661 2440 est,
2694 2385 2750 2431 et
2769 2377 2860 2433 hic
2889 2379 3188 2446 distinctio,
3213 2384 3468 2457 deinceps
3495 2387 3574 2442 in-

1979 2455 2206 2522 feratur,
2233 2461 2327 2530 qui
2362 2471 2468 2530 est,
2499 2472 2556 2519 et
2573 2474 2730 2533 pater
2760 2467 2973 2523 Domini
2997 2473 3166 2526 nostri
3193 2471 3322 2528 Iesu
3344 2455 3569 2533 Christi.

1981 2549 2079 2606 Vel
2112 2552 2209 2620 ita,
2232 2561 2292 2609 ut
2328 2555 2472 2612 Deus
2512 2566 2567 2614 et
2590 2558 2775 2628 Pater,
2808 2562 2876 2618 ad
2898 2562 3186 2623 Dominum
3215 2578 3483 2638 nostrum,
3517 2573 3574 2628 in

1979 2657 2266 2701 commune
2290 2645 2560 2705 referatur
2585 2692 2600 2718 ,
2630 2653 2948 2712 benedictus
2974 2655 3118 2713 Deus
3143 2699 3158 2725 ,
3205 2658 3324 2729 ejus
3351 2663 3444 2733 qui
3484 2680 3574 2721 as-

1979 2743 2227 2805 sumptus
2253 2745 2340 2792 est
2381 2738 2639 2808 hominis,
2661 2751 2716 2798 et
2751 2753 2906 2815 pater
2933 2747 3071 2818 ejus,
3100 2750 3193 2821 qui
3223 2750 3276 2806 in
3307 2755 3578 2829 principio
3677 2753 3684 2760 ’

1979 2826 2122 2896 apud
2159 2827 2351 2897 Deum,
2376 2841 2496 2887 erat
2521 2833 2665 2890 Deus
2708 2834 2967 2894 Verbum.
2995 2838 3112 2896 Non
3151 2857 3257 2913 quo
3306 2845 3444 2903 alius
3478 2826 3570 2906 as-

1977 2925 2226 2988 sumptus
2255 2920 2437 2989 homo,
2471 2931 2526 2979 et
2549 2924 2687 2981 alius
2730 2926 2803 2983 sit
2830 2944 3032 2998 sermo,
3064 2934 3158 3004 qui
3186 2942 3571 3010 assumpserit,

1977 3008 2074 3063 sed
2099 3025 2207 3079 quo
2233 3028 2393 3081 unus,
2435 3023 2598 3087 atque
2635 3017 2801 3087 idem,
2827 3036 2929 3092 pro
2957 3024 3221 3091 varietate
3247 3008 3572 3101 causarum,

1977 3114 2122 3157 nunc
2149 3102 2416 3172 sublimis,
2448 3124 2592 3164 nunc
2618 3110 2838 3168 humilis
2867 3116 3210 3186 praedicetur.

2051 3191 2203 3247 Sicut
2227 3192 2380 3266 elegit
2403 3214 2495 3252 nos
2524 3200 2581 3253 in
2604 3200 2740 3270 ipso,
2760 3212 2883 3258 ante
2911 3208 3097 3263 mundi
3121 3212 3567 3274 constitutionem.

1897 3272 1944 3338 C
1975 3282 2174 3341 Volens
2194 3287 2376 3358 itaque
2401 3288 2601 3349 Paulus
2621 3299 2910 3356 ostendere
2935 3303 3078 3372 quod
3100 3304 3242 3364 Deus
3274 3326 3375 3367 nos
3410 3272 3573 3385 elegit

1975 3384 2038 3431 ut
2057 3392 2300 3436 essemus
2324 3384 2496 3439 sancti
2517 3395 2572 3440 et
2597 3387 2928 3448 immaculati
2958 3410 3143 3453 coram
3167 3401 3308 3471 ipso,
3335 3405 3438 3462 hoc
3465 3384 3570 3474 εει.

1973 3465 2218 3534 Domino,
2251 3480 2378 3528 ante
2406 3473 2670 3535 fabricam
2697 3484 2906 3552 mundi,
2942 3487 2999 3543 in
3027 3465 3316 3560 praesentia
3337 3496 3454 3566 Dei,
3481 3502 3570 3559 cui

1973 3562 2156 3617 omnia
2183 3562 2362 3622 futura
2385 3566 2500 3638 jam
2527 3569 2671 3628 facta
2707 3585 2853 3644 sunt,
2882 3587 2937 3635 et
2969 3589 3261 3655 antequam
3288 3586 3422 3645 ﬁant
3440 3562 3570 3648 iuni-

1973 3665 2152 3718 versa,
2185 3664 2310 3711 sunt
2339 3666 2490 3726 nota,
2523 3661 2628 3720 hoc
2656 3681 2787 3722 usus
2804 3676 2889 3724 est
2909 3685 3158 3732 sermone
3183 3677 3370 3737 dicens
3391 3722 3404 3735 .
3433 3682 3570 3741 Ante

1971 3743 2392 3802 constitutionem
2425 3753 2630 3808 mundi.
2663 3754 2818 3823 Quod
2867 3769 3049 3818 autem
3079 3766 3156 3821 ait
3185 3785 3196 3821 :
3238 3767 3308 3824 Ut
3335 3788 3566 3832 essemus

1969 3837 2140 3892 sancti
2167 3847 2217 3893 et
2237 3839 2583 3914 immaculati,
2598 3848 2740 3906 inter
2768 3862 3016 3912 sanctum
3039 3866 3096 3914 et
3122 3861 3561 3938 immaculatum,

1970 3926 2076 3984 hoc
2102 3928 2347 4000 interest,
2380 3937 2524 4005 quod
2577 3950 2798 4001 sanctus
2822 3953 2878 4001 et
2905 3947 3284 4012 immaculatus
3336 3926 3565 4032 intelligi

1969 4026 2168 4088 potest.
2217 4021 2602 4088 lmmaculatus
2627 4048 2779 4103 vero,
2808 4052 2916 4094 non
2975 4043 3162 4099 statim
3209 4055 3264 4102 et
3322 4021 3560 4109 sanctus.

1967 4109 2188 4170 Parvuli
2214 4132 2345 4173 vero
2375 4118 2706 4181 immaculati
2758 4139 2918 4196 sunt,
2950 4135 3042 4204 qui
3085 4137 3297 4208 integro
3333 4156 3564 4213 corpore

1967 4218 2076 4260 non
2119 4205 2300 4264 fecere
2328 4221 2634 4282 peccatum,
2671 4225 2724 4272 et
2773 4227 2955 4278 tamen
2994 4239 3102 4281 non
3154 4205 3330 4288 sancti
3353 4275 3370 4299 ,
3429 4205 3561 4308 quia

1967 4297 2229 4355 sanctitas
2255 4301 2532 4360 voluntate
2553 4316 2609 4362 et
2634 4312 2811 4368 studio
2835 4329 3201 4388 comparatur.

2041 4386 2109 4443 In
2147 4391 2402 4449 charitate
2436 4399 2816 4466 praedestinans
2847 4423 2942 4462 nos
2959 4386 3032 4464 vin
3058 4413 3394 4486 adoptionem
3420 4421 3560 4490 ﬁlio-

1967 4497 2102 4584 rum,
2131 4500 2224 4584 per
2265 4483 2451 4544 Iesum
2478 4489 2762 4564 Christum,
2785 4507 2890 4556 etc.
2919 4483 3222 4574 Dupliciter
3246 4483 3556 4584 legendum,

1967 4579 2028 4626 ut
2053 4573 2316 4647 charitas,
2343 4580 2426 4636 vel
2465 4586 2853 4659 superioribus,
2891 4593 2975 4649 vel
3005 4573 3368 4660 inferioribus
3395 4623 3562 4678 copu-

1971 4755 2303 4816 immaculati
2336 4778 2522 4821 coram
2552 4769 2669 4838 ipso
2697 4772 2752 4828 in
2782 4776 3070 4837 charitate.
3100 4781 3236 4840 Cum
3286 4788 3558 4850 inferiori-

1969 4847 2070 4904 bus
2099 4850 2193 4942 ita,
2223 4853 2276 4907 in
2306 4857 2574 4916 charitate
2617 4865 3009 4933 prmdestinans
3031 4889 3153 4941 nos,
3176 4885 3281 4934 etc.
3308 4879 3420 4938 Nec
3447 4901 3555 4942 non

1967 4938 2130 4993 etiam
2156 4939 2258 4998 hoc
2283 4943 2642 5019 inferendum,
2681 4956 2826 5024 quod
2859 4973 2981 5015 cum
3007 4938 3352 5031 praedestinet
3376 4938 3554 5030 nos

1966 5033 2309 5106 adoptionem
2348 5039 2582 5099 ﬁliorum
2603 5086 2617 5112 ,
2671 5063 2768 5117 per
2791 5048 2974 5109 Jesum
3001 5054 3278 5117 Christum
3305 5104 3322 5133 ,
3372 5073 3552 5122 tamen

1969 5137 2076 5179 non
2107 5134 2232 5182 ante
2295 5128 2390 5184 ﬁlii
2439 5148 2559 5190 esse
2605 5151 2931 5211 possumus,
2984 5146 3088 5201 nisi
3138 5147 3233 5206 ﬁlii
3259 5128 3377 5224 ejus
3425 5153 3554 5211 Jesu

1969 5219 2172 5278 Christi
2217 5226 2376 5283 ﬁdem
2413 5238 2470 5286 et
2505 5233 2914 5310 intelligentiam
2965 5219 3334 5317 recipiamus,
3371 5260 3426 5307 et
3463 5253 3549 5309 illa

1968 5312 2184 5381 quidem
2233 5326 2428 5376 natura
2478 5324 2620 5382 ﬁlius
2647 5338 2770 5398 est,
2813 5350 2912 5391 nos
2940 5312 3407 5409 vero-adoptione.
3458 5343 3552 5403 Ille

1968 5419 2243 5509 nmquam
2261 5411 2404 5471 ﬁlius
2430 5433 2537 5474 non
2564 5419 2683 5489 fuit,
2711 5441 2809 5483 nos
2829 5438 3117 5501 antequam
3144 5447 3387 5492 essemus
3407 5453 3548 5509 prae-

1966 5493 2223 5556 destinati
2251 5519 2456 5574 sumus,
2480 5518 2584 5566 etc.
2622 5511 2882 5584 Spiritum
2912 5493 3216 5592 adoptionis
3238 5493 3548 5599 accepimus

1964 5591 2180 5659 quando
2205 5597 2476 5657 credimus
2499 5603 2550 5658 in
2574 5603 2768 5663 Filium
2799 5611 2912 5667 Dei.

2035 5679 2334 5743 Secundum
2387 5690 2640 5762 placitum
2679 5699 2959 5757 voluntatis
2988 5720 3120 5762 suat.
3167 5709 3268 5781 (Ex
3293 5710 3543 5788 Hieron.)

1965 5772 2204 5834 Verbum
2252 5781 2497 5854 εὐδοκίαν,
2561 5791 2704 5859 quod
2751 5789 2977 5850 Latinus
3039 5772 3418 5872 interpretatus
3460 5772 3546 5862 est

1964 5868 2244 5944 placitum,
2276 5877 2418 5949 apud
2445 5877 2663 5939 Graecos
2703 5887 3060 5958 compositum
3093 5868 3197 5950 est
3218 5910 3286 5952 ex
3334 5895 3544 5956 duobu.

3101 5989 3141 6051 9

2892 4695 2953 4740 ut
2982 4703 3224 4750 essemus
3280 4702 3452 4756 sancti
3505 4712 3562 4762 et
3647 4757 3665 4770 ,
