4110 6458
508 367 577 427 ιτ
1714 376 1717 379 ‘
1800 355 2153 421 SMARAGDI
2188 347 2480 413 ABBATIS

3707 349 3779 410 ιδ

505 495 795 553 personam
830 479 1078 550 designat
1105 492 1173 533 ex
1204 474 1411 543 ofﬁcio,
1447 475 1594 547 quod
1633 474 1921 548 designare
1956 474 2090 528 vitat
2115 479 2171 541 Α
2195 468 2491 540 apostolica
2517 472 2644 538 apte
2669 465 2944 534 convenit,
2970 465 3056 521 vel
3082 467 3319 522 maxime
3348 466 3443 525 ubi
3467 466 3582 523 ait:
3612 466 3783 526 Bene-

503 586 577 631 ex
614 570 893 627 vocabulo.
931 567 1215 625 Perhibuit
1250 582 1484 639 namque
1510 565 1877 623 testimonium
1911 564 2092 622 Verbo

504 663 606 721 Dei
633 663 995 736 praedicando,
1040 660 1315 733 perhibuit
1347 659 1667 726 scribendo,
1699 656 1974 730 perhibuit
2000 655 2092 710 de-

509 772 620 813 nuo
650 756 910 821 docendo,
943 753 1195 826 perhibet
1215 754 1381 809 etiam
1406 767 1551 807 nunc
1576 749 1878 822 pandendo.
1912 747 2093 818 Siqui-

508 848 630 904 dem
665 864 698 903 a
730 854 970 917 tempore
998 844 1296 899 Dominicm
1323 843 1622 914 passionis,
1673 839 2091 898 resurrectionis

509 948 565 995 et
597 936 933 994 ascensionis
962 935 1019 991 in
1049 934 1247 991 omium
1265 975 1281 999 ,
1313 941 1369 990 et
1396 949 1568 1005 usque
1596 932 1666 987 ad
1694 931 1881 986 ultim‘a
1911 928 2093 984 Domi-

507 1029 642 1084 tiani
668 1026 932 1099 principis
958 1033 1218 1097 tempora,
1248 1039 1343 1096 per
1365 1039 1535 1079 annos
1562 1020 1781 1078 circiter
1811 1019 2091 1091 sexaginta

503 1121 742 1193 quinque
788 1120 992 1190 absque
1036 1118 1146 1174 ullo
1192 1115 1464 1173 scribendi
1500 1114 1824 1170 adminiculo
1864 1114 2091 1169 verbum

497 1214 849 1285 praedicabat.
888 1213 961 1267 At
986 1211 1079 1267 ubi
1105 1226 1137 1267 a
1171 1211 1481 1266 Domitiano
1501 1251 1515 1277 ,
1546 1210 1641 1280 qui
1673 1208 1943 1265 secundus
1969 1213 2091 1278 post

500 1300 772 1362 Neronem
810 1302 1239 1359 Christianorum
1267 1309 1586 1374 persecutor
1629 1302 1862 1367 exstitit,
1899 1300 2091 1356 exsilio

501 1396 703 1453 missus
730 1406 834 1463 est,
855 1392 1220 1467 irrumpentes
1246 1396 1297 1450 in
1329 1395 1630 1452 Ecclesiam
1650 1394 1906 1458 haeretici,
1933 1393 2090 1464 quasi

502 1485 557 1541 in
589 1487 846 1542 destituta
876 1501 907 1539 a
943 1492 1162 1555 pastore
1181 1485 1345 1540 ovilia
1371 1485 1485 1554 lupi
1506 1484 1766 1550 Marcion,
1797 1482 2091 1539 Cerinthus

500 1584 559 1632 et
582 1575 777 1641 Ebion,
807 1576 1101 1644 caeterique
1137 1574 1477 1641 Antichristi,
1510 1575 1602 1644 qui
1623 1574 1899 1630 Christum
1922 1573 2091 1628 fuisse

500 1676 628 1723 ante
667 1667 894 1723 Mariam
922 1666 1224 1736 negabant,
1260 1665 1664 1737 simplicitatem
1699 1664 1825 1718 ﬁdei
1859 1676 2090 1734 evange-

414 1832 427 1840 ἡ
499 1759 619 1815 licae
656 1774 916 1829 perversa
969 1757 1313 1813 maculavere
1353 1757 1621 1813 doctrina.
1665 1756 1771 1813 Sed
1808 1772 1931 1812 cum
1974 1756 2089 1827 ipse

2196 557 2367 614 dictus
2391 557 2533 615 Deus
2556 558 2646 631 qui
2673 556 2826 628 elegit
2858 574 2951 613 nos
2966 598 2982 625 ,
3008 567 3114 613 etc.

2540 692 2610 750 ΙΝ
2646 692 2901 749 NATALI
2932 691 3403 751 INNOCENTUM.

2193 824 2386 887 LECTIO
2412 823 2560 865 ιιιιιιι
2584 823 2933 866 APOCALYPSIS
2962 823 3178 866 JOANNIS
3197 823 3456 866 APOSTOLI
3475 848 3489 876 ,
3515 822 3634 865 CAP.
3666 824 3781 866 ιιν.

2271 943 2289 977 ι
2334 924 2458 981 Vidi
2506 940 2670 997 supra
2701 933 2941 981 montem
2989 924 3121 982 Sion
3163 940 3360 998 agnum
3407 932 3675 993 stantem,
3728 932 3784 982 et

2198 1031 2217 1067 ι
2259 1030 2384 1071 cum
2432 1031 2499 1072 eo
2525 1024 2747 1072 centum
2787 1015 3147 1087 quadraginta
3174 1026 3408 1086 quatuor
3435 1016 3605 1071 millia
3628 1058 3643 1083 ,
3686 1015 3785 1072 ha-

2196 1126 2217 1160 ‹
2260 1108 2452 1165 bentes
2473 1124 2672 1165 nomen
2703 1110 2840 1181 ejus,
2873 1115 2928 1165 et
2951 1124 3149 1165 nomen
3178 1109 3351 1180 patris
3373 1107 3493 1179 ejus
3518 1109 3781 1180 scriptum

2198 1218 2219 1252 ‹
2266 1201 2322 1255 in
2354 1200 2624 1257 frontibus
2652 1202 2784 1266 suis,
2837 1210 2893 1257 et
2916 1201 3099 1256 audivi
3128 1216 3320 1257 vocem
3344 1199 3412 1257 de
3453 1200 3613 1265 coelo,
3666 1209 3785 1256 tau-

2197 1313 2217 1347 ‹
2260 1310 2424 1366 quam
2452 1310 2641 1351 vocem
2681 1310 2947 1366 aquarum
2970 1295 3282 1361 multarum,
3312 1304 3371 1350 et
3392 1304 3649 1365 tanquam
3685 1310 3778 1350 vo-

2198 1402 2218 1437 ι
2262 1400 2381 1440 cem
2409 1385 2636 1441 tonitrui
2662 1385 2881 1457 magni,
2909 1393 2964 1440 et
2994 1400 3186 1440 vocem
3218 1400 3381 1455 quam
3407 1385 3609 1450 audivi,
3642 1384 3786 1440 sicut

2197 1496 2218 1533 ι
2259 1478 2685 1535 citharoedorum
2745 1478 3185 1534 citharizantium
3237 1478 3295 1533 in
3355 1478 3583 1533 citharis
3646 1477 3779 1533 suis.

2196 1588 2215 1624 ι
2260 1571 2330 1626 Et
2367 1571 2664 1627 cantabant
2706 1571 2861 1642 quasi
2890 1571 3162 1627 canticum
3198 1586 3397 1626 novum
3426 1580 3556 1626 ante
3591 1571 3776 1626 sedem

2195 1683 2218 1719 ι
2259 1666 2378 1734 Dei,
2407 1675 2462 1723 et
2479 1676 2604 1722 ante
2630 1676 2866 1738 quatuor
2888 1667 3140 1721 animalia
3163 1673 3220 1720 et
3242 1666 3516 1732 seniores;
3548 1672 3604 1720 et
3621 1679 3784 1720 nemo

2197 1777 2216 1811 ι
2254 1768 2471 1830 poterat
2495 1758 2679 1814 dicere
2708 1760 2978 1814 canticum
3003 1799 3019 1823 ,
3051 1757 3155 1813 nisi
3179 1757 3270 1812 illa
3297 1766 3515 1813 centum
3543 1756 3783 1828 quadra-

497 1856 623 1920 post
655 1847 981 1903 occisionem
1012 1846 1326 1910 Domitiani,
1352 1847 1698 1917 permittente
1721 1847 1812 1918 pio
1842 1847 2089 1917 principe
2115 1848 2164 1910 B
2198 1867 2218 1901 ι
2260 1850 2408 1923 ginta
2458 1856 2692 1919 quatuor
2734 1848 2936 1915 millia,
2981 1850 3076 1919 qui
3120 1849 3291 1919 empti
3326 1858 3453 1904 sunt
3495 1850 3563 1904 de
3612 1857 3780 1905 terra.

497 1938 697 2006 Nerva,
729 1938 934 1994 rediret
951 1938 1248 2008 Ephesum,
1270 1938 1561 2009 compulsis
1580 1939 1650 1994 ab
1671 1938 1923 1994 omnibus
1949 1951 2087 2008 pene

499 2034 632 2089 tunc
659 2032 804 2089 Asia
837 2032 1130 2103 episcOpis,
1152 2039 1209 2087 et
1235 2031 1527 2087 multarum
1549 2031 1917 2087 Ecclesiarum
1942 2030 2088 2102 lega-

498 2126 758 2191 tionibus,
795 2126 862 2182 de
890 2133 1158 2182 coaeterna
1186 2125 1366 2180 Patris
1387 2125 1667 2182 divinitate
1698 2134 1752 2182 et
1779 2125 1980 2182 Christi
2010 2125 2089 2181 al-

455 2249 459 2252 ~
498 2216 611 2273 tius
650 2215 832 2273 facere
871 2232 1197 2283 sermonem,
1241 2231 1307 2271 eo
1349 2218 1496 2288 quod
1542 2217 1600 2272 in
1641 2219 1806 2273 trium
1854 2218 2087 2274 aliorum

500 2309 954 2382 evangelistarum
1000 2310 1247 2380 scriptis,
1289 2310 1357 2365 de
1394 2311 1733 2366 humanitate
1778 2310 1894 2381 ejus
1939 2310 2087 2367 suﬂi-

500 2400 707 2456 cientcr
738 2400 844 2455 sibi
884 2400 1197 2455 viderentur
1220 2400 1423 2454 habere
1454 2400 1783 2455 testimonia.
1816 2399 1971 2466 Quod
1999 2400 2089 2455 ille

499 2506 561 2547 se
587 2488 694 2546 non
716 2480 880 2546 aliter
896 2488 1167 2544 facturum
1191 2489 1492 2559 respondit,
1514 2489 1623 2544 nisi
1642 2489 2086 2561 indictojejunio,

500 2598 690 2639 omnes
731 2582 789 2637 in
825 2597 1113 2638 commune
1154 2582 1444 2637 Dominum
1481 2591 1856 2653 precarentur,
1896 2592 1957 2640 ut
1996 2585 2091 2641 illa

502 2677 663 2747 digna
690 2676 931 2732 scribere
954 2687 1156 2745 posset.
1189 2675 1257 2730 Et
1284 2675 1388 2731 hoc
1417 2675 1492 2730 ita
1522 2684 1756 2746 patrato,
1790 2677 2090 2735 instructus

503 2765 853 2831 revelatione,
882 2781 913 2820 a
940 2765 1116 2820 sancti
1147 2762 1383 2835 Spiritus
1407 2766 1584 2835 gratia
1622 2766 1942 2834 inebriatus;
1974 2782 2090 2824 om-

503 2872 603 2915 nes
633 2859 1012 2915 hzereticorum
1045 2858 1297 2914 tenebras
1326 2856 1601 2928 patefecit,
1645 2867 1701 2915 et
1729 2859 1909 2915 subita
1943 2862 2090 2917 veri-

508 2950 639 3006 tatis
662 2950 785 3007 luce
808 2949 1031 3021 dispulit
1060 2968 1073 3004 :
1107 2949 1178 3004 In
1208 2950 1488 3022 principio,
1511 2951 1782 3022 inquiens,
1815 2964 1929 3010 erat
1961 2954 2093 3010 Ver'

506 3041 652 3108 bum,
675 3050 724 3096 et
756 3038 983 3096 Verbum
1018 3050 1132 3095 erat
1154 3040 1295 3112 apud
1332 3040 1520 3110 Deum,
1560 3053 1609 3098 et
1640 3045 1785 3101 Deus
1811 3055 1925 3103 erat
1954 3046 2089 3104 Ver-

500 3131 644 3187 bum.
690 3129 1046 3204 Similemque
1070 3132 1240 3188 initiis
1271 3138 1442 3189 totum
1467 3135 1550 3192 sui
1581 3138 1849 3195 sermonis
1869 3153 2089 3196 cursum

2192 1959 2215 1995 ‹
2259 1938 2328 1995 Hi
2348 1948 2476 1996 sunt
2500 1940 2594 2010 qui
2621 1955 2746 1996 cum
2774 1940 3099 1995 mulieribus
3129 1956 3236 1996 non
3266 1948 3393 1996 sunt
3417 1941 3779 2012 coinquinati,

2192 2052 2213 2087 ι
2256 2033 2499 2106 virgines
2545 2034 2694 2089 enim
2743 2041 2889 2090 sunt.
2933 2033 3000 2088 Hi
3051 2043 3351 2104 sequuntur
3396 2049 3595 2104 agnum
3644 2050 3782 2105 quo-

2193 2144 2215 2180 r
2257 2142 2471 2196 cunque
2508 2126 2653 2181 ierit.
2708 2124 2775 2181 iii
2808 2125 2976 2194 empti
3015 2133 3145 2179 sunt
3168 2140 3236 2180 ex
3264 2124 3574 2181 hominibus
3600 2124 3786 2196 primi-

2194 2240 2213 2273 ι
2257 2223 2344 2277 tiae
2368 2220 2479 2277 Deo
2504 2229 2561 2276 et
2583 2235 2745 2293 agno,
2774 2229 2830 2275 et
2859 2219 2915 2274 in
2941 2234 3036 2275 ore
3070 2220 3312 2290 ipsorum
3339 2236 3452 2276 non
3477 2229 3570 2276 cst-
3593 2220 3784 2277 inven-

2194 2331 2214 2365 ι
2255 2320 2372 2368 tum
2417 2313 2779 2369 mendacium.
2805 2311 2938 2368 Sine
2964 2313 3179 2369 macula
3219 2322 3347 2370 sunt
3367 2323 3494 2370 ante
3531 2315 3780 2371 thronum

2188 2400 2214 2457 ‘t
2256 2404 2375 2460 Dei.
2420 2425 2440 2458 ι
2653 2412 2660 2418 ”

2268 2498 2399 2555 Vidi
2425 2517 2588 2571 supra
2626 2509 2855 2555 montem
2893 2496 3023 2556 Sion
3066 2516 3259 2571 agnum
3298 2508 3544 2556 stantem.
3594 2498 3782 2573 Agnus

2188 2590 2457 2657 Christus,
2500 2590 2568 2645 de
2597 2606 2705 2661 quo
2732 2589 2971 2647 Joannes
3014 2590 3089 2645 ait
3123 2610 3136 2645 :
3174 2590 3311 2645 Ecce
3352 2607 3521 2661 agnus
3553 2589 3652 2644 De:
3690 2592 3783 2661 qui

2190 2681 2325 2736 tollit
2360 2693 2574 2753 peccata
2612 2683 2817 2736 mundi.
2851 2682 3003 2738 Mons
3043 2680 3194 2748 Sion,
3240 2682 3331 2752 qui
3360 2680 3660 2751 speculatio
3690 2681 3780 2736 in-

2190 2779 2520 2845 terpretatur
2543 2812 2559 2840 ,
2606 2771 2711 2829 hoc
2762 2772 2884 2828 loco
2935 2773 3177 2829 Ecclesia
3226 2772 3565 2843 intelligitur,
3615 2788 3782 2845 super

2193 2886 2353 2943 quem
2384 2871 2646 2928 Dominus
2672 2869 2831 2927 Jesus
2852 2870 3104 2927 Christus
3134 2879 3276 2926 stare
3301 2870 3642 2942 perhibetur,
3668 2871 3781 2926 vir-

2192 2964 2326 3021 tutis
2353 2972 2408 3021 et
2444 2964 2800 3035 protectionis
2825 2965 2876 3019 ei
2915 2970 3183 3034 praestans
3219 2965 3547 3036 adjutorium
3583 2972 3639 3020 et
3667 2982 3782 3021 mu-

2191 3055 2393 3112 nimen.
2428 3055 2568 3112 Nota
2595 3072 2717 3127 quae
2753 3056 2931 3112 bestia
2968 3058 3217 3128 superius
3264 3058 3319 3113 in
3365 3074 3530 3114 arena
3578 3060 3778 3126 maris,

2191 3162 2363 3218 agnus
2392 3147 2449 3202 in
2492 3154 2676 3203 monte
2715 3146 2846 3203 Sion
2875 3156 3021 3204 stare
3055 3149 3399 3218 perhibetur,
3442 3160 3497 3206 et
3537 3168 3658 3208 cum
3690 3151 3781 3208 illo

499 3225 719 3320 faciens
744 3224 1036 3320 Dominum
1079 3236 1327 3283 nostrum
1360 3225 1546 3284 Iesum
1590 3228 1886 3299 Christum,
1947 3234 2089 3290 sicut
2115 3209 2160 3273 Ο
2192 3209 2410 3292 centum
2433 3238 2790 3309 quadraginta
2816 3209 3263 3320 quatuor-millia.
3295 3209 3398 3295 Hie
3415 3250 3501 3297 est
3522 3257 3781 3297 numerus

501 3330 693 3371 verum
704 3315 1002 3384 hominem,
1016 3332 1143 3374 vere
1156 3333 1224 3374 ex
1236 3320 1453 3377 homine
1474 3323 1759 3395 temporali
1766 3332 1849 3379 ter
1860 3323 2084 3394 factum,

502 3408 579 3464 ita
606 3407 772 3465 etiam
795 3424 985 3465 verum
1010 3400 1182 3468 Deum
1200 3454 1216 3480 ,
1242 3429 1372 3470 vere
1394 3429 1462 3470 ex
1484 3415 1597 3472 Deo
1633 3414 1813 3484 Patre,
1846 3426 1900 3474 et
1929 3428 2088 3475 aeter-

499 3499 699 3554 naliter
726 3498 933 3568 natum,
973 3518 1103 3557 vere
1150 3520 1274 3558 cum
1323 3504 1488 3562 Patre
1539 3514 1597 3561 et
1643 3506 1850 3576 Spiritu
1900 3517 2088 3565 sancto

501 3604 717 3660 semper
757 3592 1082 3651 existentem
1118 3594 1418 3651 clarissima
1446 3598 1748 3654 assertione
1779 3600 2084 3671 perdocuit.

499 3682 615 3738 lmo
641 3683 823 3738 omnia
843 3684 1039 3740 divinae
1058 3687 1305 3744 veritatis
1328 3696 1384 3744 et
1413 3704 1555 3745 vera:
1575 3690 1895 3760 divinitatis,
1917 3708 2090 3764 quan-

499 3780 617 3828 tum
655 3773 811 3829 alteri
853 3775 1163 3832 mortalium
1207 3778 1341 3833 nulli
1388 3779 1540 3835 licuit
1573 3796 1773 3837 arcana
1798 3785 2084 3839 reseravit.

502 3862 572 3917 Et
607 3863 712 3919 hoc
735 3862 932 3934 virgini
972 3865 1316 3938 privilegium
1354 3878 1502 3926 recte
1530 3871 1880 3941 servabatur,
1923 3881 1987 3931 ut
2018 3875 2089 3931 ad

501 3954 796 4010 scrutanda
827 3954 987 4011 Verbi
1028 3957 1458 4029 incorruptibilis
1503 3965 1863 4031 sacramenta,
1908 3965 2090 4024 incor-

499 4054 663 4117 rupto
691 4046 807 4116 ipse
832 4061 942 4104 non
981 4047 1156 4104 solum
1183 4049 1348 4106 corde
1368 4091 1383 4118 ,
1415 4053 1510 4109 sed
1544 4062 1601 4109 et
1645 4070 1874 4129 corpore
1901 4073 2089 4130 proce-

506 4139 679 4195 deret.
711 4137 789 4196 De
822 4138 978 4210 cujus
1003 4140 1272 4197 dictorum
1300 4144 1564 4212 veritate,
1595 4148 1739 4217 quod
1774 4150 1846 4205 sit
1882 4151 2087 4207 nemini

503 4232 923 4304 ambigendum,
973 4234 1090 4305 ipse
1127 4250 1343 4306 quoque
1373 4239 1586 4293 curavit
1633 4241 1940 4309 ostendere,
1993 4243 2087 4315 qui

490 4337 629 4377 cum
670 4322 898 4379 dixisset
941 4342 955 4378 :
1000 4323 1104 4378 Hic
1153 4336 1227 4380 est
1267 4327 1555 4399 discipulus
1601 4331 1693 4403 qui
1730 4334 2086 4391 testimonium

502 4405 736 4497 nerhibet
764 4414 829 4469 de
852 4416 970 4482 his,
1012 4424 1061 4471 et
1087 4418 1295 4488 scripsit
1331 4419 1465 4487 hrec,
1498 4422 1754 4479 continuo
1780 4424 2011 4495 subjecit
2032 4434 2088 4482 et

501 4505 582 4559 ait
607 4518 623 4558 :
655 4503 727 4559 Et
745 4505 938 4561 scimus
962 4507 1089 4578 quia
1110 4524 1287 4563 verum
1315 4519 1393 4565 est
1419 4513 1773 4571 testimonium
1788 4517 1922 4589 ejus.
1950 4517 2086 4585 Quia

490 4611 635 4669 ergo
657 4612 781 4652 cum
806 4598 1018 4653 caeteris
1045 4597 1292 4657 ﬁdelibus
1318 4603 1539 4671 scimus,
1562 4621 1753 4663 verum
1782 4569 1903 4664 esse
1927 4610 2083 4663 testi-
2109 4569 2164 4629 Β

504 4690 746 4745 monium
774 4688 924 4758 ejus,
956 4707 1207 4750 curemus
1243 4710 1339 4765 per
1365 4700 1576 4768 omnia,
1607 4711 1666 4756 ut
1695 4711 1842 4758 recta
1872 4704 1977 4759 ﬁde
2003 4705 2086 4758 in-

505 4780 794 4852 telligendo
820 4822 835 4849 ,
882 4791 1031 4838 recta
1058 4787 1370 4856 Operatione
1397 4792 1703 4848 exercendo
1727 4809 1847 4863 quae
1877 4793 2080 4861 docuit,

505 4870 574 4924 ad
595 4870 733 4926 dona
771 4874 1149 4943 perveniamus
1178 4879 1530 4949 sempiterna,
1563 4898 1684 4952 qua:
1716 4884 2085 4953 promisitper

503 4959 795 5018 Dominum
819 4974 1063 5021 nostrum
1092 4966 1276 5025 Jesum
1304 4970 1601 5039 Christum,
1634 4975 1725 5044 qui
1750 4976 1882 5029 vivit
1909 4983 1964 5029 et
1992 4992 2081 5031 re-

487 5058 631 5122 gnat
661 5068 784 5108 cum
808 5053 971 5113 Patre
1010 5057 1065 5113 in
1092 5060 1300 5116 unitate
1325 5061 1557 5132 Spiritus
1585 5064 1780 5132 sancti,
1811 5065 1953 5123 Deus
1987 5083 2087 5138 per

503 5145 686 5200 omnia
710 5148 908 5205 saecula
929 5151 1268 5208 saeculorum.
1302 5152 1496 5210 Amen.

1132 5299 1426 5345 CONCOBDIL

486 5448 493 5451 τ
574 5406 635 5463 In
663 5408 766 5466 hoc
798 5409 1027 5466 istarum
1064 5411 1296 5469 duarum
1332 5415 1393 5471 ﬁt
1425 5419 1715 5477 concordia
1764 5422 2080 5495 lectionum,

488 5554 491 5561 ,
516 5501 647 5571 quia
684 5502 925 5559 humano
951 5503 1019 5558 de
1045 5501 1269 5560 Joannis
1293 5514 1417 5563 actu
1439 5516 1493 5565 et
1509 5512 1749 5581 nomine,
1773 5524 1829 5572 et
1847 5518 1952 5573 alia
1975 5528 2089 5574 tan-

507 5598 625 5649 tum
649 5592 716 5649 de
751 5592 871 5663 ejus
911 5602 1035 5651 actu
1068 5594 1274 5653 faciunt
1308 5601 1702 5663 rationabiliter
1735 5613 2084 5681 mentionem,

507 5684 602 5758 qui
630 5687 700 5743 ab
728 5686 876 5743 omni
916 5689 1235 5763 contagione
1279 5692 1715 5766 immaculatum,
1750 5718 1871 5758 cum
1907 5705 2091 5763 Domi-

482 5795 616 5837 .nus
644 5780 713 5839 ab
737 5777 964 5839 infantia
984 5780 1430 5847 custodiviteum
1466 5799 1524 5850 et
1549 5805 1820 5867 sanctum,
1858 5799 1982 5858 ideo
2009 5799 2088 5860 illi

2187 3325 2369 3398 populi
2397 3326 2513 3392 Dei,
2549 3326 2641 3383 hic
2674 3327 2859 3384 ﬁnitus
2886 3344 3146 3386 numerus
3171 3331 3394 3401 ponitur
3418 3348 3517 3402 pro
3544 3333 3776 3400 infinito,

2190 3429 2245 3477 et
2279 3428 2531 3477 sacratus
2563 3422 2759 3477 secreti
2788 3422 3180 3494 signiﬁcatione
3207 3426 3471 3495 mysterii.
3510 3424 3649 3479 Nam
3671 3434 3781 3481 ter-

2190 3514 2345 3568 nario
2366 3528 2593 3569 numero
2620 3512 2893 3584 triplicato
2910 3514 2970 3568 ﬁt
2991 3515 3335 3581 noveuarius,
3361 3517 3781 3587 etquaternario

2191 3613 2388 3677 quater
2423 3606 2585 3662 ducto
2616 3605 2855 3661 sedecim
2894 3605 3126 3663 faciunt.
3154 3605 3348 3663 Novies
3384 3616 3567 3663 autem
3598 3609 3781 3665 decies

2190 3695 2371 3750 sexies
2401 3702 2648 3761 centum,
2680 3696 3041 3766 quadraginta
3070 3705 3303 3768 quatuor
3334 3697 3641 3767 implentur,
3671 3714 3781 3769 quo

2180 3786 2418 3844 numero
2445 3788 2673 3859 virginei
2707 3789 2976 3843 examinis
3004 3792 3232 3863 mystice
3267 3791 3536 3847 insinuata
3561 3799 3646 3847 est
3667 3791 3807 3862 ple-o
3910 3811 3919 3815 ·

2189 3880 2401 3946 nitudo,
2432 3888 2495 3935 ut
2522 3896 2644 3936 cum
2681 3881 2746 3937 de
2774 3881 2895 3937 istis
2926 3891 3037 3937 tam
3069 3884 3285 3954 copiosa
3309 3884 3506 3940 dicitur
3540 3884 3781 3940 multitu-

2191 3978 2278 4044 do,
2302 3979 2369 4033 de
2392 3977 2608 4033 caeteris
2632 3977 2889 4033 Ecclesiae
2929 3980 3191 4036 membris
3215 3994 3322 4035 non
3346 3980 3640 4035 dubitetur.

2261 4067 2527 4124 Habentes
2550 4085 2736 4123 nomen
2757 4069 2895 4139 ejus,
2910 4078 2959 4124 et
2983 4087 3168 4125 nomen
3187 4072 3374 4142 patris,
3390 4078 3496 4126 etc.
3519 4070 3781 4141 Superius

2191 4163 2338 4220 enim
2385 4163 2597 4220 dixerat
2641 4163 2708 4218 de
2747 4163 2922 4218 bestia
2968 4164 3293 4221 ascendente
3320 4164 3389 4222 de
3426 4173 3594 4233 terra,
3635 4165 3778 4235 quod

2189 4262 2393 4317 faceret
2420 4275 2612 4318 omnes
2640 4261 2887 4331 pusillos,
2912 4270 2968 4316 et
2993 4279 3219 4334 magnos
3247 4263 3460 4328 divites,
3496 4271 3553 4317 et
3574 4276 3776 4332 paupe-

2191 4370 2280 4411 res
2304 4354 2528 4422 liberos,
2556 4365 2611 4411 et
2634 4370 2818 4411 servos
2847 4355 3048 4409 habere
3065 4356 3435 4410 characterem
3458 4356 3512 4410 in
3540 4355 3767 4413 dextera

2189 4465 2377 4513 manu,
2424 4458 2482 4504 et
2525 4449 2579 4502 in
2622 4447 2891 4503 frontibus
2929 4447 3062 4501 suis.
3094 4446 3195 4502 Hic
3229 4456 3410 4503 autem
3439 4463 3470 4504 e
3502 4450 3779 4507 contrario

2190 4538 2256 4593 de
2282 4537 2454 4592 servis
2485 4536 2607 4601 Dei,
2646 4551 2716 4590 ne
2759 4536 2874 4606 jam
2907 4534 3215 4592 vehementi
3256 4539 3650 4609 persecutionis
3676 4541 3779 4595 im-

2187 4638 2336 4699 petu,
2366 4629 2451 4684 vel
2479 4628 2834 4684 succubuisse
2856 4628 3111 4700 aliquem,
3137 4632 3221 4687 vel
3249 4632 3495 4703 periisse,
3528 4633 3776 4689 inﬁmus

2189 4719 2403 4775 animus
2439 4719 2755 4783 mstimaret,
2789 4721 3010 4776 subdit:
3045 4720 3308 4778 Habentes
3351 4740 3535 4780 nomen
3559 4725 3692 4795 ejus,
3724 4732 3775 4779 et

2188 4826 2375 4864 nomen
2402 4810 2569 4880 patris
2612 4810 2725 4880 ejus
2763 4812 3015 4881 scriptum
3055 4813 3112 4867 in
3155 4812 3412 4883 frontibus
3449 4816 3577 4870 suis.
3619 4814 3775 4882 Quod

2190 4897 2340 4961 dicit,
2370 4914 2588 4962 nomen,
2623 4900 2946 4973 intelligitur
2971 4903 3116 4974 agni,
3144 4910 3200 4959 et
3220 4919 3419 4961 nomen
3438 4908 3611 4977 patris
3633 4905 3769 4976 ejus,

2188 4986 2509 5058 intelligitur
2535 4989 2632 5045 Dei
2655 4990 2857 5048 Patris.
3746 5041 3750 5045 .

2260 5077 2332 5132 Et
2363 5081 2545 5136 audivi
2574 5098 2745 5137 vocem
2781 5084 2847 5138 de
2882 5084 3030 5140 caelo.
3074 5085 3132 5141 Id
3166 5095 3270 5153 est,
3303 5086 3624 5155 Ecclesiam,
3655 5105 3775 5160 qua:

2187 5170 2387 5227 caelum
2417 5174 2614 5243 saepius
2655 5174 2712 5228 in
2754 5175 2952 5231 divinis
2993 5179 3307 5235 nominatur
3341 5179 3660 5252 Scripturis.
3700 5182 3777 5239 De

2189 5263 2438 5319 Ecclesia
2463 5265 2608 5320 enim
2637 5267 2900 5336 scriptum
2926 5277 3010 5324 est
3037 5288 3049 5323 :
3083 5268 3284 5325 Caelum
3324 5274 3453 5328 mihi
3492 5277 3638 5331 sedes
3676 5286 3773 5331 est.

2190 5351 2260 5407 Et
2293 5353 2360 5407 de
2404 5352 2647 5423 ejusdem
2687 5356 2943 5414 Ecclesiae
2984 5362 3432 5429 praedicatoribus
3468 5368 3728 5436 scripturn
3757 5387 3772 5424 :

2190 5440 2318 5498 ϐωιὶ
2347 5454 2598 5499 enarrant
2633 5444 2855 5515 gloriam
2897 5448 3016 5504 Dei.
3060 5452 3253 5525 Magna
3294 5472 3398 5511 vox
3438 5466 3772 5527 sanctorum,

2191 5546 2384 5604 magna
2413 5543 2497 5589 est
2525 5533 2740 5591 dev0tio
2768 5539 3069 5606 charitatis,
3105 5559 3270 5613 quam
3306 5561 3365 5601 se
3394 5547 3459 5603 de
3496 5547 3632 5605 caelo
3675 5566 3773 5605 au-

2192 5622 2337 5678 disse
2374 5625 2563 5692 refert,
2591 5641 2715 5683 cum
2751 5645 2845 5687 eos
2872 5634 2965 5701 qui
2990 5647 3176 5689 vocem
3218 5636 3525 5707 ediderunt,
3556 5639 3611 5695 in
3643 5640 3773 5698 Sion

2192 5725 2375 5774 monte
2423 5727 2568 5777 stare
2616 5723 2951 5792 praediceret,
3018 5734 3076 5781 ut
3120 5729 3371 5787 ostendat
3423 5747 3507 5805 se
3536 5745 3774 5792 montem

2166 5808 2327 5895 Sion
2365 5826 2472 5871 non
2520 5815 2666 5873 aliud
2698 5832 2863 5888 quam
2907 5818 3210 5881 Ecclesiam
3262 5825 3495 5898 dixisse,
3539 5845 3661 5901 quae
3706 5832 3776 5890 ad
3820 5874 3825 5875 κ
