4110 6452
360 431 427 490 t9
551 374 561 384 ’
959 411 962 414 ’
1187 421 1706 484 censemus
1732 403 1810 480 nt
1843 399 2230 479 spts'rous
2264 417 2354 477 s'r
2389 417 2802 477 mancam.
3557 421 3628 490 so

361 545 698 605 devincenda
737 542 1062 618 gravamina~
1088 555 1501 614 pressurarum,
1547 537 1762 593 sublimi
1805 551 1934 592 oon-
1962 538 2014 600 Α
2039 533 2188 606 ginta
2230 533 2470 605 quinque
2510 533 2699 601 millia,
2728 537 2822 606 qui
2851 536 3016 608 empti
3042 542 3168 592 sunt
3194 535 3260 591 de
3290 544 3453 592 terra.
3501 533 3625 592 Sin-

364 641 712 713 templatione
770 647 953 694 erecta
1015 637 1248 708 gaudio,
1304 635 1448 705 regis
1500 633 1583 689 sui
1637 633 1938 688 certamina

360 736 520 790 laude
549 733 706 788 simul
736 740 790 787 et
819 731 1122 785 imitatione
1148 727 1511 784 concelebrat.
1546 725 1659 781 Hoc
1687 734 1770 780 est
1794 724 1940 779 enim

360 828 630 883 veraciter
656 840 794 896 agno
823 825 986 879 stanti
1016 822 1264 893 psallere.

437 917 709 988 Tanquam
758 933 932 970 vocem
973 931 1229 986 aquarum
1266 912 1578 976 multarum,
1609 919 1658 965 et
1691 919 1940 981 tanquam

360 1026 534 1065 vocem
589 1009 806 1062 tonitrui
854 1008 1051 1076 magni.
1103 1006 1241 1073 Quid
1287 1019 1386 1075 per
1433 1019 1624 1060 vocem
1679 1018 1942 1073 aquarum

365 1101 679 1165 multarum,
723 1099 827 1154 nisi
853 1115 959 1154 vox
986 1097 1303 1170 intelligitur
1328 1095 1779 1168 prmdicatorum?
1804 1093 1944 1162 Quid

363 1209 464 1264 per
499 1208 687 1247 vocem
729 1191 952 1246 tonitrui
996 1192 1194 1262 magni,
1228 1190 1334 1245 nisi
1363 1204 1468 1243 vox
1495 1188 1769 1258 Evangelii
1799 1186 1942 1241 desi~

361 1284 602 1354 gnatur?
677 1283 826 1339 Unde
879 1291 931 1337 et
983 1283 1200 1353 quidam
1274 1283 1499 1352 apostoli
1563 1282 1659 1336 ﬁlii
1719 1281 1943 1336 tonitrui

363 1375 746 1428 nominantur.
792 1375 1050 1430 Tonitrua
1099 1375 1243 1429 enim
1290 1384 1416 1429 sunt
1468 1374 1795 1444 Evangelia,
1852 1373 1944 1428 ubi

363 1465 743 1520 comminando
769 1466 920 1520 aiunt
946 1484 958 1519 :
991 1465 1174 1520 Omnis
1206 1466 1384 1531 arbor,
1408 1483 1524 1537 qua:
1552 1482 1656 1519 non
1683 1465 1811 1536 facit
1836 1464 1946 1534 fru-

363 1565 502 1610 ctum
531 1557 742 1616 bonum.
773 1556 1034 1611 exciditur
1058 1566 1106 1610 et
1139 1557 1192 1609 in
1214 1557 1385 1627 ignem
1413 1555 1658 1610 mittitur.

436 1646 502 1700 Et
541 1665 715 1702 vocem
755 1665 910 1719 quam
950 1647 1147 1712 audivi,
1179 1648 1313 1700 sicut
1344 1647 1746 1701 citharoedorum
1778 1647 1946 1702 citha-

363 1742 643 1795 rizantium
659 1743 710 1795 in
733 1742 950 1795 citharis
973 1742 1102 1796 suis.
1123 1740 1260 1808 Quid
1283 1755 1379 1811 per
1399 1756 1586 1796 vocem
1613 1741 1943 1796 citharizan-

363 1833 520 1898 tium,
547 1833 654 1888 nisi
683 1848 787 1887 vox
818 1848 1054 1888 consona
1097 1834 1338 1888 omnium
1388 1833 1704 1904 designatur
1743 1833 1943 1903 praedi-

2043 625 2300 698 gulariter
2327 626 2601 681 canticum
2625 642 2762 698 agno
2792 637 3036 696 cantare,
3065 637 3149 685 est
3175 644 3299 684 cum
3324 643 3388 684 eo
3423 628 3476 684 in
3501 643 3628 698 per-

2039 726 2262 788 petuum
2289 734 2400 789 prae
2429 719 2640 774 cunctis
2673 718 2917 775 ﬁdelibus
2947 721 3112 775 etiam
3142 719 3208 776 de
3235 720 3416 775 carnis
3445 720 3630 776 incor-

2043 810 2292 878 ruptione
2340 811 2596 882 gaudere.
2650 811 2804 878 Quod
2843 820 3024 867 tamen
3047 813 3206 871 electi
3243 813 3427 869 caeteri
3455 813 3630 870 canti-

2044 919 2166 958 cum
2200 903 2386 959 audire
2424 914 2668 974 possunt,
2703 904 2829 960 licet
2857 907 3037 962 dicere
3072 919 3364 978 nequeunt,
3401 908 3494 979 qui
3531 920 3632 978 per

2047 997 2372 1052 charitatem
2416 998 2634 1068 quidem
2663 1014 2730 1052 ex
2762 999 2975 1054 illorum
3003 999 3319 1058 celsitudine
3343 1002 3450 1057 laeti
3481 1008 3627 1068 sunt,

2045 1089 2291 1158 quamvis
2315 1090 2383 1144 ad
2412 1105 2599 1145 eorum
2630 1092 2850 1160 praemia
2881 1107 2989 1146 non
3015 1102 3321 1164 assurgunt.
3619 1153 3623 1156 _

2130 1180 2361 1253 Virgines
2379 1184 2516 1236 enim
2537 1193 2680 1248 sunt,
2697 1184 2748 1236 lii
2769 1185 2859 1255 qui
2881 1194 3170 1255 sequuntur
3183 1201 3378 1255 agnum
3397 1202 3626 1257 quocun-

2043 1290 2144 1345 que
2169 1274 2306 1328 ierit.
2355 1274 2482 1328 Haec
2522 1274 2748 1343 pulchre
2787 1273 2978 1330 beatus
3009 1275 3360 1346 Augustinus,
3393 1276 3633 1348 virgines

2046 1366 2408 1431 admonendo,
2430 1367 2708 1435 exposuit:
2729 1365 2994 1436 «Pergite,
3018 1367 3291 1437 inquiens,
3310 1367 3482 1421 sancti
3509 1367 3626 1432 Dei,

2044 1459 2199 1528 pueri
2229 1459 2515 1529 etpuellte,
2565 1475 2746 1514 mares
2796 1475 2859 1515 ac
2903 1459 3138 1528 feminae,
3189 1461 3404 1517 caelibes
3443 1468 3499 1516 et
3547 1462 3629 1516 in-

2046 1557 2250 1618 nuptm,
2285 1550 2493 1620 pergite
2522 1552 2924 1620 perseverando
2952 1553 3006 1606 in
3039 1552 3220 1608 ﬁnem.
3261 1553 3501 1609 Laudate
3528 1553 3635 1609 Do—

2013 1640 2256 1695 ~asinum
2322 1641 2550 1708 dulcius,
2603 1659 2762 1714 quem
2819 1645 3070 1715 cogitatis
3115 1646 3354 1701 uberius.
3406 1644 3632 1716 Sperate

2046 1735 2276 1802 felicius,
2306 1736 2390 1791 cui
2421 1737 2637 1792 servitis
2661 1738 2970 1793 instantius.
2998 1737 3192 1793 Amate
3217 1739 3518 1805 ardentius,
3544 1737 3633 1794 cui

2046 1826 2273 1895 placetis
2312 1828 2591 1883 attentius.
2635 1828 2860 1885 Lumbis
2891 1829 3152 1886 accinctis
3179 1838 3235 1886 et
3259 1830 3496 1888 lucernis
3546 1846 3634 1885 ar-

361 1933 628 1989 catorum,
683 1931 737 1977 et
775 1940 881 1978 una
921 1926 1209 1980 concordia
1244 1941 1448 1988 eorum,
1494 1942 1613 1995 quae
1644 1927 1698 1980 in
1730 1927 1935 1982 mundis

2048 1917 2298 1973 dentibus
2350 1926 2663 1989 exspectate
2717 1920 3046 1987 Dominum,
3104 1923 3320 1993 quando
3371 1923 3552 1978 veniat
3601 1939 3634 1977 a

365 2014 640 2079 cordibus,
695 2018 966 2071 canticum
1009 2024 1266 2086 personat
1303 2016 1605 2072 eharitatis.
1656 2017 1945 2073 Concitha-

359 2105 506 2159 ristae
532 2105 626 2161 Dei
655 2123 844 2162 omnes
869 2109 1044 2162 sancti
1075 2117 1220 2173 sunt,
1251 2109 1340 2180 qui
1366 2126 1575 2164 carnem
1594 2127 1744 2164 suam
1767 2111 1940 2164 cruci-

358 2196 571 2266 ﬁgentes
597 2215 715 2252 cum
737 2200 876 2253 vitiis
901 2210 949 2252 et
973 2201 1403 2272 concupiscentiis
1429 2199 1575 2272 (Gal.
1603 2201 1681 2268 ν),
1720 2201 1944 2258 laudant

357 2305 483 2344 eum
513 2293 566 2345 in
598 2291 852 2362 psalterio
879 2301 933 2348 et
967 2294 1179 2348 cithara
1211 2309 1225 2346 :
1259 2303 1522 2363 quantum
1566 2294 1796 2364 amplius
1837 2295 1940 2362 illi,

357 2383 454 2452 qui
489 2381 757 2451 Angelica:
793 2384 1077 2454 privilegio
1114 2385 1402 2450 castitatis,
1452 2394 1593 2440 totos
1637 2400 1695 2439 sc
1740 2385 1946 2440 faciunt

358 2471 591 2526 Domino
632 2473 1003 2529 holocaustum
1052 2476 1428 2544 singulariter,
1479 2476 1810 2548 abnegantes
1854 2492 1943 2532 se-

357 2563 636 2633 metipsos,
666 2565 916 2620 tollentes
945 2582 1163 2622 crucem
1205 2583 1380 2635 suam,
1414 2577 1715 2638 sequuntur
1741 2585 1942 2640 agnum

355 2670 682 2726 quocunque
717 2659 862 2713 ierit.

429 2744 500 2800 Et
546 2750 831 2804 cantabant
883 2755 1034 2822 quasi
1084 2756 1346 2809 canticum
1392 2771 1599 2810 novum.
1650 2755 1792 2822 Quid
1843 2771 1942 2826 per

357 2839 629 2894 canticum
659 2857 880 2908 novum,
911 2845 1014 2899 nisi
1041 2845 1248 2902 Novum
1276 2847 1707 2913 Testamentum,
1733 2858 1788 2903 et
1809 2865 1942 2904 cono

358 2927 524 2986 fessio
577 2932 890 3004 designatur
929 2935 1189 3004 ﬁdelium,
1231 2939 1286 2993 id
1308 2948 1411 3003 est,
1441 2940 1602 2994 credo
1630 2940 1798 2994 Deum
1831 2939 1936 2994 Pa-

361 3030 498 3077 trem
545 3025 992 3094 omnipotentem,
1029 3038 1083 3083 et
1122 3031 1175 3083 in
1222 3028 1407 3085 Jesum
1446 3030 1722 3085 Christum
1751 3031 1932 3086 Domi-

359 3127 486 3169 nu‘m
531 3127 777 3173 nostrum
808 3119 1006 3174 Filium
1034 3121 1173 3192 ejus,
1205 3131 1260 3176 et
1285 3123 1339 3177 in
1370 3122 1631 3192 Spiritum
1667 3133 1934 3180 sanctum.

358 3205 471 3262 Hoc
511 3210 654 3264 enim
703 3211 970 3266 canticum
1009 3228 1206 3267 novum
1249 3222 1448 3277 cantat,
1486 3216 1603 3285 qui,
1631 3217 1801 3271 veteri
1841 3217 1939 3272 ho-

2046 2007 2252 2076 nuptiis
2297 2007 2448 2080 (Luc.
2476 2010 2619 2081 xui).
2650 2011 2759 2066 Vos
2789 2011 2993 2067 all'ertis
3022 2011 3090 2067 ad
3112 2013 3327 2082 nuptias
3355 2013 3478 2084 agni
3503 2029 3634 2070 can-

2045 2100 2212 2155 ticum
2254 2117 2472 2168 novum,
2519 2105 2662 2174 quod
2709 2105 3098 2161 cantabitis'in
3139 2107 3368 2162 citharis
3407 2107 3629 2174 vestris,

2044 2193 2232 2264 utique
2259 2195 2386 2260 tale,
2411 2196 2570 2266 quale
2590 2212 2750 2252 nemo
2778 2199 2978 2269 poterit
3001 2199 3204 2266 dicere,
3235 2200 3342 2255 nisi
3375 2215 3492 2255 vos.
3532 2199 3624 2257 Sic

2046 2285 2191 2340 enim
2219 2301 2316 2340 vos
2351 2288 2484 2341 vidit
2527 2288 2579 2341 in
2617 2288 2940 2360 Apocalypsi
2968 2290 3205 2360 quidam,
3248 2306 3360 2361 pra:
3395 2284 3655 2358 caeteris,

2047 2375 2277 2432 dilectus
2321 2394 2497 2448 agno,
2553 2380 2644 2448 qui
2703 2381 3042 2438 discumbere
3087 2397 3250 2452 super
3275 2391 3466 2453 pectus
3514 2381 3632 2449 ejus

2047 2469 2237 2523 solitus
2266 2478 2402 2524 erat.
2435 2470 2554 2540 Ipse
2579 2486 2676 2526 vos
2705 2473 2840 2527 vidit
2871 2475 3160 2530 duodecies
3183 2476 3426 2531 duodena
3463 2476 3633 2531 millia

2045 2568 2358 2614 sanctorum
2399 2563 2860 2630 citharoedorum,
2919 2566 3136 2622 illibata:
3192 2566 3522 2638 virginitatis
3574 2569 3629 2645 in

2041 2657 2312 2721 corpo’re,
2364 2653 2634 2708 inviolatae
2685 2655 2929 2711 veritatis
2979 2658 3034 2712 in
3085 2658 3270 2713 corde.
3321 2658 3625 2730 Sequimini

2042 2754 2260 2810 agnum,
2310 2743 2437 2813 quia
2467 2751 2522 2799 et
2547 2746 2668 2817 agni
2712 2762 2841 2802 caro
2873 2748 3062 2820 utique
3108 2750 3282 2821 virgo.
3329 2749 3631 2821 Sequimini

2042 2847 2164 2888 eum
2206 2834 2522 2906 virginitate
2550 2839 2728 2894 cordis
2770 2848 2824 2894 et
2869 2841 3071 2906 carnis,
3120 2857 3439 2913 quocunque
3477 2844 3621 2898 ierit.

2040 2921 2182 2990 Quid
2211 2933 2294 2980 est
2320 2927 2465 2981 enim
2492 2929 2666 3000 sequi,
2700 2931 2804 2985 nisi
2835 2931 3056 2995 imitari,
3101 2935 3226 3004 quia
3262 2931 3502 2989 Christus
3532 2951 3628 3006 pro

2040 3014 2187 3070 nobis
2221 3034 2407 3088 passus
2439 3029 2536 3086 est,
2579 3021 2876 3094 relinquens
2922 3024 3068 3079 nobis
3110 3025 3426 3098 exemplum,
3457 3035 3515 3082 ut
3545 3043 3628 3082 se-

2037 3110 2325 3178 queremini
2364 3113 2577 3183 vestigia
2605 3114 2717 3183 ejus
2738 3135 2756 3167 ι
2785 3115 2837 3186 (Ι
2864 3114 3010 3170 Petr.
3041 3115 3127 3188 ll).

2109 3200 2183 3255 Hi
2213 3211 2358 3270 sunt,
2383 3205 2472 3274 qui
2514 3221 2633 3259 cum
2665 3206 2974 3263 mulieribus
3001 3226 3106 3264 non
3129 3221 3252 3266 sunt
3281 3213 3628 3284 coinquinati,

358 3301 504 3356 mine
527 3301 792 3371 deposito,
815 3319 912 3373 per
933 3305 1160 3376 gratiam
1185 3306 1524 3376 baptismatis
1549 3308 1836 3363 innovatur
1861 3307 1935 3364 fe-

2040 3296 2266 3364 virgines
2324 3297 2462 3350 enim
2505 3307 2646 3352 sunt.
2679 3297 2925 3370 Virgines
2953 3303 3097 3357 enim
3147 3305 3278 3359 dicit
3317 3306 3631 3376 integritate

357 3392 551 3449 liciter.
589 3394 693 3450 Iste
716 3407 908 3451 cantus
937 3399 1027 3467 qui
1056 3407 1291 3453 mentem
1319 3399 1667 3468 purissimam
1693 3399 1937 3455 consola-

359 3493 464 3552 tur,
491 3487 582 3556 qui
614 3487 923 3544 medullitus
948 3489 1267 3557 delectatur,
1297 3492 1401 3545 hoc
1424 3507 1596 3546 novus
1624 3493 1786 3548 homo
1810 3507 1938 3548 can-

356 3587 474 3633 tare
515 3579 677 3634 debet
712 3583 981 3636 canticum
1015 3598 1212 3637 novum
1242 3598 1347 3637 non
1379 3593 1554 3649 vetus,
1585 3584 1675 3652 qui
1707 3584 1936 3640 necdum

354 3667 485 3723 Adae
508 3681 729 3740 peccata
752 3672 1016 3742 deposuit.
1042 3671 1223 3727 Novus
1249 3673 1432 3743 utique
1456 3682 1650 3728 cantus
1679 3683 1782 3740 est,
1808 3675 1935 3746 quia

357 3778 630 3833 nunquam
657 3765 815 3818 talem
848 3774 1007 3821 antea
1035 3767 1267 3822 mundus
1296 3767 1519 3822 audivit.

429 3854 656 3910 Novum.
698 3857 851 3924 Quod
879 3858 1025 3913 nulla
1055 3867 1323 3915 vetustate
1348 3861 1646 3928 sordescat,
1676 3860 1770 3915 sed
1799 3875 1936 3918 sem-

354 3963 452 4016 per
477 3947 530 4000 in
557 3947 639 4001 sui
664 3947 941 4017 dignitatis
965 3951 1138 4017 gratia
1167 3959 1492 4020 perseveret.

426 4039 558 4092 Ante
586 4038 778 4092 sedem.
813 4037 981 4094 Sedes
1015 4039 1256 4096 Ecclesia
1286 4053 1370 4096 est
1391 4040 1647 4110 perfecta,
1679 4057 1800 4112 quae
1826 4057 1935 4098 me-

354 4131 466 4185 ruit
487 4131 684 4186 crelum
707 4146 846 4196 esse,
869 4147 935 4186 eo
961 4134 1102 4200 quod
1133 4134 1201 4187 sit
1229 4135 1592 4188 habitaculum
1620 4134 1735 4190 Dei.
1765 4135 1932 4193 Sedes

353 4233 481 4280 sunt
519 4221 819 4277 Salvatoris
846 4222 1081 4288 Domini,
1112 4239 1247 4292 quas
1270 4225 1358 4280 ille
1386 4241 1483 4279 sua
1513 4227 1796 4294 majestate
1816 4226 1931 4295 jam

351 4318 613 4388 possidet,
656 4316 796 4373 sicut
823 4316 1020 4387 legitur
1046 4335 1059 4371 :
1086 4314 1244 4371 Sedes
1282 4317 1551 4387 sapientia:
1591 4319 1769 4372 anima
1795 4318 1931 4387 justi

352 4421 427 4465 est
458 4410 605 4482 (Sap.
638 4410 758 4480 vn).

424 4502 494 4556 Et
524 4513 645 4556 ante
667 4511 894 4574 quatuor
931 4503 1206 4558 animalia.
1249 4502 1496 4570 Quatuor
1532 4503 1676 4558 enim
1720 4504 1929 4559 anima-

351 4596 423 4650 lia
473 4605 704 4665 quatuor
746 4594 1033 4666 designant
1083 4595 1417 4666 Evangelia,
1481 4611 1601 4665 quae
1648 4597 1754 4652 alio
1806 4597 1926 4653 loco

349 4686 508 4760 plena
538 4686 708 4741 oculis
749 4696 874 4740 ante
913 4694 966 4742 et
1012 4695 1157 4741 retro
1182 4686 1579 4742 describuntur.
1609 4686 1769 4755 Ante,
1801 4690 1928 4760 quia

351 4778 417 4833 de
442 4777 625 4833 futuro
647 4777 849 4847 judicio
879 4778 1200 4848 prtedicant.

421 4869 602 4925 Retro.
647 4870 783 4938 Quia
826 4869 893 4925 de
939 4871 1120 4926 Veteri
1167 4870 1515 4928 Testamento
1557 4871 1927 4928 testimonium

349 4962 570 5017 donant.
598 4963 756 5031 Quod
781 4972 962 5018 autem
993 4965 1240 5035 sequitur
1273 4985 1283 5018 :

417 5053 488 5107 Et
527 5056 777 5110 seniores.
816 5055 940 5112 Illos
985 5056 1274 5128 signiﬁcat,
1324 5057 1392 5112 de
1428 5057 1627 5129 quibus
1671 5059 1922 5128 superius

349 5145 559 5200 dixerat
583 5165 596 5201 :

415 5239 484 5293 Et
505 5241 558 5295 in
579 5241 803 5297 circuitu
827 5244 962 5298 sedis
983 5243 1168 5299 sedilia
1191 5245 1372 5314 viginti
1392 5253 1619 5316 quatuor
1643 5244 1834 5312 millia,
1874 5254 1924 5301 et

345 5347 500 5402 super
529 5333 740 5388 thronos
769 5335 948 5405 viginti
983 5345 1209 5407 quatuor
1245 5338 1493 5406 seniores,
1525 5339 1757 5393 sedentes
1784 5341 1922 5394 ami-

346 5427 414 5479 cti
443 5427 758 5480 vestimentis
789 5426 941 5481 albis.
976 5428 1077 5495 Qui
1109 5430 1221 5485 sive.
1245 5430 1558 5502 decalogum
1589 5432 1922 5502 duplicatum

347 5527 402 5573 et
423 5528 660 5589 quatuor
681 5518 987 5591 signiﬁcant
1014 5520 1323 5592 Evangelia,
1353 5523 1468 5579 sive
1493 5525 1775 5580 duodecim
1798 5539 1922 5596 apo-

346 5609 532 5675 stolos,
562 5618 616 5664 et
643 5609 925 5666 duodecim
962 5612 1322 5682 patriarchas,
1366 5614 1421 5668 id
1449 5623 1552 5679 est,
1586 5615 1716 5678 Noe,
1750 5617 1921 5672 Abra-

344 5700 492 5766 ham,
540 5700 706 5766 lsaae,
752 5699 941 5767 Jacob,
988 5703 1226 5774 Moysen,
1253 5704 1458 5772 Aaron,
1489 5704 1673 5769 Iosue,
1701 5707 1917 5776 Isaiam,

345 5791 676 5849 Hieremiam
702 5833 718 5860 ,
772 5793 1130 5861 Ezechielem,
1176 5796 1453 5852 Danielem
1501 5805 1558 5853 et
1601 5798 1790 5855 David.
1853 5801 1922 5855 Et

283 5893 297 5909 ί
318 5877 504 5942 ἰιιιωο
544 5891 755 5955 poterat
789 5885 971 5944 dicere
1013 5885 1282 5946 canticum
1309 5887 1413 5943 nisi
1443 5896 1660 5946 centum
1687 5891 1918 5959 quadra-

2044 3385 2188 3440 ﬁdei.
2229 3387 2320 3441 Sic
2359 3387 2426 3442 de
2456 3388 2749 3444 universali
2782 3390 3020 3446 Ecclesia
3049 3392 3288 3462 loquitur
3310 3395 3625 3465 Apostolus,

2042 3478 2226 3533 dicens
2253 3497 2266 3532 :
2297 3479 2562 3551 Despondi
2599 3499 2684 3536 vos
2730 3484 2823 3537 uni
2849 3485 2980 3549 viro,
3012 3485 3263 3556 virginem
3309 3498 3509 3542 castam
3535 3505 3628 3543 ea:-

2040 3571 2216 3626 hibere
2257 3568 2485 3639 Christo,
2530 3589 2655 3628 nam
2685 3584 2739 3629 et
2768 3574 2907 3629 hanc
2957 3574 3222 3632 visionem
3267 3577 3622 3648 Thichonius,

2038 3677 2148 3717 non
2190 3662 2256 3717 de
2294 3663 2594 3734 virginibus
2636 3665 2943 3735 specialiter
2994 3675 3223 3734 tantum,
3281 3671 3375 3725 sed
3406 3671 3472 3726 de
3515 3681 3628 3727 tota

2037 3756 2366 3826 generaliter
2406 3759 2798 3829 interpretatur
2862 3761 3123 3818 Ecclesia.
3174 3762 3240 3818 lli
3283 3767 3450 3836 empti
3501 3779 3630 3823 sunt

2035 3864 2102 3903 ex
2133 3851 2443 3906 hominibus
2482 3853 2733 3922 primitiae
2762 3855 2874 3910 Deo
2899 3864 2952 3910 et
2983 3871 3144 3927 agno,
3200 3859 3461 3930 redempti
3501 3875 3626 3930 pre-

2034 3941 2176 3997 tioso
2204 3945 2464 4014 sanguine
2491 3943 2713 4011 Christi,
2747 3955 2808 4002 ut
2831 3948 3119 4017 Apostolus
3141 3951 3217 4005 ait
3243 3966 3257 4004 :
3287 3951 3466 4023 Empti
3487 3954 3623 4008 enim

2035 4035 2156 4088 estis
2181 4037 2347 4104 pretio
2377 4053 2590 4107 magno,
2620 4037 2912 4108 gloriﬁcate
2936 4050 2984 4094 et
3015 4050 3218 4111 portate
3253 4041 3536 4098 Dominum
3568 4045 3624 4099 in

2033 4143 2250 4198 corpore
2288 4139 2454 4183 vestro
2491 4129 2544 4202 (1
2574 4129 2695 4185 Cor.
2734 4132 2830 4205 vi).
2871 4131 2964 4187 Hte
2993 4134 3246 4203 primitia:
3274 4135 3341 4190 de
3370 4135 3462 4190 illo
3489 4151 3614 4190 san-

2035 4224 2122 4270 cto
2145 4225 2197 4271 et
2226 4217 2572 4274 immaculato
2598 4221 2856 4276 Ecclesiae
2889 4237 3071 4292 grege,
3111 4223 3265 4294 quasi
3297 4225 3617 4292 sanctiores,

2033 4309 2346 4379 prioresque
2368 4312 2577 4376 hostire,
2609 4328 2708 4384 pro
2733 4314 3027 4372 voluntatis
3051 4331 3164 4374 suae
3190 4318 3421 4384 meritis,
3454 4334 3486 4374 a
3511 4319 3621 4391 spi-

2032 4399 2141 4454 ritu
2167 4409 2354 4456 sancto
2377 4402 2673 4474 eliguntur.

2104 4491 2175 4547 Et
2203 4495 2258 4548 in
2301 4511 2388 4550 ore
2433 4497 2668 4566 ipsorum
2712 4516 2816 4555 non
2857 4509 2931 4556 est
2970 4503 3236 4558 inventum
3263 4505 3618 4566 mendacium.

2033 4584 2153 4641 Non
2199 4588 2371 4643 dixit:
2401 4588 2515 4644 Non
2543 4591 2643 4646 fuit
2673 4592 2725 4646 in
2753 4609 2848 4648 ore
2887 4609 3076 4650 eorum
3118 4597 3482 4664 mendacium,
3521 4603 3618 4657 sed

2033 4693 2140 4732 non
2166 4687 2251 4734 est
2288 4679 2587 4736 inventum.
2647 4682 2802 4738 Sicut
2841 4684 3132 4754 Apostolus
3177 4688 3349 4744 dicit:
3378 4689 3448 4744 Et
3504 4692 3616 4747 hac

2030 4769 2238 4839 quidem
2280 4771 2476 4841 fuistis,
2504 4772 2595 4827 sed
2638 4774 2804 4829 abluti
2842 4777 2965 4830 estis
3003 4777 3053 4850 (I
3081 4777 3202 4833 Cor.
3229 4779 3328 4850 vl).
3369 4779 3472 4836 Et:
3501 4780 3616 4837 Ini-

2028 4863 2200 4933 quitas
2235 4863 2422 4934 injusti
2449 4881 2553 4920 non
2580 4866 2780 4920 nocebit
2827 4869 2896 4934 ei,
2935 4887 3039 4940 qua
3075 4871 3161 4925 die
3194 4888 3472 4928 conversus
3500 4874 3617 4943 fue-

2028 4955 2096 5007 rit
2127 4954 2190 5008 ab
2221 4955 2498 5026 iniquitate
2533 4973 2653 5022 sua,
2704 4966 2760 5012 et
2792 4960 2997 5030 poterit
3022 4975 3144 5016 esse
3169 4963 3344 5034 virgo,
3375 4973 3431 5018 et
3460 4964 3614 5020 dolus

2028 5045 2084 5099 in
2105 5061 2199 5100 ore
2227 5045 2345 5114 ejus
2385 5063 2493 5103 non
2539 5049 2789 5105 inveniri.
2825 5052 3073 5125 Virgines
3096 5056 3242 5111 enim
3271 5067 3454 5113 castos
3481 5059 3612 5114 dicit

2028 5147 2086 5195 et
2119 5141 2362 5211 pudicos.
2409 5141 2538 5198 Sine
2587 5143 2796 5200 macula
2846 5155 2971 5200 sunt
3017 5156 3143 5204 ante
3188 5151 3442 5206 thronum
3489 5149 3607 5206 Dei.

2030 5232 2160 5288 Sine
2213 5235 2448 5300 macula,
2505 5235 2607 5290 hoc
2657 5245 2759 5304 est,
2814 5238 2931 5294 sine
2965 5250 3207 5311 peccato.
3261 5241 3411 5296 Tunc
3463 5241 3611 5299 enim

2020 5324 2152 5394 justi
2186 5325 2520 5381 immaculati
2569 5337 2716 5394 sunt,
2764 5330 2980 5399 quando
3013 5332 3359 5396 indulgentiae
3384 5347 3610 5392 munera

2025 5401 2448 5487 consequuntur,
2483 5419 2623 5474 sicut
2648 5419 2920 5491 Propheta
2948 5423 3114 5477 dicit:
3144 5421 3366 5477 Lavabis
3405 5440 3506 5492 me,
3556 5439 3606 5486 et

2023 5529 2180 5584 super
2227 5514 2392 5568 nivem
2442 5514 2726 5570 dealbabor
2775 5514 2946 5589 (Psal.
2993 5517 3090 5587 ιι).
3134 5518 3286 5574 Beati
3329 5534 3457 5594 ergo
3503 5523 3608 5577 im-

2023 5603 2316 5671 maculati,
2378 5605 2470 5674 qui
2527 5607 2581 5660 in
2637 5607 2805 5661 vitam
2859 5616 3120 5663 aeternam
3183 5619 3462 5666 merentur
3514 5615 3604 5669 in-

2025 5703 2106 5750 tra
2114 5709 2191 5750 re.

2356 5803 2692 5845 EVANGELIUI
2732 5803 3014 5857 HATTHEI,
3054 5806 3178 5849 CAP.
3219 5809 3281 5847 11.

2097 5912 2115 5947 ε
2148 5895 2285 5950 Ecce
2319 5897 2541 5968 angelus
2573 5895 2781 5953 Domini
2801 5899 3048 5966 apparuit
3068 5902 3123 5956 in
3145 5901 3348 5957 somnis
3368 5899 3598 5973 Ioseph.
