4110 6450
486 378 545 454 si
1786 381 2139 446 smmum
2172 384 2466 447 mearis
3557 338 3575 358 ’
3673 400 3744 456 52

492 524 511 565 ι
541 512 769 569 dicens:
798 504 975 583 Surge
1012 512 1067 565 et
1112 509 1294 579 accipe
1321 508 1545 579 puerum
1572 512 1628 561 et
1656 514 1887 562 matrem
1915 502 2052 575 eius,
2082 509 2135 569 Α
2157 504 2371 562 παιηίώ
2393 504 2803 573 incarnationis,
2850 516 2910 564 et
2946 506 3209 565 Ecclesiae
3244 509 3591 579 societatem,
3647 528 3750 586 per

490 614 509 662 ἆ
538 612 591 663 et
618 607 742 679 fuge
770 605 827 662 in
859 603 1172 679 Egyptum,
1204 608 1261 659 et
1287 609 1404 657 esto
1426 602 1509 689 ibi
1530 606 1703 672 usque
1728 600 1856 656 dum
1884 592 2063 655 dicam

491 692 677 768 itibi;
718 698 958 756 futurum
992 702 1075 752 est
1098 696 1267 763 enim,
1315 700 1375 750 ut
1418 692 1660 750 Herodes
1697 698 1904 764 quaerat
1934 692 2065 762 pu‘e-
2130 768 2137 771 Α

491 800 510 849 i
538 792 660 851 rum
697 790 764 849 ad
788 791 1122 865 perdendum
1157 804 1301 845 eum.
1359 786 1461 855 Qui
1492 794 1825 858 cthurgens
1856 784 2063 853 accepit

492 886 771 961 ipuerum
820 892 875 940 et
925 884 1154 940 matrem
1211 882 1329 953 eius
1378 888 1579 948 nocte,
1624 886 1686 947 et
1734 879 1959 935 secessit
2006 877 2063 931 in

489 997 509 1034 ι
538 978 836 1053 Egyptum
859 1020 875 1044 ,
922 985 977 1032 et
1017 980 1136 1032 erat
1167 976 1241 1032 ibi
1270 990 1440 1045 usque
1468 975 1535 1030 ad
1558 974 1765 1030 obitum
1813 968 2059 1037 Herodis,

489 1092 508 1126 ι
536 1081 595 1128 ut
631 1066 1017 1141 adimpleretur
1067 1068 1211 1141 Quod
1254 1068 1456 1124 dictum
1507 1074 1591 1123 est
1630 1080 1661 1121 a
1700 1065 1928 1120 Domino
1965 1072 2063 1134 per

489 1160 880 1235 iprophetam,
933 1161 1241 1217 dicentem:
1273 1160 1353 1215 Et
1396 1159 1632 1231 Egyth
1672 1156 1862 1212 vocavi
1892 1150 2061 1210 ﬁlium

488 1264 508 1306 ι
536 1254 738 1310 meum.
784 1252 938 1308 Tunc
980 1246 1221 1307 Herodes
1259 1250 1450 1306 videns
1477 1250 1621 1321 quod
1650 1249 1837 1304 luimus
1860 1254 2005 1303 ‘esset
2029 1255 2062 1302 a

487 1361 505 1396 α
536 1343 733 1415 magis,
756 1341 928 1403 iratus
972 1346 1051 1397 εει
1094 1341 1268 1397 valde.
1307 1340 1375 1397 Et
1407 1341 1629 1397 mittens
1652 1340 1848 1397 occidit
1872 1346 2061 1393 omnes

487 1448 506 1490 ι
535 1450 755 1508 pueros,
789 1437 878 1507 Qui
901 1440 1058 1491 erant
1082 1423 1134 1490 in
1164 1434 1462 1502 Bethleem,
1494 1436 1549 1491 ei
1578 1435 1633 1489 in
1661 1433 1910 1489 omnibus
1935 1433 2060 1486 ﬁni;

490 1544 509 1579 α
536 1528 639 1584 bus
687 1528 797 1594 eis,
848 1545 879 1583 a
924 1528 1131 1583 bimam
1179 1536 1233 1581 et
1274 1526 1437 1593 infra,
1483 1527 1781 1582 Secundum
1828 1534 2059 1595 tempus,

485 1632 505 1670 ι
535 1619 679 1691 quod
722 1619 1057 1689 exquisierat
1088 1614 1118 1672 ti
1151 1616 1343 1690 inagis.
1393 1618 1545 1674 Tunc
1595 1617 1943 1687 adimpletum
1979 1622 2063 1671 ρει

483 1716 514 1760 ἀ.
532 1710 676 1780 quod
700 1710 903 1765 dictum
930 1713 1014 1765 est
1044 1704 1142 1781 per
1172 1710 1503 1765 Hieremiam
1528 1710 1849 1781 prophetam
1877 1708 2060 1764 dicen-

486 1816 505 1850 t
536 1806 645 1855 teni
672 1818 687 1854 :
719 1800 836 1857 Vox
868 1801 921 1855 in
952 1800 1124 1855 Rama
1156 1800 1337 1855 audita
1383 1808 1487 1866 est,
1540 1800 1779 1869 ploratus
1809 1806 1865 1853 et
1888 1798 2061 1853 ulula-

2166 599 2418 656 doctores
2438 607 2658 657 sanctos
2678 602 2929 674 gentibus
2958 602 3248 658 committi.

2238 692 2343 759 Qui
2372 708 2688 766 consurgens
2723 696 2921 766 accepit
2940 711 3161 768 puerum
3183 704 3233 750 et
3258 704 3479 752 matrem
3503 710 3672 767 nocte,
3700 712 3751 757 et

2164 787 2374 840 recessit
2412 788 2467 841 in
2517 786 2827 858 Egyptum.
2880 787 3149 859 Egyptus‘
3174 790 3417 845 tenebrae
3446 798 3504 846 et
3543 802 3753 849 mceror

2163 877 2569 947 interpretatur.
2603 880 2743 951 Ergo
2767 879 2904 951 fugit
2927 878 3129 951 Ioseph
3157 896 3281 937 cum
3302 882 3473 937 Maria
3505 893 3560 939 et
3578 900 3749 955 puero

2162 966 2218 1021 in
2248 967 2561 1041 Egyptum,
2594 971 2862 1041 signiﬁcat
2881 973 3149 1028 doctores
3171 989 3294 1029 cum
3323 974 3441 1046 lege
3470 984 3527 1031 et
3570 978 3746 1032 nomi-

2161 1060 2248 1117 nis
2271 1061 2475 1118 Christi
2497 1063 2903 1133 praedicatione,
2933 1064 3003 1119 ad
3025 1074 3235 1137 gentes,
3258 1082 3379 1137 quae
3418 1068 3475 1124 in
3504 1069 3749 1129 tenebris

2162 1157 2219 1206 et
2239 1152 2292 1207 in
2319 1161 2478 1210 nocte
2505 1153 2838 1210 inﬁdelitatis
2866 1165 3042 1223 erant,
3076 1160 3421 1217 transituros.

2234 1242 2305 1296 Et
2328 1252 2441 1297 erat
2461 1244 2533 1297 ibi
2560 1262 2724 1316 usque
2755 1247 2824 1300 ad
2858 1247 3056 1302 obitum
3082 1248 3331 1307 Herodis.
3380 1252 3535 1320 Quod
3572 1255 3744 1312 dicit:

2161 1333 2229 1390 Et
2253 1343 2374 1390 erat
2402 1335 2477 1391 ibi
2514 1352 2686 1406 usque
2725 1338 2793 1393 ad
2816 1339 3025 1393 obitum
3072 1339 3319 1407 Herodis,
3369 1344 3745 1414 quadriennio,

2160 1435 2223 1480 ut
2243 1426 2462 1495 quidam
2494 1436 2705 1497 putant,
2761 1436 3002 1499 tempore
3029 1441 3338 1502 supputato,
3378 1437 3517 1503 sive,
3553 1440 3613 1492 ut
3652 1440 3744 1495 alii

2159 1520 2369 1585 volunt,
2399 1520 2607 1576 duobus
2630 1527 2840 1576 tantum
2869 1524 3046 1589 antiis,
3089 1524 3297 1581 indicat
3332 1525 3560 1598 ﬁgurate
3585 1530 3745 1586 ﬁdem

2161 1610 2360 1666 Christi
2387 1611 2444 1666 in
2471 1612 2726 1683 gentibus
2754 1598 3105 1681 'mansuram,
3154 1615 3328 1673 donec
3352 1620 3630 1689 plenitudo
3654 1638 3747 1678 ea—

2158 1722 2281 1763 rum
2306 1706 2561 1776 introeat,
2594 1719 2645 1766 et
2674 1711 2755 1767 sic
2779 1712 2957 1768 omnis
2981 1713 3148 1770 lsrael
3172 1715 3353 1772 salvus
3384 1717 3495 1773 ﬁat.
3548 1717 3743 1774 Obitus

2160 1804 2360 1875 quippe
2424 1804 2655 1863 Herodis
2716 1807 3009 1863 terminum
3058 1809 3373 1866 intentionis
3427 1808 3741 1880 malitiosa,

482 1894 502 1944 ἂ
531 1901 619 1947 tus
661 1892 887 1959 multus,
929 1892 1136 1948 Rachel
1179 1893 1399 1963 plorans
1446 1886 1584 1947 ﬁlios
1630 1896 1776 1960 stios,
1808 1898 1863 1948 et
1886 1891 2061 1946 noluit
2087 1881 2135 1940 Β
2161 1908 2267 1965 qua
2299 1912 2443 1952 nunc
2466 1905 2658 1953 contra
2682 1898 2979 1956 Ecclesiam
3005 1900 3188 1957 Iudaea
3212 1903 3383 1969 saevit,
3413 1904 3669 1962 insinuat.

483 1999 502 2037 ι
533 1985 825 2051 consolari,
854 1986 980 2056 quia
1005 1998 1113 2040 non
1143 1986 1286 2040 sunt.
1315 1984 1579 2041 Defuncto
1604 1992 1784 2040 autem
1812 1984 2055 2040 Herode:

482 2098 503 2132 ι
530 2082 659 2137 ecce
706 2081 928 2152 angelus
971 2078 1188 2136 Do‘inini
1236 2079 1487 2151 apparuit
1525 2079 1579 2133 in
1607 2078 1815 2135 somnis
1858 2077 2057 2149 Joseph

483 2170 503 2223 i
528 2171 586 2226 in
634 2171 893 2244 Egypto,
942 2172 1128 2227 dicens
1154 2190 1167 2224 :
1193 2170 1368 2242 Surge
1418 2174 1474 2225 et
1517 2170 1700 2239 accipe
1732 2176 1962 2239 puerum
2004 2173 2061 2223 et

478 2281 500 2316 ς
528 2269 759 2319 matrem
791 2261 928 2333 ejus,
957 2264 1012 2318 et
1037 2265 1174 2320 vade
1215 2264 1272 2318 in
1321 2268 1527 2320 terram
1573 2261 1760 2317 lsi-ae].
1807 2260 2055 2316 Defuncti

478 2372 499 2409 α
527 2358 655 2413 Sunt
701 2352 883 2423 enim,-
942 2358 1034 2427 qui
1083 2357 1399 2427 quaerebant
1454 2355 1691 2410 animam
1736 2355 1911 2426 pueri.
1951 2353 2056 2422 Qui

477 2450 882 2521 (consurgens,
926 2448 1137 2520 accepit
1181 2448 1410 2520 puerum
1455 2450 1512 2503 et
1556 2440 1788 2502 matrem
1822 2445 1968 2515 ejus,
2001 2452 2056 2501 et

479 2550 500 2592 t
524 2539 675 2595 venit
699 2538 756 2593 in
794 2542 999 2595 terram
1044 2540 1228 2595 lsrael.
1274 2537 1514 2595 Audiens
1545 2542 1748 2604 autem,
1780 2537 1925 2607 quod
1953 2537 2054 2591 Ar-

477 2646 496 2681 t
525 2629 748 2685 chelaus
790 2638 1044 2701 regnaret
1074 2630 1127 2684 in
1155 2627 1339 2684 Judaaa
1369 2640 1468 2699 pro
1507 2626 1718 2682 Herode
1750 2634 1907 2697 patre
1930 2639 2051 2693 suo,

478 2734 499 2771 α
527 2719 711 2774 timuit
744 2717 839 2774 illo
865 2719 966 2774 ire.
1006 2718 1075 2774 Et
1111 2718 1420 2774 admonitus
1450 2717 1506 2773 in
1554 2717 1779 2784 somnis;
1830 2718 2053 2773 secessit

479 2830 497 2862 ι
527 2811 580 2865 in
606 2816 792 2881 partes
816 2809 1071 2866 Galiiate.
1107 2810 1174 2865 Et
1197 2811 1422 2866 veniens
1457 2808 1718 2865 habitavit
1749 2809 1804 2864 in
1832 2810 2051 2865 civitate

477 2916 497 2953 α
525 2914 647 2973 quae
672 2910 901 2958 vocatur
928 2900 1218 2968 Nazareth,
1265 2909 1327 2957 ut
1367 2902 1753 2973 adimpleretur
1781 2902 1924 2972 quod
1969 2903 2051 2957 di-

478 3012 498 3045 t
525 3003 675 3050 ctum
699 3000 783 3050 est
804 3004 904 3064 per
927 2993 1259 3065 Prophetas:
1286 2992 1544 3065 quoniam
1573 2992 1866 3050 Nazarzeus
1892 2994 2080 3066 voca:

474 3108 499 3137 ρ
523 3086 688 3141 bitur.
722 3106 741 3138 ι

2234 1982 2303 2040 Ut
2328 1987 2705 2059 adimpleretur
2750 1991 2889 2062 quod
2916 1991 3115 2046 dictum
3170 2000 3246 2047 est
3291 2008 3322 2047 a
3361 1992 3600 2058 Domino,
3653 2010 3746 2064 per

2160 2074 2786 2149 Prophetam’dicentem:
2819 2082 2935 2138 Hoc
2963 2083 3194 2140 dicimus
3219 2085 3273 2139 in
3304 2083 3445 2141 Osca
3483 2088 3743 2157 propheta

2160 2183 2279 2225 esse
2304 2171 2570 2242 scriptum
2616 2170 2763 2245 (Ose.
2788 2174 2887 2250 xi).
2918 2172 3213 2231 Possumus
3242 2183 3423 2233 autem
3469 2178 3587 2233 loco
3638 2179 3745 2234 isto

2159 2262 2526 2317 testimonium
2553 2265 2795 2335 proferre
2822 2278 2890 2322 ex
2913 2266 3193 2334 Numeris,
3225 2268 3443 2325 dicente
3479 2268 3693 2324 Balaam
3723 2289 3737 2325 :

2157 2353 2300 2411 Deus
2328 2371 2397 2411 ex
2425 2355 2660 2429 Egypto
2687 2358 2900 2415 vocavit
2923 2368 3067 2417 eum.
3097 2360 3280 2417 Gloria
3317 2361 3434 2432 ejus
3454 2364 3595 2419 Sicut
3614 2362 3737 2417 uni-

2158 2449 2342 2506 cornis
2371 2450 2451 2522 (Ν
2454 2464 2562 2506 um;
2593 2451 2778 2526 nui).

2227 2542 2314 2597 Ea:
2340 2542 2574 2614 {Egyptb
2593 2547 2771 2600 putavi
2792 2546 2964 2615 ﬁlium
2996 2554 3189 2603 uicum.
3223 2540 3374 2616 Quod
3408 2548 3607 2603 lterum
3648 2548 3742 2604 Je-

2155 2651 2248 2691 sus
2302 2645 2528 2691 vocatur
2575 2652 2640 2692 ex
2695 2638 2949 2711 Egypto,
2989 2641 3259 2713 signiﬁcat
3302 2641 3517 2697 ladaéos
3548 2642 3601 2696 in
3634 2641 3743 2698 ﬁne

2154 2725 2340 2781 mundi
2363 2728 2690 2794 credituros,
2708 2730 2863 2801 juxta
2890 2730 3021 2786 illud
3053 2751 3065 2786 :
3100 2731 3232 2787 Cum
3260 2734 3532 2788 intraverit
3564 2730 3736 2805 pleni-

2152 2817 2280 2872 tudo
2308 2820 2560 2889 gentium,
2585 2830 2695 2875 tum
2731 2824 2899 2878 omnis
2930 2822 3100 2879 Israel
3122 2824 3300 2880 salvus
3315 2825 3405 2894 ﬁet
3429 2824 3612 2893 (Rom.
3635 2825 3735 2898 ιι).

2150 2912 2336 2969 Potest
2363 2920 2546 2970 tamen
2574 2922 2633 2970 et
2657 2917 2956 2971 secundum
2980 2912 3292 2989 allegoriam
3337 2916 3581 2990 intelligi.
3637 2914 3738 2986 Qui

2147 3014 2336 3076 pOStea
2364 3019 2527 3076 quam
2556 3007 2705 3063 venit
2729 3007 2797 3062 ad
2825 3000 3119 3080 Algyptdm
3143 3010 3330 3066 mundi
3367 3010 3541 3082 hujus,
3577 3010 3741 3065 dedu-

2149 3097 2231 3152 xit
2251 3109 2376 3152 eum
2401 3096 2566 3154 Pater
2591 3106 2648 3154 et
2675 3099 2976 3171 adsumpsit
3014 3101 3082 3157 ad
3108 3096 3485 3171 semetipsum,
3506 3107 3569 3155 ut
3596 3101 3739 3155 viam

537 3196 672 3253 Ecce
699 3196 913 3270 angelus
944 3188 1157 3252 Domini
1202 3197 1446 3270 apparuit
1495 3186 1552 3252 in
1598 3197 1795 3253 somnis
1847 3182 2045 3269 Ioseph
2076 3240 2119 3270 η
2152 3188 2355 3245 faceret
2398 3191 2485 3246 his
2538 3192 2631 3262 qui
2668 3192 2736 3248 de
2762 3191 2998 3265 Egypto
3042 3194 3227 3249 mundi
3270 3192 3432 3263 huius
3461 3191 3738 3250 ascensuri

465 3288 644 3348 dicens
691 3284 717 3346 ὲ»
762 3281 931 3363 Surge
972 3296 1021 3348 et
1073 3291 1248 3363 accipe
1284 3290 1505 3362 puerum
1547 3286 1596 3345 et
1644 3282 1863 3346 matrem
1910 3292 2044 3362 ejus.

460 3381 581 3443 Non
608 3368 740 3441 dicit
767 3393 918 3440 tuum
953 3396 1204 3455 puerum,
1250 3390 1426 3453 neque
1472 3383 1733 3449 mulieris,
1782 3384 1877 3439 sed
1927 3378 2048 3456 spe-

464 3482 588 3539 ciali
639 3468 921 3555 privilegio
982 3480 1149 3537 solius
1195 3479 1348 3535 pueri
1401 3495 1596 3535 nomen
1640 3480 1879 3550 ponitur.
1945 3466 2044 3535 Sc-

504 3575 669 3628 uitur.

464 3588 669 3643 qliillll'.

538 3660 608 3718 Et
640 3672 858 3718 matrem
885 3662 1020 3732 eius.
1053 3661 1172 3718 Non
1201 3661 1346 3718 enim
1375 3656 1526 3729 dicit,
1572 3662 1756 3733 accipe
1794 3672 2043 3731 uxorem,

358 3786 367 3793 -
465 3755 579 3811 sive
603 3752 887 3824 coniugem
940 3756 1110 3820 tuam,
1139 3746 1233 3808 sed
1261 3752 1482 3807 matrem
1520 3753 1655 3823 ejus,
1708 3752 1869 3810 verus
1900 3752 2044 3808 enim

461 3846 629 3904 Pater
651 3843 766 3915 ejus
796 3845 850 3901 in
876 3845 1029 3902 oculis
1049 3853 1150 3902 eet.
1192 3840 1328 3912 Quia
1374 3838 1614 3917 Babylon
1663 3852 1825 3913 atque
1877 3834 2046 3916 (Egy-

460 3946 589 4010 ptus
614 3952 726 4009 prae
783 3938 1034 3993 omnibus
1072 3934 1236 3994 terris
1294 3936 1578 4009 principiis
1618 3937 1869 4003 ostendit,
1918 3936 2045 4008 quia

461 4036 749 4101 utramque
786 4030 1171 4086 emendaturus
1200 4035 1364 4095 esset,
1409 4036 1462 4085 et
1511 4024 1632 4100 igne
1686 4029 1866 4099 potius
1921 4018 2044 4084 ﬁdei

462 4120 853 4189 sdccensu'rds,
912 4118 1210 4178 dddiscitur
1264 4134 1479 4192 quoque
1512 4163 1527 4188 ,
1589 4120 1733 4192 quod
1794 4122 1862 4177 ab
1911 4119 2042 4192 ipsis

462 4213 585 4269 vita:
639 4206 826 4277 initiis,
867 4212 935 4269 ad
992 4214 1321 4269 tentationes
1370 4206 1568 4269 debeas
1603 4219 1765 4284 atque
1815 4208 2043 4269 insidias

460 4305 774 4375 prteparari.
802 4294 942 4359 Nam
972 4302 1155 4359 statim
1192 4313 1253 4359 ut
1276 4300 1429 4361 ortus
1457 4313 1541 4360 est
1578 4313 1764 4361 contra
1796 4322 1918 4362 cum
1962 4312 2043 4379 ty-

462 4411 667 4451 rannus
722 4395 872 4460 furit,
918 4402 973 4449 et
1019 4397 1075 4449 in
1125 4394 1420 4467 Egyptum
1468 4395 1719 4467 fugit,‘et
1769 4405 1942 4453 mater
1989 4397 2042 4451 in

461 4484 678 4540 noxiam
737 4482 1097 4541 barbarorum
1152 4486 1425 4556 regionem
1478 4482 1710 4556 fugatur,
1756 4502 1881 4542 nam
1934 4496 2042 4542 n0n

2151 3286 2309 3337 erant
2349 3282 2417 3337 ad
2440 3283 2748 3341 Dominum.

2224 3374 2370 3431 Tunc
2398 3376 2635 3435 Herodes
2678 3380 2858 3435 videns
2908 3381 3049 3453 quod
3089 3380 3280 3436 illusus
3303 3390 3439 3437 esset
3463 3398 3495 3436 a
3525 3379 3699 3452 Magis
3724 3422 3736 3445 ,

2146 3470 2316 3524 iratus
2355 3471 2508 3527 valde
2532 3480 2625 3528 est.
2665 3473 2818 3542 Quod
2847 3475 2979 3531 dicit
3030 3492 3045 3529 :
3103 3473 3249 3531 Tunc
3302 3462 3561 3540 Herodes,
3617 3480 3740 3530 eon-

2141 3562 2412 3635 jungitur,
2460 3565 2552 3619 ubi
2581 3566 2710 3622 dicit
2755 3568 2900 3636 quod
2940 3565 3089 3637 Magi
3116 3582 3210 3638 per
3254 3565 3415 3621 tiliam
3440 3566 3573 3620 viam
3617 3570 3736 3618 sunt

2148 3656 2357 3709 reversi.
2391 3653 2571 3710 Iratus
2614 3662 2710 3722 est,
2741 3660 2995 3711 manente
3019 3656 3227 3711 scilicet
3270 3656 3523 3727 praedicta
3554 3655 3736 3708 turba:-

2148 3744 2313 3801 tione.
2341 3746 2573 3802 Additur
2612 3746 2787 3814 valde,
2815 3760 2880 3803 eo
2905 3749 3051 3818 quod
3076 3763 3106 3803 a
3130 3748 3299 3819 Magis
3325 3747 3514 3803 illusus
3535 3746 3623 3801 sit.

2220 3835 2290 3891 Et
2318 3839 2523 3893 mittens
2552 3840 2742 3894 occidit
2766 3852 2941 3895 omnes
2967 3842 3175 3912 pueros.
3198 3841 3255 3896 in
3284 3848 3460 3895 inerte
3481 3840 3734 3894 innocen-

2146 3938 2282 3997 tum,
2317 3931 2555 4001 pretiosa
2598 3932 2839 3986 omnium
2880 3931 3083 3988 Christi
3112 3938 3413 4003 martyrum
3449 3938 3535 3986 est
3581 3944 3729 3985 mors

2146 4021 2444 4091 designata.
2475 4020 2631 4089 Quod
2655 4022 2799 4077 enim
2820 4022 3032 4093 parvuli
3065 4024 3233 4079 occisi
3269 4029 3416 4089 sunt,
3461 4020 3732 4093 signiﬁcat

2142 4126 2240 4183 per
2268 4112 2587 4168 humilitatis
2621 4113 2898 4182 meritum,
2923 4114 2986 4169 ad
3017 4116 3264 4188 martyrii
3303 4112 3727 4186 perveniendum

2143 4205 2388 4276 gloriam.
2416 4205 2480 4259 Et
2503 4206 2629 4277 quia
2653 4207 2753 4263 nisi
2772 4218 3066 4267 conversus
3090 4211 3249 4265 fuerit
3274 4211 3414 4279 quis,
3432 4218 3488 4265 et
3502 4206 3729 4265 effectus

2143 4294 2213 4353 sit
2250 4305 2309 4353 ut
2333 4299 2609 4370 parvulus,
2636 4308 2742 4356 non
2780 4308 2957 4371 potest
2986 4302 3223 4356 animum
3268 4301 3400 4354 dare
3431 4312 3532 4369 pro
3566 4298 3728 4353 Chri-

2142 4399 2247 4446 sto.
2277 4389 2379 4458 Qui
2402 4400 2560 4448 erant
2601 4393 2654 4446 in
2710 4392 3009 4457 Bethleem,
3041 4399 3096 4445 et
3144 4392 3199 4446 in
3241 4390 3495 4446 omnibus
3525 4388 3725 4446 ﬁnibus

2142 4480 2278 4550 ejus.
2303 4481 2456 4548 Quod
2512 4489 2689 4537 autem
2726 4482 2782 4536 in
2826 4478 3096 4537 Bethleem
3155 4488 3211 4536 et
3247 4481 3499 4539 ominibus
3527 4481 3723 4539 ﬁnibus

461 4574 698 4663 dicitur:
724 4572 926 4663 Accipe
953 4573 1237 4648 coniugem
1286 4572 1451 4642 tuam,
1516 4574 1608 4633 Sed
1650 4587 1869 4633 matrem
1903 4577 2035 4649 ejus,
2061 4603 2117 4663 D
2141 4573 2258 4643 ejus
2280 4571 2445 4627 occisi
2470 4579 2617 4638 sunt,
2645 4573 2881 4628 ostendit
2907 4582 3013 4629 non
3044 4573 3215 4629 solum
3242 4573 3296 4629 in
3333 4570 3535 4639 Iudaea,
3580 4574 3725 4630 unde

459 4664 589 4750 quisi
609 4658 859 4750 absoluto
886 4676 986 4738 per
1017 4668 1233 4741 signum
1253 4676 1435 4741 partu,
1457 4670 1635 4727 omnis
1675 4671 1894 4743 explosa
1944 4670 2035 4727 sit-

459 4748 635 4835 spicio
655 4764 758 4813 est.

531 4847 597 4903 Et
625 4848 746 4921 fuge
772 4849 826 4904 iri
866 4847 1178 4921 Egyptw'tt,
1207 4859 1257 4905 et
1292 4859 1400 4907 esto
1428 4850 1501 4907 ibi
1525 4864 1689 4925 usque
1717 4850 1841 4906 dum
1862 4851 2036 4906 dicam

458 4936 554 4995 tibi
568 4958 586 5005 ;
614 4941 852 5010 futurum
870 4938 947 4996 est
972 4940 1110 4996 enim
1132 4944 1193 4996 ut
1227 4938 1461 4998 Herodes
1481 4951 1683 5015 quwrat
1711 4946 1927 5014 puerum
1968 4942 2037 4997 ad

455 5030 780 5103 perdendum
806 5042 944 5086 eum.
992 5031 1286 5089 Possumus
1314 5032 1529 5105 quoque
1555 5032 1739 5089 odium
1788 5028 2036 5099 Herodis,

459 5137 567 5192 quo
585 5122 813 5194 perdere
832 5123 1004 5179 voluit
1021 5122 1225 5192 Iesum,
1255 5138 1417 5196 super
1430 5124 1897 5195 persecutionibus
1921 5130 2041 5195 quas

459 5213 824 5283 apostolorum
854 5221 978 5270 sunt
1033 5215 1364 5286 temporibus
1410 5214 1563 5269 iactae
1589 5216 1641 5269 in
1671 5213 1874 5280 Judzea,
1923 5220 2042 5286 spe-

462 5305 675 5362 cialiter
696 5307 976 5378 accipere;
1004 5309 1219 5379 quando
1242 5308 1602 5363 invalescente
1620 5306 1840 5374 invidia,
1854 5310 2044 5379 praedi-

462 5407 676 5455 catores
690 5410 813 5456 sunt
838 5403 989 5459 verbi
1014 5416 1152 5474 pene
1166 5402 1353 5455 Omnes
1368 5399 1574 5471 eXpulsi
1590 5402 1656 5456 de
1667 5403 1970 5471 pro‘iincia,
1988 5413 2044 5460 et

459 5494 515 5547 in
538 5494 791 5563 gentibus
806 5495 1172 5567 pradicaturi,
1197 5500 1322 5550 sunt
1350 5494 1510 5565 longe
1540 5494 1753 5567 lateque
1786 5497 2037 5569 diSpersi.

461 5582 661 5655 Sicque
681 5583 880 5641 factum
924 5592 1029 5652 est,
1060 5593 1115 5640 ut
1143 5584 1437 5657 gentilitas,
1469 5600 1589 5657 quae
1612 5602 1710 5658 per
1746 5588 2041 5662 Egyptum

460 5673 819 5746 ﬁgurabatur,
839 5678 1076 5747 peccatis
1122 5684 1249 5730 ante
1278 5677 1583 5742 tenebrosa,
1650 5677 1827 5733 lumen
1885 5678 2035 5736 verbi

463 5768 750 5838 acciperet.
791 5767 906 5823 Hoc
941 5775 1025 5823 est
1052 5767 1197 5824 enim
1220 5782 1447 5837 puerum
1494 5766 1680 5824 Iesum
1717 5779 1773 5825 et
1808 5778 2038 5828 matrem

464 5859 582 5928 ejus
628 5858 725 5931 per
748 5856 944 5929 Ioseph
973 5860 1027 5914 in
1056 5859 1347 5933 Egyptum
1386 5861 1692 5931 transferri,
1716 5860 1878 5921 ﬁdem
1930 5866 2036 5924 Do-

2143 4666 2399 4721 Ecclesiaa
2436 4666 2601 4736 coepit
2628 4667 2810 4737 origo,
2862 4667 2957 4723 sed
3009 4677 3065 4723 et
3117 4668 3170 4722 in
3202 4668 3456 4723 omnibus
3480 4666 3723 4738 ejusdem

2146 4759 2419 4825 Ecclesiae,
2465 4774 2785 4829 quacunque
2814 4775 2912 4830 per
2955 4759 3141 4815 urbem
3187 4758 3380 4815 diﬁ‘usa
3405 4766 3509 4826 est;
3541 4766 3725 4830 perse-

2144 4853 2413 4907 cutionism
2440 4852 2749 4908 szcvitdram
2783 4853 3138 4923 perﬁdorum,
3170 4858 3225 4910 et
3264 4855 3478 4924 piorum
3508 4854 3722 4925 patien-

2142 4945 2273 5000 tiam
2320 4945 2703 5001 coronandam.

2215 5030 2258 5086 Α
2285 5034 2482 5088 bimam
2508 5042 2559 5089 et
2586 5036 2730 5106 infra
2754 5036 3042 5091 secundum
3074 5034 3275 5111 tempus
3306 5038 3444 5111 quod
3469 5036 3725 5107 exquisie-

2144 5134 2227 5178 rat
2257 5142 2289 5179 a
2319 5124 2512 5197 Magis.
2537 5126 2593 5182 Id
2614 5135 2719 5195 est,
2753 5144 2782 5183 a
2804 5145 2974 5199 puero
2995 5131 3223 5186 duorum
3249 5142 3511 5186 annorum
3555 5135 3727 5199 usque

2146 5220 2213 5273 ad
2242 5234 2464 5289 puerum
2498 5221 2659 5275 unius
2699 5221 2896 5277 noctis.
2952 5219 3259 5277 Secundum
3288 5234 3587 5293 anagogen,
3632 5223 3723 5293 qui

2145 5310 2309 5365 occisi
2346 5319 2492 5377 sunt,
2525 5312 2769 5367 doctrina
2793 5321 2847 5368 et
2872 5316 3187 5384 operatione
3210 5316 3480 5385 perfectos
3498 5318 3720 5373 indicat.

2147 5400 2248 5467 Qui
2273 5415 2404 5455 vero
2428 5401 2568 5455 infra
2595 5401 2869 5472 simplices
2895 5405 2976 5459 vel
3008 5406 3220 5474 idiotas,
3257 5407 3379 5463 ﬁdei
3402 5414 3581 5463 tamen
3615 5422 3720 5462 non

2148 5492 2286 5549 ﬁcta:
2334 5494 2638 5549 constantia
2684 5493 2856 5552 fortes
2894 5511 3048 5569 aeque
3090 5499 3391 5555 denuntiat.
3443 5500 3594 5567 Quod
3642 5500 3721 5555 illi

2142 5582 2360 5652 quidem
2404 5584 2571 5639 occisi
2591 5594 2740 5652 sunt,
2769 5588 2867 5644 sed
2890 5589 3159 5658 Christus,
3218 5591 3310 5661 qui
3356 5592 3716 5660 quambatur,

2139 5677 2327 5733 vivens
2370 5677 2562 5744 evasit,
2593 5678 2833 5735 insinuat
2874 5680 3101 5753 corpora
3156 5682 3377 5752 quidem
3419 5690 3721 5757 martyrum

2139 5773 2410 5843 abimpiis
2441 5776 2603 5844 posse
2622 5773 2833 5845 perimi,
2864 5775 2959 5829 sed
2989 5774 3291 5844 Christum,
3329 5782 3433 5846 prd
3468 5766 3577 5847 quo
3598 5786 3720 5848 per-

2137 5867 2344 5923 secutio
2373 5873 2484 5922 tota
2505 5866 2678 5931 stetit,
2708 5865 3014 5920 nullatenus
3037 5867 3117 5923 eis
3151 5867 3233 5923 vel
3260 5868 3591 5936 Viveutﬁrtts,
3633 5868 3721 5925 rei
