4110 6530
405 403 476 483 ss
1233 419 1751 484 COLLECTIONES
1786 402 1857 480 is
1896 402 2274 483 seis'rOLAs
2313 404 2401 484 ΕΤ
2443 429 2854 488 manusua.
3591 436 3666 498 ss

402 542 602 600 occisis
630 557 787 615 posse
833 539 1051 609 auferri,
1086 522 1179 598 sed
1206 557 1299 599 eos
1332 534 1598 598 veraciter
1639 540 1930 597 contestari
1960 560 1971 593 :
2003 522 2056 599 Α
2152 534 2433 623 Defuncto.
2462 544 2634 598 autem
2666 540 2894 600 Herode.
2937 536 3127 604 Obitus
3178 549 3374 622 quippe
3404 524 3656 623 lierodis,

402 632 541 705 Quia
572 630 681 691 sive
718 630 949 701 vivimus,
1010 624 1230 690 Domino
1284 630 1522 704 turmas,
1548 635 1652 691 sive
1703 634 1979 702 morimur,

404 724 633 787 Domino
662 722 918 784 morimur
944 710 1029 802 (ῘΙ
1059 720 1183 783 Cor.
1221 729 1297 801 v).
1429 715 1438 724 ’

476 816 623 878 Tune
655 811 994 893 sumptum
1037 816 1113 875 est
1162 816 1301 892 quod
1331 814 1527 893 dictitat
1566 812 1641 875 esi
1667 834 1760 892 per
1790 812 1980 874 Hiere-

402 918 564 975 miam
598 906 903 992 prophetam
932 956 947 981 ,
985 906 1259 970 diceniem.
1296 906 1394 971 iii’e
1425 892 1726 971 iiieremias
1781 904 1983 970 veteris

400 1004 721 1069 recordatus
762 998 1024 1073 historiae,
1073 1000 1195 1063 curii
1241 1000 1462 1077 propter
1507 1020 1732 1062 uxorem
1779 1000 1983 1061 Levitis

315 1096 333 1115 ⁸
398 1100 740 1159 fornicationi
760 1107 1024 1166 coactam,
1054 1116 1117 1155 ac
1147 1115 1247 1171 per
1270 1102 1373 1155 hoc
1400 1104 1690 1165 mortuam,
1724 1078 1779 1153 ei
1813 1114 1845 1152 a
1867 1100 1983 1151 ma-

398 1190 581 1250 ritoin
613 1190 893 1248 duodecim
948 1194 1154 1263 partes.
1207 1191 1488 1247 duodecim
1533 1190 1703 1247 tribus
1730 1186 1978 1256 divisam,

398 1290 577 1344 omnis
625 1282 787 1343 lsracl
848 1300 1199 1359 consurgens,
1237 1294 1407 1341 totam
1461 1286 1661 1341 tribum
1699 1274 1979 1351 deleverit,

396 1385 698 1434 trecentum
748 1374 958 1433 tantum
996 1374 1128 1433 viris
1167 1372 1588 1444 remanentibus,
1639 1379 1886 1450 ploratus
1925 1368 1981 1432 et

395 1470 651 1535 ululatus,
685 1468 1079 1526 remanentium
1106 1470 1312 1526 scilicet
1337 1476 1392 1525 et
1421 1470 1848 1526 interfectorum.

475 1548 589 1616 Vox
615 1562 671 1616 in
703 1562 874 1616 Rama'
910 1561 1092 1615 audita
1124 1564 1219 1628 est,
1250 1570 1353 1617 etc.
1387 1552 1542 1629 Quod
1569 1569 1750 1617 autem
1779 1550 1979 1617 dicitur

396 1653 452 1709 in
492 1652 681 1720 Rama,
739 1662 845 1711 nun
905 1662 1152 1727 putemus
1188 1670 1385 1712 nomen
1412 1644 1516 1712 loci
1564 1671 1704 1720 esse,
1761 1656 1851 1725 qui
1896 1642 1980 1711 est

386 1742 542 1816 juxta
566 1746 771 1814 Gabaa‘,
811 1740 907 1803 sed
937 1744 1107 1802 Rama
1135 1747 1410 1804 excelsum
1458 1748 1864 1819 interpretatur,
1920 1753 1981 1804 ut

392 1845 465 1893 snt
491 1834 700 1907 s‘ensds,
739 1832 854 1895 Vos
886 1832 941 1895 iii
989 1840 1205 1897 excelso
1233 1842 1417 1897 audita
1443 1848 1547 1909 est,
1583 1836 1636 1898 id
1662 1848 1768 1908 est,
1818 1834 1978 1914 longe

2083 628 2373 689 terminum
2418 618 2731 692 intentionis
2775 636 3074 708 inalitiosre,
3124 618 3229 712 qua
3274 618 3427 700 nunc
3474 618 3663 703 contra

2079 724 2378 811 Ecclesium
2400 720 2579 784 iudica
2605 724 2778 797 saevit,
2803 720 3061 787 insinuat.

2152 810 2288 876 Ecce
2324 810 2569 894 apparuit
2597 822 2811 895 angelus
2850 812 3066 881 Domini
3086 826 3140 882 iri
3170 824 3364 883 somnis
3391 812 3578 902 Josph,
3607 832 3664 887 in"

2081 888 2312 985 igypto
2343 888 2521 993 dicens
2551 928 2568 967 :
2600 888 2768 986 Su‘rge
2796 922 2843 969 et
2892 914 3067 987 accipe
3094 936 3316 989 puerum
3368 930 3416 973 et
3441 888 3662 976 matrem

2082 1004 2219 1076 ejus,
2246 1013 2293 1058 et
2311 1004 2441 1059 'vade
2469 1004 2523 1060 in
2549 1008 2745 1059 terram‘
2772 994 2960 1061 Israel.
2987 1007 3045 1060 In
3066 1008 3291 1073 somnis,
3323 1004 3423 1064 nec
3450 1016 3666 1082 semper

2083 1094 2368 1169 signiﬁcat,
2402 1092 2525 1169 q'uia
2550 1099 2780 1172 mortuis
2809 1084 3029 1166 mundo,
3054 1102 3227 1172 angeli
3260 1108 3383 1157 Sunt
3422 1110 3662 1172 prrcsen-

2084 1197 2186 1243 tes.
2226 1174 2376 1257 QUOd
2409 1168 2588 1244 autem
2634 1168 2889 1257 defuncto
2910 1168 3151 1255 iierode,
3175 1188 3316 1245 redit
3365 1168 3437 1245 in—
3462 1186 3664 1247 terrain

2080 1281 2243 1336 Israel
2266 1280 2445 1349 Jesus,
2478 1281 2637 1336 ﬁnem
2685 1283 2865 1337 Steculi
2892 1282 3190 1346 denumiat,
3230 1284 3446 1351 quando
3477 1283 3661 1340 Enoch

2082 1376 2137 1427 et
2164 1372 2314 1427 Helia
2346 1364 2785 1442 prmdlCantibus,
2808 1370 2977 1426 Judzci
3007 1372 3181 1441 sopita
3212 1371 3486 1426 modernm
3529 1372 3665 1426 invi-

2082 1464 2184 1519 diu:
2208 1464 2444 1529 ﬂamma,
2481 1464 2641 1518 iidem
2667 1464 2915 1519 veritatis
2938 1462 3225 1533 accipient.
3258 1463 3323 1516 Et
3355 1458 3511 1528 bene,
3541 1476 3671 1518 cum

2081 1553 2319 1610 Judaza’in
2375 1554 2599 1620 deserit,-
2632 1555 2817 1626 i‘ugere
2848 1564 2903 1609 et
2950 1550 3055 1610 hoc
3109 1554 3164 1607 in
3215 1560 3375 1609 nocte
3420 1550 3662 1609 dicitur:

2082 1661 2203 1701 eum
2229 1654 2357 1702 vero
2383 1644 2700 1713 revertitur,
2730 1638 2875 1702 nulla
2899 1660 3005 1702 non
3042 1642 3216 1701 solum
3249 1644 3411 1717 fugae,
3443 1646 3538 1701 sed
3560 1659 3667 1700 nec

2079 1740 2257 1797 noctis
2302 1740 2363 1795 ﬁt
2401 1742 2624 1807 mentio,
2665 1740 2791 1810 quia
2820 1741 3098 1805 nimirum,
3124 1748 3261 1811 quos
3289 1748 3385 1794 aut
3406 1746 3664 1810 peccato-

2080 1847 2203 1888 rum
2251 1835 2486 1890 tenebris
2534 1834 2662 1889 olim
2691 1842 3068 1904 persecutores
3095 1830 3338 1904 reliquit,
3390 1834 3540 1904 ipsos
3592 1831 3665 1889 ob

390 1928 605 2000 lateque
664 1894 937 2007 dispersa.
995 1894 1974 2005 manassias;imitata";
2004 1894 2051 1972 ii
2078 1910 2253 1981 Iuc‘em
2287 1925 2411 1979 ﬁdei
2438 1922 2657 1980 tandem
2682 1894 2741 1980 ée
2769 1929 3073 1995 querentes
3096 1894 3305 1980 manu.

391 2018 633 2078 Rablicl?
656 2014 861 2079 Rachel
906 2029 1082 2078 mater
1106 2016 1208 2079 fuit
1252 2022 1554 2093 Benjamiii,
1586 2020 1747 2096 Quam
1786 2023 1977 2079 defun-

389 2108 534 2169 Ctarri
567 2110 829 2186 sepelié're’
864 2110 920 2171 iii
943 2114 1322 2188 hippddromo,
1353 2118 1447 2188 qui
1468 2110 1551 2173 b’st
1578 2112 1733 2189 juita
1763 2098 1971 2172 Bethel;

388 2202 526 2273 Quia
576 2204 738 2279 igitur
762 2200 816 2264 et
858 2206 1163 2279 Sepiilcrum
1190 2206 1427 2265 vicinuin‘
1454 2204 1607 2277 erat,
1653 2202 1706 2265 et
1751 2200 1977 2279 campus

387 2297 490 2368 ipsi
518 2294 798 2371 Bebjziinin
825 2298 969 2356 ‘so'rte
1017 2302 1369 2372 cuntingerat,
1424 2301 1595 2355 Rama
1640 2314 1854 2372 quoque
1905 2298 1975 2355 ad

385 2388 634 2444 eamdem
666 2386 970 2460 pertinebat
994 2386 1214 2456 tribum,
1244 2398 1298 2445 et
1343 2400 1374 2445 a
1428 2392 1787 2462 principibus,
1820 2401 1875 2446 et
1905 2392 1975 2447 ab

292 2490 299 2495 ‘
385 2477 509 2549 ipso
535 2478 931 2535 interfectionis
955 2478 1093 2546 luco,
1125 2476 1521 2550 consequenter
1547 2496 1661 2547 eos,
1688 2482 1780 2551 qui
1804 2481 1972 2536 occisi

389 2566 538 2637 sunt,
570 2566 708 2626 ﬁlios
735 2568 853 2640 eju's
872 2573 1102 2626 vocavit.-
1154 2571 1484 2642 Spiritalitcr
1516 2578 1619 2626 VOX
1676 2571 1730 2626 in
1778 2568 1968 2639 Rama,

392 2659 446 2715 id
477 2669 562 2716 est
610 2658 663 2716 in
692 2652 929 2729 eicelso,
963 2670 1017 2718 et
1044 2662 1288 2734 ploratus
1346 2664 1402 2718 et
1449 2661 1687 2718 ululatus
1746 2663 1969 2732 multus,

384 2742 673 2807 manifeste
709 2736 992 2808 denuntiat
1021 2738 1223 2807 luctum
1269 2754 1471 2809 sanctae
1497 2753 1774 2820 Ecclesiae,
1825 2753 1969 2823 quod

382 2840 450 2895 de
478 2841 674 2911 iniusta
698 2845 1068 2900 membrorum
1097 2860 1318 2900 suorum
1346 2850 1479 2901 nece
1519 2846 1707 2917 gemit,
1739 2856 1867 2912 non,
1908 2853 1969 2901 ut

382 2935 568 2991 hostes
597 2936 865 3007 garriunt,-
910 2937 966 2990 in
1005 2951 1236 2991 vacuum
1288 2936 1497 3002 cedere,
1535 2937 1630 2991 sed
1680 2951 1851 3007 usque
1899 2937 1969 2991 ad

381 3026 575 3081 solium
612 3027 831 3099 Super-ni
863 3029 1157 3084 aScendere
1174 3026 1392 3097 iudicis,
1417 3034 1472 3083 ct
1491 3028 1631 3084 sicut
1660 3034 1967 3099 protomar-

381 3118 518 3190 tyris
543 3110 700 3185 Abel,
730 3121 805 3175 ita
840 3120 1005 3175 etiam
1031 3120 1354 3192 sanguinem
1389 3120 1708 3176 cze‘terorum
1754 3124 1961 3192 marty-

380 3216 501 3264 rum
522 3210 758 3266 clamare
783 3212 850 3266 ad
870 3202 1176 3267 Dominum.

2148 2016 2395 2086 Defuncti
2427 2018 2564 2071 enim
2585 2026 2729 2082 sunt,
2762 2017 2852 2088 qui
2895 2016 3196 2087 quwrebant
3230 2016 3463 2097 animum
3489 2015 3659 2087 pueri.

2077 2110 2177 2182 (Ex
2199 2109 2444 2182 Hieron.)
2475 2094 2550 2163 Ex
2581 2110 2685 2164 hoc
2708 2108 2825 2164 loco
2851 2104 3213 2181 intelligimus,
3230 2108 3336 2163 non
3357 2094 3531 2163 solum
3554 2107 3662 2164 He-

2073 2202 2283 2267 rodem,
2318 2202 2411 2255 sed
2438 2202 2494 2255 et
2540 2202 2867 2267 sacerdotes,
2920 2207 2974 2255 et
3025 2198 3250 2266 scribas,
3304 2215 3369 2256 eo
3420 2196 3665 2272 teiﬂpdre'

2072 2305 2261 2346 necem
2293 2290 2507 2346 Domini
2539 2290 2706 2346 fuisse
2744 2286 3052 2345 meditatos.

2120 2375 2250 2446 {Qui
2276 2376 2510 2451 surgens,
2554 2379 2751 2452 accepit
2769 2392 2989 2452 puerum
3030 2390 3078 2435 et
3106 2386 3330 2436 matrem
3374 2381 3517 2451 eius;
3550 2388 3656 2436 etc.

2074 2470 2193 2527 Non
2225 2470 2398 2525 dixit:
2442 2472 2665 2541 Accepit
2694 2472 2863 2526 ﬁlium
2916 2486 3073 2526 suum
3119 2478 3177 2525 et
3209 2478 3435 2527 uxorem
3484 2485 3659 2536 suam,

2075 2564 2170 2618 sed
2216 2572 2438 2633 puerum
2491 2570 2539 2615 et
2586 2569 2808 2615 matrem
2854 2560 2993 2631 ejus,
3041 2560 3201 2630 quasi
3235 2561 3513 2626 nutritins,
3552 2575 3662 2616 non

2072 2654 2322 2710 maritus.

2140 2745 2373 2799 Audiens
2394 2744 2587 2811 autem,
2611 2743 2750 2815 quod
2771 2742 3060 2798 Archelaus
3084 2750 3324 2814 regnaret
3342 2743 3401 2797 in
3424 2739 3618 2797 Iudaea
3640 2782 3657 2809 ,

2066 2852 2163 2909 pro
2214 2834 2423 2891 Herode
2476 2845 2625 2908 patre
2672 2846 2793 2902 suo,
2835 2835 3011 2889 timuit
3045 2834 3174 2889 illuc
3204 2836 3299 2889 ire.
3329 2832 3656 2901 Archelaus,

2069 2940 2366 3001 agnoscens
2395 2929 2479 2984 leo
2505 2930 2915 2995 interpretatur,
2967 2927 3210 2984 Herodes
3265 2926 3513 2997 pellicias
3538 2928 3657 2983 sive

2065 3023 2222 3094 pellis
2262 3024 2432 3095 gloria
2483 3022 2717 3094 (Ioseph.
2757 3022 2847 3075 lib.
2889 3021 3149 3092 Antiquit.
3183 3036 3325 3083 xvu,
3364 3038 3480 3091 cap.
3542 3019 3659 3092 40),

2067 3116 2308 3172 Herodes
2326 3116 2433 3181 ille,
2457 3117 2546 3185 qui
2580 3130 2702 3170 cum
2744 3114 2917 3169 Pilato
2957 3122 3146 3183 postea
3169 3113 3463 3168 amicitiam
3510 3112 3660 3177 fecit,

2014 3250 2034 3279 ._
2067 3208 2228 3279 hujus
2250 3210 2478 3265 Herodis
2502 3209 2677 3273 ﬁlius,
2719 3216 2804 3264 est
2839 3206 3010 3262 frater
3058 3206 3331 3273 Archelai,
3385 3221 3546 3275 quem
3605 3214 3661 3260 et

455 3299 654 3356 Rachel
696 3300 909 3373 plorans
938 3301 1078 3372 ﬁlios
1117 3314 1261 3357 suos.
1310 3294 1389 3357 De
1420 3300 1623 3356 Rachel
1672 3308 1832 3356 natus
1880 3294 1965 3358 est
1990 3272 2035 3335 C
2066 3272 2242 3372 ipsum
2270 3301 2517 3358 Tiberius
2540 3302 2722 3358 Caesar
2742 3298 3080 3373 Lugdunum,
3105 3316 3227 3371 quae
3253 3272 3549 3356 Galliarum
3570 3307 3660 3353 est

380 3392 680 3464 Beniamin,
707 3395 763 3449 in
790 3394 947 3465 cujus
972 3396 1115 3451 tribu
1141 3410 1287 3450 nunc
1314 3401 1398 3450 est
1427 3394 1724 3450 Bethleem.
1758 3393 1966 3461 Quatri-

383 3492 473 3542 tur
492 3493 621 3560 ergo
640 3489 912 3558 quomodo
926 3476 1129 3544 Rachel
1153 3488 1291 3544 ﬁlios
1310 3485 1479 3553 Iudae,-
1497 3482 1549 3542 id
1570 3493 1673 3552 est,
1685 3486 1965 3542 Bethleem

380 3580 537 3642 quasi
584 3590 711 3637 suos
758 3581 950 3651 ploret.
1013 3574 1479 3653 Respondebimus
1526 3580 1780 3646 breviter,
1834 3579 1963 3650 quia

381 3672 591 3743 sepulta
618 3672 688 3727 sit
710 3668 867 3741 juxta
898 3672 1174 3729 Bethleem
1202 3672 1258 3727 in
1279 3672 1539 3743 Ephrata,
1563 3679 1619 3726 et
1638 3687 1705 3727 ex
1758 3678 1964 3727 aeterno

380 3760 681 3834 corpusculi
738 3764 970 3835 hospitio
1014 3764 1205 3819 matris
1255 3774 1452 3818 nomen
1493 3764 1782 3832 acceperit.
1834 3763 1965 3820 Sive

272 3900 275 3903 .
379 3855 635 3925 quoniam
665 3850 816 3910 Iudae
842 3863 899 3909 et
920 3848 1199 3923 Beniamin
1225 3855 1345 3909 dua:
1366 3854 1540 3909 tribus
1561 3852 1761 3923 junctae
1779 3863 1959 3921 erant,

377 3952 433 3998 et
464 3941 704 3999 Herodes
744 3939 1097 4015 prtitceperat;
1141 3956 1247 3999 non
1275 3942 1448 3999 solum
1492 3944 1548 3998 in
1576 3944 1849 4000 Bethleem
1880 3945 1963 3999 in—'

376 4033 553 4089 terﬁct
575 4044 789 4103 pueros,
821 4033 917 4088 sed
941 4040 1001 4088 et
1022 4034 1075 4087 in
1113 4034 1363 4089 omnibus
1392 4033 1538 4089 circa
1582 4032 1780 4088 ﬁnibus
1816 4033 1955 4103 ejus,

374 4138 474 4196 per
493 4124 835 4180 occasionem
863 4125 1151 4192 Bethleem,
1193 4125 1542 4197 intelligimus
1568 4125 1769 4180 multos
1793 4127 1960 4183 etiam

376 4217 443 4272 de
471 4214 755 4287 Benjaniin
784 4214 953 4271 fuisse
972 4231 1162 4272 ctesos;
1194 4216 1521 4287 Figuraliter
1543 4225 1724 4271 autem
1755 4216 1957 4272 Rachel

376 4324 498 4379 quae
524 4309 663 4375 ovis,
695 4317 790 4364 aut
810 4309 1003 4365 videns
1030 4309 1241 4363 Domini
1271 4309 1492 4375 dicitur,
1519 4309 1816 4364 Ecclesiam
1858 4308 1957 4363 dc-

379 4410 671 4467 monstrat,
731 4402 885 4473 eujus
928 4408 1037 4457 tota
1091 4401 1340 4467 intentio,
1371 4409 1434 4455 ut
1461 4400 1646 4455 videre
1674 4400 1959 4454 Dominum

378 4502 670 4558 mereatur,
697 4494 957 4566 invigilat,
982 4502 1038 4547 et
1062 4492 1177 4563 ipsa
1204 4499 1288 4547 est
1318 4491 1437 4547 ovis
1457 4490 1773 4557 centesima,
1799 4506 1960 4561 quam

377 4591 563 4655 pastor
583 4584 779 4650 bonus,
803 4584 1008 4640 relictis
1056 4584 1111 4638 in
1139 4584 1277 4639 caelo
1297 4583 1593 4654 nonaginta
1625 4596 1817 4637 novem
1839 4584 1956 4639 ovi-

376 4674 497 4740 bus,
536 4674 900 4747 augelicarum
922 4674 1204 4741 virtutum,
1243 4674 1376 4730 abiit
1402 4680 1646 4745 quierere
1691 4674 1746 4728 in
1789 4683 1956 4741 terra,

378 4768 758 4839 inventamque
809 4770 922 4825 suis
962 4768 1219 4839 imposuit
1264 4767 1522 4833 humeris,
1557 4775 1613 4823 et
1640 4767 1722 4823 sic
1774 4776 1962 4837 repor—

379 4858 513 4914 tavit
531 4858 600 4913 ad
637 4871 876 4929 gregem.

446 4949 517 5006 Et
545 4950 709 5006 noluit
734 4949 1017 5017 consolari,
1045 4952 1172 5022 quia
1214 4966 1319 5005 non
1352 4958 1491 5004 sunt.
1538 4948 1720 5004 Plorat
1775 4956 1956 5004 autem

376 5042 515 5099 ﬁlios
540 5052 686 5110 suos,-
713 5053 767 5101 et
794 5058 900 5099 non
928 5043 1132 5113 recepit
1173 5041 1613 5097 consolationem.
1645 5040 1952 5097 Secundum

378 5135 787 5205 intelligentiam
817 5135 1103 5205 duplicem;
1137 5134 1252 5189 sive
1291 5134 1435 5204 quod
1461 5144 1553 5189 eos
1590 5135 1644 5188 in
1691 5142 1956 5190 aeternum

378 5234 621 5283 mortuos
648 5226 964 5291 utimanet,
990 5225 1105 5280 sive
1131 5223 1279 5294 quod
1316 5223 1583 5279 consolari
1612 5237 1672 5279 se
1694 5224 1859 5279 nollet
1888 5225 1959 5280 de

378 5319 482 5383 his,
539 5330 675 5389 quos
728 5319 897 5374 sciret
935 5332 1057 5374 esse
1100 5316 1360 5373 victuros.
1397 5316 1722 5386 Spiritaliter
1751 5316 1955 5374 Rachel

379 5412 645 5483 signiﬁcat
688 5410 989 5467 Ecelesiam
1022 5425 1143 5480 quas
1178 5410 1358 5480 plorat
1383 5418 1696 5466 sanctorum
1736 5410 1806 5466 de
1850 5412 1957 5467 hoc

380 5502 575 5559 seculo
600 5502 951 5566 ablationem,
995 5502 1090 5557 sed
1118 5517 1223 5557 non
1252 5502 1327 5557 ita
1367 5501 1504 5558 velle
1547 5502 1840 5567 consolari,
1892 5511 1953 5558 ut

379 5593 471 5663 qui
500 5593 753 5648 saeculum
784 5598 959 5647 morte
998 5591 1265 5658 vicerunt,
1296 5606 1486 5651 rursus
1505 5590 1575 5647 ad
1620 5593 1804 5649 saeculi
1828 5606 1950 5648 cer—

380 5684 584 5739 tamina
602 5699 786 5739 secum
812 5682 1088 5738 toleranda
1117 5682 1360 5739 redeant.
1394 5682 1529 5750 Quia
1561 5683 1816 5739 nimirum
1844 5699 1954 5740 non

381 5782 508 5831 sum
531 5774 673 5830 ultra
698 5774 987 5832 revocandi
1008 5774 1063 5831 in
1092 5775 1370 5841 mundum,
1394 5775 1461 5830 de
1480 5775 1636 5845 cujus
1673 5777 1948 5843 aerumnis,

382 5865 550 5927 sanet
570 5874 857 5924 evaserunt
878 5865 1171 5927 coronandi
1196 5866 1264 5922 ad
1298 5863 1594 5937 Christum.

2069 3395 2285 3459 civitas,
2313 3395 2595 3466 relegavit,
2620 3395 2954 3464 fratremque
2985 3392 3104 3462 ejus
3125 3392 3412 3457 Herodem,
3441 3406 3656 3448 succes-

2068 3498 2248 3542 sorem
2271 3488 2423 3556 regni
2456 3485 2601 3542 fecit.

2141 3577 2250 3651 (Ex
2270 3576 2462 3649 Beda.)
2492 3568 2644 3645 Quod
2669 3578 2795 3632 dum
2824 3572 2951 3633 nato
2979 3577 3213 3643 Herode,
3236 3573 3439 3648 Ioseph
3461 3578 3658 3635 timore

2063 3666 2318 3726 Archelai
2350 3670 2402 3724 in
2437 3670 2676 3725 Iudaeam
2707 3672 2788 3725 ire
2817 3670 3137 3737 formidans,
3159 3670 3352 3741 angelo
3374 3678 3655 3738 mouente,

2065 3761 2119 3816 in
2149 3760 2417 3817 Nazareth
2445 3761 2682 3817 Galilzea:
2711 3764 2961 3829 secessit,
2992 3761 3183 3817 ultima
3228 3762 3514 3832 praesentis
3552 3761 3659 3818 Ee-

2066 3852 2245 3908 clesia:
2286 3856 2528 3924 terripora
2575 3852 2844 3924 designat,
2875 3854 3090 3923 quando
3123 3868 3225 3925 pro
3251 3869 3336 3920 ea,
3369 3869 3489 3926 quae
3510 3856 3657 3912 nunc

2062 3954 2143 4001 est
2188 3948 2388 4003 mentis
2424 3947 2570 4002 illius
2595 3948 2860 4011 caecitate,
2912 3944 3254 4003 Christianos
3297 3948 3351 4002 in
3391 3956 3653 4017 quantum

2062 4038 2205 4094 valet
2229 4040 2481 4110 persequi
2528 4052 2635 4093 non
2681 4039 2913 4104 desistit,
2945 4038 3040 4093 sed
3084 4038 3265 4094 acrior
3307 4037 3361 4092 in
3392 4039 3473 4094 eis
3497 4038 3630 4094 Anti

2063 4128 2254 4187 christi
2297 4131 2605 4201 persecutio
2650 4131 2952 4200 consurgit.
2986 4130 3122 4185 Pars
3166 4130 3332 4201 igitur
3366 4129 3565 4185 Iudaeae
3594 4131 3653 4186 in

2062 4234 2167 4292 qua
2212 4218 2475 4292 regnabat
2523 4222 2844 4287 Archelaus,
2895 4221 2986 4290 qui
3040 4222 3436 4289 interpretatur
3482 4235 3657 4291 agno—

2062 4325 2219 4366 secus
2253 4312 2357 4377 leo,
2388 4314 2457 4366 de
2494 4324 2602 4381 quo
2643 4308 2935 4381 Apostolus
2959 4311 3074 4364 ait:
3110 4310 3457 4366 Adversarius
3484 4321 3652 4367 vester

2062 4404 2246 4457 circuit
2283 4412 2523 4474 quaerens
2567 4416 2721 4486 quem
2768 4403 2993 4468 deuoret,
3046 4401 3282 4473 perﬁdos
3326 4399 3650 4460 Antichristi

2063 4506 2323 4564 sequaces
2347 4494 2603 4549 ostendit.

2132 4584 2203 4638 Et
2228 4583 2528 4641 admonitus
2553 4587 2610 4640 in
2638 4587 2836 4642 somnis
2862 4587 3073 4641 secessit
3099 4587 3157 4639 in
3184 4586 3357 4657 partes
3388 4586 3646 4655 Galitrear,

2061 4687 2111 4733 et
2135 4678 2340 4733 veniens
2367 4677 2618 4732 habitavit
2640 4678 2697 4732 in
2720 4678 2928 4732 civitate
2951 4693 3069 4748 qua:
3091 4687 3305 4732 vocatur
3346 4679 3399 4733 Ν
3401 4680 3642 4735 azareth.

2061 4769 2331 4824 Nazareth
2360 4769 2611 4833 Galilzcae,
2639 4784 2746 4838 quo
2776 4769 3035 4824 Dominus
3056 4768 3402 4836 transfertur,
3432 4778 3646 4841 partem

2059 4862 2234 4931 gentis
2263 4861 2526 4931 ejusdem,
2554 4875 2677 4930 qua:
2699 4868 2828 4916 tunc
2854 4861 3117 4931 temporis
3141 4862 3307 4917 ﬁdem
3331 4859 3535 4918 Christi
3565 4871 3651 4918 est

2058 4960 2378 5023 susceptura
2423 4954 2688 5023 designat.
2740 4952 2893 5008 Unde
2928 4954 3067 5008 bene
3117 4951 3336 5008 Galilaea
3387 4954 3644 5008 transmi-

2058 5046 2233 5117 gratio
2261 5044 2421 5100 t‘acta.
2472 5042 2741 5098 Nazareth
2775 5058 2922 5109 vero,
2954 5043 3051 5099 ﬁos
3087 5052 3182 5099 aut
3210 5044 3500 5114 virgultum
3525 5042 3645 5111 ejus

2059 5136 2464 5205 interpretatur.
2510 5132 2645 5200 Quia
2688 5133 2943 5188 nimirum
2985 5142 3174 5189 sancta
3227 5134 3489 5199 Ecclesia,
3530 5146 3644 5202 quo

2062 5226 2369 5282 ardentiore
2411 5224 2697 5288 desiderio,
2750 5224 2819 5279 ah
2865 5224 2951 5279 his
2984 5225 3076 5296 qui
3117 5226 3174 5280 in
3220 5224 3382 5279 terris
3408 5222 3548 5277 vidit
3570 5225 3640 5280 ad

2060 5316 2297 5372 cmlestia
2330 5314 2685 5385 promerenda
2727 5315 3097 5385 transmigrat,
3143 5329 3208 5370 eo
3251 5313 3457 5382 majore
3482 5314 3642 5384 spiri-

2060 5410 2286 5463 tualium
2309 5407 2548 5465 abundat
2578 5407 2711 5464 ﬁore
2738 5423 2803 5465 ac
2829 5410 3076 5480 germine
3103 5409 3387 5463 virtutum.

2134 5500 2201 5555 Ut
2250 5500 2624 5571 adimpleretur
2664 5501 2803 5571 quod
2839 5502 3036 5556 dictum
3079 5509 3154 5555 est
3182 5515 3274 5569 per
3317 5499 3639 5570 prophetas:

2061 5590 2323 5658 Quoniam
2361 5591 2637 5646 Nazarene
2664 5592 2950 5648 vocabitur.
2981 5590 3083 5663 (Ex
3107 5590 3353 5663 Hieran.)
3378 5590 3436 5647 Si
3462 5591 3631 5647 ﬁxum

2057 5682 2124 5737 de
2151 5682 2448 5753 Scripturis
2471 5683 2742 5753 posuisset
2767 5683 3095 5751 exemplum,
3125 5698 3398 5754 nunquam
3426 5684 3633 5738 diceret

2054 5791 2155 5846 per
2179 5775 2478 5846 prophetas,
2507 5775 2603 5832 sed
2630 5774 2963 5844 simpliciter,
2989 5788 3087 5846 per
3111 5776 3434 5846 prophetam.
3475 5773 3634 5830 Nunc

2055 5876 2237 5924 autem
2281 5864 2561 5939 pluraliter
2588 5865 2879 5936 prophetas
2902 5878 3125 5933 vocans,
3167 5866 3405 5923 ostendit
3428 5881 3487 5920 se
3514 5878 3626 5920 non
