4110 6448
303 377 370 436 57
1111 359 1630 423 COLLECTIONES
1663 357 1734 417 ΙΝ
1772 354 2154 416 EPISTOLAS
2189 354 2281 414 ET
2318 353 2733 413 EVANGELIA.
3493 357 3564 414 38

305 492 401 552 sed
438 489 566 563 quia
598 493 746 546 tanta
774 484 882 542 erit
921 482 1030 540 illic
1056 480 1224 554 gloria
1263 479 1464 546 Patris,
1494 478 1548 532 in
1579 490 1685 546 qua
1710 472 1884 530 Filius
1909 474 1964 536 Α
1993 488 2014 522 ι
2050 484 2246 525 nomen
2275 467 2514 524 Simeon.
2536 468 2603 523 Et
2630 469 2792 524 homo
2822 467 2926 524 iste
2957 465 3139 538 justus
3167 473 3223 525 et
3251 469 3562 539 timoratus,

304 583 542 644 hominis
567 581 636 636 ad
676 579 938 651 judicium
986 584 1244 631 venturus
1270 579 1372 639 est,
1417 585 1544 640 qua:
1572 584 1604 624 a
1634 567 1763 624 solis
1792 581 1889 622 an-

307 677 441 751 gelis
469 673 588 746 capi
633 671 821 744 possit,
851 669 937 724 vel
962 669 1028 722 ab
1055 665 1160 720 illis
1188 664 1414 729 sanctis,
1441 665 1508 717 de
1529 660 1725 732 quibus
1751 657 1888 712 dici-

308 781 433 827 tur:
481 767 621 835 Quia
665 772 815 820 erunt
851 762 984 816 sicut
1024 758 1197 830 angeli
1237 758 1355 813 Dei.
1389 756 1466 810 De
1510 755 1612 809 hoc
1654 752 1890 806 adventu

308 863 491 936 gloriae
513 860 609 916 Dei
636 867 690 913 et
710 858 904 912 Petrus
922 852 1196 926 apostolus
1216 851 1293 906 ait
1314 867 1329 905 :
1359 847 1670 904 Inveniatur
1691 845 1748 899 in
1769 842 1890 896 lau-

306 935 425 1010 dem
451 965 499 1010 et
513 953 738 1025 gloriam
755 960 803 1006 et
827 948 1190 1005 reuelationem
1213 945 1343 1000 Jesu
1364 941 1560 998 Christi
1584 939 1638 1012 (Ι
1659 937 1804 994 Petr.
1825 935 1888 1008 ι).

306 1046 365 1102 1η
389 1046 569 1110 laude,
594 1042 808 1114 quando
835 1040 1078 1095 dicturus
1105 1046 1188 1093 est
1214 1054 1226 1090 :
1265 1033 1467 1100 Venite,
1499 1030 1754 1087 benedicti
1784 1025 1894 1082 Pa-

307 1141 404 1194 tris
433 1139 558 1203 mei,
583 1134 828 1208 percipite
869 1148 1100 1202 regnum.
1131 1128 1190 1183 In
1217 1127 1407 1200 gloria,
1435 1125 1579 1213 quia.
1597 1130 1725 1177 tunc
1761 1119 1895 1190 justi

307 1231 589 1303 fulgebunt
612 1236 672 1284 ut
698 1227 778 1285 sol
811 1227 866 1282 in
893 1224 1224 1282 revelatione
1248 1221 1377 1278 Jesu
1400 1218 1624 1286 Christi,
1663 1217 1768 1274 hoc
1788 1222 1890 1283 est,

309 1325 362 1378 in
387 1323 570 1378 futuro
589 1320 813 1391 judicio.
1299 1391 1301 1393 ι

378 1416 450 1470 Et
500 1415 795 1470 Saluatoris
844 1413 1008 1468 nostri
1049 1410 1179 1466 Iesu
1237 1409 1453 1466 Christi.
1500 1405 1655 1462 Iesus
1695 1418 1895 1461 nomen

307 1504 586 1577 proprium
616 1513 702 1561 est
737 1503 858 1559 Filii
896 1504 1015 1569 Dei,
1063 1501 1357 1558 secundum
1403 1513 1646 1564 carnem,
1696 1505 1757 1552 ut
1785 1495 1896 1553 Ga-

308 1596 447 1653 briel
493 1597 719 1670 angelus
761 1597 935 1653 beatae
976 1594 1160 1650 Maria:
1194 1594 1309 1649 ait:
1360 1593 1430 1648 Et
1469 1591 1676 1646 vocabis
1709 1606 1899 1647 nomen

308 1691 426 1762 ejus
464 1689 649 1746 Iesum
679 1689 830 1762 (Luc.
859 1689 921 1762 ι),
967 1689 1110 1758 quod
1139 1687 1332 1743 Latine
1381 1685 1631 1740 Salvator
1675 1683 1896 1750 dicitur,

307 1797 376 1839 eo
438 1784 584 1854 quod
631 1783 838 1838 salvum
888 1781 1021 1837 facit
1061 1780 1318 1851 populum
1370 1793 1529 1835 suum
1576 1793 1608 1832 a
1657 1775 1897 1848 peccatis

1994 587 2014 620 ι
2050 570 2372 635 exspectans
2416 561 2844 617 consolationem
2868 560 3063 626 lsrael,
3095 569 3150 616 et
3179 559 3414 632 Spiritus
3441 577 3566 618 san-

1996 672 2016 709 t
2050 662 2172 710 ctus
2200 661 2317 710 erat
2349 654 2402 707 in
2431 667 2515 707 eo.
2551 651 2619 706 Et
2647 666 2964 721 responsum
2993 661 3276 723 acceperat
3298 669 3328 708 a
3359 652 3564 725 Spiritu

1997 766 2016 802 ι
2053 755 2262 812 sancto,
2288 761 2397 801 non
2422 745 2665 800 visurum
2689 758 2746 799 se
2775 752 3023 813 mortem,
3053 746 3158 802 nisi
3183 747 3334 818 prius
3359 748 3569 802 videret

1998 861 2017 896 ι
2053 841 2325 898 Christum
2357 839 2590 902 Domini,
2631 847 2686 892 et
2713 837 2862 892 venit
2891 838 2944 892 in
2980 840 3173 908 spiritu
3201 841 3255 896 in
3285 840 3564 912 templum.

1999 953 2018 988 ι
2053 935 2272 990 Etcum
2301 932 2620 987 inducerent
2650 943 2878 1000 puerum
2905 927 3088 985 Jesum
3132 940 3387 1002 parentes
3427 933 3566 1004 ejus,

2000 1044 2019 1079 ι
2057 1034 2118 1080 ιιι
2138 1024 2380 1079 facerent
2405 1022 2698 1078 secundum
2721 1020 3166 1076 consuetudinem
3195 1023 3328 1093 legis
3351 1039 3448 1093 pro
3470 1036 3568 1078 eo:

2000 1134 2020 1169 ι
2053 1116 2122 1172 Et
2165 1115 2280 1185 ipse
2322 1114 2530 1184 accepit
2573 1127 2698 1168 eum
2742 1112 2797 1166 in
2841 1109 2995 1166 ulnas
3032 1126 3178 1176 suas,
3208 1119 3263 1166 et
3293 1113 3573 1168 benedixit

2000 1227 2021 1262 ι
2055 1224 2202 1275 eum,
2230 1217 2288 1264 et
2314 1208 2452 1263 dixit
2487 1226 2499 1261 :
2537 1206 2692 1262 Nunc
2735 1206 2964 1262 dimittis
3010 1220 3224 1260 servum
3257 1213 3428 1270 tuum,
3468 1207 3575 1262 Do-

2001 1322 2020 1357 ι
2055 1305 2219 1369 mine,
2258 1303 2554 1358 secundum
2593 1301 2817 1355 verbum
2859 1308 3010 1354 tuum
3043 1299 3097 1353 in
3131 1312 3282 1368 pace.
3327 1297 3464 1365 Quia
3493 1299 3576 1353 vi-

2001 1415 2021 1449 t
2057 1397 2252 1452 derunt
2297 1393 2440 1449 oculi
2495 1393 2603 1448 mei
2652 1392 2888 1447 salutare
2945 1399 3116 1446 tuum.
3165 1389 3319 1456 Quod
3366 1389 3573 1460 parasti

2002 1509 2022 1544 ι
2056 1498 2185 1546 ante
2244 1487 2440 1543 faciem
2513 1487 2755 1542 omnium
2816 1484 3156 1557 populorum.
3224 1483 3435 1538 Lumen
3507 1481 3576 1536 ad

2004 1601 2023 1637 (
2057 1581 2442 1638 revelationem
2469 1580 2742 1650 gentium,
2770 1586 2827 1634 et
2871 1577 3100 1649 gloriam
3142 1575 3316 1648 plebis
3361 1583 3466 1630 tuae
3500 1573 3578 1631 ls-

2005 1694 2025 1729 (
2062 1675 2193 1732 rael.
2209 1695 2227 1728 ι

2071 1771 2360 1843 Postquam
2386 1766 2733 1823 consummati
2773 1771 2894 1819 sunt
2922 1763 3031 1818 dies
3062 1770 3199 1826 octo,
3227 1768 3286 1814 ut
3310 1759 3584 1814 circumci-

309 1844 518 1932 eorum.
548 1876 797 1932 Christus
814 1875 883 1930 ab
901 1844 1155 1930 unctione
1181 1887 1376 1929 nomen
1403 1871 1633 1942 accepit,
1658 1844 1894 1926 chrisma
1922 1844 1971 1906 Β
1998 1864 2208 1919 deretur
2268 1878 2416 1933 puer.
2463 1860 2564 1932 (Ex
2611 1855 2886 1928 Ambros.)
2937 1853 3352 1911 Circumciditur
3401 1852 3584 1922 itaque

308 1969 454 2022 enim
502 1966 709 2030 unctio,
762 1965 1012 2022 Christus
1064 1973 1258 2022 unctus
1312 1963 1528 2020 dicitur.
1583 1961 1691 2017 Sed
1740 1961 1899 2032 spiri-

310 2056 547 2122 tualiter,
597 2057 686 2110 cui
729 2054 1013 2110 Psalmista
1057 2074 1069 2109 :
1117 2054 1404 2126 Propterea
1451 2053 1604 2108 unxit
1647 2061 1695 2107 te
1736 2051 1895 2118 Deus,

309 2147 454 2202 Deus
476 2159 616 2213 tuus,
649 2145 762 2202 oleo
786 2147 1148 2203 exsultationis
1184 2143 1358 2218 (Psal.
1385 2145 1534 2215 XLV).

383 2236 490 2303 Qui
546 2237 688 2291 dedit
733 2238 1067 2308 semetipsum
1118 2253 1212 2306 pro
1251 2236 1419 2290 nobis.
1471 2234 1624 2290 Sicut
1673 2241 1731 2290 et
1772 2233 1902 2289 alibi

311 2329 460 2385 idem
488 2331 779 2402 Apostolus
805 2331 974 2387 dicit:
1028 2329 1304 2384 Ambulate
1347 2331 1404 2384 in
1432 2310 1731 2393 dilectione,
1768 2330 1904 2383 sicut

312 2428 364 2473 et
412 2417 654 2474 Christus
701 2419 883 2474 dilexit
925 2435 1041 2486 nos,
1087 2429 1134 2473 et
1177 2419 1392 2473 tradidit
1440 2420 1766 2490 semetipsum
1809 2435 1904 2490 pro

313 2511 467 2565 nobis
492 2511 707 2581 (Ephes.
737 2509 815 2582 v).

393 2601 460 2656 Ut
500 2621 593 2658 nos
623 2604 896 2660 redimeret
924 2605 989 2658 ab
1019 2605 1161 2658 omni
1196 2605 1490 2674 iniquitate,
1522 2611 1572 2657 et
1596 2601 1896 2668 mandaret,

317 2705 424 2751 etc.
479 2695 581 2767 (Ex
620 2694 796 2766 Cass.)
845 2695 1092 2751 Redemit
1125 2711 1226 2751 nos
1257 2704 1314 2751 et
1356 2695 1608 2749 liberavit
1653 2695 1721 2749 ab
1757 2694 1905 2750 omni

318 2789 537 2844 vinculo
565 2789 891 2860 iniquitatis,
939 2804 1047 2860 quo
1080 2790 1277 2861 captivi
1325 2790 1660 2856 tenebamur,
1703 2797 1758 2844 et
1786 2787 1908 2844 inii-

323 2882 582 2949 delitatis,
608 2892 664 2938 et
687 2883 967 2939 mundavit
994 2898 1093 2955 per
1120 2884 1469 2954 baptismum,
1495 2882 1588 2938 ubi
1623 2882 1705 2938 sic
1723 2881 1906 2937 omnia

318 2975 601 3048 originalia
631 2975 849 3044 delicta,
877 2985 933 3032 et
973 2986 1283 3048 perpetrata
1325 2978 1613 3033 commissa
1644 2976 1909 3031 mundan-

321 3070 430 3132 tur,
475 3074 741 3137 quatenus
790 3067 845 3124 in
886 3066 1043 3125 nobis
1087 3068 1222 3124 nihil
1269 3083 1550 3125 remanere
1593 3069 1764 3140 possit
1807 3068 1910 3124 im-

326 3159 607 3216 mundum.

399 3244 723 3310 Sectatorein
773 3257 1027 3311 bonorum
1061 3273 1296 3328 operum.
1323 3255 1406 3312 Ad
1433 3271 1598 3326 quam
1643 3253 1907 3311 sectatio-

323 3363 451 3406 nem
480 3349 743 3405 bonorum
787 3367 1030 3422 operum,
1079 3351 1220 3407 idem
1249 3367 1351 3408 nos
1383 3353 1676 3424 Apostolus
1711 3352 1908 3406 admo-

324 3450 438 3505 net,
467 3441 654 3498 dicens
681 3461 693 3497 :
720 3442 1101 3509 Exhortamur,
1133 3461 1197 3498 ne
1221 3445 1279 3498 in
1306 3460 1529 3498 vacuum
1554 3444 1782 3514 gratiam
1810 3442 1912 3498 Dei

327 3536 612 3606 recipiatis,
641 3545 699 3588 ut
747 3551 853 3589 non
891 3536 1210 3606 vituperetur
1243 3536 1589 3588 ministerium
1639 3546 1906 3601 nostrum,

327 3629 418 3683 sed
450 3630 507 3684 in
537 3629 775 3684 omnibus
805 3629 1142 3684 exhibeamus
1183 3646 1276 3685 nos
1312 3630 1445 3684 sicut
1480 3629 1579 3684 Dei
1619 3631 1908 3697 ministros,

329 3723 385 3775 in
412 3720 578 3776 multa
605 3723 886 3793 patientia,
933 3723 988 3776 in
1019 3722 1465 3788 tribulationibus,
1501 3724 1556 3778 in
1593 3723 1912 3777 necessitati-

331 3813 448 3876 bus,
485 3814 541 3866 in
565 3815 842 3884 angustiis,
873 3815 927 3868 in
957 3813 1148 3885 plagis,
1183 3815 1238 3868 in
1269 3815 1586 3880 carceribus,
1612 3815 1668 3868 in
1696 3814 1912 3868 seditio—

331 3904 505 3969 nibus,
535 3904 588 3957 in
628 3903 914 3973 laboribus,
957 3905 1012 3959 in
1046 3905 1256 3977 vigiliis,
1303 3907 1359 3960 in
1394 3906 1641 3976 jejuniis,
1668 3907 1724 3961 in
1752 3906 1912 3962 casti-

331 4004 458 4059 tate,
480 3995 536 4048 in
563 3995 802 4062 scientia,
828 3997 883 4050 in
911 3995 1326 4067 longanimitate,
1353 3999 1408 4052 in
1431 3998 1708 4063 suavitate,
1732 4000 1786 4052 in
1811 4001 1916 4069 spi-

332 4086 437 4139 ritu
461 4097 666 4151 sancto,
691 4087 746 4140 in
781 4088 1037 4140 charitate
1074 4103 1175 4142 non
1203 4088 1348 4156 ﬁcta,
1376 4089 1432 4143 in
1466 4089 1619 4143 verbo
1655 4091 1908 4156 veritatis,

331 4178 387 4232 in
421 4179 616 4232 virtute
645 4177 766 4244 Dei,
793 4194 884 4248 per
917 4195 1068 4232 arnta
1093 4180 1338 4248 justitiar,
1367 4198 1400 4234 a
1423 4179 1621 4234 dextris
1648 4190 1695 4235 et
1725 4200 1755 4235 a
1783 4183 1914 4236 sini-

333 4272 456 4326 stris
491 4269 578 4342 (II
616 4267 738 4324 Cor.
765 4268 888 4342 vt),
927 4277 982 4323 et
1026 4278 1223 4324 czetera
1257 4270 1475 4328 similia,
1506 4272 1651 4326 unde
1689 4280 1744 4327 et
1789 4281 1912 4343 apte

334 4363 598 4432 sequitur.

407 4455 538 4510 Haec
569 4455 776 4527 loquere
812 4462 860 4509 et
904 4455 1201 4510 exltortare.
1243 4454 1324 4511 Ac
1371 4452 1418 4510 si
1448 4453 1653 4510 diceret
1683 4472 1695 4508 :
1725 4454 1913 4512 Omnis

1997 1971 2151 2029 puer.
2181 1954 2313 2021 Quis
2338 1959 2421 2008 est
2455 1951 2544 2006 ille
2568 1965 2723 2022 puer,
2757 1948 2862 2004 nisi
2890 1947 2980 2003 ille
3007 1948 3074 2001 de
3100 1961 3207 2018 quo
3233 1945 3435 2000 dictum
3463 1949 3548 1998 est
3566 1959 3617 2000 ε.

2002 2049 2147 2105 Puer
2171 2058 2326 2104 natus
2351 2056 2425 2102 est
2451 2045 2619 2111 nobis,
2649 2043 2793 2114 ﬁlius
2819 2041 2974 2096 datus
3001 2049 3077 2094 est
3107 2038 3253 2094 nobis
3278 2035 3461 2110 (Isaia:
3482 2033 3588 2106 Ix)?

2004 2145 2202 2201 Factus
2243 2153 2320 2199 est
2347 2145 2485 2198 enim
2515 2141 2609 2196 sub
2642 2140 2770 2210 lege,
2799 2145 2854 2192 ut
2897 2154 3006 2203 eos,
3033 2135 3122 2208 qui
3156 2134 3252 2189 sub
3280 2131 3388 2204 lege
3414 2137 3585 2198 erant,

2003 2237 2334 2308 lucrifaceret
2363 2233 2505 2307 (Gal.
2532 2231 2628 2306 tv).
2654 2231 2836 2286 Vides.
2864 2241 3080 2283 omnem
3107 2225 3243 2296 legis
3268 2222 3472 2279 veteris
3502 2234 3588 2276 se-

2005 2329 2142 2384 riem
2165 2327 2332 2381 fuisse
2354 2333 2540 2395 typum
2565 2321 2780 2377 futurae.
2805 2317 2924 2373 Non
2951 2318 3139 2388 utique
3167 2313 3371 2370 frustra
3395 2320 3590 2369 octava

2007 2419 2094 2474 die
2122 2417 2307 2487 jussus
2346 2423 2430 2469 est
2476 2411 2652 2467 infans
2697 2408 3043 2473 circumcidi,
3086 2407 3193 2461 nisi
3239 2404 3366 2474 quia
3413 2411 3588 2474 petra,

2008 2525 2115 2582 qua
2163 2505 2634 2570 circumcidimur,
2683 2501 2930 2557 Christus
2968 2506 3105 2554 erat.
3153 2494 3396 2550 Cultellis
3443 2494 3589 2549 enim

2005 2600 2239 2673 petrinis
2274 2596 2627 2652 circumcisus
2655 2602 2740 2650 est
2781 2591 3031 2663 populus,
3059 2597 3214 2660 petra
3243 2595 3426 2642 autem
3471 2592 3595 2642 erat

2008 2695 2274 2752 Christus.
2299 2691 2476 2758 Quare
2499 2696 2680 2744 autem
2705 2693 2897 2742 octavo
2917 2682 3040 2738 die?
3069 2683 3195 2753 quia
3225 2681 3280 2736 in
3306 2679 3596 2735 hebdoma-

2009 2789 2166 2845 dibus
2195 2787 2335 2841 idem
2380 2781 2613 2854 primus,
2643 2780 2736 2850 qui
2772 2788 2826 2835 et
2852 2786 3096 2834 octavus.
3123 2773 3416 2846 Completis
3446 2773 3593 2828 enim

2007 2892 2217 2954 septem
2247 2879 2436 2936 diebus
2466 2877 2676 2932 reditur
2700 2873 2770 2929 ad
2804 2873 3061 2945 primum,
3095 2869 3279 2924 [initus
3308 2865 3593 2937 septimus,

2010 2978 2269 3035 Dominus
2295 2972 2557 3045 sepultus.
2592 2970 2818 3025 Reditus
2852 2967 2920 3022 ad
2947 2966 3185 3036 primum
3225 2961 3485 3017 Dominus
3509 2973 3596 3014 re-

2011 3073 2324 3134 suscitatus,
2352 3064 2566 3122 Domini
2603 3060 2933 3118 resurrectio
2961 3055 3212 3129 promisit
3243 3053 3398 3109 nobis
3437 3059 3596 3106 aeter—

2011 3180 2141 3220 num
2179 3163 2343 3226 diem,
2371 3169 2426 3215 et
2455 3155 2794 3214 consecravit
2839 3152 2994 3208 nobis
3040 3147 3380 3204 Dominicum
3428 3143 3592 3207 diem,

2010 3259 2104 3329 qui
2150 3262 2378 3310 vocatur
2433 3249 2776 3312 Dominicus,
2830 3246 2946 3314 ipse
2997 3243 3213 3297 videtur
3259 3235 3478 3308 proprie
3529 3231 3598 3287 ad

2013 3348 2299 3406 Dominum
2347 3341 2649 3415 pertinere,
2699 3337 2825 3408 quia
2861 3349 2926 3390 eo
2976 3333 3063 3389 die
3100 3329 3362 3386 Dominus
3404 3339 3590 3382 resur-

2010 3440 2172 3498 rexit.

2084 3531 2193 3604 (Ea:
2235 3526 2428 3598 Beda.)
2459 3522 2713 3595 Suscepit
2760 3520 2925 3593 igitur
2963 3512 3439 3572 circumcisionem
3477 3507 3597 3604 lege

2013 3602 2288 3681 decretam
2329 3621 2383 3676 in
2415 3632 2599 3682 carne,
2628 3614 2720 3686 qui
2766 3613 2970 3683 absque
3010 3607 3160 3664 omni
3206 3618 3432 3676 prorsus
3476 3602 3600 3657 labe

2009 3714 2322 3790 pollutionis
2349 3710 2600 3783 apparuit
2626 3709 2682 3763 in
2710 3720 2895 3770 carne,
2930 3710 2986 3759 et
3024 3700 3117 3772 qui
3160 3714 3217 3754 tn
3246 3693 3599 3752 similitudine

2012 3787 2193 3868 carnis
2224 3808 2454 3879 peccati,
2480 3819 2588 3860 non
2621 3809 2800 3856 autem
2831 3799 2886 3854 in
2917 3810 3081 3852 carne
3107 3791 3319 3865 peccati
3355 3787 3596 3854 advenit,

2013 3904 2310 3964 remedium
2355 3916 2462 3972 quo
2486 3913 2614 3955 caro
2655 3894 2869 3968 peccati
2917 3895 3271 3947 consueverat
3304 3882 3593 3949 mundari,

2013 4017 2120 4058 non
2149 3999 2376 4070 respuit,
2401 3996 2540 4050 sicut
2561 3992 2726 4048 etiam
2745 3989 2890 4044 unda
2916 3982 3284 4056 baptismatis,
3310 3995 3416 4051 qua
3443 3991 3597 4032 novae

2013 4093 2202 4166 gratia:
2243 4069 2476 4161 populos
2517 4101 2548 4140 a
2598 4090 2949 4154 peccatorum
2987 4077 3149 4134 sorde
3191 4073 3362 4128 lavari
3407 4069 3595 4126 voluit.

2011 4162 2131 4256 ipse
2156 4200 2260 4239 non
2287 4177 2646 4242 necessitatis,
2671 4175 2767 4230 sed
2792 4169 3023 4240 exempli
3048 4181 3209 4223 causa
3234 4164 3428 4229 subiit;
3458 4162 3599 4217 scire

2015 4252 2215 4334 etenim
2259 4273 2418 4329 debet
2460 4276 2642 4324 vestra
2675 4261 3025 4325 fraternitas,
3057 4258 3185 4329 quia
3217 4256 3362 4312 idem
3405 4252 3598 4309 saluti-

2015 4367 2143 4423 ferae
2168 4362 2462 4420 curationis
2489 4357 2746 4415 auxilium
2776 4351 3113 4410 circumcisis
3144 4350 3198 4404 in
3242 4348 3378 4417 lege,
3409 4353 3598 4402 contra

2015 4458 2294 4532 originalis
2332 4453 2542 4528 peccati
2565 4449 2760 4506 vulnus
2788 4445 3000 4518 agebat,
3031 4443 3174 4515 quod
3204 4455 3352 4497 nunc
3390 4439 3600 4510 baptis-

335 4558 462 4604 tuus
503 4564 712 4616 sermo,
759 4549 814 4604 in
859 4547 963 4605 hac
1011 4549 1389 4605 exhortatione
1441 4549 1702 4606 consistat
1749 4559 1913 4622 atque
1937 4572 1990 4635 Β
2016 4531 2137 4612 mus
2165 4566 2326 4625 agere
2354 4547 2605 4606 revelata:
2646 4543 2837 4616 gratia:
2870 4550 3116 4610 tempore
3158 4534 3458 4592 consuevit.
3490 4531 3600 4587 Ex-

335 4649 666 4714 perseveret.

734 4791 1072 4835 EVANGELIUI
1107 4791 1279 4844 ιυωε,
1311 4792 1428 4833 CAP.
1458 4790 1496 4831 ll

413 4934 433 4969 ι
469 4916 764 4988 Postquam
809 4913 1168 4971 consummati
1214 4920 1342 4969 sunt
1385 4912 1503 4968 dies
1547 4917 1669 4967 octo
1708 4918 1769 4966 ut
1809 4911 1916 4966 cir-

343 5030 362 5064 c
399 5010 797 5068 cumcideretur
816 5025 975 5082 puer,
993 5016 1245 5065 vocatum
1268 5015 1354 5062 est
1377 5022 1573 5064 nomen
1595 5005 1712 5075 ejus
1732 5005 1912 5072 Jesus,

345 5122 364 5156 ε
404 5103 546 5174 quod
583 5111 832 5159 vocatum
879 5111 962 5157 est
991 5103 1059 5157 ab
1105 5100 1297 5172 angelo
1323 5094 1639 5171 priusquam
1669 5100 1723 5154 in
1759 5108 1914 5155 utero

347 5217 366 5250 ι
403 5199 796 5268 conciperetur.
827 5197 894 5252 Et
921 5205 1204 5268 postquam
1247 5193 1451 5265 impleti
1483 5203 1608 5250 sunt
1649 5194 1763 5249 dies
1788 5210 1918 5264 pur-

349 5308 368 5342 ‹
406 5290 637 5361 gationis
657 5287 840 5344 Mariae
857 5288 1149 5344 secundum
1169 5287 1345 5356 legem
1361 5285 1554 5357 Moysi,
1579 5284 1816 5341 tulerunt
1836 5282 1919 5340 Je-

351 5399 370 5432 ι
405 5396 527 5436 sum
549 5380 602 5434 in
625 5378 981 5444 Hierusalem,
999 5387 1059 5433 ut
1079 5379 1334 5434 sisterent
1354 5392 1478 5432 eum
1500 5376 1750 5442 Domino,
1774 5377 1915 5432 sicut

351 5490 369 5524 ι
407 5473 666 5544 scriptum
686 5479 775 5526 est
797 5471 850 5525 in
876 5469 992 5538 lege
1019 5471 1229 5524 Domini
1249 5485 1262 5524 :
1282 5469 1418 5538 Quia
1434 5483 1594 5524 omne
1615 5467 1915 5524 masculum

351 5584 370 5618 ι
407 5565 726 5636 adaperiens
760 5563 1006 5627 vulvam,
1035 5572 1282 5618 sanctum
1327 5561 1555 5618 Domino
1593 5559 1913 5616 vocabitur:

354 5679 373 5710 ι
410 5659 476 5715 Et
518 5668 577 5714 ut
618 5659 810 5714 darent
852 5657 1084 5714 hostiam
1115 5655 1407 5711 secundum
1436 5655 1580 5726 quod
1607 5655 1809 5711 dictum
1835 5660 1919 5709 est

354 5774 372 5808 ι
412 5756 465 5810 in
494 5755 613 5826 lege
647 5755 881 5820 Domini,
909 5768 1007 5823 par
1030 5761 1319 5815 turturum,
1349 5760 1442 5804 aut
1467 5750 1599 5804 duos
1627 5747 1801 5818 pullos
1825 5761 1918 5804 co-

359 5864 378 5902 ι
401 5845 738 5907 lumbarum.
765 5843 834 5906 Et
857 5857 983 5907 ecce
1017 5843 1179 5907 homo
1205 5851 1323 5906 erat
1354 5838 1409 5904 in
1439 5839 1796 5909 Hierusalem,
1830 5836 1918 5900 cui

2017 4655 2173 4719 cepto
2200 4643 2339 4716 quod
2382 4640 2533 4713 regni
2573 4636 2810 4694 caelestis
2845 4632 3077 4718 [ianuam
3120 4629 3352 4686 necdum
3395 4628 3600 4682 intrare

2013 4716 2286 4811 poterant,
2317 4735 2489 4790 donec
2522 4727 2814 4784 adveniens
2840 4716 3276 4779 benedictionem
3307 4719 3462 4772 daret
3504 4716 3595 4788 qui

2019 4805 2190 4899 legem
2223 4824 2387 4888 dedit,
2417 4829 2477 4876 ut
2504 4818 2676 4874 videri
2719 4821 2904 4888 posset
2928 4814 3073 4868 Deus
3098 4810 3322 4865 deorum
3349 4807 3404 4861 in
3441 4805 3594 4860 Sion.

2017 4895 2248 4976 Tantum
2276 4916 2332 4970 in
2361 4913 2482 4969 sinu
2513 4909 2765 4973 Abrahae,
2793 4911 2914 4977 post
2941 4908 3194 4967 mortem,
3218 4900 3380 4955 beata
3413 4895 3599 4965 requie

2017 5006 2300 5073 consolati,
2325 5015 2572 5075 supernae
2593 4998 2744 5070 pacis
2785 4997 3114 5068 ingressum,
3144 5005 3240 5062 spe
3267 4989 3470 5052 felices,
3503 5001 3596 5040 ex-

2015 5098 2348 5173 spectabant.
2394 5094 2498 5162 Qui
2549 5092 2694 5147 enim
2725 5103 2868 5143 nunc
2908 5101 3008 5158 per
3043 5081 3394 5154 Evangelium
3441 5091 3598 5134 suum

2016 5191 2331 5251 terribiliter
2360 5204 2424 5244 ac
2468 5185 2758 5242 salubriter
2782 5181 2981 5237 clamat
3017 5197 3030 5232 :
3063 5177 3185 5232 Nisi
3229 5176 3344 5248 quis
3387 5180 3599 5225 renatus

2018 5285 2174 5356 fuerit
2205 5298 2270 5336 ea:
2299 5297 2437 5352 aqua
2463 5286 2510 5333 et
2543 5273 2742 5347 Spiritu
2784 5281 2986 5338 sancto,
3017 5285 3122 5324 non
3167 5273 3332 5339 potest
3381 5263 3600 5316 introire

2020 5376 2078 5429 in
2108 5387 2326 5442 regnum
2353 5369 2450 5424 Dei
2480 5366 2662 5440 (Joan.
2691 5364 2798 5437 ιιι),
2833 5363 2948 5434 ipse
2979 5369 3093 5416 tum
3122 5372 3219 5429 per
3243 5356 3417 5426 legem
3445 5369 3597 5410 suam

2023 5465 2329 5522 clamabat:
2371 5459 2644 5516 Masculus
2673 5459 2826 5530 cujus
2856 5457 3099 5530 prteputii
3139 5470 3262 5508 caro
3292 5455 3602 5509 circumcisa

2023 5576 2129 5616 non
2160 5559 2342 5630 fuerit,
2369 5556 2555 5628 peribit
2583 5555 2760 5609 anima
2784 5551 2878 5606 illa
2906 5551 2970 5605 de
2996 5546 3186 5620 populo
3212 5564 3330 5614 suo,
3357 5547 3480 5620 quia
3509 5563 3606 5618 pa—

2025 5664 2164 5709 ctunt
2203 5667 2373 5707 meum
2401 5651 2609 5704 irritum
2643 5648 2764 5718 fecit
2798 5644 2995 5718 (Exod.
3031 5657 3160 5706 xm;
3197 5640 3359 5698 Leuit.
3383 5640 3480 5712 xu)
3503 5682 3515 5705 ,
3548 5640 3606 5697 id

2023 5754 2126 5814 est,
2169 5745 2294 5817 quia
2324 5749 2540 5815 pactum
2565 5741 2711 5804 vitae,
2744 5738 2798 5792 in
2825 5733 3078 5807 paradiso
3112 5732 3431 5817 hominibus
3456 5745 3487 5784 a
3516 5743 3604 5784 me

2026 5815 2230 5907 datum,
2256 5830 2427 5896 Adam
2453 5823 2863 5907 praevaricante.
2890 5833 3260 5902 transgressum
3283 5829 3388 5888 est.
3419 5815 3471 5881 in
3495 5832 3602 5894 quo
