4110 6460
533 378 604 440 59
1832 353 2188 439 sriaiiAcbi
2225 353 2515 442 Alienis
2629 427 2635 436 .
3175 361 3177 363 ’
3741 375 3810 453 66

536 490 733 560 Omnes
765 489 1154 575 peccaverunt,
1181 474 1382 570 peribit
1419 497 1486 556 de
1515 491 1658 586 coetu
1695 507 2006 557 sanctorum
2027 542 2042 566 ,
2068 498 2113 555 si
2141 495 2194 560 Α
2216 491 2324 586 εὲινἒ
2352 486 2504 570 Quod
2535 497 2688 574 dicit,
2716 505 2883 564 Omne
2910 509 3204 567 masculum
3229 511 3540 585 adaperiens
3578 504 3806 584 cultam,

537 608 648 652 non
675 591 726 649 ei
751 589 916 649 fuerit
944 591 1183 648 remedio
1209 587 1438 668 salutari
1465 587 1820 678 subventum“
1959 667 1969 678 _

621 681 871 743 Vocatum
901 697 978 742 est
1007 677 1195 741 nomen
1241 663 1379 758 eius,
1408 681 1591 753 Iesus,
1633 693 1740 742 etc.
1779 658 1884 758 (Ex
1929 662 2120 758 Beda)

537 776 598 836 In
642 779 766 846 hoc,
807 777 949 849 quod
993 773 1050 832 in
1079 769 1168 834 die
1197 775 1626 834 circumcisionis
1668 771 1780 834 sua:
1826 769 2022 832 nomcii
2064 759 2123 831 ul

540 868 697 930 Jesus
731 864 1038 938 vocaretur,
1068 874 1296 943 accepit,
1327 855 1396 929 ad
1434 859 1790 928 imitationem
1816 858 2122 943 priscoru'ni

539 959 686 1028 fecit,
721 955 860 1038 sicut
884 949 1158 1017 Abraham
1181 961 1515 1033 patriarcha,
1539 963 1628 1033 qui
1659 963 1866 1033 primus
1892 955 2124 1015 circnm-

540 1050 760 1110 cisionis
803 1063 1202 1128 sacramentum
1249 1064 1304 1110 et
1340 1045 1718 1128 promissionis
1751 1051 2122 1128 testimonium

539 1145 766 1214 accepit,
790 1154 848 1200 et
875 1124 1064 1201 eodem
1087 1145 1174 1202 die
1199 1123 1671 1218 amplificationem
1700 1143 1935 1201 nominis
1963 1123 2123 1200 simul

537 1253 661 1294 cum
702 1254 800 1295 sua
829 1239 1058 1312 conjuge
1087 1238 1406 1311 promeruit,
1434 1247 1493 1295 ut
1519 1241 1609 1310 qui
1638 1248 1862 1295 eatenus
1895 1237 2118 1330 Abram,

537 1329 592 1386 id
618 1338 718 1394 est,
747 1322 904 1402 pater
929 1324 1198 1400 excelsus,
1223 1333 1416 1389 deinde
1442 1325 1739 1400 Abraham,
1768 1331 1821 1388 id
1843 1336 1945 1401 est,
1969 1322 2123 1404 pater

536 1423 827 1478 multarum
857 1421 1097 1494 gentium
1124 1435 1428 1506 vocaretur.
1809 1497 1818 1506 _

605 1517 718 1594 (Ex
764 1515 1008 1600 Hieron.)
1055 1511 1162 1575 Sed
1186 1509 1240 1575 ei
1271 1503 1426 1575 Sarai
1456 1514 1593 1576 uxor
1636 1519 1726 1576 tua
1746 1563 1760 1588 ,
1806 1503 1982 1600 inquit
2010 1519 2120 1576 Do-

540 1607 721 1663 minus
754 1609 824 1664 ad
854 1602 1149 1675 Abraham,
1184 1625 1290 1667 non
1326 1610 1608 1668 vocabitur
1635 1604 1812 1680 sai-ai,
1839 1605 1931 1670 sed
1963 1608 2118 1669 Sara.

534 1697 851 1770 Errantqui
879 1710 1072 1772 putant
1096 1703 1334 1781 primum
1365 1703 1555 1760 Saram
1579 1721 1680 1781 per
1706 1722 1872 1781 unum
1897 1701 1946 1759 R
1967 1705 2120 1781 seri-

2225 599 2282 650 et
2307 572 2542 653 hominis"
2566 601 2619 653 et
2642 572 2854 670 pecoris
2885 601 3306 676 primogenitum
3335 572 3635 676 significat,
3665 572 3810 678 quod

2222 687 2510 760 utrumque
2551 701 2799 748 sanctum
2825 693 3052 751 Domino
3094 699 3298 766 vOeari,
3347 707 3511 772 atque
3553 686 3676 757 ideo
3716 717 3804 758 sa-

2223 780 2459 836 cerdotis
2493 798 2630 847 esse,
2660 793 2987 857 przeceptum
3028 787 3132 844 est.
3163 787 3241 844 ita
3285 789 3580 857 duntaxat,
3623 799 3684 846 ut
3709 807 3810 863 pro

2221 863 2458 928 hominis
2502 873 2866 946 primogenito'
2912 871 3149 946 pretium
3193 871 3495 949 acciperet,
3545 879 3602 936 et
3647 892 3810 938 Omne

2223 958 2420 1018 an'imal
2472 957 2810 1021 immundu’n‘i
2862 958 3052 1025 redimi
3083 963 3340 1066 Pfaceret,
3384 969 3557 1042 cuius,
3603 969 3806 1044 inquit,

2223 1053 2522 1128 redemptio
2562 1059 2666 1130 erit
2696 1064 2820 1129 post
2862 1077 3030 1116 unum
3080 1053 3354 1131 incusem,
3401 1061 3552 1122 siclis
3600 1067 3810 1137 argenti

2223 1147 2488 1219 quinque;
2529 1152 2623 1206 ubi
2654 1145 2800 1208 Salvo
2832 1154 3113 1213 subtiliore
3150 1154 3382 1214 tractatu
3412 1145 3656 1216 breviter
3681 1160 3810 1215 inti-

2221 1239 2499 1308 mandum,
2545 1240 2688 1313 quod
2736 1227 2826 1300 illa
2868 1241 3051 1302 omnia
3093 1241 3473 1322 primogenita,
3517 1251 3603 1307 vel
3638 1251 3810 1324 ﬁgura

2221 1331 2422 1389 fuerint
2470 1335 2604 1404 ejus,
2653 1339 2745 1409 qui
2793 1355 2917 1395 cum
2963 1342 3274 1413 unigenitus
3309 1348 3454 1400 esset
3501 1345 3597 1402 Dei
3635 1331 3674 1401 F
3681 1347 3806 1404 ilius

2220 1422 2770 1505 priinogcnitusgfleri
2815 1427 3062 1504 dignatus
3103 1441 3188 1490 est
3229 1437 3408 1494 omnis
3443 1431 3724 1505 creatum,
3754 1450 3810 1496 et

2219 1515 2349 1574 vc'r’e
2377 1525 2430 1574 et
2463 1503 2809 1593 singulariter
2833 1503 3050 1581 sanctus
3089 1526 3337 1594 Domino,
3369 1528 3496 1600 Quia
3524 1523 3812 1602 peccatum

2220 1605 2327 1666 ἤθη
2371 1599 2533 1680 fecit,
2579 1629 2681 1671 nec
2712 1615 2966 1672 inventus
3007 1604 3092 1674 est
3121 1618 3274 1675 ooius
3321 1596 3497 1676 iri—ore
3526 1596 3811 1690 ejusfvei

2221 1709 2367 1758 certe
2409 1701 2608 1761 nostra:
2648 1706 2813 1764 fuerit
2855 1693 3160 1768 devoxionis
3192 1713 3474 1782 indicium,
3505 1717 3598 1788 qui
3635 1716 3810 1774 )mnia

531 1781 684 1862 ptum
732 1788 923 1860 fuisse,
949 1781 1005 1848 et
1049 1803 1240 1866 postea
1286 1779 1514 1880 alterum
1557 1775 1604 1851 li
1648 1775 1920 1864 addilum,
1959 1780 2116 1852 Sarai
2143 1835 2191 1880 41
2219 1787 2374 1851 bona:
2401 1799 2625 1855 actiOnis
2657 1789 2828 1867 initia,
2857 1801 2976 1872 quae
3005 1805 3159 1874 quasi
3187 1803 3350 1862 corde
3378 1775 3670 1880 gignimus,
3704 1809 3812 1864 Do-

531 1856 768 1954 primum
791 1856 981 1967 vocata
1015 1856 1099 1942 est
1131 1904 1228 1959 per
1257 1883 1339 1948 ’ἡ
1367 1875 1438 1948 πὶ.
1471 1867 1694 1944 Sublato
1719 1906 1849 1961 ergo
1871 1856 1918 1956 ﬁ,
1943 1882 1995 1944 id
2029 1889 2117 1946 est
2143 1856 2192 1924 Β
2221 1885 2351 1942 mini
2381 1885 2568 1960 gratia:
2598 1856 2890 1962 deputare:
2925 1856 3067 1952 male
3111 1889 3294 1953 rititem‘
3341 1856 3492 1972 gzsia
3544 1893 3812 1958 redimere

507 1963 551 2028 ’ὅ
573 1971 858 2044 elemento,
885 1957 1068 2033 addita
1093 1957 1178 2034 est
1203 1991 1243 2040 Π
1268 1977 1466 2046 littera,
1500 1981 1619 2052 quae
1647 1978 1745 2052 per
1763 1957 1808 2038 A—
1831 1976 2048 2052 legitur,
2064 1986 2119 2038 et
2217 1957 2534 2048 debeamus,
2562 1957 2752 2053 dignos
2777 1957 3056 2070 videlicet
3081 1957 3418 2058 poenitentiae
3446 1981 3674 2056 fructus,
3711 2008 3810 2070 pro

529 2059 720 2124 vocata
757 2075 840 2125 est
874 2059 1038 2139 τήν,
1086 2071 1277 2130 Saraa.
1309 2074 1485 2131 Causa
1535 2081 1718 2131 autem
1767 2069 1844 2132 ita
1881 2074 2118 2134 nominis

530 2153 835 2229 immutati,
867 2158 1128 2252 luccl'est,
1161 2157 1304 2236 quod
1348 2165 1508 2221 antea
1553 2165 1836 2222 dicebatur
1877 2167 2116 2252 princeps

529 2268 674 2320 mea,
723 2253 883 2310 unius
910 2236 1116 2312 Scilicet
1147 2257 1520 2313 tantummodo
1551 2254 1742 2314 dormis
1785 2244 2118 2313 materfami-

528 2315 864 2417 lias,vpostea
883 2363 1012 2404 vero
1039 2345 1238 2404 dicitur
1259 2349 1503 2406 absolute
1523 2349 1789 2422 princeps,
1814 2343 1868 2406 id
1895 2357 1998 2417 est,
2023 2347 2116 2426 ἆρ-

529 2437 730 2509 χουσὰ.
1201 2511 1210 2520 1

599 2519 667 2582 Et
696 2516 978 2604 postquam
1015 2516 1212 2608 impleti
1237 2531 1357 2590 sunt
1383 2529 1491 2590 dies
1515 2535 1844 2608 purgationis
1870 2531 2006 2606 ejus,
2037 2553 2118 2590 se-

527 2621 756 2675 cundum
791 2621 952 2695 legem
983 2605 1156 2697 Moysi
1187 2616 1416 2707 tulerunt
1462 2605 1612 2708 illum
1656 2623 1711 2708 iri
1755 2605 2112 2696 Hierusalem,

2215 2067 2443 2140 singulis
2471 2073 2711 2144 quinque
2755 2071 3002 2148 corporis
3045 2067 3132 2134 vel
3174 2075 3368 2136 anima:
3403 2083 3654 2139 sensibus
3682 2067 3812 2138 olfe-

2217 2171 2416 2242 rentes.
2449 2163 2635 2234 Itaque
2666 2153 2808 2236 quod
2855 2164 2932 2222 ait
2975 2187 2988 2223 :
3027 2169 3348 2242 Adaperiens
3395 2167 3635 2239 lrulvani,
3679 2181 3810 2229 cen-

2215 2240 2384 2310 suetze
2410 2252 2709 2314 nativitatis
2739 2252 2889 2315 more
2916 2240 3174 2332 loquitur,
3213 2264 3319 2320 non'
3360 2257 3505 2335 quod
3539 2247 3801 2321 Dominus

2214 2346 2402 2400 hoster
2427 2347 2569 2402 sacri
2593 2349 2800 2405 ventris
2829 2347 3141 2424 hospitium,
3171 2353 3314 2426 quod
3345 2357 3622 2428 ingressus
3678 2373 3808 2413 san-

2215 2429 2494 2504 etificarit,
2523 2455 2774 2512 egressus
2808 2442 3174 2516 devirginasse
3203 2444 3505 2504 credendus
3533 2449 3626 2516 sit,
3653 2447 3808 2521 juxta

2216 2529 2523 2597 haereticos,
2554 2533 2648 2602 qui
2691 2535 2880 2590 dicunt
2905 2529 3122 2592 beatam
3170 2537 3392 2617 Mariam
3420 2537 3687 2609 virginem
3715 2555 3810 2595 us-

2217 2635 2321 2691 que
2348 2618 2414 2676 ad
2439 2633 2673 2694 partum,
2700 2637 2809 2680 non
2837 2626 3104 2700 virginem
3141 2643 3263 2685 esse
3289 2638 3410 2702 post
3446 2637 3686 2702 partum,
3715 2635 3812 2689 sed

529 2703 584 2765 ut
611 2709 851 2770 sisterent
881 2713 1030 2771 illum
1057 2717 1301 2774 Domino.
1331 2698 1433 2792 (lix
1459 2699 1646 2793 Beda.)
1679 2698 1967 2776 Decretum
1997 2721 2117 2790 qui-
2209 2707 2368 2782 Ῐιιιῑτι
2404 2713 2566 2770 ﬁdem
2603 2698 2950 2785 mammam;
2983 2721 3170 2808 01³11εᾷ
3201 2698 3427 2808 “remis
3446 2698 3630 2790 inero,
3657 2725 3811 2808 quasi

529 2799 652 2858 dem
701 2801 838 2878 legis
883 2819 1000 2863 erat
1029 2801 1316 2880 parvulum
1345 2813 1466 2882 post
1512 2806 1849 2888 tricesimum”
1895 2805 2116 2867 tertium
2219 2809 2448 2878 εροηείις
2493 2822 2592 2863 suo
2640 2807 2909 2878 processit
2950 2809 3017 2868 de
3057 2803 3315 2882 thalamo,
3357 2803 3424 2872 lle
3451 2821 3559 2887 quo
3589 2805 3811 2888 pulchre

523 2893 959 2988 circunicisionis
982 2897 1122 2955 diem
1147 2894 1215 2957 ad
1242 2880 1500 2974 templum
1526 2880 1738 2958 Domini
1771 2901 1992 2970 deferri,
2023 2903 2116 2959 da-
2215 2889 2540 2988 Pipphela-t
2580 2891 2650 2955 Et
2697 2905 2945 2960 convertit
2991 2923 3092 2974 me,
3134 2905 3328 2980 inquit,
3365 2909 3435 2964 ad
3478 2911 3614 2988 viam
3645 2920 3809 2982 porta:

530 2985 685 3057 rique
712 2971 945 3046 hostiam
977 3007 1076 3063 pro
1102 3009 1166 3047 eo
1191 3009 1206 3048 :
1239 2989 1660 3068 primogenituni
1691 3005 1870 3052 autem
1895 3010 2114 3052 mascu-

529 3073 642 3132 lum
671 3076 918 3136 sanctum'
963 3079 1192 3140 Doinino
1223 3079 1339 3140 fieri
1359 3128 1373 3153 ,
1411 3087 1657 3158 mystice,
1689 3087 1830 3144 sicut
1858 3088 2113 3156 diximus,

526 3167 830 3240 insinuans,
861 3175 1130 3234 neminem
1175 3178 1282 3236 nisi
1309 3175 1692 3239 circumcisum
1727 3183 1896 3252 vitiis,
1931 3182 2115 3241 Domi-

527 3259 666 3316 nicis
723 3257 942 3334 digitum
999 3282 1120 3323 esse
1171 3263 1588 3342 cotiSpectihus;
1645 3273 1954 3353 neminem,
2007 3274 2111 3334 iiisi

525 3354 872 3413 mortalitatis
917 3355 1146 3416 nexibus
1187 3359 1526 3432 absolutum,
1576 3363 1824 3438 s‘uperbae'
1866 3367 2106 3424 civitatis

529 3446 724 3534 gaudia
745 3448 989 3524 perfecte
1017 3468 1178 3524 posse
1207 3457 1408 3514 subire.
1439 3461 1638 3516 Verum
1670 3464 1716 3516 si
1764 3463 1898 3534 legis
1941 3455 2113 3534 ipsius

526 3529 691 3590 verba
725 3535 1040 3610 diligentius
1076 3536 1398 3616 inspexeris,
1424 3547 1665 3618 profecto
1693 3551 1957 3622 reperies,
1984 3555 2112 3624 quia

529 3621 634 3684 non
665 3626 835 3688 solum
867 3630 1128 3718 Dominus
1156 3631 1489 3710 incarnatus,
1532 3631 1795 3713 quantum
1837 3661 1866 3700 a
1902 3648 2112 3718 peccati

527 3721 870 3812 contagione,
915 3711 1124 3786 tantum
1155 3747 1187 3787 a
1227 3711 1696 3809 conditioneiegis
1741 3711 1920 3796 fuerit.
1950 3738 2109 3812 libei',

525 3807 692 3884 quam
734 3813 804 3873 ob'
832 3812 934 3875 hoc
963 3813 1136 3892 inagis
1163 3824 1438 3895 suscipere
1467 3807 1720 3899 dignatus
1747 3838 1862 3898 est,
1907 3840 1968 3888 ut
1991 3807 2112 3890 eam

527 3918 804 3980 sanctam,
846 3905 1086 3982 justam,
1123 3925 1188 3973 a'c
1216 3919 1414 3974 bonam
1445 3935 1565 3978 esse
1597 3917 1883 3994 probaret,
1915 3929 1970 3982 et
2012 3932 2112 3986 nos

525 4001 595 4057 ab
641 4002 758 4074 ejus
803 4005 1062 4063 servitute
1105 4023 1168 4066 ac
1203 4012 1403 4067 tlmo're
1437 3996 1562 4069 fidei
1605 4017 1777 4087 gratia
1820 4015 2109 4090 liberaret,

525 4093 622 4150 sed
645 4095 808 4152 etiam
833 4095 950 4170 ipsa
977 4097 1073 4155 Dei
1102 4100 1360 4174 genilrix,
1391 4101 1532 4160 sicu't
1563 4107 1632 4162 ab
1659 4107 1991 4168 admixtione
2033 4108 2114 4167 vl-

527 4185 638 4254 rili,
662 4189 740 4244 sic
762 4197 817 4244 et
839 4206 868 4244 a
897 4185 1056 4264 legali
1082 4187 1151 4248 sit
1171 4183 1292 4262 iure
1317 4195 1595 4252 immunis.
1621 4191 1766 4255 Dicit
1793 4197 1939 4256 enim
1966 4198 2114 4275 Moy-

525 4293 611 4333 ses
642 4293 656 4332 :
697 4277 894 4334 Mulier
925 4281 971 4336 si
999 4282 1236 4354 suscepto
1279 4285 1476 4341 semine
1501 4291 1756 4360 pepererit
1793 4291 2109 4362 masculum,

524 4369 800 4426 immunda
825 4373 925 4426 erit
969 4383 1159 4444 septem
1196 4375 1400 4442 diebus,
1427 4379 1586 4448 juxta
1613 4381 1726 4438 dies
1765 4387 2112 4456 separationis

528 4471 829 4530 monstrum,
851 4473 900 4520 et
919 4465 1005 4520 die
1024 4463 1202 4522 octavo
1225 4467 1628 4528 clrbumcitletitr
1650 4468 1967 4546 infantulus.
1985 4471 2112 4550 Ipsa

2141 3229 2188 3294 C

2217 2985 2514 3046 sanctuarii
2539 2990 2834 3062 exterioris,
2861 3013 2978 3070 qua?
3007 2991 3312 3072 respiciebat
3343 2997 3412 3057 ad
3447 2985 3697 3058 orientem
3715 3045 3730 3070 ,
3761 3013 3810 3060 et

2217 3077 2332 3138 erat
2379 3083 2592 3152 clau‘sa,
2624 3085 2675 3141 et
2721 3086 2856 3143 dixit
2885 3087 3144 3146 Dominus
3184 3093 3254 3148 ad
3298 3095 3382 3150 tne'
3417 3089 3437 3148 ἐ
3481 3081 3650 3150 Porta
3696 3097 3808 3152 Ιιωε

2219 3177 2404 3234 clausa
2450 3181 2572 3246 erit,
2603 3197 2708 3236 non
2741 3183 3028 3254 aperietur,
3075 3194 3125 3240 et
3166 3186 3246 3241 vir
3288 3204 3395 3262 non
3439 3193 3673 3243 transeat
3717 3205 3810 3262 per

2217 3286 2352 3326 eam.
2385 3265 2648 3338 Quoniam
2671 3251 2930 3331 Dominus
2957 3269 3096 3332 Deus
3117 3271 3289 3334 Israel
3318 3251 3583 3351 ingressus
3609 3287 3684 3336 est
3714 3251 3808 3353 per

2214 3379 2364 3430 eam,
2409 3363 2608 3436 eritque
2655 3365 2872 3433 clauso;
2905 3368 3198 3440 principum
3245 3369 3485 3446 princeps
3525 3371 3580 3429 in
3609 3375 3670 3429 ea
3719 3391 3804 3429 se-

2215 3453 2387 3522 debit,
2425 3454 2480 3510 ut
2527 3457 2764 3513 comedat
2811 3456 2997 3530 p‘oneln
3043 3453 3221 3517 mittil:
3280 3449 3506 3520 Domino
3573 3451 3800 3539 (Ezech.

2213 3546 2384 3619 xuv).
2429 3546 2689 3615 Quamvis
2739 3551 2912 3621 possit
2972 3551 3138 3608 etiam
3196 3548 3424 3627 mistice
3488 3554 3797 3628 designari,

2213 3636 2422 3696 nullim
2462 3649 2664 3712 praeter
2699 3642 2988 3699 Dominum
3037 3643 3294 3703 Ecclesia?
3333 3641 3560 3720 virginis
3587 3653 3806 3704 uterum

2211 3726 2314 3802 per
2357 3747 2554 3803 aquam
2593 3741 2646 3790 et
2691 3733 2953 3806 Spiritum
3001 3739 3251 3794 sanctum
3294 3732 3361 3794 at]
3403 3737 3806 3811 regenerandos

2214 3823 2325 3879 Deo
2371 3821 2512 3880 filios
2553 3825 2717 3897 posse
2763 3838 3048 3895 reserare,
3095 3827 3326 3901 ideoque
3383 3829 3528 3887 hunc
3580 3826 3803 3887 mascu-

2213 3914 2357 3983 lm‘ii;
2390 3915 2804 3990 incomparabili
2843 3918 3108 3992 dignitate
3153 3919 3385 3980 Domino
3414 3922 3662 3981 sanctum
3709 3919 3804 3980 vo-

2216 4007 2329 4062 cari
2338 4047 2352 4061 .

2284 4117 2356 4174 Et
2388 4127 2446 4174 ut
2475 4119 2664 4177 darent
2706 4121 2956 4192 hostiam,
2995 4117 3284 4180 secundum
3332 4106 3474 4198 quod
3501 4125 3697 4182 dictum
3727 4137 3802 4184 est

2211 4211 2267 4267 in
2291 4211 2400 4284 lege
2423 4212 2658 4283 Domini,
2685 4233 2784 4287 par
2814 4223 3102 4285 turturum,
3135 4226 3228 4273 aut
3254 4217 3385 4274 duos
3411 4217 3582 4291 pullos
3605 4215 3804 4275 colum-

2214 4305 2421 4362 barum.
2461 4307 2566 4380 (Ex
2599 4309 2789 4381 Beda.)
2815 4307 3031 4365 Dictum
3073 4315 3158 4366 est
3201 4311 3256 4364 in
3297 4309 3436 4378 lege,
3482 4317 3542 4364 ut
3583 4327 3682 4381 pro
3715 4311 3800 4368 in-

2211 4398 2381 4464 fante,
2415 4400 2458 4455 si
2496 4402 2769 4456 masculus
2795 4402 2887 4466 sit,
2911 4409 2971 4456 ut
2995 4401 3240 4470 praedixi,
3285 4401 3722 4470 quadragesimo,
3755 4404 3802 4459 si

2213 4488 2410 4543 femina
2453 4492 2784 4562 octogesimo
2828 4487 2915 4546 die
2954 4489 3273 4557 nativitatis,
3317 4487 3487 4563 agnus
3521 4490 3802 4564 agniculus

525 4565 642 4604 vero
691 4553 906 4624 triginta
948 4557 1114 4656 tribus
1159 4555 1340 4616 diebus
1380 4563 1605 4618 manebit
1640 4565 1696 4620 in
1737 4569 1992 4640 sanguine
2013 4565 2186 4642 pu-D
2212 4553 2669 4638 immaculatusvin
2711 4566 3104 4648 holocaustum,
3152 4582 3208 4639 et
3236 4553 3438 4651 turtur,
3481 4553 3594 4642 sive
3623 4581 3800 4656 p'ulius

526 4644 835 4713 ri/icationis
879 4647 989 4703 sud:
1034 4636 1220 4722 (Leuit.
1270 4652 1402 4725 xit).
1450 4653 1586 4711 Nota
1633 4671 1784 4730 ergo,
1817 4636 1960 4730 quod
1997 4636 2104 4717 non

524 4735 700 4790 omnis
729 4737 922 4792 mulier
949 4737 1188 4810 pariens,
1221 4741 1314 4798 Sed
1339 4759 1402 4799 ea
1445 4748 1565 4816 quae
1612 4759 1864 4821 suScepto
1899 4751 2106 4808 semine

523 4829 826 4899 pepererit,
860 4829 1172 4902 designatur
1221 4821 1532 4906 immunda,
1576 4840 1791 4912 rituque
1826 4842 1959 4915 legis
2007 4841 2105 4898 do-

524 4929 678 4976 cetur
729 4938 852 4980 esse
912 4923 1249 4996 mundanda,
1297 4931 1366 4986 ad
1407 4933 1809 4990 distinctionem
1851 4931 2102 4994 videlicet

523 5011 691 5081 illius,
733 5013 851 5086 quae
877 5015 1030 5090 virgo
1059 5021 1332 5092 concepit,
1372 5017 1662 5096 et'pcperit
1691 5023 1878 5080 filium.
1914 5023 1980 5082 Et
2007 5033 2103 5084 vo-

523 5108 666 5164 cavit
710 5125 901 5166 nomen
935 5111 1052 5182 ejus
1101 5097 1332 5183 Suum,
1369 5113 1512 5188 quod
1555 5126 1636 5175 est
1683 5119 2100 5190 interpretatum

523 5201 804 5258 nobiscum
847 5201 1010 5260 Deus.
1059 5205 1174 5261 Non
1211 5224 1340 5279 ergo
1397 5207 1538 5264 filius
1573 5211 1663 5280 qui
1710 5227 1833 5266 cum
1882 5210 2102 5272 homine

522 5295 666 5354 Deus
689 5305 794 5366 est,
835 5292 943 5354 non
973 5308 1164 5382 mater,
1209 5317 1328 5372 quae
1374 5299 1578 5372 Spiritu
1624 5317 1810 5360 sancto
1839 5313 2100 5376 operante

521 5389 750 5462 peperit,
792 5392 1026 5450 victimis
1069 5393 1392 5462 hostiarum,
1419 5396 1614 5466 quibus
1642 5411 1983 5470 purgaretur,
2015 5400 2099 5459 in-

523 5477 756 5552 digebat,
783 5485 876 5540 sed
908 5477 967 5540 ut
997 5501 1094 5540 nos
1119 5500 1149 5538 a
1177 5483 1313 5555 legis
1339 5483 1552 5540 vinculo
1579 5485 1931 5560 solverentur,
1959 5493 2100 5550 sicut

522 5569 784 5629 Dominus
811 5573 1077 5640 Christus,
1102 5574 1177 5630 ita
1206 5579 1263 5629 et
1300 5573 1459 5630 beata
1503 5593 1719 5650 semper
1745 5581 1896 5654 Virgo
1931 5583 2098 5641 Maria

523 5661 627 5733 legi
653 5675 736 5721 est
764 5673 955 5734 sponte
982 5667 1242 5738 subjecta.

593 5753 740 5811 Sicut
766 5747 1012 5825 scriptum
1041 5767 1116 5811 est
1139 5755 1194 5814 in
1221 5759 1330 5831 lege
1359 5757 1612 5816 Domini:
1643 5763 1782 5830 Quia
1809 5781 1959 5822 omne
1982 5764 2098 5823 md-

523 5849 722 5902 scutum
751 5845 1056 5918 adaperiam
1089 5851 1314 5921 vulvam,
1353 5857 1592 5910 sanctum
1629 5854 1854 5914 Domino
1890 5859 2098 5916 uocabi-

2213 4674 2552 4730 columbinus
2601 4674 2891 4732 offerretur
2935 4693 3034 4747 pro
3083 4686 3348 4748 peccato:
3379 4677 3442 4734 Si
3478 4687 3653 4734 autem
3693 4697 3797 4735 non

2209 4768 2492 4834 invenerit,
2539 4767 2746 4838 inquit,
2788 4783 2979 4824 manus
3021 4769 3156 4840 ejus,
3205 4785 3300 4825 nec
3341 4771 3568 4841 potuerit
3611 4772 3800 4841 offerre

2211 4869 2605 4934 agnum,gumet
2633 4859 2766 4914 duos
2795 4860 3138 4926 turtures,vel
3160 4861 3293 4918 duos
3319 4861 3491 4934 pullos
3517 4860 3793 4934 columbce,

2211 4969 2372 5006 unum
2398 4929 2861 5018 in'holocaustum,
2891 4963 2940 5008 et
2971 4952 3194 5010 alterum
3220 4973 3314 5029 pro
3339 4953 3570 5028 peccato.
3613 4929 3798 5010 Domi-

2209 5059 2312 5098 nus
2339 5058 2468 5114 ergo
2497 5035 2654 5098 Jesus
2679 5041 2928 5099 Christus
2953 5039 3074 5100 cum
3105 5045 3258 5101 dives
3285 5043 3452 5112 esset,
3488 5060 3692 5117 pauper
3716 5043 3796 5098 fa-

2209 5143 2329 5192 ctus
2371 5150 2470 5206 pro
2518 5133 2704 5202 nobis,
2753 5150 3049 5207 pauperem
3106 5134 3206 5208 pro
3245 5153 3305 5194 se
3351 5135 3585 5193 hostiam
3627 5135 3796 5192 voluit

2209 5225 2348 5292 dari,
2378 5231 2438 5280 ut
2465 5223 2734 5293 videlicet,
2771 5242 2878 5282 una
2907 5243 3002 5281 sua
3030 5234 3346 5299 paupertate
3375 5231 3476 5284 n'os
3514 5209 3708 5284 divites
3738 5227 3791 5283 in

2208 5313 2314 5372 fide
2347 5324 2402 5372 et
2439 5315 2548 5371 illic
2593 5303 2795 5373 faceret
2820 5318 3064 5374 basi-edes
3093 5319 3268 5393 regni,
3311 5319 3454 5392 quod
3484 5321 3794 5392 repromisit

2207 5405 2350 5463 Deus
2391 5407 2737 5480 diligentibus
2777 5428 2853 5468 se.
2899 5411 3176 5470 Moraliter
3216 5421 3420 5482 autem,
3468 5413 3584 5470 sive
3632 5403 3790 5470 fortia

2207 5493 2327 5569 quis
2369 5509 2552 5564 opera,
2580 5508 2671 5551 seu
2704 5499 2972 5555 creaverit
3018 5499 3258 5565 infirma,
3300 5514 3420 5570 qua:
3461 5498 3686 5556 masculi
3728 5515 3792 5555 ac

2207 5587 2420 5643 femina:
2446 5588 2707 5646 vocabulo
2737 5589 3159 5665 distinguuntur,
3191 5601 3250 5648 ut
3276 5590 3391 5648 inec
3417 5592 3657 5665 legitime
3687 5595 3791 5650 Do-

2207 5675 2354 5734 mino
2395 5679 2611 5736 valeant
2656 5687 2985 5753 consecrari,
3029 5699 3184 5742 ovem
3231 5693 3454 5743 necesse
3501 5693 3584 5743 est
3628 5687 3788 5743 inno-

2207 5766 2416 5840 centiae,
2446 5783 2502 5830 et
2525 5781 2790 5833 turturem
2818 5777 3038 5850 pariter,
3067 5781 3180 5835 sive
3207 5779 3509 5838 columbam
3535 5796 3790 5854 compun-

2206 5861 2400 5920 ctionis
2433 5863 2654 5933 offerat,
2695 5868 2823 5938 quia
2872 5867 3019 5926 enim
3059 5863 3311 5928 iolncres
3350 5871 3435 5929 ιιὼ
3481 5885 3582 5945 pro
3617 5869 3784 5931 cantu
