4110 6448
301 437 361 500 si
491 491 498 498 .
547 516 565 526 τ
1155 396 1678 495 conserimus
1716 403 1785 490 iit
1823 413 2202 492 Erasmus
2241 415 2330 494 Er
2367 438 2776 498 EVANGELIA.
3497 441 3567 497 oe

292 551 527 630 gemitus
563 543 782 620 hebeni,
829 537 939 640 non
983 551 1255 609 immerito
1293 547 1560 626 lacryr'na‘s
1589 547 1872 607 humilium
1900 543 1954 612 Α
1975 569 2090 607 eum
2117 553 2172 607 in
2200 551 2352 608 ulnas
2375 571 2519 640 suas.
2547 553 2774 626 Tropice
2795 557 2990 630 accipit
3013 556 3233 614 Simeon
3263 557 3566 626 Christum,

293 648 595 722 designant.
627 643 695 704 Et
725 641 862 704 bene
892 638 1048 712 duos,
1078 645 1244 702 unum
1285 659 1384 718 pro
1419 640 1662 718 peccato,
1711 651 1765 699 et
1805 641 1882 698 al-

297 750 476 798 terum
505 739 559 793 in
591 731 988 794 holocadsthm.
1021 734 1407 794 Holocanstum
1435 734 1669 808 namque
1711 741 1880 790 totum

297 831 578 887 incensum
626 827 843 884 dicitur.
889 827 1024 894 Quia
1072 828 1326 882 nimirum
1371 825 1476 881 duo
1519 819 1646 879 sunt
1686 839 1880 902 genera

298 910 751 992 etintpuncllonis,
783 920 948 974 Deum
990 935 1220 990 namque
1261 917 1450 974 sitiens
1493 917 1692 982 anima,
1735 917 1884 989 prius

295 1013 493 1068 timore
536 1011 939 1082 compungitur,
979 1010 1104 1080 post
1151 1025 1355 1063 amore.
1403 1005 1504 1076 Qui
1561 1024 1690 1080 ergo
1735 1007 1884 1080 prius

293 1097 492 1170 ﬂendo,
523 1115 592 1158 ne
637 1103 928 1158 duceretur
969 1097 1037 1157 ad
1087 1101 1429 1173 supplicium,
1478 1109 1742 1156 turturem
1786 1116 1884 1171 pro

293 1192 524 1269 peccato
568 1194 849 1263 timerebat;
879 1192 944 1250 de
971 1195 1142 1251 altero
1173 1193 1304 1249 facit
1329 1194 1727 1257 holocaustum,
1760 1209 1883 1249 cum

293 1287 640 1360 postmodum
681 1285 812 1341 fiere
839 1281 1182 1341 amarissime
1224 1283 1434 1356 incipit,
1466 1285 1592 1354 quia
1640 1271 1886 1339 diii‘ertur

297 1395 328 1434 a
355 1393 542 1451 regno.
572 1378 684 1434 Hoc
712 1381 844 1433 Sane
870 1377 1014 1432 inter
1041 1385 1282 1432 turtures
1310 1385 1365 1432 et
1391 1375 1667 1432 columbas
1695 1373 1879 1443 distat,

296 1471 443 1541 quod
471 1469 721 1525 columba
764 1478 885 1539 qna:
929 1468 1189 1540 gregatim
1235 1465 1579 1534 conversari,
1620 1468 1804 1522 volare
1831 1470 1886 1522 et

295 1575 513 1633 gemere
555 1561 930 1625 consueverit,
975 1559 1165 1616 activze
1207 1561 1334 1616 vitae
1382 1558 1741 1631 frequentiam
1789 1561 1882 1616 'de-

296 1659 582 1721 monstret,
631 1655 699 1710 de
742 1669 846 1726 qua
880 1651 1076 1710 dicitur
1109 1673 1122 1708 :
1157 1653 1517 1709 Multitudinis
1550 1665 1726 1709 autem
1776 1671 1888 1708 cre-

297 1750 532 1805 dentium
559 1758 672 1804 erat
699 1765 791 1805 cor
817 1763 978 1804 unum
1014 1757 1062 1804 et
1092 1750 1269 1803 anima
1299 1765 1406 1804 una
1442 1745 1580 1821 (Act.
1612 1748 1684 1820 tv)
1718 1766 1732 1816 ;
1774 1753 1885 1802 tur-

1982 650 2270 698 veteranus
2321 641 2602 711 infantem,
2634 653 2695 700 ut
2731 647 2924 704 doceat
2969 664 3066 704 nos
3093 645 3294 705 exuere
3328 657 3572 706 veterem

1983 733 2280 801 hominem,
2308 733 2400 806 qui
2426 737 2793 808 corrumpitur
2817 753 2940 794 cum
2969 741 3179 797 actibus
3213 740 3350 811 ejus,
3387 750 3444 796 et
3481 755 3572 797 re-

1981 835 2209 884 novatos
2238 829 2431 900 spiritu
2462 831 2661 886 mentis
2695 839 2914 899 nostras,
2958 833 3184 889 induere
3213 850 3336 890 eum
3364 834 3456 904 qui
3486 849 3571 890 se-

1984 919 2220 975 cundum
2249 905 2539 977 Dominum
2583 933 2796 978 creatus
2824 931 2908 978 est
2961 923 3015 978 in
3041 922 3250 994 justitia
3291 933 3343 980 et
3371 923 3574 979 sancti-

1983 1003 2096 1092 tate
2135 1001 2190 1067 et
2218 1013 2462 1070 veritate.
2497 1011 2709 1085 Accipit
2741 1015 2924 1070 senior
2971 1013 3235 1070 infantem
3267 1015 3566 1080 Christum,

1982 1112 2044 1160 ut
2071 1103 2337 1172 insinuet,
2367 1107 2470 1162 hoc
2496 1107 2786 1174 saaculum,
2833 1107 2988 1178 quasi
3031 1107 3184 1162 senio
3209 1105 3320 1174 jam
3363 1116 3418 1163 et
3455 1109 3572 1162 lon-

1983 1209 2131 1266 gceva
2180 1203 2340 1253 aetate
2397 1198 2690 1264 defessum,
2737 1198 2808 1254 ad
2859 1198 3246 1264 innocentiam,
3279 1207 3356 1264 et,
3387 1207 3448 1254 ut
3497 1199 3574 1254 ita

1985 1285 2238 1355 dixerim,
2264 1289 2546 1347 infantiam
2566 1291 2887 1348 Christianae
2909 1291 3340 1348 conversationis
3371 1289 3574 1346 reditu-

1985 1393 2139 1444 rum,
2179 1387 2236 1434 et
2283 1379 2422 1436 sicut
2463 1383 2655 1453 aquila:
2686 1381 3029 1452 juventutem
3074 1383 3219 1440 illius
3253 1398 3374 1439 esse
3410 1397 3573 1437 reno-

1984 1469 2240 1526 vandam.

2057 1537 2127 1614 Et
2156 1561 2418 1617 benedixit
2441 1561 2748 1634 Dominum,
2774 1575 2823 1621 et
2849 1567 2982 1620 dixit
3005 1581 3023 1618 .'
3053 1564 3107 1620 Ν
3113 1582 3210 1620 unc
3236 1563 3456 1618 dimittis
3478 1579 3586 1618 ser-

1985 1647 2102 1706 vum
2132 1661 2298 1719 tuum,
2332 1651 2573 1720 Domine,
2617 1658 2903 1712 secundum
2933 1657 3140 1711 verbum
3170 1666 3319 1711 tuum
3348 1656 3404 1710 in
3428 1670 3579 1727 pace.

1984 1739 2268 1813 Impletum
2297 1753 2380 1800 est
2409 1741 2736 1804 desiderium
2785 1729 2952 1815 senis,
2984 1748 3172 1804 mundi
3207 1748 3376 1818 ipsius
3419 1760 3579 1802 sene-

297 1848 391 1894 tur
415 1855 564 1905 vero,
593 1839 683 1912 qui
715 1835 1090 1912 singularitaie
1121 1839 1317 1911 gaudet
1341 1841 1494 1906 adeo,
1531 1839 1594 1894 tit
1623 1841 1668 1895 si
1701 1839 1888 1911 conju-
1988 1839 2135 1890 ctute
2162 1845 2442 1909 vergente,
2477 1839 2592 1912 ipse
2635 1841 2702 1896 ad
2734 1859 2922 1898 senem
2955 1843 3233 1897 hominem
3280 1840 3460 1907 venit,
3490 1835 3582 1909 qui

298 1945 421 2004 gem
451 1947 583 1988 casu
630 1925 947 2002 perdiderit,
982 1925 1128 1988 soliis
1157 1926 1352 1987 exinde
1394 1923 1731 2002 permaneat,
1763 1948 1883 2002 spe-
1909 1917 1958 1978 B
1986 1928 2246 1984 mundum
2275 1941 2515 1986 veterem
2547 1933 2771 1988 invenit.
2816 1922 3014 1988 Audiat
3041 1931 3272 1988 mundus
3309 1950 3320 1986 :
3350 1921 3580 1987 Caritate

300 2023 549 2079 culativa:
573 2024 700 2080 vita:
725 2023 959 2079 culmina
986 2022 1302 2090 denuntiat,
1345 2021 1469 2094 quid
1512 2033 1566 2079 et
1593 2039 1889 2096 paucorum
1989 2011 2221 2074 Domino
2265 2021 2534 2077 canticum
2579 2039 2812 2091 novum,
2855 2033 3072 2080 cantate
3129 2018 3360 2078 Domino
3395 2021 3582 2077 omnis

299 2119 384 2166 est
409 2112 515 2168 ista
540 2113 735 2177 virtus,
761 2113 814 2168 et
837 2111 921 2167 his
941 2107 1285 2182 singularitei'
1307 2107 1585 2168 attributa.
1611 2109 1739 2168 [tem
1763 2129 1888 2168 cum

302 2203 516 2260 intrans
549 2205 879 2272 cubiculum,
903 2205 1087 2260 clauso
1115 2205 1274 2271 ostio,
1307 2221 1405 2261 oro
1433 2201 1651 2260 Patrem
1679 2205 1732 2260 in
1769 2205 1890 2258 abs-

296 2297 539 2361 condito,
587 2292 855 2352 turturem
899 2295 1086 2352 offero.
1145 2290 1213 2351 At
1259 2293 1380 2352 cuni
1425 2291 1664 2365 ejusdem
1709 2296 1890 2366 operis

297 2401 586 2460 compares
619 2403 825 2458 quaero,
870 2376 1114 2444 canendo
1159 2385 1283 2443 tum
1327 2378 1596 2457 Propheta
1633 2405 1645 2440 ι
1690 2384 1884 2450 Venite,

295 2481 670 2535 adoremus-et
713 2479 1050 2552 procidamus
1101 2490 1222 2534 ante
1268 2479 1458 2544 Deum,
1505 2480 1768 2552 ploremus
1809 2497 1893 2534 co-

295 2587 418 2626 ram
455 2569 702 2636 Domino,
736 2569 828 2643 qui
864 2571 987 2642 fecit
1031 2587 1144 2638 nos,
1171 2569 1448 2626 columbas
1493 2553 1560 2624 a’d
1600 2571 1771 2625 altare
1799 2569 1890 2625 de-

299 2671 484 2735 porto.

375 2753 446 2810 Et
486 2771 602 2810 ecce
637 2761 790 2810 homo
808 2757 881 2810 'in
923 2737 1276 2822 Hierusalem,
1307 2753 1392 2810 cui
1422 2773 1609 2810 nomen
1651 2739 1883 2810 Simeon.

301 2843 424 2901 Non
453 2845 629 2902 solum
654 2847 724 2903 ab
749 2847 953 2919 angelis
991 2855 1048 2903 et
1075 2845 1374 2919 prophetis,
1421 2847 1516 2902 sed
1547 2835 1708 2902 etiam
1740 2863 1770 2900 a
1802 2862 1887 2901 se-

303 2941 571 3009 nioribus,
599 2931 653 2998 et
677 2939 897 3012 reliquis
923 2941 1107 3012 iustis,
1139 2943 1420 3015 generatio
1441 2922 1654 2997 Domini
1679 2939 1889 3012 acbepit

305 3031 694 3087 testimonium.
720 3031 908 3088 Omnis
937 3041 1069 3089 aetas
1099 3041 1154 3089 et
1188 3042 1418 3105 uterque
1458 3033 1621 3088 sexu's
1667 3041 1888 3088 evento-

299 3123 425 3178 rttm
451 3119 710 3178 miracula
739 3121 900 3180 ﬁdem
940 3125 1209 3191 astruuht,
1239 3125 1392 3194 virgo'
1405 3127 1660 3203 generat,
1691 3121 1888 3177 sterilis

301 3213 482 3285 parit,
512 3217 692 3270 muttis
733 3213 991 3286 loquitur,
1035 3213 1314 3274 Elizabeth
1353 3212 1660 3288 prophetat,
1699 3225 1886 3286 magus

303 3306 520 3373 adorat,
543 3315 699 3364 utero
718 3308 904 3365 clauso
923 3310 1176 3376 exsultat,
1196 3311 1353 3366 vidua
1376 3308 1686 3374 confitetur,
1708 3305 1887 3377 justus

304 3405 602 3472 exepectat.

376 3492 444 3547 Et
473 3493 628 3548 homo
658 3493 754 3549 iste
771 3495 952 3566 justus
986 3501 1034 3550 et
1075 3495 1350 3548 timoratus
1379 3503 1681 3564 exspectans
1709 3495 1894 3545 'conso-

305 3585 557 3640 iutione'm
604 3583 807 3654 Israel,
836 3583 884 3641 et
919 3587 1150 3659 Spiritus
1193 3593 1404 3641 sanctus
1433 3595 1544 3639 erat
1577 3583 1629 3640 in
1661 3602 1738 3639 eo.
1789 3583 1888 3656 (Ex

302 3674 497 3750 Beda.)
522 3677 669 3735 Bene
691 3677 871 3748 justus
895 3687 950 3736 et
979 3677 1262 3736 timoratus
1285 3675 1500 3744 dicitur,
1526 3678 1651 3749 quia
1679 3661 1892 3732 iiiilieile

299 3769 512 3841 iustitia
540 3773 656 3828 sine
684 3773 876 3829 timore
897 3773 1214 3828 custoditur.
1237 3761 1382 3827 Bene
1403 3771 1606 3842 justus,
1632 3769 1758 3842 quia
1785 3785 1892 3825 non

307 3875 484 3928 suam,
515 3863 609 3918 sed
644 3862 825 3932 populi
869 3861 1096 3935 gratiam
1125 3863 1470 3935 requirebat,
1517 3863 1742 3934 capiens
1777 3861 1892 3934 ipse

306 3969 536 4024 oorpore
596 3955 826 4011 vinculis
875 3950 1183 4027 fragilitatis
1245 3953 1490 4022 absolvi,
1539 3950 1632 4010 sed
1695 3959 1890 4025 exspe-

306 4054 464 4102 ctans
506 4045 691 4103 videre
732 4048 1079 4118 promissum.
1112 4045 1330 4105 Sciebat
1363 4051 1507 4105 enim
1528 4091 1542 4115 ,
1570 4049 1697 4120 quia
1747 4047 1890 4103 beati

306 4141 482 4207 oculi,
523 4141 614 4212 qui
652 4141 927 4208 viderent,
966 4143 1061 4200 sed
1107 4143 1277 4200 donec
1330 4143 1540 4199 veniret
1589 4141 1676 4198 ille
1737 4139 1889 4197 nole-

309 4233 403 4288 bat
441 4233 543 4288 ire.

388 4321 453 4378 Et
483 4337 787 4394 responsum
816 4315 1085 4394 acceperat
1111 4339 1142 4376 a
1181 4321 1384 4393 Spiritu
1414 4331 1592 4377 sancto
1623 4339 1725 4375 non
1755 4321 1894 4376 visu-

309 4431 430 4470 rum
459 4431 512 4469 se
542 4423 760 4469 mortem
793 4414 893 4468 nisi
932 4413 1078 4485 prius
1118 4412 1312 4468 videret
1361 4411 1627 4468 Christum
1659 4409 1886 4466 Domini.

309 4505 448 4561 Vide
477 4501 776 4561 locutiones
803 4504 1227 4576 Scripturarum.
1257 4503 1482 4560 Mortem
1512 4504 1695 4558 videre
1723 4502 1890 4571 dixit;

313 4597 588 4671 Quomodo”
615 4597 822 4666 vident,
853 4598 1117 4669 quibusve
1158 4597 1348 4664 oculis,
1378 4613 1496 4668 qu:e
1524 4593 1786 4651 veniendo
1817 4585 1893 4665 ip-

313 4707 405 4750 sos
449 4693 632 4748 oculos
656 4689 891 4748 claudit?
921 4693 1015 4746 sed
1047 4691 1228 4746 videre
1258 4677 1510 4755 mortem,
1554 4687 1789 4758 experiri
1820 4688 1893 4742 si-

315 4786 555 4859 gnificat.
579 4783 714 4839 Nam
737 4793 791 4840 et
813 4797 913 4840 nos
935 4783 1401 4838 conversationem
1431 4779 1679 4837 habendo
1706 4780 1756 4835 in
1788 4795 1898 4836 ca:—

314 4878 436 4934 lesti
487 4873 851 4941 Hierusalem,
897 4873 1079 4944 templi
1137 4871 1348 4928 Domini
1400 4869 1584 4927 limina
1640 4869 1898 4940 frequen-

320 4971 506 5040 tamlo,
538 4969 641 5024 hoc
685 4976 782 5032 est,
813 4967 900 5038 pia
927 4975 1256 5030 sanctorum,
1301 4961 1355 5018 in
1383 4963 1578 5033 quibus
1595 4961 1896 5046 inhabitat,

322 5037 565 5135 exempla
597 5037 894 5125 sectando,
943 5055 1271 5114 merebimur
1316 5055 1538 5111 verbum
1587 5037 1800 5110 Domini
1844 5055 1898 5109 in

318 5157 569 5214 manilius
591 5153 856 5226 accipere,
883 5153 937 5208 et
967 5149 1090 5209 ildei
1118 5149 1507 5221 charltatisque
1528 5147 1765 5204 brachiis
1783 5163 1899 5202 am-

317 5247 502 5318 plecti.
931 5307 936 5311 η

390 5338 462 5394 Et
491 5339 624 5394 teni!
653 5335 709 5394 in
737 5338 922 5410 Spiritu
955 5337 1011 5391 in
1054 5334 1320 5408 templum.
1365 5331 1519 5402 Quod
1566 5337 1745 5387 autem
1778 5331 1893 5386 ait:

330 5427 480 5484 Vertit
508 5431 566 5484 in
600 5429 812 5500 spiritu,
840 5427 1107 5498 significat
1134 5425 1277 5492 eum,
1313 5427 1496 5482 eadem
1530 5427 1701 5498 gratia
1730 5421 1901 5496 Spiri-

325 5529 410 5576 tus
461 5531 566 5592 qua
593 5520 722 5574 olim
749 5527 1030 5574 venturum
1059 5525 1518 5589 prmebgnoverat,
1547 5521 1601 5574 et
1617 5517 1728 5588 jam
1757 5535 1899 5574 nunc

325 5611 661 5677 venientem,
685 5611 906 5682 jamque
934 5625 965 5664 a
1006 5620 1064 5663 se
1107 5607 1395 5663 videndum
1430 5609 1746 5681 cognovisse
1778 5607 1896 5665 Sal-

323 5717 388 5758 va
395 5706 566 5758 torem
575 5743 588 5756 .

398 5799 466 5855 Et
494 5800 613 5855 cum
643 5800 942 5857 traducerent
968 5805 1185 5872 puerum
1208 5781 1390 5854 Iesum
1417 5806 1655 5868 parentes
1683 5796 1820 5868 ejus,
1841 5805 1900 5851 ut

329 5901 558 5970 tacerent
584 5887 866 5952 secundum
892 5893 1317 5950 consuetudinem
1339 5887 1486 5965 legis,
1503 5899 1552 5947 et
1581 5891 1688 5964 ipse
1705 5893 1900 5964 accepit

1917 3260 1964 3342 d

1919 4630 1972 4716 ὕ

1989 2115 2154 2162 terra.
2185 2107 2524 2167 Destituatur
2550 2122 2726 2180 vetns,
2757 2104 2970 2169 novitas
2999 2121 3205 2186 surgat.

2061 2189 2200 2265 Quia
2235 2203 2473 2258 viderunt
2508 2205 2648 2260 oculi
2693 2207 2794 2261 mei
2839 2207 3074 2261 salutare
3103 2216 3273 2272 tuum,
3318 2205 3583 2278 quod-pa-

1990 2286 2122 2344 rasti
2152 2301 2274 2346 ante
2304 2293 2493 2364 faciem
2521 2297 2752 2352 omnium
2782 2298 3118 2370 papulorum.
3143 2279 3291 2354 ἵξεαιί
3321 2297 3464 2354 oculi
3489 2295 3582 2367 qui

1987 2375 2175 2436 vident
2206 2399 2326 2453 qua:
2354 2381 2574 2442 Simeon
2605 2371 2770 2454 vidit;
2801 2389 2947 2444 beati
2971 2385 3062 2460 qui
3110 2405 3217 2444 non
3245 2389 3501 2444 viderunt
3528 2379 3584 2442 et

1991 2461 2354 2529 crediderunt.
2384 2475 2517 2530 Illud
2547 2477 2744 2547 ipsum,
2776 2477 2970 2548 inquit,
2997 2479 3141 2550 quod
3171 2475 3424 2535 omnibus
3453 2467 3580 2550 pro—

1987 2551 2274 2646 pemodum
2307 2563 2558 2634 gentibus
2585 2567 2794 2640 populis
2833 2547 2888 2624 et
2916 2547 3114 2641 linguis
3144 2576 3322 2622 mente
3363 2583 3427 2622 ac
3451 2547 3576 2622 {fide

1987 2653 2430 2725 conspiciendum
2469 2659 2695 2728 parasti,
2739 2675 2835 2730 spe
2888 2675 2952 2714 ac
2998 2657 3284 2714 dilectione
3327 2649 3578 2728 quaeren-

1987 2742 2115 2831 dum
2141 2735 2454 2814 praevidisti,
2484 2747 2598 2818 ipse
2621 2748 2712 2804 diu
2741 2748 3126 2816 desideratum,
3155 2747 3298 2804 nunc
3317 2755 3374 2804 et
3396 2745 3581 2805 carnis

1985 2841 2042 2890 et
2067 2835 2247 2893 cordis
2271 2837 2441 2895 oculis
2467 2847 2616 2895 tuum
2642 2837 2884 2898 salutare
2911 2839 3271 2912 contemplor.

2055 2913 2254 2986 Lumen
2273 2931 2342 2988 ad
2364 2933 2727 2991 reuelationem
2742 2938 2971 3007 gentium
2988 2923 3034 2990 el
3057 2930 3461 3010 gloriam'plebis
3476 2940 3580 2987 tute

1986 3009 2176 3120 Israel;
2207 3016 2414 3082 Lumen
2455 3027 2674 3098 quidem
2724 3027 2941 3098 utrique
2991 3027 3192 3120 pqpulo
3233 3009 3472 3082 salutare
3501 3018 3582 3080 di-

1986 3116 2084 3183 cit,
2111 3107 2167 3172 id
2196 3129 2300 3187 est,
2324 3119 2574 3178 Christus
2599 3139 2628 3177 a
2660 3123 2771 3180 Deo
2798 3121 2959 3178 Patre
2985 3107 3239 3194 pa'ratnr,
3267 3119 3359 3190 qui
3392 3127 3579 3172 tamen

1989 3203 2215 3280 gloriam
2257 3215 2428 3286 magis
2471 3213 2666 3284 lsrael,
2713 3216 2800 3272 cui
2848 3215 2940 3271 diu
2983 3223 3253 3288 speratur,
3285 3219 3340 3268 et
3373 3227 3441 3267 ex
3473 3223 3580 3280 quo

1991 3300 2411 3376 prcenuntiatur,
2461 3309 2697 3365 advenit.
2741 3307 2994 3364 Gentium
3036 3323 3168 3364 vero
3211 3305 3415 3362 dicitur
3455 3317 3579 3359 esse

1993 3395 2272 3464 revelatio,
2303 3414 2532 3468 quarum
2565 3399 2764 3455 mentis
2811 3399 2994 3456 oculos
3035 3397 3300 3476 profunda
3322 3396 3439 3470 jam
3467 3410 3572 3449 cae-

1993 3485 2158 3542 citate
2203 3487 2486 3555 dimersos,
2527 3505 2704 3560 neque
2745 3489 2852 3544 ulla
2883 3505 2978 3561 Spe
3007 3473 3272 3545 adventus
3312 3479 3578 3541 Domiuiei

1993 3570 2225 3644 erectos,
2256 3577 2370 3651 ipse
2417 3582 2638 3639 visitare
2681 3579 2910 3656 pariter,
2957 3576 3198 3638 revelare
3253 3591 3415 3650 atque
3463 3577 3581 3634 illu-

1993 3669 2168 3744 strare
2195 3669 2449 3744 dignatus
2469 3681 2574 3728 est.
2596 3674 2664 3730 Et
2690 3673 2829 3730 bene
2860 3671 3119 3730 revelatio
3143 3669 3385 3744 gentium
3413 3669 3580 3725 lsrae—

1991 3753 2060 3816 lis
2103 3741 2286 3842 gloriae
2317 3763 2623 3834 prmfertur,
2665 3765 2791 3840 quia
2841 3781 2965 3820 cum
3014 3741 3292 3835 plenitudo
3336 3761 3576 3836 gentium

1993 3851 2282 3922 introierit,
2310 3871 2453 3912 nunc
2476 3854 2652 3912 omnis
2676 3843 2842 3913 lsrael
2867 3855 3048 3913 salvus
3072 3851 3183 3911 fiet.

2627 3985 2944 4028 CONCORDIA.

2062 4037 2120 4118 in
2165 4063 2270 4118 hoc
2295 4062 2525 4118 istarum
2553 4063 2886 4134 duarunrﬁt
2931 4059 3218 4116 concordia
3260 4058 3576 4123 lectionum,

1994 4149 2120 4222 quia
2142 4151 2315 4207 amba:
2333 4153 2400 4208 de
2423 4153 2765 4224 apparitione
2789 4151 3023 4218 Domini,
3046 4166 3168 4221 qua:
3188 4149 3422 4220 primum
3439 4146 3581 4203 facta

1993 4252 2079 4298 est
2113 4244 2352 4314 loquitur
2375 4245 2430 4299 in
2460 4247 2681 4317 templo.

2171 4374 2500 4432 DOMINICA
2555 4373 2730 4437 POST
2786 4373 3113 4431 NATALEM
3140 4371 3401 4431 DOMINI;

2253 4495 2508 4549 EPISTOLA
2533 4507 2690 4548 rsum
2719 4486 2788 4547 ib
2818 4506 3078 4556 GALATAS,
3110 4507 3228 4546 cur.
3253 4505 3328 4546 ιν.

2073 4624 2091 4658 ‹
2129 4587 2342 4674 Quanto
2370 4615 2614 4677 tempore
2638 4607 2814 4662 haeres
2833 4605 3093 4676 parvulus
3115 4611 3218 4669 est,
3245 4603 3380 4658 nihil
3407 4600 3586 4658 differt

2005 4715 2024 4748 ‹
2065 4713 2095 4752 a
2131 4713 2289 4753 servo
2317 4713 2437 4762 suo,
2468 4713 2590 4753 cum
2620 4697 2689 4751 sit
2729 4695 2982 4751 dominus
3024 4693 3290 4759 omnium,
3337 4693 3433 4759 sed
3480 4693 3580 4748 sub

2007 4807 2026 4841 ‹
2064 4791 2332 4845 tutoribus
2380 4797 2435 4846 et
2483 4789 2760 4844 actoribus
2801 4797 2918 4854 est,
2947 4802 3120 4858 usque
3147 4787 3216 4841 ad
3260 4785 3587 4856 praztinitum

2007 4899 2027 4933 ι
2065 4890 2276 4952 tempus
2305 4896 2335 4935 a
2365 4889 2540 4951 patre.
2581 4879 2662 4934 lta
2687 4887 2743 4934 et
2770 4894 2868 4934 nos
2897 4893 3021 4934 cum
3065 4892 3309 4932 essemus
3353 4873 3585 4946 parvuli,

2007 4994 2026 5027 ι
2067 4976 2168 5030 sub
2197 4974 2483 5030 elementis
2525 4955 2713 5028 mundi
2757 4987 2976 5028 eramus
3030 4968 3348 5027 servientes.
3385 4969 3456 5024 At
3493 4968 3584 5022 ubi

2010 5089 2028 5120 ι
2065 5067 2216 5123 venit
2241 5066 2517 5137 plenitudo
2548 5055 2826 5136 temporis,
2855 5063 3004 5118 misit
3036 5061 3176 5118 Deus
3205 5055 3400 5116 Filium
3431 5071 3586 5114 suum

2007 5177 2026 5212 ‹
2066 5166 2253 5212 natum
2277 5172 2344 5212 ex
2370 5155 2616 5221 muliere,
2643 5153 2845 5210 factum
2875 5153 2975 5208 sub
3000 5152 3138 5222 lege,
3166 5158 3226 5206 ut
3253 5165 3346 5204 eos
3371 5141 3464 5216 qui
3487 5144 3588 5199 sub

2007 5267 2026 5300 ε
2065 5249 2185 5318 lege
2233 5254 2424 5313 erant,
2471 5244 2794 5310 redimeret,
2843 5251 2904 5299 ut
2951 5241 3295 5314 adoptionem
3355 5233 3588 5290 ﬁliorum

2008 5359 2027 5393 ς
2067 5341 2161 5396 Dei
2204 5341 2588 5410 reciperemus.
2617 5335 2883 5405 Quoniam
2925 5344 3108 5390 autem
3152 5330 3284 5387 estis
3323 5327 3419 5383 filii
3457 5325 3586 5395 Dei,

2010 5451 2029 5487 ι
2067 5433 2213 5488 misit
2249 5431 2391 5486 Deus
2426 5429 2688 5502 Spiritum
2721 5427 2843 5483 Filii
2882 5427 2964 5482 sui
2990 5427 3042 5480 in
3075 5421 3238 5480 corda
3267 5428 3448 5476 vestra
3475 5419 3584 5475 cla~

2013 5543 2033 5578 ι
2068 5532 2304 5580 mantem
2331 5541 2345 5580 :
2372 5524 2546 5590 Abba,
2571 5531 2746 5595 pater.
2783 5523 2968 5592 Itaque
2990 5517 3102 5587 jam
3134 5529 3242 5570 non
3269 5521 3354 5569 est
3377 5529 3586 5576 servus,

2014 5635 2034 5670 t
2071 5617 2164 5672 sed
2197 5615 2360 5679 filius,
2391 5613 2536 5685 quod
2562 5616 2608 5671 si
2634 5613 2777 5670 filius
2806 5621 2861 5669 ct
2887 5613 3060 5667 hazres
3088 5623 3186 5678 per
3212 5605 3401 5663 Deum.
3427 5628 3445 5659 ι

2081 5710 2291 5778 Quanto
2330 5719 2556 5782 tempore
2585 5708 2750 5762 lateres
2779 5701 3030 5776 parvulus
3060 5710 3157 5769 est,
3187 5699 3318 5756 nihil
3348 5697 3522 5770 differt
3558 5713 3590 5751 a

2009 5818 2176 5868 servo,
2217 5817 2334 5854 cum
2364 5800 2431 5854 sit
2459 5795 2701 5853 dominus
2732 5793 2984 5870 omnium,
3012 5793 3102 5849 sed
3131 5793 3226 5848 sub
3255 5791 3516 5848 tutoribus
3543 5795 3590 5842 et

2010 5891 2273 5951 actoribus
2303 5899 2410 5958 est,
2440 5906 2604 5962 usque
2631 5887 2700 5944 ad
2736 5878 3056 5958 prta/initum
3101 5895 3300 5956 tempus
3341 5900 3374 5937 a
3416 5889 3587 5954 putre.
