4110 6518
471 411 542 469 63
1752 393 2112 458 SMARAGDI
2147 392 2441 454 ABBATIS
3358 400 3363 405 '
3671 408 3742 464 δι

472 526 781 585 Secundum
836 529 1111 595 acceptam
1154 517 1617 591 comparationem
1666 510 2050 586 disputationis
2077 511 2132 574 Α
2153 518 2336 578 natus,
2377 510 2474 567 sed
2516 509 2712 568 factus.
2746 512 3017 582 Secunda,
3065 513 3135 572 de
3159 514 3337 574 latere
3375 511 3502 576 viri.
3534 518 3745 593 Tertia,

468 618 721 693 producit
753 616 1044 688 eloquium.
1072 610 1174 667 Hic
1201 625 1421 667 servum
1449 617 1609 664 vocat
1648 604 1932 661 Judaicum
1959 616 2057 673 po-

469 715 678 786 pulum,
706 711 798 783 qui
828 709 961 781 legis
986 706 1182 762 littera:
1204 705 1305 760 sub
1334 702 1539 758 carnali
1569 698 1919 756 observantia
1949 710 2059 750 ser-

470 806 669 872 viebat,
706 805 763 859 in
802 801 908 857 ﬁde
934 799 1214 872 parvulus,
1239 805 1297 853 et
1331 813 1362 851 a
1393 810 1556 852 sensu
1597 793 1859 849 doctrinae
1899 788 2060 859 spiri-

473 898 635 953 tualis
661 895 895 959 alienus,
927 906 1053 948 cum
1082 890 1342 946 Dominus
1371 888 1567 943 divinae
1610 882 1902 956 agnitionis
1943 881 2060 935 the-

472 1003 660 1045 sauros
684 992 847 1056 atque
891 982 1110 1038 divitias
1141 981 1415 1053 gentibus,
1456 976 1711 1034 servituti
1755 976 2059 1029 daemonum

471 1074 891 1147 subjacentibus,
935 1071 1273 1130 contulisset.
1319 1068 1560 1126 Gentiles
1609 1066 1785 1129 enim,
1823 1063 1916 1134 qui
1966 1077 2063 1117 na-

471 1175 594 1223 tura
625 1164 985 1222 substantiam
1023 1162 1358 1219 inﬁdelitatis
1388 1165 1868 1229 consumpserant,
1905 1153 2063 1227 egeni

469 1268 526 1315 et
575 1274 839 1332 pauperes
881 1263 1057 1314 erant.
1102 1255 1204 1311 Hic
1247 1262 1430 1310 autem
1473 1252 1747 1323 principes
1776 1258 1833 1305 et
1875 1263 2060 1304 sacer-

471 1350 642 1417 dotes,
682 1358 888 1406 tutores
907 1356 963 1405 et
1005 1354 1216 1403 actores
1236 1344 1502 1418 appellat,
1536 1344 1630 1414 qui
1671 1359 1834 1414 super
1852 1341 2065 1413 plebem

472 1456 732 1498 exercere
756 1440 1080 1496 videbantur
1117 1438 1471 1493 dominatum.
1497 1433 1651 1502 Quod
1676 1441 1859 1488 autem
1887 1431 2018 1487 dicit
2046 1450 2061 1486 :

546 1531 720 1606 Usque
742 1531 813 1588 ad
838 1531 1159 1604 praeﬁnitum
1185 1538 1387 1601 tempus
1418 1546 1452 1583 a
1479 1535 1648 1599 patre.
1685 1525 1822 1582 Illud
1854 1534 2067 1596 tempus

473 1623 734 1696 intellige,
761 1638 870 1694 quo
908 1630 1066 1693 pater
1091 1622 1208 1676 vita
1251 1619 1541 1684 excedens,
1580 1617 1749 1672 ﬁlium
1796 1615 2069 1672 tutoribus

474 1726 530 1775 et
558 1719 836 1776 actoribus
878 1716 1104 1788 provida
1147 1715 1496 1795 ordinatione
1541 1711 1853 1769 committit.
1903 1704 2075 1766 Juxta

473 1826 636 1883 quam
658 1811 1122 1883 comparationem
1144 1808 1408 1880 unigeniti
1432 1807 1596 1862 Pater
1614 1804 1721 1879 legi
1747 1811 1959 1875 tempus
1982 1817 2073 1859 us-

474 1905 673 1978 quead
695 1906 986 1961 adventum
1010 1903 1134 1959 Filii
1157 1901 1469 1974 praeﬁnivit.

547 1997 635 2053 Ita
663 2006 713 2053 et
741 2014 837 2053 nos
865 2015 985 2053 cum
1001 2013 1231 2054 essemus
1257 1993 1483 2068 paruuli,
1515 1993 1610 2049 sub
1632 1991 1899 2048 elementis
1918 2007 2074 2046 mun-

480 2088 538 2144 di
562 2104 773 2144 eramus
819 2087 1116 2143 servientes.
1168 2085 1229 2141 ld
1256 2090 1369 2151 est;
1410 2083 1819 2140 observationes
1867 2081 2076 2138 dierum

478 2189 537 2237 et
565 2188 894 2250 temporum,
922 2193 1059 2248 quas
1093 2177 1195 2234 sub
1217 2176 1325 2232 hac
1363 2189 1549 2241 causa,
1580 2188 1648 2229 ne
1675 2188 1774 2242 per
1806 2173 1979 2228 otium
2005 2171 2077 2227 ad

479 2270 619 2327 idola
643 2285 1017 2342 evagaremur,
1041 2266 1369 2339 accepimus.
1403 2264 1463 2321 Si
1489 2265 1635 2321 enim
1658 2273 1713 2320 et
1732 2262 1902 2319 Judaei
1919 2271 2077 2320 erant

478 2364 760 2421 elementis
780 2363 1101 2430 servientes,
1132 2361 1263 2432 quid
1293 2358 1617 2415 differebant
1644 2373 1675 2411 a
1700 2357 1963 2428 paganis?
1981 2357 2079 2412 Pa-

478 2471 648 2529 ganos
669 2455 939 2511 elementa
963 2454 1162 2521 colere,
1207 2451 1459 2508 omnibus
1490 2458 1678 2506 notum
1720 2461 1826 2519 est,
1866 2447 2080 2506 Judaaos

481 2555 665 2605 autem
709 2562 819 2603 non
861 2546 1175 2612 elementis,
1226 2543 1324 2600 sed
1370 2543 1471 2599 sub
1519 2543 1802 2599 elementis
1850 2543 2082 2600 Domino

481 2639 740 2705 servisse,
772 2645 1000 2708 propter
1025 2634 1375 2698 neomaanias,
1409 2640 1467 2687 et
1489 2632 1741 2699 sabbata,
1767 2640 1822 2687 et
1850 2632 2086 2688 circum-

482 2733 734 2797 cisiones,
777 2736 834 2785 et
876 2735 1076 2785 caetera
1121 2727 1272 2781 talia.
1321 2723 1448 2780 Haec
1478 2724 1626 2780 enim
1656 2723 1902 2779 carnalia
1928 2731 2078 2779 sunt.

482 2823 754 2894 Quidquid
780 2821 925 2878 enim
951 2819 1163 2876 visibile
1210 2825 1316 2885 est,
1362 2816 1587 2873 carnale
1630 2824 1734 2882 est,
1786 2822 1840 2872 et
1885 2816 1952 2872 de
1976 2815 2088 2871 ele-

485 2917 685 2974 mentis
713 2924 818 2972 est.
850 2915 931 2969 Ex
954 2928 1019 2969 ea
1044 2913 1210 2985 igitur
1233 2918 1407 2983 parte,
1436 2926 1599 2981 quam
1637 2925 1801 2981 supra
1827 2910 2086 2976 diximus,

485 3010 586 3067 sub
606 3007 888 3064 elementis
912 3004 1224 3062 serviebant
1257 3002 1449 3059 Judaei.
1482 3002 1564 3057 Ex
1595 3002 1700 3057 alia
1729 3009 1888 3073 parte
1912 3001 2089 3072 legem

484 3101 761 3157 habebant
804 3098 1129 3169 spiritalem,
1181 3111 1301 3166 quae
1332 3102 1389 3152 et
1426 3108 1659 3164 peccare
1708 3092 1983 3163 prohibet,
2033 3098 2090 3146 et

488 3194 811 3248 exhortatur
838 3189 907 3245 ad
932 3188 1277 3245 dilectionem
1307 3185 1521 3241 Domini
1551 3184 1667 3250 Dei,
1708 3184 1801 3255 qui
1828 3190 2091 3241 venturus

486 3285 567 3339 eis
606 3282 784 3340 fuerat
803 3281 1132 3354 promissus,
1160 3279 1228 3334 ad
1257 3276 1586 3333 remittenda
1607 3285 1850 3347 peccata.

566 3375 628 3429 At
659 3376 746 3430 ubi
773 3374 909 3429 venit
948 3370 1217 3445 plenitudo
1249 3369 1516 3441 temporis,
1562 3368 1705 3423 misit
1749 3367 2007 3424 Dominus
2030 3367 2096 3438 ﬁ-

488 3469 618 3524 lium
644 3458 823 3523 suum.
874 3465 935 3522 Id
976 3472 1082 3531 est,
1128 3462 1346 3534 quando
1380 3461 1497 3532 jam
1520 3476 1621 3533 per
1644 3460 2093 3518 consuetudnem

490 3560 1009 3632 transgressionum,
1047 3558 1220 3629 legem
1263 3556 1356 3611 vix
1398 3555 1557 3627 pauci
1592 3562 1850 3625 poterant
1897 3563 2089 3611 custo-

492 3647 628 3711 dire.
660 3651 760 3708 Vel
799 3660 947 3707 certe
971 3649 1254 3722 plenitudo
1275 3656 1583 3719 temporum
1608 3646 1959 3718 intelligenda
1986 3653 2090 3713 est,

492 3745 709 3818 quando
735 3741 962 3797 florente
1006 3738 1220 3811 populis
1261 3738 1483 3803 mundo,
1516 3745 1880 3809 opportunum
1903 3752 1969 3793 ac
2006 3752 2096 3793 sa-

494 3836 649 3892 lubre
684 3833 915 3889 Domino
959 3832 1135 3886 visum
1179 3838 1283 3894 est,
1323 3826 1559 3885 remedia
1609 3828 1800 3884 salutis
1842 3827 2096 3897 gentibus

494 3927 774 3993 exhibere,
804 3940 926 3996 qua:
963 3921 1081 3992 jam
1117 3929 1492 3993 competenter
1518 3920 1691 3992 possit
1727 3918 1868 3974 sexti
1912 3916 2095 3974 saeculi

495 4031 630 4080 aetas
659 4029 853 4077 natura
877 4017 1174 4088 suscipere.
1198 4014 1484 4071 Plenitudo
1509 4028 1640 4084 ergo
1665 4011 1944 4082 temporis,
1963 4016 2097 4065 aetas

499 4113 688 4172 mundi
717 4109 1055 4168 senescentis
1082 4121 1151 4162 ex
1200 4106 1360 4162 venia
1403 4103 1633 4175 intelligi
1674 4108 1874 4172 potest,
1906 4101 1959 4155 in
1987 4115 2095 4171 qua

497 4208 549 4265 ei
574 4208 649 4263 ita
676 4204 967 4262 commissa
997 4208 1051 4256 et
1080 4199 1290 4256 credita
1311 4205 1395 4253 est
1418 4195 1668 4252 veritatis
1692 4193 1921 4266 agnitio,
1953 4192 2097 4248 sicut

498 4298 746 4372 profecto
771 4295 926 4350 annis
968 4292 1102 4359 ﬁlio,
1143 4299 1294 4347 recte
1339 4287 1732 4361 profundarum
1762 4299 1948 4340 rerum
1978 4297 2096 4339 cre-

501 4391 649 4447 ditur
693 4387 985 4450 institutio,
1036 4392 1091 4440 et
1125 4398 1256 4439 sane
1297 4381 1571 4453 prmterita
1620 4378 1838 4445 saecula,
1889 4392 2011 4448 quae
2038 4377 2096 4432 in

502 4481 686 4553 primo
720 4484 947 4549 parente
972 4483 1161 4533 nostro
1188 4489 1283 4530 rea
1320 4474 1422 4530 sub
1450 4470 1703 4528 infernali
1726 4469 1997 4543 ergastulo
2017 4476 2099 4525 te-

505 4571 799 4637 nebantur,
842 4569 1002 4641 longa
1030 4567 1339 4638 indigebant
1367 4564 1646 4630 dilatione,
1676 4569 1736 4618 ut
1772 4563 1888 4634 jam
1913 4559 2098 4617 multis
2120 4585 2156 4641 _-

2154 619 2220 659 ex
2246 607 2363 660 viro
2391 611 2448 660 et
2470 604 2690 662 femina.
2739 608 2963 676 Quarta,
2988 609 3086 665 Dei
3126 619 3184 668 et
3221 614 3460 671 hominis
3486 616 3606 673 sine
3628 619 3751 677 viro

2157 697 2225 753 de
2249 696 2470 753 femina.
2517 697 2635 753 Jam
2680 708 2801 754 erat
2828 717 2958 767 una,
3006 702 3125 759 sine
3147 704 3270 761 viro
3298 715 3353 762 et
3382 704 3603 765 femina.
3657 712 3753 767 AI-

2156 798 2275 845 tera
2300 791 2367 846 de
2390 790 2510 846 viro
2540 792 2658 847 sine
2688 790 2907 847 femina.
2939 794 3143 860 Tertia,
3174 797 3241 851 de
3283 798 3402 854 viro
3429 809 3486 855 et
3524 800 3747 860 femina.

2159 882 2420 938 Restabat
2443 891 2636 952 quarta
2660 884 2777 939 sine
2804 885 2922 940 viro
2947 886 3015 941 de
3044 885 3266 943 femina.
3295 888 3400 945 Sed
3426 892 3530 948 ista
3553 905 3754 964 quarta

2157 973 2412 1029 liberavit
2439 984 2571 1040 tres,
2604 975 2808 1031 factum
2837 978 2936 1032 sub
2974 978 3113 1049 lege,
3139 989 3200 1034 ut
3229 996 3322 1036 eos
3355 985 3447 1054 qui
3492 986 3592 1041 sub
3633 989 3755 1060 lege

2161 1076 2341 1134 erant,
2368 1070 2682 1125 redimeret.
2733 1070 2850 1141 Ipse
2890 1071 3038 1126 enim
3066 1074 3166 1128 sub
3196 1073 3313 1147 lege
3356 1084 3468 1132 tam
3505 1079 3595 1134 diu
3627 1081 3751 1151 fuit,

2163 1163 2336 1218 donec
2369 1162 2677 1233 baptizatus
2718 1162 2853 1218 Novi
2900 1164 3229 1221 Testamenti
3276 1168 3537 1239 inciperet
3580 1172 3757 1230 Evan-

2164 1254 2361 1327 gelium
2390 1257 2725 1327 praedicare:
2755 1256 2858 1324 Qui
2879 1257 2925 1312 si
2951 1259 3050 1315 sub
3089 1259 3204 1331 lege
3233 1260 3407 1319 factus
3435 1281 3543 1320 non
3589 1277 3754 1337 esset,

2165 1362 2273 1402 non
2298 1346 2455 1403 facile
2503 1346 2719 1404 Judteos
2745 1349 2814 1403 ad
2840 1350 3201 1406 obedientiam
3230 1356 3526 1423 provocare
3554 1361 3761 1429 potuis-

2168 1447 2269 1495 set.
2298 1439 2613 1511 Promptius
2634 1450 2815 1497 autem
2848 1457 2961 1497 suae
2994 1441 3129 1514 legis
3154 1452 3209 1499 et
3249 1447 3333 1500 sui
3362 1462 3580 1518 generis
3605 1452 3760 1507 vide-

2167 1534 2370 1589 bantur
2418 1533 2608 1589 audire
2649 1526 2810 1604 posse
2851 1533 3154 1602 doctorem,
3185 1536 3324 1591 sicut
3346 1538 3413 1593 de
3436 1553 3494 1594 se
3527 1541 3759 1610 Aposto-

2166 1625 2254 1680 lus
2279 1625 2445 1680 dicit:
2475 1623 2673 1680 Factus
2702 1642 2820 1680 sum
2874 1625 3085 1681 Judwis
3133 1635 3385 1699 tanquam
3421 1630 3665 1699 Judqus,
3704 1643 3761 1689 ut

2168 1714 2390 1771 Iudaeos
2412 1715 2667 1771 lucrarer.
2696 1716 2796 1772 His
2824 1718 2913 1789 qui
2943 1719 3037 1772 sub
3068 1718 3177 1789 lege
3201 1730 3372 1785 erant,
3405 1731 3657 1794 tanquam
3682 1743 3763 1781 es-

2170 1826 2279 1863 sem
2303 1809 2398 1863 sub
2439 1807 2565 1880 lege,
2600 1818 2657 1863 ut
2683 1826 2770 1864 eos
2804 1810 2893 1881 qui
2934 1809 3028 1864 sub
3058 1815 3168 1882 lege
3194 1822 3345 1867 erant
3374 1812 3761 1886 lucrifacerem.

2097 1881 2146 1942 Β
2172 1898 2375 1954 Gentes
2415 1906 2596 1954 autem
2639 1908 2855 1969 poterat
2884 1899 3087 1955 alienas
3112 1881 3149 1955 a
3176 1900 3294 1971 lege
3328 1881 3553 1971 salvare,
3600 1908 3766 1964 etiam

2173 1990 2221 2045 si
2244 1991 2344 2047 sub
2372 1990 2491 2062 lege
2525 2006 2635 2046 non
2660 1990 2853 2047 fuisset
2874 1991 3104 2062 positus.

2250 2080 2318 2136 Ut
2346 2082 2683 2154 adaptionem
2731 2084 2966 2155 ﬁliorum
3019 2084 3382 2156 reciperemus.
3414 2087 3474 2142 Id
3514 2097 3620 2156 est,
3658 2105 3770 2147 non

2178 2174 2339 2230 facile
2375 2190 2478 2230 nos
2518 2182 2714 2231 natura
2760 2173 2933 2231 Judaei
2959 2176 3303 2232 vocationem
3347 2178 3492 2234 illius
3536 2182 3771 2251 recepis-

2179 2280 2381 2331 semus,
2417 2265 2463 2320 si
2494 2265 2670 2321 factus
2696 2266 2797 2321 sub
2822 2265 2942 2337 lege
2983 2281 3091 2322 non
3120 2276 3284 2323 esset.
3313 2267 3621 2340 Promptius
3644 2269 3769 2339 fuit,

2178 2366 2240 2412 ut
2268 2356 2336 2411 ad
2355 2356 2527 2427 vitam
2548 2355 2684 2428 legis
2718 2354 2858 2411 ﬁlios
2883 2356 3139 2412 invitaret
3167 2358 3303 2428 legis
3331 2368 3587 2415 assertor.

2254 2448 2519 2513 Quoniam
2561 2458 2735 2502 autem
2764 2448 2885 2502 estis
2916 2447 3017 2518 ﬁlii
3058 2447 3181 2517 Dei,
3209 2452 3349 2505 misit
3390 2451 3532 2506 Deus
3570 2451 3774 2508 Filium

2181 2554 2336 2594 suum
2372 2540 2429 2593 in
2458 2538 2620 2593 corda
2653 2548 2842 2593 vestra.
2888 2538 3091 2595 Probat
3118 2556 3216 2596 nos
3256 2550 3430 2613 pater,
3460 2544 3773 2614 adoptionis

2184 2644 2295 2685 sua:
2319 2629 2480 2697 ﬁlios,
2510 2631 2727 2702 quando
2760 2645 2922 2702 super
2948 2647 3048 2688 nos
3074 2633 3325 2702 spiritum
3368 2634 3464 2689 ﬁlii
3494 2651 3578 2690 Slll
3606 2638 3775 2693 mise-

2184 2721 2476 2777 ricorditer
2512 2720 2766 2789 infundit,
2792 2730 2847 2778 et
2885 2722 3193 2795 dignanter,
3216 2732 3276 2779 ut
3308 2725 3425 2794 ipsa
3471 2729 3778 2784 communi-

2188 2815 2332 2871 catio
2372 2814 2641 2886 paracliti,
2677 2816 2771 2886 qui
2819 2831 2888 2871 ex
2937 2826 3170 2884 utroque
3216 2819 3484 2888 procedit,
3534 2821 3776 2878 haeredes

2187 2920 2288 2962 nos
2325 2906 2499 2976 patris
2527 2913 2582 2961 et
2618 2906 2714 2960 ﬁlii
2740 2915 3011 2962 assereret
3055 2908 3385 2966 cohaeredes.
3433 2909 3493 2966 ln
3519 2925 3625 2980 qua
3656 2926 3779 2968 sen-

2189 2996 2359 3054 tentia
2390 2996 2688 3052 trinitatem
2712 2998 2991 3054 evidenter
3019 2999 3298 3071 explicuit.

2262 3091 2590 3148 Clamantem
2616 3091 2782 3158 Abba,
2812 3102 2980 3164 pater.
3016 3093 3074 3149 Id
3121 3103 3226 3162 est,
3261 3097 3354 3167 qui
3401 3098 3657 3154 cordibus
3683 3111 3809 3169 ιτα-ν

2194 3189 2327 3245 stris
2357 3188 2552 3255 Deum,
2579 3195 2791 3257 patrem
2831 3203 2951 3243 esse
2985 3197 3255 3257 nostrum,
3298 3192 3511 3248 occulta
3550 3192 3784 3262 inspira-

2119 3263 2165 3327 Ο
2197 3282 2346 3337 tione
2374 3279 2656 3335 clamaret.

2268 3372 2458 3443 Itaque
2491 3372 2611 3443 jam
2655 3389 2760 3427 non
2789 3381 2864 3427 est
2909 3389 3107 3440 seruus,
3138 3374 3229 3429 sed
3258 3375 3423 3445 ﬁlius.
3454 3377 3513 3433 Id
3551 3387 3655 3446 est,
3684 3396 3785 3436 cur

2194 3464 2278 3520 vis
2305 3479 2498 3519 servus
2527 3463 2665 3529 ﬁeri,
2692 3463 2784 3534 qui
2817 3465 3088 3536 accipiens
3127 3466 3375 3537 spiritum
3414 3468 3532 3535 ﬁlii,
3562 3470 3706 3527 ﬁlius
3729 3479 3787 3529 et

2195 3558 2369 3613 haeres
2393 3554 2619 3612 effectus
2647 3571 2728 3611 es.
2760 3556 2840 3611 Ex
2867 3557 2971 3613 hoc
2998 3559 3142 3613 enim
3172 3575 3271 3615 nos
3298 3563 3489 3631 probat
3511 3578 3701 3619 omnes
3728 3564 3787 3621 in

2194 3666 2304 3708 uno
2331 3650 2529 3721 spiritu
2553 3664 2723 3704 unum
2763 3663 2884 3705 esse
2911 3649 3005 3705 Dei
3034 3650 3223 3718 filium,
3269 3660 3414 3709 totus
3440 3655 3583 3709 enim
3624 3655 3786 3713 Chri-

2195 3747 2405 3803 stianus
2437 3746 2688 3817 populus,
2718 3746 2775 3800 in
2819 3760 2928 3801 uno
2954 3746 3050 3801 Dei
3087 3746 3227 3803 Filio
3256 3750 3501 3816 credens,
3534 3760 3590 3806 et
3614 3768 3786 3811 unum

2195 3840 2396 3897 Christi
2435 3854 2630 3910 corpus
2654 3838 2899 3905 effectus,
2927 3855 3067 3895 unus
3095 3842 3198 3895 rite
3223 3851 3450 3898 vocatur
3474 3852 3528 3898 et
3550 3842 3712 3901 ﬁlius.
3778 3879 3784 3883 -

2269 3927 2423 3996 Quod
2449 3930 2495 3983 si
2521 3927 2692 3999 ﬁlius,
2722 3938 2771 3983 et
2793 3930 2958 3984 heres
2988 3946 3081 4001 per
3110 3930 3296 3985 Deum.
3346 3931 3464 3987 Non
3504 3920 3599 4003 per
3623 3932 3791 3990 meri-

2194 4027 2311 4076 tum
2339 4034 2442 4074 nec
2486 4026 2758 4085 naturam,
2790 4019 2885 4075 sed
2918 4034 3016 4090 per
3053 4021 3240 4089 gratiae
3276 4022 3544 4092 spiritum,
3578 4024 3642 4077 de
3681 4040 3789 4094 quo

2196 4111 2249 4166 in
2280 4109 2507 4181 epistola
2524 4109 2599 4165 ad
2627 4108 3003 4175 Romanosait
3032 4129 3043 4164 :
3078 4109 3198 4183 Ipse
3222 4115 3359 4166 enim
3388 4110 3618 4183 Spiritus
3645 4115 3791 4169 testi-

2194 4203 2429 4257 monium
2458 4202 2626 4257 reddit
2656 4202 2867 4275 spiritui
2899 4213 3101 4270 nostro,
3150 4206 3290 4277 quod
3319 4222 3501 4262 sumus
3537 4207 3638 4276 ﬁlii
3668 4209 3788 4276 Dei,

2196 4292 2242 4345 si
2272 4300 2446 4347 autem
2483 4291 2582 4362 ﬁlii
2620 4300 2667 4347 et
2690 4293 2944 4359 ltreredes,
2979 4292 3212 4349 hazredes
3238 4295 3445 4365 quidem
3468 4295 3587 4361 Dei,
3620 4299 3793 4355 colue-

2199 4382 2346 4437 redes
2367 4391 2544 4437 autem
2570 4382 2768 4437 Christi
2801 4382 2980 4453 (Rom.
3006 4382 3146 4453 vni).

2624 4490 2961 4533 EVANGELIUII
2985 4490 3155 4541 ιυωε,
3171 4490 3288 4531 CAP.
3307 4491 3368 4531 Π.

2278 4585 2297 4620 ι
2327 4566 2461 4622 Erat
2481 4564 2685 4637 Josepli
2709 4574 2764 4622 et
2790 4566 2959 4620 Maria
2979 4573 3155 4621 mater
3179 4564 3307 4623 Jesu
3337 4567 3600 4626 mirantes
3628 4586 3794 4643 super

506 4626 843 4735 temporibus
881 4626 1186 4731 expiatione
1213 4658 1417 4715 Christi
1446 4626 1812 4713 liberarentur
1839 4656 2093 4711 adventu.
2120 4626 2175 4693 1)
2208 4677 2227 4712 ι
2259 4658 2364 4725 his,
2395 4673 2517 4727 qua:
2545 4626 2865 4712 dicebantur
2893 4657 2958 4712 de
3002 4657 3111 4712 illo.
3158 4658 3228 4713 Et
3265 4659 3540 4717 benedixit
3568 4626 3676 4718 illis
3695 4626 3798 4720 si.

578 4753 807 4809 Factum
843 4770 910 4808 ea:
955 4750 1194 4806 muliere.
1248 4749 1457 4812 Mulier,
1509 4764 1616 4803 non
1663 4748 2093 4817 corruptionem,

508 4849 605 4907 sed
628 4832 817 4904 sexum
858 4843 1150 4918 signiﬁcat.
1196 4843 1439 4914 Denique
1481 4842 1593 4898 Eva
1642 4842 1825 4897 statim
1868 4846 1927 4895 ut
1953 4839 2098 4895 facta

508 4953 613 5010 est,
645 4941 840 4997 mulier
864 4938 1165 5012 appellatur
1189 4936 1341 5010 (Gen.
1373 4936 1479 5009 ιιι).
1511 4935 1578 4991 Ει
1606 4935 1722 5005 ipse
1744 4934 2004 4989 Dominus
2030 4931 2099 4987 ad

507 5045 760 5093 matrem.
791 5031 929 5099 Quid
973 5031 1102 5085 mihi
1142 5039 1192 5085 et
1219 5028 1335 5096 tibi,
1367 5028 1568 5099 inquit,
1597 5035 1674 5081 est
1703 5025 1894 5080 mulier
1912 5024 2094 5095 (Joan.

507 5130 595 5201 ιι).
622 5128 683 5183 In
704 5141 770 5182 eo
798 5132 980 5180 autem
1004 5122 1148 5194 quod
1192 5120 1359 5178 dicit:
1411 5120 1491 5175 Ex
1519 5119 1764 5183 muliere,
1814 5122 2102 5181 monstrat,

509 5237 618 5277 non
661 5232 811 5275 more
846 5216 1007 5274 solito
1050 5232 1120 5272 ex
1168 5219 1439 5272 conventu
1477 5213 1581 5267 viri
1617 5218 1674 5268 et
1716 5209 1956 5275 feminae,
2006 5208 2103 5264 sed

508 5329 608 5386 per
631 5310 894 5384 Spiritum
938 5316 1186 5364 sanctum
1226 5320 1295 5362 ex
1324 5314 1501 5361 matre
1551 5311 1783 5369 tantum,
1830 5300 2104 5357 Christum

512 5403 941 5461 incarnationem
969 5397 1208 5455 hominis
1235 5396 1561 5468 suscepisse.
1599 5394 1737 5449 Nam
1773 5391 1917 5448 idem
1956 5391 2105 5464 Apo-

514 5494 688 5552 stolus
717 5493 785 5548 ad
813 5489 1125 5548 Corinthios
1143 5486 1255 5541 ait:
1294 5484 1441 5541 Sicut
1473 5484 1667 5539 mulier
1706 5500 1772 5539 ea:
1801 5483 1932 5548 uiro,
1964 5482 2038 5537 ita
2056 5490 2107 5537 et

514 5592 594 5648 vir
617 5606 710 5663 per
740 5585 1012 5642 mulierem
1054 5581 1107 5655 (Ι
1132 5579 1255 5636 Cor.
1284 5579 1398 5653 xv).
1433 5578 1589 5636 Unde
1639 5578 1780 5634 sicut
1822 5578 1879 5633 in
1904 5575 2107 5649 princi-

514 5682 605 5754 pio
633 5674 1014 5753 generationis,
1070 5672 1261 5729 mulier
1294 5685 1363 5727 ex
1390 5671 1508 5726 viro
1551 5678 1766 5741 sumpta
1794 5676 1899 5735 est,
1946 5669 2023 5724 ita
2050 5673 2108 5725 et

516 5772 767 5831 Christus
815 5766 1110 5824 secundum
1154 5780 1377 5822 carnem
1402 5778 1471 5821 ex
1516 5771 1691 5819 matre
1737 5770 1950 5817 tantum
1996 5758 2101 5817 est.

519 5864 702 5923 Prima
727 5856 963 5922 hominis
988 5857 1249 5928 conditio,
1279 5857 1407 5933 quia
1434 5854 1645 5933 primus
1687 5856 1852 5918 homo
1876 5868 1984 5918 non
2022 5859 2107 5915 est

2210 4769 2230 4803 ι
2266 4765 2449 4816 meon,
2478 4757 2535 4806 et
2559 4749 2696 4805 dixit
2725 4749 2792 4805 ad
2835 4749 3059 4804 Mariam
3085 4758 3319 4807 matrem
3347 4753 3464 4823 ejus
3488 4772 3501 4807 :
3533 4754 3674 4812 Ecce
3698 4771 3795 4827 po-

2209 4865 2228 4899 ι
2265 4845 2403 4901 situs
2431 4854 2514 4899 est
2536 4843 2624 4899 hic
2652 4843 2709 4898 in
2749 4844 2961 4898 ruinam
3006 4852 3063 4899 et
3085 4844 3142 4899 in
3164 4847 3619 4903 resurrectionem
3656 4849 3797 4904 mul-

2211 4955 2231 4990 ι
2272 4944 2455 4993 torum
2489 4937 2545 4991 in
2578 4935 2762 4991 Israel.
2796 4935 2864 4990 Et
2891 4937 2946 4992 in
2979 4936 3193 5009 signum
3235 4939 3324 4995 cui
3369 4941 3792 5011 contradicetur,

2211 5047 2233 5083 ι
2274 5037 2330 5085 et
2375 5035 2525 5083 tuam
2570 5026 2740 5097 ipsius
2787 5028 3022 5084 animam
3068 5029 3427 5101 pertransibit
3462 5031 3691 5104 gladius,
3734 5042 3799 5090 ut

2211 5140 2233 5175 ι
2268 5120 2577 5178 revelentur
2598 5134 2666 5176 ex
2689 5121 2877 5178 multis
2905 5122 3158 5179 cordibus
3185 5124 3562 5196 cogitationes.
3590 5124 3660 5181 Et
3678 5134 3798 5184 erat

2213 5233 2232 5268 ι
2267 5208 2426 5271 Anna
2464 5214 2808 5285 prophetissa
2849 5214 2957 5270 ﬁlia
2994 5213 3257 5282 Phanuel,
3305 5218 3373 5273 de
3419 5217 3565 5273 tribu
3634 5217 3794 5288 Aser,

2212 5324 2234 5360 ι
2272 5308 2391 5363 ιιωο
2416 5313 2764 5377 processerat
2791 5306 2846 5361 in
2889 5305 3079 5361 diebus
3124 5307 3327 5374 multis,
3357 5316 3413 5365 et
3438 5310 3651 5365 vixerat
3671 5326 3798 5367 cum

2215 5418 2235 5452 ι
2264 5398 2384 5453 viro
2413 5413 2513 5453 suo
2556 5397 2716 5454 annis
2763 5405 2971 5468 septem
3013 5414 3042 5452 a
3069 5397 3377 5470 virginitate
3415 5416 3533 5456 sua.
3577 5401 3644 5455 Et
3680 5402 3799 5459 haec

2216 5507 2237 5542 ι
2272 5488 2436 5544 vidua
2464 5496 2585 5544 erat
2607 5504 2779 5558 usque
2804 5490 2873 5544 ad
2897 5503 3071 5545 annos
3088 5489 3361 5561 octoginta
3393 5497 3645 5561 quatuor,
3673 5505 3797 5561 qua:

2218 5597 2238 5632 (
2270 5595 2379 5635 non
2405 5578 2719 5635 discedebat
2749 5580 2816 5636 de
2858 5580 3079 5653 templo,
3126 5580 3347 5652 jejuniis
3371 5588 3427 5636 et
3466 5583 3794 5641 obsecratio-

2218 5692 2237 5727 ι
2265 5672 2426 5729 nibus
2451 5674 2696 5731 serviens
2723 5675 2811 5732 die
2836 5691 2902 5732 ac
2929 5685 3106 5731 nocte.
3150 5675 3218 5729 Et
3253 5674 3370 5731 haec
3400 5674 3514 5745 ipsa
3544 5676 3679 5732 hora
3707 5692 3803 5734 su-
3887 5727 3896 5734 .

2218 5786 2238 5820 ι
2272 5767 2595 5838 perveniens
2637 5768 2994 5825 conﬁtebatur
3018 5766 3266 5833 Domino,
3296 5775 3354 5822 et
3382 5766 3703 5840 loquebatur
3726 5770 3798 5827 de

2218 5875 2238 5914 ι
2267 5856 2360 5918 illo
2373 5856 2624 5920 omnibus
2637 5860 2730 5932 qui
2751 5857 3137 5933 exspectabant
3157 5856 3586 5934 redemptionem
3604 5857 3793 5949 Israel.
