4110 6518
374 388 444 444 65
1220 392 1741 457 COLLECTIONES
1777 399 1845 458 IN
1881 399 2262 485 EPISTOLAS
2295 399 2383 458 ET
2419 402 2828 462 EVANGELIA.
3565 411 3634 473 66

375 539 395 573 ς
429 520 498 575 Et
522 527 584 575 ιη
606 519 954 590 perfecerunt
973 523 1157 580 omnia
1187 530 1486 586 secundum
1521 533 1692 605 iegem
1719 534 1953 604 Domini,
1981 534 2037 597 Α
2059 531 2290 584 marum,
2317 517 2412 586 sed
2435 534 2724 590 corporum
2770 531 2873 588 est,
2917 535 3036 594 qua:
3077 537 3175 594 per
3211 523 3460 581 ultimum
3482 524 3631 596 judi-

373 632 393 666 ι
427 615 631 669 reversi
665 623 792 670 sunt
833 617 887 670 in
914 615 1189 675 Galilaeam
1230 623 1284 678 in
1329 625 1606 682 civitatem
1649 645 1802 684 suam
1845 630 1955 686 Na-

374 707 634 761 t-zareth.
686 705 828 761 Puer
883 717 1064 764 autem
1112 715 1411 781 crescebat,
1453 725 1508 772 et
1553 719 1957 776 confortabatur

372 817 391 851 ι
425 798 617 870 plenus
651 800 941 870 sapientia,
972 811 1028 857 et
1055 806 1228 875 gratia
1259 805 1353 861 Dei
1384 816 1503 863 erat
1529 825 1650 864 cum
1683 811 1792 866 illo.

436 891 571 946 Erat
607 890 801 963 Ioseph
844 904 891 948 et
933 893 1111 950 Maria
1156 907 1324 952 mater
1357 899 1485 954 Jesu
1523 903 1774 957 mirantes
1803 921 1958 974 super

363 983 445 1037 his
468 1000 584 1054 qua?
611 984 922 1038 dicebantur
961 986 1026 1040 de
1070 988 1180 1042 illo.
1219 989 1319 1061 (Ex
1360 991 1552 1065 Beda.)
1598 994 1697 1050 Hic
1731 995 1956 1052 Mariam

364 1073 594 1146 ﬁguram
619 1092 902 1150 synagoga:
926 1088 1094 1146 tenet,
1121 1079 1320 1152 Joseph
1347 1093 1528 1140 autem
1550 1085 1776 1156 ﬁguram
1800 1089 1951 1160 legis.

362 1166 580 1222 Patrem
609 1167 907 1225 Salvatoris
951 1172 1184 1241 appellat
1226 1172 1448 1244 Joseph,
1497 1192 1607 1231 non
1634 1179 1777 1247 quod
1806 1194 1953 1246 vere,

356 1258 510 1328 juxta
557 1261 891 1330 Fotinianos,
918 1274 1074 1334 pater
1101 1265 1266 1321 fuerit
1310 1266 1448 1337 ejus,
1481 1269 1576 1324 sed
1607 1270 1750 1339 quod
1784 1271 1851 1325 ad
1875 1271 1957 1324 fa-

362 1369 505 1408 mam
531 1353 712 1408 Mariae
734 1357 1180 1424 conservandam,
1201 1371 1358 1430 pater
1381 1363 1450 1417 sit
1470 1363 1538 1416 ab
1552 1363 1802 1417 omnibus
1818 1362 1956 1417 testi-

361 1455 560 1500 matus.
594 1446 854 1514 Quamvis
889 1458 943 1505 et
967 1466 1032 1505 eo
1067 1452 1228 1527 modo
1254 1462 1408 1523 pater
1452 1454 1594 1508 illius
1622 1453 1799 1509 valeat
1825 1455 1953 1520 dici,

361 1551 468 1607 quo
496 1547 550 1592 et
573 1538 655 1591 vir
685 1539 867 1595 Mariae
893 1550 1039 1596 recte
1059 1543 1397 1615 intelligitur,
1429 1546 1544 1601 sine
1569 1548 1955 1603 commixtione

361 1633 574 1714 carnis,’
612 1633 728 1704 ipsa
773 1636 1110 1705 copulatione
1157 1637 1454 1710 conjungit,
1508 1640 1675 1695 multo
1705 1640 1956 1696 videlicet

359 1722 721 1791 conjunctius,
754 1742 915 1796 quam
943 1728 987 1781 si
1017 1737 1160 1783 esset
1186 1728 1399 1783 aliunde
1431 1730 1736 1800 adoptatus.

429 1811 499 1865 Et
527 1813 662 1867 dixit
695 1815 762 1867 ad
787 1815 1016 1870 Mariam
1044 1827 1263 1873 matrem
1302 1821 1417 1890 ejus
1443 1835 1460 1872 :
1491 1821 1626 1876 Ecce
1651 1833 1849 1892 positus
1877 1831 1953 1878 est

2057 612 2220 678 cium,
2248 611 2383 667 alios
2413 612 2554 667 mitti
2583 613 2640 668 in
2669 615 2957 670 secundam
2986 624 3238 685 mortem,
3267 617 3404 674 alios
3428 618 3485 674 in
3509 633 3631 675 eam

2054 702 2246 768 vitam,
2277 719 2395 772 qua:
2421 719 2529 758 non
2560 705 2722 760 habet
2749 714 2998 762 mortem.
3263 702 3281 714 ’

2123 794 2193 849 Et
2222 796 2277 849 in
2303 797 2533 866 signum,
2561 799 2645 851 cui
2666 799 3066 855 contradicetur.
3097 802 3191 876 (Ex
3219 802 3464 875 Hieron.)
3493 803 3638 861 Scri-

2053 887 2138 943 bis
2188 887 2438 944 videlicet
2481 899 2536 946 et
2576 889 2895 959 Pharisaeis,
2961 893 3234 952 haireticis
3290 904 3346 952 et
3384 896 3633 969 paganis.

2056 980 2279 1052 Signum
2316 990 2518 1050 autem,
2543 984 2628 1038 cui
2676 985 3107 1053 contradicetur,
3158 989 3319 1044 ﬁdem
3342 988 3636 1044 Dominicte

2055 1074 2234 1128 crucis
2274 1075 2480 1144 accipe,
2516 1076 2582 1130 de
2608 1091 2714 1146 qua
2743 1076 2985 1147 apostolo
3011 1076 3178 1132 Paulo
3203 1080 3390 1134 dicunt
3414 1078 3585 1136 Judaei
3618 1095 3634 1134 :

2056 1162 2198 1218 Nam
2229 1165 2294 1219 de
2337 1176 2481 1222 secta
2524 1168 2619 1222 hac
2647 1178 2826 1223 nolunt
2855 1179 2928 1224 est
2973 1170 3119 1224 nobis
3169 1173 3307 1243 quod
3356 1173 3544 1244 ubique
3591 1172 3640 1226 ci

2054 1256 2434 1311 contradicitur
2457 1257 2592 1329 (Act.
2615 1260 2832 1331 xxvm).
2858 1259 2967 1317 Nos
2986 1262 3182 1332 quippe
3202 1277 3392 1318 omnes
3413 1263 3636 1329 scimus,

2053 1359 2182 1398 vera
2209 1361 2329 1401 esse
2373 1363 2492 1417 quae
2518 1349 2584 1403 de
2609 1348 2890 1405 Salvatore
2917 1351 3116 1421 scripta
3150 1359 3296 1418 sunt,
3353 1353 3447 1406 sed
3494 1349 3636 1420 apud

2054 1435 2359 1492 incredulos
2384 1448 2438 1494 et
2467 1440 2750 1497 hatreticos
2774 1444 3049 1510 universa,
3079 1461 3199 1515 qua:
3230 1445 3296 1501 de
3335 1460 3400 1500 eo
3433 1446 3639 1515 scripta

2054 1538 2199 1596 sunt,
2242 1531 2455 1602 signum
2480 1542 2624 1600 sunt,
2658 1536 2744 1590 cui
2781 1539 3192 1593 contradicitur.
3229 1539 3393 1610 Virgo
3443 1548 3636 1605 mater,

2052 1619 2266 1690 signum
2313 1631 2414 1688 est,
2460 1625 2548 1677 cui
2595 1627 2976 1682 contradicunt
3023 1628 3374 1684 Marcionita).
3439 1628 3642 1684 Habuit

2053 1725 2250 1780 corpus
2282 1711 2688 1780 humanumret
2718 1717 2822 1772 hoc
2857 1719 3070 1790 signum
3098 1727 3198 1784 est,
3244 1735 3330 1776 cui
3359 1720 3636 1774 contradi-

2053 1801 2212 1856 citur.
2238 1801 2553 1860 Besurrexit
2582 1821 2613 1860 a
2642 1809 2894 1875 mortuis,
2941 1819 2995 1864 et
3021 1811 3124 1865 hoc
3152 1811 3363 1879 signum
3388 1819 3493 1877 est,
3551 1808 3640 1865 cui

355 1903 442 1957 hic
469 1905 525 1958 in
556 1906 785 1960 ruinam.
816 1908 1095 1974 Quomodo
1117 1919 1296 1965 animi
1342 1912 1397 1966 in
1425 1913 1663 1981 I.uinam’
1695 1915 1798 1969 nisi
1823 1915 1949 1984 quia
1976 1906 2024 1967 Β
2052 1895 2456 1950 contradicitur.
2505 1896 2572 1952 Et
2606 1900 2733 1968 quid
2776 1916 2998 1957 necesse
3043 1913 3126 1959 est
3162 1903 3330 1960 multa
3359 1903 3636 1976 persequi.

355 2003 408 2048 et
447 1995 583 2065 lapis
630 1997 940 2054 oll‘ensionis
988 2008 1092 2067 est,
1128 2011 1183 2056 et
1227 2012 1384 2071 petra
1430 2004 1689 2071 scandali,
1741 2007 1797 2061 id
1842 2015 1944 2073 est,

355 2088 512 2141 ruina
547 2089 649 2156 his,
683 2092 773 2161 qui
803 2093 1081 2149 oll‘endunt
1107 2097 1292 2163 verbo,
1322 2113 1424 2155 nec
1461 2099 1711 2166 credunt,
1744 2102 1809 2156 de
1831 2103 1948 2172 qui-

353 2181 458 2237 bus
485 2183 602 2254 ipse
642 2186 810 2241 dicit:
853 2187 913 2242 Si
951 2205 1055 2243 non
1085 2190 1335 2245 venissem
1366 2201 1414 2246 et
1457 2192 1662 2247 locutus
1701 2195 1774 2248 eis
1817 2195 1949 2262 fuis-

351 2289 483 2340 sem,
507 2287 775 2346 peccatum
807 2296 910 2333 non
956 2280 1227 2337 haberent.
1267 2284 1321 2338 N
1326 2302 1425 2338 unc
1454 2295 1628 2340 autem
1655 2290 1950 2364 excusatio-3

351 2382 471 2420 nem
502 2385 606 2422 non
633 2369 822 2423 habent
851 2371 914 2423 de
937 2381 1147 2441 peccato
1177 2391 1292 2427 suo.
1333 2374 1525 2429 Aliter.

426 2457 537 2527 (Ea:
554 2457 603 2510 Η
610 2459 800 2530 ieron.)
816 2459 1034 2528 Aliquid
1049 2462 1104 2514 in
1124 2477 1211 2517 me
1229 2463 1370 2532 quod
1393 2463 1531 2518 male
1551 2464 1750 2531 stabat,
1767 2466 1946 2534 cadat,

345 2547 593 2618 patiatur
621 2549 850 2615 ruinam,
884 2560 943 2605 ut
972 2561 1156 2621 surgat
1182 2553 1236 2607 in
1277 2553 1490 2620 melius,
1521 2557 1732 2626 peccati
1760 2571 1949 2625 super-

348 2638 440 2694 bia
469 2654 528 2693 se
560 2648 823 2708 erexerat,
851 2640 1027 2696 cadat.
1074 2642 1380 2714 Antequam
1403 2646 1702 2713 crederem,
1746 2647 1946 2701 bonum

351 2730 408 2785 in
451 2747 536 2786 me
558 2733 796 2803 jacebat,
838 2733 1040 2788 malum
1070 2735 1265 2790 stabat.
1317 2735 1608 2807 Postquam
1661 2738 1751 2793 ille
1780 2739 1942 2804 venit,

351 2823 498 2893 quod
539 2825 595 2879 in
645 2842 731 2881 me
787 2826 991 2881 malum
1052 2827 1197 2894 fuit,
1256 2830 1498 2884 corruit:
1532 2819 1958 2899 'fornicationis,

353 2915 745 2983 immunditite,
797 2919 1062 2987 luxuriae,
1124 2922 1464 2991 idololatriae,
1519 2934 1947 2997 ceterarumque

348 3007 584 3076 pestium
629 3009 777 3065 utilis
824 3013 981 3066 ruina
1032 3013 1174 3068 facta
1229 3025 1330 3070 est.
1387 3015 1516 3072 Haec
1560 3027 1643 3073 est
1689 3019 1848 3073 ruina
1877 3018 1946 3076 ad

349 3114 515 3169 quam
544 3101 778 3171 primum
806 3105 953 3159 venit
989 3103 1146 3161 Jesus
1177 3107 1475 3176 destruere,
1519 3116 1580 3163 ut
1608 3109 1698 3164 illa
1725 3111 1944 3166 destru-

349 3199 438 3245 cta
463 3200 520 3247 et
563 3193 887 3250 mortiﬁcata
931 3208 1262 3270 consurgant
1308 3209 1364 3256 et
1405 3201 1740 3257 aediﬁcentur
1766 3203 1822 3256 in
1853 3218 1942 3259 me

2052 1984 2243 2041 Omnia
2270 2004 2390 2058 quae
2413 1987 2480 2044 de
2508 2005 2572 2045 eo
2599 1993 2802 2063 scripta
2829 2003 2977 2060 sunt,
3002 1995 3216 2067 signum
3236 2005 3340 2064 est,
3377 1998 3465 2054 cui
3510 2012 3641 2053 con-

2050 2080 2337 2135 tradicitur
2385 2083 2453 2137 ab
2482 2083 2775 2140 incredulis
2804 2095 2859 2142 et
2879 2088 3170 2144 haereticis.

2122 2171 2193 2226 Et
2216 2182 2362 2227 tuam
2397 2175 2562 2245 ipsius
2609 2177 2839 2230 animam
2893 2181 3204 2248 pertransiet
3251 2179 3482 2250 gladius.
3536 2180 3640 2253 (Ex

2047 2265 2262 2338 Ambr.)
2289 2267 2398 2323 Nec
2425 2268 2628 2334 littera,
2668 2286 2769 2324 nec
2798 2270 3027 2326 historia
3085 2271 3243 2327 docet
3290 2287 3356 2328 ex
3385 2273 3486 2328 hac
3531 2273 3642 2328 vita

2052 2357 2276 2414 Mariam
2321 2363 2617 2432 corporalis
2666 2365 2819 2419 necis
2883 2365 3135 2434 passione
3179 2366 3464 2436 migrasse.
3519 2365 3638 2421 Non

2051 2448 2195 2503 enim
2227 2449 2425 2515 anima,
2457 2453 2551 2506 sed
2578 2469 2774 2523 corpus
2813 2457 3080 2511 materiali
3137 2458 3314 2528 gladio
3362 2467 3638 2514 transver-

2051 2537 2292 2593 beratur.
2319 2539 2387 2594 Et
2413 2539 2534 2596 ideo
2568 2544 2912 2612 prudentiam
2959 2546 3104 2601 haud
3151 2547 3338 2617 ignara
3390 2550 3640 2619 mysterii

2049 2629 2287 2684 caelestis
2313 2632 2566 2686 ostendit.
2601 2633 2794 2689 Vivum
2833 2643 2918 2689 est
2964 2636 3110 2690 enim
3156 2638 3380 2692 verbum
3442 2638 3537 2693 Dei
3586 2647 3643 2695 et

2048 2718 2288 2774 validum
2309 2728 2364 2774 et
2389 2732 2605 2777 acutum
2643 2731 2698 2778 et
2735 2725 2882 2780 omni
2908 2726 3086 2796 gladio
3114 2727 3448 2796 acutissimo,
3476 2744 3642 2800 pene-

2049 2819 2204 2867 trans
2249 2829 2420 2884 usque
2455 2815 2524 2870 ad
2571 2815 2895 2873 divisionem
2927 2818 3121 2873 animae
3166 2827 3222 2874 et
3255 2820 3502 2890 spiritus,
3550 2838 3638 2877 ar-

2050 2913 2312 2975 tuumque
2360 2915 2416 2963 et
2461 2908 2850 2975 medullarum,
2889 2911 3249 2982 cogitationes
3279 2911 3458 2968 cordis
3479 2921 3534 2968 et
3555 2927 3640 2970 se-

2050 3006 2200 3056 creta
2227 3008 2501 3055 scrutatur
2540 3003 2864 3058 animorum.

2119 3065 2320 3150 Aliter?
2343 3093 2450 3166 (Ea;
2470 3094 2719 3167 August.)
2738 3096 3162 3155 Tribulationem
3187 3098 3351 3170 igitur
3387 3107 3443 3155 et
3489 3099 3640 3156 dolo-

2051 3200 2168 3241 rem
2211 3185 2505 3242 Dominicae
2551 3189 2838 3258 passionis,
2887 3189 3048 3259 gladii
3092 3191 3310 3246 nomine
3361 3191 3634 3262 signatum

350 3283 536 3337 omnia
563 3284 724 3340 bona.
758 3287 1062 3344 Videndum
1088 3297 1172 3345 est
1201 3291 1406 3362 itaque,
1431 3306 1499 3346 ne
1524 3290 1665 3349 forte
1691 3291 1944 3347 Salvator
1969 3270 2014 3332 C
2046 3294 2186 3346 esse,
2227 3279 2488 3334 credibile
2537 3289 2641 3347 δεῖν
2691 3297 2797 3352 quo
2835 3291 3082 3337 materna
3131 3284 3312 3338 anima
3342 3283 3631 3339 νυίηθτίιιει

351 3384 542 3431 noster
574 3377 696 3433 aliis
740 3388 903 3450 atque
943 3381 1064 3437 aliis
1092 3383 1147 3437 in
1179 3385 1393 3438 ruinam
1421 3386 1647 3451 venerit,
1692 3395 1749 3442 et
1773 3387 1829 3441 in
1853 3403 1942 3442 re-

350 3471 767 3538 surrectionem,
817 3474 912 3529 sed
957 3475 1152 3531 iisdem
1178 3486 1234 3530 et
1260 3477 1316 3532 in
1345 3478 1561 3532 ruinam
1593 3486 1647 3533 et
1679 3479 1734 3534 in
1762 3494 1944 3534 resur-

349 3565 646 3622 rectionem
694 3568 921 3624 venerit.
971 3569 1055 3626 Me
1098 3579 1309 3642 oportet
1352 3572 1584 3642 primum
1634 3571 1849 3639 cadere,
1891 3581 1945 3629 et

348 3671 474 3711 eum
505 3659 769 3726 cecidero,
813 3670 1002 3731 postea
1048 3663 1183 3717 bene
1219 3679 1523 3734 resurgere,
1572 3681 1640 3719 ne
1691 3663 1945 3720 Salvator

348 3764 515 3804 causa
544 3751 677 3806 mihi
706 3751 870 3807 fuerit
902 3754 1058 3810 malae
1087 3755 1275 3821 ruinae,
1313 3756 1410 3811 sed
1435 3765 1722 3825 propterea
1746 3758 1942 3813 cadere

346 3856 437 3895 me
463 3841 616 3909 fecit,
644 3853 705 3898 ut
734 3861 1079 3916 consurgam.
1118 3847 1187 3901 Et
1210 3848 1380 3903 multo
1409 3849 1544 3902 mihi
1574 3849 1728 3904 ruina
1760 3849 1942 3904 utilior

345 3933 535 4002 fuerit,
564 3953 726 4006 quam
774 3938 906 3994 illud
945 3949 1176 4010 tempus,
1211 3957 1318 4012 quo
1360 3943 1584 3998 videbar
1615 3951 1782 4010 stare,
1830 3953 1942 4000 sta-

343 4029 473 4085 bam
501 4029 648 4084 enim
686 4040 933 4100 peccato,
983 4042 1037 4087 et
1083 4034 1210 4104 quia
1237 4044 1460 4104 peccato
1492 4036 1724 4101 stabam,
1764 4036 1940 4105 prima

344 4120 481 4176 mihi
510 4121 720 4177 utilitas
765 4123 884 4187 fuit,
926 4135 984 4178 ut
1030 4127 1280 4181 caderem
1308 4137 1364 4183 et
1407 4136 1633 4198 peccato
1674 4143 1936 4184 morerer.

342 4211 569 4281 Iniquus
595 4227 736 4278 eras,
767 4215 925 4267 cadat
967 4216 1021 4269 in
1053 4225 1107 4271 te
1151 4218 1388 4287 iniquus.
1441 4220 1712 4290 Diligebas
1758 4229 1940 4275 scorta

342 4304 603 4375 primum,
634 4303 688 4358 in
714 4312 766 4358 te
794 4313 1065 4361 scortator
1102 4307 1360 4362 intereat.
1386 4310 1647 4365 Pecczitor
1674 4327 1818 4376 eras,
1851 4328 1941 4366 ca-

344 4396 437 4449 dat
468 4396 521 4449 in
554 4404 606 4449 te
654 4405 928 4466 peccator,
979 4404 1037 4451 ut
1075 4397 1249 4467 possis
1299 4398 1494 4454 dehinc
1545 4415 1832 4471 resurgere
1886 4407 1943 4458 et

343 4484 563 4538 dicere:
611 4482 669 4538 Si
703 4488 1015 4540 commortui
1050 4504 1251 4555 sumus,
1302 4497 1351 4543 et
1393 4491 1761 4558 convivemus;
1811 4503 1858 4546 et
1894 4496 1940 4549 si

345 4575 638 4645 conformes
669 4577 796 4645 facti
834 4596 1014 4633 sumus
1046 4581 1250 4646 mortis,
1288 4581 1581 4651 conformes
1619 4592 1667 4637 et
1708 4600 1938 4639 resurre-

343 4671 530 4724 ctionis
560 4671 753 4725 erimus
781 4671 864 4742 (II
890 4671 1024 4726 Tim.
1052 4689 1090 4728 ll
1118 4691 1132 4740 ;
1167 4672 1316 4727 Rom.
1346 4672 1402 4746 ν)

417 4763 485 4816 Et
539 4765 593 4818 in
650 4765 1078 4820 resurrectionem
1138 4766 1424 4822 multorum
1474 4769 1528 4824 in
1582 4768 1773 4825 Israel.
1833 4770 1936 4844 (Ex

343 4853 534 4927 Beda.)
565 4855 708 4911 Bene
737 4857 791 4911 in
819 4858 1294 4926 resurrectionem,
1324 4860 1448 4928 quia
1478 4859 1658 4916 lumen
1682 4869 1785 4926 est,
1810 4864 1937 4931 quia

345 4945 516 5018 gloria
543 4945 717 5016 plebis
748 4945 929 5012 Israel,
961 4948 1087 5018 quia
1114 4948 1245 5003 dicit
1271 4967 1281 5001 :
1333 4948 1446 5019 Ego
1482 4967 1598 5003 sum
1626 4952 1935 5007 resurrectio

344 5051 390 5096 et
419 5042 544 5105 vita,
579 5040 670 5110 qui
698 5039 861 5094 credit
902 5040 960 5094 in
1008 5057 1112 5108 me,
1141 5040 1348 5096 etiamsi
1389 5051 1628 5097 mortuus
1658 5042 1818 5113 fuerit
1855 5045 1935 5099 vi-

345 5143 420 5188 vet
448 5133 630 5204 (Joan.
663 5132 746 5204 ιι).

418 5223 526 5297 (Ea:
569 5223 833 5298 Ambros.)
888 5224 1019 5282 Duae
1069 5214 1519 5294 resurrectiones,
1570 5243 1680 5282 una
1730 5227 1931 5298 prima,

347 5306 466 5386 quae
497 5333 641 5372 nunc
665 5326 748 5373 est
775 5328 830 5373 et
849 5320 1152 5375 animarum
1181 5329 1282 5388 est,
1316 5337 1435 5392 quae
1469 5323 1656 5378 venire
1683 5339 1791 5381 non
1815 5338 1934 5394 per-

346 5411 514 5464 mittit
545 5410 596 5464 in
627 5419 873 5465 mortem.
926 5411 1192 5478 Secunda,
1245 5415 1310 5468 de
1354 5431 1460 5484 qua
1506 5413 1765 5468 Dominus
1814 5414 1928 5468 ait:

352 5503 505 5557 Venit
537 5505 666 5558 hora
696 5513 744 5558 et
777 5521 913 5558 nunc
953 5515 1050 5570 est,
1099 5507 1306 5578 quando
1356 5507 1547 5562 mortui
1591 5507 1806 5562 audient
1843 5522 1931 5560 vo-

345 5609 455 5648 cem
483 5593 610 5649 Filii
643 5595 763 5664 Dei,
794 5607 842 5652 et
869 5598 958 5669 qui
985 5597 1268 5663 audierint,
1309 5600 1470 5654 virent
1503 5598 1684 5672 (Joan.
1712 5597 1787 5670 v).
1827 5597 1930 5665 Qui

345 5686 639 5754 audierint,
675 5687 830 5756 dixit,
880 5688 971 5758 qui
1000 5689 1322 5756 obedierint,
1359 5691 1451 5761 qui
1495 5691 1843 5755 crediderint,
1875 5698 1932 5745 et

343 5791 517 5850 usque
543 5780 595 5834 in
632 5778 792 5835 ﬁnem
837 5782 1319 5853 perseveraverint.
1353 5780 1470 5836 Alia
1518 5781 1778 5847 secunda,
1808 5797 1930 5852 quae

343 5875 453 5927 non
481 5887 625 5932 nunc
647 5881 752 5944 est,
787 5875 881 5935 sed
910 5875 964 5932 in
994 5874 1176 5934 saeculi
1205 5873 1312 5935 ﬁne
1352 5875 1530 5934 futura
1556 5885 1655 5943 est,
1690 5892 1791 5951 nec
1813 5877 1928 5959 ani:

1957 4625 2014 4687 D

2046 3380 2132 3426 est
2157 3369 2359 3426 doloris
2388 3371 2604 3437 aﬁ‘ectu,
2633 3379 2690 3427 et
2736 3389 2908 3442 usque
2935 3373 3115 3438 hodie,
3141 3382 3197 3428 et
3223 3390 3393 3444 usque
3417 3376 3485 3430 ad
3511 3390 3640 3430 con-

2044 3462 2459 3518 summationem
2497 3463 2702 3529 saeculi,
2752 3465 3040 3534 praesentis
3086 3465 3342 3520 Ecclesia:
3396 3467 3635 3521 animam

2043 3552 2250 3624 gladius
2269 3553 2557 3610 durissime
2603 3554 2968 3612 tribulationis
2989 3558 3322 3628 pertransire
3352 3575 3463 3615 non
3510 3575 3630 3616 ces-

2043 3655 2148 3712 sat,
2181 3662 2301 3701 cum
2329 3647 2482 3717 signo
2527 3645 2672 3712 ﬁdei,
2722 3648 2790 3702 ab
2827 3648 3090 3718 improbis
3137 3652 3460 3718 contradici,
3506 3669 3632 3708 cum

2042 3738 2227 3793 audito
2265 3739 2359 3794 Dei
2386 3741 2550 3795 verbo
2580 3740 2778 3796 multos
2803 3756 2927 3796 cum
2950 3741 3173 3799 Christo
3199 3759 3510 3816 resurgere,
3537 3746 3634 3802 sed

2039 3833 2224 3903 plures
2253 3848 2286 3886 a
2306 3833 2626 3890 credulitate
2661 3849 2841 3902 ruere,
2877 3835 3212 3905 gemebunda
3242 3847 3560 3907 pertractat.

2111 3925 2183 3980 Et
2211 3925 2500 3982 revelentur
2542 3944 2605 3984 ex
2631 3927 2811 3982 multis
2864 3928 3110 3984 cordibus
3136 3931 3498 4000 cogitationes.
3531 3932 3634 4004 (Ex

2040 4019 2292 4092 August.)
2347 4020 2502 4087 Quod
2562 4021 2696 4077 dicit
2748 4040 2760 4076 :
2824 4021 2895 4079 Ut
2944 4021 3286 4078 denudentur
3341 4026 3634 4082 multorum

2041 4111 2284 4166 cordium
2334 4112 2702 4182 cogitationes,
2733 4113 2837 4168 hoc
2863 4112 3268 4183 intelligendum
3298 4123 3449 4184 puto,
3496 4118 3624 4185 quia

2039 4219 2138 4272 per
2163 4203 2377 4257 Domini
2401 4204 2708 4272 passionem
2737 4211 2792 4258 et
2818 4203 3025 4259 insidiae
3043 4203 3353 4261 Judaeorum
3379 4213 3436 4260 et
3466 4206 3630 4262 disci-

2039 4295 2287 4365 pulorum
2317 4294 2609 4349 inﬁrmitas
2631 4297 2825 4364 patuit.

2113 4388 2220 4460 (Ea:
2251 4388 2444 4461 Beda.)
2477 4389 2746 4444 Incertum
2791 4397 2909 4445 erat
2956 4391 3251 4460 quondam,
3291 4392 3385 4461 qui
3415 4390 3631 4450 Ιιιάῖεο-

2039 4497 2160 4538 rum
2198 4483 2430 4554 gratiam
2463 4483 2690 4550 Christi,
2719 4499 2882 4553 quam
2915 4493 3198 4540 venturam
3229 4486 3417 4556 utique
3468 4503 3632 4544 nove-

2041 4582 2184 4641 rant,
2218 4576 2463 4646 reciperc
2496 4575 2740 4630 mallent.
2769 4575 2883 4632 Hac
2926 4577 3072 4632 enim
3102 4578 3385 4633 nativitate
3421 4581 3628 4647 audita,

2040 4668 2293 4725 revelatis
2319 4684 2446 4724 mox
2475 4669 2720 4725 cordium
2751 4671 3189 4741 cogitationibus,
3243 4671 3487 4729 Herodes
3530 4689 3626 4730 rex

2038 4765 2288 4821 turbatus
2309 4773 2410 4830 est,
2442 4772 2497 4819 et
2527 4764 2704 4820 omnis
2728 4763 3101 4835 Hierosolyma
3128 4780 3251 4819 cum
3281 4765 3395 4832 illo,
3444 4774 3629 4836 pasto-

2038 4875 2127 4916 res
2147 4876 2268 4916 cum
2293 4860 2489 4915 timore
2513 4867 2569 4914 et
2591 4859 2788 4930 gaudio
2816 4861 2927 4915 Deo
2969 4858 3184 4916 laudem
3219 4869 3496 4927 resonant,
3525 4863 3626 4918 ho-

2036 4952 2273 5007 minibus
2311 4951 2461 5023 pacis
2508 4952 2757 5006 nuntium
2799 4952 3071 5023 pandunt,
3130 4951 3246 5021 ejus
3277 4953 3524 5008 doctrina
3571 4960 3629 5010 et

2037 5043 2238 5098 virtute
2261 5043 2559 5109 dilfamata,
2587 5043 2678 5098 alii
2705 5043 2772 5098 ad
2800 5058 2924 5098 eum
2956 5043 3109 5114 quasi
3132 5043 3454 5115 magistrum
3484 5045 3627 5100 veri-

2040 5136 2170 5190 tatis
2195 5133 2491 5201 conﬁuunt,
2524 5135 2616 5190 alii
2636 5134 2705 5190 ab
2731 5149 2798 5192 eo
2820 5136 2976 5206 quasi
2995 5135 3281 5191 seductore
3324 5133 3621 5206 refugiunt.

2037 5225 2168 5296 Ejus
2205 5227 2358 5298 signo
2381 5227 2561 5283 crucis
2582 5235 2788 5292 erecto,
2816 5227 2872 5282 hi
2909 5227 3061 5296 quasi
3084 5226 3229 5297 juste
3253 5225 3413 5280 morti
3436 5224 3622 5280 datum

2036 5319 2474 5389 blasphemantes
2495 5317 2725 5374 irrident
2746 5337 2759 5373 :
2781 5317 2858 5373 illi
2883 5317 3040 5388 quasi
3065 5317 3188 5373 vitae
3212 5324 3485 5370 auctorem
3506 5329 3624 5372 mo-

2040 5411 2087 5465 ri
2118 5411 2326 5468 acriter
2350 5410 2553 5466 dolent.
3634 5485 3639 5494 '

2108 5504 2178 5559 Et
2217 5514 2328 5560 erat
2347 5504 2502 5560 Anna
2545 5504 2889 5578 prophetissa,
2938 5505 3054 5574 ﬁlia
3089 5500 3353 5569 Phanuel,
3388 5501 3452 5557 de
3479 5503 3618 5558 tribu

2032 5599 2182 5653 Aser.
2215 5597 2313 5669 (Ex
2355 5597 2546 5669 Beda.)
2576 5598 2796 5652 Arridet
2825 5607 3004 5651 autem
3036 5593 3293 5649 Ecclesiae
3319 5595 3613 5667 mysteriis,

2032 5689 2174 5760 quod
2209 5688 2366 5744 Anna
2392 5697 2448 5744 et
2475 5689 2644 5760 gratia
2669 5688 2786 5758 ejus
2816 5689 3229 5755 interpretatur,
3277 5695 3332 5741 ct
3372 5686 3481 5742 ﬁlia
3533 5697 3619 5741 cst

2031 5781 2295 5850 Phanuel,
2321 5783 2413 5853 qui
2442 5782 2610 5838 facies
2635 5781 2729 5836 Dei
2762 5779 2980 5835 dicitur.
3015 5777 3150 5835 Cum
3189 5777 3614 5851 Psalmographo

2032 5875 2328 5935 decantans
2357 5893 2370 5935 :
2409 5874 2687 5948 Signatum
2713 5881 2788 5931 est
2819 5888 2976 5944 super
2997 5875 3090 5931 nos
3112 5871 3285 5930 lumen
3313 5871 3485 5929 vultus
3511 5867 3614 5937 tui,
