4110 6494
491 351 562 413 ϐἸ
1778 346 2085 418 SHABAGI

2187 343 2452 417 LBBATIS
3679 341 3749 412 ω

491 471 711 529 Domine
737 467 911 540 (Psat.
935 464 1040 539 ἰν).
1070 466 1140 533 Et
1163 465 1231 543 de
1282 464 1426 534 tribu
1445 465 1608 537 Aser,
1629 465 1736 534 hoc
1762 472 1867 532 est,
1897 462 2066 534 beati,
2093 465 2148 549 Α,
2241 457 2385 514 Puer
2603 456 2882 549 crescebat,
2917 465 2968 540 et
2993 457 3392 542 conformantur
3435 457 3621 536 plenus
3665 477 3756 524 sa-

491 565 790 633 descen‘dit,
841 563 935 636 qui
974 563 1121 628 inter
1140 563 1483 634 patriarchas
1534 562 1842 628 duodecim,
1875 560 2070 630 ordine

2169 552 2388 623 pientia,
2409 559 2457 619 et
2485 548 2655 621 gratia
2678 547 2776 624 Dei
2804 558 2916 604 erat
2943 567 3062 604 cum
3083 550 3196 629 ille.
3211 549 3454 632 Notanqa
3477 553 3756 628 distinctio.

493 657 768 723 nascendi,
817 662 900 713 eet
947 661 1193 721 octavus,
1244 655 1311 712 de
1343 669 1449 724 quo
1477 668 1724 720 numero,
1755 653 1880 722 quia
1921 651 2073 712 Novo

2187 643 2480 714 verborum,
2501 641 2627 712 quia
2654 641 2914 712 Dominus
2934 641 3092 700 Jcsus
3118 643 3368 720 Christus
3396 644 3451 712 in
3486 659 3574 728 eq,
3609 645 3757 728 quod

494 750 841 808 Testamento
869 751 942 812 sit
961 764 1136 814 sacer,
1162 748 1408 809 crebrius
1432 756 1518 804 est
1541 747 1896 808 inculcatum.

567 845 676 916 (ΕΦ
698 844 964 918 Ανηόνοεο)
989 843 1126 908 Nam
1147 845 1304 916 Anna
1325 846 1500 918 gratia
1522 843 1640 914 ejus
1663 845 2074 914 interpretatur.

497 943 684 1002 tenens
711 935 942 1006 ﬁguram
966 935 1376 1006 Prophetarum.
1404 935 1511 992 Sed
1546 943 1600 994 et
1641 934 1885 998 Phanuel
1921 943 2076 1006 pater

495 1024 630 1096 ejus,
682 1025 849 1096 facies
901 1029 997 1088 Dei
1056 1013 1478 1100 interpretatur.
1535 1029 1674 1087 Aser
1699 1029 1908 1088 beatus.
1937 1027 2076 1088 Aser

494 1119 687 1186 beatus
737 1119 842 1180 erit
876 1119 1105 1195 ﬁguram
1153 1123 1333 1192 populi
1370 1122 1707 1182 credentium
1743 1129 1949 1187 tenens,
1981 1120 2076 1178 sed

494 1207 581 1265 vel
625 1207 1000 1280 pinguedinem
1041 1209 1197 1290 panis
1225 1211 1633 1282 interpretatur,
1683 1209 1777 1281 qui
1821 1209 1890 1270 de
1936 1209 2075 1270 cmlo

495 1299 792 1360 descendit.

568 1392 700 1450 Haec
725 1404 1046 1465 processerat
1086 1411 1143 1452 tn
1175 1395 1358 1454 diebus
1385 1393 1586 1460 multis,
1623 1401 1672 1450 et
1717 1393 1918 1451 vixerat
1957 1408 2076 1451 cum

498 1486 606 1551 piro
637 1501 732 1552 suo
751 1487 905 1542 annis
927 1497 1118 1557 septem
1138 1503 1172 1540 a
1193 1486 1486 1556 virginitate
1507 1502 1624 1550 sua.
1655 1483 1828 1546 Annis
1848 1491 2074 1553 septem,

497 1574 552 1636 id
574 1583 679 1644 est,
703 1591 973 1649 synagpga
997 1592 1122 1635 cum
1141 1577 1414 1646 heptatico
1443 1577 1528 1638 vel
1547 1585 1734 1648 postea
1754 1592 1850 1646 per
1871 1584 2077 1646 septem

499 1665 637 1724 dona
662 1666 885 1736 spiritus
907 1668 1102 1734 sancti,
1133 1684 1164 1724 a
1185 1669 1642 1739 virginitate-sua,
1665 1668 1792 1740 quia
1815 1683 1940 1726 cum
1961 1668 2078 1740 viro

496 1775 598 1824 suo
625 1767 831 1830 septem
858 1760 1016 1829 annis
1042 1760 1163 1818 fuit.

2171 751 2308 807 puer
2329 742 2464 802 erat,
2488 734 2540 802 id
2565 745 2664 800 est,
2692 736 2935 800 habitum
2961 737 3212 810 humanae
3231 737 3543 814 fragilitatis
3569 739 3759 802 indue-

2174 835 2281 896 rat,
2306 843 2550 884 crescere
2573 835 2630 908 et
2653 826 2949 902 confortari
2977 829 3232 908 habebat.
3255 831 3314 908 in
3343 847 3408 890 eo
3431 847 3583 914 vero,
3611 835 3758 914 quod

2175 921 2337 1000 etiam
2373 922 2598 984 verbum
2647 919 2764 988 Dei,
2796 931 2852 976 et
2892 921 3035 998 Deus
3063 929 3300 998 aeternus
3331 933 3466 998 erat,
3497 939 3598 989 nec
3627 941 3761 999 cop—

2175 1011 2364 1084 fortari
2393 1013 2683 1090 indigebat,
2712 1027 2812 1070 nec
2837 1013 3072 1090 habebat
3099 1016 3305 1096 augeri.
3337 1017 3490 1074 Unde
3516 1020 3761 1078 rectissi-

2174 1121 2281 1174 me,
2307 1105 2497 1180 plcnus
2525 1107 2789 1181 sapientia
2809 1106 3123 1176 perhibetur
3142 1114 3196 1164 et
3216 1109 3393 1182 gratia
3420 1128 3433 1164 :
3479 1108 3760 1187 Sapientia

2175 1199 2415 1274 quidem,
2438 1199 2566 1272 quia
2607 1199 2664 1272 in
2710 1199 2826 1272 ipso
2850 1199 3060 1282 habitat
3089 1202 3268 1277 omnis
3307 1201 3587 1282 plenitudp
3622 1205 3764 1281 divi-

2175 1291 2362 1366 nitatis
2401 1289 2774 1364 corporaliter.
2807 1290 2996 1357 Gratia
3037 1301 3238 1370 autem,
3279 1294 3407 1376 quia
3439 1295 3616 1355 eidem
3644 1311 3764 1372 tne-

2177 1384 2368 1442 diatori
2405 1385 2501 1460 Dei
2536 1392 2592 1440 et
2612 1383 2914 1464 hominum,
2946 1385 3152 1445 homini
3177 1385 3302 1444 Jesu
3325 1387 3544 1468 Christo
3561 1404 3758 1468 magna

2178 1479 2352 1554 gratia
2380 1478 2640 1556 donatum
2667 1486 2774 1544 est,
2805 1485 2866 1552 nt
2902 1487 2969 1554 ex
3007 1495 3116 1550 quo
3141 1480 3304 1556 homo
3334 1479 3454 1538 ﬁeri
3483 1481 3760 1560 piguisset,

2177 1568 2450 1658 perfectus
2487 1579 2635 1628 esset
2658 1578 2715 1626 et
2737 1569 2900 1642 Deus.
2941 1569 3054 1638 Hoc
3100 1572 3380 1653 hominum
3429 1581 3624 1652 natura
3653 1589 3762 1630 non

2178 1661 2391 1732 recipit,
2445 1669 2504 1741 ut
2555 1671 2680 1718 ante
2727 1661 3010 1744 duodecim
3069 1677 3240 1740 annos
3289 1663 3556 1740 sapientia
3617 1679 3764 1743 com-

2177 1751 2409 1832 pleatur,
2443 1753 2712 1832 quomodo
2741 1753 2925 1810 omnia
2978 1752 3035 1808 in
3077 1753 3170 1831 iltp
3208 1753 3480 1832 mirabilia
3519 1751 3760 1828 fuerunt,

569 1851 638 1918 Et
688 1853 800 1908 Ιιωσ
827 1853 1006 1920 vidua,
1028 1869 1188 1924 usque
1209 1853 1278 1913 ad
1321 1869 1487 1913 annos
1525 1861 1788 1924 octoginta
1830 1861 2078 1924 quatuor.
2107 1832 2156 1909 Β
2183 1843 2259 1902 ita
2285 1831 2518 1916 pueritia
2560 1843 2826 1918 mirabilis
2875 1839 2999 1910 fuit,
3026 1849 3087 1898 ut
3115 1843 3209 1920 Dei
3237 1843 3504 1925 sapientia
3531 1843 3766 1922 comple-

499 1944 604 2018 (ΕΣ
629 1946 819 2020 Beda.)
844 1945 1008 2008 Juxta
1035 1946 1372 2010 intellectum
1427 1963 1560 2004 vero
1589 1946 1900 2017 mysticum,
1955 1945 2082 2016 quia

500 2039 796 2096 Ecclesiam
838 2039 1127 2112 signiﬁcat,
1164 2056 1287 2111 quae
1334 2040 1389 2094 in
1433 2039 1689 2110 praesenti
1714 2039 1868 2108 quasi
1899 2037 2083 2108 sponsi

501 2130 825 2200 Dominiqm:
872 2131 956 2186 sui
1001 2138 1086 2192 est
1125 2138 1304 2197 morte
1334 2131 1575 2190 viduata.
1623 2129 1891 2188 Numerus
1918 2130 2083 2186 etiam

500 2235 765 2282 annorum
791 2221 1068 2278 viduitatis
1107 2221 1246 2290 ejus,
1273 2228 1485 2292 tempus
1510 2221 1766 2284 Ecclesiae
1817 2221 2082 2292 designat,

497 2315 704 2396 septies
730 2313 928 2390 quippe
973 2313 1206 2380 duodeni
1244 2314 1522 2385 octoginta
1573 2324 1806 2388 quatuor
1856 2313 2080 2376 faciunt,

498 2410 556 2458 et
593 2410 795 2474 septem
827 2402 1044 2472 quidem
1070 2402 1138 2460 ad
1165 2401 1326 2472 hujus
1354 2403 1533 2468 δεουιὶ
1556 2419 1801 2470 cursum,
1839 2403 1932 2472 qui
1973 2403 2086 2464 dic-

499 2497 602 2554 bus
628 2504 836 2572 septem
881 2495 1139 2562 volvitur,
1196 2495 1479 2556 duodecim
1508 2510 1638 2551 vero
1680 2496 1748 2552 ad
1793 2493 2088 2565 perfectiq-

501 2603 624 2652 nem
675 2587 934 2652 doctrinae
989 2587 1299 2658 apostolicae
1339 2589 1634 2659 pertinent,
1669 2589 1920 2657 ideoque,
1971 2589 2086 2648 sive

502 2676 825 2740 universalis
851 2675 1115 2744 Ecclesia,
1142 2693 1238 2752 seu
1263 2678 1520 2747 quaelibet
1538 2677 1716 2738 anima
1746 2677 1944 2744 ﬁdelis,
1966 2693 2088 2748 qua:

505 2774 675 2844 totum
703 2767 829 2834 vitae
854 2782 965 2834 suae
993 2774 1222 2838 tempus,
1248 2768 1560 2839 apostolicis
1582 2770 1892 2847 mancipare
1931 2781 2090 2830 curat

507 2857 788 2926 institutis,
815 2858 970 2928 quasi
997 2867 1203 2939 septem
1230 2875 1328 2930 per
1352 2860 1418 2916 12
1463 2862 1843 2932 multiplicare,
1864 2872 1919 2921 et
1955 2865 2088 2936 typi-

503 2950 584 3004 cis
638 2950 912 3022 octoginta
955 2958 1187 3021 quatuor
1236 2953 1393 3008 anuis
1441 2953 1670 3011 Domino
1719 2955 1924 3012 servire
1969 2956 2088 3016 lano

503 3039 685 3095 datur.
724 3038 876 3096 Sicut
928 3041 1092 3113 etiam
1145 3050 1358 3114 tempus
1391 3053 1598 3114 septem
1621 3029 1934 3112 .annoﬁtm,
1980 3063 2087 3117 quo

504 3146 627 3190 cum
679 3131 797 3203 viro
855 3147 952 3188 suo
1014 3141 1314 3204 manserat,
1358 3135 1651 3202 Dominicm
1700 3136 2087 3198 incarnationis

505 3223 736 3294 tempori
769 3223 1146 3283 decentissime
1181 3226 1448 3296 congruit.
1481 3225 1800 3296 Septenaria
1825 3245 2080 3300 namque,

503 3321 564 3372 ut
584 3313 718 3386 dixit
746 3331 972 3388 numero
993 3314 1252 3388 perfectio
1269 3317 1405 3373 solet
1425 3318 1682 3389 temporis
1709 3319 1961 3388 indicari,
1989 3322 2085 3380 sed

501 3405 576 3478 ibi
602 3415 823 3480 propter
859 3407 1150 3464 Dominicae
1177 3407 1518 3481 privilegium
1546 3409 1867 3480 majestatis,
1891 3426 1998 3482 quo
2026 3413 2082 3481 in

503 3511 668 3554 carne
698 3506 952 3574 versatus,
981 3497 1139 3568 docui
1164 3499 1409 3571 simplex.
1446 3499 1664 3570 Septem
1691 3517 1954 3567 annorum
2003 3516 2088 3571 est

505 3604 768 3665 numerus
787 3603 1098 3662 expressus,
1123 3589 1214 3646 hic
1234 3590 1304 3646 ob
1328 3591 1649 3662 Apostolicac
1671 3593 1886 3650 culmen
1915 3595 2088 3672 digni-

507 3682 634 3741 tatis
669 3690 875 3758 septem
901 3683 1029 3754 anni
1055 3698 1154 3754 per
1185 3683 1466 3740 duodecim
1493 3686 1934 3758 multiplicantur.

584 3773 716 3846 Quae
737 3791 840 3839 non
865 3775 1158 3832 discedebat
1179 3777 1242 3832 de
1281 3777 1471 3848 templo
1507 3779 1731 3850 jejuniis
1766 3793 1814 3838 et
1853 3783 2090 3844 obsecra-

506 3864 734 3943 tionibus
769 3865 991 3923 serviens
1030 3876 1175 3936 nocte
1202 3885 1264 3924 ac
1293 3869 1378 3924 die
1405 3869 1506 3942 (Ex
1540 3869 1746 3944 nulla).
1796 3873 2087 3944 Multorum

507 3956 651 4029 enim
681 3971 944 4034 annorum
976 3958 1137 4034 vidua
1162 3959 1284 4034 luit,
1313 3969 1366 4016 et
1389 3961 1512 4039 talis
1541 3962 1718 4029 vidua,
1748 3967 1961 4036 qualem
1991 3969 2086 4024 de-

506 4045 696 4100 scribit
737 4045 1025 4118 Apostolus
1055 4067 1068 4104 :
1097 4047 1215 4126 Non
1263 4051 1316 4117 in
1349 4052 1554 4127 deliciis
1605 4055 1814 4121 vivens,
1869 4073 1936 4113 ne
1965 4058 2086 4116 viva

507 4131 790 4212 moriatur,
832 4135 925 4189 sed
952 4135 1246 4205 persistens
1267 4137 1320 4194 in
1351 4141 1685 4218 orationibus
1716 4151 1874 4196 nocte
1890 4149 1946 4198 et
1975 4144 2084 4209 die.

507 4219 724 4276 Orando
745 4237 874 4294 ergo
899 4231 954 4278 ct
978 4224 1172 4280 multos
1201 4241 1373 4282 annos
1415 4231 1764 4302 supplicando
1790 4233 2084 4305 humiliter,

507 4311 690 4368 videre
717 4316 914 4387 meruit
938 4317 1215 4383 humilem,
1243 4334 1402 4388 quem
1434 4322 1694 4397 adorabat
1723 4326 2012 4382 excelsius.

579 4403 649 4456 Et
679 4404 790 4457 lucc
815 4405 925 4479 ipsa
939 4405 1068 4459 hora
1088 4412 1818 4482 superveniens,conﬁtebatur
1841 4401 2086 4486 Domino,

509 4503 556 4549 et
583 4493 888 4566 loquebatur
915 4497 978 4551 de
1007 4497 1098 4552 illo
1119 4501 1358 4562 omnibus
1394 4506 1480 4581 qui
1503 4507 1868 4580 exspectabant
1893 4508 2090 4581 redem-

507 4591 734 4666 ptionem
770 4588 960 4650 Israel.
1010 4591 1357 4664 Propltetavit
1400 4579 1637 4664 Simeon,
1675 4579 2092 4676 proplietaverat

512 4681 760 4752 copulata
785 4683 1051 4759 conjugio,
1073 4688 1495 4757 prophetaverat
1519 4679 1687 4762 virgo,
1716 4672 1899 4748 debuit
1924 4694 2089 4748 etiam

512 4773 692 4840 vidua,
725 4768 916 4846 nequa
941 4785 1033 4830 aut
1056 4777 1324 4848 professio
1372 4781 1601 4847 deesset,
1664 4794 1758 4837 aut
1807 4799 1986 4849 sexus,
2037 4793 2095 4840 et

513 4862 634 4944 ideo
663 4865 835 4931 Anna,
877 4875 932 4921 et
965 4871 1248 4939 stipendiis
1271 4871 1563 4938 viduitatis,
1598 4881 1653 4925 et
1681 4873 1920 4927 moribus
1971 4875 2092 4930 talis

517 4956 808 5034 inducitur,
835 4967 893 5012 ut
917 4961 1076 5030 digna
1103 4961 1262 5032 plane
1305 4963 1473 5018 fuisse
1526 4963 1798 5030 credatur,
1838 4980 1956 5034 qua:
2007 4981 2094 5020 rc-

515 5047 848 5129 demptorem
877 5037 1115 5130 omnium
1139 5055 1351 5109 venisse
1375 5055 1669 5130 nuntiaret.
1939 5041 1946 5050 ’

586 5139 652 5194 El
683 5151 736 5194 ut
764 5129 1092 5216 perfecerunt
1123 5147 1298 5226 omnia
1339 5147 1622 5222 secundant
1657 5129 1825 5219 legem
1856 5147 2092 5216 Domini,

518 5233 705 5286 reversi
739 5245 865 5290 sunt
893 5236 949 5290 in
981 5235 1255 5291 Galilaeam
1287 5239 1545 5292 civitatem
1587 5255 1740 5292 suam
1797 5237 2088 5294 Nazareth.

517 5325 616 5396 (Ex
637 5325 828 5399 Beda.)
855 5327 1209 5385 Prmtermisit
1237 5330 1338 5384 hoc
1361 5329 1478 5385 loco
1506 5312 1697 5395 Lucas,
1741 5347 1858 5402 quze
1895 5348 1924 5411 a
1959 5331 2092 5412 blat-

516 5411 655 5474 thieo
678 5421 809 5478 satis
831 5424 1074 5498 exposita
1099 5431 1341 5497 noverat,
1369 5422 1654 5502 Dominum
1693 5425 1942 5508 videlicet
1969 5436 2091 5510 post

514 5507 649 5576 haec,
683 5527 751 5568 ne
773 5515 841 5569 ab
869 5513 1080 5570 Herode
1103 5513 1375 5568 necandus
1399 5507 1752 5583 inveniretur,
1795 5507 2090 5591 zEgyﬁtum

501 5615 547 5684 la
573 5604 886 5670 parentibus
929 5620 1048 5660 esse
1077 5601 1330 5670 delatura,
1368 5603 1727 5678 defunctoque
1757 5608 1970 5665 Herode
2011 5611 2092 5666 sic

517 5693 734 5751 demum
747 5699 1019 5774 Galilruam
1037 5713 1308 5754 reversum
1323 5698 1613 5770 Nazarcth,
1643 5703 1918 5760 civitatem
1937 5721 2089 5760 suam

519 5787 824 5848 inhabitare
853 5792 1098 5864 coepisse.

2182 1948 2352 2021 retur.

2808 2023 3128 2066 CONCORDIA.

2257 2100 2461 2155 Harum
2487 2099 2742 2166 duarum,
2770 2100 2900 2155 etin
2927 2107 3124 2167 matre,
3156 2109 3212 2155 ct
3235 2100 3289 2156 in
3313 2099 3432 2188 lege
3467 2097 3528 2154 ﬁt
3547 2113 3769 2163 concor-

2187 2192 2275 2248 dia
2294 2191 2686 2248 lectionum.ln
2713 2199 2908 2257 matre,
2935 2193 3061 2261 quia
3079 2191 3366 2261 Apostolus
3388 2192 3546 2247 dicit:
3567 2190 3766 2246 Natum

2187 2298 2251 2337 ea:
2273 2281 2508 2336 muliere.
2533 2281 2880 2353 Evangelium
2904 2281 3070 2336 dicit:
3114 2279 3262 2334 Dixit
3295 2279 3364 2335 ad
3386 2277 3616 2335 Mariam
3655 2297 3770 2334 ma—

2187 2382 2318 2427 trem
2345 2373 2478 2443 ejus.
2499 2372 2558 2427 In
2581 2373 2719 2446 lege,
2751 2375 2874 2446 quia
2901 2371 3190 2443 Apostolus
3219 2371 3350 2428 dicit
3377 2391 3388 2426 :
3422 2370 3647 2426 Factum
3671 2371 3768 2426 sub

2187 2462 2315 2533 lege.
2345 2462 2690 2534 Evangelium
2723 2463 2888 2518 dicit:
2919 2454 2989 2516 Et
3027 2471 3084 2516 ut
3110 2461 3439 2534 perfecerunt
3467 2463 3646 2517 omnia
3689 2479 3769 2517 se-

2189 2553 2417 2608 cundum
2448 2553 2611 2624 legem
2639 2553 2872 2608 Domini.
2910 2543 3138 2627 Legales
3183 2553 3329 2610 enim
3382 2553 3629 2625 legaliter
3670 2568 3770 2624 pro

2187 2645 2280 2702 illo
2305 2646 2497 2702 oblata:
2523 2654 2648 2701 sunt
2676 2648 3031 2702 czeremonize.

2614 2756 2678 2812 IN
2707 2757 2820 2812 DIE
2847 2757 3332 2817 THEOPHANUE.

2471 2865 2662 2920 LECTIO
2695 2867 2846 2906 ιεΑιιε
2879 2861 3194 2920 ΡΒΟΡΗΕΤᾸΞ,
3245 2869 3364 2916 CAP.
3395 2869 3484 2935 [ιζ.

2267 2971 2286 3004 ‹
2333 2951 2525 3025 Surge,
2544 2954 2850 3034 illuminare
2878 2954 3235 3034 Hierusalem,
3263 2957 3390 3032 quia
3409 2955 3558 3032 venit
3589 2955 3770 3015 lumen

2196 3070 2216 3118 ς
2263 3061 2435 3130 tuum,
2454 3060 2509 3108 et
2529 3053 2698 3132 gloria
2721 3053 2932 3110 Domini
2947 3069 3109 3127 super
3135 3061 3190 3109 te
3211 3062 3330 3110 orta
3355 3061 3459 3124 est.
3485 3052 3621 3120 Quia
3643 3068 3770 3109 ecce

2195 3162 2214 3220 ς
2263 3146 2499 3221 tenebrae
2524 3145 2772 3218 operient
2795 3154 3018 3224 terram,
3055 3155 3109 3215 et
3129 3145 3304 3220 caligo
3323 3143 3568 3217 populos,
3607 3159 3771 3214 super

2195 3257 2216 3312 ς
2262 3247 2316 3294 te
2361 3246 2544 3305 autem
2603 3239 2811 3300 orietur
2861 3237 3142 3313 Dominus,
3187 3247 3241 3310 et
3268 3237 3438 3311 gloria
3485 3233 3602 3307 ejus
3633 3236 3689 3290 in
3721 3246 3773 3306 ιβ

2193 3349 2213 3383 ι
2259 3331 2546 3406 videbitur.
2581 3329 2650 3406 Et
2678 3329 3031 3391 ambulabunt
3067 3339 3254 3407 gentes
3311 3329 3365 3402 in
3407 3328 3610 3402 lumine
3655 3336 3768 3394 tuo,

2194 3438 2214 3474 ι
2256 3429 2314 3478 et
2339 3436 2494 3499 reges
2533 3421 2589 3478 in
2632 3420 2917 3494 splendore
2967 3429 3120 3478 ortus
3154 3420 3252 3488 tui,
3284 3420 3403 3477 leva
3441 3420 3496 3496 in
3545 3419 3775 3495 circuitu

2193 3531 2214 3590 ᾳ
2257 3513 2443 3592 oculos
2497 3521 2619 3570 tuos
2646 3522 2704 3592 et
2739 3514 2882 3582 vide,
2907 3528 3097 3580 omnes
3137 3514 3225 3572 isti
3257 3512 3570 3588 congregati
3623 3519 3772 3588 sunt,

2195 3623 2214 3658 ι
2257 3614 2524 3662 venerunt
2561 3605 2683 3661 tibi.
2729 3605 2854 3665 Filii
2882 3606 2958 3662 tui
2986 3605 3054 3663 de
3080 3605 3238 3674 longe
3289 3605 3531 3682 venient,
3559 3611 3614 3682 et
3649 3602 3773 3682 tilia:

2193 3715 2215 3750 ‹
2257 3705 2364 3754 tuae
2384 3696 2453 3754 de
2483 3697 2653 3774 latere
2695 3705 2936 3775 surgent.
2981 3691 3132 3754 Tunc
3157 3696 3368 3752 videbis
3412 3704 3468 3754 et
3495 3694 3678 3776 alliues
3721 3701 3778 3772 et

2195 3809 2216 3844 ι
2255 3791 2544 3868 mirabitur
2593 3790 2992 3868 ctdilatabitur
3041 3806 3134 3846 cor
3162 3797 3332 3858 tuum,
3383 3789 3601 3866 quando
3647 3804 3778 3845 con-

2196 3900 2216 3934 c
2259 3898 2415 3938 versa
2442 3881 2612 3940 fuerit
2639 3883 2706 3940 ad
2737 3893 2789 3943 te
2824 3882 3115 3956 multitudo
3141 3883 3327 3949 maris,
3360 3881 3620 3960 fortitudo
3648 3897 3777 3957 gen-

2195 3991 2214 4025 t
2262 3973 2396 4028 tium
2425 3975 2638 4030 venerit
2663 3975 2782 4054 tibi.
2807 3973 3447 4030 luundatioCamelorum
3475 3973 3680 4044 operiet
3701 3981 3772 4039 te,

2197 4081 2217 4116 ι
2263 4063 2600 4120 Dromedarii
2629 4065 2841 4120 Madian
2870 4072 2926 4121 et
2953 4065 3126 4140 pra.
3173 4061 3376 4120 Omnes
3423 4065 3489 4123 dc
3516 4061 3658 4125 Saba
3683 4077 3778 4117 vc-

2199 4175 2217 4232 ς
2259 4156 2427 4222 nient,
2461 4172 2651 4231 aurum
2673 4167 2727 4212 et
2758 4158 2882 4214 thus
2913 4157 3240 4224 deterentes,
3264 4165 3319 4212 et
3345 4155 3564 4210 laudem
3597 4153 3778 4227 Domi-

2196 4265 2216 4300 t
2262 4263 2333 4303 no
2374 4233 2778 4330 annuntiautes.
2841 4249 3013 4330 omne
3053 4267 3220 4322 pecus
3248 4249 3422 4324 Cedar
3475 4261 3775 4324 lcongrega-

2193 4359 2213 4392 t
2259 4341 2404 4402 bitur
2427 4342 2544 4408 tibi,
2568 4325 3057 4413 arietesNabaioth
3087 4338 3470 4396 ministrabunt
3495 4336 3612 4390 tibi.
3661 4355 3680 4387 ι

2263 4431 2432 4503 Surge
2455 4475 2469 4500 ,
2497 4433 2798 4490 illuminare
2830 4429 3187 4498 Hierusalem,
3229 4429 3354 4500 quia
3411 4427 3546 4481 venit
3601 4425 3778 4482 lumen

2193 4533 2360 4592 tuum.
2416 4524 2518 4594 (Ex
2545 4522 2790 4600 Hieron.)
2828 4521 3085 4578 Ecclesia:
3135 4519 3354 4598 dicitur,
3383 4533 3504 4590 quae
3539 4519 3774 4592 primum

2193 4612 2260 4667 de
2290 4611 2516 4668 Judaico
2551 4612 2746 4682 populo
2783 4620 3108 4692 congregata
3161 4620 3264 4676 est,
3317 4621 3372 4667 et
3399 4611 3600 4678 lumen,
3631 4611 3776 4683 quod

2191 4692 2354 4773 super
2381 4719 2501 4760 eam
2541 4713 2720 4759 ortum
2753 4703 2950 4776 fuerat,
3001 4720 3098 4774 per
3137 4703 3410 4774 apostolos
3473 4703 3778 4760 transmisit

2190 4777 2262 4878 ad
2289 4806 2500 4870 gentes,
2555 4801 2642 4868 cui
2668 4798 2909 4854 dicitur:
2956 4795 3144 4870 Surge,
3168 4797 3490 4863 illuminare,
3541 4804 3602 4852 ut
3655 4812 3777 4868 qua:

2191 4887 2388 4946 cecidit
2409 4889 2462 4949 in
2489 4889 2800 4956 incredulis,
2833 4899 3020 4960 surgat
3050 4890 3104 4944 in
3134 4889 3423 4950 ﬁdelibus:
3461 4905 3582 4960 quae
3627 4887 3775 4944 ceci-

2300 4981 2354 5061 in
2377 4979 2684 5060 synagogis,
2709 4990 2895 5061 surgat
2915 4981 2970 5062 in
3001 4981 3282 5062 Ecclesiis.
3309 4980 3469 5060 Venit
3497 4983 3641 5060 enim
3691 4982 3775 5038 lu-

2197 5087 2321 5126 men
2351 5079 2521 5138 tuum,
2549 5073 2693 5141 quod
2722 5073 2818 5128 tibi
2851 5089 3040 5128 omnes
3061 5075 3338 5144 prophetae
3364 5073 3774 5156 pollicebantur,

2197 5163 2339 5250 quod
2356 5164 2557 5246 iugiter
2589 5165 2964 5241 exspectabas.

2270 5251 2336 5305 Et
2360 5251 2529 5324 gloria
2567 5253 2779 5310 Domini
2820 5272 2976 5332 super
3019 5264 3068 5318 te
3111 5264 3226 5334 orta
3253 5266 3347 5338 est.
3424 5257 3551 5324 [deo
3603 5256 3773 5330 gloria

2194 5344 2427 5410 Domini,
2471 5361 2592 5416 quae
2639 5348 2913 5426 quondam
2950 5345 3063 5402 fuit
3097 5364 3259 5419 super
3286 5349 3692 5406 tabernaculum
3720 5357 3774 5404 et

2194 5434 2454 5518 templum
2475 5435 2610 5516 ejus,
2631 5453 2795 5510 super
2823 5447 2876 5494 te
2901 5448 3022 5494 orta
3051 5450 3157 5496 est.
3205 5440 3278 5496 De
3306 5458 3411 5519 qua
3433 5441 3636 5502 dictum
3657 5450 3770 5496 est:

2196 5523 2443 5581 Gloriosa
2469 5522 2610 5582 dicta
2633 5536 2758 5596 sunt
2786 5529 2851 5584 de
2894 5538 2944 5584 te
2963 5529 3157 5586 civitas
3194 5529 3289 5608 Dei
3321 5529 3493 5604 (Psal.
3525 5531 3774 5614 txntx).
3813 5541 3830 5552 ’

2271 5614 2409 5682 Quia
2438 5633 2552 5699 ecce
2569 5618 2792 5676 tenebrat
2812 5623 3042 5692 operient
3063 5631 3275 5676 terram.
3337 5619 3393 5674 ld
3419 5630 3522 5687 est,
3551 5623 3643 5698 qui
3668 5629 3756 5678 ter-

2199 5723 2328 5766 rena
2352 5710 2585 5781 sapiunt.

2277 5801 2338 5855 Et
2377 5799 2544 5874 caligo
2573 5804 2808 5876 populos.
2885 5805 3010 5861 Sive
3061 5813 3119 5860 ut
3165 5805 3218 5860 in
3255 5803 3521 5872 Hebraico
3557 5804 3770 5883 legltur,
