4110 6528
431 407 496 463 71
1710 377 2067 444 SMARAGDI
2103 375 2392 438 ABBATIS
3625 363 3698 419 72

439 542 460 577 ‹
503 538 645 587 rum,
682 522 805 576 thus
844 523 901 574 et
917 513 1212 587 myrrham.
1272 507 1345 564 Et
1390 519 1652 578 responso
1701 509 1925 573 accepto
1953 500 2009 555 in
2035 501 2221 560 Anon
2269 483 2545 557 nostram,
2583 501 2693 544 non
2731 484 2862 587 coeli
2879 523 2894 551 ,
2935 479 3231 587 sed‘Regis
3266 477 3556 587 quinnatus
3589 484 3694 587 est.

441 636 460 668 ‹
505 614 708 671 somnis
736 627 804 667 ne
826 609 1067 666 redirent.
1093 604 1161 659 ad
1208 600 1499 663 Herodem,
1552 613 1651 670 per
1677 596 1839 652 aliam
1867 593 2012 651 viain

443 727 461 759 ι
505 705 707 763 reversi
734 710 860 759 sunt
886 701 939 756 in
967 698 1244 770 regionem
1267 709 1442 750 suam.
1479 712 1496 745 ι

510 818 642 874 Cum
664 829 817 871 natus
840 820 972 868 esset
992 809 1149 865 Iesus
1176 809 1233 862 in
1264 804 1529 861 Bethleem
1557 801 1738 857 Judte.
1787 797 2018 853 Pulchre

439 919 620 966 autem
659 909 856 964 dicitur
896 904 1176 960 Bethleem
1202 899 1352 955 Iudae
1379 897 1446 952 ad
1473 893 1876 951 distinctionem
1903 886 2021 956 ejus

439 1003 717 1059 Bethleem
744 1014 865 1070 quae
890 998 942 1051 in
966 995 1185 1051 Galilaea
1220 993 1322 1047 sita
1343 996 1446 1054 est,
1477 988 1617 1043 sicut
1644 986 1699 1040 in
1723 983 1847 1038 Jesu
1877 979 2024 1035 volu~

440 1096 586 1150 mine
605 1090 831 1163 reperiri
868 1094 1048 1159 potest
1081 1085 1264 1158 (Josue
1289 1083 1425 1153 χιχ).
1463 1080 1560 1136 Est
1581 1077 1725 1133 enim
1748 1072 2022 1129 Bethleem

443 1186 635 1242 civitas
665 1180 858 1246 David,
913 1194 1034 1249 qua:
1066 1176 1252 1232 mundi
1299 1172 1484 1245 genuit
1516 1169 1873 1229 salvatorem,
1906 1177 2026 1232 quae

443 1278 594 1350 prius
627 1274 865 1343 Ephrata
898 1277 1091 1325 vocata
1114 1275 1216 1332 est,
1261 1265 1348 1321 cui
1375 1263 1543 1318 Jacob
1570 1268 1782 1331 postea,
1807 1255 2026 1328 quando

447 1370 518 1426 ibi
544 1381 743 1439 pecora
767 1379 864 1420 sua
894 1362 1044 1433 pavit
1063 1390 1092 1426 ,-
1113 1357 1404 1413 Bethleem
1425 1368 1644 1418 nomen,
1671 1349 1903 1419 quodam
1932 1362 2027 1400 va-

448 1459 631 1515 ticinio
659 1457 826 1511 futuri
879 1451 1173 1524 imposuit,
1226 1447 1371 1518 quod
1417 1446 1610 1501 domus
1658 1440 1812 1511 panis
1864 1439 2028 1493 inter-

445 1557 693 1621 pretatur
767 1553 988 1617 propter
1033 1556 1158 1598 eum
1199 1552 1397 1611 panem
1441 1535 1535 1606 qui
1581 1533 1656 1588 ibi
1691 1533 1756 1588 de
1781 1530 1919 1586 coelo
1943 1529 2030 1584 de-

447 1642 673 1698 scendit.

518 1757 588 1811 In
613 1755 793 1810 diebus
827 1752 1052 1807 Herodis
1081 1751 1237 1821 regis.
1295 1747 1396 1803 Hic
1437 1745 1680 1801 Herodes
1727 1738 2032 1811 Antipatris

2187 586 2297 662 (Ea:
2319 580 2566 656 August.)
2599 580 2709 635 Nos
2737 575 2955 646 quidem
2985 574 3084 630 sub
3119 570 3232 627 fato
3273 569 3553 626 stellarum
3582 567 3704 624 nul-

2114 657 2222 734 lius
2249 675 2484 732 hominis
2517 669 2760 744 genesim
2785 666 3038 739 ponimus
3059 704 3073 729 ,
3105 669 3308 733 quanto
3344 660 3528 714 minus
3556 657 3706 714 illius

2118 766 2469 840 temporalem
2499 761 2902 836 generationem
2931 754 3031 812 sub
3068 760 3342 810 astrorum
3365 750 3706 816 conditione,

2120 861 2409 916 credamus
2429 857 2650 920 factam,
2676 853 2768 925 qui
2791 859 2874 908 est
2893 857 3130 905 aeternus
3150 847 3533 919 universorum
3556 857 3710 900 crea-

2122 961 2208 1007 tor
2229 958 2285 1006 et
2308 948 2588 1005 Dominus.
2619 945 2806 1014 Itaque
2823 943 2912 998 illa
2928 940 3082 998 stella
3104 954 3269 1010 quam
3294 937 3542 993 viderant
3567 935 3709 1006 Magi

2123 1043 2342 1099 Christo
2371 1041 2426 1095 in
2451 1053 2618 1094 carne
2655 1043 2816 1102 nato,
2855 1049 2965 1088 non
2997 1033 3065 1088 ad
3093 1032 3373 1088 decretum
3395 1027 3712 1083 dominaba-

2125 1142 2232 1198 tur,
2261 1133 2357 1188 sed
2388 1132 2456 1186 ad
2486 1128 2860 1185 testimonium
2882 1124 3263 1180 famulabatur.
3297 1121 3408 1179 Nec
3439 1121 3556 1193 ejus
3586 1122 3713 1177 sub-

2121 1225 2340 1298 jacebat
2368 1223 2618 1293 imperio,
2644 1219 2743 1276 sed
2771 1217 3043 1273 indicabat
3058 1215 3337 1287 obsequio.
3351 1214 3583 1269 Proinde
3606 1228 3712 1269 nou

2128 1337 2194 1377 ex
2216 1321 2322 1374 illis
2343 1327 2465 1374 erat
2505 1319 2621 1372 haec
2647 1314 2820 1371 stellis
2846 1330 2966 1385 quae
2997 1314 3065 1369 ab
3107 1312 3264 1368 initio
3314 1320 3583 1368 creaturae
3612 1312 3717 1366 iter

2128 1426 2287 1467 suum
2311 1409 2663 1476 ordinemque
2692 1406 2792 1461 sub
2821 1405 3090 1460 creatoris
3118 1403 3234 1474 lege
3259 1401 3594 1459 custodiunt.
3619 1403 3716 1458 sed

2128 1519 2272 1560 novo
2300 1501 2525 1572 virginis
2554 1507 2712 1570 partu
2739 1513 2942 1553 novum
2974 1497 3124 1552 sidus
3145 1495 3414 1564 apparuit,
3439 1494 3583 1565 quod
3608 1508 3719 1565 my-

2131 1596 2358 1652 sterium
2401 1591 2560 1648 ofﬁcii
2615 1591 2732 1656 sui,
2774 1590 2938 1645 etiam
2991 1588 3122 1658 ipsis
3152 1587 3321 1658 Magis
3346 1586 3717 1656 quaerentibus

2133 1686 2432 1750 Christum,
2458 1699 2580 1740 cum
2629 1693 2755 1738 ante
2806 1680 2998 1736 faciem
3029 1678 3271 1749 praeiret,
3317 1677 3582 1740 exhibuit,
3616 1675 3716 1729 do-

2138 1794 2239 1834 nec
2268 1792 2361 1832 eos
2389 1790 2560 1844 usque
2580 1775 2649 1829 ad
2680 1773 2854 1842 ipsum
2901 1770 3079 1825 locum
3109 1768 3203 1824 ubi
3233 1767 3330 1823 Dei
3364 1767 3605 1822 Verbum
3635 1766 3718 1820 in-

449 1846 872 1937 Ascalonitidis,
900 1843 1090 1937 matris
1144 1856 1275 1937 vero
1305 1838 1557 1910 Cypridis
1609 1835 1858 1937 Arabicae
1885 1831 2028 1937 ﬁlius
2057 1860 2105 1920 B
2284 1877 2422 1934 erat,
2457 1831 2748 1937 ὑπειληδο
2771 1862 3117 1934 perduceret.

449 1937 569 2003 fuit,
604 1937 695 2008 qui
742 1936 931 1991 morbo
976 1933 1260 1990 intercutis
1308 1947 1484 2001 aquae,
1550 1926 1886 1984 scatentibus
1917 1932 2030 1979 toto

453 2044 678 2101 corpore
720 2027 998 2085 vermibus
1040 2023 1316 2080 tricesimo
1338 2021 1569 2092 septimo
1598 2018 1748 2088 regni
1779 2017 1861 2072 sui
1890 2031 2033 2071 anno

451 2130 699 2178 mortuus
725 2131 829 2177 est.
862 2119 975 2175 Sub
1003 2119 1163 2190 hujus
1203 2117 1312 2172 ﬁlio
1340 2113 1573 2178 Herode,
1634 2112 1884 2168 Christus
1911 2124 2035 2180 pas-

453 2231 548 2272 sus
569 2223 672 2270 est.
701 2213 839 2269 Nam
873 2220 927 2267 et
959 2213 1078 2267 ideo
1098 2225 1256 2282 reges
1277 2217 1333 2264 et
1359 2209 1526 2263 duces
1546 2204 1698 2260 Iuda:
1720 2203 1879 2258 istius
1900 2210 2038 2256 tem-

453 2308 604 2379 poris
622 2306 939 2378 alienigena:
965 2304 1295 2367 referuntur,
1324 2300 1450 2371 quia
1477 2297 1792 2369 praedictum
1818 2294 1996 2350 fuerat
2021 2310 2034 2347 :

455 2395 575 2453 Non
604 2397 821 2453 deﬁciet
863 2395 1116 2467 princeps
1145 2394 1210 2449 de
1247 2387 1406 2456 Juda,
1454 2404 1555 2444 nec
1593 2388 1700 2443 dux
1745 2388 1810 2442 de
1834 2385 2040 2440 femore

456 2491 575 2562 ejus
612 2492 784 2546 donec
811 2491 1017 2554 veniat,
1041 2488 1128 2543 cui
1158 2484 1544 2556 repromissum
1573 2490 1676 2549 est,
1717 2487 1774 2536 et
1799 2480 1914 2550 ipse
1937 2477 2042 2533 erit

456 2584 789 2656 exspectatio
818 2582 1058 2655 gentium
1087 2576 1240 2651 (Gen.
1271 2575 1442 2649 χιιι).

492 2720 496 2724 ι
532 2697 665 2752 Ecce
700 2694 847 2766 Magi
873 2695 938 2748 ab
967 2692 1181 2749 Oriente
1204 2697 1474 2748 venerunt.
1505 2689 1675 2760 Igitur
1702 2688 1830 2746 dum
1862 2687 2046 2743 oriens

460 2799 563 2857 est,
594 2791 688 2860 qui
717 2789 996 2860 quaeritur,
1027 2787 1149 2843 ideo
1203 2787 1351 2842 enim
1392 2786 1461 2840 ab
1487 2784 1703 2841 oriente
1751 2782 2045 2848 indicatur,

462 2886 589 2956 quia
614 2885 728 2956 ipse
755 2883 823 2937 ad
853 2881 1205 2950 semetipsum
1233 2895 1334 2935 nos
1353 2877 1523 2934 ducit.

523 2997 945 3070 Hierosolymam
1003 2996 1252 3050 dicentes.
1304 2994 1430 3050 Ideo
1479 2990 1911 3062 Hierosolymam
1956 3002 2052 3043 ve-

464 3097 685 3156 nerunt,
717 3089 842 3162 quia
862 3087 928 3142 de
957 3085 1089 3143 Sion
1115 3087 1274 3140 exibit
1305 3084 1389 3140 lex
1418 3093 1468 3139 et
1503 3083 1714 3139 verbum
1746 3080 1959 3135 Domini
1987 3079 2051 3134 de

468 3179 802 3236 Hierusalem
826 3179 960 3253 (Isa.
987 3179 1073 3251 ιι).
1100 3177 1223 3233 Sive
1248 3184 1306 3232 ut
1335 3175 1504 3231 Judzei
1539 3176 1852 3246 ignorantes
1883 3172 2049 3227 Ebria

2207 1959 2420 2034 (ναις.)
2453 1958 2636 2029 Magos
2667 1957 2761 2028 qui
2803 1958 2871 2012 ad
2916 1953 3250 2011 adorandum
3280 1951 3570 2008 Dominum
3596 1965 3720 2020 per-

2137 2059 2417 2118 rexerunt,
2452 2051 2671 2121 quidam
2715 2065 2784 2104 ex
2831 2048 3087 2120 progenie
3133 2046 3302 2102 fuisse
3334 2045 3553 2100 Balaam
3598 2039 3737 2098 exi?

2139 2147 2382 2210 stimaut,
2424 2142 2665 2200 eruditos
2705 2142 2759 2195 in
2785 2140 3146 2195 astronomiea
3177 2136 3483 2208 disciplina,
3514 2144 3567 2191 et
3594 2135 3723 2191 stel-

2137 2238 2246 2293 lam
2277 2237 2422 2292 illam
2453 2251 2563 2290 non
2588 2249 2656 2288 ex
2680 2233 2825 2289 notis
2849 2231 3018 2287 fuisse
3047 2232 3335 2295 sideribus,
3366 2231 3564 2301 quippe
3595 2229 3724 2300 quia

2143 2347 2243 2387 nec
2299 2329 2488 2384 eodem
2541 2325 2751 2382 caelesti
2795 2323 2986 2379 ordine
3039 2321 3360 2377 movebatur
3401 2329 3462 2375 ut
3491 2327 3718 2374 aeterm.

2141 2423 2269 2478 Ilaec
2287 2420 2434 2475 enim
2463 2419 2529 2473 ad
2556 2417 2732 2472 locum
2763 2416 2819 2470 in
2847 2429 2954 2484 quo
2979 2421 3138 2469 natus
3164 2421 3283 2469 erat
3311 2411 3594 2477 Dominus,
3627 2410 3725 2466 de-

2142 2511 2496 2570 monstrando
2518 2517 2650 2564 nutu
2689 2507 2912 2579 preprio
2934 2506 3228 2561 ferebatur.

2213 2605 2319 2660 Alii
2345 2604 2532 2658 dicunt
2562 2609 2784 2671 nepotes
2811 2599 3032 2654 Balaam
3086 2612 3205 2652 esse
3254 2595 3348 2650 filii
3397 2593 3560 2658 Beor,
3593 2593 3723 2664 quia

2145 2707 2348 2755 sectam
2374 2695 2489 2766 ejus
2521 2694 2693 2750 secuti
2745 2700 2890 2748 sunt.
2924 2691 3031 2748 Alii
3061 2690 3246 2747 dicunt
3285 2689 3481 2744 Persas
3530 2685 3721 2752 fuisse,

2147 2799 2209 2846 ut
2234 2798 2410 2846 metro
2437 2787 2703 2844 Canorius
2727 2785 2860 2842 dicit
2886 2803 2898 2840 :

2241 2905 2367 2957 Tum
2390 2904 2533 2967 jubet
2556 2911 2610 2955 et
2631 2902 2816 2953 Perses
2836 2899 3059 2952 celerem
3081 2862 3388 2964 pertendere
3402 2907 3648 2957 gressum.

2219 3000 2582 3070 Hieronymus
2608 2996 2738 3052 dicit
2764 3015 2776 3050 :
2806 2994 3043 3052 Chaldaei
3082 2994 3268 3049 stellas
3293 2993 3424 3048 deos
3451 3005 3575 3047 esse
3604 3004 3730 3045 con-

2151 3089 2462 3155 ﬁrmabant,
2498 3088 2644 3144 unde
2690 3080 2880 3143 eurum
2929 3086 3062 3141 deus
3114 3083 3511 3154 nuncupativus
3543 3096 3732 3136 verum

2156 3182 2358 3238 indicat
2386 3182 2696 3246 Dominum,
2723 3178 2867 3234 unde
2890 3177 3127 3234 Chaldaei
3181 3192 3301 3234 esse
3325 3176 3730 3239 existimantur,

467 3272 537 3328 διί
563 3272 902 3328 ηθῑίνίῑδῖθιη
927 3269 1028 3326 Sibi
1053 3264 1356 3340 Proximain
1387 3283 1418 3322 ³
1446 3266 1618 3338 Magis
1665 3267 1731 3322 de
1774 3264 1934 3335 longe
1955 3278 2049 3318 γε*
2077 3235 2122 3300 C
2155 3276 2295 3346 quod
2323 3274 2454 3330 dicit
2483 3292 2496 3328 :
2539 3271 2779 3328 Vidimus
2825 3271 3032 3327 stellam
3058 3271 3172 3342 ejus
3199 3271 3257 3324 in
3287 3270 3509 3332 oriente,
3545 3267 3598 3322 id
3628 3235 3734 3331 est,

468 3363 761 3430 nientibus,
801 3363 1170 3432 culparentur.
1198 3359 1333 3416 Nam
1361 3368 1416 3415 et
1443 3367 1752 3431 propterea,
1781 3364 1843 3411 ut
1868 3371 2052 3412 sacer-

471 3456 624 3511 dotes
645 3470 674 3509 a
701 3453 869 3525 Magis
898 3451 1236 3523 interrogati,
1270 3451 1364 3507 ubi
1411 3449 1666 3506 Christus
1716 3454 2049 3511 nasceretur,

473 3543 868 3602 inexcusabiles
915 3543 1128 3609 ﬁerent,
1160 3543 1226 3599 de
1255 3541 1486 3597 adventu
1517 3541 1654 3612 ejus.
1697 3539 1869 3597 Judaai
1903 3539 2051 3595 enim

473 3649 720 3697 asserunt
751 3641 880 3695 Sem
908 3637 1076 3693 ﬁlium
1095 3635 1210 3693 Noe
1232 3651 1393 3707 quem
1421 3635 1606 3690 dicunt
1637 3632 2055 3698 Melchisedech,

475 3735 705 3804 primum
739 3740 862 3804 post
921 3731 1182 3787 diluvium
1236 3731 1293 3785 in
1344 3727 1506 3799 Syria
1534 3726 1842 3783 condidisse
1868 3725 2058 3779 urbem

477 3828 679 3893 Salem,
710 3826 765 3882 in
800 3841 905 3896 qua
936 3840 1162 3897 regnum
1215 3820 1316 3876 fuit
1347 3820 1588 3891 ejusdem
1637 3816 2057 3883 Melchisedech,

477 3921 616 3977 hanc
643 3927 830 3990 postea
859 3917 1241 3974 continuerunt
1268 3912 1557 3976 Hiebusazi,
1587 3926 1616 3965 e
1647 3910 1844 3980 quibus
1865 3908 2061 3964 sortita

477 4022 562 4069 est
610 4011 928 4069 vocabulum
979 4009 1203 4073 Iliebus,
1267 4005 1456 4075 sicque
1509 4003 1716 4058 duobus
1752 4000 2062 4056 nominibus

479 4104 763 4176 copulatis,
796 4101 1000 4158 IIicbus
1036 4108 1092 4155 et
1123 4098 1324 4163 Salem,
1359 4105 1553 4152 vocata
1585 4103 1668 4150 est
1701 4094 2062 4161 Hierusalem,

482 4212 602 4268 qua:
629 4205 816 4265 postea
840 4209 870 4248 a
896 4191 1185 4248 Salomone
1240 4187 1639 4260 Hierosolyma,
1685 4188 1841 4257 quasi
1876 4185 2066 4241 lliero-

485 4288 781 4343 salomonia
808 4285 953 4342 dicta
977 4292 1079 4339 est.
1138 4280 1265 4337 Haec
1291 4289 1346 4336 et
1381 4290 1634 4350 corrupte
1681 4296 1711 4334 a
1738 4279 1914 4349 poetis
1937 4278 2067 4333 olim

485 4385 814 4446 nuncupata,
847 4385 903 4430 et
926 4373 1263 4444 postmodum
1294 4373 1362 4428 ab
1406 4372 1557 4427 Helio
1581 4370 1823 4426 Adriano
1875 4378 2068 4426 vocata

487 4476 570 4525 est
606 4466 786 4531 Helia;
822 4466 878 4520 in
921 4465 1039 4535 ipsa
1075 4472 1158 4520 est
1180 4471 1236 4519 et
1263 4463 1421 4531 Sion,
1453 4480 1574 4533 quae
1603 4463 1870 4518 Hebraiee
1899 4463 2069 4518 inter-

488 4568 733 4632 pretatur
764 4556 1078 4628 speculatio,
1111 4571 1176 4612 eo
1216 4556 1360 4627 quod
1389 4555 1442 4610 in
1470 4555 1701 4610 sublime
1755 4563 2067 4612 constructa

489 4662 589 4716 est,
625 4660 679 4707 et
704 4651 770 4706 de
807 4649 965 4721 longe
993 4649 1264 4704 venientia
1294 4647 1705 4720 contempletur.

511 4742 519 4749 ’
565 4743 666 4798 Ubi
691 4753 791 4809 est,
834 4742 924 4813 qui
954 4752 1108 4796 natus
1134 4751 1210 4797 est
1246 4758 1340 4796 rex
1376 4741 1705 4796 Judazorum.
1762 4741 1820 4796 Id
1845 4751 1947 4806 est,
1972 4753 2068 4796 rex

494 4836 913 4902 confessionum,
973 4849 1068 4889 rex
1093 4834 1187 4905 qui
1217 4843 1376 4890 natus
1412 4850 1599 4890 omnes
1651 4845 1839 4906 gentes
1874 4834 2072 4888 illumi-

497 4941 628 4984 nare
655 4927 820 4982 venit.
870 4925 946 4981 De
973 4940 1081 4996 quo
1108 4924 1277 4980 Isaias
1303 4925 1415 4981 ait:
1446 4925 1589 4981 Puer
1620 4933 1780 4980 natus
1805 4931 1889 4980 est
1917 4922 2073 4979 nobis

499 5019 634 5093 (Isa.
664 5019 765 5091 rx).
798 5017 1048 5074 Reddunt
1072 5033 1293 5074 causam
1336 5011 1735 5089 inquirentibus
1778 5016 1912 5084 Quis
1937 5016 2075 5072 dixit

499 5113 694 5170 vobis?
727 5113 1077 5184 Respondent
1103 5131 1115 5166 :

581 5205 818 5262 Vidimus
851 5205 1057 5261 stellam
1096 5206 1210 5278 ejus
1236 5223 1292 5261 ιη
1338 5215 1534 5261 oriente
1560 5247 1575 5271 ,
1607 5213 1654 5258 et
1685 5204 1916 5258 venimus
1948 5202 2077 5256 ado-

505 5315 622 5353 rare
649 5315 785 5352 eum.
833 5297 1052 5353 Domini,
1074 5298 1283 5354 stellam
1335 5313 1390 5357 se
1425 5298 1608 5352 dicunt
1654 5295 1871 5361 vidisse,
1899 5295 1984 5350 vel
2011 5309 2076 5351 ex

506 5391 639 5446 artis
665 5389 909 5455 scientia,
953 5388 1040 5443 vel
1090 5403 1159 5444 ex
1202 5386 1460 5441 vaticiuio
1503 5385 1758 5451 Balaam,
1807 5386 2078 5442 dicentis:

510 5482 724 5539 Orietur
761 5483 910 5538 stella
937 5499 1001 5538 ea:
1019 5482 1206 5546 Iacob,
1239 5488 1285 5533 et
1306 5490 1578 5551 consurget
1613 5481 1756 5550 virga
1788 5479 1853 5534 de
1883 5479 2077 5546 Israel,

508 5586 554 5630 et
604 5575 852 5646 percutiet
893 5571 1050 5627 duces
1075 5571 1232 5626 Moab
1275 5571 1462 5642 (Num.
1500 5571 1841 5644 xxxv).Hanc
1868 5570 2081 5626 stellam

511 5665 751 5732 tradunt,
779 5673 838 5720 ut
860 5662 1182 5729 columbam,
1226 5678 1326 5718 nec
1353 5672 1510 5717 antea
1534 5704 1548 5729 ,
1576 5679 1675 5719 nec
1705 5671 1914 5734 postea,
1965 5678 2086 5718 esse

509 5759 708 5824 visam,
739 5758 863 5827 quia
892 5770 992 5812 nec
1011 5761 1169 5811 antea
1187 5793 1202 5821 ,
1233 5771 1334 5811 nec
1363 5765 1572 5826 postea,
1601 5755 1792 5811 similis
1815 5754 1891 5809 illi
1921 5768 2084 5824 quem

511 5845 906 5908 demonstravit
966 5851 1051 5904 est
1104 5853 1282 5905 natus.
1343 5846 1569 5907 Stellam
1629 5846 1745 5918 ejus
1810 5847 2043 5905 vidimus
2067 5887 2084 5918 ,

2153 3385 2254 3424 nos
2279 3369 2333 3424 in
2362 3369 2572 3424 oriente
2600 3367 2782 3438 positi,
2818 3369 2932 3422 sive
2957 3366 3022 3420 de
3045 3365 3254 3419 oriente
3286 3365 3340 3418 in
3372 3362 3732 3427 occidentem,

2154 3461 2366 3518 stellam
2413 3467 2592 3516 ortam
2646 3460 2902 3515 vidimus.
2957 3457 3108 3513 Fixis
3153 3456 3396 3512 historiae
3441 3455 3734 3520 radicibus,

2157 3552 2461 3622 spiritualia
2494 3553 2822 3606 intueamur.
2865 3549 3141 3606 Bethleem
3192 3564 3314 3619 qua:
3346 3549 3741 3618 interpretatur

2159 3644 2348 3699 domus
2375 3643 2550 3714 panis,
2579 3642 2850 3714 significat
2878 3641 3198 3707 Ecclesiam,
3225 3640 3341 3695 sive
3367 3654 3462 3694 cor
3481 3637 3740 3703 hominis,

2159 3734 2215 3788 in
2237 3750 2344 3803 quo
2383 3733 2648 3797 Christus,
2701 3733 2794 3802 qui
2842 3731 3012 3786 dixit:
3078 3730 3193 3802 Ego
3249 3746 3365 3785 sum
3393 3730 3544 3800 panis
3597 3730 3741 3783 rivus

2163 3825 2346 3898 (Joan.
2374 3826 2479 3898 vi),
2509 3825 2772 3880 nascitur.
2800 3823 3040 3878 Herodes
3069 3822 3161 3892 qui
3186 3823 3575 3892 interpretatur
3593 3820 3746 3890 pelli-

2161 3933 2292 3973 ceus
2323 3917 2437 3973 sive
2462 3902 2618 3987 pellis
2643 3915 2831 3985 gloria,
2888 3913 3156 3985 significat
3206 3912 3479 3969 diabolum
3509 3925 3744 3982 regnan-

2163 4017 2274 4065 tem
2300 4009 2355 4063 in
2381 4009 2600 4064 mundo.

2236 4101 2370 4158 Tres
2394 4101 2534 4172 Magi
2571 4116 2741 4172 genus
2767 4101 3065 4156 humanum
3092 4114 3216 4155 cum
3249 4098 3494 4170 physica,
3546 4095 3746 4162 ethica,

2164 4194 2357 4266 logica,
2420 4193 2745 4266 significant.
2807 4194 3060 4266 Physica.
3125 4192 3242 4248 Hoc
3295 4200 3399 4258 est,
3455 4190 3745 4245 naturalis.

2168 4287 2382 4343 Ethica.
2413 4287 2472 4342 1d
2521 4295 2630 4352 est,
2662 4287 2909 4353 moralis,
2958 4301 3138 4342 mores
3185 4285 3328 4340 enim
3367 4283 3506 4352 apud
3533 4282 3754 4338 Graecos

2173 4379 2292 4442 ἧθια
2319 4379 2676 4451 appellantur.
2710 4378 2930 4448 Logica.
2961 4375 3074 4430 Hoc
3104 4383 3207 4440 est,
3247 4371 3545 4435 rationalis,
3574 4371 3750 4438 ρΙιίΙος

2171 4474 2376 4544 sophiae
2429 4473 2573 4527 enim
2625 4471 2832 4540 species
2868 4476 2971 4534 est,
3006 4468 3144 4522 ratio
3179 4465 3322 4520 enim
3371 4463 3579 4530 Graece,
3611 4464 3758 4539 λόγος·

2173 4564 2388 4620 dicitur.
2420 4561 2561 4631 Magi
2588 4562 2680 4632 qui
2709 4560 3020 4616 sacerdotes
3052 4559 3412 4628 interrogant,
3446 4555 3757 4627 significant

2175 4654 2476 4713 Ecclesiam
2528 4654 2789 4726 gentium,
2843 4651 3157 4709 sacerdotes
3211 4651 3384 4721 legem
3437 4649 3522 4704 vel
3582 4648 3758 4720 Syna-

2176 4763 2388 4822 gogam.

2250 4839 2359 4908 (Ea:
2395 4837 2577 4910 Greg.)
2634 4835 2992 4905 Qumrendum
3039 4835 3171 4907 quid
3209 4835 3301 4901 sit,
3338 4835 3484 4906 quod
3525 4834 3760 4891 Redem-

2179 4938 2334 5001 ptore
2364 4938 2491 4984 nato
2535 4929 2848 4997 pastoribus
2900 4927 3124 4999 angelus
3167 4927 3449 5002 apparuit,
3500 4936 3659 4996 atque
3693 4925 3762 4979 ad

2180 5024 2514 5080 adorandum
2543 5025 2688 5079 hunc
2709 5022 2894 5091 Magos
2920 5039 3027 5078 non
3059 5023 3300 5093 angelus,
3331 5021 3424 5076 sed
3459 5020 3613 5075 stella
3639 5035 3764 5089 per-

2182 5115 2354 5180 duxit,
2382 5116 2635 5172 videlicet
2677 5114 2877 5170 Iudaeis
2931 5115 3142 5169 ratione
3197 5115 3470 5169 utentibus
3499 5112 3764 5167 rationale

2184 5207 2402 5273 animal,
2436 5208 2490 5263 id
2523 5215 2628 5275 est,
2664 5207 2888 5279 angelus
2915 5207 3214 5276 praedicare
3260 5204 3465 5260 debuit.
3499 5201 3762 5268 Gentiles,

2185 5303 2311 5374 quia
2335 5303 2414 5357 uti
2444 5302 2656 5358 ratione
2705 5301 3038 5365 nesciebant,
3072 5298 3139 5354 ad
3192 5297 3623 5369 cognoscendum
3663 5296 3766 5350 Do-

2187 5395 2414 5460 minum,
2450 5409 2554 5448 non
2582 5408 2678 5464 per
2699 5394 2908 5458 vacem,
2943 5392 3038 5446 sed
3074 5405 3172 5460 per
3199 5389 3352 5460 signa
3375 5389 3762 5457 perducuntur,

2188 5485 2297 5542 illis
2329 5484 2611 5555 prophetia
2641 5492 2902 5553 tanquam
2948 5481 3217 5548 ﬁdelibus,
3276 5481 3395 5536 istis
3438 5481 3592 5548 signa
3640 5485 3764 5531 tan-

2187 5592 2351 5648 quam
2379 5576 2685 5631 inﬁdelibus
2713 5576 2839 5631 data
2867 5584 3013 5631 sunt.

2262 5668 2370 5742 (Ea:
2411 5669 2600 5742 Beda.)
2641 5669 2865 5726 Constat
2895 5669 3094 5740 quippe
3141 5667 3325 5738 Magos
3367 5661 3645 5720 Christum
3675 5662 3771 5716 ho-

2188 5759 2390 5815 minem
2427 5761 2774 5827 intellexisse,
2831 5769 3054 5832 propter
3105 5757 3249 5827 quod
3306 5756 3530 5811 dicunt:
3569 5752 3667 5809 Ubi
3693 5761 3768 5806 est

2189 5853 2280 5925 qui
2316 5863 2470 5910 natus
2501 5863 2575 5913 est
2603 5856 2627 5910 7
2652 5861 2706 5911 et
2735 5861 2938 5926 regem,
2968 5847 3096 5924 quia
3130 5848 3318 5908 dicunt
3347 5865 3360 5905 :
3393 5846 3508 5905 Rea:
3551 5844 3772 5905 Iudaee
