4110 6516
327 477 398 535 73
1148 475 1664 540 consonans
1694 473 1766 540 IN
1799 458 2182 539 iams'roms
2221 475 2312 535 ΕΤ
2348 466 2762 534 EVANGELIA.
3503 473 3578 536 7s

331 604 470 655 rum,
495 595 551 647 et
586 588 890 656 Dominum,
919 589 1054 662 quia
1099 591 1286 650 dicunt
1339 611 1353 648 :
1393 592 1640 649 Venimus
1679 593 1906 648 adorare
1930 601 1983 662 Α
2005 590 2166 656 hunc,
2199 589 2248 645 si
2275 588 2516 644 invenire
2561 587 2752 657 possit,
2800 582 3130 661 exstinguat,
3161 583 3410 662 sedquia
3455 589 3583 650 ﬁcte

331 700 468 738 eum.
499 682 601 748 Qui
627 684 788 737 etiam
826 684 927 739 hoc
952 684 1335 742 sublimissime
1371 687 1437 742 de
1456 686 1547 741 illo
1592 694 1900 752 senserunt,

332 774 456 844 quia
487 789 608 828 cum
639 782 782 828 esset
809 773 924 830 Rex
949 772 1276 842 Judmorum,
1318 777 1384 830 ad
1414 776 1698 832 salvandas
1738 776 1904 831 etiam

333 874 541 935 gentes,
570 878 690 933 qua:
715 863 767 917 in
799 863 970 933 ipsum
997 867 1218 920 credere
1244 873 1406 934 atque
1443 867 1510 921 ad
1539 865 1690 920 illum
1718 865 1906 920 venire

332 955 551 1021 vellent,
581 963 726 1009 esset
777 954 1023 1020 idoneus,
1072 956 1216 1026 quod
1266 971 1363 1011 suo
1412 955 1645 1011 maxime
1672 955 1906 1010 adventu

331 1047 695 1116 probaverunt
734 1053 790 1100 et
818 1054 963 1100 actu.
1013 1045 1119 1102 Sed
1143 1055 1198 1101 et
1217 1046 1285 1102 de
1307 1046 1462 1103 stella
1492 1061 1613 1116 qua:
1639 1047 1719 1101 e'is
1750 1059 1908 1115 appa-

335 1139 462 1202 ruit,
529 1137 751 1207 quidam
803 1137 988 1192 dicunt
1021 1138 1088 1192 ab
1143 1137 1354 1194 oriente
1405 1153 1574 1209 usque
1601 1139 1668 1192 ad
1709 1137 1907 1192 vicinia

330 1229 626 1295 Bethleem,
656 1228 849 1284 ducem
877 1229 955 1284 eis
979 1227 1191 1285 itineris
1209 1228 1506 1295 exstitisse,
1537 1228 1680 1299 quod
1705 1241 1909 1298 nequa-

332 1335 497 1390 quam
526 1320 601 1374 ita
631 1334 774 1386 esse,
825 1319 942 1390 ipsa
971 1318 1250 1390 Evangelii
1305 1319 1508 1374 veritas
1534 1318 1790 1389 inquisita
1812 1317 1901 1372 de-

331 1416 620 1476 monstrat,
652 1409 746 1464 sed
774 1410 958 1480 potius
986 1409 1043 1463 in
1076 1409 1288 1464 oriente
1329 1416 1537 1463 tantum
1565 1422 1659 1463 eos
1699 1406 1909 1464 stellam

332 1503 572 1570 vidisse,
635 1503 927 1572 statimque
972 1501 1336 1569 intellexisse,
1393 1501 1518 1572 quia
1565 1501 1682 1557 hac
1731 1507 1910 1555 ortum

332 1594 447 1651 nati
496 1594 552 1649 in
599 1591 785 1650 Judma
831 1593 995 1666 Regis
1039 1594 1309 1666 signaret,
1355 1593 1476 1650 ideo
1507 1601 1773 1649 venerunt
1819 1591 1912 1648 Ju-

336 1685 524 1740 dasam.
582 1683 824 1754 Cumque
880 1685 1206 1741 testimoniis
1238 1684 1593 1756 propheticis,
1645 1684 1703 1739 in
1753 1684 1914 1740 Beth-

335 1775 474 1835 leem
526 1774 676 1832 illum
729 1784 916 1831 natum
966 1776 1367 1848 cognovissent,
1427 1790 1553 1832 mox
1614 1775 1742 1832 illuc
1800 1775 1907 1830 iter

332 1876 572 1940 agentes,
619 1866 829 1923 stellam
858 1882 1020 1938 quam
1070 1869 1125 1922 in
1153 1867 1365 1924 oriente
1414 1866 1686 1933 viderant,
1721 1867 1913 1922 ducem

332 1959 538 2017 habere
577 1968 909 2016 meruerunt.
948 1959 1079 2028 Quae
1104 1961 1292 2016 nonin
1323 1975 1533 2017 summa
1558 1959 1682 2016 coeli
1724 1959 1906 2014 altitu-

334 2051 460 2107 dine
513 2052 656 2107 inter
707 2060 934 2109 exteras
984 2052 1190 2110 stellas.
1242 2054 1340 2110 sed
1392 2054 1448 2109 in
1499 2053 1702 2110 vicinia
1752 2063 1913 2110 terrae

334 2143 452 2198 visa
475 2152 560 2199 est
592 2143 720 2199 illis.

404 2235 636 2290 Audiens
663 2245 835 2292 autem
856 2236 1094 2294 Herodes
1119 2254 1232 2305 rex,
1271 2238 1511 2294 turbatus
1549 2245 1646 2305 est,
1673 2244 1721 2292 et
1747 2238 1913 2293 omnis

335 2327 705 2402 Hierosolyma
747 2349 864 2386 cum
903 2332 1016 2388 illo.
1057 2333 1159 2406 (Ex
1181 2332 1371 2404 Greg.)
1407 2331 1545 2388 Caeli
1597 2332 1745 2403 Rege
1784 2339 1915 2388 nato

334 2436 434 2476 rex
458 2431 618 2478 terras
643 2425 893 2478 turbatus
920 2432 1024 2490 est,
1050 2425 1179 2494 quia
1227 2424 1487 2480 nimirum
1537 2432 1761 2479 terrena
1799 2423 1918 2477 alti-

333 2515 468 2568 tudo
494 2512 861 2580 conl‘unditur,
917 2528 1039 2569 cum
1070 2514 1332 2570 celsitudo
1362 2514 1606 2570 caelestis
1634 2515 1915 2586 aperitur;

334 2613 392 2662 et
421 2613 481 2658 ut
505 2605 592 2658 alii
638 2603 842 2672 volunt,
872 2604 992 2659 ideo
1011 2604 1252 2661 Herodes
1277 2606 1421 2675 regis
1457 2619 1655 2660 nomen
1684 2605 1739 2660 in
1761 2604 1920 2660 Chri-

334 2704 422 2751 sto
456 2694 785 2766 indignatur,
821 2695 947 2766 quia
994 2695 1269 2765 Augustus
1303 2696 1626 2751 decreverat
1672 2710 1742 2750 ne
1792 2695 1918 2765 quis

336 2803 454 2854 rex,
483 2788 568 2843 vel
597 2787 759 2854 Deus,
819 2788 937 2843 sine
959 2802 1056 2843 suo
1084 2787 1312 2844 consilio
1359 2787 1649 2844 diceretur.
1689 2785 1916 2843 Omnem

335 2880 484 2936 enim
519 2879 949 2951 Hierosolymam
977 2895 1102 2936 cum
1154 2878 1248 2935 illo
1274 2879 1407 2936 dicit
1441 2894 1564 2937 esse
1621 2879 1914 2947 turbatam,

337 2976 466 3046 quia
495 2974 730 3030 turbatio
759 2973 902 3045 regis
927 2972 1164 3029 turbatio
1189 2972 1371 3046 populi
1393 2981 1496 3030 est.

413 3086 483 3141 Et
509 3102 829 3158 congregans
855 3102 1032 3142 omnes
1059 3085 1319 3158 principes
1342 3084 1698 3154 sacerdotum,
1726 3094 1775 3141 et
1795 3085 1920 3141 scri-

340 3179 433 3234 bas
459 3177 656 3250 populi,
683 3177 1050 3233 sciscitabatur
1079 3178 1145 3232 ab
1170 3178 1266 3244 eis,
1290 3176 1381 3232 ubi
1417 3175 1657 3232 Christus
1680 3191 1922 3232 nascere-

339 3280 450 3324 tur.
481 3267 618 3340 Magi
674 3268 1045 3325 tantummodo
1096 3267 1299 3339 Regem
1345 3267 1618 3335 nuntiant,
1679 3265 1920 3323 Herodes

341 3359 619 3416 Christum
661 3359 909 3431 requirit.
942 3359 1122 3430 ipsum
1171 3358 1337 3430 igitur
1363 3357 1567 3431 Regem
1597 3358 1665 3414 de
1693 3372 1801 3428 quo
1837 3358 1920 3412 in-

343 3457 602 3523 terrogat,
635 3449 942 3506 conﬁtetur.
996 3449 1201 3504 Deinde
1229 3449 1322 3504 ubi
1374 3458 1711 3516 nasceretur,
1742 3449 1922 3519 inqui-

343 3545 504 3610 ritur,
537 3543 723 3612 utique
754 3542 1158 3612 pronuntiatus,
1192 3541 1513 3596 ostenditur.
1565 3539 1751 3610 Neque
1775 3541 1920 3595 enim

343 3634 516 3706 quzeri
542 3640 778 3705 poterat,
806 3632 897 3703 qui
922 3647 1029 3688 non
1056 3639 1176 3686 erat
1195 3631 1493 3687 nuntiatus.
1526 3630 1707 3699 Quare
1735 3641 1917 3686 tamen

342 3726 516 3782 voluit
540 3725 681 3780 Deus
706 3725 810 3781 hoc
831 3739 863 3779 a
881 3721 1081 3779 Iudaeis
1107 3724 1330 3794 inquiri,
1360 3731 1422 3778 ut
1449 3724 1574 3779 dum
1606 3723 1917 3791 ostendunt,

344 3817 402 3873 in
425 3829 586 3888 quem
610 3829 721 3871 non
750 3815 994 3881 credunt,
1031 3815 1134 3887 ipsi
1161 3830 1260 3870 sua
1288 3815 1746 3871 demonstratione
1771 3815 1924 3871 dam-

345 3913 566 3962 nentur.
631 3903 770 3960 Nam
826 3912 1183 3977 perrexerunt
1220 3905 1360 3978 Magi
1418 3914 1473 3962 et
1532 3907 1917 3974 adoraveruut,

348 4007 731 4054 remanserunt
755 3996 944 4064 Judaei,
976 3998 1069 4069 qui
1095 3999 1625 4056 demonstraverunt.

419 4114 488 4168 At
514 4113 595 4169 illi
620 4115 906 4171 dixeram:
936 4113 1006 4170 In
1033 4113 1299 4171 Bethleem
1320 4113 1502 4184 Judw,
1531 4117 1609 4172 sic
1626 4116 1766 4172 enim
1787 4117 1924 4173 scri-

345 4217 496 4280 ptum
515 4216 592 4262 est
615 4224 708 4278 per
726 4208 1071 4279 prophetam:
1114 4208 1184 4263 Et
1224 4220 1282 4262 tu
1299 4206 1564 4264 Bethleem
1601 4218 1744 4265 terra
1777 4210 1923 4266 Juda

349 4314 684 4370 nequaquam
716 4299 934 4353 minima
995 4314 1048 4353 es
1070 4298 1125 4352 in
1187 4299 1507 4370 principibus
1566 4299 1734 4367 Iuda,
1783 4317 1849 4355 ex
1876 4310 1925 4355 te

347 4391 489 4445 enim
551 4389 685 4445 θεία
704 4387 830 4444 Dux
884 4389 973 4462 qui
1006 4397 1152 4460 regat
1211 4388 1462 4462 populum
1519 4407 1693 4446 meum
1754 4390 1926 4447 Israel

351 4481 544 4550 (Hich.
581 4481 680 4554 vi).
718 4481 798 4537 Ac
826 4481 872 4537 si
901 4481 1123 4550 diceret,
1151 4499 1261 4539 una
1291 4500 1352 4540 es
1380 4484 1436 4540 in
1470 4485 1806 4558 principibus
1834 4501 1927 4542 ur-

348 4573 502 4630 bium
559 4575 919 4646 principatum
977 4576 1306 4643 tenentibus,
1360 4577 1488 4648 quia
1516 4593 1548 4633 a
1591 4587 1646 4635 te
1699 4582 1803 4636 duo
1831 4595 1928 4635 na-

352 4673 575 4720 scentur
598 4665 889 4736 principes,
917 4665 970 4722 id
995 4676 1080 4722 est
1097 4667 1267 4722 David
1289 4675 1345 4723 et
1371 4668 1642 4726 Christus.

431 4779 564 4834 Tum
601 4778 834 4836 Herodes
854 4780 989 4836 clam
1015 4783 1208 4838 uocatis
1240 4781 1436 4855 Magis,
1481 4782 1760 4856 diligenter
1787 4784 1930 4840 didi-

354 4873 425 4927 cit
450 4882 651 4943 tempus
701 4871 865 4927 stellte
911 4890 1027 4945 quae
1078 4875 1325 4946 apparuit
1370 4877 1464 4932 eis.
1503 4877 1756 4933 Timebat
1781 4878 1929 4934 enim

358 4965 564 5034 Magos,
595 4964 663 5022 ad
686 4979 743 5020 se
801 4965 979 5034 aliqua
1008 4979 1174 5022 causa
1222 4982 1330 5022 non
1353 4981 1690 5034 reversuros,
1717 4975 1780 5023 ut
1806 4982 1928 5025 eve-

359 5058 460 5122 nit,
477 5064 534 5110 et
553 5055 672 5112 ideo
697 5066 909 5127 tempus
938 5057 1106 5113 stella:
1129 5056 1267 5113 clam
1292 5059 1503 5114 vocatis
1529 5058 1699 5131 Magis
1717 5059 1926 5116 didicit.

361 5147 515 5204 Unde
540 5156 595 5204 et
620 5149 709 5203 hic
755 5147 937 5204 deﬁcit
971 5149 1220 5218 historia,
1269 5164 1392 5206 cum
1423 5157 1634 5206 secrete
1689 5150 1932 5208 indicant

362 5251 574 5311 tempus
604 5240 792 5296 stellm.

434 5353 502 5408 Et
531 5356 739 5410 mittens
765 5353 884 5411 illos
906 5355 964 5411 in
988 5355 1273 5423 Bethleem,
1316 5357 1452 5412 dixit
1479 5369 1498 5410 :
1528 5352 1615 5413 Ite
1631 5363 1680 5412 et
1711 5355 1937 5413 interro-

362 5455 478 5516 gate
500 5445 780 5517 diligenter
802 5447 868 5501 de
885 5464 1066 5517 puero,
1081 5457 1130 5502 et
1152 5463 1272 5503 cum
1297 5447 1622 5515 inveneritis,
1642 5450 1938 5504 renuntiate

365 5539 512 5604 mihi,
539 5549 590 5595 ut
616 5551 662 5594 et
689 5556 781 5612 ego
824 5541 1050 5604 ueniens,
1075 5541 1286 5594 adorem
1321 5558 1470 5607 eum;
1493 5557 1731 5612 quicum
1756 5541 1937 5595 audis-

363 5639 476 5684 sent
504 5647 697 5701 regem,
719 5631 981 5685 abierunt.
1008 5627 1298 5684 Nativilate
1318 5629 1481 5700 Regis
1501 5631 1673 5688 nostri
1699 5631 1934 5702 cognita,

368 5719 606 5777 Herodes
640 5723 706 5776 ad
731 5722 922 5778 callida
945 5729 1259 5794 argumenta
1287 5721 1643 5788 convertitur,
1669 5737 1738 5778 ne
1769 5729 1938 5776 terre-

370 5832 441 5870 no
469 5831 636 5887 regno
662 5817 986 5887 privaretur.
1025 5815 1347 5871 Renuntiari
1377 5815 1482 5870 sibi
1507 5814 1601 5870 ubi
1626 5829 1762 5885 puer
1789 5817 1938 5872 iuve-

370 5909 578 5965 niretur
611 5908 860 5982 postulat.
907 5910 1148 5966 Adorare
1175 5908 1314 5966 velle
1337 5921 1399 5966 se
1429 5899 1669 5977 Simulat,
1699 5917 1760 5966 ut
1788 5910 1942 5967 quasi

768 6003 1043 6064 Parnon.
1093 6000 1224 6062 CII.

1933 1962 1982 2022 B

2005 680 2276 752 quaesivit,
2309 680 2553 735 invenire
2574 695 2680 734 non
2711 679 2930 735 meruit.

2073 792 2146 849 Et
2167 809 2284 849 ecce
2303 792 2479 859 stella,
2517 809 2675 856 quam
2723 793 2960 849 uiderant
3006 795 3063 849 in
3094 792 3328 865 Oriente,
3375 807 3582 852 antece-
3637 817 3640 820 ’

2005 885 2158 940 debat
2214 901 2320 947 eos,
2349 901 2510 956 usque
2549 884 2675 938 dum
2713 885 2918 939 veniens
2963 895 3125 942 staret
3156 889 3244 942 ubi
3275 898 3386 943 erat
3431 905 3581 960 puer.

2007 975 2110 1031 Ubi
2137 981 2220 1029 est
2250 974 2508 1040 Herodes,
2536 973 2689 1030 stella
2718 989 2824 1029 non
2839 975 3080 1042 videtur;
3106 969 3202 1031 ubi
3233 986 3316 1033 est
3334 977 3586 1034 Christus

2005 1067 2239 1130 videtur,
2278 1075 2335 1122 et
2381 1067 2527 1121 viam
2555 1067 2905 1138 pergentibus
2926 1069 2995 1123 ad
3023 1066 3298 1125 Christum
3325 1071 3586 1139 ostendit,

2006 1158 2134 1229 quia
2159 1157 2275 1228 ipse
2292 1159 2587 1215 secundum
2615 1158 3003 1215 incarnationis
3023 1161 3364 1230 mysterium,
3389 1169 3446 1218 et
3466 1163 3590 1219 steL

2008 1247 2062 1303 la
2089 1255 2146 1304 et
2171 1249 2259 1304 via
2287 1258 2391 1316 est,
2423 1257 2480 1304 et
2508 1264 2608 1305 nos
2634 1265 2735 1320 per
2761 1265 2823 1306 se
2855 1250 3004 1306 ducit
3031 1250 3100 1306 ad
3125 1266 3202 1306 se.

2088 1358 2334 1415 Videntes
2363 1368 2539 1416 autem
2568 1360 2795 1430 stellam,
2823 1363 2988 1434 gavisi
3037 1371 3160 1418 sunt
3185 1364 3379 1436 gaudio
3399 1381 3593 1440 magno

2007 1450 2180 1517 ualde,
2216 1460 2266 1505 et
2290 1451 2546 1507 intrantes
2597 1451 2812 1507 domum
2848 1453 3155 1510 invenerunt
3199 1471 3420 1527 puerum
3471 1473 3594 1512 cum

2013 1539 2191 1597 Maria
2225 1552 2396 1598 matre
2426 1543 2560 1616 ejus.
2591 1541 2775 1599 Gavisi
2800 1552 2926 1600 sunt
2959 1545 3155 1614 gaudio
3180 1562 3376 1619 magno
3405 1547 3588 1615 valde,

2012 1633 2141 1703 quia
2169 1632 2342 1703 majus
2363 1634 2618 1706 gaudium
2645 1633 2708 1690 ﬁt
2730 1635 2796 1690 de
2821 1634 3056 1692 inventis
3093 1651 3258 1708 quam
3284 1637 3352 1694 de
3380 1652 3596 1708 posses-
3693 1663 3700 1665 -

2012 1726 2107 1783 sis.
2141 1725 2283 1783 Puer
2337 1726 2426 1782 ille
2459 1726 2733 1782 invenitur
2778 1742 2903 1783 cum
2938 1736 3131 1796 matre,
3165 1729 3233 1786 de
3281 1743 3390 1801 quo
3417 1729 3592 1787 Isaias

2014 1820 2132 1874 ait:
2167 1817 2312 1874 Puer
2372 1828 2528 1874 natus
2587 1827 2664 1874 est
2693 1817 2862 1887 nobis,
2926 1819 3072 1891 ﬁlius
3117 1819 3276 1877 datus
3338 1830 3414 1878 est
3447 1823 3597 1879 nobis

2018 1909 2153 1983 (Isa.
2185 1907 2285 1982 Ix).

2084 2023 2157 2079 Et
2181 2023 2507 2096 procidentes
2533 2023 2890 2080 adorauerunt
2912 2039 3051 2091 eum,
3080 2032 3130 2080 et
3169 2025 3363 2097 apertis
3388 2026 3598 2083 thesau-

2014 2117 2088 2172 ris
2111 2117 2243 2184 suis,
2278 2116 2573 2173 obtulerunt
2601 2119 2650 2172 ei
2701 2133 2941 2186 munera,
2988 2135 3201 2187 aurum,
3231 2119 3352 2175 thus
3379 2129 3428 2175 et
3455 2137 3601 2193 myr-

2014 2208 2186 2262 rham.
2243 2208 2502 2264 Veterum
2547 2208 2767 2263 traditio
2797 2207 2917 2274 fuit,
2956 2217 3016 2264 ut
3042 2208 3222 2267 nullus
3276 2211 3344 2267 ad
3392 2224 3596 2282 regem,

2015 2299 2131 2356 sive
2155 2299 2223 2355 ad
2252 2300 2542 2355 Dominum
2587 2298 2888 2370 rogandum
2940 2313 3144 2356 vacuus
3203 2299 3452 2358 intraret.
3487 2299 3599 2371 (Ea:

2017 2388 2198 2462 Greg.)
2224 2390 2364 2462 Magi
2391 2406 2522 2446 vero
2577 2405 2704 2446 eum
2735 2405 2894 2459 quem
2924 2391 3175 2456 adorant,
3202 2391 3446 2462 mysticis
3475 2405 3599 2445 mu-

2018 2480 2241 2534 neribus
2261 2480 2572 2549 prtedicant.
2605 2478 2754 2534 Auro
2775 2478 2998 2549 Regem,
3026 2479 3210 2536 Thure
3237 2481 3426 2546 Deum,
3457 2479 3606 2552 Myr-

2017 2571 2118 2626 rha
2142 2569 2449 2624 mortalem.
2483 2569 2638 2625 Sicut
2676 2569 2914 2625 haeretici
2967 2569 3061 2640 qui
3085 2571 3230 2626 hunc
3277 2570 3448 2627 Deum
3473 2585 3599 2627 cre-

2017 2662 2172 2729 dunt,
2197 2663 2290 2718 sed
2340 2662 2538 2732 ubique
2590 2675 2820 2730 regnare
2870 2675 2979 2716 non
3005 2661 3252 2727 credunt,
3305 2661 3361 2717 hi
3389 2661 3442 2719 ei
3471 2662 3607 2719 thus

2015 2753 2249 2811 offerunt
2281 2769 2391 2810 non
2417 2767 2628 2809 aurum.
2662 2751 2802 2808 Sunt
2839 2750 2932 2822 qui
2973 2751 3119 2809 hunc
3173 2766 3357 2824 regem
3410 2753 3604 2810 existi-

2016 2853 2190 2913 mant,
2218 2844 2314 2901 sed
2341 2843 2514 2900 Deum
2543 2850 2775 2916 negant;
2800 2841 2858 2898 hi
2887 2842 2938 2899 ei
2966 2857 3159 2899 aurum
3200 2842 3456 2912 offerunt,
3489 2861 3604 2902 non

2017 2943 2165 2999 thus.
2201 2941 2344 2998 Sunt
2369 2942 2461 3012 qui
2492 2941 2640 2997 hunc
2689 2947 2745 2996 et
2777 2938 2952 2996 Deum
3002 2938 3244 2995 fatentur
3284 2947 3340 2995 et
3377 2938 3603 3014 Regem,

2018 3035 2116 3092 sed
2145 3033 2505 3105 assumpsisse
2526 3047 2748 3089 carnem
2777 3030 3064 3088 mortalem
3083 3027 3302 3104 negant.
3340 3029 3408 3086 Hi
3429 3032 3479 3088 ei
3505 3046 3602 3089 ειυς

2019 3139 2138 3180 rum
2165 3131 2220 3180 et
2248 3124 2377 3180 thus
2401 3122 2658 3193 otl'erunt,
2689 3138 2798 3180 non
2847 3122 3146 3194 myrrham.
3177 3119 3288 3178 Nos
3313 3119 3608 3184 oﬂ'eramus

2019 3231 2210 3272 aurum
2245 3216 2319 3283 ei,
2345 3225 2409 3273 ut
2434 3215 2636 3288 ubique
2685 3231 2812 3272 eum
2850 3229 3080 3288 regnare
3122 3216 3428 3296 credamus.
3460 3213 3606 3275 Olfe-

1945 3323 1991 3387 ρ
2020 3324 2208 3366 ramus
2235 3309 2381 3376 thus,
2430 3318 2492 3365 ut
2523 3306 2829 3376 credamus,
2873 3298 3017 3378 quod
3058 3307 3107 3363 is
3133 3307 3227 3378 qui
3255 3308 3312 3362 in
3359 3315 3607 3379 tempore

2023 3399 2274 3472 apparuit
2330 3400 2473 3455 Deus
2535 3406 2663 3454 ante
2713 3407 2956 3468 tempora
3011 3397 3238 3454 exstitit.
3292 3395 3602 3455 Oti'eramus

2021 3492 2322 3564 myrrham,
2349 3499 2412 3544 ut
2435 3505 2560 3546 eum
2590 3504 2752 3560 quem
2794 3488 3067 3545 credimus
3093 3489 3147 3544 in
3196 3504 3294 3545 sua
3327 3489 3611 3546 divinitate

2022 3582 2428 3655 impassibilem,
2445 3582 2736 3638 credamus
2755 3581 2921 3638 etiam
2943 3581 2999 3636 in
3025 3589 3213 3637 nostra
3241 3579 3411 3636 fuisse
3439 3595 3609 3636 carne

2021 3675 2327 3733 mortalem.
2355 3675 2616 3742 Quamvis
2641 3674 2698 3730 in
2725 3688 2884 3742 auro,
2917 3672 3078 3729 thure
3105 3681 3163 3729 et
3189 3673 3411 3746 myrrha
3443 3673 3608 3730 intela

2019 3767 2115 3840 ligi
2138 3776 2194 3824 et
2218 3768 2364 3823 aliud
2411 3774 2608 3839 potest.
2645 3765 2851 3822 Aurum
2884 3780 3118 3837 namque
3161 3764 3490 3835 sapientiam
3514 3764 3610 3820 de-

2021 3862 2224 3934 signat,
2256 3858 2545 3916 Salomone
2568 3864 2884 3924 attestante,
2915 3857 3008 3928 qui
3031 3856 3108 3912 ait
3135 3874 3150 3911 :
3176 3855 3491 3911 Thesaurus
3516 3854 3610 3910 de.

2021 3952 2330 4010 siderabilis
2378 3949 2675 4023 requiescit
2720 3949 2776 4005 in
2818 3962 2914 4005 ore
2938 3946 3207 4020 sapientis
3258 3945 3441 4020 (Prov.
3465 3943 3607 4018 xxx).

2023 4044 2175 4102 Thus
2201 4052 2403 4111 autem,
2431 4042 2574 4113 quod
2605 4042 2716 4099 Deo
2763 4041 3089 4109 incenditur,
3123 4040 3300 4096 virtus
3343 4037 3612 4095 orationis

2021 4135 2368 4207 exprimitur.
2420 4133 2706 4190 Psalmista
2737 4141 3071 4190 attestante:
3107 4131 3387 4202 Dirigatur
3437 4129 3612 4184 oratio

2023 4245 2161 4294 mea,
2208 4229 2342 4282 sicut
2381 4227 2650 4282 incensum
2693 4227 2751 4280 in
2799 4235 3075 4296 conspectu
3121 4233 3212 4278 tuo
3258 4219 3432 4295 (Psal.
3470 4219 3610 4294 xu).

2022 4319 2129 4377 Per
2163 4321 2442 4394 myrrham
2470 4333 2601 4375 vero
2647 4317 2827 4375 carnis
2854 4325 3055 4376 nostrae
3081 4316 3437 4374 mortiﬁcatio
3464 4316 3612 4374 desi-

2025 4420 2238 4486 gnatur.
2273 4411 2424 4468 Unde
2448 4417 2506 4468 et
2533 4418 2722 4466 sancta
2776 4408 3020 4465 Ecclesia
3054 4409 3224 4465 dicit:
3257 4408 3452 4464 Manus
3477 4424 3611 4464 mea;

2025 4504 2410 4561 distillaverunt
2466 4503 2735 4576 myrrham
2793 4486 2970 4578 (Cant.
3003 4504 3082 4573 v).
3123 4501 3263 4558 Nato
3319 4517 3450 4576 ergo
3475 4501 3610 4575 Regi

2027 4615 2223 4655 aurum
2251 4597 2549 4666 offerimus,
2585 4599 2630 4653 si
2679 4598 2736 4652 in
2764 4595 3202 4669 conspectu'ejus
3249 4596 3500 4654 claritate
3523 4613 3615 4653 su-

1947 4677 2003 4738 Ῑ)
2026 4707 2208 4766 pernae
2239 4691 2520 4764 sapientia:
2558 4690 2987 4761 resplendemus.
3021 4690 3170 4746 'l‘bus
3223 4689 3525 4757 otl‘erimus,
3563 4690 3612 4745 si

2029 4784 2386 4856 cogitationes
2434 4783 2615 4839 carnis
2639 4798 2738 4854 per
2769 4790 2957 4838 sancta
3008 4781 3318 4838 orationum
3348 4781 3528 4838 studia
3556 4783 3614 4838 in

2035 4890 2132 4931 ara
2159 4874 2341 4930 cordis
2368 4873 2724 4930 incendimus.
2761 4872 3036 4946 Myrrham
3063 4871 3360 4942 oti‘erimus,
3395 4873 3441 4929 si
3489 4888 3614 4931 car-

2030 4967 2116 5024 nis
2139 4967 2270 5022 vitia
2293 4980 2392 5037 per
2412 4965 2791 5022 abstinentiam
2820 4964 3229 5022 mortificamus.
3303 4997 3306 5002 -

2103 5079 2175 5136 Et
2204 5095 2449 5151 responso
2475 5085 2684 5150 accepto
2708 5077 2765 5132 in
2794 5077 3012 5143 somnis,
3036 5093 3098 5132 ne
3125 5074 3356 5132 redirent
3382 5075 3453 5131 ad
3497 5074 3612 5130 He-

2032 5171 2229 5237 rodem,
2263 5178 2369 5227 etc.
2431 5168 2681 5240 Magnum
2734 5181 2864 5224 vero
2897 5167 3056 5224 nobis
3116 5166 3322 5240 aliquid
3365 5165 3505 5237 Magi
3532 5164 3618 5220 in-

2033 5269 2227 5328 nuunt,
2263 5260 2406 5331 quod
2433 5260 2486 5314 in
2516 5259 2790 5332 regionem
2839 5273 2993 5315 suam
3021 5272 3121 5331 per
3149 5258 3294 5314 viam
3338 5256 3501 5310 aliam
3535 5267 3617 5310 re-

2035 5360 2340 5408 vertuntur.
2369 5349 2538 5423 Regio
2571 5349 2767 5420 quippe
2793 5359 2977 5406 nostra
3005 5349 3292 5421 paradisus
3318 5352 3422 5401 est.
3452 5345 3501 5400 Α
3528 5360 3618 5402 re-

2038 5443 2196 5516 gione
2217 5441 2416 5496 etenim
2447 5449 2635 5496 nostra
2665 5440 3048 5510 superbiondo,
3076 5429 3452 5505 inobediendo,
3486 5437 3620 5493 visi-

2041 5540 2170 5597 bilia
2183 5539 2477 5610 sequendo,
2498 5536 2677 5593 cibum
2693 5537 2920 5593 vetitum
2943 5533 3228 5607 gustando,
3244 5531 3614 5598 discessimus,

2043 5633 2138 5691 sed
2165 5633 2232 5688 ad
2276 5647 2398 5688 eam
2426 5647 2648 5688 necesse
2682 5641 2784 5695 est,
2822 5639 2883 5686 ut
2909 5630 3107 5695 ﬂendo,
3137 5627 3459 5696 obediendo,
3489 5627 3618 5683 visi-

2043 5724 2169 5782 bilia
2200 5722 2614 5791 contemnendo,
2666 5731 2827 5792 atque
2878 5719 3173 5790 appetitum
3217 5719 3399 5775 carnis
3451 5716 3618 5774 refre-

2044 5815 2225 5873 nando
2248 5814 2554 5872 redeamus.
2583 5812 2689 5870 Per
2724 5812 2886 5867 aliam
2914 5809 3058 5864 viam
3105 5809 3174 5865 ad
3217 5809 3492 5881 regionem
3520 5821 3620 5861 no-

2045 5917 2218 5968 stram
2267 5908 2620 5981 regredimur,
2657 5904 2910 5976 quoniam
2933 5903 3022 5978 qui
3056 5918 3087 5960 a
3132 5905 3368 5976 paradisi
3399 5902 3616 5975 gaudio,

3191 5997 3230 6057 3
