4110 6450
553 488 623 549 τε
1840 464 2193 549 SMABAGDI
2231 488 2522 552 seems
3746 509 3820 566 76

549 620 647 678 per
679 594 1058 661 dilectamenta
1113 594 1481 670 discessimus,
1539 603 1612 660 ad
1640 602 1748 662 hoc
1772 617 1871 675 per
1894 603 2134 663 lamenta
2159 607 2214 671 Α
2236 606 2373 674 culi,
2404 615 2461 669 et
2490 608 2535 664 si
2569 608 2663 681 qui
2692 617 2820 666 sunt
2845 598 2941 681 qui
2966 613 3154 665 amant
3181 618 3422 680 praesens
3462 614 3720 672 saeculum
3761 627 3824 677 et

550 709 885 754 revocamur.

1185 774 1501 822 CONCORDIA.

615 859 849 915 istarum
875 857 1102 913 duarum
1158 859 1447 932 perspicua
1480 865 1638 917 estet
1670 860 1978 932 gratissima
2000 877 2132 918 con-

547 956 731 1013 cordia
768 954 1082 1021 lectionum,
1113 957 1286 1012 ambae
1305 956 1450 1012 enim
1477 956 1544 1013 de
1584 958 1864 1014 vocatione
1891 957 2131 1029 gentium

545 1047 996 1115 misericorditer,
1021 1055 1078 1101 et
1099 1047 1272 1103 ambae
1300 1046 1369 1103 de
1416 1047 1614 1104 oblatis
1642 1047 1872 1105 Domino
1900 1048 2134 1122 mystice

502 1172 507 1175 -
543 1140 887 1199 concorditer
912 1139 1205 1211 loquuntur
1230 1140 1566 1197 muneribus.

698 1247 1022 1307 DOMlNlCA
1052 1247 1268 1305 PRIMA
1304 1242 1483 1306 POST
1522 1249 1985 1309 THEOPHANIA.

543 1356 740 1399 ιεοτιο
767 1352 1040 1399 εριετοιλε
1075 1357 1237 1400 BEATI
1270 1359 1429 1399 PAULI
1468 1358 1725 1401 APOSTOLI
1764 1362 1832 1401 AD
1866 1361 2129 1414 ROMANOS,

1171 1429 1364 1470 CLPITE
1397 1430 1498 1470 ΧΠ.

620 1545 638 1578 ι
668 1527 910 1583 Obsecro
943 1536 1046 1595 per
1072 1525 1505 1581 misericordiam
1540 1526 1672 1593 'Dei,
1723 1535 1784 1583 ut
1829 1527 2132 1586 exhibeatis

546 1637 567 1671 ι
597 1631 828 1688 corpora
867 1620 1050 1672 vestra
1084 1616 1325 1672 hostiam
1360 1616 1659 1686 viventem,
1704 1628 1973 1686 sanctam,
2019 1620 2132 1678 Deo

546 1726 568 1761 α
597 1708 919 1779 placentem,
946 1706 1268 1763 rationabile
1300 1707 1621 1778 obsequium
1648 1721 1909 1766 vestrum.
1943 1708 2010 1766 Et
2035 1727 2133 1768 no-

546 1818 566 1853 ι
597 1800 692 1855 lite
736 1797 1071 1855 confoi‘itiaf‘i
1098 1796 1234 1853 hhic
1269 1799 1489 1865 sacculo,
1531 1798 1625 1856 sed
1659 1800 2035 1857 reformamini
2074 1801 2132 1859 in

545 1909 564 1942 ι
596 1889 838 1946 novitate
867 1904 1061 1946 sensus
1085 1889 1278 1956 vestri,
1318 1899 1379 1945 ut
1418 1892 1662 1962 probetis
1689 1894 1913 1964 quaesit
1938 1894 2131 1950 volun-

2232 712 2299 754 ea
2322 714 2442 769 qua:
2467 700 2651 757 saeculi
2679 710 2839 768 sunt,
2882 700 3178 757 secundum
3206 701 3439 759 formam
3469 706 3653 762 steculi
3679 723 3825 779 prae-

2232 791 2405 848 sentis
2448 802 2720 865 aptantur,
2774 795 2866 866 qui
2916 809 3047 850 vero
3093 810 3203 851 non
3252 798 3551 868 respiciunt
3592 816 3657 857 ea
3699 819 3826 875 quae

2232 884 2504 951 videntur,
2553 888 2648 943 sed
2693 902 2812 957 qum
2856 902 2964 943 non
3010 888 3282 957 videntur,
3335 898 3542 948 aeterna
3593 904 3720 951 sunt
3763 907 3826 955 et

2232 976 2713 1044 transformamur,
2751 986 2807 1035 et
2829 987 3165 1037 renovantur
3189 982 3257 1037 ad
3283 981 3450 1040 futuri
3490 987 3671 1044 eteculi
3712 989 3827 1047 for-

2233 1082 2400 1129 mam.
2447 1068 2584 1125 Vide
2628 1083 2761 1142 ergo
2801 1085 2872 1125 ne
2913 1070 3052 1127 forte
3081 1088 3206 1129 cum
3249 1076 3461 1132 venerit
3501 1077 3584 1134 ira
3627 1081 3682 1135 in
3727 1098 3830 1140 cor

2234 1166 2403 1224 tuum,
2436 1167 2493 1215 et
2517 1162 2957 1233 concupiscentia
2984 1163 3125 1219 mala
3151 1173 3209 1221 et
3232 1168 3485 1235 avaritia,
3515 1181 3830 1246 caeteraque

2230 1249 2427 1319 quibus
2470 1251 2725 1307 saeculum
2768 1268 3012 1324 praesens
3057 1256 3376 1325 delectatur,
3430 1259 3667 1320 formam
3719 1267 3825 1324 tibi

2228 1340 2416 1397 saeculi
2437 1344 2721 1413 praesentis
2745 1344 3044 1415 imponant.
3062 1346 3121 1403 Si
3145 1363 3278 1405 vero
3301 1366 3331 1406 e
3347 1355 3641 1422 contrario,
3665 1373 3829 1415 man-

2230 1433 2480 1499 suetudo,
2522 1436 2804 1504 patientia,
2849 1437 3070 1504 leuitas,
3098 1438 3455 1511 continentia,
3492 1448 3643 1515 fides,
3677 1453 3825 1509 veri-

2233 1530 2339 1589 tas,
2370 1531 2686 1595 exterasque
2714 1526 2944 1583 virtutes
2973 1529 3218 1586 nabitent
3248 1522 3302 1587 in
3331 1528 3495 1591 corde
3533 1544 3645 1603 tuo,
3685 1554 3826 1596 con-

2231 1611 2460 1671 formem
2508 1624 2561 1671 te
2603 1615 2772 1673 futuri
2811 1619 2991 1675 saeculi
3030 1621 3265 1691 faciunt,
3316 1635 3373 1681 et
3416 1627 3489 1683 ita
3534 1631 3822 1701 pulchram

2233 1706 2470 1762 animam
2501 1716 2668 1777 tuam,
2704 1720 2764 1767 ut
2787 1712 3000 1769 dicatur
3024 1715 3098 1770 illi
3131 1733 3160 1772 a
3185 1717 3352 1775 verbo
3377 1720 3492 1777 Dei.
3534 1722 3668 1780 Tota
3695 1728 3823 1799 pul-

2232 1799 2360 1854 chra
2386 1818 2460 1865 es,
2488 1804 2661 1859 amica
2684 1822 2822 1872 mea,
2849 1817 2898 1861 et
2924 1809 3133 1864 macula
3159 1828 3264 1866 non
3288 1822 3364 1867 est
3387 1814 3444 1869 in
3470 1824 3520 1871 te
3547 1814 3725 1889 (Cant.
3753 1823 3821 1897 ι).

2307 1890 2418 1948 Sed
2441 1894 2802 1963 reformamini
2842 1901 2898 1953 in
2939 1896 3164 1956 novitate
3205 1919 3386 1961 sensus
3414 1911 3589 1964 vestri.
3638 1890 3826 1969 Reno-

543 1997 563 2032 ι
595 1987 677 2036 tas
697 1980 793 2037 Dei
812 1980 979 2045 bona,
1003 1987 1058 2035 et
1078 1978 1438 2050 beueplacens
1457 1991 1516 2038 et
1532 1982 1792 2055 perfecta.
1823 1984 1957 2040 Dico
1981 1987 2132 2041 enim
2158 1973 2207 2033 Β
2232 1989 2392 2041 vatur
2417 1994 2600 2040 autem
2641 2001 2832 2045 sensus
2869 1999 3056 2046 uoster
3096 2006 3196 2064 per
3239 1998 3498 2053 exercitia
3544 2003 3825 2073 sapientia:

542 2087 563 2122 σ
594 2085 696 2142 per
718 2071 976 2141 gratiam,
1009 2085 1133 2141 quae
1158 2071 1283 2129 data
1310 2080 1397 2129 est
1420 2074 1577 2142 mihi,
1603 2076 1858 2132 omnibus
1882 2078 1975 2147 qui
2003 2082 2133 2133 sunt

544 2179 564 2214 ι
594 2161 739 2218 inter
763 2177 881 2219 vos.
927 2161 1046 2219 Non
1079 2161 1202 2232 plus
1238 2176 1434 2235 sapere
1460 2180 1623 2237 quam
1651 2174 1867 2239 oportet
1904 2182 2126 2239 sapere,

546 2272 565 2307 ι
595 2255 693 2312 sed
720 2270 912 2326 sapere
938 2256 1005 2310 ad
1032 2255 1406 2313 sobrietatem.
1452 2256 1521 2312 Et
1546 2258 1843 2330 unicuique
1871 2259 2015 2315 Deus
2046 2258 2130 2314 di-

542 2362 561 2397 ι
595 2343 725 2400 visit
762 2360 1074 2401 mensuram
1105 2344 1253 2400 ﬁdei.
1305 2346 1458 2402 Sicut
1498 2347 1645 2404 enim
1674 2348 1729 2402 in
1757 2360 1867 2404 uno
1899 2362 2128 2419 corpore

541 2451 560 2486 ι
594 2432 767 2489 multa
808 2435 1056 2491 membra
1094 2436 1380 2502 habemus,
1427 2436 1611 2492 omnia
1654 2448 1837 2493 autem
1879 2440 2127 2495 membra

540 2543 560 2578 ι
593 2541 701 2582 non
727 2526 979 2583 eumdem
1009 2533 1194 2583 actum
1221 2528 1466 2585 habent:
1500 2530 1576 2585 ita
1606 2531 1763 2587 multi
1799 2547 1968 2588 unum
2005 2549 2127 2590 (τοι-η

539 2637 560 2672 ι
589 2634 691 2691 pus
710 2635 903 2679 sumus
928 2620 986 2677 in
1009 2620 1249 2688 Christo,
1289 2622 1487 2695 singuli
1516 2632 1701 2680 autem
1737 2625 1877 2681 alter
1901 2626 2128 2685 alterius

544 2727 564 2763 ι
596 2711 865 2767 membra.
891 2730 910 2766 ι

607 2802 721 2877 (Ea:
747 2801 1020 2878 Origene.)
1059 2806 1197 2863 Cum
1235 2808 1489 2879 superius
1526 2808 1800 2866 docuisset
1830 2809 2124 2881 Apostolus

535 2896 810 2968 quomodo
836 2912 869 2952 a
892 2894 1095 2957 Iudicis
1122 2901 1191 2956 ad
1215 2909 1422 2972 gentes,
1449 2902 1518 2958 ab
1541 2903 1889 2959 observantia
1915 2903 2123 2960 carnali

538 2992 608 3047 ad
630 2991 1037 3050 observantiam
1059 2992 1383 3063 spiritalem,
1404 2993 1685 3066 religionis
1704 3008 1921 3051 summa
1947 3004 2124 3051 trans-

532 3088 646 3144 lata
684 3086 795 3151 sit,
847 3086 1163 3157 aggreditur
1210 3088 1474 3158 spiritalis
1544 3087 1704 3158 hujus
1767 3090 2125 3146 obserrantite

533 3195 714 3241 mores
735 3190 794 3238 et
821 3181 1075 3237 instituta
1096 3180 1464 3248 sanctificare,
1491 3190 1548 3238 et
1570 3183 1665 3239 ait.

603 3274 833 3332 Obsecro
860 3275 1038 3347 itaque
1061 3274 1170 3341 'uo‘s,
1198 3275 1412 3345 fmtres,
1440 3292 1535 3346 per
1556 3276 1974 3331 misericordiam
2000 3274 2118 3332 Dei.

2233 2078 2288 2125 et
2316 2072 2719 2130 meditationem
2746 2078 2899 2133 verbi
2942 2079 3072 2145 Dei,
3123 2089 3179 2136 et
3203 2083 3338 2156 legis
3368 2086 3486 2157 ejus
3514 2072 3819 2165 intelligen-

2232 2163 2394 2230 tiam,
2432 2172 2489 2220 et
2512 2176 2719 2235 quanto
2743 2170 2866 2239 quis
2895 2172 3139 2241 quotidie
3168 2190 3236 2229 ex
3265 2174 3667 2249 Scripturarum
3695 2163 3824 2256 pro-

2230 2252 2345 2310 ficit
2372 2255 2624 2323 lectione,
2650 2268 2854 2330 quanto
2882 2261 3044 2318 altius
3074 2265 3381 2325 intellectus
3406 2271 3523 2343 ejus
3553 2252 3818 2348 ascendit,

2231 2353 2382 2402 tanto
2403 2363 2617 2420 semper
2633 2367 2806 2409 novus
2826 2362 2882 2409 et
2900 2357 3140 2425 quotidie
3159 2374 3332 2418 novus
3354 2363 3602 2424 edicitur.
3631 2368 3824 2430 Potest

2230 2438 2394 2493 etiam
2413 2447 2470 2496 et
2484 2456 2678 2499 sensus
2691 2447 2939 2501 renovari
2963 2448 3030 2502 ad
3045 2446 3310 2518 justitiam
3331 2463 3386 2510 et
3403 2460 3814 2532 continentiam,

2229 2535 2285 2583 et
2309 2530 2379 2585 ad
2403 2530 2567 2589 fidem
2587 2541 2645 2590 et
2669 2534 3009 2605 patientiam,
3037 2550 3142 2596 etc.

2304 2617 2372 2674 Ut
2403 2622 2631 2693 probetis
2661 2642 2781 2697 quae
2814 2628 2885 2682 sit
2920 2629 3162 2688 voluntas
3195 2633 3290 2689 Dei
3319 2636 3453 2693 bona
3490 2648 3539 2695 et
3570 2641 3817 2709 benepla‘

2229 2729 2351 2770 cens
2375 2725 2423 2770 et
2444 2716 2696 2786 perfecta.
2734 2718 2792 2774 ln
2813 2720 2998 2779 multis
3016 2724 3160 2780 enim
3181 2733 3404 2796 putatur
3422 2743 3544 2787 esse
3564 2734 3817 2794 voluntas

2229 2804 2359 2872 Dei,
2392 2814 2446 2862 et
2472 2823 2579 2863 non
2610 2817 2726 2875 est,
2757 2810 2813 2865 in
2840 2827 2948 2882 quo
2979 2814 3025 2870 is
3051 2816 3237 2887 utique
3269 2820 3361 2890 qui
3398 2836 3614 2879 sensum
3649 2825 3816 2885 habet

2229 2908 2546 2955 renovatum
2572 2911 2723 2959 errat
2748 2911 2802 2960 et
2830 2904 3051 2963 fallitur.
3092 2908 3188 2965 Est
3210 2921 3391 2970 autem
3417 2930 3525 2972 non
3553 2916 3815 2993 cujusque

2229 3004 2442 3057 sensus,
2461 2993 2554 3048 sed
2579 2993 2732 3051 valde
2755 2999 3017 3065 renovati,
3037 3002 3270 3071 probare
3290 3004 3344 3061 in
3367 3008 3592 3079 singulis
3612 3012 3812 3082 quibus

2229 3082 2461 3153 agimus,
2491 3100 2612 3155 quae
2638 3085 2928 3157 loquimur,
2958 3107 3078 3163 quae
3101 3094 3421 3166 cogitamus,
3451 3101 3495 3156 si
3526 3102 3597 3156 sit
3624 3103 3816 3161 volun‘

2230 3182 2314 3232 tas
2356 3175 2485 3245 Dei,
2534 3187 2589 3234 et
2628 3180 2763 3236 nihil
2798 3185 3022 3241 omnino
3048 3185 3133 3242 vel
3161 3203 3347 3260 agere,
3374 3192 3459 3248 vel
3489 3193 3692 3263 dicere,
3725 3198 3815 3256 vel

2229 3268 2489 3338 cogitare,
2521 3273 2665 3342 quod
2691 3274 2952 3337 voluntati
2978 3277 3073 3334 Dei
3104 3295 3209 3353 non
3239 3285 3476 3341 senserit
3498 3292 3812 3361 convenire,

532 3365 673 3434 Quia
701 3378 892 3424 omnes
931 3337 1172 3423 éondusll
1198 3337 1364 3422 78mm
1530 3374 1775 3437 peccat-0,
1824 3382 1970 3423 nunc
2010 3367 2125 3438 jam
2152 3337 2197 3399 C
2227 3337 2353 3432 quia
2379 3337 2630 3421 volun—tas
2657 3364 2754 3421 Dei
2779 3375 2883 3435 est,
2910 3342 3171 3443 quidquid
3196 3337 3480 3435 bonumet

528 3475 640 3517 non
669 3460 724 3516 in
750 3460 981 3526 meritis,
1005 3460 1101 3516 sed
1122 3461 1180 3515 in
1207 3460 1584 3516 misericordia
1604 3459 1701 3514 Dei
1723 3459 1868 3515 salus
1886 3460 2125 3516 humana

528 3553 804 3609 comistit.
841 3552 966 3608 Ideo
992 3553 1149 3623 quasi
1174 3553 1268 3622 qui
1292 3550 1524 3607 ofﬁcium
1553 3552 1855 3622 susceperit
1880 3553 2125 3608 reconci-

530 3642 701 3701 liandi
731 3660 827 3701 vos
854 3645 987 3712 Deo,
1014 3643 1242 3700 obsecro
1266 3657 1364 3700 vos
1390 3658 1499 3699 non
1528 3657 1624 3715 per
1647 3644 1950 3715 potentiam
1970 3684 1986 3708 ,
2026 3644 2122 3701 sed

529 3751 631 3811 per
654 3738 1085 3795 misericordiam
1114 3738 1231 3793 Dei.
1268 3737 1409 3806 Quid
1432 3752 1528 3793 vos
1555 3738 1827 3793 obsecro?

608 3824 677 3881 Ut
719 3826 1006 3882 eahibeatis
1048 3842 1273 3899 corpora
1307 3836 1482 3882 uestra
1508 3868 1523 3893 ,
1572 3827 1799 3882 hostiam
1843 3829 2114 3883 viventem.

531 3918 812 3975 Viventem
833 3917 967 3974 dicit
986 3918 1222 3974 hostiam
1243 3933 1364 3989 qua:
1381 3917 1570 3983 vitam,
1588 3918 1691 3973 hoc
1712 3926 1795 3973 est
1815 3916 2116 3987 Christum,

526 4009 587 4065 in
612 4022 676 4064 se
706 4009 866 4081 gerit,
889 4016 947 4065 et
969 4009 1116 4068 dicit.
1140 4016 1372 4063 mortem
1394 4006 1523 4076 Jesu
1549 4009 1604 4063 in
1629 4022 1858 4078 corpore
1883 4009 2117 4065 circum-

528 4099 786 4168 ferimus,
833 4108 898 4157 ut
936 4107 993 4157 et
1017 4101 1130 4156 vita
1160 4099 1290 4157 Jesu
1323 4100 1530 4157 Christi
1566 4101 1621 4156 in
1656 4117 1883 4173 corpore
1926 4092 2117 4160 nostro

530 4190 933 4249 manifestetur.

599 4278 875 4338 Sanctam.
914 4280 1173 4338 Sanctam
1204 4282 1336 4338 dicit
1373 4283 1429 4339 in
1469 4298 1575 4355 qua
1616 4293 1835 4361 sanctus
1876 4285 2115 4359 Spiritus

527 4371 855 4436 habitabat
881 4372 1051 4428 illud:
1084 4371 1314 4430 Nescitis
1340 4383 1464 4448 quia
1489 4378 1738 4450 templum
1768 4380 1866 4436 Dei
1901 4382 2024 4437 estis
2062 4389 2112 4437 et

524 4460 742 4534 spiritus
767 4461 867 4517 Dei
897 4463 1099 4518 habitat
1126 4466 1185 4519 in
1211 4466 1352 4522 vobis
1379 4467 1431 4539 (1
1461 4468 1583 4524 Cor.
1613 4470 1719 4542 nt).

595 4551 709 4606 Deo
735 4551 1045 4623 placentem.
1086 4554 1399 4614 Placeutem
1428 4560 1538 4616 Deo
1575 4563 1744 4629 dicit,
1796 4572 1855 4620 ut
1900 4574 2029 4637 pote
2078 4581 2109 4622 a

524 4644 767 4715 peccatis
796 4653 852 4700 et
878 4644 1025 4701 vitiis
1070 4656 1406 4716 separatam,
1452 4651 1507 4707 hi
1549 4655 1694 4709 enim
1736 4650 1828 4726 qui
1867 4656 2109 4711 membra

525 4750 625 4794 sua
669 4738 1019 4805 mortiﬁcaut,
1068 4739 1139 4795 ab
1181 4742 1454 4799 incentivo
1494 4745 1734 4802 libidinis
1781 4754 1838 4801 et
1883 4746 2104 4815 furoris,

523 4843 679 4888 actus
708 4831 954 4904 mrporis
979 4832 1061 4889 sui
1088 4832 1314 4890 Domino
1344 4836 1577 4907 placitos
1610 4837 1839 4904 habent,
1874 4838 2106 4894 hostiam

523 4923 817 4991 viventem,
840 4933 1106 4991 sanctam,
1125 4925 1350 4985 Domino
1372 4929 1694 5000 placentem.
1712 4917 2107 4987 rationabiliter

522 5013 782 5071 ofl'erunt.

591 5104 924 5165 Rationabile
951 5109 1274 5183 obsequium.
1314 5110 1644 5182 Obsequium
1672 5111 1761 5168 hic
1787 5111 1990 5169 cultum
2021 5113 2103 5170 di-

524 5196 638 5266 cit,
689 5198 782 5269 qui
827 5199 1027 5256 dudum
1069 5201 1126 5257 in
1167 5205 1435 5274 pecudum
1473 5210 1745 5258 mutorum
1781 5203 2103 5276 corporibus

521 5290 876 5350 consistebat.
932 5292 1115 5362 Nunc,
1164 5295 1369 5365 inquit,
1418 5295 1736 5365 incorpore
1762 5297 2100 5356 rationabilis

520 5380 758 5441 hominis
800 5380 1086 5455 offeratur,
1134 5381 1191 5441 ét
1232 5400 1461 5456 corpora
1508 5387 1683 5459 magis
1720 5396 1900 5446 vestra
1937 5406 2101 5461 quam

517 5473 785 5545 pecudum
811 5476 943 5533 fiant
971 5476 1299 5534 sacrificium
1330 5477 1463 5546 Deo,
1487 5480 1614 5550 quia
1637 5480 1859 5554 dignum
1887 5491 1974 5541 est
1995 5484 2103 5541 Do-

518 5566 687 5633 mino,
712 5569 848 5626 tales
867 5569 1075 5627 hostias
1096 5570 1398 5637 immolare,
1423 5571 1624 5631 arietes
1641 5583 1821 5632 autem
1843 5584 1901 5633 et
1918 5578 2101 5635 hircos

518 5666 576 5716 et
607 5646 827 5730 vitulos,
857 5662 1152 5730 immortali
1191 5674 1247 5719 et
1285 5664 1606 5735 incorporeo
1633 5667 1863 5725 Domino
1880 5669 2099 5741 offerre,

521 5751 668 5808 nulla
688 5754 832 5811 ratio
854 5760 1003 5811 recta
1028 5763 1085 5811 et
1108 5755 1337 5811 honesta
1353 5756 1597 5828 suscipit.

593 5842 664 5899 Et
703 5842 862 5901 nolite
896 5845 1217 5917 conformari
1260 5847 1381 5905 huic
1419 5848 1637 5907 seculo.
1690 5851 1939 5910 Ostendit
1976 5868 2101 5913 esse

523 5933 814 6012 quamdam
846 5933 1073 5993 formam
1107 5937 1266 6010 hujus
1296 5940 1500 6009 saeculi,
1529 5952 1585 5999 et
1613 5944 1774 6001 aliam
1803 5944 1970 6002 futuri
1998 5963 2100 6004 sa:-

2135 4698 2188 4758 D

2226 3460 2341 3510 tum
2371 3463 2427 3512 et
2450 3456 2750 3529 perfectum
2777 3469 2879 3521 est.

2296 3545 2425 3601 Dico
2459 3549 2599 3604 enim
2631 3567 2724 3621 per
2748 3555 2974 3623 gratiam
3001 3573 3121 3629 qum
3147 3558 3275 3614 data
3304 3569 3384 3617 est
3410 3562 3558 3618 mihi.
3603 3562 3808 3626 Paulus

2224 3638 2369 3696 sicut
2412 3648 2468 3696 et
2508 3641 2564 3696 in
2609 3644 2733 3701 aliis
2768 3646 2902 3704 dicit
2944 3665 3050 3705 non
3098 3650 3157 3706 in
3216 3654 3480 3711 suasoriis
3532 3657 3812 3728 sapientiae

2224 3730 2459 3788 carnalis
2484 3733 2687 3802 verbis,
2733 3737 2828 3793 sed
2869 3754 2969 3810 per
2996 3747 3229 3812 gratiam
3261 3756 3384 3814 quae
3413 3746 3516 3802 sibi
3559 3748 3683 3804 data
3725 3762 3814 3808 est

2224 3818 2310 3893 (II
2336 3819 2459 3909 Co‘r.
2488 3822 2528 3896 ι)
2560 3823 2818 3896 loquitur.
2854 3827 2951 3887 ESt
2976 3830 3122 3886 enim
3152 3834 3321 3890 multa
3351 3833 3678 3907 differentia,
3709 3856 3812 3913 per

2219 3913 2454 3982 gratiam
2501 3914 2811 3987 loquentis,
2865 3930 2923 3978 et
2968 3937 3067 3993 per
3117 3925 3410 3983 humanam
3460 3929 3819 4002 sapientiam.

2218 4006 2461 4079 Denique
2481 4011 2725 4068 nonnulli
2744 4013 3057 4086 eloquentes
3077 4028 3132 4073 et
3150 4020 3349 4076 eruditi
3367 4022 3474 4078 viri
3491 4038 3612 4080 cum
3636 4026 3808 4083 multa

2218 4100 2453 4157 dixerint
2480 4092 2774 4177 composite
2802 4117 2858 4165 et
2881 4112 3127 4185 erudite,
3168 4122 3348 4171 tamen
3383 4118 3511 4188 quia
3552 4134 3661 4176 non
3706 4136 3807 4192 per

2216 4195 2469 4265 gratiam,
2502 4197 2771 4254 neminem
2800 4203 3138 4270 auditorum,
3168 4217 3261 4264 aut
3288 4210 3356 4266 ad
3382 4210 3542 4269 fidem
3561 4255 3578 4281 ,
3615 4224 3710 4272 aut
3735 4215 3807 4273 ad

2214 4289 2468 4345 timorem
2488 4290 2606 4360 Dei,
2628 4302 2722 4350 aut
2743 4295 2812 4350 ad
2836 4300 3301 4367 compunctiouem
3325 4304 3504 4359 cordis
3522 4309 3803 4375 potuerint

2212 4382 2461 4438 incitare.
2495 4383 2601 4438 Alii
2634 4400 2737 4440 non
2768 4402 2959 4453 magna
2989 4387 3316 4457 eloquentia,
3348 4391 3444 4447 sed
3475 4394 3803 4464 simpliciter

2220 4467 2516 4542 loquentes,
2545 4473 2744 4529 multos
2772 4474 3066 4531 infidelium
3095 4486 3449 4548 convertunt,
3490 4492 3546 4538 et
3581 4484 3687 4543 hoc
3717 4497 3803 4546 est

2212 4580 2309 4635 per
2332 4566 2563 4635 gratiam
2591 4566 2738 4638 loqui
2765 4583 2886 4638 quae
2911 4569 3037 4627 data
3062 4580 3147 4627 est
3170 4573 3358 4630 Paulo.

2285 4650 2539 4712 Omnibus
2573 4659 2662 4729 qui
2691 4669 2814 4713 sunt
2841 4661 2980 4716 inter
3006 4679 3115 4730 vos,
3148 4681 3252 4720 non
3276 4665 3395 4737 plus
3425 4685 3610 4741 sapere
3637 4689 3797 4746 quam

2212 4756 2410 4819 oportet
2438 4763 2638 4819 sapere.
2678 4748 2832 4818 Quod
2856 4750 2987 4809 dicit
3012 4755 3251 4811 omnibus
3276 4760 3367 4828 qui
3396 4769 3516 4814 sunt
3546 4761 3684 4817 inter
3709 4779 3796 4819 vos

2208 4836 2384 4894 simile
2416 4846 2500 4894 est
2528 4853 2591 4895 ac
2625 4841 2669 4896 si
2707 4838 2947 4899 diceret:
2984 4842 3140 4900 Omni
3170 4847 3258 4918 qui
3287 4848 3342 4903 in
3370 4848 3480 4907 Deo
3508 4860 3611 4919 est,
3641 4852 3797 4923 cujus

2210 4936 2424 5002 semper
2452 4947 2573 4988 esse
2601 4941 2706 4990 est.
2745 4932 2897 5003 Quod
2926 4938 3079 5007 dicit,
3113 4939 3237 4996 Non
3264 4941 3383 5015 plus
3418 4961 3615 5016 sapere,
3642 4948 3796 5004 vide-

2210 5031 2299 5078 tur
2328 5024 2396 5079 ad
2442 5026 2817 5095 superbientes
2860 5046 3042 5087 ramos
3077 5031 3338 5102 oleastri,
3386 5044 3441 5092 et
3468 5036 3795 5098 insultantes

2210 5116 2376 5173 ramis
2406 5119 2498 5188 qui
2542 5118 2609 5175 de
2651 5119 2794 5178 bona
2824 5122 2965 5179 oliva
3004 5124 3165 5182 fracti
3213 5136 3371 5195 sunt,
3418 5130 3564 5188 hunc
3600 5140 3791 5204 aptare

2209 5225 2547 5279 sermonem,
2590 5220 2647 5268 et
2689 5214 2871 5270 dicere
2905 5215 3016 5283 eis,
3063 5233 3172 5273 non
3200 5218 3394 5276 debere
3435 5220 3556 5292 plus
3597 5237 3792 5293 sapere

2208 5318 2369 5375 quam
2400 5312 2649 5375 oportet,
2697 5306 2801 5362 hoc
2840 5314 2958 5375 est,
3000 5308 3120 5378 plus
3161 5324 3352 5383 sapere
3378 5327 3540 5383 quam
3576 5325 3792 5386 oportet

2207 5410 2434 5468 sapere:
2468 5398 2582 5470 Ego
2610 5407 2791 5456 autem
2819 5401 2940 5458 dico
2964 5403 3107 5473 quod
3134 5404 3380 5461 haeretici
3420 5405 3543 5480 plus
3570 5409 3792 5480 sapiunt

2208 5487 2512 5549 de"hristo
2539 5506 2701 5562 quam
2728 5502 2943 5564 oportet
2964 5511 3175 5567 sapere,
3201 5497 3290 5570 qui
3318 5510 3515 5571 negant
3538 5514 3664 5556 eum
3688 5500 3789 5560 Dei

2206 5580 2467 5637 creatoris
2488 5597 2608 5639 esse
2632 5581 2849 5653 Filium,
2877 5594 2933 5643 et
2954 5587 3060 5644 alia
3080 5588 3248 5644 multa
3270 5586 3390 5660 plus
3411 5587 3479 5647 de
3504 5589 3597 5649 illo
3620 5606 3786 5665 quam

2204 5680 2418 5743 oportet
2442 5673 2725 5746 ﬁngentes.

2276 5764 2383 5821 Sed
2414 5783 2595 5839 sapere
2622 5768 2692 5823 ad
2726 5769 3076 5826 sobrietatem.
3111 5770 3211 5844 (Ex
3239 5769 3429 5847 Greg.)
3466 5772 3603 5829 Dum
3635 5776 3782 5834 enim

2203 5872 2302 5929 per
2329 5873 2618 5930 supernam
2648 5864 2896 5933 gratiam,
2926 5865 2992 5919 ad
3019 5863 3209 5920 altiora
3239 5864 3586 5939 intelligenda
3619 5867 3782 5924 dedu-

2202 5950 2394 6017 cimur,
2442 5960 2646 6020 quanto
2688 5954 2939 6009 subtilius
2980 5954 3243 6025 levamur,
3274 5962 3426 6013 tanto
3467 5970 3680 6031 semper
3720 5957 3779 6031 iq
