4110 6474
324 562 388 628 77
1149 567 1664 629 COLLECTIONES
1700 565 1768 624 IN
1809 561 2190 623 EPISTOLAS
2229 564 2317 620 ET
2355 559 2772 620 EVANGELIA.
3210 631 3214 634 i
3501 558 3578 622 78

324 687 682 746 humilitatem
723 689 1086 760 nosmetipsos
1126 689 1182 743 in
1222 689 1493 745 intellectu
1537 695 1726 743 nostro
1767 700 1895 756 pre—
1920 687 1974 746 A
2003 697 2021 732 ι
2052 678 2382 736 Νθεοὶθῢδιὶε
2423 681 2550 750 (tilia
2599 681 2655 734 in
2701 680 2808 746 his,
2856 694 2979 751 qua;
3022 679 3202 740 Patris
3259 682 3365 737 mei
3413 691 3573 751 sunt.

325 795 475 836 mere
499 780 774 836 debemus.
810 779 888 834 Ne
911 795 1170 836 conemur
1195 781 1315 851 plus
1339 795 1530 852 sapere
1554 796 1718 851 quam
1741 793 1902 850 opor-

326 883 402 928 tet
428 887 637 944 sapere,
661 873 755 928 sed
778 887 970 944 sapere
994 872 1060 927 ad
1088 874 1456 928 sobrietatem.
1486 873 1565 928 Ne
1588 873 1712 928 dum
1740 873 1902 928 nimis

324 963 614 1020 invisibilia
646 963 997 1029 discutimus,
1043 964 1378 1020 aberremus.
1431 965 1584 1033 Quod
1625 965 1680 1020 in
1712 961 1901 1018 Graeco

323 1057 522 1112 dicitur
546 1055 882 1128 σωφροσύνη,
920 1056 974 1110 in
1011 1056 1214 1112 nostris
1242 1057 1546 1122 codicibus,
1585 1056 1690 1112 hoc
1726 1065 1810 1112 est
1843 1054 1901 1110 in

324 1145 620 1216 Scripturis
647 1147 866 1212 divinis,
896 1148 1162 1203 sobrietas
1192 1161 1224 1203 a
1251 1147 1551 1218 majoribus
1579 1149 1902 1218 interpreta-

323 1246 437 1293 tum
476 1245 596 1304 est,
640 1239 709 1294 ab
747 1238 878 1308 aliis,
907 1247 1091 1295 tamen
1131 1240 1360 1296 eruditis
1383 1241 1515 1295 viris
1542 1239 1903 1310 temperantia

320 1329 558 1400 ponitur,
584 1343 708 1400 quae
733 1329 1110 1398 temperantia,
1144 1346 1250 1385 una
1279 1345 1347 1386 ex
1375 1339 1608 1401 quatuor
1631 1329 1899 1402 generali-

320 1421 422 1475 bus
447 1419 740 1476 virtutibus
768 1421 1016 1476 babetur.
1055 1421 1198 1492 Ergo
1223 1437 1413 1493 sapere
1442 1424 1508 1479 ad
1531 1423 1897 1490 sobrietatem,

323 1518 686 1582 temperanter
712 1526 904 1581 sapere
934 1520 1034 1575 est,
1067 1512 1173 1568 hoc
1199 1521 1302 1580 est,
1335 1521 1394 1567 ut
1423 1515 1477 1568 in
1504 1513 1756 1569 omnibus
1780 1527 1902 1584 quae

321 1606 528 1675 agimus
549 1605 631 1662 vel
653 1621 770 1676 qua:
791 1606 1062 1677 loquimur
1080 1615 1173 1662 aut
1196 1608 1456 1664 sentimus
1487 1609 1900 1681 temperantiam

323 1704 621 1752 teneamus.

389 1788 458 1842 Et
503 1789 779 1854 unicuique
821 1791 958 1844 sicut
998 1788 1139 1845 Deus
1185 1790 1360 1846 divisit
1405 1807 1707 1846 mensuram
1749 1792 1896 1862 ﬁdei.

319 1878 433 1935 Hoc
462 1891 569 1948 est,
590 1891 650 1935 ut
673 1881 812 1936 sciat
836 1879 1205 1953 unusquisque
1233 1892 1288 1938 et
1311 1883 1572 1955 intelligat
1601 1899 1720 1954 qua:
1748 1885 1804 1938 in
1834 1899 1900 1940 eo

319 1973 388 2026 sit
430 1987 684 2028 mensura
725 1973 919 2044 gratiae
957 1971 1054 2028 Dei
1097 1987 1259 2044 quam
1285 1976 1542 2044 consequi
1572 1975 1771 2030 meruit
1803 1990 1900 2046 per

2006 787 2025 822 ι
2055 778 2270 842 oportet
2298 785 2384 825 me
2411 786 2551 827 esse.
2586 769 2654 826 Et
2682 770 2783 841 ipsi
2809 786 2916 825 non
2946 771 3324 828 intellexerunt
3350 773 3580 830 verbum

2006 883 2026 917 ‹
2054 866 2196 934 quod
2225 863 2437 919 locutus
2464 871 2548 920 est
2578 865 2645 918 ad
2670 863 2810 918 illos.
2845 863 2914 918 Et
2937 865 3214 921 descendit
3241 881 3365 922 cum
3394 865 3493 933 eis,
3521 873 3578 921 et

2005 976 2025 1009 ι
2053 958 2202 1013 venit
2232 958 2528 1022 Nazaretlt,
2573 963 2629 1011 et
2668 965 2786 1010 erat
2824 957 3071 1012 subditus
3114 959 3239 1014 illis.
3293 959 3358 1014 Et
3402 968 3578 1013 mater

2005 1067 2024 1102 t
2055 1048 2172 1119 ejus
2203 1049 2562 1105 conservabat
2600 1048 2780 1103 omnia
2807 1047 2974 1103 verba
3015 1048 3166 1115 hac,
3204 1047 3490 1106 conferens
3522 1050 3580 1105 in

2006 1161 2024 1195 ‹
2055 1145 2218 1199 corde
2246 1159 2363 1200 suo.
2399 1144 2464 1199 Et
2488 1140 2646 1198 Jesus
2673 1143 2990 1214 proﬁciebat
3017 1143 3304 1214 sapientia.
3331 1153 3489 1202 aetate
3523 1155 3580 1200 et

2005 1254 2024 1287 ι
2052 1237 2226 1307 gratia
2257 1237 2400 1308 apud
2425 1237 2594 1292 Deum
2623 1244 2678 1291 et
2703 1236 2970 1292 homines.
3002 1255 3022 1290 ι

2069 1326 2138 1380 Et
2161 1343 2277 1380 cum
2302 1327 2473 1397 factus
2492 1335 2622 1382 esset
2633 1327 2788 1382 Jesus
2811 1343 3068 1382 annorum
3087 1326 3384 1395 duodecim,
3397 1345 3580 1383 ascen-

1999 1418 2238 1473 dentibus
2262 1418 2368 1472 illis
2393 1417 2814 1490 Hierosolymam
2839 1418 3125 1472 secundum
3149 1419 3582 1474 consuetudinem

1999 1509 2103 1564 diei
2132 1510 2275 1580 festi,
2309 1509 2784 1578 consummatisque
2813 1508 3025 1574 diebus,
3063 1525 3182 1565 cum
3212 1511 3458 1576 redirent,
3491 1527 3577 1564 re-

1999 1605 2192 1660 mansit
2223 1621 2353 1675 puer
2377 1603 2533 1660 Iesus
2563 1605 2620 1658 in
2648 1603 3002 1658 Hierusalem.
3045 1604 3150 1676 (Ex
3177 1601 3368 1677 Beda.)
3413 1603 3515 1672 Qui
3545 1620 3582 1660 ει

1998 1698 2318 1763 nativitate,
2364 1697 2472 1752 imo
2519 1711 2550 1751 a
2597 1697 2946 1766 conceptione
2980 1699 3237 1764 humana,
3276 1696 3581 1753 manifestis

1999 1788 2408 1854 miraculorum,
2433 1789 2558 1858 quia
2585 1789 2727 1843 Deus
2756 1789 2845 1854 sit,
2874 1797 2956 1844 est
2985 1789 3314 1860 approbatus
3340 1789 3578 1857 indiciis,

2000 1881 2114 1950 ipse
2166 1881 2332 1935 etiam
2388 1895 2514 1936 mox
2564 1881 2656 1936 ubi
2711 1888 2925 1950 tempus
2979 1883 3154 1936 aetatis
3207 1881 3580 1952 congruebat,

1999 1979 2287 2042 utramque
2335 1985 2485 2026 suam
2529 1979 2840 2027 reverenter
2880 1971 3118 2041 pandere
3165 1972 3366 2043 coepit,
3415 1981 3583 2044 atque

320 2064 503 2131 ﬁdem,
533 2042 801 2120 interdum
829 2066 975 2120 enim
1008 2042 1234 2138 accipit,
1266 2066 1389 2138 quis
1417 2081 1448 2121 ει
1471 2042 1604 2132 beo,
1636 2076 1692 2122 ut
1725 2042 1901 2138 sapiat
1925 2042 1973 2102 Β
1999 2061 2210 2131 aperire
2249 2061 2637 2126 substantiam,
2684 2069 2741 2117 et
2774 2061 2904 2132 quid
2928 2061 3178 2118 videlicet
3205 2042 3380 2128 Patri,
3421 2042 3582 2132 iusta

319 2159 371 2214 iu
400 2175 563 2231 opere
589 2160 891 2224 charitatis,
940 2169 1034 2215 aut
1079 2176 1208 2233 erga
1255 2162 1654 2216 misericordias
1693 2177 1896 2234 paupe-

319 2269 437 2309 rum
457 2297 470 2320 ,
511 2262 604 2308 aut
629 2254 776 2310 circa
803 2254 1060 2309 debilium
1090 2270 1278 2311 curam
1296 2295 1310 2320 ,
1343 2265 1436 2309 aut
1461 2270 1588 2326 erga
1614 2255 1898 2310 viduarum

316 2354 373 2401 et
406 2346 732 2416 pupillorum
763 2345 1166 2410 defensionem,
1211 2355 1306 2401 aut
1343 2362 1473 2416 erga
1520 2346 1900 2415 hospitalitatis

314 2437 760 2502 sollicitudinem,
784 2437 903 2491 hmc
928 2452 1057 2506 ergo
1080 2436 1290 2507 singula
1319 2436 1501 2490 divisit
1527 2436 1670 2490 Deus
1695 2436 1902 2490 unicui-

314 2544 425 2600 que
455 2529 750 2584 secundum
778 2544 1088 2584 mensuram
1116 2529 1260 2594 ﬁdei,
1299 2529 1392 2584 sed
1422 2530 1468 2584 si
1498 2529 1546 2584 is
1573 2530 1665 2599 qui
1691 2531 1901 2600 accepit

313 2619 570 2690 gratiam,
599 2625 659 2672 ut
682 2617 748 2672 de
774 2633 882 2672 uno
911 2617 1094 2687 aliquo
1119 2619 1313 2672 horum
1341 2628 1576 2687 saperet,
1607 2634 1713 2673 non
1745 2619 1901 2674 intel-

315 2711 446 2781 ligat
474 2725 780 2766 mensuram
811 2711 1000 2782 gratia:
1024 2711 1126 2768 sibi
1153 2713 1309 2774 datae,
1340 2713 1433 2766 sed
1465 2713 1592 2766 velit
1622 2727 1813 2782 sapere
1839 2712 1898 2767 in

314 2818 423 2872 quo
446 2802 678 2872 gratiam
709 2817 816 2857 non
847 2803 1091 2872 accepit,
1132 2810 1189 2860 et
1218 2819 1323 2859 non
1357 2803 1566 2859 discere
1594 2803 1758 2869 velit,
1802 2803 1900 2859 sed

315 2896 513 2950 docere
540 2909 658 2964 quae
687 2895 892 2960 nescit,
930 2894 1037 2951 iste
1061 2910 1184 2951 cum
1220 2896 1400 2951 minus
1427 2897 1601 2965 sapiat
1634 2897 1755 2967 plus
1783 2893 1900 2951 vult

315 3002 529 3058 sapere,
555 3003 715 3058 quam
739 2997 974 3060 oportet,
1004 3003 1192 3044 verum
1217 2997 1275 3043 ut
1302 2990 1602 3044 evidentius
1627 2989 1806 3043 adhuc
1831 2989 1898 3044 de

314 3080 400 3136 his
411 3079 700 3150 Apostolus
713 3083 1335 3153 assignaret,introdurit
1348 3083 1651 3153 exemplum
1669 3090 1722 3138 et
1735 3083 1894 3138 dicit:

388 3171 533 3230 Sicut
565 3175 702 3229 enim
727 3175 785 3230 in
814 3192 918 3231 uno
940 3191 1154 3247 corpore
1177 3176 1343 3231 multa
1368 3177 1598 3232 membra
1623 3177 1894 3244 habemus,

313 3269 491 3322 omnia
518 3277 691 3322 autem
720 3268 951 3323 membra
980 3285 1084 3323 non
1113 3269 1351 3324 eumdem
1377 3277 1557 3323 actum
1579 3268 1795 3333 habent,
1819 3269 1897 3323 ita

313 3359 466 3414 multi
502 3377 666 3416 unum
703 3377 890 3432 corpus
929 3377 1111 3416 sumus
1148 3361 1204 3415 in
1233 3358 1441 3416 Christo
1471 3359 1665 3429 singuli
1694 3368 1894 3424 autem,

1997 2152 2282 2207 veritatem
2327 2151 2523 2207 divinae
2567 2150 2886 2221 majestatis,
2933 2161 2986 2208 et
3031 2151 3338 2222 quidjuxta
3363 2169 3582 2211 assum-

1996 2241 2196 2311 ptionis
2250 2241 2502 2298 humana:
2552 2240 2902 2315 fragilitatem
2955 2244 3148 2300 debeat
3198 2246 3408 2313 matri,
3477 2261 3584 2302 nec

1999 2333 2203 2402 absque
2237 2333 2607 2404 providentia,
2645 2334 2907 2388 duodenis
2934 2335 3109 2405 prima
3133 2350 3244 2392 suae
3273 2335 3398 2393 ﬁdei
3426 2338 3582 2394 rudi-

1999 2433 2182 2478 menta
2208 2424 2510 2490 revelabat,
2549 2439 2670 2494 qua:
2711 2425 2994 2479 duodecim
3025 2425 3391 2495 apostolorum
3420 2428 3584 2484 mini-

2000 2513 2188 2578 sterio,
2236 2527 2334 2584 per
2358 2521 2614 2568 cunctum
2645 2521 2800 2566 erant
2843 2512 3128 2568 revelanda
3167 2521 3221 2570 et
3261 2515 3587 2575 elucidanda

1998 2603 2206 2658 orbem.
2256 2603 2549 2658 Possumus
2595 2612 2651 2658 et
2692 2604 2795 2658 hoc
2824 2605 3028 2671 dicere,
3067 2607 3192 2677 quia
3232 2607 3373 2663 sicut
3396 2618 3583 2680 septe-

1998 2697 2172 2764 nario,
2221 2698 2301 2753 sic
2344 2706 2399 2753 et
2439 2698 2770 2753 duodenario
2803 2715 3050 2765 numero,
3091 2702 3182 2770 qui
3211 2701 3585 2774 multiplicatis

1998 2788 2140 2843 inter
2174 2803 2232 2843 se
2277 2788 2507 2842 invicem
2555 2790 2864 2861 septenario
2906 2790 3152 2862 partibus
3197 2803 3450 2861 constat,
3494 2794 3584 2852 vel

2000 2895 2183 2935 rerum
2211 2881 2296 2936 vel
2338 2889 2639 2952 temporum
2674 2883 2999 2938 universitas
3042 2898 3106 2938 ac
3145 2885 3408 2962 perfectio
3437 2886 3583 2942 desi-

1998 2979 2226 3042 gnatur:
2251 2979 2415 3042 atque
2436 2971 2556 3028 ideo
2581 2987 2688 3043 quo
2709 2974 2892 3028 omnia
2914 2973 3028 3030 loca
3049 2974 3136 3029 vel
3161 2984 3403 3048 tempora
3427 2979 3586 3036 decet

1997 3063 2287 3134 occupari,
2340 3072 2487 3121 recte
2526 3081 2556 3119 a
2593 3065 2912 3122 duodecimo
2952 3081 3179 3122 numero
3214 3067 3376 3140 jubar
3413 3072 3584 3128 sumit

1998 3156 2302 3211 exordium.

2070 3244 2140 3298 Et
2172 3261 2274 3299 non
2306 3252 2656 3316 cognoverunt
2682 3255 2922 3317 parentes
2950 3248 3097 3319 ejus,
3136 3258 3185 3304 et
3221 3251 3584 3308 existimantes

1998 3346 2174 3392 autem
2210 3337 2362 3391 illum
2393 3355 2503 3392 esse
2540 3339 2595 3392 in
2629 3340 2903 3409 comitatu,
2944 3352 3189 3398 uenerunt
3224 3345 3326 3399 iter
3353 3347 3490 3414 diei,
3529 3356 3582 3403 et

312 3449 449 3504 alter
473 3449 692 3506 allen-us
719 3420 970 3506 me'mbra.
1010 3451 1424 3508 ordinatissime
1461 3420 1577 3522 pel:
1597 3450 1712 3506 hmo
1749 3465 1898 3506 com-
1923 3420 1969 3484 C
2001 3429 2330 3502 requirebant
2361 3447 2478 3484 eum
2503 3432 2640 3485 inter
2667 3443 2914 3504 cognatos
2944 3445 2989 3490 et
3021 3446 3196 3504 notos,
3226 3447 3274 3492 et
3306 3456 3410 3495 non
3437 3442 3582 3498 inve-

312 3555 522 3611 ponens
545 3556 707 3597 omne
735 3556 933 3612 corpus
957 3541 1231 3608 Ecclesiae,
1261 3549 1320 3596 ut
1344 3541 1485 3597 sicut
1509 3540 1750 3595 membra
1774 3553 1900 3596 cor-

311 3633 480 3703 poris,
515 3632 728 3703 singula
755 3647 983 3705 qumque
1009 3633 1258 3704 proprios
1287 3634 1487 3688 habent
1515 3640 1690 3699 actus,
1725 3641 1779 3688 et
1811 3641 1896 3685 tae

312 3739 438 3777 men
473 3739 578 3777 uno
612 3738 884 3780 consensu
919 3734 1108 3779 mutuo
1137 3724 1240 3780 sibi
1270 3723 1501 3778 invicem
1529 3722 1755 3788 cedunt,
1787 3722 1892 3790 ita,

314 3815 521 3885 inquit,
564 3823 619 3871 et
655 3816 709 3871 in
746 3817 1024 3884 Ecclesia,
1054 3833 1175 3887 qua:
1202 3827 1285 3872 est
1310 3831 1507 3887 corpus
1531 3815 1766 3880 Christi,
1808 3814 1896 3870 di-

311 3921 501 3961 versos
533 3907 727 3978 singuli
759 3909 1021 3964 habemus
1045 3918 1216 3972 actus,
1252 3907 1399 3962 verbi
1429 3907 1604 3979 gratia
1631 3906 1771 3962 alius
1795 3921 1896 3977 per

312 3998 637 4068 sapientiam
656 4039 671 4066 ,
708 4008 793 4056 est
820 4001 1041 4066 oculus,
1073 4001 1212 4056 alius
1237 4015 1335 4071 per
1363 4015 1528 4072 opera
1555 4009 1638 4056 est
1668 4015 1892 4066 manus,

311 4090 452 4146 alius
473 4093 738 4148 audiendo
759 4101 843 4150 est
863 4096 1032 4159 auris,
1053 4110 1218 4149 unum
1248 4103 1427 4150 tamen
1450 4103 1534 4149 est
1557 4110 1624 4149 ex
1643 4094 1896 4150 omnibus

312 4183 597 4246 membris,
645 4198 839 4252 corpus
889 4184 942 4238 in
990 4184 1206 4240 Christo
1243 4182 1368 4239 Jesn
1409 4184 1636 4239 Domino
1684 4193 1889 4240 nostro.

313 4273 596 4343 Quomodo
622 4283 801 4329 autem
827 4290 1023 4346 corpus
1050 4276 1193 4331 istud
1219 4277 1273 4330 in
1295 4277 1510 4332 Christo
1534 4278 1621 4341 sit,
1649 4279 1788 4334 idem
1812 4287 1896 4334 est

313 4364 368 4417 in
396 4363 646 4428 veritate,
677 4371 731 4418 et
755 4365 1017 4433 sapientia
1045 4364 1330 4436 etjustitia
1356 4373 1410 4420 et
1437 4367 1890 4435 sanctiﬁcatione,

312 4471 436 4527 qua:
460 4455 642 4510 omnia
667 4455 912 4512 Christus
939 4465 1042 4521 est,
1066 4457 1175 4528 jam
1205 4473 1346 4527 srepe
1371 4458 1627 4514 diximus.

707 4564 1040 4606 ενΑΝαειιωι
1079 4567 1251 4617 ιυεκε,
1289 4568 1408 4607 CAP.
1445 4567 1504 4606 ΙΙ.

391 4661 410 4694 t
444 4641 512 4698 Et
539 4658 660 4696 cum
697 4641 872 4697 factus
907 4651 1051 4698 esset
1083 4643 1242 4698 Jesus
1278 4658 1541 4698 annorum
1570 4641 1886 4710 duodecim,

319 4756 338 4790 ι
370 4735 784 4792 ascendentibus
822 4735 926 4791 illis
951 4736 1376 4808 Hierosolymam
1416 4735 1711 4791 secundum
1758 4753 1888 4792 con-

319 4849 337 4882 t
370 4827 711 4884 suetudinem
756 4828 863 4882 diei
913 4827 1056 4884 festi.
1133 4828 1641 4898 Cousummatisque
1700 4830 1890 4885 diebus

317 4942 336 4975 ι
369 4937 491 4976 cum
517 4921 776 4986 redirent,
805 4920 1064 4974 remansit
1090 4935 1226 4990 puer
1249 4917 1405 4974 Jesus
1431 4920 1486 4973 in
1512 4919 1890 4991 Hierosolyma

317 5032 334 5064 ς
367 5021 421 5066 et
469 5026 576 5065 non
622 5019 987 5081 cognoverunt
1023 5018 1276 5080 parentes
1313 5010 1451 5081 ejus.
1505 5011 1891 5068 Existimautes

319 5123 335 5155 t
370 5112 550 5158 autem
596 5102 743 5156 illum
771 5118 893 5158 esse
923 5103 976 5157 in
1012 5103 1299 5168 comitatu,
1329 5112 1594 5156 venerunt
1637 5103 1741 5158 iter
1782 5103 1889 5160 diei

318 5215 335 5247 ς
369 5205 424 5250 et
451 5195 795 5265 requirebant
816 5209 940 5248 eum
965 5195 1108 5250 inter
1131 5202 1390 5267 cognatos
1415 5203 1470 5250 et
1495 5203 1670 5259 notos,
1700 5203 1755 5248 et
1779 5212 1889 5250 non

317 5307 336 5339 ι
371 5287 708 5342 invenientes
739 5286 972 5357 regressi
1000 5295 1126 5341 sunt
1152 5285 1209 5341 in
1239 5284 1575 5340 Hierusalem
1606 5285 1888 5354 requiren-

318 5399 336 5432 ι
369 5389 451 5434 tes
481 5394 625 5432 eum.
676 5379 741 5431 lit
776 5375 977 5431 factum
1003 5386 1090 5433 est
1115 5387 1235 5448 post
1261 5376 1528 5443 triduum,
1567 5377 1888 5432 invenerunt

317 5492 335 5524 ι
364 5479 518 5528 iitum
552 5472 604 5526 in
635 5470 833 5542 templo
862 5471 1137 5526 sedentem
1166 5471 1218 5526 in
1251 5472 1429 5528 medio
1459 5473 1763 5536 doctorum,
1795 5487 1892 5527 au-

319 5583 335 5615 ι
370 5565 607 5618 dientem
656 5563 814 5630 illos,
865 5571 920 5617 et
965 5563 1386 5631 interrogantem
1416 5579 1530 5620 eos.
1589 5564 1892 5635 Stupebant

318 5676 337 5709 ι
369 5667 551 5711 autem
577 5673 767 5724 omnes
796 5657 887 5726 qui
922 5671 1045 5712 eum
1076 5656 1366 5711 audiebant
1403 5672 1567 5728 super
1599 5659 1884 5729 prudentia

319 5766 337 5799 ι
368 5756 423 5802 et
454 5749 727 5818 responsis
766 5749 902 5819 ejus.
952 5749 1017 5802 Et
1053 5748 1298 5802 videntes
1336 5749 1588 5804 admirati
1625 5757 1770 5804 sunt.
1819 5749 1889 5805 Et

321 5857 338 5889 ι
369 5838 505 5893 dixit
536 5847 706 5894 mater
735 5837 850 5908 ejus
877 5841 944 5895 ad
973 5839 1120 5894 illum
1153 5858 1165 5892 :
1206 5839 1339 5906 Fili,
1369 5841 1498 5910 quid
1525 5840 1701 5896 fecisti
1733 5841 1887 5897 nobis

321 5945 339 5979 ι
372 5927 490 5980 sic?
526 5928 662 5983 Ecce
691 5939 844 6000 pater
871 5939 993 5986 tuus
1029 5941 1082 5985 et
1117 5947 1216 6000 ego
1245 5931 1487 5986 dolentes
1512 5935 1888 6002 quaerebamus

323 6037 342 6074 t
373 6028 445 6074 te.
482 6020 546 6076 Et
574 6021 652 6075 ait
675 6020 740 6076 ad
769 6022 888 6078 illos
913 6038 927 6078 :
961 6023 1097 6092 Quid
1128 6032 1211 6080 est
1234 6024 1375 6093 quod
1408 6040 1493 6078 me
1521 6026 1888 6094 qnaetebatis?

1914 4789 1968 4849 D

1999 3523 2220 3589 nientes,
2252 3523 2444 3577 reversi
2485 3533 2606 3578 sunt
2637 3525 2691 3578 in
2725 3523 3052 3581 Hierusalem
3082 3531 3396 3601 requirentes
3434 3551 3577 3591 eum.

1997 3616 2200 3684 Qumrit
2237 3615 2434 3686 aliquis
2463 3615 2731 3686 quomodo
2768 3618 2862 3672 Dei
2906 3618 3073 3676 Filius
3103 3631 3250 3676 tanta
3291 3634 3584 3695 parentum

1996 3725 2124 3764 cura
2155 3709 2424 3774 nutritus,
2469 3710 2554 3764 bis
2595 3711 2922 3766 abeuntibus
2949 3715 3188 3783 potuerit
3209 3715 3580 3776 obliviscenda

1997 3803 2252 3874 relinqui.
2301 3803 2398 3858 Cui
2441 3804 2873 3875 respondendum
2903 3805 3028 3875 quia
3057 3806 3182 3862 ﬁliis
3212 3809 3376 3866 Israel
3409 3813 3582 3870 moris

1995 3895 2188 3962 fuerit,
2231 3906 2291 3951 ut
2323 3897 2657 3969 temporibus
2683 3897 2836 3954 fesﬁs
2865 3899 2948 3954 vel
2982 3899 3411 3974 Hierosolymam
3443 3921 3580 3963 con-

1994 3989 2242 4057 ﬂuentes,
2273 3991 2357 4048 vel
2403 3993 2470 4047 ad
2518 3992 2736 4063 propria
2786 3992 3100 4063 redeuntes,
3149 4011 3394 4058 seorsum
3428 3999 3580 4067 viri,

1995 4099 2241 4139 seorsum
2271 4093 2450 4138 autem
2477 4082 2711 4150 feminas,
2737 4084 2933 4140 choros
2957 4087 3214 4142 ducentes
3241 4088 3572 4145 incederent.

1994 4174 2340 4244 lnfantesque
2366 4175 2450 4229 vel
2483 4176 2656 4245 pueri,
2685 4192 2806 4232 cum
2833 4175 3073 4245 quolibet
3108 4187 3335 4247 parente
3362 4179 3580 4237 indiffe-

1995 4276 2180 4321 renter
2219 4267 2298 4321 ire
2337 4274 2646 4337 potuerunt.
2705 4266 2935 4335 Ideoque
2978 4268 3196 4323 beatam
3237 4270 3458 4326 Mariam
3488 4273 3577 4331 vel

1993 4359 2190 4430 Ioseph
2210 4400 2225 4424 ,
2269 4360 2511 4414 vicissim
2547 4366 2769 4429 putasse
2798 4375 3022 4430 puerum
3051 4359 3233 4417 Jesum
3253 4404 3268 4430 ,
3313 4381 3473 4435 quem
3513 4381 3576 4423 se

1994 4452 2242 4509 comitari
2291 4467 2398 4506 non
2447 4450 2780 4517 cernebant,
2827 4466 2952 4507 cum
2998 4452 3171 4510 altero
3211 4445 3436 4527 parente
3481 4473 3573 4515 re-

1992 4560 2230 4600 versum.

2065 4637 2134 4691 Et
2175 4637 2372 4708 factum
2411 4647 2484 4692 est
2519 4646 2633 4709 post
2673 4639 2906 4694 triduum
2929 4680 2943 4704 ,
2982 4640 3290 4700 invenerunt
3327 4643 3478 4700 illum
3512 4647 3572 4702 in

1993 4729 2183 4800 templo
2211 4731 2472 4784 sedentem
2499 4731 2552 4784 in
2580 4730 2750 4784 medio
2781 4730 3054 4786 doctorum
3073 4773 3086 4799 ,
3123 4735 3422 4792 audientem
3450 4738 3574 4794 illos

1993 4834 2039 4878 et
2086 4823 2511 4893 interrogantem.
2569 4822 2733 4889 Quasi
2782 4821 2903 4878 fons
2949 4825 3231 4894 sapientiae
3279 4829 3564 4886 doctorum

1993 4917 2202 4972 medius
2229 4917 2399 4980 sedet,
2423 4916 2515 4971 sed
2542 4916 2697 4985 quasi
2723 4917 2998 4988 exemplar
3020 4919 3358 4990 humilitatis,
3382 4925 3573 4980 audire

1990 5007 2163 5076 prius,
2189 5014 2244 5060 et
2271 5007 2605 5077 interrogare
2628 5007 2898 5072 doctores,
2922 5024 3082 5079 quam
3111 5009 3401 5078 instruere,
3422 5030 3572 5086 qua:-

1991 5097 2064 5151 rit
2092 5097 2360 5151 indoctos.
2408 5094 2486 5151 Ne
2523 5095 2726 5150 etenim
2769 5097 2977 5167 parvuli
3021 5112 3052 5154 a
3090 5101 3397 5160 senioribus
3437 5118 3568 5158 eru-

1989 5193 2214 5248 bescant
2239 5193 2466 5257 discere,
2496 5201 2551 5247 et
2579 5193 2687 5263 ipse
2715 5192 2778 5247 ob
2807 5196 2977 5251 artatis
3002 5196 3248 5254 humanae
3269 5215 3573 5271 coagmen-

1994 5287 2122 5342 tiam
2159 5287 2404 5342 homines
2444 5285 2750 5342 auscultare
2796 5303 2904 5342 non
2951 5291 3220 5348 erubescit
3268 5292 3427 5347 Deus.
3489 5291 3570 5350 Ne

1993 5377 2240 5432 inﬁrmus
2268 5378 2460 5433 docere
2488 5379 2611 5448 quis
2637 5381 2863 5446 audeat,
2895 5389 2950 5436 et
2981 5381 3069 5438 ille
3097 5397 3232 5452 puer
3258 5382 3440 5438 doceri
3482 5384 3567 5440 in-

1991 5469 2313 5538 terrogando
2339 5469 2528 5535 voluit,
2555 5470 2647 5539 qui
2676 5484 2772 5540 per
2799 5472 3096 5527 divinitatis
3123 5473 3420 5542 potentiam
3444 5488 3569 5532 ver-

1989 5561 2116 5617 bum
2145 5562 2306 5617 scien’
2323 5556 2333 5566 “
2353 5576 2388 5623 ,c
2411 5561 2540 5630 ipsis
2567 5562 2682 5617 suis
2707 5563 3018 5618 doctoribus
3041 5563 3386 5622 ministravit.

2062 5653 2346 5727 Stupebant
2378 5664 2552 5710 autem
2582 5672 2759 5710 omnes
2787 5656 2878 5726 qui
2911 5671 3030 5731 eum
3059 5655 3371 5724 audiebant,
3407 5677 3568 5732 super

1986 5745 2227 5802 doctrina
2255 5756 2302 5801 et
2334 5747 2592 5817 responsis
2624 5747 2762 5816 ejus,
2798 5755 2847 5799 et
2885 5745 3114 5802 uidentes
3139 5748 3388 5806 admirati
3417 5762 3559 5808 sunt.

1989 5839 2286 5912 Stupebant
2311 5842 2403 5912 qui
2441 5858 2564 5896 eum
2596 5840 2885 5896 audiebant
2929 5850 2984 5896 et
3023 5841 3265 5898 videntes
3309 5843 3561 5898 admirati

1987 5943 2130 5989 sunt.
2199 5936 2264 5989 Et
2321 5952 2386 5989 eo
2441 5935 2672 6004 amplius
2728 5935 3013 6004 stupebant
3063 5951 3227 6006 super
3274 5935 3561 6004 prudentia

1987 6028 2429 6096 responsionum,
2473 6043 2578 6096 quo
2617 6028 2942 6095 paucitatem
2972 6029 3216 6084 videntes
3243 6035 3557 6082 contemne-
