4110 6450
533 458 604 515 79
1843 438 2194 501 SMABAGDI
2228 434 2514 496 ABBATB
3717 429 3787 485 80

525 573 662 628 bant
682 583 966 627 annorum.
1000 565 1111 623 Nos
1132 570 1310 620 autem
1335 562 1570 617 scientes
1593 559 1736 614 hunc
1761 570 1882 612 esse
1906 555 1974 610 de
1998 567 2105 623 quo
2133 555 2186 616 Α
2207 551 2353 608 mine
2382 545 2682 607 Salvatoris
2719 544 3040 605 mortalibus
3069 547 3291 616 praestet
3307 581 3324 611 ,
3364 548 3424 599 et
3449 556 3486 598 x
3511 541 3785 614 quomodo

527 664 659 718 olim
704 661 968 732 prapheta
1008 652 1431 728 gratulabundus
1470 648 1792 706 exsultabat.
1842 641 2106 697 Parvulas

529 768 686 810 natus
725 764 798 808 est
839 752 1010 815 nobis,
1051 748 1194 817 [ilius
1224 746 1381 799 datus
1423 752 1499 797 est
1540 740 1707 804 nobis,
1750 747 1800 792 et
1840 733 2108 790 vocabitur

529 863 715 903 nomen
741 861 856 916 ejus
870 838 1228 901 Admirabilis,
1246 835 1611 895 Consiliarius,
1629 833 1772 885 Deus
1793 829 1944 899 fortis
1968 824 2103 916 (Isa.

528 940 628 1013 Ix),
668 914 1007 1006 nequaquam
1045 932 1308 987 miremur
1335 942 1482 991 eum,
1510 925 1600 994 qui
1631 923 1709 976 sic
1738 917 1994 990 parvulus
2020 914 2104 968 fa-

526 1041 648 1090 ctus
691 1040 778 1086 est
817 1030 999 1089 homo,
1044 1033 1104 1079 ut
1140 1020 1511 1084 nihilominus,
1551 1015 1697 1087 quod
1722 1021 1841 1068 erat
1867 1023 2104 1080 semper,

524 1125 670 1180 Deus
698 1138 763 1178 ac
787 1121 962 1185 fortis,
989 1122 1353 1189 permaneret.

596 1219 665 1274 Et
690 1218 825 1272 dixit
851 1223 1021 1269 mater
1049 1211 1162 1281 ejus
1189 1209 1258 1262 ad
1287 1207 1472 1261 illum:
1497 1199 1774 1273 Fili,quid
1805 1197 1974 1268 fecisti
2005 1211 2102 1250 no-

523 1309 604 1366 bis
627 1307 741 1363 sic?
771 1304 908 1360 Ecce
933 1310 1082 1372 pater
1106 1309 1227 1353 tuus
1252 1307 1298 1352 et
1325 1313 1438 1368 ego,
1465 1293 1717 1356 dolentes,
1741 1288 2106 1361 quaerebamus

523 1413 604 1469 te,
649 1409 696 1454 et
734 1399 809 1452 ait
845 1395 914 1451 ad
950 1393 1070 1448 illos
1104 1410 1123 1447 :
1164 1390 1304 1456 Quid
1342 1398 1416 1443 est
1454 1385 1592 1458 quod
1630 1400 1713 1438 me
1745 1379 2056 1454 quaerebatis
2081 1377 2107 1431 Ρ

523 1491 828 1552 nesciebatis
854 1489 1003 1562 quia
1029 1488 1087 1542 in
1110 1485 1192 1540 his
1218 1499 1336 1556 qua:
1383 1479 1566 1534 Patris
1593 1480 1696 1532 mei
1733 1485 1875 1540 sunt,
1907 1481 2108 1544 oportet

522 1606 606 1645 me
630 1603 760 1643 esse.
807 1583 926 1640 Non
967 1578 1111 1651 quod
1147 1593 1272 1635 eum
1303 1575 1457 1646 quasi
1487 1573 1657 1628 ﬁlium
1687 1576 1937 1641 quaerunt
1962 1566 2107 1620 vitu-

520 1687 710 1753 perat,
757 1676 855 1733 sed
899 1673 1030 1746 quid
1075 1671 1129 1728 ei
1173 1670 1352 1742 potius
1392 1667 1479 1722 cui
1523 1673 1760 1721 aeternus
1803 1668 1887 1716 est
1915 1659 2108 1724 Filius,

523 1775 738 1838 debeat,
761 1769 908 1842 cogit
930 1765 1117 1824 oculos
1140 1763 1338 1820 mentis
1363 1759 1628 1824 attollere,
1651 1756 1778 1827 quia
1800 1754 1942 1810 enim
1967 1753 2111 1807 Deus

522 1874 580 1922 et
618 1863 782 1918 homo
811 1867 915 1915 est.
969 1857 1125 1912 Nunc
1163 1853 1381 1909 excelsa
1427 1849 1666 1914 deitatis,
1711 1861 1854 1901 nunc
1901 1844 2109 1899 inﬁnita

518 1957 806 2033 prtesefert
831 1957 1083 2012 humanae
1109 1948 1438 2021 fragilitatis,
1471 1945 1628 2016 quasi
1662 1945 1827 2000 homo
1861 1940 2106 1997 seniores

521 2031 856 2122 interrogat,
902 2046 1058 2117 quasi
1087 2043 1230 2100 Deus
1258 2057 1378 2112 qum
1416 2039 1658 2096 seniores
1695 2047 1750 2090 et
1787 2035 1967 2090 edocti
2003 2031 2108 2088 mi-

520 2152 712 2202 rentur
739 2140 1049 2213 respondet.
1086 2135 1253 2204 Quasi
1279 2134 1375 2190 Dei
1405 2131 1575 2187 Filius
1603 2127 1806 2198 templo
1830 2127 1928 2183 Dei
1957 2139 2110 2182 com-

522 2248 792 2300 moratur,
816 2243 872 2290 et
897 2231 1054 2303 quasi
1079 2228 1222 2284 ﬁlius
1250 2224 1488 2282 hominis
1515 2237 1638 2278 cum
1662 2218 1979 2292 parentibus
2001 2231 2110 2289 quo

515 2329 715 2400 jubent
742 2323 1067 2397 regreditur.

594 2421 664 2474 Et
701 2419 800 2490 ipsi
837 2433 943 2472 non
979 2412 1349 2469 intellexerunt
1384 2407 1594 2464 verbum
1629 2404 1770 2477 quod
1799 2403 2006 2458 locutus
2033 2409 2110 2456 est

519 2511 592 2568 ad
619 2509 764 2576 illos,
798 2518 846 2564 et
873 2505 1137 2562 descendit
1164 2519 1284 2557 cum
1311 2499 1444 2566 illis,
1482 2508 1532 2554 et
1564 2497 1699 2553 venit
1731 2493 2026 2558 Nazareth,
2060 2500 2111 2547 et

520 2613 635 2659 erat
665 2601 906 2656 subditus
931 2598 1060 2653 illis.
1100 2595 1240 2664 Quid
1276 2593 1425 2648 enim
1460 2591 1724 2660 magister
1747 2587 1966 2642 virtutis
2003 2584 2111 2641 nisi

520 2692 756 2750 olllcium
779 2690 997 2760 pietatis
1018 2685 1301 2756 impleret?
1325 2683 1453 2753 quid
1477 2683 1620 2737 inter
1639 2696 1739 2736 nos
1759 2679 1924 2745 aliud,
1946 2692 2111 2748 quam

521 2784 665 2856 quod
695 2799 726 2838 a
757 2781 911 2837 nobis
938 2780 1020 2850 agi
1053 2777 1214 2833 vellet
1243 2783 1450 2846 ageret,
1464 2771 1748 2828 deferebat
1772 2771 1938 2842 patri,
1966 2768 2112 2825 defe-

524 2879 681 2934 rebat
705 2874 931 2932 ancillas.
969 2875 1087 2942 Ipsa
1115 2871 1262 2926 enim
1289 2869 1456 2924 dicit:
1489 2866 1633 2922 Ecce
1655 2863 1850 2921 ancilla
1875 2863 2108 2918 Domini.

524 2966 812 3024 Deferehat
859 2963 1114 3019 simulato
1158 2960 1341 3032 patri,
1397 2957 1675 3014 deferebat
1714 2956 1944 3012 Domino
1981 2969 2113 3010 vero

524 3059 701 3130 patri,
733 3065 787 3112 et
817 3056 1001 3124 utique
1031 3061 1206 3107 matre
1233 3059 1414 3116 natus,
1445 3048 1712 3122 virginem
1741 3053 2110 3115 conservarat,

444 3208 446 3210 τ
526 3155 582 3203 et
605 3155 833 3202 castam.
875 3144 1072 3214 Utique
1095 3157 1126 3197 a
1149 3151 1323 3213 patre,
1347 3155 1454 3196 non
1474 3139 1774 3206 voluntate,
1795 3153 1902 3194 non
1925 3151 2108 3208 opere,

526 3251 633 3291 non
670 3244 911 3304 tempore
935 3233 1174 3288 distabat
1200 3239 1260 3285 ut
1287 3229 1406 3300 ejus
1433 3229 1686 3285 videlicet
1711 3229 1971 3300 exemplis
1999 3245 2111 3284 am-

526 3330 739 3394 moniti,
769 3327 898 3398 quid
924 3325 1242 3396 parentibus
1266 3322 1580 3389 debeamus,
1606 3320 1699 3391 qui
1724 3329 1875 3376 tanta
1896 3336 1998 3393 pro
2021 3336 2116 3378 no-

527 3422 613 3479 bis
636 3422 915 3492 patiuntur
939 3431 1316 3489 agnoscamus.

550 3545 555 3551 -
597 3513 667 3568 Et
691 3521 860 3567 mater
878 3512 993 3581 ejus
1014 3509 1354 3564 conservabat
1374 3509 1552 3562 omnia
1575 3507 1730 3562 verba
1752 3507 1862 3561 haec
1882 3507 1938 3560 in
1959 3504 2116 3560 corde

529 3622 647 3662 suo.
687 3603 814 3660 Sive
841 3619 960 3672 qua:
987 3601 1267 3663 intellexit,
1299 3615 1394 3656 seu
1419 3615 1537 3670 qua:
1563 3600 1789 3656 necdum
1814 3597 2115 3670 intelligere

529 3700 697 3756 verba
727 3696 1000 3767 Evangelii
1029 3694 1235 3765 potuit,
1269 3693 1452 3748 omnia
1482 3708 1582 3749 suo
1609 3693 1815 3764 pariter
1841 3693 1896 3747 in
1927 3692 2112 3760 corde,

531 3791 688 3864 quasi
718 3790 1037 3846 ruminanda
1057 3829 1072 3855 ,
1102 3797 1161 3843 et
1187 3787 1502 3859 diligentius
1529 3789 1826 3842 scrutanda
1854 3787 2115 3842 reconde-

531 3889 648 3944 bat.
681 3885 962 3942 Discamus
985 3896 1114 3953 ergo
1141 3881 1198 3936 in
1225 3880 1476 3936 omnibus
1503 3881 1830 3945 castitatem,
1859 3895 1980 3950 quae
2005 3895 2114 3934 non

533 3979 715 4035 minus
754 3991 851 4033 ore
890 3975 1107 4047 pudico,
1150 3987 1314 4044 quam
1353 3985 1581 4040 corpore
1623 3980 1945 4042 argumenta
1989 3970 2115 4025 ﬁdei

533 4067 894 4125 conservabat
923 4065 978 4120 in
1006 4061 1189 4120 corde.
1235 4061 1303 4117 Et
1325 4060 1372 4116 si
1399 4059 1490 4116 illa
1519 4068 1645 4116 ante
1673 4068 1943 4132 pracepta
1985 4075 2116 4131 apo~

533 4159 729 4218 stolica
756 4165 924 4222 tacet,
954 4171 1052 4211 cur
1078 4163 1137 4210 tu
1163 4161 1287 4225 post
1327 4151 1622 4224 apostolica
1647 4159 1916 4224 praecepta
1941 4151 2117 4223 magis

534 4250 693 4320 cupis
718 4249 932 4316 docere,
959 4262 1123 4318 quam
1151 4246 1382 4304 discere.

608 4342 676 4396 Et
701 4338 858 4396 Iesus
883 4340 1186 4412 proﬁciebat
1212 4337 1469 4411 sapientia
1493 4349 1543 4395 et
1569 4324 1744 4406 (etate,
1775 4346 1883 4395 etc.
1904 4338 2007 4396 Hic
2035 4339 2116 4396 lo-

535 4447 634 4490 cus
671 4430 996 4486 Manichzeos
1033 4429 1240 4500 pariter
1275 4438 1333 4485 et
1369 4429 1784 4501 Apollinaristas
1820 4439 2112 4503 expugnat.

536 4525 838 4584 Ostendens
876 4523 1162 4579 Dominum
1198 4537 1386 4578 veram
1425 4537 1643 4578 carnem
1684 4537 1869 4578 veram
1911 4523 2117 4580 habere

2206 643 2504 714 Decalogus
2529 641 2662 714 legis
2690 640 2884 696 debeat
2921 637 3133 709 impleri
3168 651 3280 692 sua:
3307 649 3407 690 nos
3431 636 3790 692 resurrectio-

2206 735 2293 791 nis
2320 734 2580 790 Dominus
2609 732 2794 805 ﬁguris
2822 729 3118 786 instituerit
3141 728 3348 799 pariter
3373 735 3428 783 et
3451 724 3656 796 iuverit
3675 769 3689 793 ,
3727 737 3792 785 ut

2205 827 2476 896 quomodo
2505 825 2621 896 ipse
2650 823 2952 879 resurrexit
2987 836 3018 875 a
3047 819 3300 885 mortuis,
3348 819 3425 874 ita
3467 827 3523 876 et
3561 834 3661 875 nos
3691 819 3787 877 illo

2208 917 2496 989 adiuvante
2539 929 2824 986 resurgere
2849 913 3156 977 valeamus,
3203 919 3260 966 et
3302 910 3359 965 in
3394 927 3425 966 c
3454 925 3575 980 quae
3603 925 3704 966 nos
3732 911 3789 966 in

2205 1009 2389 1064 futuro
2411 1016 2668 1078 sequatur
2687 1007 2861 1078 gloria
2883 1007 3241 1061 demonstrat.
3263 1002 3621 1059 Centenarius
3642 1019 3795 1058 nam-

2206 1115 2312 1171 que
2339 1115 2598 1156 numerus
2625 1099 2717 1169 qui
2744 1099 2810 1152 de
2839 1097 2970 1152 laava
3000 1096 3200 1151 transit
3227 1096 3282 1150 in
3309 1095 3613 1160 dexteram,
3643 1095 3792 1150 illius

2207 1193 2467 1263 temporis
2486 1191 2801 1246 felicitatem
2827 1188 3156 1260 praeﬁgurat,
3172 1189 3239 1244 de
3266 1201 3374 1258 quo
3394 1186 3656 1241 Dominus
3676 1187 3752 1240 ait
3776 1204 3790 1239 :

2208 1283 2412 1339 Iterum
2434 1282 2612 1337 videbo
2638 1297 2725 1335 vos
2745 1290 2793 1335 et
2815 1280 3059 1352 gaudebit
3085 1296 3176 1334 cor
3200 1288 3428 1334 vestrum
3441 1277 3500 1351 (Ι
3503 1295 3607 1334 oan
3654 1279 3789 1350 xvi).

2841 1387 3160 1428 CONCORDIA.

2277 1445 2508 1502 lstarum
2542 1446 2772 1502 duarum
2809 1444 3055 1515 quamvis
3098 1458 3207 1499 non
3250 1442 3309 1500 in
3339 1442 3543 1508 verbis,
3569 1442 3624 1497 in
3667 1452 3790 1497 actu

2209 1547 2390 1598 tamen
2420 1540 2480 1595 ﬁt
2503 1539 2794 1596 concordia
2819 1539 3133 1594 lectionum.
3165 1537 3538 1594 Ascendentes
3566 1537 3711 1592 enim
3738 1537 3793 1591 in

2209 1629 2548 1688 Hierusalem
2593 1646 2715 1685 cum
2756 1629 2932 1685 hostia
2971 1637 3255 1701 parentes,
3304 1628 3516 1684 Domini
3562 1629 3793 1700 ingressi

2211 1730 2338 1778 sunt
2381 1721 2640 1792 templum
2681 1720 2827 1792 quod
2857 1735 2958 1776 nos
2989 1720 3306 1790 spiritaliter
3333 1734 3513 1790 agere,
3545 1719 3796 1774 hortatur

2209 1812 2500 1884 Apostolus
2543 1812 2774 1868 dicens:
2820 1811 3060 1868 Obsecro
3087 1826 3186 1867 vos
3224 1826 3322 1882 per
3361 1811 3791 1867 misericordiam

2133 1920 2182 1980 Β
2209 1907 2307 1963 Dei
2334 1915 2395 1961 ut
2421 1905 2727 1962 exhibeatis
2753 1919 2982 1976 corpora
3009 1912 3190 1959 vestra
3219 1903 3454 1958 hostiam
3485 1903 3756 1960 viventem
3776 1943 3793 1970 ,

2209 2007 2475 2064 sanctam,
2503 1998 2735 2053 Domino
2759 1999 3086 2069 placentem,
3115 2007 3171 2053 et
3194 1998 3422 2069 reliqua.

2436 2087 2763 2146 DOMlNlCA
2799 2089 2842 2144 ﬂ
2880 2089 3058 2146 POST
3096 2087 3560 2144 ΤΗΕΟΡΗΑΝΙΑ.

2208 2175 2404 2221 LECTIO
2437 2177 2711 2218 Εριετοιηε
2747 2177 2905 2217 ΒΕΑἸΊ
2943 2177 3098 2216 PAULI
3132 2177 3387 2217 APOSTOLI
3424 2177 3491 2216 AD
3525 2175 3790 2228 ιιοιωεοε,

2835 2247 3026 2287 CAPITE
3064 2248 3164 2286 XII.

2286 2323 2306 2358 (
2337 2305 2610 2361 Habentes
2661 2303 2986 2359 donationes
3039 2302 3336 2359 secundum
3392 2303 3623 2374 gratiam
3672 2319 3794 2374 quae

2215 2419 2235 2453 ‹
2264 2399 2392 2456 data
2418 2408 2504 2455 est
2531 2399 2687 2454 nobis
2717 2397 3046 2461 differentes,
3083 2397 3195 2452 sive
3230 2397 3571 2467 prophetiam
3599 2412 3795 2452 secun-

2216 2512 2235 2546 ι
2265 2493 2394 2548 dum
2415 2493 2680 2548 rationem
2701 2491 2848 2559 ﬁdei,
2873 2491 2988 2559 sive
3007 2489 3361 2545 ministerium
3392 2490 3445 2544 in
3477 2491 3794 2546 ministran-

2217 2601 2237 2635 ι
2266 2583 2358 2649 do,
2372 2583 2486 2638 sive
2505 2585 2597 2652 qui
2620 2583 2777 2638 docet
2798 2584 2852 2638 in
2873 2581 3140 2638 doctrina.
3168 2582 3268 2650 Qui
3291 2583 3608 2638 exhortatur
3629 2585 3685 2639 in
3706 2599 3798 2640 ex-

2220 2693 2240 2726 c
2269 2677 2564 2742 hortando,
2593 2676 2686 2746 qui
2711 2676 2899 2731 tribuit
2922 2677 2975 2730 in
3000 2675 3367 2747 simplicitate.
3391 2674 3490 2743 Qui
3513 2689 3714 2747 praeest
3740 2679 3794 2732 in

2218 2785 2238 2820 ι
2267 2767 2650 2834 sollicitudine,
2685 2767 2776 2838 qui
2812 2767 3104 2823 miseretur
3135 2767 3190 2821 in
3226 2767 3520 2823 hilaritate.
3565 2768 3797 2824 Dilectio

2219 2877 2238 2912 ι
2266 2859 2383 2915 sine
2440 2859 2829 2916 simulatione:
2872 2859 3132 2915 Odientes
3180 2859 3414 2924 malum,
3461 2859 3797 2915 adhaerentes

2218 2968 2238 3003 ι
2266 2951 2428 3008 bono.
2461 2951 2796 3008 Charitatem
2826 2951 3190 3007 fraternitatis
3221 2951 3453 3007 invicem
3485 2951 3795 3022 diligentes,

2219 3063 2241 3098 ‹
2268 3047 2476 3102 honore
2527 3047 2759 3103 invicem
2803 3046 3220 3118 praevenientes.
3265 3043 3643 3101 Sollicitudine
3689 3061 3799 3100 non

2217 3154 2239 3190 ι
2266 3137 2446 3209 pigri,
2494 3138 2688 3208 spiritu
2717 3137 3011 3203 ferventes,
3060 3136 3291 3193 Domino
3321 3137 3654 3203 servientes,
3704 3153 3799 3208 spe

2221 3246 2240 3280 ι
2269 3229 2598 3300 gaudentes,
2645 3230 2702 3284 in
2733 3229 3084 3286 tribulatione
3110 3231 3398 3300 patientes.
3445 3228 3687 3286 Orationi
3719 3231 3803 3284 in-

2223 3337 2242 3372 c
2273 3327 2504 3385 stantes,
2531 3321 2945 3377 necessitatibus
2972 3331 3282 3377 sanctorum
3309 3322 3798 3386 communicantes,

2219 3427 2240 3462 ς
2269 3409 2697 3480 hospitalitatem
2733 3419 3024 3467 sectantes.
3073 3412 3388 3468 Benedicite
3424 3414 3802 3484 persequenti-

2219 3519 2238 3555 ‹
2269 3503 2369 3558 bus
2396 3517 2516 3568 vos,
2547 3501 2854 3560 benedicite
2893 3512 2948 3559 et
2984 3503 3150 3560 holite
3179 3505 3522 3562 maledicere.
3555 3504 3800 3561 Gaudete

2221 3611 2242 3648 ‹
2270 3610 2395 3650 cum
2425 3594 2806 3666 gaudentibus,
2840 3594 2963 3652 ﬁete
2989 3611 3110 3650 cum
3143 3596 3416 3653 ﬂentibus.
3454 3598 3689 3670 ldipsum
3717 3598 3800 3653 in-

2220 3705 2240 3740 c
2269 3687 2444 3743 vicem
2477 3686 2796 3752 sentientes,
2833 3703 2943 3743 non
2973 3688 3082 3742 alta
3113 3689 3410 3760 sapientes,
3448 3690 3541 3744 sed
3580 3690 3801 3746 humili—

2221 3795 2241 3831 ι
2269 3779 2371 3834 bus
2395 3778 2822 3834 consentientes.
2858 3799 2876 3830 ι

2287 3869 2550 3926 Habentes
2576 3871 2886 3926 donationes
2925 3872 3212 3927 secundum
3245 3873 3495 3944 gratiam,
3524 3889 3642 3946 qum
3668 3875 3796 3930 data

2215 3971 2292 4019 est
2318 3964 2485 4031 nobis,
2514 3965 2830 4034 ili/ferentes.
2857 3964 2959 4037 (Ex
2988 3965 3247 4040 Primas.)
3276 3967 3484 4022 Donum
3502 3983 3608 4023 non
3629 3984 3695 4023 ex
3711 3984 3806 4024 no-

2214 4063 2348 4119 stro,
2381 4055 2474 4110 sed
2499 4070 2566 4110 ex
2588 4055 2842 4110 donantis
2861 4055 3060 4126 pendet
3081 4057 3328 4114 arbitrio.
3377 4057 3641 4115 Omnibus
3685 4061 3805 4130 qui-

2217 4152 2340 4208 dem
2363 4154 2708 4209 credentibus
2727 4153 2897 4226 gloria
2925 4156 3264 4224 promittitur
3283 4157 3339 4213 in
3359 4159 3562 4224 futuro,
3589 4161 3681 4214 sed
3712 4161 3804 4230 qui

2217 4252 2328 4301 tam
2354 4245 2615 4302 mundum
2645 4260 2741 4302 cor
2780 4247 3052 4314 habuerit,
3083 4256 3144 4303 ut
3171 4249 3433 4304 virtutum
3461 4253 3691 4321 gratiam
3716 4268 3806 4310 ac-

2217 4341 2400 4413 cipere
2426 4349 2701 4397 mereatur
2721 4341 2885 4396 etiam
2918 4343 2970 4396 in
2993 4343 3266 4411 prmsenti.

2291 4435 2412 4492 Sive
2439 4436 2724 4507 prophetiw
2754 4435 3040 4488 secundum
3069 4435 3327 4489 rationem
3361 4435 3506 4505 ﬁdei.
3539 4435 3691 4495 Fidei
3733 4441 3808 4496 di-

2218 4528 2318 4594 xit,
2346 4541 2455 4582 non
2494 4526 2644 4598 legis,
2671 4525 2786 4580 sive
2817 4525 2941 4594 quia
2991 4524 3125 4580 ﬁdes
3155 4524 3242 4580 illa
3269 4527 3490 4595 meruit,
3521 4533 3806 4601 unusquiso

537 4627 595 4676 et
620 4618 875 4674 animam.
905 4613 1042 4670 Nam
1063 4615 1203 4670 sicut
1223 4615 1404 4671 carnis
1423 4622 1509 4670 est
1527 4621 1704 4679 aetate,
1725 4615 1804 4671 sic
1821 4623 1906 4670 est
1921 4617 2117 4670 anima:
2140 4651 2196 4712 Β
2219 4639 2325 4695 que
2348 4624 2492 4678 enim
2514 4629 2722 4676 tantum
2745 4619 2944 4689 accipit
2968 4629 3230 4690 quantum
3255 4622 3446 4678 credit.

537 4708 803 4781 sapientia
828 4707 1116 4780 proﬁcere,
1146 4715 1202 4762 et
1229 4705 1427 4779 gratia,
1456 4722 1576 4777 qua:
1604 4714 1786 4761 tamen
1816 4707 1870 4761 in
1902 4708 2110 4776 sapien-

536 4803 615 4857 tia
638 4801 966 4868 nullatenus,
988 4799 1276 4871 proﬁceret
1302 4799 1347 4856 si
1375 4798 1676 4854 naturalem
1698 4798 2114 4867 intelligentiam

536 4907 660 4966 qua:
685 4891 994 4951 hominibus
1020 4891 1247 4948 rationis
1273 4904 1440 4946 causa
1466 4903 1723 4946 concessa
1749 4895 1854 4952 est,
1883 4901 1992 4940 non
2022 4887 2116 4941 ha-

537 4985 712 5042 beret.
767 4984 842 5040 De
881 4983 1034 5055 cujus
1073 4982 1291 5038 nomine
1335 4981 1424 5037 hic
1465 4995 1637 5051 pauca
1682 4978 1910 5034 dicenda
1947 4985 2114 5034 sunt:

536 5073 699 5132 Iesus
730 5077 874 5130 enim
903 5075 1142 5130 salvator
1179 5073 1586 5141 interpretatur.
1637 5067 1801 5138 Cujus
1837 5069 1980 5125 sacri
2011 5085 2115 5125 no-

540 5167 707 5223 minis
740 5181 849 5222 non
896 5166 1071 5222 solum
1117 5163 1473 5235 etymologia,
1507 5161 1602 5217 sed
1629 5169 1684 5216 et
1711 5163 1826 5232 ipse
1855 5177 2117 5218 numerus

536 5259 843 5318 litterarum
870 5267 1140 5330 perpetuae
1165 5264 1364 5313 nostra
1390 5255 1578 5311 salutis
1602 5256 1860 5328 mysteria
1886 5256 2114 5312 redolet.

540 5348 652 5407 Sex
693 5352 892 5423 quippe
932 5349 1129 5404 litteris
1171 5346 1313 5417 apud
1353 5343 1572 5401 Graecos
1612 5347 1869 5402 scribitur
1900 5347 2116 5415 ἰήσους,

538 5440 794 5498 videlicet
834 5464 852 5497 ι
882 5449 939 5496 et
963 5463 996 5500 η
1021 5447 1076 5494 et
1104 5461 1138 5494 σ
1167 5445 1223 5492 et
1249 5459 1276 5492 o
1301 5444 1356 5492 et
1379 5461 1411 5492 υ
1449 5445 1506 5493 et
1530 5462 1585 5504 σ,
1631 5454 1862 5510 quorum
1905 5441 2118 5496 numeri

539 5539 699 5599 sunt,
743 5547 778 5586 x
816 5539 874 5586 et
894 5546 992 5585 vm
1025 5538 1081 5584 et
1105 5545 1168 5584 cc
1200 5536 1254 5584 et
1286 5545 1392 5584 Lxx
1432 5538 1486 5586 et
1523 5547 1649 5586 cccc
1679 5540 1732 5585 et
1760 5546 1822 5586 cc
1861 5531 1952 5600 qui
1985 5531 2121 5587 ﬁunt

538 5622 698 5678 simul
735 5634 1140 5684 ncccnxxxvm,
1187 5619 1278 5690 qui
1319 5635 1576 5675 numerus
1607 5621 1835 5692 ﬁguram
1869 5639 2120 5680 resurre-

537 5713 738 5769 ctionis
763 5711 1010 5779 adauget.
1047 5710 1183 5765 Nam
1209 5711 1353 5780 quod
1377 5726 1475 5765 vm
1508 5711 1828 5780 simpliciter
1853 5714 1957 5772 hoc
1993 5725 2051 5772 et
2086 5734 2123 5774 x

538 5813 598 5859 et
622 5817 652 5858 c
679 5800 1030 5870 multiplicata
1057 5800 1387 5871 signiﬁcant.
1421 5800 1700 5858 Possimus
1728 5813 1783 5858 et
1812 5805 1885 5862 ita
1915 5807 2116 5878 dicere,

540 5893 686 5950 auod
715 5909 809 5950 νιιι
848 5892 1097 5949 absolute
1126 5893 1540 5951 resurrectionis
1576 5895 1878 5969 exemplum
1924 5901 1978 5956 in
2016 5916 2117 5958 no-

2294 4713 2414 4767 Sive
2449 4711 2790 4765 ministerium
2815 4711 2870 4765 in
2908 4712 3276 4767 ministrando.
3321 4713 3422 4786 (Ex
3443 4713 3620 4789 Orig.)
3676 4715 3804 4775 Hmc

2221 4804 2404 4860 omnia
2459 4817 2744 4873 possumus
2773 4802 2843 4857 ad
2887 4801 3036 4857 illam
3080 4804 3323 4875 regulam
3374 4821 3652 4876 revocare,
3683 4825 3802 4880 qua:

2223 4896 2470 4968 superius
2499 4897 2641 4952 dicta
2667 4904 2771 4962 est,
2799 4895 2903 4951 hoc
2945 4905 3048 4962 est,
3095 4913 3203 4952 non
3244 4898 3367 4968 plus
3422 4915 3614 4972 sapere
3642 4917 3802 4972 quam

2223 4993 2436 5056 oportet
2471 5000 2678 5056 sapere.
2727 4986 2891 5043 Verbi
2930 5002 3114 5055 causa,
3167 5005 3274 5044 non
3325 4990 3524 5047 debere
3559 5007 3681 5048 eum
3711 4995 3803 5064 qui

2224 5077 2515 5144 ministrat,
2551 5076 2605 5132 in
2632 5077 2991 5134 ministrando
3018 5077 3141 5149 plus
3169 5095 3363 5151 sapere
3390 5096 3552 5152 quam
3588 5094 3804 5154 oportet

2224 5184 2432 5240 sapere,
2456 5178 2510 5225 et
2538 5171 2630 5240 qui
2659 5171 2815 5227 docet
2862 5173 2918 5225 in
2957 5173 3228 5240 doctrina,
3278 5183 3335 5230 et
3358 5176 3449 5246 qui
3484 5177 3805 5246 exhortatur

2225 5258 2281 5314 in
2314 5259 2708 5324 exhortatione,
2765 5275 2871 5315 non
2927 5261 3050 5331 plus
3104 5276 3312 5334 sapere.
3373 5244 3524 5321 Multi
3582 5244 3846 5343 accepto.

2227 5349 2550 5414 ministerio,
2608 5349 2692 5405 vel
2737 5359 2959 5421 accepta
3013 5353 3281 5421 doctrina,
3341 5355 3462 5427 plus
3510 5371 3806 5430 sapucrunt

2227 5456 2388 5512 quam
2409 5440 2648 5510 oportuit
2668 5435 2892 5512 sapere,
2917 5450 2972 5498 et
3005 5443 3134 5499 elati
3181 5445 3237 5501 in
3268 5451 3600 5520 arrogantia,
3633 5452 3716 5508 vel
3748 5455 3804 5509 in

2230 5529 2436 5586 deliciis
2462 5531 2710 5597 resoluti,
2739 5532 3043 5603 prmeipites
3068 5545 3408 5591 corruerunt.

2301 5622 2688 5772 (EzdPrimas.)
2719 5627 2795 5682 De
2822 5629 3127 5686 ministerio
3151 5628 3475 5686 sacerdotali
3503 5631 3587 5688 vel
3614 5632 3804 5690 diaco-

2302 5722 2386 5771 tus
2449 5717 2558 5772 icit.

2228 5722 2386 5771 natus
2413 5717 2558 5774 dicit.

2301 5809 2422 5866 Sive
2450 5815 2539 5884 qui
2581 5813 2728 5868 docet
2772 5813 2828 5868 in
2877 5815 3136 5872 doctrina.
3168 5813 3272 5884 Qui
3306 5814 3467 5874 docet
3513 5815 3690 5888 maior
3717 5825 3805 5877 est

2225 5916 2294 5960 eo
2317 5905 2408 5974 qui
2438 5905 2772 5962 exhortatur.
