4110 6458
331 387 399 446 81
1152 375 1671 436 COLLECTIONES
1708 374 1776 430 IN
1815 372 2196 432 EPISTOLAS
2230 372 2320 428 ET
2361 371 2774 428 EVANGELIA.
3517 368 3588 424 82

410 499 514 567 Qui
541 499 848 555 exhortatur
894 497 950 550 in
979 495 1319 551 exhortando.
1362 494 1463 564 (Ex
1493 491 1665 562 Orig.)
1694 489 1904 542 Exhor-
1934 497 1987 558 Α
2011 492 2097 539 ret
2125 484 2350 538 Domino
2375 499 2514 536 unus
2534 482 2756 552 Spiritus
2781 489 2884 537 est.
2907 482 2984 536 Ita
3011 487 3067 535 et
3092 479 3183 535 hic
3203 481 3371 535 dicit:
3395 479 3588 536 Adhze-

336 594 471 652 tatio
498 593 707 662 species
735 588 991 645 doctrina:
1015 595 1100 641 est
1125 593 1181 640 et
1207 584 1378 647 verbi,
1413 599 1521 652 quo
1542 579 1755 635 afﬂicta:
1788 579 1907 633 ani-

337 701 462 748 mm,
503 681 908 754 Scripturarum
937 679 1242 733 divinarum
1296 677 1590 746 prudenter
1617 674 1814 743 aptatis
1858 679 1914 728 et

337 779 393 834 in
422 792 588 830 unum
642 773 881 830 collectis
938 769 1278 827 sermonibus
1331 767 1656 828 releventur,
1710 766 1755 820 si
1780 778 1912 819 vero

337 882 517 928 sermo
545 866 751 921 habens
777 865 1031 919 virtutem
1071 862 1258 934 gratiae
1282 859 1402 925 Dei,
1433 858 1595 914 fuerit
1639 858 1914 913 adhibitus

337 957 531 1013 anima:
553 955 869 1026 desperata;
897 962 1028 1009 tunc
1057 966 1152 1008 cor
1199 952 1316 1022 ejus
1339 957 1610 1021 penetrat,
1653 957 1707 1003 et
1728 962 1915 1002 conso-

337 1049 595 1105 lationem
650 1048 871 1121 praebet,
927 1061 991 1102 ac
1048 1060 1200 1118 spem
1235 1051 1473 1111 revocat,
1538 1041 1915 1114 desperatione

335 1145 606 1201 submota.

413 1235 516 1302 Qui
584 1235 762 1290 tribuit
797 1237 852 1290 in
895 1233 1243 1304 simplicitate.
1310 1231 1554 1301 Oportet,
1613 1229 1813 1298 inquit,
1857 1228 1913 1284 in

337 1325 686 1398 simplicitate
706 1327 902 1388 cordis,
929 1327 1032 1382 hoc
1078 1324 1262 1389 faciat,
1293 1325 1399 1379 hoc
1419 1331 1520 1388 est,
1576 1337 1644 1378 ne
1665 1321 1918 1376 videatur

337 1420 554 1490 quidem
584 1418 723 1475 bene
771 1417 951 1474 facere
999 1416 1384 1488 indigentibus.
1426 1415 1600 1471 Corde
1650 1431 1778 1471 vero
1803 1414 1918 1468 lau-

338 1513 461 1568 dem
509 1518 718 1582 quaerat
751 1511 820 1566 ab
869 1510 1195 1566 hominibus.
1224 1507 1343 1564 Non
1388 1515 1473 1565 est
1496 1506 1837 1578 simplicitas,
1868 1506 1917 1561 si

337 1604 482 1661 aliud
531 1603 619 1676 agi
669 1604 918 1660 videatur
971 1603 1027 1659 in
1075 1601 1346 1668 manibus,
1400 1607 1458 1657 et
1519 1599 1665 1656 aliud
1710 1605 1919 1671 quaerat

339 1695 396 1751 in
444 1697 627 1752 corde.

411 1789 517 1856 Qui
553 1797 739 1861 pricest
767 1791 825 1843 in
875 1787 1246 1843 sollicitudine.
1287 1786 1388 1854 Qui
1418 1800 1549 1841 vero
1574 1792 1774 1854 praeest
1801 1783 1917 1838 fra-

2008 591 2225 632 reamus
2254 575 2415 639 bono,
2445 575 2562 630 sine
2593 573 2780 641 dubio,
2809 581 2870 628 ut
2915 571 3190 642 contingat
3216 569 3377 627 nobis
3414 585 3586 627 unum

2009 681 2130 724 esse
2154 683 2278 722 cum
2302 668 2462 722 bono.

2081 759 2404 814 Charitatem
2433 759 2779 829 fraternitatis
2821 759 3043 812 inuicem
3095 756 3389 829 diligentes.
3434 755 3516 812 Ac
3537 755 3591 812 si

2011 852 2176 918 dicat,
2220 861 2278 907 ut
2314 851 2534 918 fratres,
2580 859 2636 907 et
2659 851 2814 921 quasi
2848 865 2913 905 ex
2959 866 3067 906 una
3091 859 3264 906 matre
3315 849 3588 924 generati,

2012 944 2088 999 ita
2115 959 2212 999 vos
2237 943 2460 1014 diligite,
2494 943 2599 999 hoc
2637 941 2951 996 mandatum
3001 941 3330 1012 accepimus,
3375 947 3438 996 ut
3468 939 3593 997 dili-

2012 1050 2201 1108 gamus
2226 1049 2325 1090 nos
2349 1035 2598 1098 invicem,
2625 1033 2766 1090 sicut
2782 1041 2835 1089 et
2856 1033 2999 1088 Deus
3019 1032 3207 1088 dilexit
3231 1049 3350 1089 nos.
3437 1088 3442 1093 .

2084 1125 2193 1198 (Ex
2219 1126 2486 1198 Origene.)
2516 1125 2737 1183 Fratres
2763 1141 2893 1198 ergo
2916 1125 3172 1195 iubemur
3193 1128 3439 1199 diligere,
3477 1143 3592 1184 non

2005 1217 2274 1288 judicare,
2305 1218 2351 1272 si
2395 1219 2540 1274 enim
2593 1226 2756 1289 putas
2805 1218 3040 1288 aliquem
3097 1218 3322 1288 impium
3365 1234 3510 1284 esse,
3539 1225 3597 1274 et

2015 1309 2136 1365 ideo
2158 1324 2282 1365 eum
2307 1325 2414 1365 non
2443 1309 2658 1378 judicas
2683 1309 3055 1382 diligendum?
3088 1309 3253 1376 Audi,
3283 1310 3411 1380 quia
3437 1307 3598 1364 Chri-

2014 1409 2131 1456 stus
2155 1415 2253 1470 pro
2306 1400 2485 1468 impiis
2530 1408 2775 1456 mortuus
2816 1408 2918 1467 est,
2956 1407 3050 1455 aut
3091 1401 3137 1457 si
3167 1399 3292 1471 quia
3340 1409 3598 1472 peccator

2015 1503 2099 1550 est
2137 1493 2308 1548 frater
2357 1501 2505 1559 tuus,
2563 1492 2684 1550 ideo
2717 1509 2841 1550 eum
2872 1508 2978 1550 non
3014 1502 3172 1566 putes
3221 1493 3598 1565 diligendum?

2014 1588 2176 1650 Audi,
2203 1587 2330 1658 quia
2375 1586 2626 1644 Christus
2675 1586 2833 1644 Jesus
2881 1588 2939 1643 in
2966 1589 3114 1643 hunc
3150 1587 3408 1642 mundum
3452 1585 3602 1641 venit

2015 1688 2330 1751 peccatores
2357 1680 2536 1736 salvos
2564 1679 2768 1748 facere,
2796 1680 2842 1736 si
2860 1695 2992 1736 vero
3010 1679 3194 1748 justus
3220 1687 3326 1744 est,
3352 1677 3601 1734 dilectio-

2018 1788 2086 1829 ne
2111 1773 2282 1829 multo
2314 1772 2507 1844 magis
2543 1772 2739 1845 dignus
2791 1781 2894 1830 est.
2936 1773 3195 1829 Dominus
3230 1769 3379 1828 enim
3426 1768 3604 1843 diligit

337 1881 532 1944 tribus,
559 1881 646 1958 vel
670 1881 762 1950 qui
791 1889 986 1949 prmest
1006 1880 1282 1944 Ecclesiae,
1313 1879 1368 1934 in
1400 1877 1764 1934 sollicitudine
1795 1890 1916 1930 esse
1944 1865 1990 1926 B
2013 1864 2207 1958 iustos.

337 1971 518 2037 debet,
549 1986 656 2026 non
683 1971 1041 2026 humanarum
1089 1985 1396 2033 causarum,
1427 1984 1529 2025 nec
1573 1967 1916 2024 szecularium

336 2080 540 2130 rerum,
567 2066 682 2120 haec
703 2064 847 2119 enim
872 2064 1174 2121 sollicitudo
1194 2064 1370 2119 aliena
1397 2065 1556 2120 debet
1581 2077 1702 2119 esse
1742 2063 1809 2118 ab
1829 2063 1918 2118 his

336 2153 428 2223 qui
470 2153 728 2210 Ecclesia:
751 2162 1012 2224 praesunt,
1042 2155 1136 2210 sed
1161 2153 1322 2209 talem
1352 2153 1619 2223 recipiant
1655 2151 1920 2208 sollicitu-

337 2243 539 2311 dinem,
596 2244 808 2315 qualem
858 2245 1148 2316 Apostolus
1191 2245 1342 2300 dicit.
1390 2243 1701 2300 Concursus
1750 2244 1804 2298 in
1832 2259 1920 2300 me

335 2335 702 2404 quotidianus,
739 2335 1036 2390 sollicitudo
1091 2337 1326 2390 omnium
1377 2333 1755 2390 Ecclesiarum.
1788 2333 1919 2400 Quis

333 2423 659 2494 inﬁrmatur,
689 2436 736 2480 et
758 2444 850 2497 ego
879 2443 983 2481 non
1009 2427 1297 2495 inﬁrmor?
1339 2424 1469 2492 Quis
1498 2422 1918 2492 scandalizatur,

335 2523 388 2569 et
419 2532 512 2584 ego
538 2531 641 2568 non
662 2531 790 2569 uror
810 2515 900 2587 (ΙΙ
929 2514 1051 2570 Cor.
1084 2516 1192 2587 It)?

411 2604 517 2670 Qui
542 2605 819 2660 miseretur
842 2607 898 2660 in
919 2605 1206 2661 hilaritate.
1247 2605 1348 2678 (Ex
1379 2604 1648 2676 Primas.)
1688 2604 1922 2660 Maxime

338 2693 483 2751 circa
519 2703 751 2766 aegrotos
807 2695 1184 2752 misericordia
1232 2695 1534 2751 exhibenda
1568 2703 1671 2760 est,
1700 2695 1919 2750 miseri—

339 2788 540 2843 cordia:
571 2787 758 2843 titulus
790 2787 1056 2859 generalis
1081 2794 1186 2853 est,
1217 2786 1310 2857 qui
1331 2786 1478 2842 circa
1501 2801 1690 2842 omnes
1709 2786 1920 2856 placido

338 2877 676 2934 exbibendus
702 2887 787 2934 est
812 2879 1014 2945 animo,
1045 2879 1273 2935 hilarem
1295 2879 1542 2935 datorem
1565 2877 1740 2951 diligit
1755 2877 1917 2945 Deus,

339 2975 396 3024 et
424 2968 632 3023 tristem
671 2969 791 3024 sine
819 2969 984 3025 dubio
1012 2970 1126 3025 odit
1157 2969 1244 3042 (II
1269 2967 1392 3024 Cor.
1421 2968 1522 3042 ιχ).

415 3060 523 3132 (Ex
541 3060 714 3133 Orig.)
743 3062 845 3130 Qui
867 3062 1011 3117 enim
1042 3070 1232 3136 erogat
1254 3062 1539 3133 pecuniam
1562 3076 1739 3128 suam,
1769 3061 1816 3117 si
1843 3060 1922 3116 in-

341 3153 514 3210 fidelis
554 3155 646 3222 sit,
677 3165 731 3210 et
786 3164 1127 3227 recepturum
1177 3170 1235 3211 se
1287 3156 1562 3226 desperet,
1603 3154 1920 3212 necessario

2095 1957 2313 2014 Honore
2363 1959 2582 2013 invicem
2612 1957 3004 2029 prwvenientes.
3047 1955 3161 2028 (Ex
3190 1953 3450 2026 Primas.)
3487 1951 3605 2010 Hoc

2025 2053 2071 2109 si
2107 2067 2321 2122 semper
2349 2065 2716 2117 servaremus,
2744 2059 2801 2106 et
2826 2049 3174 2114 cbaritatem,
3205 2055 3260 2103 et
3283 2044 3604 2117 patientiam

2025 2153 2354 2211 teneremus,
2400 2144 2573 2199 sinos
2596 2144 2741 2199 enim
2789 2142 3040 2198 omnibus
3066 2141 3304 2196 minores
3340 2136 3606 2208 judicare-

2025 2255 2170 2308 mus,
2201 2253 2302 2294 nec.
2325 2237 2466 2293 ultro
2488 2237 2648 2293 alicui
2702 2235 2956 2306 iniuriam
2997 2233 3324 2299 faceremus,
3368 2244 3471 2287 nec
3495 2228 3606 2285 illa-

2026 2341 2138 2389 tam
2172 2334 2328 2389 nobis
2361 2333 2601 2402 graviter
2627 2331 2949 2388 doleremus.

2101 2423 2210 2494 (Ea:
2240 2423 2507 2495 Origene.)
2548 2423 2662 2479 Hoc
2710 2431 2814 2490 est,
2839 2422 2984 2493 quod
3016 2429 3077 2477 et
3124 2421 3389 2477 Dominus
3418 2417 3608 2475 docuit

2028 2530 2151 2570 cum
2197 2521 2412 2569 notaret
2457 2514 2663 2569 scribas
2686 2520 2740 2567 et
2778 2513 3095 2584 pharisaeos,
3143 2512 3320 2582 prima
3349 2510 3453 2565 sibi
3481 2505 3607 2565 idea

2029 2606 2083 2661 in
2115 2606 2378 2661 conviviis
2427 2605 2788 2670 vindicantes,
2814 2612 2872 2659 et
2899 2604 3057 2660 docet
3111 2611 3174 2658 ut
3230 2616 3354 2657 cum
3380 2606 3610 2657 vocatus

2027 2697 2196 2755 fueris
2263 2709 2322 2755 tu
2360 2699 2429 2755 ad
2485 2713 2721 2767 coenam,
2763 2699 2821 2756 in
2877 2697 3179 2756 novissimo
3216 2697 3337 2756 loco
3396 2711 3609 2754 recum-

2024 2791 2124 2847 bas
2146 2788 2298 2862 (Luc.
2324 2788 2458 2863 xlv).

2099 2881 2470 2939 Sollicitudine
2493 2899 2598 2937 non
2640 2882 2795 2954 pigri.
2837 2881 2942 2952 (Ex
2980 2878 3240 2954 Primas.)
3278 2879 3357 2937 Ne
3380 2895 3480 2953 per
3505 2881 3609 2937 sol-

2027 2974 2364 3031 licitudinem
2410 2974 2596 3030 saeculi
2645 2974 2789 3048 pigri
2849 2975 2904 3031 in
2951 2974 3050 3032 Dei
3078 2990 3242 3048 opere
3293 2973 3610 3031 efficiamini

2027 3066 2248 3124 inertes.
2307 3065 2569 3137 Superius
2595 3081 2720 3122 eum
2766 3065 2860 3138 qui
2904 3073 3122 3138 praeest,
3157 3066 3212 3120 in
3247 3064 3610 3121 sollicitudine

2029 3158 2225 3214 debere
2279 3172 2402 3214 esse
2446 3157 2798 3224 commonuit,
2854 3172 3001 3214 nunc
3042 3171 3176 3212 vero
3221 3156 3474 3212 omnibus
3515 3156 3612 3212 dat

342 3255 600 3318 tanquam
639 3250 732 3320 qui
760 3265 879 3305 eam
903 3250 1217 3320 perdiderit,
1245 3249 1620 3315 contristatur,
1674 3249 1766 3319 qui
1789 3263 1920 3304 vero
1948 3231 1992 3293 (ἶ
2025 3250 2129 3306 hoc
2159 3251 2503 3306 incommune
2552 3250 2892 3314 mandatum,
2921 3262 2989 3304 ne
3009 3247 3132 3319 quis
3153 3257 3402 3305 nostrum
3423 3247 3612 3307 audiat

341 3353 464 3395 cum
494 3339 598 3396 fide
619 3349 674 3395 et
716 3356 812 3413 spe
860 3341 964 3397 hoc
1008 3342 1141 3411 agit,
1199 3342 1254 3396 in
1310 3340 1586 3396 hilaritate
1638 3348 1693 3394 et
1735 3340 1924 3394 laetitia

343 3431 472 3502 agit,
510 3440 691 3488 certus
719 3433 861 3501 quod
903 3447 1072 3504 parva
1093 3433 1210 3487 haec
1237 3447 1358 3501 quae
1389 3446 1491 3501 pro
1543 3430 1800 3484 mandato
1827 3429 1925 3485 Dei

343 3523 617 3593 expendit,
649 3523 895 3594 ingentes
942 3523 1045 3579 sibi
1089 3537 1223 3594 Opes
1246 3522 1552 3578 caelestium
1590 3520 1922 3589 divitiarum,

343 3611 568 3682 insuper
591 3621 772 3669 autem
800 3625 856 3670 et
883 3622 1140 3670 aeternam
1169 3612 1463 3671 conferant
1491 3614 1681 3668 vitam.

414 3704 638 3760 Dilectio
664 3707 772 3762 sine
814 3705 1172 3763 simulatione.
1208 3707 1342 3762 Tota
1375 3707 1586 3776 puritas
1611 3704 1774 3760 debet
1803 3721 1926 3762 esse

345 3796 402 3852 in
428 3796 752 3864 Christiano,
810 3798 891 3854 sic
919 3799 1061 3854 Deus
1089 3815 1225 3870 pura
1254 3799 1346 3854 lux
1373 3808 1480 3864 est,
1523 3797 1730 3868 ﬁngere
1779 3799 1925 3854 enim

344 3902 627 3944 servorum
673 3896 776 3945 est.
811 3889 1105 3961 Diligamus
1155 3906 1264 3946 non
1321 3890 1504 3962 lingua
1559 3897 1794 3954 tantum,
1829 3888 1926 3944 sed

344 3991 508 4048 Opere
528 3985 584 4033 et
604 3980 854 4035 veritate.
894 3979 974 4035 Ita
1003 3981 1167 4036 etiam
1208 3981 1254 4036 si
1283 3994 1505 4038 necesse
1535 3979 1702 4038 fuerit
1723 3995 1822 4052 pro
1850 3981 1928 4036 in-

348 4069 525 4125 vicem
548 4071 860 4126 moriamur.

417 4160 530 4232 (Ea;
559 4159 731 4231 Orig.)
774 4162 884 4233 Ego
911 4172 1042 4232 puto
1072 4165 1216 4234 quod
1237 4165 1414 4220 omnis
1438 4164 1656 4220 dilectio
1679 4178 1798 4233 quae
1818 4179 1926 4219 non

346 4260 432 4307 est
478 4253 776 4307 secundum
824 4253 993 4308 Deum
1028 4255 1279 4311 simulata
1333 4258 1424 4322 sit,
1455 4266 1512 4311 et
1547 4272 1678 4311 vera
1702 4273 1810 4310 non
1835 4257 1923 4324 sit,

348 4345 548 4398 etenim
580 4355 793 4400 creator
819 4349 1014 4402 anima:
1039 4348 1198 4412 Deus,
1235 4349 1440 4404 idcirco
1462 4350 1535 4415 ei,
1570 4364 1692 4404 cum
1715 4350 1928 4405 cmteris

346 4435 661 4501 virtutibus,
715 4438 880 4493 etiam
933 4436 1184 4494 aﬂ‘ectum
1229 4439 1536 4496 dilectionis
1577 4440 1824 4506 inservit,
1869 4448 1929 4495 ut

351 4525 538 4595 diligat
571 4527 736 4582 Deum
796 4536 852 4583 et
892 4544 953 4583 ea
999 4545 1119 4599 quas
1167 4530 1280 4584 vult
1329 4531 1490 4586 Deus.
1524 4533 1666 4602 Ergo
1696 4533 1927 4602 quicun-

350 4631 456 4686 que
484 4617 628 4671 aliud
654 4618 902 4673 dilexerit
922 4635 1082 4689 quam
1109 4621 1299 4687 Deum,
1326 4630 1384 4678 et
1406 4639 1524 4692 qua:
1547 4623 1659 4679 Deo
1684 4624 1921 4694 placent,

351 4709 569 4765 dilectio
599 4711 652 4765 in
680 4727 747 4766 eo
774 4710 899 4767 ﬁcta
937 4722 991 4767 et
1042 4713 1290 4768 simulata
1345 4715 1570 4770 dicenda
1618 4723 1722 4782 est,
1749 4717 1844 4772 sed
1875 4724 1930 4771 et

352 4800 397 4856 si
430 4801 554 4870 quis
601 4803 906 4871 proximum
935 4820 1092 4860 suum
1142 4815 1417 4862 errantem
1467 4808 1683 4875 viderit,
1739 4816 1928 4864 etnon

351 4894 673 4959 correxerit,
707 4895 954 4950 simulata
974 4897 1190 4952 dilectio
1210 4897 1438 4954 dicenda
1464 4907 1567 4954 est.
1618 4899 1762 4954 Nihil
1783 4900 1930 4956 enim

354 4988 558 5044 habere
579 4989 960 5057 adulatorium,
996 4993 1130 5047 nihil
1156 4993 1397 5049 fucatum
1425 4995 1644 5052 dilectio
1664 4997 1843 5054 debet.

432 5079 680 5136 0dientes
707 5083 925 5137 malum.
958 5084 1152 5139 Mirum
1195 5084 1432 5143 fortasse
1487 5087 1567 5142 sit
1597 5089 1741 5157 quod
1789 5088 1933 5144 inter

357 5179 549 5225 caetera
587 5173 726 5228 bona
771 5174 1053 5242 virtutum,
1109 5176 1405 5231 assumitur
1454 5177 1619 5233 etiam
1649 5177 1849 5240 odium,
1878 5186 1935 5233 et

356 5273 614 5335 tanquam
669 5265 1038 5322 necessarium
1081 5267 1149 5322 ab
1192 5267 1451 5338 Apostolo
1494 5267 1732 5338 ponitur.
1778 5266 1932 5324 Unde

358 5363 567 5410 certum
617 5367 704 5412 est
733 5357 915 5413 inesse
949 5359 1145 5413 animae
1178 5358 1341 5414 etiam
1363 5357 1478 5426 (odii
1525 5357 1802 5414 affectum.
1835 5357 1933 5412 Est

359 5447 502 5501 enim
564 5447 836 5504 laudabile
900 5448 1081 5505 odisse
1107 5449 1262 5516 vitia,
1309 5449 1488 5507 odisse
1548 5456 1793 5522 peccata,
1825 5447 1930 5504 nisi

359 5538 506 5593 enim
535 5540 657 5609 quis
685 5540 810 5596 odio
847 5540 1044 5597 habeat
1058 5540 1216 5609 Vitia,
1241 5556 1349 5598 non
1373 5549 1554 5612 potest
1595 5556 1802 5608 amare,
1831 5555 1934 5598 nec

359 5644 684 5689 conservare
712 5633 960 5690 virtutes.

435 5727 770 5785 Adluerentes
807 5729 962 5785 bono.
1016 5712 1404 5785 Adhaereamus
1450 5730 1615 5795 bono,
1646 5730 1935 5785 observan-

367 5821 499 5878 dum
519 5821 687 5882 etiam
709 5824 832 5895 hoe,
864 5823 1009 5897 quod
1035 5823 1176 5884 sicut
1224 5822 1281 5881 in
1307 5820 1424 5880 aliis
1457 5821 1606 5892 dicit,
1635 5822 1726 5893 qui
1759 5821 1934 5880 adhae-

2025 3357 2057 3397 a
2088 3341 2318 3396 Domino
2343 3355 2500 3398 serve
2534 3340 2675 3395 male
2697 3347 2752 3394 et
2772 3340 2942 3411 piger.

2099 3429 2301 3501 Spiritu
2366 3430 2637 3500 ferventes.
2698 3428 2834 3496 Quia
2893 3427 3120 3500 frigidos
3184 3427 3445 3484 Dominus
3499 3442 3611 3483 non

2028 3531 2194 3588 amat,
2254 3530 2310 3577 et
2349 3522 2405 3577 in
2455 3521 2652 3593 tepidis
2689 3528 3006 3586 nauseatur,
3053 3528 3184 3576 tunc
3228 3521 3390 3592 plane
3414 3519 3611 3592 spiritu

2025 3613 2316 3678 fervemus,
2354 3614 2400 3669 si
2424 3614 2621 3670 szeculo
2647 3613 2824 3684 frigidi
2857 3627 3063 3670 sumus.

2099 3705 2208 3778 (Ex
2244 3704 2515 3777 Origene.)
2555 3704 2684 3760 Vult
2705 3705 2852 3760 enim
2899 3712 2960 3758 ut
2993 3719 3092 3759 nos
3116 3705 3209 3774 qui
3239 3705 3338 3760 sub
3366 3703 3483 3777 lege
3504 3704 3608 3774 spi-

2027 3799 2166 3854 ritus
2190 3798 2441 3864 vivimus,
2473 3797 2608 3852 nihil
2637 3797 2942 3864 remissum,
2978 3797 3112 3852 nihil
3145 3797 3383 3869 tepidum
3409 3799 3610 3854 habea-

2027 3906 2149 3946 mus
2185 3891 2238 3944 in
2261 3889 2438 3954 nobis,
2490 3890 2584 3944 sed
2629 3905 2753 3944 cum
2800 3888 3014 3945 fervore
3058 3890 3302 3962 spiritus,
3345 3897 3402 3946 et
3426 3889 3608 3948 calore

2026 3983 2151 4038 ﬁdei
2178 3990 2371 4037 cuncta
2406 3998 2744 4055 peragamus.

2099 4073 2324 4127 Domino
2352 4074 2650 4128 servientes.
2693 4073 2785 4128 llle
2835 4073 3065 4128 Domino
3101 4074 3270 4129 servit
3311 4074 3405 4144 qui
3432 4083 3613 4145 potest

2030 4165 2211 4222 dicere
2264 4165 2441 4230 nobis,
2495 4181 2636 4219 unus
2689 4166 2948 4220 Dominus
2997 4164 3154 4220 Jesus
3202 4165 3468 4232 Christus,
3514 4184 3612 4239 per

2029 4272 2187 4326 quem
2237 4257 2437 4319 omnia,
2468 4263 2523 4309 et
2568 4271 2666 4310 nos
2691 4271 2788 4324 per
2835 4256 3032 4325 ipsum,
3080 4272 3181 4312 nec
3229 4257 3369 4312 ultra
3412 4259 3486 4324 ei,
3516 4270 3611 4316 aut

2029 4349 2216 4415 libido,
2255 4357 2348 4402 aut
2386 4348 2632 4412 avaritia,
2663 4356 2758 4402 aut
2796 4348 2974 4404 inanis
3011 4349 3180 4420 gloria
3220 4351 3606 4406 dominabitur.

2103 4439 2205 4513 Spe
2255 4441 2563 4512 gaudentes.
2607 4439 2715 4511 Spe
2762 4441 2979 4512 gaudet,
3016 4441 3108 4511 qui
3145 4456 3254 4496 non
3295 4443 3516 4514 respicit
3546 4460 3612 4500 ea

2032 4547 2152 4602 quae
2178 4532 2452 4597 videntur,
2504 4531 2598 4587 sed
2627 4547 2692 4586 ea
2719 4547 2840 4602 qua:
2868 4547 2975 4586 non
3030 4531 3282 4587 videntur
3307 4543 3609 4603 exspectat,

2031 4630 2086 4678 et
2108 4623 2198 4692 qui
2229 4623 2350 4687 scit,
2393 4622 2648 4692 quoniam
2698 4638 2804 4676 non
2845 4631 2964 4676 sunt
3013 4621 3285 4693 condigna:
3338 4624 3608 4694 passiones

2031 4714 2190 4784 hujus
2227 4715 2473 4785 temporis
2502 4714 2572 4767 ad
2600 4713 2836 4783 futuram
2866 4712 3110 4785 gloriam,
3150 4731 3265 4786 qua:
3298 4715 3614 4772 revelabitur

2028 4806 2086 4861 in
2112 4805 2257 4860 nobis
2285 4805 2461 4878 (Rom.
2495 4807 2634 4879 vm).

2102 4894 2170 4949 In
2212 4894 2549 4957 tribulatione
2608 4896 2879 4966 patientes.
2923 4895 3026 4969 (Ex
3082 4896 3338 4971 Primus.)
3378 4897 3610 4970 Propter

2033 4987 2288 5058 gaudium
2308 4988 2420 5058 spei
2447 4986 2642 5043 futura:
2669 4989 2851 5045 omnia
2877 4990 3160 5056 sustinete,
3184 4991 3324 5046 sicut
3346 4992 3612 5061 scriptum

2037 5085 2123 5133 est
2152 5096 2165 5132 :
2201 5076 2366 5133 Omne
2389 5079 2642 5150 gaudium
2686 5081 3002 5147 existimate,
3035 5081 3244 5152 fratres,
3277 5098 3398 5136 cum
3439 5083 3494 5135 in
3521 5097 3611 5135 va-

2038 5173 2146 5228 rias
2173 5173 2481 5228 tentationes
2508 5173 2801 5230 incideritis
2839 5173 3048 5247 (Iacob.
3097 5173 3159 5248 1),
3190 5183 3247 5231 et
3272 5174 3398 5245 quia
3444 5174 3613 5228 tribu-

2037 5262 2164 5319 latio
2186 5265 2493 5335 patientiam
2519 5275 2788 5338 operatur,
2813 5266 3067 5337 patientia
3093 5265 3474 5342 probationem,
3495 5282 3614 5338 pro-

2038 5355 2177 5410 batio
2201 5373 2343 5427 spem
2381 5355 2550 5429 (Rom.
2580 5357 2655 5430 v).

2109 5445 2352 5504 Orationi
2394 5449 2666 5505 instantes.
2728 5449 2984 5505 Instantis
3027 5448 3176 5504 enim
3217 5445 3476 5504 orationis
3510 5463 3609 5504 no-

2035 5539 2120 5594 bis
2143 5549 2367 5611 praestat
2411 5541 2669 5596 auxilium
2716 5541 2772 5596 in
2798 5539 3057 5603 adversis,
3103 5539 3156 5593 in
3186 5552 3294 5609 quo
3317 5538 3461 5593 enim
3497 5554 3608 5595 non

2035 5629 2240 5686 sufﬁcit
2267 5632 2503 5687 humana
2531 5631 2812 5705 fragilitas,
2846 5628 3106 5687 auxilium
3148 5627 3244 5684 Dei
3270 5628 3609 5688 orationibus

2035 5723 2426 5795 implorandum
2449 5731 2552 5782 est.

2110 5819 2514 5876 Necessitatibus
2536 5827 2834 5874 sanctorum
2859 5815 3316 5873 communicantes.
3347 5811 3425 5873 Ac
3455 5810 3501 5870 si
3533 5810 3610 5872 die
