4110 6468
507 276 579 343 83
1094 328 1109 336 -
1784 288 2078 345 SMARAG]

2183 287 2466 345 ABBATIS
3700 289 3776 354 84

510 406 602 454 cat
628 399 938 484 ministrate
963 401 1066 464 eis,
1105 400 1194 469 qui
1223 405 1444 470 propter
1472 400 1745 455 Christum
1771 417 1866 455 sua
1897 402 2077 455 omnia
2105 403 2158 464 Α
2181 416 2302 456 cum
2330 402 2547 457 talibus.
2584 402 2691 460 Sed
2733 420 2855 461 cum
2899 406 3007 463 illis
3042 407 3278 466 flendum
3309 416 3413 466 est.
3475 409 3553 467 De
3577 410 3777 495 quibus

510 476 940 555 contemnentes,
981 492 1172 543 alienis
1217 491 1286 544 ad
1317 498 1527 560 tempus
1563 492 1803 564 indigent
1830 493 2099 549 ministra-

510 574 771 636 tionibus.

584 666 694 744 (Ea;
748 666 1017 743 Origene.)
1056 669 1294 728 Honeste
1344 680 1402 730 et
1443 674 1719 742 decenter,
1771 692 1879 732 non
1938 676 2094 748 quasi

509 765 707 836 stipem
749 764 1114 833 indigentibus
1162 768 1369 823 sanctis
1420 771 1690 840 praebere,
1730 772 1826 827 sed
1870 787 2092 827 censum

434 874 447 881 ί
505 865 757 915 nostrum
784 857 1181 927 quodammodo
1206 874 1331 914 cum
1358 860 1491 932 ipsis
1534 863 1737 919 habere
1783 879 2089 931 commune,

504 956 570 1005 et
609 947 923 1003 meminisse
963 955 1273 1005 sanctorum
1314 951 1427 1007 sive
1461 951 1517 1007 in
1546 951 1789 1009 collectis
1833 952 2090 1009 solemni-

505 1039 634 1108 bus,
664 1039 779 1096 sive
814 1053 915 1112 pro
950 1054 1036 1109 eo,
1074 1049 1137 1097 ut
1180 1055 1249 1097 ex
1286 1043 1664 1100 recordatione
1700 1060 1889 1101 eorum
1925 1044 2095 1115 proﬂ-

505 1131 739 1191 ciamus.

576 1222 1008 1297 Hospitalitatem
1033 1232 1308 1282 sectantes.
1350 1226 1525 1296 Quam
1556 1227 1730 1300 digna:
1753 1228 2093 1301 hospitalita-

501 1314 577 1372 tis
601 1314 1081 1387 magnificentiam,
1124 1333 1234 1373 uno
1260 1332 1511 1375 sermone
1539 1319 1973 1390 comprehendit.
2002 1320 2092 1376 Di-

502 1423 634 1465 cens
656 1410 802 1465 enim
846 1411 1157 1467 sectandam
1204 1425 1326 1466 esse
1362 1411 1813 1479 hospitalitatem,
1854 1430 1963 1469 non
2004 1431 2094 1470 so-

499 1499 611 1555 lum
641 1498 900 1567 ostendit,
925 1510 986 1555 ut
1031 1501 1336 1557 venientem
1372 1501 1439 1557 ad
1482 1517 1582 1559 nos
1609 1504 1878 1575 hospitem
1921 1508 2090 1563 susci-

2195 493 2326 548 dicit
2352 492 2615 549 Dominus
2642 512 2658 550 :
2681 496 2833 552 Beati
2863 501 2955 570 qui
2982 500 3132 568 flent,
3159 502 3419 573 quoniam
3445 502 3557 575 ipsi
3579 492 3779 564 conso-

2193 582 2470 639 labuntur.
2505 584 2561 640 Si
2593 587 2717 657 quis
2742 586 2833 644 flet
2863 604 2963 660 pro
2994 594 3233 663 peccatis
3263 594 3397 661 suis,
3426 594 3474 651 si
3504 595 3629 666 quis
3652 605 3781 667 post

2194 675 2391 732 delicta
2454 679 2790 735 convertitur
2846 681 2913 737 ad
2973 682 3370 753 paenitentiam,
3432 690 3487 741 et
3526 701 3779 744 errorem

2194 781 2353 823 suum
2409 767 2666 841 lacrymis
2716 766 2882 826 lavat.
2915 770 2974 828 Si
3002 773 3125 844 quis
3171 774 3339 830 etiam
3380 777 3690 846 ingemiscit
3718 780 3778 837 in

2192 854 2507 915 habitaculo
2538 859 2644 915 isto
2669 861 2897 931 positus,
2953 871 3011 919 et
3035 862 3102 918 ad
3130 863 3405 921 Christum
3431 867 3613 924 redire
3634 870 3780 925 desi-

2192 948 2372 1015 derat,
2405 956 2461 1005 et
2489 965 2588 1022 per
2612 960 2855 1007 sanctum
2883 953 3211 1011 desiderium
3254 957 3617 1029 lacrymarum
3644 976 3778 1032 pro-

2191 1036 2410 1096 fusione
2437 1041 2671 1098 lavatur.
2724 1042 3023 1117 Iungamus
3077 1061 3201 1103 cum
3232 1048 3446 1117 talibus,
3498 1050 3780 1124 lacrymas

2189 1143 2411 1190 nostras
2461 1144 2518 1191 et
2577 1138 2810 1209 gemitus
2865 1139 3158 1197 sociemus.
3193 1141 3435 1200 Tristitia
3476 1147 3620 1202 enim
3656 1164 3781 1220 quas

2193 1230 2494 1284 secundum
2543 1230 2715 1286 Deum
2752 1238 2856 1298 est,
2886 1232 3117 1289 salutem
3176 1234 3425 1292 stabilem
3454 1252 3555 1310 per
3601 1240 3780 1311 paeni-

2193 1319 2418 1373 tentiam
2449 1329 2725 1390 operatur.

2263 1406 2332 1462 Id
2360 1409 2530 1481 ipsum
2582 1412 2800 1468 invicem
2829 1416 3125 1472 sentientes.
3166 1415 3361 1473 Sermo
3411 1417 3519 1475 iste
3543 1434 3651 1476 non
3680 1435 3780 1477 na-

2191 1504 2313 1554 tura
2340 1501 2447 1568 sui,
2500 1503 2594 1558 sed
2642 1503 3091 1575 interpretatione
3130 1509 3416 1566 obscurior
3459 1510 3636 1569 factus
3664 1521 3773 1580 est,

494 1593 736 1664 piamus,
800 1594 894 1650 sed
927 1600 982 1649 et
1021 1595 1383 1665 requiramus,
1450 1603 1507 1652 et
1533 1596 1749 1653 solliciti
1810 1599 2003 1666 simus,
2036 1605 2092 1654 et
2190 1588 2293 1647 hoc
2317 1601 2402 1648 est
2424 1594 2569 1649 enim
2594 1599 2735 1667 quod
2765 1598 2899 1653 dicit
2927 1615 2942 1655 :
2977 1609 3036 1655 ut
3064 1602 3140 1655 ita
3170 1602 3237 1657 de
3263 1600 3431 1658 fratre
3476 1606 3777 1662 sentiamus

499 1690 772 1740 sectemur
826 1699 890 1740 ac
919 1686 1300 1757 perquiramus
1333 1686 1535 1759 ubique
1575 1690 1838 1759 hospites,
1870 1706 1973 1747 nec
1996 1691 2087 1748 ubi
2116 1764 2146 1766 ζ
2193 1694 2253 1740 ut
2275 1695 2330 1740 et
2358 1687 2424 1742 de
2450 1688 2606 1744 nobis
2659 1691 2809 1761 ipsis.
2849 1692 2916 1747 Et
2941 1693 3016 1747 ita
3052 1693 3283 1750 velimus
3332 1695 3601 1766 proximo,
3632 1698 3776 1755 sicut

496 1772 639 1831 forte
665 1775 721 1832 in
744 1776 940 1849 plateis
975 1778 1224 1845 sedeant,
1255 1795 1359 1838 nec
1407 1791 1563 1838 extra
1593 1792 1795 1840 tectum
1840 1783 2082 1854 iaceam.
2114 1764 2163 1824 Β
2190 1785 2246 1834 et
2268 1779 2424 1834 nobis
2451 1780 2717 1849 volumus,
2750 1792 2812 1839 ut
2840 1795 2890 1841 et
2919 1785 3183 1842 Dominus
3204 1786 3261 1840 in
3284 1764 3577 1859 Evangelia
3597 1790 3771 1846 dixit:

497 1864 809 1925 Recordare
828 1869 988 1936 Loth,
1016 1878 1072 1926 et
1119 1871 1362 1928 invenies
1398 1873 1544 1944 quod
1572 1874 1720 1930 illum
1769 1891 1875 1931 non
1900 1877 2088 1949 hospi-

500 1967 603 2027 tes,
646 1961 742 2019 sed
767 1963 883 2034 ipse
938 1965 1215 2036 quaesierit
1245 1964 1489 2037 hospites
1526 1964 1680 2040 (Gen.
1726 1967 1864 2042 nx),
1901 1971 2088 2027 ethoc

495 2060 617 2108 erat
649 2054 1072 2127 hospitalitatem
1097 2058 1316 2114 sectari.

565 2142 865 2202 Benedicite
884 2151 1310 2221 persequentibus
1346 2168 1455 2207 vos.
1496 2150 1755 2209 Moralem
1781 2154 1961 2212 locum
1990 2155 2077 2212 la-

496 2237 611 2294 tius
651 2236 942 2310 Apostolus
984 2257 1289 2312 exsequens
1331 2252 1503 2309 actus,
1542 2254 1801 2312 mentem,
1837 2247 2083 2318 proposiv

493 2338 634 2399 tum,
679 2346 744 2388 os
792 2348 1008 2405 quoque
1055 2335 1249 2406 ipsum,
1294 2335 1683 2407 discipulorum
1734 2336 2084 2411 linguamque

495 2423 793 2494 componit.
833 2424 950 2481 Non
994 2424 1113 2480 vult
1169 2427 1454 2482 credentes
1486 2425 1706 2483 Christo
1753 2429 1821 2485 de
1859 2445 1955 2485 ore
1983 2445 2083 2485 suo

491 2517 743 2590 proferre
777 2518 1142 2584 maledictum,
1193 2520 1289 2576 sed
1336 2521 1475 2576 bene
1521 2520 1691 2591 loqui,
1740 2522 2081 2591 benedicere,

492 2609 636 2665 bene
672 2610 987 2680 praedicare,
1032 2617 1093 2665 ut
1129 2625 1198 2666 ex
1253 2610 1379 2676 hoc,
1418 2617 1474 2665 et
1500 2609 1631 2666 boni
1658 2610 1871 2666 Domini
1913 2610 2077 2677 servi,

495 2706 555 2755 et
574 2698 702 2755 boni
737 2701 981 2771 magistri
1007 2702 1301 2756 credantur
1328 2715 1448 2757 esse
1475 2701 1744 2773 discipuli.
1787 2702 2081 2760 Sciendum

497 2800 684 2850 tamen
711 2801 814 2860 est,
839 2794 983 2865 quod
1026 2810 1207 2851 sermo
1236 2795 1628 2852 benedictionis
1673 2795 1729 2851 in
1776 2794 2081 2869 Scripturis

497 2886 710 2942 diverse
750 2887 959 2957 positus
1000 2880 1291 2956 invenitur,
1341 2903 1468 2942 nam
1509 2897 1566 2943 et
1588 2887 1731 2944 Deus
1760 2889 2081 2945 benedicere

496 2978 714 3046 dicitur,
750 2987 813 3035 et-
831 2980 1098 3049 homines,
1127 2981 1214 3038 vel
1239 2990 1453 3039 cetera:
1481 2990 1748 3038 creaturae
1786 2981 1956 3038 Deum
1980 2984 2078 3038 be-

495 3074 752 3130 nedicere
785 3072 1065 3143 iubentur,
1108 3074 1204 3130 sed
1230 3073 1325 3130 Dei
1378 3072 1682 3129 benedictio
1722 3072 1924 3143 aliquid
1953 3089 2077 3129 mu-

2188 1868 2318 1937 Quae
2341 1871 2505 1927 vultis
2537 1881 2600 1928 ut
2640 1871 2843 1931 faciant
2873 1876 3028 1934 vobis
3068 1877 3338 1944 homines,
3383 1880 3575 1938 eadem
3597 1890 3653 1939 et
3674 1898 3774 1940 vos

2185 1960 2351 2019 facite
2378 1962 2504 2020 illis.

2258 2053 2385 2109 Non
2415 2054 2525 2110 alta
2582 2059 2858 2130 sapientes,
2895 2060 2986 2119 sed
3033 2060 3319 2118 humilibus
3372 2066 3773 2124 consentientes.

2187 2142 2509 2216 Superbiam
2556 2163 2657 2219 per
2711 2150 2892 2206 omnia
2948 2150 3256 2223 fugiendam
3288 2154 3465 2222 docet,
3496 2157 3601 2214 hoc
3625 2157 3770 2214 enim

2185 2235 2316 2290 dicit
2366 2236 2475 2291 alta
2534 2239 2779 2294 sentire:
2824 2248 2880 2295 et
2928 2242 3146 2306 merito,
3197 2244 3452 2312 superbia
3516 2245 3771 2318 fugienda

2184 2335 2290 2391 est,
2327 2343 2450 2383 cum
2507 2327 2785 2400 Scriptura
2837 2332 2967 2387 dicit
2998 2351 3011 2386 :
3054 2333 3190 2401 Quia
3219 2335 3434 2391 initium
3463 2338 3771 2397 discedendi

2186 2434 2219 2474 a
2247 2420 2499 2488 Domino,
2541 2422 2795 2492 superbia
2818 2431 2921 2478 est.
2951 2424 3099 2479 Bene
3136 2434 3318 2481 autem
3353 2444 3463 2485 uno
3491 2444 3764 2500 sermone,

2185 2511 2582 2570 institutionem
2612 2515 2930 2571 humilitatis
2958 2518 3226 2588 exposuit,
3282 2524 3589 2578 consentire
3620 2525 3769 2581 enim

2185 2603 2503 2673 humilibus,
2533 2614 2589 2661 et
2607 2621 2789 2662 amare
2820 2607 3071 2673 humiles,
3098 2618 3261 2681 atque
3308 2610 3569 2669 inclinare
3612 2629 3671 2669 se
3698 2617 3770 2671 ad

2183 2711 2299 2763 eos,
2332 2697 2436 2752 hoc
2460 2705 2565 2765 est,
2624 2714 2983 2755 consuescere
3014 2701 3218 2756 imit-ari
3248 2718 3393 2770 eum,
3441 2706 3529 2775 qui
3556 2721 3678 2762 cum
3707 2708 3764 2764 in

2182 2787 2361 2845 forma
2395 2791 2490 2846 Dei
2521 2802 2684 2858 esset,
2713 2791 2941 2849 formam
2972 2794 3112 2850 servi
3159 2796 3414 2868 suscepit,
3443 2807 3499 2853 et
3522 2799 3774 2857 humilia-

2172 2880 2262 2939 'vit
2284 2898 2342 2939 se
2368 2899 2543 2955 usque
2566 2885 2634 2941 ad
2664 2893 2894 2941 mortem
2925 2883 3146 2958 (Philip.
3183 2885 3270 2949 ιι).

2256 2975 2366 3049 (Ea:
2407 2974 2665 3050 Primos.)
2706 2976 2968 3048 Superbia
3016 2977 3155 3047 sapit
3182 2976 3303 3042 iste,
3338 2978 3432 3049 qui
3486 2995 3639 3037 suam
3668 2999 3767 3055 per

2184 3083 2244 3125 se
2278 3069 2466 3125 ulcisci
2491 3069 2638 3140 cupit
2663 3068 2938 3140 iniuriam,
2971 3078 3026 3125 et
3052 3086 3160 3126 non
3187 3068 3482 3129 humilibus
3509 3073 3687 3144 rebus,
3710 3076 3764 3133 id

494 3168 648 3223 neris
696 3134 911 3240 semper
949 3134 1164 3238 his'qui
1194 3169 1262 3224 ab
1299 3182 1366 3225 eo
1393 3166 1787 3224 benedicuntur
1814 3166 2075 3236 impertit,
2106 3134 2150 3197 C
2181 3168 2281 3227 cst,
2315 3161 2607 3217 humilitati
2635 3163 2922 3218 consentit.

493 3258 749 3315 homines
807 3274 937 3316 vero
981 3260 1151 3315 Deum
1194 3259 1516 3316 benedicere
1550 3273 1652 3330 pro
1678 3256 1784 3313 hoc
1825 3258 1969 3328 quod
1995 3264 2083 3313 est

494 3350 723 3408 laudare
765 3359 821 3407 et
846 3351 1048 3423 gratias
1072 3350 1277 3409 referre
1301 3351 1569 3407 dicuntur.

572 3439 868 3497 Benedicite
890 3451 937 3497 et
965 3441 1124 3498 nolite
1162 3442 1486 3498 maledicere.
1529 3441 1789 3497 Hortatur
1819 3456 1918 3497 nos
1938 3440 2081 3512 Apo-

494 3533 667 3590 stolus
700 3541 762 3589 ut
784 3549 909 3590 cum
939 3549 1294 3605 provocamur
1318 3536 1387 3589 ab
1419 3534 1675 3601 inimicis,
1700 3548 1809 3588 non
1837 3548 1938 3603 pro
1964 3549 2080 3589 ma-

491 3625 706 3684 ledictis
732 3626 1016 3685 maledicta
1050 3628 1360 3693 reddamus,
1389 3628 1483 3682 sed
1507 3624 1776 3681 faciamus
1796 3627 1938 3696 quod
1962 3626 2079 3697 ipse

495 3719 565 3775 de
590 3719 881 3792 semetipso
911 3719 1117 3783 scribit,
1144 3718 1235 3774 ubi
1266 3717 1416 3785 dicit,
1446 3716 1814 3773 maledicimur
1858 3725 1909 3772 et
1935 3716 2082 3773 bene-

493 3808 723 3867 dicimus
764 3810 818 3884 (I
846 3807 971 3866 Cor.
1001 3811 1100 3882 1v).

568 3898 805 3958 Gaudete
830 3919 949 3959 cum
993 3902 1357 3974 gaudentibus.
1406 3900 1665 3957 Habenda
1718 3908 1802 3957 est
1827 3898 1993 3955 etiam
2022 3900 2079 3956 in

491 3995 602 4055 hoc
628 4005 944 4068 competens
970 4005 1027 4052 et
1054 4003 1181 4067 apta
1206 3995 1503 4062 distinctio,
1534 4009 1642 4051 non
1674 3993 1818 4049 enim
1848 3994 2077 4065 quibus-

490 4106 709 4163 cunque
775 4089 1010 4163 gaudiis,
1075 4088 1506 4146 Christianorum
1571 4087 1763 4161 gaudia
1818 4086 2076 4142 socianda

491 4189 640 4248 sunt,
669 4197 850 4253 neque
874 4180 1020 4237 enim
1051 4179 1097 4236 si
1125 4179 1334 4235 videam
1370 4178 1605 4251 gaudere
1633 4178 1888 4250 aliquem,
1911 4193 2075 4247 super

489 4279 705 4343 quaestu
754 4270 1020 4342 pecuniae,
1076 4277 1172 4325 aut
1215 4270 1492 4326 saecularis
1546 4268 1771 4324 honoris
1825 4267 2074 4323 eminen-

492 4362 609 4428 tiae,
639 4361 1012 4433 congratulari
1040 4360 1212 4415 debeo
1237 4360 1436 4416 talibus
1461 4360 1554 4430 qui
1583 4359 1773 4425 sciam,
1807 4360 1949 4429 quod
1975 4360 2075 4415 hu-

482 4449 728 4524 iusmodi
792 4450 987 4523 gaudia
1042 4449 1220 4506 luctus
1272 4457 1535 4522 sequatur
1591 4458 1647 4506 et
1671 4449 1943 4524 lacrymae,
1975 4452 2072 4507 sed

388 4542 395 4549 ’
470 4542 621 4613 quia
671 4540 933 4597 Dominus
980 4539 1235 4611 apostolis
1257 4539 1648 4596 ait:Gaudete
1696 4540 1825 4612 quia
1849 4542 2067 4597 nomina

488 4638 673 4688 vestra
709 4631 913 4703 scripta
939 4641 1067 4687 sunt
1112 4631 1167 4685 in
1194 4630 1349 4686 coelo.
1385 4630 1455 4687 Et
1478 4645 1597 4698 nos,
1622 4630 1666 4687 si
1693 4632 1973 4687 videamus
2002 4632 2070 4688 ab

491 4721 677 4794 aliquo
711 4721 818 4777 tale
861 4737 998 4791 opus
1035 4721 1147 4793 geri
1188 4721 1332 4790 quod
1380 4720 1436 4776 in
1463 4720 1604 4777 coelo
1653 4721 1817 4777 scribi
1848 4722 2070 4793 dignum

489 4816 589 4883 sit,
620 4815 737 4872 sive
756 4814 984 4889 iustitiae
1033 4827 1192 4883 opus,
1224 4812 1339 4867 sive
1389 4813 1698 4879 charitatis,
1755 4814 1871 4871 sive
1895 4815 2065 4885 pacis,

484 4906 578 4964 vel
607 4904 1009 4969 misericordiae,
1040 4910 1096 4959 et
1121 4903 1194 4957 ita
1223 4911 1455 4976 gestum,
1484 4913 1545 4958 ut
1573 4903 1626 4959 in
1654 4903 1790 4960 libro
1815 4905 1958 4970 vitm,
1982 4920 2070 4961 re-

490 4999 640 5058 ferre
662 5005 963 5062 mereatur,
995 4996 1254 5051 debemus
1295 4996 1533 5067 gaudere
1558 5011 1680 5051 cum
1712 4996 1930 5051 talibus.
1958 4995 2068 5051 Sed

486 5102 545 5151 et
576 5093 621 5148 si
652 5089 872 5162 quidem
897 5088 1178 5144 videamus
1208 5088 1277 5142 ab
1302 5101 1491 5143 errore
1526 5102 1871 5155 conversum,
1902 5095 1958 5142 et
1978 5102 2066 5142 re-

485 5185 630 5243 lictis
658 5182 979 5257 ignorantia:
992 5182 1244 5244 tenebris,
1271 5182 1339 5236 ad
1365 5181 1541 5236 lucem
1566 5179 1809 5237 veritatis
1831 5180 2060 5244 venisse,

484 5272 864 5333 remissionem
888 5282 1236 5344 peccatorum
1261 5279 1317 5328 et
1351 5271 1585 5343 gratiam
1631 5269 1803 5326 sancti
1833 5268 2067 5340 Spiritus

488 5365 775 5431 meruisse,
804 5363 1061 5420 debemus
1092 5363 1329 5435 gaudere
1353 5376 1480 5418 cum
1506 5360 1724 5417 talibus.

564 5451 714 5509 Flete
741 5470 858 5508 cum
893 5452 1158 5526 ﬂentibus.
1197 5450 1316 5509 Non
1339 5468 1464 5510 cum
1518 5451 1624 5507 illis
1650 5451 1741 5523 qui
1771 5449 1901 5507 ﬂent
1926 5467 2071 5508 mor-

489 5550 616 5600 tuos
642 5558 792 5613 suos,
842 5543 1100 5617 iubemur
1130 5542 1278 5611 ﬂere,
1318 5551 1413 5598 aut
1439 5542 1535 5614 qui
1580 5540 1714 5598 flent
1736 5541 1936 5599 damna
1970 5559 2071 5601 saa-

490 5634 716 5691 cularta.
773 5633 1025 5693 Scientes
1074 5636 1218 5705 quod
1254 5633 1414 5705 huius
1456 5631 1639 5690 saaculi
1671 5633 1898 5689 tristitia
1927 5649 2072 5690 mor-

486 5731 602 5785 tem
656 5737 933 5797 operatur.
969 5725 1089 5783 Non
1119 5733 1248 5783 sunt
1298 5739 1430 5798 ergo
1478 5723 1733 5798 lacryma:
1777 5724 2071 5797 iungendae

2360 3248 2699 3307 svsnosumi
2740 3268 3017 3312 sscunnuu
3061 3273 3319 3325 IOANNEM,
3351 3275 3468 3316 cn.
3500 3274 3541 3314 ιι

2256 3359 2275 3393 ι
2321 3340 2532 3412 Nuptiae
2563 3341 2719 3398 facta:
2741 3352 2866 3400 sunt
2890 3345 2944 3401 in
2972 3345 3117 3404 Cana
3149 3349 3402 3417 Galilaeae,
3435 3357 3489 3406 et
3508 3357 3625 3407 erat
3646 3365 3762 3405 ma-

2186 3452 2206 3486 c
2253 3441 2338 3489 ter
2363 3433 2490 3490 Iesu
2522 3435 2615 3491 ibi.
2672 3436 2904 3494 Vocatus
2954 3449 3037 3497 est
3089 3452 3269 3499 autem
3326 3443 3485 3501 Iesus
3514 3451 3569 3499 et
3595 3443 3759 3500 disci-
3838 3500 3845 3513 ,

2187 3543 2206 3576 ι
2250 3526 2361 3596 puli
2388 3526 2504 3597 eius
2534 3527 2601 3581 ad
2624 3527 2859 3599 nuptias.
2894 3530 2963 3585 Et
2988 3518 3272 3592 deficiente
3303 3536 3450 3605 vino,
3487 3536 3623 3591 dixit
3644 3551 3756 3590 ma-

2186 3637 2205 3671 ‹
2250 3628 2333 3674 ter
2356 3618 2481 3674 Iesu
2516 3621 2583 3674 ad
2610 3637 2731 3676 eum
2758 3641 2770 3676 :
2802 3623 2999 3679 Vinum
3029 3643 3135 3682 non
3186 3629 3402 3685 habent.
3439 3629 3506 3685 Et
3535 3627 3665 3684 dicit
3707 3628 3759 3683 ei

2185 3728 2204 3763 s
2248 3708 2445 3791 Iesus:
2479 3712 2616 3779 Quid
2641 3714 2769 3769 mihi
2800 3724 2855 3771 et
2879 3717 2976 3772 tibi
2999 3728 3101 3786 est,
3126 3721 3354 3777 mulier?
3381 3723 3629 3779 Nondum
3659 3736 3755 3776 ve-

2183 3822 2205 3856 ι
2249 3803 2329 3858 nit
2353 3804 2490 3859 hora
2522 3821 2664 3861 mea.
2696 3805 2837 3862 Dicit
2876 3819 3050 3865 mater
3074 3813 3190 3884 ejus
3233 3816 3535 3871 ministris:
3573 3813 3755 3882 Quod-

2184 3911 2204 3947 c
2248 3911 2461 3968 cunque
2512 3897 2713 3952 dixerit
2738 3899 2890 3955 vobis
2938 3900 3121 3958 facite.
3162 3904 3333 3962 Erant
3375 3914 3554 3963 autem
3582 3906 3655 3962 ibi
3676 3904 3758 3961 la-

2183 4003 2204 4037 ι
2246 3986 2420 4058 pideae
2441 3987 2649 4059 hydria:
2667 4003 2759 4044 sev
2778 3990 2988 4060 positae,
3008 3997 3303 4051 secundum
3321 3997 3753 4067 purificationem

2184 4095 2203 4130 ς
2248 4077 2577 4147 Iudaeorum,
2622 4079 2899 4150 capientes
2928 4084 3150 4155 singulae
3178 4095 3438 4146 metretas
3487 4088 3644 4146 binas
3670 4087 3755 4144 vel

2183 4190 2205 4226 ‹
2249 4180 2466 4237 ternas;
2496 4171 2629 4227 dicit
2657 4172 2739 4229 eis
2763 4169 2922 4231 Iesus
2949 4194 2962 4230 :
2992 4174 3217 4249 implete
3239 4179 3459 4249 hydrias
3490 4194 3648 4249 aqua.
3686 4177 3757 4233 Et

2182 4282 2203 4317 ι
2246 4264 2606 4336 impleverunt
2636 4280 2731 4322 eas
2778 4282 2950 4339 usque
2993 4269 3061 4324 ad
3104 4285 3392 4324 summum.
3424 4270 3492 4324 Et
3516 4270 3648 4326 dicit
3673 4269 3755 4327 eis

2181 4373 2201 4407 ι
2245 4354 2405 4413 Iesus
2440 4375 2454 4411 ε
2489 4355 2716 4413 Haurite
2766 4374 2930 4425 nunc,
2961 4367 3017 4413 et
3060 4357 3197 4414 ferte
3240 4359 3635 4415 architriciino.
3687 4361 3757 4416 Et

2182 4466 2202 4501 ‹
2250 4446 2509 4503 tulerunt.
2545 4446 2617 4503 Ut
2645 4454 2825 4502 autem
2868 4449 3103 4519 gustavit
3132 4449 3531 4506 architriclinus
3559 4466 3755 4522 aquam

2181 4555 2202 4590 ‹
2245 4537 2432 4593 vinum
2480 4535 2701 4604 factam,
2728 4544 2783 4592 et
2812 4552 2917 4592 non
2966 4538 3173 4595 sciebat
3205 4540 3347 4595 unde
3375 4548 3544 4607 esset,
3596 4542 3755 4596 mini-

2180 4648 2201 4683 s
2246 4629 2344 4685 stri
2395 4636 2576 4683 autem
2626 4628 2895 4695 sciebant,
2943 4630 3036 4700 qui
3073 4631 3371 4687 hauserant
3396 4647 3613 4702 aquam.
3645 4630 3755 4687 Vo-

2177 4739 2198 4774 ¢
2241 4728 2331 4777 cat
2390 4735 2648 4792 sponsum
2702 4722 3126 4789 architriciinus,
3182 4733 3239 4779 et
3265 4724 3399 4780 dicit
3433 4725 3526 4781 ei:
3561 4725 3752 4782 Omnis

2176 4831 2197 4865 ι
2241 4813 2405 4867 homo
2456 4811 2691 4885 primum
2729 4813 2929 4869 bonum
2966 4814 3151 4870 vinum
3198 4799 3368 4887 ponit,
3399 4825 3455 4874 et
3484 4833 3608 4874 cum
3634 4817 3752 4874 ine—

2175 4921 2197 4956 ι
2239 4904 2401 4959 briati
2427 4903 2647 4967 fuerint,
2700 4911 2829 4961 tunc
2855 4905 2907 4961 id
2932 4907 3075 4977 quod
3111 4907 3353 4965 deterius
3405 4916 3509 4964 est.
3538 4907 3619 4964 'l‘u
3640 4924 3743 4963 au-

2179 5012 2201 5046 ‹
2244 5003 2354 5049 tem
2379 4994 2608 5049 servasti
2638 4994 2840 5051 bonum
2866 4997 3051 5052 vinum
3088 5013 3259 5069 usque
3288 5000 3482 5056 adhuc.
3534 4998 3650 5055 Hoc
3677 4997 3747 5054 le.

2177 5102 2199 5139 ι
2243 5085 2317 5140 cit
2363 5085 2579 5140 initium
2614 5086 2892 5158 signorum
2944 5087 3101 5145 Iesus
3144 5090 3199 5143 in
3236 5088 3383 5146 Cana
3408 5090 3663 5155 Galilaaae,
3694 5099 3750 5148 et

2178 5193 2199 5229 s
2242 5178 2609 5234 manifestavit
2635 5179 2859 5251 gloriam
2889 5196 3061 5236 suam.
3092 5179 3162 5236 Et
3186 5182 3531 5240 crediderunt
3554 5184 3609 5239 in
3626 5199 3749 5240 eum

2163 5281 2197 5321 ‘c
2241 5270 2487 5341 discipuli
2521 5272 2655 5342 eius.
2686 5290 2706 5324 ι

2245 5361 2460 5433 Nuptia:
2484 5363 2639 5433 facta
2664 5370 2789 5417 sunt
2814 5363 2871 5418 in
2904 5360 3052 5420 Cana
3078 5357 3335 5436 Galilaew,
3363 5375 3413 5424 et
3447 5374 3559 5425 erat
3587 5376 3753 5424 mater

2165 5455 2295 5511 Iesu
2320 5455 2413 5509 ibi.
2462 5453 2564 5526 (Ex
2609 5452 2802 5529 Beda.)
2843 5454 2955 5512 Nec
2993 5466 3150 5515 vacat
3181 5452 3461 5534 mysterio,
3492 5461 3637 5532 quod
3663 5461 3750 5518 die

2166 5546 2330 5602 tertio
2377 5551 2503 5618 post
2547 5543 2658 5611 illa,
2715 5561 2838 5617 qua:
2862 5550 3130 5621 superiori
3182 5549 3462 5621 Evangelii
3500 5565 3750 5608 sermone

2168 5637 2551 5708 descripserat.
2592 5637 2802 5710 Nuptiae
2857 5638 3015 5697 facta:
3068 5639 3401 5708 referuntur,
3429 5641 3524 5697 sed
3588 5640 3749 5697 tertio

2170 5737 2415 5804 tempore
2456 5732 2637 5789 saeculi
2687 5731 2974 5791 Dominum
3003 5732 3073 5789 ad
3092 5730 3380 5805 aptandam
3429 5730 3533 5789 Sibi
3560 5731 3748 5789 Eccle-
