4110 6450
312 356 388 421 ss
1150 354 1667 415 COLLECTIONES
1694 354 1767 412 IN
1801 318 2177 413 erasmus
2215 357 2302 411 nr
2342 355 2750 414 EVANGELIA.
3503 352 3572 413 ss

312 472 456 531 siam
483 472 718 539 venisse.
743 471 1004 547 designat.
1033 468 1277 526 Primum
1318 470 1516 541 quippe
1542 467 1723 525 saeculi
1751 477 1887 525 tem-
1914 471 1967 535 Α
1990 469 2128 537 Quid
2158 469 2288 524 mihi
2312 477 2369 525 et
2396 469 2489 524 tibi
2518 479 2624 535 est,
2652 468 2868 535 mulier,
2893 468 3169 543 signiﬁcat
3189 483 3248 529 se
3269 469 3571 538 divinitate,

314 581 442 643 pus,
489 572 615 621 ante
637 565 833 637 legem,
889 563 1325 636 patriarcharum
1365 561 1644 633 exemplis.
1695 559 1898 616 Secun-

312 656 448 713 dum
480 658 582 713 sub
630 657 766 730 lege,
796 655 1180 729 prophetarum
1236 652 1471 725 scriptis.
1526 652 1766 708 Tertium
1797 653 1896 709 sub

311 749 488 819 gratia
546 749 852 821 praeconiis,
906 746 1371 818 Evangelistarum
1400 747 1556 817 quasi
1609 745 1767 800 tertia
1789 743 1896 800 diei

312 844 457 909 luce,
515 843 717 900 mundo
767 839 995 897 refulsit.
1047 842 1107 895 lu
1142 855 1250 911 quo
1275 839 1535 895 Dominus
1561 845 1615 893 et
1645 836 1898 894 Salvator

315 943 504 992 noster
530 952 628 1008 pro
663 935 1035 1008 redemptione
1072 934 1288 1008 generis
1318 934 1541 990 humani
1580 932 1897 990 incarnatus

313 1025 585 1097 apparuit,
611 1026 708 1082 sed
736 1033 791 1082 et
818 1025 922 1081 hoc
943 1025 1087 1096 quod
1114 1024 1167 1082 in
1191 1023 1338 1081 Cana
1365 1022 1622 1091 Galilzeze,
1656 1024 1710 1080 id
1732 1031 1817 1080 est
1842 1024 1897 1079 in

313 1119 436 1175 zelo
468 1118 962 1190 transmigrationis
1005 1126 1329 1191 perpetrata:
1354 1119 1542 1174 eadem
1588 1118 1788 1189 nuptiae
1816 1116 1898 1173 fa-

314 1219 420 1269 ctae
443 1210 817 1282 perhibentur,
859 1212 1038 1285 typice
1085 1211 1365 1267 denuntiat
1385 1225 1480 1267 eos
1509 1210 1745 1265 maxime
1774 1224 1897 1281 gra-

314 1302 393 1357 tia
418 1300 623 1359 Christi
672 1304 862 1375 dignos
886 1304 1143 1371 existere,
1195 1303 1289 1373 qui
1336 1302 1453 1359 zelo
1474 1317 1538 1358 ac
1566 1300 1776 1356 fervore
1799 1300 1900 1371 pia:

313 1394 640 1461 devotionis,
690 1404 745 1449 et
768 1394 1007 1451 aemulari
1064 1395 1400 1451 charismata
1460 1393 1707 1457 meliora,
1744 1407 1809 1447 ac
1834 1390 1900 1446 de

312 1485 463 1540 vitiis
492 1486 561 1541 ad
616 1482 846 1541 virtutes
890 1487 1029 1542 bona
1078 1485 1374 1556 operando,
1428 1484 1495 1540 de
1547 1483 1780 1538 terrenis
1833 1482 1901 1537 ad

311 1582 518 1630 aiterua
540 1584 764 1643 norunt,
793 1574 1061 1646 sperando
1094 1583 1149 1631 et
1170 1574 1401 1630 amando
1424 1575 1827 1644 transmigrare.

393 1662 610 1735 Nuptia:
644 1662 801 1733 facta:
828 1673 946 1719 sunt
973 1664 1029 1719 in
1055 1660 1203 1719 Cana
1232 1660 1488 1718 Galilaate.
1517 1663 1616 1734 (Ex
1651 1661 1898 1735 Hieron.)

313 1751 580 1810 Dominus
622 1755 691 1810 ad
713 1755 927 1826 nuptias
976 1754 1031 1811 in
1082 1756 1227 1811 hunc
1283 1754 1543 1809 mundum
1569 1753 1741 1819 venit,
1772 1753 1898 1823 quia

1996 576 2102 631 qua
2128 561 2449 617 miraculum
2476 568 2594 617 erat
2625 561 2967 632 patrandum,
3020 576 3127 617 non
3162 558 3489 633 principium
3517 574 3576 617 se

1996 653 2368 724 temporaliter
2418 653 2693 724 accepisse
2721 653 2789 708 de
2835 662 3031 709 matre.
3084 652 3181 709 sed
3218 652 3578 709 aeternitatem

1996 760 2211 817 semper
2235 745 2491 802 habuisse
2519 745 2587 800 de
2614 742 2793 799 Patre.

2070 837 2324 894 Nondum
2355 837 2489 894 venit
2514 838 2646 891 hora
2672 853 2809 892 mea.
2849 834 3099 892 Nondum
3150 836 3299 893 venit
3338 835 3497 902 hora,
3520 842 3582 891 ut

1997 928 2342 1004 fragilitatem
2400 929 2756 987 humanitatis
2814 944 2884 986 ex
2914 937 2967 986 te
3000 938 3247 1001 sumptae,
3298 912 3580 986 moriendo

1999 1023 2385 1080 demonstrem.
2439 1022 2582 1078 liora
2641 1037 2771 1094 ergo
2826 1021 3063 1077 nondum
3122 1030 3360 1088 venerat,
3420 1021 3473 1078 id
3498 1029 3582 1079 est

1998 1117 2285 1188 passionis,
2330 1117 2454 1188 quia
2499 1115 2755 1172 facienda:
2804 1124 2960 1172 erant
3013 1115 3261 1182 virtutes,
3311 1132 3582 1174 commen-

2002 1208 2175 1263 danda
2199 1216 2316 1262 erat
2338 1207 2590 1263 divinitas
2614 1207 2847 1274 Domini,
2889 1208 3312 1265 commendanda
3336 1219 3448 1264 erat
3483 1211 3585 1266 hu—

2000 1300 2232 1356 manitas
2282 1299 2515 1367 Domini,
2566 1301 2620 1357 in
2647 1301 2761 1372 ipsa
2801 1303 3173 1374 compassione
3214 1302 3580 1360 mortalitatis.

2002 1392 2163 1448 Venit
2188 1400 2367 1446 autem
2400 1392 2553 1459 hora,
2586 1400 2644 1447 ut
2672 1394 2799 1464 quid
2849 1394 2952 1449 sibi
2979 1402 3035 1448 et
3085 1392 3246 1449 matri
3292 1408 3579 1449 commune

2001 1491 2149 1538 esset
2181 1483 2514 1548 ostenderet,
2554 1498 2675 1537 cum
2713 1498 2833 1538 eam
2885 1482 3182 1538 moriturus
3210 1483 3264 1538 in
3290 1498 3476 1550 cruce,
3504 1482 3586 1537 di-

2002 1573 2209 1644 scipulo
2238 1573 2428 1644 virgini
2478 1574 2742 1644 virginem
2794 1574 3212 1630 commendavit.
3246 1572 3416 1643 Hujus
3452 1588 3585 1630 vero

2004 1666 2167 1729 horae,
2218 1664 2478 1721 Dominus
2516 1666 2572 1720 in
2622 1682 2787 1723 cruce
2838 1668 3081 1737 pendens
3132 1682 3582 1734 commemorans,

2004 1757 2144 1812 dixit
2168 1758 2326 1812 matri
2357 1774 2371 1811 :
2405 1756 2614 1823 Mulier,
2647 1773 2775 1813 ecce
2798 1757 3122 1825 ﬁlius'tuus;
3154 1757 3307 1829 quasi
3337 1758 3585 1824 dixisset,

314 1854 561 1904 sanctam
607 1845 909 1903 Ecclesiam
959 1846 1061 1903 sibi
1097 1846 1385 1918 c0pulavit.
1427 1846 1506 1902 De
1543 1861 1649 1916 qua
1673 1845 1901 1916 Aposto-
1926 1850 1975 1910 B
2001 1863 2147 1915 ecce,
2177 1848 2280 1903 hoc
2302 1847 2446 1921 quod
2473 1849 2539 1904 de
2584 1856 2636 1904 te
2661 1849 2867 1921 sumpsi
2894 1850 3052 1905 modo
3103 1849 3407 1906 ostenditur
3465 1865 3584 1904 mo-

312 1939 400 1996 lus
424 1938 503 1995 ait
529 1959 542 1994 :
573 1940 764 2011 Aptavi
793 1955 889 1995 vos
924 1940 1016 1995 uni
1043 1940 1161 1996 viro
1204 1939 1472 2010 virginem
1524 1945 1729 1995 castam
1755 1936 1903 1993 exhi-

311 2029 444 2089 bere
469 2029 687 2087 Christo
721 2028 811 2106 (ΙΙ
840 2028 963 2086 Cor.
992 2028 1093 2102 x1),
1147 2029 1313 2085 habet
1358 2043 1488 2100 ergo
1515 2043 1769 2099 sponsam
1794 2027 1899 2084 Ec-

311 2121 558 2190 clesiam,
583 2139 744 2194 quam
778 2121 1005 2178 redemit
1030 2122 1290 2194 sanguine
1322 2136 1440 2187 suo,
1487 2127 1543 2177 et
1584 2119 1672 2175 cui
1707 2114 1902 2191 pignus

312 2214 465 2270 dedit
526 2214 790 2287 Spiritum
854 2221 1120 2280 sanctum,
1157 2228 1322 2283 quam
1383 2211 1487 2267 sibi
1540 2208 1819 2279 conjunxit
1848 2209 1903 2265 in

310 2312 475 2360 utero
505 2305 752 2378 virginis.
785 2305 1025 2360 Verbum
1070 2304 1213 2359 enim
1244 2318 1475 2374 sponsus
1507 2343 1522 2369 ,
1550 2317 1748 2372 sponsa
1772 2316 1904 2357 caro

310 2394 578 2460 humana,
607 2404 660 2450 et
687 2404 979 2464 utrumque
1008 2410 1146 2449 unus
1171 2393 1344 2449 Filius
1370 2393 1489 2458 Dei,
1520 2399 1577 2448 et
1598 2393 1741 2448 idem
1765 2392 1906 2448 ﬁlius

308 2486 577 2556 hominis,
611 2485 788 2543 factus
815 2494 898 2541 est
949 2493 1111 2557 caput
1140 2484 1419 2549 Ecclesiae,
1466 2492 1520 2539 ct
1546 2482 1810 2554 processit
1842 2482 1908 2537 de

310 2576 582 2643 thalamo,
612 2576 768 2646 quasi
795 2590 1048 2647 sponsus.
1076 2574 1371 2630 Thalamus
1410 2574 1555 2629 enim
1581 2573 1699 2643 ejus
1720 2578 1909 2626 uterus

310 2669 543 2741 virginis
564 2668 699 2724 fuit:
723 2666 884 2725 Venit
912 2669 980 2725 ad
1007 2669 1224 2740 nuptias
1251 2666 1307 2721 in
1334 2663 1482 2721 Cana
1508 2662 1759 2728 Galilceze,
1790 2677 1910 2717 cer-

312 2760 359 2815 ti
396 2757 757 2827 Sacramenti,
808 2758 956 2816 Cana
1014 2744 1250 2830 namque
1299 2757 1446 2814 zelus
1495 2757 1903 2827 interpretatur,

315 2852 541 2909 Galilzea
566 2852 973 2926 transmigratio
998 2850 1161 2907 facta.

392 2967 464 3024 Et
513 2978 626 3024 erat
681 2978 851 3024 mater
909 2966 1043 3025 Iesu
1072 2968 1164 3024 ibi.
1206 2967 1378 3027 Mater
1441 2965 1570 3024 Jesu
1608 2965 1667 3022 in
1704 2966 1910 3038 nuptiis

316 3061 622 3119 ostenditur
667 3077 957 3136 synagoga,
989 3078 1056 3120 eo
1082 3062 1229 3135 quod
1256 3060 1535 3119 Christum
1573 3060 1641 3117 ad
1668 3059 1908 3117 miracu-

317 3151 434 3208 lum
459 3161 735 3224 provocet.

402 3242 628 3300 Vocatus
664 3252 739 3301 est
773 3250 950 3299 autem
985 3242 1164 3312 Iesus,
1205 3251 1254 3300 et
1284 3242 1531 3317 discipuli
1564 3243 1681 3315 ejus
1706 3243 1776 3298 ad
1804 3259 1905 3298 nu-

315 3333 480 3403 ptias.
524 3333 677 3401 Quod
703 3333 962 3390 Dominus
988 3334 1138 3390 venit
1164 3334 1230 3389 ad
1272 3334 1507 3404 nuptias,
1537 3341 1765 3402 excepta
1794 3348 1908 3404 my-

318 3425 460 3481 stica
498 3425 895 3499 signiﬁcatione
918 3425 1244 3482 conﬁrmare
1293 3426 1480 3491 voluit,
1517 3425 1662 3497 quod
1692 3424 1806 3495 ipse
1832 3424 1909 3480 fe-

318 3517 415 3571 cit.
449 3516 541 3573 Sic
564 3518 709 3573 enim
738 3517 854 3587 ipse
884 3517 989 3572 alio
1035 3517 1155 3573 loco
1182 3517 1257 3571 ait
1284 3535 1295 3570 :
1333 3515 1473 3588 quod
1506 3515 1760 3570 Dominus
1786 3532 1909 3570 con-

311 3605 518 3678 junxit,
552 3608 707 3662 homo
733 3624 837 3662 non
863 3617 1067 3680 separet
1103 3605 1322 3680 (Matth.
1355 3604 1491 3679 xu).

395 3698 503 3771 (Ea:
526 3697 717 3772 Beda.)
755 3698 970 3756 Primus
1016 3700 1325 3771 nuptiarum
1352 3699 1501 3756 locus
1529 3697 1713 3757 Iudaea
1741 3708 1909 3758 exsti-

319 3790 411 3857 tit,
440 3793 495 3846 in
523 3808 628 3862 qua
682 3792 851 3850 Filius
903 3793 997 3849 Dei
1018 3794 1181 3850 homo
1216 3795 1356 3861 ﬁeri,
1385 3803 1442 3851 et
1492 3795 1793 3853 Ecclesiam
1822 3797 1906 3852 sui

320 3884 573 3955 corporis
594 3899 659 3942 ac
681 3885 958 3959 sanguinis
995 3886 1406 3959 participatione
1454 3902 1797 3954 consecrare,
1825 3888 1909 3945 sui

322 3974 565 4048 Spiritus
584 3977 806 4050 pignore
831 3977 887 4033 iu
917 3976 1022 4035 ﬁde
1058 3976 1381 4036 conﬁrmare
1411 3979 1669 4051 dignatus
1679 3988 1782 4047 est,
1814 3981 1911 4036 sed

318 4070 531 4127 vocatis
554 4069 622 4126 ad
663 4068 824 4125 ﬁdem
843 4070 1116 4142 gentibus,
1142 4086 1314 4144 usque
1366 4072 1435 4129 ad
1465 4071 1602 4128 ﬁnes
1626 4071 1776 4128 orbis
1803 4080 1913 4127 ter-

322 4177 420 4230 rae,
476 4160 791 4217 earumdem
828 4148 1136 4232 nuptiarum
1186 4162 1369 4219 votiva
1421 4162 1615 4243 gaudia
1649 4178 1911 4235 pervene-

321 4262 472 4311 runt.
1043 4323 1060 4332 ο
1882 4272 1887 4276 ·

404 4346 466 4401 Et
505 4343 777 4417 deﬁciente
803 4345 941 4401 vino.
980 4343 1365 4413 Discumbente
1388 4352 1569 4402 autem
1590 4358 1659 4401 ad
1689 4345 1915 4419 nuptias

324 4438 557 4497 Domino
577 4439 761 4496 viuum
793 4438 1014 4509 defecit,
1068 4447 1129 4496 ut
1155 4440 1283 4498 vino
1340 4440 1588 4508 meliore,
1614 4454 1712 4512 per
1738 4440 1913 4514 ipsum

324 4532 564 4589 mirabili
596 4532 785 4613 ordine
826 4530 971 4589 facto
996 4530 1443 4591 manifestaretur
1489 4532 1661 4607 gloria
1688 4531 1909 4589 latentis

1935 4581 1990 4643 D

2000 1938 2207 2003 riendo,
2270 1940 2400 2011 quid
2446 1947 2559 2005 est,
2614 1954 2733 2009 qum
2780 1948 2961 1995 tamen
3001 1950 3193 1995 natura
3242 1940 3589 2011 postmodum

2002 2028 2344 2086 clariﬁcanda
2367 2030 2475 2086 erit
2498 2030 2553 2085 in
2581 2029 2995 2085 resurrectionis
3023 2030 3212 2101 gloria.

2072 2120 2214 2175 Dicit
2237 2132 2407 2177 mater
2442 2122 2555 2193 ejus
2585 2122 2856 2186 ministris,
2908 2121 3253 2195 quodcunque
3285 2120 3476 2177 dixerit
3502 2138 3590 2175 vo-

2004 2211 2081 2266 bis
2107 2210 2283 2282 facite.
2326 2212 2546 2268 Sciebat
2570 2220 2744 2269 mater
2770 2213 3165 2268 humanitatem
3195 2211 3291 2267 ﬁlii
3317 2213 3421 2278 sui,
3454 2212 3584 2268 licet

2004 2305 2109 2361 hoc
2134 2305 2295 2361 modo
2324 2306 2597 2361 videretur
2646 2304 2913 2376 negando,
2940 2304 3083 2376 quod
3110 2305 3389 2376 poscebat,
3417 2312 3592 2360 mater

2004 2401 2189 2447 tamen
2218 2392 2423 2446 sciebat
2446 2394 2699 2463 pietatem
2730 2394 2823 2449 ﬁlii
2851 2393 2993 2465 quod
3016 2409 3211 2465 negare
3230 2394 3421 2459 noluit,
3446 2394 3589 2464 quod

2004 2482 2313 2553 petebatur,
2341 2482 2658 2538 ﬁducialiter
2685 2484 2962 2538 mandavit
3009 2485 3297 2551 ministris,
3348 2492 3409 2539 ut
3434 2499 3589 2539 man-

2008 2575 2134 2629 data
2173 2573 2265 2629 ﬁlii
2300 2575 2543 2646 jubentis
2572 2575 2873 2648 implerent.

2077 2665 2250 2720 Erant
2311 2677 2487 2723 autem
2511 2668 2585 2722 ibi
2613 2666 2835 2739 lapidea:
2862 2668 3066 2740 hydria:
3100 2685 3194 2724 sea:
3236 2671 3443 2742 positaa.
3484 2669 3596 2742 Hy-

2007 2757 2140 2813 dria:
2181 2767 2444 2815 vocantur
2479 2774 2607 2815 vasa
2637 2774 2923 2830 aquarum,
2951 2758 3141 2817 Graece
3164 2761 3304 2840 ὕδωρ
3344 2778 3483 2835 aqua
3508 2762 3591 2818 di-

2007 2851 2170 2907 citur.
2219 2849 2376 2923 Aqua
2404 2866 2537 2907 vero
2581 2848 2878 2923 Scriptura:
2912 2867 3082 2909 sacra:
3133 2854 3417 2909 scientiam
3452 2854 3596 2912 desi-

2008 2950 2157 3014 gnat,
2216 2958 2336 3013 quae
2384 2957 2513 2999 suos
2574 2942 2849 2999 auditores
2879 2952 2933 2999 et
2961 2959 2992 2999 a
3044 2954 3393 3015 peccatorum
3434 2947 3595 3004 sorde

2008 3034 2248 3101 abluere,
2282 3040 2337 3090 et
2364 3035 2559 3091 divinae
2611 3035 2937 3106 cognitionis
2995 3035 3133 3091 solet
3178 3034 3329 3093 fonte
3382 3045 3591 3109 potare.

2011 3125 2150 3184 Vasa
2176 3141 2294 3193 sex,
2329 3126 2524 3197 quibus
2575 3126 2973 3192 continebatur,
3025 3126 3191 3182 corda
3249 3136 3377 3184 sunt
3403 3130 3596 3185 devota

1934 3219 1981 3284 Ο
2012 3223 2345 3282 sanctorum,
2371 3231 2603 3287 quorum
2624 3215 2886 3287 perfectio
2908 3217 3032 3272 vitae
3057 3217 3126 3272 ad
3173 3218 3483 3289 exemplum
3508 3236 3594 3276 re-

2007 3316 2094 3363 cte
2124 3307 2469 3364 credentibus
2516 3307 2690 3378 posita
2746 3314 2849 3372 est,
2898 3322 2996 3378 per
3025 3323 3121 3363 sex
3174 3310 3355 3364 saeculi
3384 3317 3592 3377 aetates,

2007 3414 2183 3470 usque
2211 3397 2278 3453 ad
2322 3397 2624 3453 Adventum
2671 3397 2907 3465 Domini,
2941 3404 2998 3453 et
3041 3398 3179 3453 bene
3232 3397 3445 3470 lapidea
3470 3407 3598 3454 sunt

2008 3507 2164 3558 vasa,
2200 3489 2325 3561 quia
2354 3489 2515 3546 fortia
2545 3498 2672 3546 sunt
2708 3492 2870 3547 corda
2892 3488 3188 3561 iustorum,
3213 3499 3274 3547 ut
3293 3500 3422 3565 pote
3451 3492 3597 3551 illius

2007 3582 2206 3655 lapidis
2254 3583 2542 3639 dilectione
2574 3582 2824 3639 solidata.
2854 3582 2932 3638 De
2953 3598 3061 3654 quo
3088 3583 3282 3640 Petrus
3302 3582 3597 3655 Apostolus

2009 3674 2223 3730 dicebat
2253 3692 2266 3729 :
2303 3672 2386 3728 Ad
2416 3689 2567 3747 quem
2606 3672 2911 3729 accedentes
2936 3673 3165 3741 lapidem
3197 3676 3387 3742 vivum,
3418 3684 3468 3731 et
3496 3677 3597 3748 ipsi

2010 3776 2263 3841 tanquam
2291 3765 2492 3838 lapides
2523 3766 2624 3821 rivi
2648 3766 3145 3839 supercrdiﬁcamini
3176 3765 3228 3840 (Ι
3260 3765 3408 3822 Petr.
3435 3768 3524 3839 tt).

2081 3879 2380 3937 Secundum
2398 3880 2817 3953 puriﬁcationem
2848 3879 3179 3937 Judworum.
3222 3880 3367 3938 Bene
3403 3891 3587 3939 autem

2010 3972 2217 4048 hydria:
2274 3972 2568 4029 secundum
2601 3971 3037 4044 puriﬁcationem
3065 3970 3375 4028 Iudaeorum
3404 3975 3595 4047 posita:

2010 4071 2191 4131 erant,
2206 4063 2335 4134 quia
2359 4062 2669 4120 Judzeorum
2696 4070 2905 4118 tantum
2930 4063 3149 4135 populo,
3166 4063 3249 4118 lex
3267 4079 3367 4136 per
3380 4063 3598 4136 Moysen

2013 4155 2138 4211 data
2167 4163 2271 4222 est,
2300 4154 2476 4226 gratia
2499 4164 2680 4211 autem
2705 4164 2763 4210 et
2785 4156 2985 4211 veritas
3004 4154 3309 4227 Evangelii,
3334 4166 3443 4212 tam
3457 4158 3600 4213 Gen-

2013 4246 2183 4313 tibus,
2239 4261 2401 4318 quam
2449 4246 2615 4301 etiam
2642 4243 2841 4301 ludatis
2880 4243 3229 4303 credentibus
3278 4260 3381 4317 per
3410 4245 3597 4304 lesum

2015 4336 2294 4395 Christum
2320 4336 2466 4394 facta
2492 4348 2577 4395 est
2599 4336 2782 4412 (Joan.
2808 4337 2871 4411 ι).

2086 4427 2362 4501 Cupientes
2386 4428 2608 4501 singula:
2653 4437 2898 4485 metretas
2932 4429 3082 4486 binas
3135 4429 3213 4487 vel
3242 4439 3440 4488 ternas.
3495 4432 3598 4505 (Ex

2014 4527 2268 4604 August.)
2306 4527 2446 4598 Quid
2472 4535 2559 4585 est
2586 4542 2715 4601 ergo
2756 4546 2770 4582 :
2821 4526 3120 4599 Capiebant
3156 4536 3414 4585 metretas
3441 4528 3599 4585 binas

326 4625 386 4682 in
413 4625 631 4683 homine
659 4626 778 4693 Dei,
828 4633 883 4682 et
909 4626 1246 4683 credentium
1296 4627 1353 4683 in
1387 4642 1513 4703 eum
1559 4634 1719 4683 aucta
1775 4618 2102 4683 ﬁdes”vel
2129 4622 2352 4677 ternas?
2408 4619 2723 4694 Mysterium
2776 4619 2934 4676 nobis
2962 4620 3200 4677 maxime
3245 4620 3345 4676 ista
3398 4618 3599 4676 locutio

324 4720 635 4792 proﬁceret.
666 4718 822 4789 Quod
847 4720 894 4777 si
919 4723 1235 4794 mysterium
1263 4723 1578 4793 quaerimus,
1610 4731 1911 4797 apparente

327 4810 558 4866 Domino
588 4811 645 4869 in
666 4826 854 4879 carne,
885 4826 1102 4869 meraca
1155 4813 1247 4869 illa
1275 4813 1463 4887 legalis
1510 4828 1703 4870 sensus
1730 4815 1910 4870 suavi-

330 4910 438 4969 tas,
462 4903 725 4974 paulatim
771 4913 1034 4976 ceperat,
1082 4906 1153 4962 ob
1192 4905 1466 4962 carnalem
1514 4905 1910 4962 Pharismorum

331 4995 837 5066 interpretationem
883 5011 915 5050 a
938 4995 1121 5067 prisca
1161 5010 1260 5052 sua
1289 4996 1491 5053 virtute
1527 4995 1781 5062 deficere,
1818 4995 1911 5067 qui

331 5104 457 5145 mox
483 5103 547 5145 ea
569 5104 693 5160 qua:
728 5089 965 5147 carnalia
1016 5090 1338 5146 videbantur
1372 5091 1628 5180 mandata
1654 5091 1721 5149 ad
1751 5090 1913 5163 spiri-

331 5182 537 5239 tualem
556 5182 827 5239 convertit
856 5183 1179 5240 doctrinam.
1222 5182 1594 5256 Cunctamque
1623 5184 1817 5241 litterae
1846 5184 1919 5243 le-

332 5276 472 5347 galis
520 5275 865 5346 superﬁciem
917 5276 973 5332 in
1012 5277 1393 5348 Evangelicam
1440 5277 1677 5335 caelestis
1729 5279 1919 5352 gratia:

331 5366 591 5421 virtutem
627 5366 883 5432 mutavit,
910 5369 1054 5439 quod
1076 5376 1183 5429 est,
1204 5368 1391 5423 vinum
1436 5368 1633 5426 fecisse
1661 5370 1728 5425 de
1757 5385 1916 5442 aqua.

404 5457 547 5514 Dicit
570 5466 741 5512 mater
761 5455 891 5512 Iesu
913 5456 982 5512 ad
1019 5474 1159 5526 eum,
1187 5462 1362 5515 vinum
1382 5477 1483 5516 non
1511 5461 1725 5527 habent,
1752 5472 1799 5518 et
1835 5464 1916 5518 di-

335 5552 408 5606 cit
449 5546 701 5618 silem,
729 5548 859 5622 quid
884 5549 1013 5605 mihi
1038 5559 1087 5606 et
1127 5550 1221 5607 tibi
1241 5560 1339 5619 est,
1369 5551 1601 5609 mulier!
1624 5552 1727 5627 (Ex
1745 5553 1909 5627 Aug.)

336 5643 527 5713 Neque
548 5642 696 5700 etaim
718 5649 948 5699 matrem
994 5657 1151 5698 suam
1179 5643 1551 5711 inhonoraret,
1577 5645 1672 5716 qui
1708 5660 1808 5705 nos
1826 5644 1917 5719 iu,-

335 5736 435 5799 hot
457 5735 727 5797 honorare
765 5741 1043 5806 parentes,
1070 5740 1165 5789 aut
1189 5733 1295 5790 sibi
1334 5747 1455 5791 esse
1493 5743 1723 5792 matrem
1753 5750 1917 5807 nega-

336 5833 448 5895 ret,
475 5826 572 5900 qui
597 5826 743 5887 does
769 5841 991 5889 carnem
1012 5824 1268 5897 suscepit,
1298 5825 1395 5885 sed
1420 5825 1478 5883 in
1500 5838 1567 5887 eo
1584 5825 1728 5898 quod
1750 5822 1909 5884 dicit:

2012 4714 2374 4770 commendat.
2435 4712 2606 4769 Mctra
2639 4712 2783 4769 enim
2802 4727 2835 4768 a
2856 4726 3109 4768 mensura
3142 4713 3354 4785 accepit
3380 4729 3595 4780 nomen,

2011 4807 2154 4864 sicut
2179 4822 2344 4862 urnas
2358 4805 2445 4862 vel
2456 4806 2746 4877 amphoras
2775 4821 2872 4861 seu
2889 4812 2943 4862 et
2957 4804 3076 4862 alite
3097 4819 3382 4865 mentium.
3411 4808 3599 4885 Μίτραν

2012 4897 2158 4953 enim
2182 4911 2467 4952 mensuras
2496 4897 2683 4956 dicunt
2706 4894 2901 4952 Grmci.
2955 4895 3073 4950 Non
3099 4898 3245 4952 enim
3266 4895 3472 4952 dictum
3493 4905 3597 4964 est,

2012 4988 2286 5059 capientes
2311 4996 2592 5053 metretas,
2621 4986 2739 5043 alia:
2756 4988 2934 5053 binas,
2963 4985 3083 5043 alia:
3108 4994 3310 5055 ternas,
3344 4986 3441 5043 sed
3469 4986 3598 5056 ipsa:

2019 5097 2115 5139 sex
2134 5082 2338 5153 hydria:
2358 5082 2639 5152 capiebant
2665 5089 2926 5136 metretas
2966 5080 3123 5137 binas
3151 5080 3234 5137 vel
3276 5090 3476 5138 ternas.
3540 5078 3600 5135 Si

2020 5184 2204 5233 ternas
2234 5184 2439 5230 tantum
2480 5174 2707 5239 diceret,
2741 5190 2848 5230 non
2888 5182 3131 5229 curreret
3159 5174 3373 5230 animus
3393 5178 3597 5238 noster,

2021 5269 2128 5325 nisi
2161 5268 2229 5323 ad
2253 5267 2571 5340 mysterium
2597 5266 2875 5322 trinitatis.
2901 5263 3035 5321 Cum
3074 5274 3255 5321 autem
3286 5262 3601 5318 nominatur

2020 5358 2185 5415 Pater
2211 5366 2267 5413 et
2290 5356 2479 5422 Filius,
2506 5366 2764 5427 tanquam
2795 5357 2914 5413 duae
2940 5366 3203 5412 metretae.
3246 5354 3379 5411 Cum
3409 5364 3594 5414 autem

2022 5450 2098 5506 ibi
2125 5447 2442 5523 intelligitur
2472 5446 2706 5519 Spiritus
2739 5456 2980 5514 sanctus,
3012 5456 3127 5502 tres
3151 5453 3417 5502 metretas.

2091 5549 2282 5605 Aliter.
2318 5549 2466 5606 Bina:
2497 5558 2758 5618 metrette,
2782 5548 3126 5609 circumcisio
3173 5557 3229 5605 et
3251 5549 3599 5623 praeputium,

2019 5642 2081 5698 In
2105 5642 2312 5699 duobus
2343 5641 2462 5698 istis
2491 5642 2819 5710 nominibus,
2851 5641 3021 5698 habes
3046 5654 3236 5699 omnes
3262 5640 3491 5707 Gentes,
3520 5641 3604 5697 bi-

2021 5750 2106 5813 uat
2130 5742 2375 5791 metreta‘
2401 5743 2548 5793 sunt.
2611 5734 2708 5792 Bis
2756 5731 2963 5807 duobus
2990 5732 3313 5807 parietibus,
3341 5732 3480 5803 lapis
3508 5746 3605 5785 au-

2023 5827 2223 5900 gularls
2263 5826 2440 5889 factus
2485 5835 2571 5887 est
2605 5826 2874 5907 Christus,
2923 5827 3273 5891 ostendamus
3320 5831 3377 5881 et
3420 5829 3602 5878 lenias
