4110 6450
549 396 620 455 3.7
1850 393 2200 453 SMARAGDI
2235 392 2522 453 ABBATIS
3733 395 3808 452 88

545 516 808 570 metretas
843 507 899 565 in
949 506 1082 580 ipsis
1124 505 1392 577 gentibus.
1459 506 1596 564 Tres
1646 515 1804 563 erant
1849 507 1946 564 ﬁlii
1982 508 2116 577 Noe,
2145 511 2199 574 Α
2223 510 2333 567 filio
2374 509 2685 568 immolatur
2711 511 2876 579 aries,
2895 509 3012 582 ipse
3041 517 3221 566 tamen
3245 521 3344 581 pro
3371 507 3683 566 obedientia
3704 510 3808 569 be-

546 613 650 670 per
675 614 814 670 quos
837 606 1145 670 reparatum
1197 604 1282 653 est
1327 613 1497 671 genus
1548 599 1849 655 hominum.
1917 599 2125 668 Quibus

491 742 499 750 μ
545 688 838 760 Apostolus
861 690 937 745 ait
961 708 974 743 :
1003 689 1327 760 Accepimus
1351 703 1663 747 mensuram
1683 689 2125 761 pertingendius-

547 794 654 851 que
677 781 746 837 ad
769 795 885 836 vos.
913 780 1054 837 Ecce
1074 781 1244 838 habes
1271 788 1328 837 et
1353 788 1466 836 tres
1484 788 1744 838 metretas
1764 781 1819 836 in
1839 778 2120 836 Gentibus.

621 870 724 943 (Ex
752 869 941 943 Beda.)
995 868 1268 942 Cupientes
1295 870 1519 942 singulae
1556 880 1800 926 metretas
1849 871 1998 925 binas
2047 868 2125 924 vel

545 974 743 1028 ternas,
768 963 895 1032 quia
917 961 1212 1033 Scriptura:
1232 971 1431 1019 sanctae
1460 970 1730 1027 auctores,
1756 961 1915 1016 modo
1936 961 2004 1016 de
2022 959 2124 1015 Pa-

541 1062 630 1109 tre
669 1061 882 1122 tantum
903 1051 1199 1123 loquuntur
1227 1060 1284 1106 et
1310 1050 1471 1118 Filio,
1502 1051 1661 1107 modo
1693 1051 1858 1106 etiam
1888 1049 2123 1120 Spiritus

542 1144 719 1200 sancti
747 1142 955 1200 faciunt
974 1142 1324 1199 mentionem.
1360 1144 1420 1199 1n
1440 1143 1583 1200 binis
1610 1143 1696 1198 vel
1719 1143 1905 1207 ternis,
1926 1150 2122 1198 totam-

541 1251 666 1307 que,
689 1249 831 1291 unus
863 1241 950 1290 est
967 1233 1129 1302 Deus,
1169 1234 1408 1306 intellige
1431 1234 1749 1291 trinitatem.
1819 1232 1924 1289 Sed
1950 1249 2122 1304 quan-

541 1333 661 1381 tum
681 1326 826 1381 inter
843 1340 1041 1397 aquam
1066 1335 1122 1381 et
1144 1327 1328 1382 vinum
1359 1327 1544 1393 distat,
1599 1335 1807 1382 tantum
1856 1325 2022 1381 distat
2039 1327 2122 1380 in-

539 1424 627 1471 ter
667 1429 888 1473 sensum
942 1416 1116 1484 illum,
1165 1432 1272 1488 quo
1321 1416 1616 1490 Scripturae
1660 1425 1786 1472 ante
1827 1417 2120 1473 adventum

542 1505 844 1567 Salvatoris
864 1508 1323 1583 intelligebantur,
1337 1517 1392 1567 et
1416 1525 1542 1567 eum
1569 1523 1732 1583 quem
1759 1509 1983 1568 veniens
2003 1510 2120 1582 ipse

538 1601 823 1657 revelavit.

610 1691 753 1749 Dicit
777 1694 853 1750 eis
869 1691 1069 1751 Iesus:
1115 1693 1334 1767 Implete
1369 1694 1586 1766 hydria:
1623 1710 1781 1765 aqua.
1834 1692 1972 1761 Quid
2020 1707 2120 1763 per

536 1783 821 1842 ministros
862 1786 957 1858 qui
984 1786 1100 1844 hzec
1118 1786 1382 1853 fecerunt,
1417 1787 1526 1844 nisi
1559 1785 1762 1843 Christi
1806 1785 2118 1858 significan-

2227 604 2514 661 nedicitur.
2571 604 2651 659 Tu
2698 604 2920 661 audiens
2967 605 3102 668 haec,
3142 609 3198 656 et
3224 601 3343 672 ipse
3371 602 3627 659 obediens
3677 617 3806 662 esse

2225 695 2458 768 satagis,
2523 695 2765 767 hydriam
2815 709 2969 764 aquae
3016 693 3269 748 invenisti
3325 708 3434 764 qua
3494 695 3800 753 munderis.

2225 785 2378 854 Quod
2403 787 2447 842 si
2477 787 2842 842 immolatione
2859 784 2982 839 Filii
2998 785 3165 850 unici,
3192 784 3503 856 passionem
3547 784 3808 857 intelligis

2224 875 2444 944 Christi,
2489 878 2579 948 qui
2604 877 2942 931 humanitate
2969 890 3180 946 passus,
3217 874 3273 928 in
3303 875 3582 929 divinitate
3607 877 3808 946 impas-

2223 966 2396 1023 sibilis
2417 969 2634 1034 mansit,
2648 969 2774 1039 quia
2787 967 2959 1023 Filius
2971 966 3218 1033 offertur,
3236 966 3331 1021 sed
3351 966 3494 1022 aries
3510 976 3803 1036 mactatur,

2224 1060 2319 1115 sed
2346 1060 2391 1116 si
2413 1061 2667 1133 intelligis
2684 1060 3117 1116 benedictionem
3138 1058 3372 1114 Abrahae
3412 1059 3466 1113 in
3489 1065 3562 1124 te,
3611 1061 3703 1130 qui
3736 1061 3807 1118 de

2221 1150 2483 1208 Gentibus
2505 1151 2704 1218 credis,
2729 1165 2850 1207 esse
2871 1147 3217 1220 completam,
3254 1148 3513 1204 nimirum
3557 1150 3623 1206 de
3660 1166 3805 1222 aqua

2219 1245 2407 1301 vinum
2429 1243 2526 1299 tibi
2548 1243 2694 1310 fecit,
2724 1243 2817 1314 qui
2839 1241 3138 1312 spiritalem
3167 1256 3383 1298 sensum
3412 1241 3509 1296 tibi
3535 1242 3702 1298 dedit.
3744 1244 3804 1299 In

2221 1344 2415 1408 quarta
2464 1345 2660 1402 aetate,
2713 1334 2882 1390 David
2913 1333 3150 1400 humilis,
3209 1334 3468 1390 innocens
3515 1341 3571 1390 et
3630 1335 3801 1403 mitis,

2221 1428 2384 1484 Saule
2439 1429 2670 1498 superbo
2726 1425 2957 1497 abjecto,
2993 1440 3220 1496 regnum
3249 1425 3496 1481 sortitur.
3562 1425 3641 1481 Tu
3684 1427 3805 1485 haec

2219 1521 2464 1587 audiens,
2490 1519 2780 1574 humilitati
2805 1527 2860 1573 et
2881 1517 3204 1572 innocentiae
3239 1517 3476 1581 studere,
3529 1525 3583 1573 et
3615 1533 3804 1590 super-

2218 1611 2365 1668 biam
2386 1611 2619 1682 cmperis
2646 1610 2714 1665 de
2738 1619 2830 1665 tuo
2855 1609 3020 1665 corde
3039 1606 3320 1678 repellere,
3354 1608 3609 1663 haustum
3647 1623 3802 1680 aqua:

2217 1702 2610 1774 limpidissimae
2622 1716 2730 1774 quo
2743 1699 3010 1758 reficiaris
3022 1699 3296 1764 invenisti,
3314 1699 3368 1753 in
3381 1699 3570 1770 nydria
3583 1710 3800 1770 quarta,

2218 1795 2367 1850 fonte
2393 1793 2619 1850 salutari
2655 1791 2880 1864 repleta.
2952 1789 3092 1845 Nam
3115 1789 3160 1845 si
3193 1789 3248 1845 in
3276 1787 3440 1845 Saule
3475 1788 3708 1857 Iudaeos,
3743 1793 3802 1847 in

535 1884 630 1930 tur
667 1876 934 1949 discipuli,
975 1878 1068 1948 qui
1117 1878 1472 1950 impleverunt
1520 1877 1739 1948 hydrias
1791 1893 1952 1948 aqua,
2007 1892 2108 1933 non

2217 1888 2386 1946 David
2428 1888 2702 1945 Christum
2723 1929 2738 1954 ,
2773 1895 2829 1943 et
2866 1885 3172 1942 Judaeon
3228 1897 3455 1953 regnum
3510 1885 3805 1941 carnaliter

535 1965 755 2035 quidem
795 1968 899 2040 ipsi
923 1968 1186 2040 legalibus
1212 1984 1277 2025 ac
1307 1969 1638 2042 propheticis
1663 1969 1969 2039 scripturis,
2013 1968 2116 2023 im-

533 2056 751 2127 plendo,
781 2062 876 2119 sed
895 2060 998 2134 ipsi
1027 2061 1372 2135 intelligendo
1391 2062 1704 2134 prudenter,
1737 2071 1792 2119 et
1823 2060 2115 2134 aperiendo

534 2148 788 2208 ﬁdeliter.

607 2243 964 2317 Impleverunt
985 2254 1163 2303 autem
1188 2263 1350 2320 usque
1376 2247 1446 2302 ad
1470 2262 1750 2302 summum.
1799 2245 1937 2315 Quia
1965 2253 2116 2302 recte

531 2333 937 2403 intellexerunt,
962 2337 1171 2394 nullum
1192 2337 1360 2394 fuisse
1385 2345 1598 2408 tempus
1617 2335 1819 2404 saculi,
1849 2351 1882 2392 a
1910 2336 2115 2393 sanctis

535 2424 769 2482 alienum
795 2428 1128 2496 doctoribus,
1160 2429 1252 2499 qui
1297 2429 1413 2484 sive
1439 2428 1642 2494 verbis,
1670 2428 1784 2482 sive
1828 2425 2111 2494 exemplis,

533 2517 651 2574 sive
678 2519 846 2575 etiam
873 2519 1112 2591 scriptis,
1132 2520 1276 2574 viam
1300 2519 1427 2575 vitae
1462 2519 1784 2575 mortalibus
1811 2524 2108 2589 aperirent.

532 2607 602 2662 Et
621 2610 836 2678 quidem
851 2611 1026 2680 potuit
1050 2610 1193 2667 Deus
1212 2625 1413 2666 vacuas
1447 2609 1676 2681 implere
1719 2609 1940 2681 hydrias
1960 2610 2108 2674 vino,

532 2700 628 2770 qui
655 2701 709 2756 in
743 2702 970 2758 exordio
1000 2702 1183 2758 mundi
1211 2711 1407 2760 cuncta
1428 2703 1634 2759 creavit
1665 2717 1734 2758 ex
1779 2702 1968 2768 nihilo,
2015 2702 2113 2758 sed

534 2793 726 2849 maluit
767 2794 835 2850 de
864 2809 1004 2865 aqua
1047 2795 1228 2851 facere
1254 2796 1460 2860 vinum,
1509 2810 1616 2865 quo
1647 2793 1825 2866 typice
1867 2793 2110 2863 doceret,

530 2898 640 2940 non
669 2899 730 2941 se
756 2885 827 2941 ad
852 2885 1164 2942 solvendam
1183 2887 1723 2956 improbandamque,
1769 2884 1865 2941 sed
1913 2885 1984 2939 ad
2007 2884 2111 2940 im-

527 2975 783 3046 plendam
807 2978 986 3049 potius
1010 2977 1184 3051 legem
1215 2977 1620 3050 Prophetasque
1638 2978 1870 3035 venisse.
1917 2977 2113 3040 Videa-

529 3085 654 3125 mus
690 3085 821 3144 ergo
856 3087 952 3128 sex
991 3072 1212 3144 hydrias
1263 3070 1669 3144 Scripturarum
1705 3087 1846 3142 aqua
1884 3070 2110 3128 salutari

527 3161 787 3232 repletas.
845 3163 1134 3219 Videamus
1169 3171 1226 3218 et
1251 3163 1497 3219 eamdem
1538 3178 1734 3234 aquam
1763 3163 1818 3219 in
1847 3164 2110 3220 suavissi-

2216 1984 2570 2047 destructum,
2598 1977 2800 2036 Christi
2830 1983 3011 2033 autem
3045 1989 3272 2050 regnum
3298 1974 3628 2031 intellexeris
3657 1989 3803 2032 sem-

2213 2087 2315 2144 per
2352 2085 2690 2127 mansurum.
2759 2068 2956 2125 Vinum
2985 2068 3051 2124 de
3067 2081 3207 2138 aqua
3227 2064 3430 2123 factum
3457 2065 3645 2131 sentis,
3693 2081 3801 2135 quo

2212 2171 2400 2237 potato
2424 2162 2480 2223 in
2511 2169 2775 2218 aeternum
2799 2158 3021 2217 laeteris.
3044 2158 3104 2214 in
3136 2157 3326 2229 quinta
3350 2165 3530 2223 aetate,
3571 2155 3801 2228 populus

2213 2269 2448 2328 peccans
2474 2252 2828 2325 Babyloniam
2852 2251 3294 2323 transmigratur,
3318 2247 3415 2306 sed
3438 2257 3562 2320 post
3581 2256 3800 2320 septua-

2213 2347 2360 2420 ginta
2417 2359 2588 2402 annos
2619 2344 2914 2414 paenitens,
2950 2350 3006 2399 et
3057 2349 3366 2413 correptus,
3416 2342 3649 2412 patriam
3695 2355 3801 2410 per

2211 2436 2396 2494 Jesum
2424 2435 2761 2493 sacerdotem
2811 2448 3064 2506 magnum
3109 2433 3404 2489 reducitur.
3458 2432 3584 2488 llaec
3617 2432 3664 2487 si
3691 2447 3795 2486 au-

2212 2529 2387 2596 diens,
2413 2527 2620 2599 peccati
2656 2535 2803 2582 metu
2833 2527 2902 2582 ad
2935 2525 3267 2598 poenitentiae
3289 2525 3587 2582 remedium
3607 2523 3799 2580 confu-

2212 2621 2380 2693 geris,
2410 2614 2549 2692 aqua
2576 2619 2785 2691 hydria:
2813 2619 3018 2690 quintae
3047 2617 3263 2674 ablutus
3309 2632 3390 2684 es,
3429 2617 3475 2671 si
3501 2624 3681 2671 autem
3708 2615 3796 2672 in-

2213 2713 2488 2769 tellexeris
2505 2709 2833 2782 Babylonem
2856 2725 2976 2767 esse
3002 2707 3374 2766 confusionem
3419 2715 3794 2778 peccatorum,

2213 2803 2714 2859 Nabuchodonozor
2743 2800 3032 2864 diabolum,
3061 2799 3245 2857 Jesum
3271 2800 3612 2855 sacerdotem
3655 2813 3796 2869 pon-

2213 2892 2415 2950 tiﬁcem
2441 2908 2582 2959 esse,
2630 2891 2816 2949 Iesum
2851 2891 3151 2958 Christum,
3200 2891 3538 2962 septuaginta
3590 2906 3785 2958 annos,

2212 2986 2477 3042 honorum
2509 2982 2898 3057 plenitudinem
2933 2998 3197 3055 operum,
3254 2997 3375 3053 qua
3413 2996 3514 3054 per
3559 2982 3796 3054 Spiritus

2214 3078 2387 3134 sancti
2414 3078 2553 3134 dona
2584 3077 2902 3150 largiuntur.
2966 3074 3164 3131 Vinum
3193 3076 3260 3132 de
3294 3090 3433 3146 aqua
3455 3075 3655 3132 factum
3694 3077 3796 3132 ha-

2213 3171 2330 3237 bes,
2360 3170 2488 3242 quia
2515 3171 2583 3225 ad
2607 3177 2661 3226 te
2688 3169 2961 3241 pertinere
2981 3185 3102 3242 quae
3126 3170 3330 3242 scripta
3355 3177 3484 3226 sunt
3509 3170 3792 3243 intelligis.

529 3267 681 3310 mum
707 3255 818 3311 vini
851 3257 1072 3314 odorem
1100 3265 1424 3329 gustumque
1443 3272 1782 3315 conversam.
1850 3259 1910 3315 In
1931 3261 2108 3332 prima
2135 3265 2181 3330 C
2211 3263 2269 3320 ln
2293 3272 2443 3319 sexta
2467 3271 2628 3319 aetate
2668 3261 2928 3318 Dominus
2957 3276 3222 3333 apparens
3265 3263 3318 3317 in
3355 3278 3542 3329 carne,
3599 3271 3793 3319 octava

523 3353 688 3404 atate
708 3348 914 3415 Steculi,
950 3349 1084 3406 Abel
1104 3351 1311 3422 justum
1337 3349 1509 3407 frater
1545 3351 1764 3419 occidit,
1800 3359 1855 3408 et
1898 3353 1968 3409 ob
2002 3354 2107 3411 hoc

526 3441 793 3513 martyrio
815 3449 1125 3508 coronatus,
1155 3441 1208 3497 in
1232 3441 1540 3514 Evangeliis
1567 3452 1623 3500 et
1667 3445 1723 3500 in
1742 3445 2000 3516 Epistolis
2013 3443 2106 3515 ju-

493 3557 495 3560 -
525 3535 646 3582 stus
674 3529 968 3598 ,scribitur,
997 3529 1274 3590 fratricida
1320 3533 1518 3606 impius
1550 3537 1884 3593 nominatur.
1950 3537 2108 3605 Quis-

523 3624 653 3696 quis
679 3625 766 3682 his
784 3626 1002 3695 auditis,
1056 3628 1252 3686 metuit
1277 3644 1401 3685 cum
1424 3629 1605 3701 impiis
1650 3630 1920 3700 damnari,
1958 3633 2109 3704 cupit

523 3714 775 3770 benedici
823 3729 947 3772 cum
970 3717 1096 3789 piis.
1136 3719 1205 3775 Et
1233 3719 1354 3777 ideo
1372 3734 1591 3778 omnem
1616 3722 1863 3778 odiorum
1883 3731 1938 3779 et
1969 3724 2109 3780 invi-

525 3804 630 3860 diae
654 3805 896 3863 fomitem
929 3809 1134 3879 abjicit,
1167 3821 1224 3868 et
1259 3810 1372 3869 Deo
1411 3812 1628 3884 placere
1650 3829 1748 3885 per
1773 3815 2103 3873 sacrificium

521 3898 749 3968 justitiae
777 3903 1074 3969 contendit,
1103 3919 1306 3973 vasque
1327 3904 1379 3958 in
1412 3903 1695 3977 Scriptura
1723 3906 1949 3974 invenit,
1964 3910 2106 3968 unde

528 3991 817 4046 salubriter
845 3992 1059 4048 ablutus
1082 4002 1405 4065 potatusque
1431 3996 1710 4067 gauderet.
1773 3995 1880 4053 Sed
1926 3999 1973 4055 si
2017 3999 2103 4054 in-

525 4084 815 4148 tellexerit,
859 4100 958 4155 per
977 4085 1111 4142 Cain
1146 4085 1500 4153 homicidum,
1544 4086 1857 4143 Judaeorum
1900 4089 2105 4162 signiﬁ-

522 4175 637 4229 cari
668 4174 968 4244 perﬁdiam,
1017 4174 1344 4233 occisionem
1373 4176 1525 4244 Abel,
1565 4179 1872 4248 passionem
1899 4179 2104 4250 signifi-

521 4267 636 4321 cari
669 4265 879 4322 Domini
909 4266 1213 4322 salvatoris.
1290 4267 1517 4323 Terram
1566 4285 1686 4339 quae
1714 4272 1953 4342 suscepit
1982 4272 2102 4343 ejus

522 4358 862 4430 sanguinem,
895 4357 1191 4414 Ecclesiam
1219 4373 1361 4426 esse,
1391 4377 1511 4430 quae
1556 4360 1754 4418 Christi
1788 4365 2102 4436 sanguinem

519 4449 578 4503 in
626 4450 944 4521 mysterium
997 4465 1108 4505 suae
1149 4452 1511 4507 renovationis
1553 4454 1785 4524 accepit,
1844 4455 2099 4511 nimirum

522 4557 720 4612 aquam
773 4543 828 4598 in
863 4543 1048 4622 vinum
1087 4553 1350 4600 mutatam
1381 4548 1607 4619 reperit,
1641 4550 1768 4620 quia
1793 4550 1937 4605 dicta
1966 4551 2100 4622 legis

2210 3353 2297 3409 die
2323 3352 2655 3419 Nativitatis,
2680 3351 3054 3421 circumcisus,
3076 3360 3133 3408 et
3167 3351 3223 3407 in
3243 3351 3519 3410 tricesima
3540 3353 3701 3409 tertia
3723 3351 3793 3407 ad

2209 3444 2468 3514 templum
2497 3450 2583 3500 est
2606 3443 2834 3510 delatus,
2873 3439 3025 3499 etin
3062 3458 3127 3500 eo
3155 3458 3384 3500 munera
3437 3453 3563 3501 sunt
3610 3443 3792 3501 oblata

2206 3552 2307 3608 pro
2333 3535 2443 3592 illo.
2498 3536 2625 3593 Haec
2648 3537 2917 3594 intuentes
2944 3539 3012 3594 ad
3037 3538 3360 3604 litterarum,
3400 3548 3585 3611 aperte
3629 3539 3792 3596 disci-

2205 3643 2328 3684 mus
2362 3635 2566 3698 quanta
2602 3627 2760 3684 nobis
2799 3628 3074 3700 diligentia
3125 3638 3252 3684 sunt
3292 3628 3418 3686 fidei
3447 3629 3789 3702 Evangelicze

2206 3719 2485 3778 subeunda
2511 3721 2790 3792 mysteria,
2822 3721 3039 3792 quando
3064 3721 3198 3791 ipse,
3227 3721 3320 3791 qui
3347 3722 3785 3778 benedictionem

2205 3816 2457 3873 adferens
2477 3818 2684 3888 gratias,
2729 3825 2972 3871 veterum
2999 3815 3176 3887 primo
3197 3815 3551 3873 caeremonias
3591 3815 3784 3886 imple-

2203 3912 2300 3976 vit,
2348 3919 2404 3967 et
2426 3911 2505 3967 sic
2532 3925 2668 3965 nova
2695 3916 3032 3964 sacramenta
3065 3910 3358 3978 suscipere,
3407 3909 3566 3964 simul
3595 3917 3650 3964 et
3673 3917 3784 3963 tra-

2203 4002 2331 4058 dere
2351 4001 2578 4058 curavit.
2612 3999 2752 4056 Ecce
2765 4000 2932 4056 habes
2946 4000 3194 4072 hydriam
3219 4008 3425 4056 sextam
3437 4001 3503 4055 ad
3520 3999 3789 4055 abluenda

2201 4102 2446 4166 peccata,
2479 4093 2545 4148 ad
2566 4093 2800 4164 potanda
2848 4093 2974 4148 vita:
3011 4094 3226 4164 gaudia,
3259 4093 3599 4148 mundiorem
3621 4099 3787 4147 caete-

2202 4188 2334 4243 teris
2353 4186 2671 4243 afferentem
2707 4188 2929 4242 undam.
2991 4185 3194 4242 Verum
3225 4196 3280 4244 et
3308 4187 3353 4243 si
3399 4187 3454 4242 in
3494 4186 3785 4241 circumci-

2202 4280 2353 4336 sione
2373 4278 2549 4335 octavi
2571 4279 2697 4345 diei,
2720 4278 2989 4349 baptisma
3012 4267 3289 4349 intelligis,
3322 4277 3443 4332 etin
3472 4277 3790 4336 inductione

2202 4371 2255 4426 in
2287 4371 2568 4441 templum,
2612 4370 2746 4426 etin
2767 4369 3038 4425 oblatione
3075 4370 3267 4424 hostire
3318 4369 3602 4440 cognoscis
3649 4369 3789 4440 figu-

2200 4462 2309 4516 rari
2334 4461 2535 4526 fideles,
2553 4460 2620 4516 de
2637 4459 2979 4530 haptisterio,
2995 4460 3061 4513 ad
3090 4458 3260 4514 altare
3274 4466 3522 4515 sanctum
3546 4459 3784 4529 ingredi,

2199 4563 2254 4609 et
2282 4553 2547 4610 Dominici
2573 4553 2816 4624 corporis
2843 4560 2898 4609 et
2924 4553 3204 4624 sanguinis
3255 4553 3658 4618 communione,
3691 4553 3786 4608 de-

520 4634 789 4689 sacratius
842 4621 1124 4690 intellexit.
1188 4637 1246 4691 In
1296 4639 1531 4694 secunda
1584 4647 1746 4696 aetate
1775 4639 1960 4696 saeculi
1997 4620 2096 4710 pro
2120 4620 2175 4684 Ῑ)
2197 4644 2327 4700 bere
2355 4620 2688 4700 consecrari.
2745 4643 2883 4699 Vino
2911 4620 3129 4713 quid-em
3151 4644 3219 4699 de
3240 4658 3380 4714 aqua
3431 4641 3580 4699 facto
3604 4657 3785 4699 mera-

515 4725 757 4796 peccatis
784 4726 1061 4782 hominum
1089 4730 1318 4785 mundus
1352 4731 1558 4806 deletus
1575 4740 1676 4800 est,
1703 4732 1858 4803 aquis
1886 4732 2092 4801 diluvii,

517 4833 550 4872 a
580 4833 688 4887 quo
715 4817 863 4874 solus
883 4818 995 4875 Noe
1020 4830 1242 4892 propter
1255 4822 1526 4893 justitiam
1548 4839 1670 4879 cum
1683 4824 1870 4894 paucis
1897 4825 2099 4880 meruit

505 4907 759 4990 liberari.
801 4910 1055 4982 Quisquis
1081 4928 1208 4983 ergo
1232 4914 1335 4970 hac
1359 4915 1542 4972 audita
1569 4918 1871 4975 vastatione
1911 4933 2097 4976 emen-

516 5000 699 5057 datius
722 5004 902 5058 vivere
927 5005 1174 5074 coeperit,
1200 5005 1417 5062 liberari
1463 5006 1777 5065 desiderans
1812 5023 1935 5065 cum
1962 5024 2097 5082 pau-

511 5095 617 5162 cis,
637 5095 1188 5153 timensexterminari
1211 5113 1334 5154 cum
1357 5099 1624 5170 plurimis,
1649 5102 1894 5174 hydriam
1917 5117 2091 5174 aquae,

512 5207 625 5261 qua
652 5193 1001 5247 mundaretur
1021 5194 1259 5261 invenit,
1290 5195 1387 5251 sed
1424 5196 1472 5250 si
1506 5196 1562 5251 in
1593 5212 1721 5254 arca
1768 5197 2092 5266 Ecclesiam,

515 5283 574 5337 in
606 5283 719 5339 Noe
764 5284 1060 5351 Christum,
1098 5287 1152 5340 in
1179 5301 1321 5357 aqua
1353 5287 1704 5359 baptismum,
1735 5290 1791 5346 in
1843 5290 2094 5348 columba

514 5374 827 5430 unctionem
857 5374 1093 5448 Spiritus
1116 5377 1310 5442 sancti,
1338 5393 1446 5448 quo
1474 5379 1732 5449 haptizati
1755 5380 2092 5448 imbuuntur,

512 5462 864 5532 intellexerit,
888 5468 1073 5523 vinum
1095 5467 1338 5539 profecto
1362 5470 1428 5526 de
1453 5485 1592 5540 aqua
1610 5470 1810 5527 factum
1837 5472 2090 5528 miratur.

516 5555 656 5623 Quia
685 5557 739 5612 in
766 5558 939 5615 veteri
966 5559 1191 5616 historia
1227 5573 1378 5615 suam
1424 5559 1754 5618 ablutionem
1778 5560 2090 5633 prophetari

515 5648 813 5717 cognoscit.
865 5647 924 5704 ln
945 5649 1104 5705 tertia
1150 5656 1309 5705 aetate
1358 5652 1588 5706 tentavit
1625 5651 1766 5708 Deus
1791 5653 2088 5720 Abraham,

513 5753 640 5794 cum
691 5738 862 5795 tilium
895 5737 1012 5806 ejus
1054 5739 1110 5794 in
1166 5739 1543 5798 holocaustum
1585 5741 1769 5799 offerri
1809 5745 2085 5815 praecepit.

517 5829 639 5892 Non
675 5830 859 5897 diﬁcit
878 5829 1154 5897 Abraham
1175 5831 1356 5899 facere
1381 5833 1526 5910 quod
1547 5834 1791 5913 iubetur,
1842 5833 1938 5898 sed
1985 5851 2113 5922 PN
2155 5870 2167 5925 ἶ

2197 4736 2417 4794 cissimo
2441 4737 2669 4791 donatus
2696 4749 2775 4790 es.
2818 4732 3021 4790 Verum
3044 4734 3090 4789 si
3112 4735 3291 4792 adhuc
3314 4735 3456 4806 quod
3479 4733 3651 4804 majus
3673 4742 3781 4801 est,

2195 4825 2625 4884 circumcisionis
2637 4824 2802 4890 diem,
2821 4823 3206 4896 adgeneralem
3229 4826 3682 4883 resurrectionem
3699 4826 3784 4881 in-

2195 4918 2530 4991 terpreteris,
2546 4924 2601 4996 et
2615 4917 2965 4974 circumcisos
2985 4917 3166 4973 induci
3187 4917 3243 4972 in
3264 4916 3521 4988 templum
3544 4932 3665 4972 cum
3681 4916 3780 4971 ho-

2195 5011 2337 5078 stiis,
2353 5010 2566 5081 quando
2581 5009 2754 5066 sancti
2765 5008 2877 5079 jam
2891 5009 3300 5080 incoruptibiles
3317 5010 3384 5064 ad
3405 5006 3779 5077 contemplan-

2196 5105 2318 5160 dam
2331 5102 2783 5175 speciemDiviuze
2803 5102 3122 5174 majestatis,
3137 5118 3260 5157 cum
3273 5102 3538 5158 honorum
3550 5116 3777 5173 operum

2194 5194 2528 5262 muneribus,
2553 5193 2853 5260 intrabunt,
2879 5193 3230 5249 intellexeris.
3277 5191 3506 5249 Tantum
3532 5191 3775 5263 profecto

2192 5287 2376 5343 vinum
2425 5285 2494 5342 de
2538 5299 2677 5355 aqua
2707 5283 2825 5338 fieri
2877 5283 3109 5349 videbis,
3157 5292 3218 5338 ut
3258 5284 3556 5351 admirans,
3587 5282 3775 5340 condi-

2193 5378 2299 5432 tori
2327 5376 2499 5441 dicas,
2530 5383 2584 5431 et
2601 5372 2855 5445 poculum
2885 5380 3037 5428 tuum
3065 5372 3343 5432 inebrians
3365 5389 3528 5447 quam
3547 5370 3773 5445 praecla—

2196 5481 2316 5524 rum
2354 5467 2466 5522 est!

2269 5557 2339 5612 Et
2363 5557 2492 5612 dicit
2520 5558 2594 5612 eis
2617 5556 2776 5613 Iesus
2797 5571 2818 5613 :
2847 5554 3074 5613 Haurite
3100 5574 3257 5623 nunc,
3279 5565 3329 5611 et
3365 5556 3496 5627 ferte
3521 5556 3770 5612 architri-

2191 5648 2355 5716 cliuo,
2401 5657 2450 5705 et
2478 5648 2752 5717 tulerunt;
2781 5658 2840 5705 ut
2878 5659 3052 5704 autem
3095 5649 3317 5720 gustavit
3352 5648 3767 5716 architrielinus,

2191 5758 2388 5816 aquam
2408 5742 2586 5799 vinum
2613 5742 2831 5812 factam,
2873 5750 2923 5797 et
2945 5757 3050 5797 nou
3075 5739 3268 5795 sciebat
3298 5739 3436 5795 unde
3461 5748 3614 5805 esset,
3666 5739 3767 5795 mi-

2192 5835 2827 5919 πίὲῖέρὲεεῐξερὶφειηερ
2873 5835 2964 5922 σαί
3005 5832 3290 5918 ’ξαακταηι
3317 5849 3528 5908 “tum
3569 5831 3766 5893 νίηωι
