4110 6454
322 406 392 464 89
1143 387 1656 454 COLLECTIONES
1693 388 1765 447 1N
1800 383 2180 446 EPISTOLAS
2216 383 2307 442 ET
2346 385 2755 444 EVANGELIA.
3496 381 3568 436 90

327 523 516 593 utique
537 515 928 582 architriclino,
951 514 1017 570 de
1046 527 1184 582 aqua
1200 511 1404 568 factum
1449 509 1787 580 propinatur,
1840 507 1894 561 in
1921 506 1975 568 Α
1999 504 2051 558 in
2075 505 2324 574 gratiam,
2347 504 2482 559 fudit
2497 500 3054 574 sanguinispoculum,
3076 505 3132 556 et
3149 497 3569 556 fecitmoriendo

328 591 490 666 domo
518 606 846 675 nuptiarum,
876 602 1018 672 quod
1046 608 1132 655 est
1157 597 1400 654 Ecclesia
1427 595 1651 652 Christi.
1708 593 1902 648 Tricli—
2002 596 2323 650 convivium.
2373 594 2478 650 Sex
2505 594 2607 648 illa:
2633 594 2857 664 hydriae,
2879 607 3107 664 quarum
3135 605 3275 662 aqua
3296 591 3352 646 in
3380 592 3568 646 vinum

331 717 460 758 num
486 700 560 754 ibi
585 711 704 754 esse
729 696 1072 758 describitur,
1121 691 1247 764 quia
1274 690 1525 745 nimirum
1561 695 1672 742 tres
1693 693 1819 742 sunt
1846 686 1903 742 in
2003 693 2207 741 mutata
2239 695 2341 752 est,
2378 700 2471 740 sex
2493 692 2680 739 aetates
2704 683 2888 738 mundi
2905 682 3228 754 ﬁgurahant.
3259 679 3317 735 In
3338 681 3455 736 istis
3476 696 3572 738 sex

331 790 574 851 Ecclesia
613 789 829 846 ordines
873 785 1130 853 ﬁdelium,
1158 786 1598 853 conju'vatorum,
1628 779 1907 836 eontinen-
2004 779 2270 841 aetatibus,
2304 776 2456 845 quasi
2504 775 2557 829 iu
2590 789 2684 830 sex
2708 772 2915 846 hydriis
2941 772 3225 845 prophetia
3248 786 3353 827 non
3382 771 3573 827 defuit.

334 886 471 941 tium
500 890 558 938 et
577 882 882 937 doctorum.

415 972 577 1028 Vocat
628 986 877 1043 sponsum
904 965 1311 1028 arcltitriclinus,
1353 971 1400 1017 et
1425 962 1552 1016 dicit
1589 963 1636 1015 ei
1659 973 1678 1013 :
1725 959 1908 1014 Omnis

334 1068 489 1122 homo
516 1063 741 1134 primum
769 1061 958 1116 bonum
1005 1058 1180 1114 uinum
1226 1054 1392 1126 ponit,
1441 1061 1489 1107 et
1524 1067 1640 1106 cum
1667 1048 1911 1105 inebriati

337 1157 554 1228 fuerint,
579 1164 700 1210 tunc
747 1153 802 1208 id
827 1151 964 1224 quod
996 1148 1224 1205 deterius
1265 1155 1366 1212 est,
1396 1155 1453 1199 tu
1494 1153 1668 1198 autem
1697 1139 1913 1197 seruasti

338 1247 529 1302 bonum
556 1246 730 1300 uinum
762 1258 925 1314 usque
963 1240 1154 1295 adhuc.
1188 1238 1478 1293 Doctorum
1525 1241 1611 1290 est
1637 1232 1783 1287 enim
1815 1245 1909 1287 co—

337 1351 601 1410 gnoscere
635 1334 950 1391 distantiam
993 1332 1147 1403 legis,
1179 1338 1235 1386 et
1264 1326 1539 1399 Evangelii
1586 1323 1832 1379 veritatis
1859 1329 1915 1377 et

338 1437 566 1501 umbrae,
600 1441 658 1490 et
693 1447 888 1488 novam
915 1429 1240 1500 evangelicae
1280 1425 1404 1481 ﬁdei
1433 1422 1686 1496 gratiam,
1714 1429 1768 1476 et
1790 1435 1915 1492 per-

338 1535 511 1598 petuat
539 1525 778 1581 caelestis
803 1522 992 1594 patriae
1017 1519 1162 1576 dona
1185 1515 1452 1588 proferre.

415 1615 529 1670 Hoc
570 1614 694 1685 fecit
737 1613 948 1667 initium
987 1611 1253 1681 signorum
1295 1605 1454 1662 Jesus
1489 1605 1546 1659 in
1589 1602 1738 1658 Cana
1777 1597 1922 1654 Gali-

344 1707 476 1772 ιωω,
506 1715 554 1761 et
587 1703 939 1774 manifestaeit
963 1699 1188 1772 gloriam
1212 1713 1385 1765 suam,
1427 1703 1474 1752 et
1497 1693 1826 1750 crediderunt
1862 1689 1920 1744 in

341 1816 461 1855 eum
485 1793 728 1867 discipuli
752 1794 888 1864 ejus.
930 1791 1292 1847 Manifestavit
1311 1789 1413 1845 hoc
1438 1787 1612 1858 signo,
1636 1783 1780 1855 quod
1805 1782 1920 1854 ipse

2009 872 2114 928 Sed
2143 870 2355 940 quando
2374 869 2621 924 Christus
2666 868 2721 922 in
2758 866 2865 922 illis
2881 881 2989 920 non
3003 865 3420 937 intelligebatur,
3465 878 3590 918 non

2008 981 2076 1021 ex
2096 963 2199 1018 illis
2223 963 2428 1028 vinum,
2464 961 2556 1017 sed
2585 975 2724 1031 aqua
2749 958 3054 1014 bibebatur.
3095 957 3277 1012 Prima
3320 970 3448 1028 ergo
3485 956 3583 1026 hy-

2011 1055 2126 1110 dria
2166 1054 2384 1123 impleta
2431 1060 2516 1108 est
2558 1051 2614 1105 in
2631 1050 2822 1118 Adam,
2873 1050 3090 1120 quando
3133 1050 3198 1104 de
3240 1048 3408 1103 latere
3441 1046 3580 1118 ejus,

2011 1147 2105 1203 illo
2127 1146 2448 1212 dormiente,
2479 1144 2744 1200 fabricata
2772 1151 2858 1198 est
2879 1142 3012 1197 Eva.
3061 1140 3326 1196 Dormivit
3347 1141 3403 1195 in
3423 1153 3586 1195 cruce

2013 1236 2282 1302 Christus,
2331 1245 2384 1292 et
2408 1237 2475 1291 de
2502 1235 2674 1290 latere
2709 1233 2825 1304 ejus
2871 1231 3140 1290 formatur
3170 1230 3431 1287 Ecclesia.
3479 1228 3587 1286 Sed

2014 1331 2142 1402 quia
2176 1331 2293 1385 haec
2327 1330 2381 1384 in
2411 1328 2630 1384 Christo
2652 1326 2958 1383 Iudaeorum
2979 1324 3209 1396 populus
3228 1321 3452 1392 implere
3478 1334 3590 1375 non

2015 1419 2365 1490 intelligebat,
2401 1433 2510 1473 non
2537 1418 2720 1472 vinum
2751 1417 2845 1472 sed
2873 1430 3013 1486 aqua
3040 1412 3304 1484 sapiebat.
3333 1407 3582 1464 Secunda

2017 1509 2208 1582 hydria
2237 1508 2455 1579 impleta
2477 1515 2561 1563 est
2580 1507 2636 1561 in
2657 1505 2786 1570 Noe,
2824 1506 2903 1561 sic
2945 1519 3046 1574 per
3071 1501 3390 1573 mysterium
3427 1511 3592 1561 arcae,

2021 1607 2113 1656 aut
2137 1600 2340 1667 diluvii,
2371 1614 2541 1671 genus
2585 1601 2884 1653 humanum
2915 1596 3172 1661 salvatur,
3201 1589 3471 1664 quomodo
3497 1603 3598 1660 per

2023 1693 2202 1750 erucis
2249 1692 2335 1747 vel
2377 1690 2639 1761 Baptismi
2693 1694 3095 1743 sacramentum
3141 1698 3174 1738 a
3226 1689 3402 1737 morte
3448 1687 3597 1735 totus

2023 1787 2256 1842 mundus
2287 1785 2532 1856 eripitur.
2559 1783 2742 1838 Tertia
2762 1781 2955 1854 hydria
2978 1778 3195 1850 impleta
3229 1785 3313 1833 est
3337 1776 3394 1831 in
3422 1774 3594 1831 Abra-

343 1897 489 1946 esset
513 1863 850 1958 rex'glorize,
895 1892 950 1940 et
988 1884 1110 1939 ideo
1133 1897 1364 1954 sponsus
1403 1877 1679 1941 Ecclesiae,
1721 1875 1812 1946 qui
1861 1881 1923 1928 ut
1947 1863 1997 1925 B
2023 1881 2170 1938 ham,
2208 1878 2344 1933 Nam
2383 1876 2653 1948 quomodo
2691 1875 2843 1931 Isaac
2869 1874 2938 1929 ad
2962 1872 3141 1928 locum
3165 1867 3485 1930 ιιοιοοδιιειί,
3533 1865 3601 1921 ιί-

343 1981 508 2037 homo
534 1977 838 2035 communis
860 1974 1074 2032 veniret
1092 1973 1158 2028 ad
1180 1972 1420 2043 nuptias,
1454 1969 1548 2025 sed
1587 1965 1739 2037 quasi
1778 1964 1922 2019 Deus

345 2069 467 2124 coeli
499 2076 554 2124 et
582 2076 740 2125 terrae
767 2065 1030 2121 elementa
1061 2069 1222 2135 prout
1256 2061 1535 2124 voluisset,
1561 2059 1920 2113 converteret.

345 2160 488 2230 Ergo
502 2157 952 2214 Dominusvinum
977 2155 1033 2211 in
1061 2153 1256 2225 gaudia
1284 2151 1593 2222 nuptiarum
1616 2162 1723 2202 non
1750 2145 1815 2201 de
1841 2142 1925 2199 ni-

345 2249 457 2304 hilo
482 2247 662 2304 facere
679 2246 869 2312 voluit,
894 2245 990 2301 sed
1007 2243 1234 2315 hydrias
1252 2256 1344 2296 sex
1371 2237 1583 2308 impleri
1603 2251 1766 2305 aqua,
1789 2250 1926 2305 prae-

342 2341 572 2410 cipiens,
625 2339 768 2393 hanc
801 2335 1124 2392 mirabiliter
1163 2330 1431 2388 convertit
1464 2330 1519 2384 in
1543 2328 1750 2382 vinum.
1788 2325 1927 2392 Quia

345 2447 447 2488 sex
473 2429 662 2484 mundi
688 2435 877 2483 aetates
916 2423 1198 2495 sapientiae
1238 2419 1496 2477 salutaris
1547 2417 1798 2486 largitate
1833 2415 1930 2470 do-

347 2521 524 2586 navit,
569 2534 730 2590 quam
757 2524 936 2570 tamen
961 2515 1074 2584 ipse
1097 2511 1320 2567 veniens
1361 2507 1691 2566 sublimioris
1737 2519 1930 2561 sensus

345 2612 549 2666 virtute
575 2601 901 2666 fecundavit.
921 2607 924 2610 ’
947 2604 1187 2673 Namque
1217 2601 1464 2658 carnales
1494 2597 1787 2655 carnaliter
1811 2604 1930 2650 tan-

348 2711 466 2758 tum
491 2701 796 2772 sapiebant,
813 2698 928 2769 ipse
949 2693 1284 2767 spiritalibus
1305 2689 1620 2764 spiritaliter
1647 2687 1928 2745 sentienda

351 2793 675 2855 reservavit.

422 2889 629 2946 Dehinc
647 2883 998 2957 Augustinus.
1039 2880 1108 2936 Et
1126 2879 1211 2935 die
1241 2878 1395 2934 tertio
1412 2875 1606 2947 nuptia:
1629 2873 1785 2943 factm
1805 2875 1926 2926 sunt

349 2985 407 3038 in
432 2979 582 3038 Cana
605 2975 860 3033 Gatilwce.
913 2973 1333 3044 Splendescente
1366 2967 1532 3038 igitur
1557 2977 1719 3036 super
1741 2961 1932 3018 obscu-

353 3087 474 3128 rum
504 3067 716 3126 delictis
767 3061 1176 3122 ohfuscantihus
1220 3057 1499 3122 mundum,
1544 3051 1803 3109 trinitatis
1841 3050 1928 3105 die

351 3162 600 3220 Christus
635 3157 786 3215 venit
816 3156 884 3212 ad
909 3155 1148 3227 nuptias.
1223 3150 1327 3220 Qui
1369 3163 1530 3204 verus
1573 3147 1764 3202 botrus
1800 3157 1931 3199 con-

353 3255 559 3310 tinebat
587 3252 731 3308 intra
759 3265 820 3306 se
843 3249 968 3305 vitae
995 3247 1204 3312 vinum,
1241 3241 1336 3299 sed
1356 3239 1588 3298 necdum
1608 3236 1792 3294 crucis
1837 3249 1931 3290 ac-
1955 3214 2002 3280 C

353 3352 591 3403 cesserat
610 3343 876 3416 praelium.

427 3439 566 3494 Dicit
591 3438 640 3493 ei
663 3445 834 3493 mater
855 3433 969 3505 ejus
987 3448 1007 3488 :
1051 3429 1238 3486 Vinum
1263 3444 1368 3484 non
1389 3424 1600 3481 habent.
1647 3420 1931 3492 Paulisper

358 3533 520 3605 Virgo
559 3527 964 3592 ﬂorentissima,
1013 3522 1285 3595 paulisper
1327 3522 1596 3590 praeparet
1618 3512 1834 3569 Judzeus
1866 3509 1934 3565 li-

355 3639 540 3698 gnum,
561 3629 616 3678 et
644 3629 773 3676 tunc
808 3617 958 3674 exire
979 3613 1178 3688 poterit
1203 3612 1408 3667 vinum.
1475 3605 1614 3674 Quid
1642 3612 1768 3660 ante
1791 3610 1933 3658 tem-

353 3693 457 3789 pus
479 3713 656 3772 curris
684 3711 752 3768 ad
776 3709 972 3775 lacum,
1003 3721 1126 3763 cum
1167 3701 1397 3760 necdum
1420 3693 1936 3769 impresseritludas

357 3823 521 3880 super
543 3820 704 3860 unam
727 3799 1078 3858 calcaneum!
1136 3793 1292 3850 Modo
1325 3791 1572 3848 meruisti
1605 3795 1935 3860 gemmatam

357 3899 600 3957 sobolem
644 3907 956 3968 procreare,
984 3889 1098 3960 jam
1138 3887 1356 3942 botrum
1390 3893 1542 3940 tuum
1589 3881 1805 3938 conaris
1839 3895 1937 3936 ex-

356 3990 630 4064 primere?
679 3987 775 4044 sed
823 3985 914 4056 qui
951 3984 1016 4038 de
1069 3981 1211 4053 ligno
1238 3978 1442 4049 carpsit
1466 3975 1818 4047 supplicium,
1878 3972 1936 4026 in

359 4082 504 4154 ligno
561 4080 722 4134 debet
772 4083 1092 4146 exspectare
1127 4068 1446 4126 remedium.
1529 4066 1597 4120 Et
1637 4064 1726 4134 qui
1755 4079 1820 4118 ex
1849 4077 1937 4116 ar-

360 4177 496 4232 hore
540 4169 740 4241 inclyta
767 4165 1080 4231 demessuit,
1109 4162 1318 4234 frugem
1340 4166 1656 4232 exspectare
1671 4157 1830 4212 debet
1871 4156 1938 4211 ad

361 4279 603 4322 crucem.

435 4355 572 4409 Dicit
591 4354 637 4406 ei
662 4348 1016 4416 Jesus:Quid
1040 4347 1166 4401 mihi
1191 4354 1237 4399 et
1261 4343 1353 4398 tibi
1375 4350 1472 4407 est,
1505 4338 1731 4394 mulier?
1767 4337 1940 4391 Extu-

362 4447 426 4502 lit
451 4445 539 4500 hic
563 4443 810 4500 Christus
831 4454 992 4510 super
1021 4437 1245 4492 Matrem
1278 4431 1618 4504 divinitatem
1635 4442 1808 4492 suam,
1835 4442 1942 4481 non

364 4537 583 4608 negavit
618 4544 848 4591 matrem
892 4547 1067 4587 suam.
1121 4529 1302 4599 Neque
1331 4541 1391 4584 se
1417 4532 1603 4579 natum
1635 4522 1849 4594 negavit
1872 4535 1939 4575 ex

365 4646 551 4696 carne,
591 4627 687 4684 sed
732 4623 1003 4696 majestati
1043 4637 1156 4678 suae
1215 4633 1369 4675 suam
1426 4613 1665 4672 subdidit
1721 4613 1943 4684 genitri-

363 4740 503 4780 cem.

439 4811 692 4866 Nondum
730 4808 864 4864 venit
899 4807 1028 4861 hora
1050 4820 1187 4860 mea.
1223 4801 1368 4858 Hora
1397 4799 1587 4868 utique
1631 4812 1739 4852 non
1789 4794 1942 4862 facti,

370 4905 462 4961 sed
491 4903 624 4967 voti,
645 4916 753 4956 non
767 4897 1128 4960 necessitatis,
1143 4893 1239 4950 sed
1259 4891 1573 4956 voluntatis,
1589 4904 1696 4944 non
1717 4902 1822 4958 qua
1847 4901 1943 4942 co-

373 5004 590 5068 geretur
614 4995 775 5057 mori,
819 4990 914 5047 sed
932 5003 1037 5059 qua
1068 5003 1167 5058 pro
1188 4984 1389 5040 mundo
1414 4982 1729 5054 dignaretur
1748 4975 1941 5033 occidi.

369 5059 589 5142 interim
611 5083 863 5140 Christus
898 5078 1156 5150 insipidos
1188 5078 1420 5131 haustus
1442 5069 1715 5134 miriﬁcat,
1769 5059 1949 5123 fatuus

370 5179 516 5234 latex
537 5175 862 5231 fundebatur
891 5173 947 5228 in
973 5171 1220 5243 hydriam
1237 5164 1695 5223 ethauriebantur
1716 5159 1950 5215 inebria-

373 5278 427 5326 ta
456 5269 697 5334 ﬁumina,
726 5267 873 5322 nulla
904 5263 1306 5335 exprimebatur
1329 5251 1543 5324 uva,‘et
1576 5254 1950 5310 fervescebant

372 5365 490 5421 sine
515 5362 736 5435 palmite
763 5362 907 5415 vina.
947 5357 1062 5413 Hoc
1088 5357 1218 5412 fecit
1236 5353 1486 5412 Christus
1513 5351 1566 5406 in
1592 5349 1771 5414 latice,
1805 5347 1949 5416 quod

374 5463 523 5512 certo
540 5462 782 5523 tempore
823 5448 955 5505 facit
988 5448 1042 5502 in
1059 5447 1190 5502 vite.
1241 5445 1549 5502 Transeunt
1577 5441 1644 5496 ad
1671 5438 1947 5496 Christum

375 5548 596 5621 nuptiae,
623 5554 680 5602 et
701 5541 945 5600 Ecclesia
974 5541 1206 5596 mutavit
1229 5553 1508 5609 sponsum.
1553 5531 1855 5606 Aliquando
1895 5537 1952 5586 et

374 5639 559 5696 Judzea
602 5639 790 5693 vinum
817 5650 925 5690 non
966 5631 1176 5696 habuit,
1217 5630 1344 5699 quia
1374 5642 1570 5683 munus
1597 5625 1796 5681 sacrati
1829 5637 1952 5677 san-

377 5731 555 5803 guinis
580 5743 691 5786 non
712 5727 937 5796 accepit,
965 5731 1024 5780 et
1063 5723 1190 5778 dum
1219 5719 1351 5790 Legi
1389 5718 1636 5781 nuberet,
1666 5727 1780 5771 non
1807 5713 1955 5768 inve-

378 5824 460 5880 nit
485 5821 634 5897 quod
680 5819 909 5880 biberet.
987 5815 1146 5876 Venit
1169 5812 1440 5883 Christus,
1471 5807 1699 5867 mutavit
1751 5805 1952 5878 Legem

2025 1987 2190 2046 gnum
2220 1971 2334 2041 ipse
2362 1968 2622 2040 portavit,
2649 1969 2724 2023 ita
2740 1974 2796 2022 et
2818 1965 3066 2022 Christus
3090 1963 3159 2019 ad
3182 1962 3358 2018 locum
3394 1958 3604 2029 passio-

2024 2063 2112 2120 nis
2130 2105 2144 2130 ,
2181 2064 2298 2134 ipse
2325 2062 2428 2118 sibi
2459 2061 2638 2117 crucis
2651 2057 2949 2130 patibulum
2972 2054 3248 2126 bajulavit.
3277 2052 3481 2120 Quarta
3503 2051 3604 2122 hy-

2025 2154 2142 2209 dria
2163 2152 2387 2222 impleta
2412 2157 2496 2207 est
2521 2150 2578 2204 in
2600 2147 2795 2212 David,
2825 2145 2914 2216 qui
2941 2153 2996 2200 et
3040 2145 3093 2199 in
3122 2140 3429 2198 humilitate
3463 2146 3520 2194 et
3545 2137 3603 2194 in

2025 2244 2207 2299 multis
2250 2240 2687 2297 tribulationibus
2713 2237 2995 2295 Christum
3023 2233 3311 2290 Dominum
3331 2228 3604 2302 ﬁguravit.

2025 2334 2223 2401 Quinta
2255 2332 2446 2403 hydria
2481 2330 2701 2401 impleta
2759 2334 2844 2383 est
2881 2335 3124 2396 tempore
3171 2321 3427 2386 Danielis,
3472 2317 3610 2375 vidit

2027 2425 2172 2480 enim
2212 2423 2497 2494 praecisum
2548 2420 2801 2489 lapidem,
2831 2419 2884 2473 id
2910 2425 2995 2473 est
3013 2425 3199 2471 natum
3219 2413 3497 2469 Christum
3541 2410 3610 2465 de

2029 2523 2228 2582 monte,
2256 2515 2312 2569 id
2331 2522 2436 2579 εει,
2454 2514 2519 2568 de
2543 2527 2710 2584 regno
2728 2511 3058 2573 Iudaeorum,
3081 2506 3199 2562 sine
3209 2503 3454 2558 manibus
3466 2514 3606 2570 prae—

2028 2608 2222 2672 cisum,
2241 2607 2368 2676 quia
2392 2607 2509 2660 sine
2533 2618 2696 2674 opera
2711 2600 2961 2671 nuptiali,
2986 2597 3079 2669 qui
3103 2595 3278 2667 gratia
3291 2608 3387 2648 sua
3400 2591 3596 2646 univer

2027 2714 2147 2754 sum
2167 2697 2425 2752 mundum
2452 2695 2715 2765 implevit.
2768 2691 2935 2749 Sena
2976 2689 3169 2762 hydria
3195 2685 3415 2757 impleta
3451 2682 3612 2738 estin

2026 2789 2233 2847 Joanne
2259 2788 2526 2860 Baptista,
2578 2787 2672 2857 qui
2694 2784 2895 2840 Judaeis
2921 2781 3224 2860 praedicans
3262 2777 3376 2832 ait:
3427 2773 3615 2830 Facite

2027 2880 2237 2936 fructus
2281 2856 2471 2950 dignos
2491 2856 2848 2948 paenitentiae,
2878 2856 3070 2945 potens
3090 2878 3174 2928 est
3206 2869 3350 2925 enim
3377 2865 3520 2921 Deus
3550 2865 3616 2920 de

2028 2971 2293 3045 lapitibus
2314 2971 2433 3026 istis
2461 2969 2728 3025 suscitare
2750 2966 2890 3022 ﬁlios
2909 2963 3160 3020 Abrahae.
3215 2961 3336 3016 Istae
3367 2971 3498 3029 ergo
3520 2969 3615 3011 sex

2029 3071 2218 3122 aetates
2239 3063 2443 3128 mundi,
2480 3062 2630 3118 velut
2657 3075 2753 3116 sex
2773 3058 2980 3131 hydriae
3004 3054 3238 3127 impletae
3257 3059 3383 3109 sunt
3409 3066 3439 3106 a
3462 3047 3619 3105 mini-

2031 3158 2181 3224 stris,
2212 3157 2268 3212 id
2294 3162 2421 3211 esta
2443 3151 2770 3225 patriarchis
2789 3157 2843 3205 et
2870 3147 3170 3220 prophetis.

2102 3246 2376 3317 Capientes
2396 3251 2640 3298 metretas
2672 3241 2820 3296 binas
2840 3238 2920 3294 vel
2949 3248 3144 3294 ternas.
3200 3235 3382 3303 Quare
3408 3241 3614 3296 ternas,

2031 3345 2254 3412 propter
2283 3335 2601 3406 mysterium
2630 3333 2911 3387 trinitatis.
2977 3330 3160 3397 Quare
3185 3329 3365 3392 binas,
3397 3332 3621 3396 propter

2035 3431 2142 3485 duo
2164 3433 2451 3499 praecepta,
2483 3424 2789 3480 dilectionis
2810 3422 2908 3477 Dei
2935 3427 2990 3475 et
3000 3419 3254 3492 proximi.
3285 3418 3353 3472 Et
3372 3417 3426 3470 in
3447 3416 3622 3470 Evan-

2035 3519 2215 3592 gelio:
2260 3517 2373 3588 Ego
2393 3524 2449 3570 et
2469 3515 2632 3570 Pater
2663 3528 2832 3569 unum
2881 3526 3086 3568 sumus.
3137 3509 3277 3564 Ecce
3299 3506 3476 3563 binas.
3516 3503 3617 3570 lte,

2034 3609 2309 3680 haptizate
2329 3620 2520 3661 omnes
2556 3614 2764 3677 gentes,
2802 3603 2855 3658 in
2884 3602 3106 3658 nomine
3135 3598 3337 3663 Patris,
3387 3604 3442 3652 et
3473 3594 3620 3662 Filii,

2036 3707 2092 3756 et
2113 3698 2350 3769 Spiritus
2370 3695 2562 3751 sancti.
2617 3694 2761 3750 Ecce
2803 3693 2973 3748 habes
3006 3699 3207 3747 ternas.
3261 3686 3508 3743 Gustavit
3528 3700 3620 3739 ar-

2037 3790 2398 3855 chitriclinus,
2447 3787 2502 3843 id
2537 3797 2645 3853 est,
2687 3786 2872 3842 mundi
2893 3784 3174 3849 Dominus,
3209 3796 3405 3852 aquam
3430 3780 3619 3834 vinum

2036 3887 2256 3952 factam,
2280 3893 2335 3940 et
2356 3883 2487 3939 dicit
2510 3901 2522 3936 :
2559 3880 2748 3937 Omnis
2771 3880 2932 3935 homo
2952 3879 3187 3949 primum
3206 3875 3407 3930 bonum
3430 3872 3618 3926 vinum

2036 3977 2212 4050 ponit,
2241 3983 2441 4030 etcum
2462 3972 2713 4028 inebriati
2739 3970 2941 4026 fuerint
2956 3967 3220 4030 homines,
3248 3972 3380 4019 tunc
3400 3962 3454 4017 id
3480 3959 3626 4032 quod

2040 4072 2278 4129 deterius
2291 4078 2394 4124 est.
2451 4068 2533 4122 Tu
2559 4074 2738 4121 autem
2770 4063 3000 4120 servasti
3023 4063 3225 4117 bonum
3244 4058 3432 4112 vinum
3454 4066 3626 4122 usque

2041 4163 2237 4227 adhuc,
2263 4168 2318 4216 et
2337 4161 2424 4214 lex
2457 4158 2600 4213 enim
2628 4163 2831 4219 sancta,
2883 4164 2939 4209 et
2958 4151 3269 4207 mandatum
3300 4151 3546 4200 sanctum
3573 4149 3628 4196 et

2043 4249 2243 4322 iustum
2261 4259 2316 4304 et
2335 4251 2558 4304 bonum.
2588 4245 2698 4301 Sed
2716 4246 2802 4299 lex
2823 4252 2876 4298 et
2890 4241 3173 4310 Prophetze
3193 4251 3364 4308 usque
3383 4234 3451 4289 ad
3463 4231 3629 4288 Joan-

2043 4359 2169 4398 nem
2203 4342 2682 4412 prephetaverunt,
2737 4345 2792 4392 et
2826 4335 2946 4392 ideo
2996 4331 3318 4388 adveniente
3372 4326 3622 4391 Domino.

2042 4439 2168 4492 vina
2199 4435 2431 4491 Mosaica
2457 4431 2789 4496 defecerunt,
2821 4438 2877 4484 et
2893 4429 3016 4484 vina
3041 4424 3320 4496 sanguinis
3349 4421 3627 4493 proﬂuxe-

2044 4539 2188 4586 runt.
2225 4528 2322 4584 llla
2347 4532 2672 4597 acceperunt
2694 4523 3004 4586 terminum,
3022 4519 3127 4573 ista
3154 4519 3500 4585 sumpserunt
3521 4510 3629 4565 ini-

2047 4622 2204 4678 tium.
2236 4620 2482 4690 Denique
2509 4619 2616 4672 hoc
2651 4623 2736 4670 est
2771 4613 2980 4669 initium
3011 4611 3313 4682 signorum,
3335 4607 3476 4678 quod
3503 4602 3630 4660 fecit

2047 4717 2224 4782 Jesus,
2277 4716 2494 4787 quando
2515 4713 2666 4784 pavit
2717 4718 2904 4782 gentes
2931 4712 3162 4770 occisus,
3224 4711 3277 4760 et
3306 4705 3373 4760 de
3393 4701 3517 4757 vino
3543 4697 3629 4755 sui

2049 4808 2327 4881 sanguinis
2353 4807 2482 4863 fecit
2510 4803 2838 4868 convivium,
2865 4799 3202 4856 vulneratus.

2695 4951 3010 4994 CONCORDIA.

2119 5077 2178 5132 ln
2210 5074 2534 5137 diﬁ‘erentia,
2571 5069 2865 5127 secundum
2891 5065 3229 5138 Apostolum,
3280 5059 3629 5119 donationum

2049 5176 2102 5224 et
2119 5167 2418 5224 diﬁ‘erentia
2444 5163 2756 5236 hydriarum
2788 5161 3015 5216 istarum
3042 5159 3104 5212 ﬁt
3130 5153 3414 5212 concordia
3446 5151 3634 5206 lectio-

2051 5277 2198 5326 num,
2235 5259 2398 5316 corda
2427 5257 2570 5312 enim
2599 5263 2911 5310 sanctorum
2936 5252 3142 5324 hydriae
3168 5255 3313 5312 sunt,
3347 5245 3494 5299 fonte
3542 5259 3628 5299 re-

2049 5349 2205 5420 pletae
2230 5349 2511 5404 donorum.
2565 5344 2798 5399 Ministri
2849 5343 2940 5413 qui
2991 5342 3293 5397 hauserunt
3321 5347 3535 5403 aquam,
3574 5339 3631 5390 et

2049 5439 2245 5514 quibus
2292 5446 2466 5494 mater
2495 5436 2672 5493 dixit:
2726 5434 3093 5502 Quodcunque
3122 5425 3318 5484 dixerit
3364 5424 3519 5514 vobis
3543 5422 3627 5479 fa-

2049 5513 2180 5598 cite,
2222 5529 2457 5596 ministri
2506 5535 2633 5586 sunt
2662 5525 2885 5590 Christi,
2935 5521 3130 5593 quibus
3175 5515 3467 5573 secundum
3485 5513 3629 5585 Apo-

2050 5625 2247 5682 stolum
2307 5622 2360 5698 (ι
2403 5621 2530 5683 Cor.
2579 5619 2684 5696 ιιι)
2741 5619 2900 5677 datur
2944 5610 3306 5674 ministerium
3352 5607 3411 5670 in
3463 5604 3628 5666 mini-

2051 5707 2296 5781 strando.
