4110 6444
518 333 584 398 91
981 277 1000 284 ⁸
1798 317 2030 380 SMARA
2038 318 2154 378 GDI
2186 317 2478 376 ABBATIS
3697 308 3774 371 92

740 446 1064 510 DOMINICA
1101 446 1166 502 III
1193 441 1368 502 POST
1406 437 1863 498 ΤΗΕΟΡΗΑΝῘΑ.

552 565 726 608 εριετ.
755 562 911 604 ΒΕΑΤΙ
954 557 1109 598 PAULI
1137 554 1318 595 APOST.
1349 553 1417 592 AD
1456 549 1719 596 ιιοιίΑΝοε,
1795 547 1910 586 CAP.
1952 544 2048 582 ΧΠ.

593 663 612 694 ε
658 641 834 697 Nolite
863 653 981 694 esse
1017 634 1308 706 prudentes
1347 629 1488 700 apud
1509 628 1866 697 vosmetipsos
1891 667 1905 690 ,
1957 623 2089 680 nulli

521 753 544 792 ι
587 735 788 791 malum
810 744 909 803 pro
924 728 1065 784 malo
1092 725 1396 782 reddentes.
1432 723 1781 777 Providentes
1801 720 1962 783 bona,
1981 734 2089 772 non

523 846 543 880 ι
585 836 794 884 tantum
823 837 1005 878 coram
1035 818 1168 883 Deo,
1196 816 1292 872 sed
1315 814 1479 870 etiam
1509 827 1692 868 coram
1713 810 1963 865 omnibus
1995 810 2090 862 ho—

521 936 544 971 ι
582 916 836 972 minibus.
907 911 966 967 Si
993 910 1111 968 fieri
1151 914 1348 979 potest,
1385 904 1527 975 quod
1556 920 1623 959 ex
1657 903 1809 957 vobis
1834 908 1936 965 est,
1963 916 2087 956 cum

521 1029 542 1066 ι
583 1008 834 1067 onuiibus
854 1005 1162 1063 hominibus
1182 1015 1369 1072 pacem
1396 999 1674 1055 habentes.
1721 997 1836 1052 Non
1857 1002 2090 1050 vosmet-

518 1120 540 1157 ι
583 1103 730 1172 ipsos
759 1099 1125 1164 defendentes,
1150 1093 1477 1156 charissimi,
1507 1092 1601 1146 sed
1631 1090 1754 1146 date
1776 1089 1951 1144 locum
1971 1088 2084 1141 iraa.

518 1212 540 1248 ε
586 1193 860 1262 Scriptum
883 1200 967 1248 est
991 1190 1138 1246 enim
1167 1206 1184 1241 :
1223 1186 1352 1242 Mihi
1394 1185 1682 1240 vindictam
1712 1190 1766 1236 et
1799 1198 1899 1254 ego
1931 1180 2090 1236 retri-

520 1302 540 1338 ‹
586 1283 771 1348 buam,
821 1281 952 1336 dicit
981 1280 1261 1336 Dominus.
1306 1275 1414 1332 Sed
1445 1277 1491 1331 si
1539 1275 1791 1329 esurierit
1834 1274 2087 1328 inimicus

519 1392 538 1427 ε
586 1383 729 1438 tuus,
778 1373 899 1428 ciba
955 1372 1122 1426 illum.
1179 1368 1240 1426 Si
1290 1369 1422 1434 sitit,
1472 1375 1656 1438 potum
1710 1367 1777 1420 da
1829 1365 1924 1419 illi.
1975 1365 2087 1421 Hoc

515 1485 538 1518 ι
581 1467 725 1520 enim
781 1465 983 1520 faciens
1010 1504 1026 1530 ,
1093 1461 1359 1518 carbones
1414 1460 1553 1531 ignis
1609 1474 1875 1529 congeres
1926 1473 2088 1528 super

516 1575 536 1610 ε
580 1565 742 1628 caput
763 1555 900 1626 ejus.
957 1553 1075 1612 Noli
1099 1554 1242 1610 vinci
1267 1569 1300 1608 a
1325 1552 1487 1618 malo,
1526 1551 1621 1606 sed
1672 1551 1828 1606 vince
1868 1551 1922 1604 in
1944 1549 2085 1605 bono

517 1667 538 1702 ι
581 1649 802 1704 malum.
841 1668 862 1701 ι

579 1740 760 1796 Nolite
805 1757 915 1796 esse
954 1739 1234 1811 prudentes
1259 1737 1402 1809 apud
1426 1737 1780 1808 vosmetipsos.
1835 1734 1938 1803 Qui
1983 1734 2086 1790 sibi

508 1832 611 1904 ipsi
633 1831 870 1904 prudens
896 1845 1017 1886 esse
1041 1829 1275 1894 videtur,
1299 1829 1390 1883 hic
1415 1843 1538 1882 cum
1559 1826 1866 1896 arrogantia
1891 1826 2088 1881 stultus

507 1931 608 1980 est.
668 1921 779 1978 Nec
826 1927 1006 1991 potest
1058 1932 1244 1974 veram
1281 1915 1598 1987 sapientiam
1642 1915 1735 1970 Dei
1774 1915 1934 1978 seire,
1996 1914 2088 1982 qui

505 2030 660 2070 suam
691 2013 1000 2078 stultitiam,
1050 2010 1206 2080 quasi
1260 2006 1780 2079 sapientiam,colit.
1849 2004 2088 2074 Denique

504 2105 562 2162 in
601 2105 969 2174 superioribus
1013 2103 1152 2158 hanc
1200 2100 1369 2156 fuisse
1416 2098 1812 2156 incredulitatis
1867 2112 2087 2152 causam

507 2195 729 2262 Judazis,
775 2198 890 2266 ipse
913 2195 1113 2250 Paulus
1153 2193 1387 2258 edocuit,
1442 2193 1628 2248 dicens
1680 2192 1743 2245 de
1778 2190 1893 2244 eis:
1949 2188 2088 2256 Quia

504 2288 816 2359 ignorantes
837 2288 930 2345 Dei
954 2287 1224 2356 justitiam
1250 2293 1307 2339 et
1330 2300 1482 2340 suam
1504 2291 1808 2353 quaerentes
1823 2290 2085 2349 statuere,

496 2376 723 2448 justitize
757 2378 851 2434 Dei
878 2393 986 2434 non
1017 2387 1142 2432 sunt
1184 2376 1433 2446 subjecti.
1490 2375 1582 2429 Sic
1619 2389 1771 2445 ergo,
1820 2374 1911 2442 qui
1947 2373 2086 2442 apud

502 2472 848 2540 semetipsum
860 2469 1075 2540 sapiens
1090 2475 1194 2535 est,
1222 2482 1328 2523 non
1351 2475 1529 2537 potest
1556 2481 1677 2522 esse
1702 2466 1920 2537 sapiens
1944 2467 2088 2536 apud

501 2559 694 2619 Deum.

573 2650 682 2724 (Ea:
710 2649 969 2724 Primus.)
1006 2649 1179 2706 Nolite
1200 2651 1258 2706 in
1283 2665 1520 2706 numana
1542 2649 1805 2721 sapientia
1835 2649 2082 2722 gloriari,

501 2745 600 2800 sed
623 2741 772 2798 stulti
807 2750 981 2797 estote
1022 2740 1239 2808 saeculo,
1290 2747 1350 2796 ut
1384 2741 1504 2796 sitis
1531 2741 1757 2796 Domino
1795 2742 2084 2811 sapientes,

501 2835 645 2891 sicut
669 2835 927 2903 scriptum
949 2842 1072 2890 est:
1128 2835 1323 2890 Beatus
1353 2835 1505 2890 Immo
1527 2852 1680 2906 quem
1713 2844 1766 2888 tu
1807 2835 2084 2902 erudieris,

503 2927 749 2993 Domine,
779 2935 826 2981 et
855 2927 918 2981 de
952 2925 1060 2997 lege
1083 2936 1174 2981 tua
1202 2927 1441 2982 docueris
1470 2944 1588 2982 eum
1617 2924 1788 2999 (Psal.
1824 2928 1998 2999 xcm).

581 3017 733 3072 Nulli
759 3018 959 3074 malum
991 3035 1084 3090 pro
1123 3019 1261 3074 mulo
1311 3019 1601 3074 reddentes.
1651 3019 1708 3075 Si
1762 3019 1960 3074 malum
2006 3018 2089 3075 iu-

501 3109 666 3175 ferre,
696 3125 923 3180 peccare
953 3121 1052 3174 est,
1108 3112 1332 3168 reddere
1357 3112 1556 3166 malum
1599 3109 1803 3179 justum
1845 3128 1949 3169 non
1978 3119 2082 3179 est,

2117 435 2172 497 Α
2196 434 2456 504 impedire
2480 432 2773 500 videretur,
2823 429 3354 488 moderantissimum
3383 426 3532 485 dedit
3561 441 3772 499 praece-

2195 533 2369 596 ptum,
2397 533 2456 579 ut
2493 525 2708 580 interim
2748 532 2932 579 noster
2963 523 3191 585 animus,
3247 536 3462 592 semper
3487 521 3558 576 sit
3604 535 3772 592 para-

2195 625 2281 672 tus
2305 618 2370 671 ad
2398 632 2604 681 nacem,
2638 623 2692 671 et
2724 615 3006 672 discordiae
3032 614 3184 684 culpa
3209 630 3312 668 non
3337 627 3503 683 penes
3533 627 3652 679 nos,
3675 613 3772 669 sed

2191 723 2358 780 penes
2380 708 2607 760 alterum
2645 714 2873 761 constet.
2929 705 3048 761 ldec
3083 719 3210 775 ergo
3236 705 3373 760 bene
3399 703 3580 760 addit:
3615 703 3773 770 Quod

2193 813 2260 852 ex
2289 799 2440 853 vobis
2463 807 2564 864 est,
2590 799 2694 854 hoc
2716 806 2819 865 est,
2850 797 2991 867 quod
3009 796 3283 867 proposito
3311 804 3515 863 vestro,
3564 804 3615 852 et
3642 794 3778 852 ﬁdei

2191 896 2389 944 vestrae
2411 889 2677 943 convenit.

2263 976 2371 1050 (Ea:
2393 977 2650 1051 Primus.)
2689 977 2843 1046 Quod
2856 985 3096 1032 vestrum
3121 985 3224 1042 est,
3251 991 3347 1033 vos
3367 991 3489 1033 cum
3516 975 3771 1033 omnibus

2189 1085 2376 1142 pacem
2406 1068 2678 1135 habetote,
2708 1077 2763 1124 et
2790 1068 2951 1125 dicite
2977 1087 2990 1123 :
3022 1067 3156 1124 Cum
3189 1067 3276 1125 his
3301 1069 3392 1142 qui
3421 1069 3651 1124 oderunt
3671 1083 3770 1138 pa-

2191 1175 2308 1216 cem
2337 1175 2485 1214 eram
2509 1160 2784 1229 paciﬁcus.

2266 1252 2387 1307 Non
2413 1253 2743 1324 vosmetipsos
2778 1253 3130 1324 defendentes,
3168 1253 3483 1320 churissimi,
3532 1253 3623 1311 sed
3645 1255 3774 1309 date

2190 1342 2363 1398 locum
2394 1344 2506 1397 irae.
2552 1344 2652 1415 (Ex
2676 1344 2849 1417 Orig.)
2889 1344 2954 1398 ili
2976 1345 3065 1415 qui
3098 1345 3302 1415 seipsos
3333 1361 3438 1401 non
3467 1346 3771 1414 vindicant,

2189 1436 2457 1503 quomodo
2495 1435 2588 1489 ira:
2613 1436 2788 1490 locum
2810 1437 2957 1503 dent,
2985 1433 3272 1508 dupliciter
3294 1439 3425 1493 mihi
3445 1439 3658 1495 videtur
3686 1441 3775 1494 in-

2188 1527 2375 1597 telligi.
2433 1526 2568 1581 Nam
2597 1535 2651 1581 et
2674 1529 2776 1583 hoc
2808 1527 2943 1597 ipso,
2969 1528 3110 1598 quod
3136 1529 3307 1600 (verbi
3329 1535 3515 1601 causa)
3544 1545 3771 1584 manum

2188 1632 2349 1671 manu
2375 1632 2480 1671 non
2505 1615 2766 1680 referunt,
2796 1626 2889 1673 aut
2915 1619 3162 1674 convicio
3188 1619 3491 1675 convicium
3517 1636 3625 1674 non
3649 1621 3771 1674 red-

2190 1706 2345 1773 dunt,
2391 1709 2484 1763 ira:
2513 1708 2656 1764 illius
2689 1709 2780 1779 qui
2811 1709 2934 1765 fecit
2977 1707 3250 1780 injuriam,
3277 1711 3692 1782 pertranseundi
3714 1719 3772 1766 et

2114 1801 2162 1860 B
2188 1800 2547 1855 evanescendi
2599 1799 2777 1856 locum
2817 1801 3100 1857 dederunt.
3150 1801 3318 1856 Nemo
3342 1803 3488 1858 enim
3519 1802 3594 1857 ita
3617 1803 3768 1857 rabi-

2188 1893 2289 1948 dus
2315 1894 2608 1961 invenitur,
2650 1903 2711 1949 ut
2740 1896 2784 1950 si
2810 1895 2984 1950 vicem
3031 1910 3136 1950 non
3169 1895 3395 1965 recipiat
3441 1895 3638 1951 iterum
3668 1911 3770 1951 sae-

2186 1989 2319 2055 viat,
2345 1989 2441 2044 sed
2466 1989 2618 2060 quasi
2642 1988 2809 2045 effuso
2837 2005 2901 2044 ac
2927 1989 3135 2060 digesto
3158 1987 3337 2043 furore
3364 1988 3618 2044 mitescit.
3671 1988 3773 2046 Est

2187 2088 2366 2134 autem
2397 2088 2454 2134 et
2501 2079 2606 2136 hoc
2638 2081 2798 2135 modo
2820 2081 2912 2135 irae
2938 2079 3115 2136 locum
3144 2078 3294 2134 dare.
3351 2078 3451 2146 Qui
3476 2079 3619 2135 enim
3644 2095 3773 2151 pec-

2189 2179 2331 2234 cant,
2357 2173 2728 2227 thesaurizant
2755 2173 2856 2227 sibi
2881 2172 3016 2226 iram
3047 2171 3100 2226 in
3126 2171 3210 2227 die
3247 2171 3360 2236 irae,
3404 2171 3619 2242 quando
3647 2161 3774 2226 red-

2187 2261 2279 2316 det
2308 2262 2449 2317 Deus
2470 2263 2760 2332 unicuique
2782 2262 3076 2318 secundum
3101 2277 3262 2332 opera
3284 2277 3409 2329 sua;
3435 2263 3482 2316 si
3509 2277 3636 2332 ergo
3648 2276 3775 2316 nos-

2187 2355 2444 2425 metipsos
2471 2356 2827 2423 vindicemus,
2864 2371 2969 2409 non
2994 2362 3077 2410 est
3110 2371 3362 2426 magnum
3399 2355 3546 2410 verbi
3577 2369 3766 2419 causa,

2188 2447 2234 2502 si
2259 2456 2371 2512 aut,
2395 2447 2629 2517 palmam
2672 2465 2768 2519 pro
2793 2449 2993 2519 palma,
3027 2455 3119 2502 aut
3141 2463 3327 2502 saxum
3361 2463 3461 2519 pro
3487 2461 3617 2502 saxo
3639 2445 3769 2501 red-

2188 2540 2400 2595 damus.
2459 2539 2515 2594 Si
2542 2556 2672 2596 vero
2701 2555 3038 2596 reservemus
3067 2554 3131 2594 ea
3153 2540 3399 2596 vindictae
3436 2538 3551 2604 Dei,
3581 2538 3766 2592 locum

2189 2629 2380 2685 damus
2416 2630 2529 2697 irm,
2585 2632 2711 2701 quia
2739 2630 2882 2686 Deus
2934 2633 2987 2686 in
3022 2629 3227 2698 judicio
3274 2630 3442 2685 multo
3488 2628 3775 2701 graviores

2188 2736 2351 2791 quam
2382 2737 2480 2776 nos
2500 2721 2701 2777 inferre
2726 2738 3011 2792 possumus
3034 2723 3216 2794 exiget
3242 2736 3450 2792 pmnas.

2262 2813 2369 2886 (Ea:
2397 2812 2657 2886 Primus.)
2697 2815 2803 2870 Aut
2825 2814 3077 2887 fugiendo
3102 2814 3294 2870 damus
3317 2813 3494 2870 locum
3530 2812 3646 2878 iras,
3674 2817 3773 2866 aut

2187 2907 2551 2976 permittendo
2579 2921 2797 2961 nocere.

2262 2999 2530 3070 Scriptum
2573 3011 2646 3055 est
2683 3001 2867 3056 enim:
2926 2998 3060 3056 Mihi
3087 2998 3394 3055 vindictam.
3459 2996 3572 3068 Ego
3611 2994 3765 3066 quasi

2190 3106 2391 3155 meam,
2421 3091 2551 3147 dicit
2572 3091 2854 3158 Dominus,
2885 3106 2993 3145 non
3027 3089 3183 3162 quasi
3228 3097 3469 3145 vestram
3514 3085 3768 3159 injuriam

503 3199 597 3255 sed
629 3179 804 3255 simile
827 3209 1107 3269 peccatum
1135 3209 1238 3266 est,
1264 3210 1378 3266 aut,
1418 3210 1480 3256 ut
1500 3217 1600 3272 ego
1633 3202 1887 3267 arbitror,
1919 3202 2082 3256 etiam

2184 3181 2490 3249 vindicabo,
2517 3183 2646 3238 dicit
2670 3183 2811 3238 enim
2835 3183 3094 3253 propheta
3119 3198 3135 3235 :
3175 3179 3277 3250 Qui
3313 3194 3410 3235 vos
3435 3179 3626 3251 tangit,
3653 3187 3770 3231 tan-

505 3293 743 3361 gravius.
818 3292 950 3346 Nam
974 3293 1061 3348 ille
1089 3295 1180 3362 qui
1229 3293 1427 3348 malum
1451 3294 1599 3363 prior
1625 3294 1827 3360 intulit,
1857 3293 2084 3349 forsitan

501 3397 611 3436 non
641 3384 810 3438 sensit
835 3383 1034 3438 malum
1064 3399 1186 3438 esse
1201 3383 1346 3453 quod
1375 3383 1592 3438 faceret.
1638 3383 1739 3453 Qui
1763 3391 1941 3440 autem
1960 3386 2082 3440 red-

503 3474 582 3529 dit
610 3473 834 3539 malum,
881 3489 946 3530 eo
971 3475 1086 3544 ipso
1107 3515 1120 3539 ,
1145 3490 1253 3544 quo
1278 3476 1344 3530 ad
1373 3475 1737 3531 ulciscendum
1773 3484 1951 3532 motus
1979 3484 2084 3544 est,

448 3552 450 3554 ’
505 3563 785 3621 confessus
821 3573 908 3620 est
955 3567 1191 3622 sensisse
1232 3566 1429 3620 malum
1454 3581 1574 3622 esse
1609 3567 1756 3636 quod
1783 3568 1979 3634 reddit,
2030 3577 2086 3624 et

504 3656 628 3712 ideo
673 3657 1070 3727 respiciendum
1122 3673 1333 3729 semper
1361 3668 1446 3714 est
1493 3660 1561 3714 ad
1601 3673 1722 3714 eum
1754 3660 1847 3730 qui
1896 3660 2079 3716 dixit:

509 3748 644 3805 Mihi
671 3749 899 3803 vindicta
933 3760 979 3803 et
1010 3766 1102 3820 ego
1137 3750 1421 3804 retribuam
1454 3749 1632 3821 (Deut.
1671 3750 1868 3819 xxxii).

578 3839 687 3912 (Ea:
710 3838 964 3912 Primus.)
1003 3839 1247 3898 Humana
1271 3841 1532 3911 sapientia
1563 3850 1666 3909 est,
1692 3843 1737 3897 si
1777 3857 2086 3912 quaeramus

501 3932 679 3988 vicem
705 3933 935 3988 reddere
971 3933 1228 3999 inimicis,
1260 3935 1486 3989 stultitia
1524 3943 1609 3990 est
1650 3935 1703 3989 in
1735 3935 1838 3990 hoc
1865 3937 2082 4001 saeculo,

501 4025 548 4081 si
583 4026 904 4096 percutienti
933 4034 987 4081 et
1015 4026 1174 4081 aliam
1202 4028 1476 4083 maxillam
1511 4030 1869 4100 praebeamus.
1933 4030 2084 4097 Quod

503 4117 548 4172 si
574 4124 738 4171 tantae
761 4116 1035 4185 patientiae
1059 4124 1114 4172 et
1136 4117 1455 4173 humilitatis
1487 4117 1765 4183 fuerimus,
1781 4134 1887 4173 non
1911 4119 2084 4174 solum

503 4211 644 4280 apud
671 4210 859 4274 Deum,
882 4208 975 4265 sed
996 4209 1162 4265 etiam
1186 4210 1328 4280 apud
1351 4209 1615 4276 homines,
1644 4210 1941 4281 poterimus
1961 4225 2085 4280 pro—

491 4302 709 4362 babiles
734 4317 1017 4372 apparere.

575 4391 914 4448 Providentes
943 4393 1099 4460 bona,
1123 4411 1228 4450 non
1244 4403 1449 4451 tantum
1464 4411 1642 4451 corum
1669 4395 1794 4464 Deo,
1817 4398 1907 4454 sed
1923 4397 2082 4454 etiam

501 4500 682 4540 coram
709 4486 1022 4544 honrinibus.
1062 4486 1164 4560 (Ex
1186 4487 1362 4561 Orig.)
1390 4487 1587 4546 Coram
1628 4492 1877 4547 omnibus
1902 4492 2080 4548 homi-

2186 3288 2347 3343 quam
2373 3273 2461 3343 qui
2489 3274 2658 3344 tangit
2678 3273 2936 3344 pupillam
2962 3272 3104 3327 oculi
3126 3272 3230 3328 mei
3251 3268 3436 3342 (Zach.
3462 3268 3544 3341 Il).

2264 3365 2373 3436 Ego
2412 3365 2717 3431 retribuam,
2756 3365 2883 3420 dicit
2911 3365 3190 3420 Dominus.
3239 3361 3587 3422 Facientibus
3627 3360 3767 3416 bona

2186 3471 2244 3513 se
2276 3457 2576 3512 retribuere
2601 3457 2888 3528 promittit.

2259 3547 2364 3603 Sed
2399 3549 2445 3603 si
2492 3550 2734 3603 esurierit
2777 3547 3021 3603 inimicus
3045 3554 3188 3612 tuus,
3219 3543 3334 3600 ciba
3359 3543 3529 3608 illum,
3563 3543 3608 3599 si
3633 3543 3768 3605 sitit,

2183 3652 2364 3715 potum
2384 3642 2452 3696 da
2477 3641 2580 3708 illi,
2594 3643 2693 3696 hoc
2715 3642 2851 3696 enim
2875 3641 3095 3712 faciens,
3112 3639 3360 3694 carbones
3380 3637 3514 3709 ignis
3525 3652 3770 3705 congeras

2185 3751 2340 3806 super
2361 3744 2513 3805 caput
2528 3734 2664 3804 ejus.
2689 3733 2894 3788 Utcum
2915 3733 3014 3787 sibi
3039 3729 3365 3786 intelleXerit
3386 3729 3648 3784 carbones
3669 3741 3770 3796 per

2186 3833 2334 3881 tuam
2361 3826 2654 3881 indebitam
2693 3825 3121 3880 misericordiam
3143 3821 3482 3894 congregari,
3529 3819 3770 3875 excutiat

2185 3935 2303 3986 eos,
2333 3920 2388 3974 id
2418 3928 2524 3984 est,
2551 3925 2897 3974 convertatur
2924 3925 2978 3971 et
3003 3917 3187 3988 diligat
3202 3924 3276 3982 te,
3303 3930 3464 3986 quem
3503 3913 3769 3969 habuerat

2187 4013 2475 4083 aliquando
2499 4027 2774 4082 perosum.
2827 4010 3095 4067 Caeterum
3140 4025 3247 4064 non
3293 4017 3374 4062 est
3395 4004 3765 4062 misericordia

2185 4106 2280 4162 sed
2310 4105 2606 4160 crudelitas
2637 4122 2648 4157 :
2694 4104 2740 4158 si
2771 4103 2893 4158 ideo
2921 4103 3022 4158 hoc
3045 4101 3182 4157 facis
3204 4099 3354 4155 utilli
3390 4097 3591 4168 aliquid
3611 4095 3766 4167 pejus

2182 4197 2434 4264 eveniat,
2491 4211 2590 4267 pro
2633 4211 2742 4267 quo
2783 4204 2837 4251 te
2881 4196 3140 4252 Dominus
3187 4208 3345 4249 orare
3388 4191 3642 4262 praecepit
3685 4190 3766 4244 di-

2184 4303 2344 4345 cens:
2384 4288 2549 4345 Orate
2599 4303 2697 4359 pro
2740 4287 3186 4359 persequentibus
3212 4293 3266 4339 et
3310 4281 3767 4338 calumniantibus

2181 4396 2299 4438 vos.
2341 4381 2585 4438 Cibando
2635 4380 2783 4435 enim
2818 4378 3097 4433 inimicum
3144 4383 3199 4430 et
3238 4371 3476 4445 potando
3504 4387 3650 4435 eum,
3697 4373 3766 4427 ad

2181 4486 2370 4544 pacem
2395 4469 2805 4526 reconciliamus
2825 4469 3125 4522 nobiscum.
3177 4463 3330 4533 Quod
3357 4463 3402 4518 si
3455 4461 3542 4516 ille
3570 4461 3625 4516 in
3653 4477 3768 4517 ma—

503 4577 664 4632 nibus
681 4577 933 4648 providet
956 4553 1081 4648 quis
1096 4581 1258 4646 bona,
1282 4553 1389 4636 non
1420 4590 1478 4636 ut
1506 4580 1717 4651 placeat
1745 4581 2079 4652 singulorum

2184 4564 2299 4619 litia
2325 4564 2656 4633 praistiterit,
2679 4563 2793 4631 ipse
2821 4561 2998 4632 ignem
3021 4558 3265 4631 congerit
3283 4555 3446 4629 capiti
3469 4569 3568 4611 suo

502 4671 782 4736 vel'vitiis,
797 4670 882 4727 vel
907 4673 1168 4737 moribus,
1193 4674 1428 4744 alioquin
1455 4675 1785 4731 contrarium
1809 4675 1915 4728 erit
1938 4675 2083 4744 quod

503 4764 648 4819 idem
675 4764 808 4819 dixit
829 4763 1152 4834 ApoStolus:
1204 4765 1317 4837 Ego
1344 4768 1385 4822 si
1415 4767 1712 4824 hominibus
1747 4766 1951 4837 placere
1977 4765 2081 4819 vel-

501 4856 622 4921 lem,
672 4855 865 4912 Christi
886 4875 1062 4914 serrus
1096 4876 1200 4914 non
1229 4877 1392 4914 essem
1423 4857 1564 4931 (Gal.
1591 4859 1656 4931 ι),
1697 4859 1790 4914 sed
1837 4857 1926 4928 qui
1957 4858 2080 4911 vitae

503 4963 616 5003 sua:
647 4964 855 5002 morum
884 4957 941 5004 et
968 4957 1184 5004 actuum
1215 4950 1288 5003 ita
1317 4958 1465 5005 tenet
1489 4950 1700 5011 libram,
1726 4960 1787 5002 ut
1812 4965 1917 5004 non
1952 4964 2078 5018 pos-

504 5040 576 5096 sit
596 5039 664 5095 ab
699 5038 806 5096 ullo
831 5041 1052 5096 homine
1084 5042 1426 5110 reprehendi,
1460 5043 1560 5097 iste
1583 5042 1726 5096 bona
1753 5055 1937 5095 coram
1963 5055 2083 5096 om-

503 5135 663 5191 nibus
691 5135 996 5191 hominibus
1018 5135 1279 5205 providet.
1323 5134 1507 5204 Neque
1528 5134 1673 5190 enim
1695 5133 1835 5188 dixit
1856 5131 2086 5202 Aposto-

503 5224 608 5290 lus,
640 5235 701 5280 ut
725 5227 976 5282 omnibus
990 5226 1321 5295 placeamus,
1339 5225 1432 5281 sed
1461 5234 1519 5279 ut
1547 5224 1924 5296 provideamus
1940 5224 2082 5278 bona

504 5331 690 5372 coram
718 5318 988 5382 omnibus,
1042 5317 1150 5371 hoc
1181 5327 1283 5382 est,
1325 5331 1546 5388 agamus
1575 5329 1674 5370 nos
1725 5314 1863 5370 bona
1902 5328 2083 5368 coram

505 5408 776 5475 omnibus,
817 5410 931 5466 sive
955 5409 1064 5465 illis
1086 5407 1334 5480 placeant
1360 5423 1479 5477 qua:
1500 5408 1641 5462 bona
1672 5415 1818 5473 sunt,
1841 5406 1953 5461 sive
1977 5420 2084 5459 non

504 5501 772 5573 placeant.

581 5593 641 5649 Si
665 5593 784 5665 ﬁeri
801 5604 991 5666 potest,
1015 5593 1154 5666 quod
1180 5609 1246 5647 ea:
1272 5593 1412 5648 vobis
1449 5601 1546 5659 est,
1579 5609 1700 5648 cum
1722 5591 1963 5646 omnibus
1985 5589 2084 5643 ho-

507 5687 734 5741 minibus
751 5703 930 5757 pacem
955 5687 1218 5740 habentes.
1273 5685 1580 5756 Apostolus,
1629 5700 1697 5738 ne
1724 5700 1822 5739 nos
1863 5682 2086 5736 alterius

508 5781 744 5844 animus,
803 5779 848 5832 si
871 5777 1008 5834 forte
1049 5779 1350 5848 impacatus
1394 5776 1658 5840 evenerit,
1713 5791 1744 5829 a
1769 5774 1910 5829 bono
1937 5772 2086 5843 pacis

2262 4676 2368 4750 (Ea:
2392 4675 2661 4747 Origene.)
2700 4675 2989 4730 Videamus
3029 4690 3097 4730 ne
3137 4672 3275 4728 forte
3303 4671 3515 4743 dignius
3553 4669 3763 4740 aliquid

2190 4768 2427 4824 mandati
2451 4765 2607 4834 hujus
2631 4765 2908 4822 contineat
2935 4764 3260 4820 intellectus.
3299 4762 3443 4817 Dicit
3469 4761 3612 4816 enim
3643 4760 3769 4815 Ilie—

2191 4859 2392 4914 remias
2419 4859 2487 4913 ad
2513 4857 2868 4928 peccatricem
2901 4855 3066 4910 filiam
3088 4854 3411 4927 Babylonis:
3445 4852 3622 4907 Habes
3647 4867 3762 4906 car-

2189 4954 2359 5009 bones
2386 4953 2547 5024 ignis,
2575 4953 2700 5008 sede
2726 4967 2888 5022 super
2914 4967 3026 5017 eos,
3067 4951 3122 5006 hi
3143 4959 3302 5006 erunt
3340 4949 3435 5004 tibi
3475 4949 3529 5002 in
3556 4946 3767 5015 adjuto-

2184 5045 2344 5099 rium.
2380 5043 2652 5100 Fortassis
2674 5059 2825 5115 ergo,
2858 5051 2914 5098 et
2942 5043 3032 5097 isti
3061 5043 3328 5097 carbones
3359 5039 3498 5112 ignis
3517 5039 3608 5110 qui
3633 5053 3764 5094 con-

2183 5144 2479 5209 gregantur
2505 5151 2667 5206 super
2690 5144 2856 5207 caput
2881 5136 3108 5200 inimici,
3141 5135 3206 5188 ad
3237 5132 3566 5202 adjutorium
3595 5131 3765 5202 ipsius

2182 5237 2598 5298 congregantur.
2627 5226 2814 5282 Potest
2838 5226 2982 5280 enim
3023 5223 3164 5292 ﬁeri,
3191 5231 3252 5278 ut
3280 5238 3490 5291 amens,
3516 5222 3682 5288 ferus,
3711 5233 3765 5302 et

2180 5317 2449 5371 barbarus
2499 5316 2768 5379 inimicus,
2820 5316 2867 5371 si
2913 5315 3108 5370 sentiat
3142 5314 3463 5370 beneﬁcium
3495 5324 3761 5377 nostrum,

2187 5407 2233 5462 si
2291 5405 2701 5469 humanitatem,
2753 5405 2799 5468 si
2854 5402 3128 5470 affectum,
3178 5405 3225 5459 si
3273 5405 3531 5475 pietatem
3563 5403 3764 5465 videat,

2187 5497 2638 5567 conpunctionem
2654 5497 2836 5554 cordis
2853 5497 3054 5568 capiat,
3079 5496 3352 5553 commissi
3371 5495 3764 5565 paenitudinem
3821 5515 3842 5540 σ

2187 5595 2358 5658 gerat.
2397 5587 2464 5642 Et
2504 5603 2572 5642 ex
2601 5588 2722 5655 hoc,
2771 5589 2908 5662 ignis
2946 5590 3000 5644 in
3041 5604 3106 5644 eo
3135 5589 3351 5657 quidam
3384 5587 3764 5652 succendatur,

2189 5681 2280 5749 qui
2316 5697 2439 5736 eum
2468 5681 2843 5750 procommissi
2891 5679 3225 5737 conscientia
3255 5686 3504 5748 torqueat
3538 5686 3592 5732 et
3634 5679 3768 5731 adu-

2190 5782 2297 5828 rat.
2333 5773 2399 5827 Et
2425 5772 2514 5828 isti
2545 5782 2707 5829 erunt
2747 5773 3010 5829 carbones
3053 5769 3214 5840 ignis,
3256 5768 3346 5839 qui
3400 5783 3562 5839 super
3605 5777 3770 5839 caput
