4110 6450
340 321 408 380 93
677 367 690 379 .
1177 328 1696 389 COLLECTIONES
1738 332 1805 388 IN
1843 333 2221 392 EPISTOLAS
2257 335 2348 392 ET
2386 336 2794 396 EVANGELIA.
3517 341 3586 399 94

341 440 459 512 ejus
493 454 557 496 ex
600 449 786 506 nostro
809 443 1194 503 misericordize
1238 458 1292 504 et
1333 451 1550 520 pietatis
1591 465 1755 521 opere
1783 467 1915 506 con-
1943 453 1997 514 Α
2091 453 2160 506 Et
2203 455 2474 524 confestim
2517 457 2769 511 mundata
2793 464 2867 509 est
2909 454 3052 526 lepra
3093 455 3227 526 ejus.
3264 456 3366 529 (Ex
3393 456 3583 528 Beda.)

341 541 656 604 gregantur.
684 534 854 604 Caput
882 553 1034 602 vero,
1063 539 1359 611 principale
1381 543 1560 596 cordis
1587 542 1906 612 appellatur,

339 637 396 684 et
417 629 612 684 merito
657 639 817 701 caput
859 631 1075 687 dicitur.
1109 633 1274 705 Cujus
1302 635 1577 690 intellectu
1599 645 1653 690 et
1677 635 1911 705 pruden-

337 721 412 777 tia
443 723 684 777 membra
716 732 975 794 reguntur
1003 726 1274 781 universa.

411 813 536 870 Noli
571 817 703 870 vinci
731 834 762 870 a
790 817 951 882 malo,
977 819 1068 872 sed
1109 820 1251 874 vince
1279 820 1335 875 in
1363 819 1494 874 bono
1535 820 1752 875 malum.
1781 821 1910 876 Vin-

336 907 480 963 citur
518 924 547 962 a
576 908 738 973 malo,
777 910 866 979 qui
914 909 1070 965 malis
1108 918 1433 980 provocatus
1473 909 1650 966 reddit
1686 910 1903 964 malum.

331 995 392 1051 In
421 996 563 1053 bono
585 1005 764 1053 autem
783 1000 953 1054 vincit
977 999 1199 1066 malum,
1227 1000 1317 1070 qui
1347 1001 1584 1071 acceptis
1615 1000 1792 1064 malis,
1823 1015 1908 1055 re-

333 1088 511 1143 stituit
539 1088 699 1144 bona.
741 1090 835 1146 Ille
888 1092 1086 1147 dicitur
1111 1093 1309 1148 vicisse
1358 1092 1611 1160 alterum,
1647 1093 1739 1162 qui
1784 1108 1905 1148 eum

331 1178 401 1233 ad
431 1195 584 1234 suam
609 1181 892 1238 adduxerit
919 1191 1148 1254 partem,
1180 1185 1322 1240 sicut
1355 1186 1670 1240 haereticum
1706 1185 1788 1239 vel
1814 1200 1906 1254 pa-

331 1286 551 1342 ganum.
584 1271 641 1330 Si
672 1288 800 1344 ergo
842 1281 893 1328 te
944 1274 1131 1331 fecerit
1175 1276 1276 1332 sibi
1315 1277 1488 1332 vicem
1525 1277 1768 1342 reddere,
1817 1276 1905 1332 ille

335 1370 386 1418 te
415 1364 546 1421 vicit
580 1366 683 1422 sibi
709 1367 936 1424 similem
978 1367 1244 1424 faciendo.
1276 1369 1333 1424 Si
1359 1377 1538 1425 autem
1559 1385 1657 1439 per
1690 1371 1902 1440 patien-

330 1455 464 1509 tiam
503 1464 650 1512 tuam
683 1455 876 1514 feceris
919 1474 1043 1514 eum
1071 1476 1288 1516 cessare
1315 1460 1384 1516 ab
1412 1460 1628 1531 injuria,
1670 1469 1728 1516 tu
1770 1462 1903 1517 vici-

329 1545 400 1600 sti
445 1560 586 1602 eum.

611 1653 946 1695 BV’ANGELIUI
983 1656 1272 1708 ΙΑΤΤΒΕΙ,
1328 1655 1449 1696 CAP.
1489 1657 1608 1696 γιη.

406 1745 423 1778 ι
451 1726 584 1786 Cum
611 1729 978 1786 descendisset
997 1731 1156 1786 Jesus
1179 1735 1245 1788 de
1289 1742 1490 1797 monte,
1537 1739 1733 1787 secuta:
1775 1741 1902 1788 sunt

2010 542 2155 598 Nihil
2183 545 2417 600 medium
2453 553 2558 612 est,
2589 546 2731 601 inter
2757 562 2890 615 opus
2919 549 3011 602 Dei
3053 556 3212 618 atque
3237 559 3585 622 prmceptum,

2009 636 2134 706 quia
2168 637 2219 690 in
2261 647 2531 708 praecepto
2578 646 2663 693 est
2707 655 2860 710 opus.
2894 640 3134 711 Denique
3164 642 3320 707 dixit,
3364 651 3419 696 et
3446 641 3586 699 facta

2006 732 2153 792 sunt,
2179 726 2307 796 quia
2332 726 2578 783 voluntas
2625 728 2717 782 Dei
2739 737 2978 798 potestas
3012 740 3113 796 est,
3141 740 3194 786 et
3225 731 3334 786 Lex
3365 733 3582 802 quidem

2008 817 2154 888 tangi
2186 817 2424 887 leprosos
2465 820 2733 889 prohibet,
2780 820 2873 874 sed
2901 822 2992 892 qui
3021 821 3279 880 Dominus
3308 822 3442 896 legis
3480 832 3579 888 est,

2006 923 2114 963 non
2142 910 2455 978 obsequitur
2480 909 2600 981 legi,
2633 911 2726 965 sed
2766 911 2938 983 legem
2962 911 3109 968 facit.
3152 913 3268 970 Non
3305 929 3433 985 ergo
3464 913 3584 969 ideo

2007 1002 2201 1072 tetigit,
2228 1002 2354 1072 quia
2382 1003 2499 1058 sine
2530 1012 2675 1058 tactu
2703 1004 2966 1059 mundare
3009 1022 3114 1059 non
3148 1015 3379 1077 poterat,
3409 1007 3500 1062 sed
3528 1012 3586 1061 ut

2003 1094 2274 1163 probaret,
2310 1093 2434 1163 quia
2461 1093 2566 1165 legi
2611 1093 2887 1162 subjectus
2929 1110 3036 1149 non
3081 1105 3220 1162 erat,
3265 1113 3364 1152 nec
3398 1105 3585 1154 conta-

2003 1184 2149 1254 gium
2173 1186 2415 1252 timebat,
2446 1195 2506 1241 ut
2526 1187 2793 1253 homines,
2817 1189 2912 1244 sed
2940 1189 3066 1260 quia
3089 1189 3451 1246 contaminari
3475 1206 3582 1247 non

2001 1284 2214 1346 poterat
2242 1277 2332 1346 qui
2363 1277 2498 1332 alios
2524 1277 2807 1332 liberabat.
3381 1289 3386 1295 '

2073 1388 2143 1442 Et
2165 1391 2240 1444 ait
2264 1390 2344 1443 illi
2369 1391 2546 1456 Iesus,
2588 1390 2740 1458 Vide,
2772 1392 2966 1448 nemini
2986 1393 3202 1448 dixeris.
3245 1391 3425 1460 Quare
3445 1408 3583 1464 pm-

2002 1481 2199 1550 cipitur
2222 1482 2421 1536 nemini
2460 1484 2679 1547 dixeris,
2711 1485 2814 1538 nisi
2850 1493 2906 1538 ut
2936 1485 3155 1540 doceret
3181 1500 3286 1540 non
3311 1483 3576 1553 vulganda

2002 1583 2187 1630 nostra
2200 1575 2482 1641 beneﬁcia,
2507 1577 2600 1631 sed
2621 1578 2934 1646 premenda,
2962 1585 3022 1630 ut
3044 1593 3150 1632 non
3180 1576 3352 1631 solum
3380 1592 3412 1630 a
3441 1591 3582 1632 mer-

1999 1668 2130 1722 cede
2149 1669 2512 1723 abstineamus
2540 1669 2806 1738 pecunite,
2833 1672 2930 1725 sed
2948 1671 3112 1725 etiam
3138 1671 3346 1742 gratize.
3601 1742 3611 1754 _

2073 1756 2178 1811 Sed
2202 1758 2354 1823 vade,
2379 1758 2590 1812 ostende
2612 1767 2659 1812 te
2685 1759 2964 1812 sacerdoti.
2995 1759 3291 1815 Ostendere
3321 1774 3379 1814 se
3405 1773 3584 1815 sacer-

330 1835 349 1868 ‘
383 1834 504 1922 θιξιη
546 1820 724 1922 full“
773 1821 973 1922 multm-
1039 1823 1278 1922 Ει-θθθεξ
1353 1825 1597 1922 ῘθΡΪ⁰⁵ξ¹⁸
1648 1826 1895 1892 veniens:
1924 1823 1972 1884 Β
1999 1847 2110 1903 doti
2130 1820 2370 1918 jubetur,
2395 1857 2453 1904 ut
2494 1850 2818 1922 intelligeret
2854 1867 2976 1905 eum
3004 1852 3278 1916 sacerdos,
3320 1867 3424 1906 non
3445 1852 3581 1922 legis

331 1930 349 1962 ‹
378 1911 637 1968 adorabat
671 1928 795 1968 eum
841 1914 1027 1970 dicens
1059 1933 1072 1968 :
1119 1915 1368 1985 Domine,
1408 1917 1454 1971 si
1497 1917 1580 1971 vis
1629 1925 1784 1987 potes
1812 1931 1898 1972 me

328 2019 347 2052 ι
376 2002 660 2058 mundare.
703 2003 772 2058 Et
794 2005 1092 2064 extendens
1117 2003 1274 2063 Jesus
1301 2023 1544 2073 manum,
1576 2009 1752 2080 tetigit
1776 2025 1897 2065 eum

325 2109 346 2144 ι
375 2093 560 2150 dicens
590 2113 602 2150 :
639 2095 794 2163 Volo,
827 2096 1106 2153 mundare.
1140 2099 1208 2153 Et
1235 2101 1518 2156 confestim
1541 2104 1795 2156 mundata
1816 2110 1899 2159 est

325 2202 344 2237 ι
374 2185 524 2256 lepra
553 2185 687 2257 ejus.
720 2188 788 2242 Et
812 2190 890 2244 ait
914 2189 988 2244 illi
1015 2189 1210 2246 Jesus:
1240 2194 1395 2257 Vide,
1440 2194 1640 2248 nemini
1674 2195 1895 2261 dixeris,

323 2297 343 2331 α
374 2280 468 2334 sed
487 2278 644 2346 vade,
674 2283 899 2337 ostende
926 2291 980 2338 te
1003 2285 1271 2338 sacerdoti
1290 2292 1344 2339 et
1372 2284 1504 2340 otl'er
1538 2301 1732 2340 munus
1756 2287 1898 2356 quod

321 2389 341 2423 ‹
367 2371 627 2441 prtccepit
653 2371 865 2441 Moyses
891 2372 948 2426 in
975 2374 1344 2429 testimonium
1385 2373 1514 2427 illis.
1559 2374 1693 2427 Cum
1720 2382 1900 2428 autem

319 2477 339 2511 ι
368 2461 648 2516 introisset
678 2459 1076 2531 Capharnaum,
1122 2464 1355 2518 accessit
1401 2465 1467 2518 ad
1497 2479 1621 2517 eum
1656 2463 1901 2518 centurio

317 2569 338 2601 ι
373 2566 570 2622 rogans
591 2567 714 2605 eum
739 2561 792 2605 et
813 2553 1001 2608 dicens
1029 2573 1040 2606 :
1067 2553 1310 2618 Domine,
1337 2570 1472 2624 puer
1501 2570 1655 2608 meus
1676 2553 1822 2624 jacet
1849 2555 1899 2608 in

318 2658 339 2691 ι
369 2640 530 2694 domo
552 2641 882 2712 paralyticus
909 2651 964 2696 et
992 2644 1131 2698 male
1164 2653 1458 2714 torquetur.
1502 2645 1568 2700 Et
1595 2645 1670 2700 alt
1710 2646 1782 2700 illi
1811 2644 1899 2701 Je-

319 2745 340 2778 ‹
369 2744 461 2783 sus
498 2746 510 2782 :
558 2729 669 2800 Ego
698 2731 924 2796 veniam,
960 2741 1015 2788 et
1044 2736 1247 2789 curabo
1277 2750 1419 2789 eum.
1462 2735 1528 2789 Et
1571 2737 1898 2804 respondens

318 2838 339 2872 ι
369 2820 613 2877 centurio
661 2821 776 2876 ait:
819 2822 1067 2890 Domine,
1097 2841 1202 2880 non
1255 2840 1371 2879 sum
1405 2825 1599 2896 dignus
1625 2833 1682 2880 ut
1727 2825 1898 2881 intres

317 2930 340 2963 ι
375 2914 473 2967 sub
501 2921 703 2968 tectum
727 2930 930 2982 meum,
970 2917 1061 2972 sed
1089 2925 1297 2971 tantum
1339 2917 1425 2972 dic
1455 2919 1618 2973 verbo
1653 2925 1709 2973 et
1736 2933 1897 2973 sana-

314 3020 338 3054 c
368 3005 515 3058 bitur
540 3019 674 3076 puer
701 3021 875 3061 meus.
913 3005 1046 3061 Nam
1074 3016 1124 3063 el
1155 3024 1255 3080 ego
1281 3009 1441 3062 homo
1468 3024 1586 3063 sum
1613 3009 1713 3064 sub
1745 3017 1897 3080 pote-

315 3113 339 3148 α
365 3105 502 3152 state
551 3100 895 3167 constitutus,
932 3103 1136 3157 habens
1166 3103 1264 3157 sub
1309 3118 1396 3159 me
1436 3102 1652 3169 milites,
1693 3112 1750 3158 et
1773 3104 1894 3160 dico

1998 1941 2203 2005 ordine,
2234 1942 2328 1996 sed
2357 1941 2528 2012 gratia
2564 1941 2662 1996 Dei
2690 1957 2853 2011 supra
2883 1943 3053 2013 legem
3081 1958 3200 1999 esse
3229 1953 3498 2000 curatum.

2068 2056 2176 2128 (Ea:
2205 2055 2449 2129 Hieron.)
2489 2057 2683 2111 Varias
2721 2057 2791 2112 ob
2828 2071 3020 2112 causas
3048 2056 3214 2112 mittit
3241 2071 3364 2111 eum
3391 2056 3460 2110 ad
3489 2070 3579 2111 sa-

1997 2151 2265 2212 cerdotes,
2294 2149 2530 2219 primum
2554 2157 2776 2218 propter
2815 2148 3196 2213 humilitatem,
3242 2156 3302 2202 ut
3329 2147 3581 2202 sacerdo-

1997 2242 2141 2296 tibus
2163 2241 2369 2297 deferre
2391 2241 2656 2296 videatur.
2679 2242 2810 2296 Erat
2830 2242 2976 2297 enim
2999 2242 3051 2295 in
3079 2240 3195 2311 lege
3214 2246 3571 2310 pmceptum,

1997 2338 2060 2384 ut
2094 2333 2186 2400 qui
2227 2332 2466 2386 mundati
2500 2330 2728 2387 fuissent
2759 2348 2791 2386 a
2839 2332 3011 2402 lepra,
3054 2332 3312 2389 offerrent
3354 2348 3578 2388 munera

1999 2421 2387 2478 sacerdotibus.
2433 2423 2638 2478 Deinde
2669 2431 2728 2477 ut
2772 2425 3088 2478 mundatum
3119 2424 3363 2480 videntes
3400 2425 3578 2494 lepro-

2001 2528 2160 2578 sum,
2209 2519 2302 2566 aut
2356 2513 2676 2578 crederent,
2726 2521 2780 2569 et
2832 2513 3189 2579 salvarentur,
3237 2522 3330 2568 aut
3381 2515 3426 2571 si
3473 2529 3579 2569 non

2000 2602 2300 2668 crederent,
2331 2602 2720 2658 inexcusabiles
2770 2601 2984 2667 ﬁerent,
3030 2611 3085 2657 et
3130 2604 3290 2658 simul
3336 2618 3403 2660 ne
3431 2603 3576 2674 quod

1997 2691 2052 2748 in
2090 2707 2155 2747 eo
2175 2693 2471 2762 stepissime
2506 2692 2954 2758 criminabantur,
2985 2693 3160 2764 legem
3189 2693 3461 2750 videretur
3496 2694 3578 2749 in-

1995 2780 2250 2851 fringere.

2070 2893 2171 2966 (Ex
2197 2893 2388 2967 Beda.)
2421 2894 2492 2950 Et
2529 2897 2662 2968 offer
2700 2913 2894 2953 manus
2939 2897 3079 2969 quod
3104 2899 3344 2970 prwcepit
3374 2897 3579 2969 Moyses

1994 2986 2051 3042 in
2074 2988 2424 3042 testimonium
2448 2988 2575 3043 illis.
2607 2989 2814 3046 Ollerre
2838 2999 3018 3046 autem
3044 2989 3370 3048 sacriﬁcium
3392 2989 3570 3058 jubet,

1995 3087 2058 3133 ut
2083 3081 2391 3136 ostenderet
2416 3080 2514 3147 eis,
2542 3081 2670 3150 quia
2711 3097 2817 3138 non
2855 3081 3090 3137 solveret
3121 3080 3313 3152 legem,
3353 3081 3449 3136 sed
3479 3081 3579 3136 im-

313 3208 338 3243 ι
365 3191 494 3247 huic
516 3194 653 3250 vade
689 3201 745 3250 et
777 3195 944 3261 vadit,
970 3204 1025 3251 et
1055 3196 1143 3252 alii
1172 3197 1294 3253 veni
1335 3205 1390 3252 et
1416 3199 1588 3264 venit,
1634 3207 1689 3254 et
1734 3213 1893 3256 servo
1921 3173 1964 3236 C
1995 3170 2184 3240 pleret'
2215 3170 2319 3238 Qui
2351 3173 2647 3227 secundum
2689 3171 2861 3264 legem
2902 3171 3154 3244 gradiens
3192 3186 3354 3241 supra
3381 3169 3576 3240 legem’

312 3301 338 3335 ι
361 3299 484 3340 meo
513 3284 597 3341 fac
626 3287 748 3350 hoc,
781 3295 837 3344 et
883 3288 1033 3344 facit.
1076 3289 1314 3346 Audiens
1344 3299 1520 3346 autem
1549 3290 1705 3348 Jesus
1730 3293 1892 3349 mira-

313 3391 338 3426 ε
367 3383 454 3431 tus
477 3384 581 3443 est,
609 3386 666 3434 et
689 3381 1042 3448 sequentibus
1065 3395 1123 3437 se
1149 3382 1319 3436 dixit:
1353 3381 1524 3437 Amen
1555 3383 1677 3439 dico
1714 3385 1888 3453 vobis,

311 3484 336 3518 ε
364 3483 468 3524 non
499 3469 675 3525 inveni
704 3477 910 3526 tantam
937 3470 1098 3528 fidem
1135 3473 1188 3527 in
1211 3473 1397 3538 Israel,
1425 3473 1547 3529 dico
1577 3484 1756 3530 autem
1787 3492 1886 3532 vo-

309 3576 334 3610 ι
361 3559 468 3625 bis,
497 3562 638 3632 quod
666 3562 818 3616 multi
867 3564 935 3618 ab
978 3565 1186 3619 oriente
1227 3575 1282 3620 et
1327 3566 1604 3622 occidente
1651 3569 1886 3635 venient,

308 3671 332 3705 ι
361 3659 416 3706 et
441 3655 756 3710 recumbent
794 3671 916 3710 cum
964 3655 1238 3712 Abraham
1282 3666 1338 3712 et
1377 3658 1526 3714 Isaac
1555 3668 1608 3715 et
1633 3659 1802 3716 Jacob
1834 3663 1886 3718 in

306 3759 332 3794 α
361 3759 528 3813 regno
561 3745 838 3802 cmlorum.
871 3745 996 3803 Filii
1022 3756 1203 3804 autem
1234 3752 1384 3822 regni
1414 3751 1699 3822 ejicientur
1724 3754 1779 3808 in
1809 3762 1887 3810 te-

307 3852 330 3887 (
357 3835 552 3890 nebras
572 3836 887 3902 exteriores,
914 3837 987 3892 ibi
1017 3839 1123 3894 erit
1142 3838 1299 3896 ﬂetus
1323 3849 1378 3896 et
1404 3841 1603 3898 stridor
1624 3844 1882 3902 dentium.

305 3947 329 3983 ι
359 3930 427 3986 Et
453 3932 588 3986 dixit
615 3931 772 3988 Jesus
803 3935 1135 3990 centurioni:
1165 3936 1330 4001 Vade,
1367 3945 1423 3992 et
1445 3937 1586 3992 sicut
1607 3938 1886 3995 credidisti

305 4039 329 4076 ι
361 4021 455 4078 fiat
485 4024 605 4090 tibi,
647 4032 702 4080 et
728 4033 948 4081 sanatus
980 4034 1064 4081 est
1093 4041 1228 4096 puer
1256 4026 1310 4082 in
1343 4027 1433 4082 illa
1457 4029 1610 4084 hora.
1642 4048 1661 4082 ι

374 4117 506 4173 Cum
543 4119 887 4175 descendisset
914 4119 1070 4175 Iesus
1097 4121 1160 4176 de
1187 4131 1358 4176 monte
1383 4131 1574 4177 secuta:
1618 4131 1741 4178 sunt
1764 4140 1882 4180 eum

297 4211 470 4265 turba:
493 4215 693 4264 multm.
724 4210 800 4264 De
831 4219 1009 4265 monte
1033 4211 1259 4267 Domino
1283 4212 1662 4278 descendente,
1701 4214 1758 4269 id
1778 4223 1882 4281 est,

296 4301 366 4358 de
389 4300 544 4357 ccelis
572 4301 626 4356 in
667 4302 946 4367 mundum,
977 4313 1172 4359 secuta:
1196 4313 1322 4360 sunt
1345 4320 1468 4359 eum
1506 4306 1677 4361 turba:
1703 4306 1884 4364 multa:

295 4391 516 4462 generis
545 4391 765 4446 humani
792 4407 890 4462 per
917 4393 1098 4458 ﬁdem,
1147 4394 1251 4450 nisi
1279 4395 1422 4450 enim
1454 4394 1543 4450 ille
1569 4395 1881 4452 descendis-

293 4491 399 4546 set,
431 4499 588 4540 nemo
617 4485 896 4541 hominum
936 4487 1004 4542 ad
1033 4486 1200 4543 ccelos
1237 4487 1587 4544 ascendisset.

370 4575 438 4630 Et
488 4593 603 4630 ecce
648 4575 882 4647 leprosus
925 4579 1129 4633 veniens
1176 4578 1432 4633 adorabat
1479 4597 1598 4636 eum
1646 4579 1868 4636 dicens:

292 4665 540 4732 Domine,
563 4668 609 4723 si
634 4669 706 4723 vis
741 4677 883 4739 potes
910 4686 990 4723 me
1011 4669 1287 4724 mundare.
1318 4671 1376 4725 In
1399 4671 1734 4726 voluntatem
1767 4673 1874 4728 Dov

291 4762 428 4817 mini
455 4761 643 4816 tribuit
665 4769 1002 4832 potestatem,
1031 4762 1097 4818 de
1134 4763 1408 4818 voluntate
1444 4772 1625 4819 autem
1659 4763 1870 4820 Domini

290 4867 402 4908 non
432 4852 713 4908 dubitavit.
744 4851 852 4908 Sed
877 4853 1031 4922 quasi
1069 4854 1173 4910 sibi
1193 4854 1444 4909 conscius
1473 4870 1581 4908 non
1603 4869 1867 4925 prmsum-

285 4944 420 5016 psit,
449 4944 694 5014 lcprosus
725 4943 824 4999 iste
844 4943 1098 5015 p0pulum
1128 4945 1364 5015 gentium
1396 4944 1738 5016 significavit,
1778 4946 1872 5016 qui

289 5041 649 5103 compunctus
682 5034 750 5088 ad
778 5034 1206 5104 misericordiam
1238 5035 1446 5090 Domini
1472 5035 1735 5104 pervenit.

362 5126 429 5180 Et
458 5125 689 5181 extendit
716 5124 872 5181 Iesus
915 5133 1132 5181 manum
1170 5143 1342 5193 suam,
1388 5126 1552 5198 tetigit
1595 5143 1731 5190 eum,
1789 5126 1871 5180 di-

286 5233 409 5272 cens
434 5231 451 5268 :
490 5216 640 5284 Volo,
667 5217 941 5273 mundare.
981 5219 1084 5290 (Ex
1113 5217 1356 5290 Hieron.)
1385 5218 1677 5273 Considera
1706 5235 1867 5288 quam

286 5307 511 5363 humilis
548 5309 846 5378 responsio.
886 5307 978 5363 Ille
1005 5309 1215 5364 dixerat
1246 5309 1292 5363 si
1331 5308 1433 5362 vis.
1479 5307 1736 5362 Dominus
1777 5324 1866 5362 re-

286 5400 505 5470 spondit
529 5418 542 5453 :
572 5400 724 5455 Volo.
749 5400 862 5466 llle,
885 5408 1040 5470 potes
1068 5415 1156 5455 me
1179 5400 1458 5456 mundare.
1487 5399 1747 5454 Dominus
1782 5401 1866 5455 di-

286 5489 385 5554 cit,
415 5493 761 5567 καθαρὶσθητι,
793 5491 1072 5545 mundare.
1119 5490 1235 5546 Non
1276 5505 1406 5561 ergo
1445 5491 1584 5546 sicut
1623 5489 1865 5562 plerique

285 5577 604 5638 Latinorum
633 5590 826 5654 putant
857 5579 1199 5653 jungendum
1220 5587 1320 5646 est,
1345 5589 1400 5636 et
1417 5581 1699 5654 legendum
1723 5580 1861 5646 volo,

284 5674 575 5740 mundare,
621 5674 714 5730 sed
762 5673 1074 5745 separatim,
1119 5680 1181 5727 ut
1223 5673 1461 5748 primum
1512 5673 1673 5741 dicat,
1719 5674 1862 5740 volo,

285 5761 485 5822 deinde
507 5766 756 5833 imperet,
785 5765 1063 5822 mundare.

1993 3271 2211 3319 sanaret
2237 3278 2354 3327 eos,
2394 3279 2530 3332 quos
2572 3263 2811 3318 remedia
2841 3263 2975 3332 legis
3013 3278 3120 3319 non
3152 3270 3494 3326 sanaverant,
3524 3270 3579 3317 et

1990 3354 2128 3409 bene
2155 3354 2388 3408 additur.
2418 3353 2476 3408 ln
2503 3355 2868 3409 testimonium
2893 3353 3016 3409 illis.
3060 3354 3164 3407 hoc
3185 3361 3289 3417 est,
3322 3353 3366 3406 si
3393 3351 3575 3407 Domi-

1991 3460 2062 3499 no
2092 3445 2334 3509 credant,
2375 3445 2418 3499 si
2458 3444 2750 3515 impietatis
2775 3443 2923 3514 lepra
2954 3443 3249 3500 discedant.
3283 3441 3416 3510 Quia
3445 3455 3576 3496 vero

1991 3536 2170 3606 typice
2191 3535 2278 3589 vir
2318 3537 2440 3602 iste,
2488 3535 2723 3607 peccatis
2768 3535 3075 3606 languidum
3121 3549 3290 3604 genus
3330 3532 3579 3604 designat

1990 3626 2308 3690 humanum,
2352 3633 2498 3681 recte
2535 3641 2642 3680 non
2685 3626 2857 3680 solum
2888 3626 3154 3696 leprosus,
3183 3625 3277 3681 sed
3306 3633 3360 3680 et
3386 3624 3576 3694 plenus

1988 3715 2135 3786 lepra
2189 3716 2530 3771 describitur.
2587 3715 2786 3771 Omnes
2853 3715 2999 3770 enim
3067 3721 3450 3786 peccaverunt,
3514 3722 3570 3768 et

1987 3818 2146 3882 egent
2185 3808 2353 3882 gloria
2395 3809 2510 3863 Dei.
2543 3808 2634 3862 llla
2661 3808 2888 3874 scilicet,
2928 3815 2986 3861 ut
3015 3815 3233 3862 extenta
3271 3821 3435 3860 manu
3461 3804 3568 3860 sal-

1983 3901 2210 3966 vatoris,
2269 3901 2369 3955 hoc
2418 3909 2520 3964 est,
2569 3899 2848 3956 incarnato
2887 3898 2980 3954 Dei
3029 3900 3195 3954 verbo
3242 3899 3568 3968 humanam-

1985 4005 2091 4060 que
2118 3991 2463 4060 contingente
2492 3997 2763 4055 naturam,
2793 3989 2860 4045 ab
2882 3988 3086 4044 erroris
3115 3987 3280 4058 prisci
3309 3986 3573 4042 varietate

1982 4083 2332 4148 mundcntur,
2361 4082 2674 4151 possintque
2716 4096 2838 4136 cum
2879 4080 3136 4151 apostolis
3174 4079 3402 4134 audire:
3445 4078 3566 4132 Jam

1981 4189 2081 4230 vos
2123 4174 2304 4229 mundi
2347 4174 2480 4228 estis
2528 4181 2751 4243 propter
2779 4187 3102 4236 sermonem,
3146 4185 3307 4241 quem
3353 4170 3568 4226 loculus

1983 4281 2102 4323 sum
2130 4267 2285 4322 vobis
2315 4264 2497 4336 (Joan.
2537 4263 2654 4336 xv),
2681 4273 2736 4319 et
2761 4265 2851 4333 qui
2878 4263 3080 4319 diutius
3118 4260 3512 4317 abominabiles
3537 4277 3568 4316 a

1978 4358 2176 4431 populo
2205 4359 2299 4414 Dei
2322 4366 2478 4412 erant
2505 4357 2700 4412 castris
2723 4357 2949 4422 secreti,
2978 4355 3092 4425 jam
3119 4355 3408 4425 aliquando
3432 4363 3568 4409 tem-

1980 4452 2072 4523 plo
2101 4451 2272 4516 reddi,
2298 4458 2352 4505 et
2377 4450 2642 4505 sacerdoti
2667 4457 2867 4519 queant
2907 4448 3112 4514 offerri,
3143 4447 3219 4502 illi
3254 4446 3445 4516 utique
3474 4441 3565 4500 cui

1900 4527 1956 4590 D
1980 4542 2214 4599 dicitur:
2255 4541 2333 4596 Tn
2359 4559 2412 4598 es
2437 4541 2680 4598 sacerdos
2721 4542 2778 4595 in
2817 4549 3069 4595 reternum
3098 4537 3271 4611 (Psal.
3304 4537 3417 4610 cx).
3446 4537 3558 4592 Au-

1971 4635 2181 4691 dientes
2206 4635 2274 4689 ab
2294 4633 2550 4703 Apostolo
2574 4633 2830 4704 templum
2856 4633 3002 4688 enim
3031 4632 3126 4687 Dei
3161 4641 3406 4688 sanetum
3447 4639 3554 4696 est,

1971 4724 2114 4796 quod
2147 4725 2280 4780 estis
2321 4739 2437 4790 vos,
2473 4723 2808 4792 otferantque
2854 4738 2952 4793 pro
3006 4723 3385 4778 emundatione
3433 4737 3555 4786 sua,

1969 4819 2110 4876 sicut
2135 4818 2391 4888 praecepit
2415 4816 2642 4888 Moyses.
2671 4816 2727 4870 Id
2750 4824 2854 4882 est,
2889 4815 3181 4871 exhibeant
3203 4830 3430 4886 corpora
3454 4830 3552 4870 sua

1971 4911 2198 4966 hostiam
2217 4911 2488 4976 viventem,
2513 4918 2771 4976 sanctam,
2797 4909 2907 4963 Deo
2929 4908 3219 4981 placentem
3247 4909 3418 4982 (Rom.
3435 4909 3557 4980 xu).

2047 5021 2180 5077 Cum
2204 5023 2504 5079 introissent
2529 5022 2926 5094 Capharnanm,
2954 5023 3170 5078 accessit
3185 5023 3267 5080 ad
3293 5041 3413 5078 eum
3442 5040 3560 5077 cen-

1974 5121 2137 5184 turio,
2164 5136 2354 5190 rogans
2374 5136 2493 5174 eum
2519 5129 2567 5173 et
2611 5119 2809 5173 dicens.
2838 5118 3109 5186 Quteritur
3133 5121 3402 5192 quomodo
3431 5134 3558 5173 con-

1973 5211 2176 5276 veniat,
2220 5211 2365 5280 quod
2413 5209 2588 5264 Lucas
2638 5210 3008 5265 centurionem
3056 5211 3272 5265 nuntios
3322 5209 3554 5263 misisse.

1975 5301 2260 5356 Matthaeus
2287 5309 2467 5356 autem
2511 5302 2687 5372 ipsum
2716 5301 3009 5355 accessisse
3038 5307 3224 5354 narrat
3267 5299 3335 5352 ad
3377 5298 3558 5352 Domi-

1972 5409 2123 5449 num.
2155 5392 2332 5448 Facile
2369 5402 2532 5464 patet,
2574 5394 2720 5464 quod
2759 5393 3042 5448 Matthaaus
3078 5390 3357 5446 brevitatis
3393 5405 3556 5448 causa

1973 5484 2172 5541 dixerit
2201 5486 2373 5555 ipsum
2402 5487 2716 5552 accessisse,
2747 5486 2903 5558 cujus
2936 5482 3259 5540 desiderium
3291 5490 3346 5537 et
3370 5483 3558 5539 volun-

1971 5582 2056 5630 tas
2107 5576 2173 5628 ad
2226 5575 2507 5630 Dominum
2564 5577 2835 5632 veraciter
2897 5582 2980 5630 est
3033 5571 3274 5644 praelata.
3330 5574 3553 5647 Mystice

1969 5669 2136 5727 etiam
2168 5669 2322 5724 nobis
2347 5670 2749 5733 commendans,
2792 5670 2896 5724 hoc
2941 5666 3086 5738 quod
3127 5668 3386 5736 scriptum
3426 5677 3548 5722 est:

1968 5760 2212 5817 Accedite
2259 5759 2328 5814 ad
2371 5777 2509 5826 eum,
2560 5771 2609 5816 et
2666 5759 3058 5815 illuminamini.
3110 5757 3283 5832 (Psal.
3336 5758 3548 5830 xxxiv.)
