4110 6474
539 363 610 420 95
1823 368 2173 428 SMARAGDI
2208 369 2498 428 ABBATIS
3725 377 3802 436 96

541 481 710 536 Porro
739 479 914 536 Lucas
950 486 1121 536 totum
1150 481 1601 550 quemadmodum
1629 491 1838 558 gestum
1880 485 1953 540 sit
1989 500 2116 556 ape-
2142 489 2196 551 Α
2219 500 2302 538 mo
2328 500 2443 548 sua,
2468 482 2664 552 faciens
2692 480 3044 556 eleemosynas
3069 480 3260 540 multas
3279 481 3419 553 plebi
3437 489 3488 541 et
3511 483 3803 556 deprecans

543 573 671 626 ruit.

611 661 858 728 Domine,
897 679 1028 733 puer
1052 679 1197 718 meus
1234 665 1379 734 jacet
1401 667 1457 721 in
1498 667 1653 722 domo
1677 668 2022 740 paralyticus,
2068 678 2119 725 et

543 753 681 806 male
708 763 998 824 torquetur,
1029 763 1077 807 et
1104 755 1179 808 ait
1220 755 1299 810 illi
1337 757 1492 812 Jesus
1517 772 1536 810 .'
1579 759 1694 830 Ego
1734 762 1936 814 veniam
1959 769 2006 814 et
2029 778 2120 814 cu-

543 843 672 897 rabo
714 859 852 896 eum.
877 843 1081 900 Videns
1104 848 1438 904 centurionis
1477 849 1658 914 ﬁdem,
1686 851 2042 907 humilitatem
2066 859 2122 907 et

543 935 906 1004 prudentiam,
932 939 1116 993 statim
1142 954 1199 994 se
1221 941 1422 996 iturum
1450 950 1505 997 et
1533 951 1846 999 sanaturum
1870 959 1988 999 esse
2003 961 2123 1015 pro-

543 1025 728 1080 mittit.
755 1025 942 1084 Fidem
966 1029 1020 1084 in
1043 1045 1130 1096 eo,
1150 1031 1290 1100 quod
1305 1049 1370 1088 ex
1387 1034 1635 1104 gentibus
1649 1035 1877 1090 credidit
1894 1051 2120 1106 puerum

547 1131 579 1169 a
606 1115 890 1175 Salvatore
909 1135 1067 1190 posse
1098 1122 1314 1178 salvari.
1341 1123 1728 1190 Humilitatem,
1758 1124 1901 1196 quod
1918 1143 1974 1182 se
1982 1125 2122 1195 judi-

545 1208 688 1262 cavit
712 1209 1011 1282 indignum,
1039 1211 1191 1280 cujus
1217 1219 1416 1269 tectum
1438 1214 1668 1271 intraret
1688 1217 1967 1272 Dominus.
1985 1216 2123 1272 Pru-

547 1299 806 1366 dentiam,
841 1302 984 1370 quod
1011 1303 1150 1357 ultra
1191 1305 1435 1375 corporis
1471 1314 1742 1374 tegumen,
1776 1307 2115 1362 divinitatem

544 1387 804 1445 latentem
825 1392 1040 1458 viderit,
1059 1394 1233 1450 sciens
1249 1411 1354 1450 non
1383 1397 1435 1450 id
1457 1397 1559 1452 sibi
1588 1395 1951 1467 profuturum,
1979 1399 2123 1467 quod

542 1487 710 1541 etiam
739 1488 808 1541 ab
850 1488 1142 1545 incredulis
1171 1492 1474 1559 videbatur,
1505 1493 1599 1548 sed
1646 1493 1699 1548 id
1740 1495 1885 1563 quod
1923 1494 2126 1548 latebat

541 1577 887 1634 intrinsecus.
915 1579 1218 1653 Allegorice
1248 1591 1426 1638 autem
1461 1583 1861 1654 Capharnaum,
1893 1598 2012 1654 quae
2039 1585 2122 1639 in-

541 1677 874 1740 terpretatur
920 1687 1049 1744 ager
1099 1675 1503 1743 consolationis,
1535 1677 1630 1731 vel‘
1657 1677 1780 1731 villa
1823 1677 2126 1746 pulcherri-

2216 573 2388 629 Deum
2411 589 2611 645 semper
2632 572 2770 644 (Act.
2811 575 2891 646 κ).

2289 663 2518 717 Audiens
2576 673 2748 717 autem
2789 663 2942 719 Jesus
2997 665 3218 720 miratus
3263 648 3358 721 est.
3415 665 3640 723 Miratus
3692 678 3805 737 est,

2219 753 2360 823 quod
2380 752 2514 806 vidit
2533 755 2904 810 centurionem
2931 771 3082 810 suam
3113 756 3414 828 intelligere
3433 759 3804 830 majestatem.

2221 842 2327 897 Sed
2359 843 2482 913 quis
2523 843 2579 898 in
2606 843 2697 898 illo
2729 843 2935 900 fecerat
2973 846 3143 916 ipsam
3173 845 3332 902 ﬁdem
3383 848 3471 903 vel
3500 848 3809 923 intelligen-

2220 933 2374 1001 tiam,
2403 935 2508 990 nisi
2532 935 2645 1005 ipse
2673 936 2763 1006 qui
2803 951 2924 991 eam
2951 937 3290 994 mirabatur?
3311 938 3464 1006 Quod
3501 941 3547 995 si
3575 948 3631 996 et
3658 942 3805 1001 alius

2219 1041 2338 1080 eam
2363 1026 2600 1094 fecisset,
2624 1029 2752 1098 quid
2779 1029 3088 1095 miraretur,
3127 1031 3218 1100 qui
3243 1031 3502 1100 praescius
3526 1041 3660 1087 erat.
3695 1033 3811 1089 No—

2222 1120 2441 1173 tandum
2481 1134 2609 1191 ergo
2638 1120 2763 1190 quia
2787 1121 2930 1190 quod
2958 1121 3191 1175 miratur
3217 1122 3477 1179 Dominus
3521 1125 3676 1180 nobis
3703 1127 3810 1181 mi-

2223 1213 2450 1266 randum
2476 1227 2596 1268 esse
2637 1213 2923 1286 signiﬁcat,
2968 1215 3163 1284 quibus
3193 1214 3371 1270 adhuc
3408 1232 3544 1286 opus
3589 1226 3694 1282 est,
3724 1218 3810 1274 sic

2222 1301 2659 1367 moneri,omncs
2692 1304 2837 1357 enim
2867 1303 3002 1359 tales
3029 1311 3207 1360 motus
3233 1319 3355 1359 cum
3386 1305 3452 1361 de
3481 1305 3592 1362 Deo
3616 1306 3809 1362 dicun-

2224 1399 2314 1444 tur
2342 1407 2447 1447 non
2478 1393 2782 1463 perturbati
2816 1393 2980 1448 animi
3030 1394 3184 1466 signa
3230 1402 3376 1456 sunt.
3425 1397 3522 1452 sed
3562 1398 3807 1455 docentis

2224 1482 2487 1552 magistri.

2296 1571 2364 1626 Et
2410 1590 2686 1628 conversus
2727 1575 3055 1646 sequentibus
3101 1593 3156 1631 se
3201 1577 3368 1632 turbis
3414 1578 3592 1632 dixit:
3640 1577 3809 1634 Amen

2225 1665 2343 1720 dico
2368 1666 2529 1732 vobis,
2561 1683 2663 1721 non
2688 1668 2858 1721 inveni
2901 1678 3102 1722 tantam
3137 1669 3296 1738 ﬁdem
3341 1671 3397 1724 in
3444 1670 3635 1726 Israel.
3687 1670 3808 1726 Non

539 1777 652 1828 ma,
683 1763 978 1819 Ecclesiam
1003 1766 1291 1837 signiﬁcat.
1315 1767 1574 1823 Centurio
1596 1778 1816 1840 propter
1837 1770 2120 1840 perfectio-

2227 1757 2295 1812 de
2323 1758 2575 1812 omnibus
2621 1765 2768 1812 retro
2806 1759 3132 1828 patriarchis
3176 1770 3230 1815 et
3269 1762 3567 1830 prophetis,
3616 1761 3710 1816 sed
3739 1762 3810 1816 de

539 1867 690 1920 nem,
721 1857 934 1911 numeri
961 1859 1216 1924 nominis,
1260 1861 1531 1931 primitias
1561 1861 1832 1934 signiﬁcat
1857 1863 2118 1934 gentium.

2224 1851 2505 1922 prassentis
2537 1851 2638 1906 aevi
2674 1850 2913 1920 loquitur
2938 1851 3264 1918 hominibus,
3297 1854 3492 1922 quibus
3534 1853 3654 1908 ideo
3679 1870 3810 1910 cen-

545 1944 620 2000 Ut
673 1945 957 2005 Cornelius
985 1951 1072 2006 vel
1106 1953 1385 2009 eunuchus
1434 1969 1466 2008 a
1524 1953 1765 2025 Philippo
1818 1955 2125 2025 baptizatus

539 2037 680 2109 (Act.
709 2040 854 2113 vm).
890 2042 1034 2099 Puer
1061 2045 1152 2115 qui
1198 2045 1254 2100 in
1299 2046 1459 2118 domo
1501 2043 1649 2115 jacet
1692 2047 2021 2119 paralyticus
2071 2055 2126 2102 et

540 2132 684 2188 male
729 2143 1013 2204 torquetur
1063 2153 1094 2192 a
1140 2139 1426 2205 dzemonio,
1478 2140 1734 2210 populum
1787 2139 2126 2212 signiﬁcabat

539 2222 800 2293 gentium,
842 2225 1021 2294 quiin
1067 2227 1244 2294 domo,
1288 2229 1341 2284 id
1370 2238 1471 2296 est,
1519 2231 1572 2284 in
1606 2231 1711 2286 hoc
1753 2229 1952 2284 mundo
1981 2229 2126 2284 idola

537 2313 723 2370 colens
753 2317 1194 2388 daemonibusque
1227 2322 1469 2377 serviens
1498 2322 1729 2378 inﬁdelis
1755 2320 1990 2390 jacebat.

609 2428 711 2500 (Ex
745 2428 935 2500 Beda.)
975 2429 1046 2485 Et
1088 2434 1404 2504 respondens
1431 2435 1547 2488 ait:
1588 2434 1832 2502 Domine,
1880 2452 1982 2489 non
2007 2452 2124 2490 sum

539 2519 729 2590 dignus
758 2529 815 2574 ut
857 2522 1018 2577 intres
1045 2524 1139 2578 sub
1163 2534 1354 2579 tectum
1377 2542 1571 2581 meum.
1601 2527 1829 2596 Propter
1847 2528 1970 2583 vita:
1997 2543 2127 2600 gen-

537 2609 652 2665 tilis
691 2612 1102 2677 conscientiam,
1145 2617 1360 2687 gravari
1395 2633 1452 2672 se
1479 2619 1652 2690 magis
1686 2619 1995 2691 dignatione
2021 2635 2126 2690 pu-

539 2702 677 2757 tavit
751 2719 916 2773 quam
966 2706 1166 2776 juvari.
1234 2707 1345 2764 Nec
1393 2725 1553 2780 posse
1603 2711 1804 2767 habere
1857 2714 2125 2783 hospitem

536 2790 833 2860 Christum,
861 2793 1018 2863 cujus
1044 2806 1099 2852 et
1139 2797 1186 2853 si
1226 2798 1332 2856 ﬁde
1354 2801 1633 2871 praeditus,
1678 2803 1915 2858 nondum
1941 2811 2125 2859 tamen

535 2890 656 2936 erat
677 2886 1035 2942 sacramentis
1069 2889 1326 2946 imbutus.
1363 2891 1471 2947 Sed
1497 2893 1624 2963 quia
1660 2910 1780 2964 qua":
1817 2904 2003 2950 nostra
2037 2896 2124 2950 in-

536 2971 768 3031 ﬁrmitas
797 2992 903 3032 non
928 2981 1230 3048 praesumit,
1260 2984 1438 3040 divina
1479 2987 1653 3056 gratia
1695 2987 1827 3043 dare
1852 2988 2019 3044 novit.
2058 2987 2126 3044 Et

543 3063 684 3121 alius
717 3069 984 3137 centurio,
1012 3071 1104 3142 qui
1135 3073 1276 3129 sicut
1301 3083 1356 3130 et
1381 3075 1503 3142 iste,
1542 3077 1852 3134 credentem
1891 3093 1960 3134 ex
1997 3095 2128 3151 gen-

537 3158 680 3215 tibus
717 3164 973 3232 populum
1016 3167 1346 3240 praeﬁgurat,
1395 3186 1603 3242 magna:
1638 3173 1764 3229 ﬁdei
1807 3183 1861 3228 et
1898 3175 2122 3247 justitias

541 3251 737 3306 merito
751 3252 988 3324 Spiritus
1007 3258 1183 3313 sancti
1205 3259 1404 3314 donum
1424 3263 1738 3334 priusquam
1754 3267 2123 3336 baptizaretur

534 3345 764 3414 accepit,
798 3355 852 3400 et
881 3347 981 3402 iste
1012 3350 1242 3406 necdum
1273 3354 1660 3423 catechizatus,
1690 3366 1745 3413 et
1773 3359 1933 3416 ﬁdem
1967 3378 2122 3420 suam

533 3434 741 3493 laudari
771 3453 804 3494 a
831 3441 1060 3498 Domino
1092 3450 1148 3499 et
1179 3446 1441 3502 famulum
1473 3447 1668 3505 salvari
1693 3455 2012 3522 promeruit.

609 3549 717 3606 Sed
759 3560 965 3608 tantum
1015 3555 1101 3610 dic
1136 3559 1306 3625 verbo,
1362 3569 1413 3615 et
1457 3563 1734 3617 sanabitur
1776 3583 1908 3635 puer
1953 3583 2118 3624 meus.

533 3637 725 3710 Magna
768 3641 901 3698 ﬁdes
930 3647 1281 3716 centurionis,
1313 3651 1439 3722 quia
1473 3654 1621 3708 verbi
1656 3669 1792 3725 opus
1822 3657 1877 3711 in
1905 3655 2123 3715 Christo

534 3731 843 3799 conﬁtetur,
877 3743 931 3791 et
951 3745 1152 3794 nostrae
1180 3742 1501 3808 sanationis,
1525 3760 1590 3800 ac
1610 3748 1889 3802 commoda
1923 3758 2124 3820 myste-

535 3824 652 3889 riis,
686 3826 779 3895 qui
807 3834 864 3882 et
909 3829 956 3883 si
998 3845 1326 3888 noveramus
1372 3837 1668 3891 secundum
1699 3853 1919 3896 carnem
1967 3839 2124 3897 Chri-

535 3919 699 3979 stum,
738 3915 834 3970 sed
852 3913 966 3985 jam
996 3932 1105 3974 non
1136 3921 1385 3976 novimus
1417 3923 1504 3994 (II
1536 3924 1658 3979 Cor.
1688 3926 1765 4000 v).

609 4023 754 4080 Nam
788 4037 837 4081 et
859 4044 953 4100 ego
983 4029 1139 4084 homo
1162 4049 1280 4087 sum
1309 4034 1404 4088 sub
1425 4046 1676 4105 potestate
1697 4043 2007 4098 constitutus
2026 4045 2122 4100 ha-

536 4115 659 4172 bens
679 4118 780 4172 sub
799 4136 880 4174 me
906 4121 1119 4177 milites.
1150 4123 1433 4182 Hominem
1461 4143 1518 4183 se
1545 4139 1598 4184 et
1623 4135 1997 4202 potestati,vel
2027 4138 2124 4192 tri-

535 4207 666 4263 buni
714 4210 799 4263 vel
839 4213 1091 4281 przesidis
1131 4217 1406 4273 subditum
1438 4220 1589 4289 dicit,
1621 4223 1888 4292 imperare
1941 4235 2120 4285 tamen

536 4313 695 4368 posse
723 4300 1043 4370 minoribus,
1070 4314 1131 4359 ut
1172 4308 1524 4366 subaudiatur
1568 4329 1690 4369 eum
1742 4317 1912 4374 multo
1951 4323 2123 4393 magis

539 4390 630 4460 qui
663 4392 804 4446 Deus
825 4393 914 4460 sit,
939 4405 994 4451 et
1019 4412 1182 4468 super
1204 4404 1383 4456 omnia
1408 4412 1600 4473 potens
1648 4408 1983 4466 innumeram
2013 4390 2124 4470 vir-

539 4481 666 4535 tutis
691 4483 970 4553 angelicze,
1001 4503 1122 4558 quze
1149 4491 1215 4546 ad
1240 4491 1504 4563 imperata
1532 4496 1885 4573 obtemperet,
1920 4506 2123 4566 habere

537 4570 806 4628 militiam.

606 4679 675 4734 Et
696 4681 814 4738 dico
837 4685 960 4741 huic
981 4689 1128 4756 vade,
1167 4701 1216 4746 et
1238 4694 1403 4762 vadit,
1429 4706 1479 4751 et
1520 4699 1625 4755 alio
1651 4705 1782 4769 veni,
1819 4715 1866 4759 et
1886 4708 2043 4772 venit,
2069 4718 2120 4764 et

533 4787 680 4828 servo
704 4791 817 4831 meo
841 4778 929 4848 fac
953 4782 1051 4837 hoc
1086 4793 1135 4838 et
1171 4785 1320 4855 facit.
1353 4790 1479 4846 Vult
1506 4796 1792 4852 ostendere
1830 4799 2117 4858 Dominum

534 4876 748 4933 quoque
774 4882 880 4922 non
903 4884 1002 4938 per
1039 4873 1328 4932 adventum
1355 4886 1563 4937 tantum
1589 4889 1856 4957 corporis,
1901 4891 1993 4946 sed
2021 4907 2120 4963 per

533 4955 844 5025 angelorum
867 4961 1171 5020 ministeria
1201 4982 1357 5037 posse
1400 4971 1623 5044 implere
1663 4955 1806 5046 quod
1830 4955 2120 5049 vellet,.re-

533 5047 794 5118 pellendas
819 5054 965 5109 enim
992 5066 1170 5126 erant,
1204 5063 1288 5116 vel
1331 5064 1676 5124 inﬁrmitates
1714 5047 2006 5143 corporum»
2030 5077 2116 5133 vel

529 5137 877 5198 fortitudines
907 5149 1210 5217 cdntrarire,
1259 5155 1452 5225 quibus
1488 5159 1650 5216 homo
1674 5162 1742 5217 ad
1783 5137 2113 5225 debilitatem

531 5243 672 5299 saepe
698 5235 1028 5304 conceditur,
1053 5248 1108 5296 et
1135 5243 1302 5300 verbo
1327 5247 1559 5317 Domini,
1597 5261 1652 5308 et
1671 5251 1987 5315 ministeriis
2016 5276 2114 5318 an-

531 5321 790 5392 gelorum.

600 5413 789 5473 Aliter.
829 5419 1026 5480 Milites
1063 5434 1120 5481 et
1149 5428 1313 5496 servi,
1345 5430 1437 5500 qui
1482 5437 1785 5492 centurioni
1831 5441 2106 5510 obediunt,

529 5502 757 5561 virtutes
795 5521 922 5567 sunt
967 5517 1261 5583 naturales,
1295 5535 1522 5588 quarum
1562 5541 1667 5581 non
1703 5528 1981 5586 minimam
2019 5549 2110 5588 co-

526 5597 671 5668 piam
701 5602 854 5659 multi
893 5608 959 5662 ad
984 5609 1269 5665 Dominum
1296 5614 1571 5672 venientes
1617 5634 1800 5674 secum
1836 5621 2104 5680 delerunt.

526 5685 605 5743 De
631 5690 828 5760 quibus
876 5696 932 5751 in
967 5697 1205 5755 Cornelii
1245 5711 1300 5756 et
1325 5706 1659 5764 centurionis
1705 5701 1863 5766 laude
1885 5714 2104 5782 dicitur,

537 5785 654 5855 quia
680 5798 799 5848 erat
828 5791 914 5848 vir
933 5790 1135 5866 justus,
1159 5803 1206 5852 et
1236 5795 1420 5856 timens
1449 5798 1638 5871 Deum,
1684 5819 1802 5861 cum
1838 5808 1979 5865 omni
2002 5808 2102 5867 do-

2228 1941 2457 1997 turionis
2497 1941 2632 1996 ﬁdes
2675 1940 2992 1996 antefertur.
3030 1941 3166 2008 Quia
3210 1941 3286 1996 illi
3327 1943 3473 2014 leges
3512 1941 3811 2014 Propheta-

2225 2044 2453 2100 rumque
2478 2031 2700 2085 monitis
2743 2031 2939 2098 edocti,
2970 2030 3059 2086 hic
3082 2039 3285 2100 autem,
3307 2032 3525 2090 nemine
3554 2033 3800 2104 docente,

2227 2133 2417 2195 sponte
2456 2127 2704 2181 credidit.

2296 2220 2427 2273 Dico
2453 2230 2628 2274 autem
2661 2221 2821 2288 vobis,
2867 2222 3006 2293 quod
3052 2222 3204 2279 multi
3249 2224 3312 2278 ab
3357 2225 3552 2280 oriente
3579 2235 3628 2280 et
3671 2227 3809 2281 occi-

2224 2309 2378 2364 dente
2423 2311 2648 2375 venient,
2677 2321 2724 2365 et
2777 2314 3073 2368 recumbent
3120 2332 3239 2369 cum
3277 2313 3546 2370 Abraham
3572 2327 3620 2371 et
3647 2317 3809 2372 Isaac

2225 2407 2273 2453 et
2302 2399 2467 2454 Jacob
2503 2402 2558 2454 in
2601 2418 2759 2473 regno
2813 2402 3078 2458 caelorum.
3134 2404 3272 2471 Quia
3317 2404 3461 2461 Deus
3510 2407 3806 2474 Abraham,

2226 2491 2349 2546 coeli
2395 2492 2640 2548 conditor
2687 2502 2843 2564 pater
2871 2493 3074 2550 Christi
3127 2504 3231 2551 est.
3282 2497 3489 2554 Idcirco
3540 2499 3594 2552 in
3640 2513 3810 2569 regno

2225 2581 2486 2638 ccelorum
2541 2591 2646 2650 est,
2693 2591 2749 2639 et
2791 2585 3087 2652 Abraham,
3139 2603 3262 2643 cum
3315 2603 3420 2657 quo
3475 2588 3810 2646 accubitum

2225 2680 2352 2726 sunt
2399 2674 2666 2741 nationes,
2699 2691 2818 2746 qua:
2853 2677 3184 2733 crediderint
3226 2679 3283 2734 in
3324 2677 3598 2735 Christum
3636 2680 3811 2739 ﬁlium

2224 2765 2510 2832 creatoris,
2549 2773 2604 2821 et
2653 2766 2741 2823 ille
2784 2768 2991 2837 pariter
3036 2783 3226 2826 sensus
3279 2770 3553 2842 impletur,
3605 2771 3671 2827 de
3699 2788 3810 2842 quo

2225 2870 2389 2928 supra
2436 2857 2672 2914 diximus
2722 2861 2779 2917 in
2835 2864 3168 2919 centurionis
3222 2864 3347 2930 ﬁde,
3401 2866 3810 2936 gentium-ﬁeri

2223 2948 2655 3019 praerogativam,
2687 2951 2813 3006 dum
2843 2953 2909 3008 ad
2931 2953 3074 3008 illius
3094 2954 3487 3022 credulitatem,
3516 2955 3584 3012 de
3597 2956 3812 3014 oriente

2223 3045 2278 3091 et
2306 3039 2585 3095 occidente
2621 3041 2878 3098 credituri
2904 3044 3087 3114 populi
3109 3056 3625 3103 commemorantur.
3707 3051 3712 3057 '

2293 3127 2426 3183 Filii
2451 3140 2628 3186 autem
2660 3133 2806 3203 regni
2839 3133 3116 3203 ejicientur
3138 3137 3194 3192 in
3236 3138 3475 3194 tenebras
3499 3142 3807 3211 exteriores,

2148 3212 2194 3276 C
2223 3219 2297 3274 ibi
2324 3223 2422 3275 erit
2447 3223 2600 3292 ﬂetus
2623 3233 2671 3277 et
2693 3225 2890 3280 stridor
2911 3226 3166 3283 dentium.
3207 3229 3374 3286 Filios
3413 3233 3564 3303 regni
3591 3233 3811 3294 Iudaeos

2224 3311 2512 3379 signiﬁcat,
2546 3313 2601 3367 in
2626 3329 2759 3383 quos
2794 3322 2920 3370 ante
2958 3320 3205 3388 regnavit
3231 3319 3395 3387 Deus,
3437 3320 3723 3391 ejicientur
3751 3325 3812 3381 in

2224 3405 2480 3460 tenebras
2542 3406 2861 3463 exteriores.
2918 3407 3176 3464 Tenebrae
3239 3425 3454 3482 semper
3523 3413 3813 3472 interiores

2223 3503 2368 3561 sunt,
2397 3511 2504 3551 non
2532 3497 2854 3562 exteriores,
2887 3498 2980 3554 sed
3011 3501 3265 3569 quoniam
3289 3503 3381 3572 qui
3410 3503 3698 3560 Dominum
3721 3505 3803 3562 fo-

2224 3599 2313 3638 ras
2338 3599 2370 3638 a
2407 3601 2466 3640 se
2491 3586 2712 3657 expellit
2739 3587 2921 3643 lumen
2965 3589 3242 3661 relinquit.
3271 3592 3479 3649 Idcirco
3507 3597 3811 3654 exteriores

2221 3676 2459 3732 tenebra:
2502 3679 2792 3736 nominatae
2821 3689 2985 3748 sunt,
3028 3683 3104 3740 ibi
3151 3685 3256 3740 erit
3301 3685 3460 3742 ﬁctus
3501 3697 3556 3744 et
3605 3692 3812 3749 stridor

2222 3765 2485 3835 dentium,
2509 3771 2555 3825 si
2601 3769 2757 3828 ﬁetus
2797 3774 3079 3830 oculorum
3110 3784 3213 3843 est,
3244 3786 3299 3833 et
3333 3780 3534 3836 stridor
3561 3780 3810 3840 dentium

2222 3870 2345 3911 ossa
2374 3858 2728 3916 demonstrat.
2753 3862 2891 3919 Vera
2916 3872 3001 3920 est
3024 3881 3156 3938 ergo
3195 3883 3483 3939 corporum
3504 3880 3559 3927 et
3579 3887 3803 3930 eorum-

2222 3947 2345 4002 dem
2367 3950 2753 4019 membrorum,
2777 3970 2896 4025 quae
2919 3957 3230 4014 ceciderant
3259 3964 3610 4018 resurrectio.

2294 4042 2598 4100 Concordat
2620 4047 2766 4101 enim
2807 4049 3084 4106 humilitas
3108 4056 3460 4121 centurionis,
3485 4058 3611 4128 quia
3633 4057 3805 4114 dixit:

2221 4130 2466 4199 Domine,
2490 4152 2592 4190 non
2615 4154 2729 4192 sum
2767 4140 2956 4212 dignus
2981 4151 3034 4196 ut
3069 4143 3230 4199 intres
3264 4147 3358 4201 sub
3400 4157 3589 4202 tectum
3610 4166 3805 4217 meum,

2223 4239 2347 4279 cum
2382 4227 2548 4282 verbo
2573 4229 2815 4299 Apostoli
2853 4235 2945 4289 ubi
2991 4235 3105 4290 ait:
3151 4236 3329 4292 Nolite
3368 4240 3649 4309 prudentes
3694 4258 3808 4296 esse

2224 4319 2364 4389 apud
2389 4323 2743 4394 vosmetipsos.
2771 4325 2875 4382 Sed
2905 4343 3068 4397 opera
3090 4328 3497 4395 misericordize,
3525 4347 3646 4400 qua:
3676 4349 3808 4405 erga

2224 4412 2493 4484 leprosum
2530 4426 2584 4473 et
2615 4435 2844 4487 puerum
2874 4425 3208 4480 centurionis
3249 4425 3496 4480 exhibuit
3526 4426 3802 4500 Salvator,

2179 4521 2186 4528 '
2224 4523 2348 4564 cum
2415 4509 2656 4581 Apostoli
2723 4515 3098 4572 exhortatione
3140 4518 3232 4588 qui
3296 4519 3419 4574 ait:
3465 4518 3808 4582 Providentes

2121 4594 2200 4667 ID
2227 4598 2361 4653 bona
2412 4616 2517 4656 non
2565 4611 2769 4661 tantum
2822 4623 3000 4664 coram
3039 4609 3172 4678 Deo,
3217 4611 3306 4668 sed
3349 4612 3588 4672 omnibus
3629 4617 3803 4677 homi-

2221 4687 2393 4744 nibus.

2325 4842 2655 4905 DOMINICA
2690 4850 2976 4920 QUARTA
3012 4853 3189 4914 POST
3228 4858 3688 4918 THEOPHANIA.

2215 4977 2410 5020 LECTIO
2443 4979 2717 5021 EPISTOLE
2779 4985 2938 5025 ΒΕΑΤΙ
2980 4985 3134 5027 PAULI
3185 4987 3443 5032 APOSTOLI
3503 4992 3573 5032 AD
3624 4991 3803 5035 ROMA-

2738 5055 2834 5097 Nos
2851 5083 2865 5108 ,
2917 5056 3110 5098 cam-rs
3148 5059 3270 5100 xm.

2231 5151 2233 5154 ﬁ
2291 5188 2311 5222 ι
2337 5170 2548 5229 Nemini
2588 5175 2880 5244 quidquam
2926 5177 3190 5244 debeatis,
3223 5178 3335 5235 'nisi
3378 5187 3438 5234 ut
3463 5180 3694 5237 invicem
3721 5182 3801 5238 di-

2217 5277 2238 5313 s
2265 5259 2462 5332 ligatis.
2493 5264 2594 5331 Qui
2630 5267 2773 5321 enim
2817 5267 2989 5338 diligit
3031 5269 3359 5339 proximum,
3391 5271 3563 5344 legem
3605 5274 3797 5345 imple-

2216 5367 2236 5400 ‹
2260 5351 2356 5405 vit.
2399 5352 2533 5408 Nam
2560 5370 2665 5408 non
2697 5356 3043 5426 adulterahis,
3085 5375 3194 5414 non
3223 5363 3452 5428 occides,
3495 5379 3603 5420 non
3647 5364 3797 5420 fura-

2217 5457 2236 5491 ε
2261 5439 2428 5509 beris,
2454 5459 2561 5498 non
2590 5444 2782 5502 falsum
2810 5450 3177 5509 testimonium
3219 5454 3388 5522 dices,
3417 5471 3524 5511 non
3537 5459 3796 5530 concupi-

2219 5549 2238 5583 ι
2260 5548 2376 5588 sees
2400 5550 2514 5590 rem
2538 5539 2766 5607 proximi
2791 5542 2889 5596 tui.
2915 5542 2982 5598 Et
3017 5545 3061 5600 si
3091 5547 3232 5616 quod
3263 5554 3347 5602 est
3382 5547 3528 5604 aliud
3569 5552 3792 5606 manda-

2220 5643 2238 5677 ι
2267 5633 2398 5691 tum,
2428 5629 2484 5685 in
2528 5631 2631 5687 hoc
2658 5635 2823 5691 verbo
2860 5637 3211 5698 instauratur.
3250 5640 3449 5713 Diliges
3482 5643 3794 5712 proximum

2218 5736 2236 5770 ι
2265 5726 2416 5776 tuum
2461 5721 2602 5777 sicut
2642 5725 2892 5796 teipsum.
2923 5729 3146 5786 Dilectio
3179 5731 3410 5802 proximi
3443 5735 3646 5794 malum
3679 5751 3793 5799 non

2143 5900 2164 5901 ἡ
2215 5830 2234 5866 ι
2263 5823 2538 5885 operatur.
2567 5815 2850 5879 Plenitudo
2877 5835 3007 5896 ergo
3043 5823 3177 5895 legis
3203 5832 3288 5886 est
3315 5827 3549 5888 dilectio.
