4110 6456
347 407 415 464 97
1183 408 1701 470 COLLECTIONES
1737 407 1806 468 lN
1845 407 2225 468 EPISTOLAS
2261 407 2350 468 ET
2388 408 2802 471 EVANGELIA.
3518 413 3587 470 98

415 522 526 596 (Ex
547 521 786 595 Origen.)
803 512 974 592 'Quod
1007 521 1139 581 dicit
1175 528 1378 582 nemini
1402 529 1692 600 quidquam
1717 527 1912 583 debea-
1937 529 1990 590 Α
2013 542 2133 582 sum
2154 526 2519 583 testimonium
2543 527 2707 584 dicit?
2734 541 2856 584 eum
2883 525 3020 584 sciat
3044 525 3240 598 ipsum,
3264 539 3424 599 quem
3463 528 3593 584 dili-‘

344 616 437 682 tis,
469 624 675 671 certum
703 623 789 671 est
821 615 890 671 ad
925 626 1210 678 peccatum
1237 617 1462 674 referre.
1493 620 1744 675 Debitum
1770 620 1915 675 enim

342 715 626 779 peccatum
653 723 794 774 esse,
827 708 884 763 in
910 707 1116 775 multis,
1142 718 1198 765 et
1225 709 1534 780 frequenter
1559 710 1913 766 ostendimus.

344 801 473 858 Vult
498 815 629 870 ergo
650 801 848 858 Paulus
871 803 1075 873 peccati
1106 803 1320 873 quidem
1349 819 1508 859 omne
1539 803 1777 859 debitum
1810 803 1918 859 sol-

341 896 394 950 vi
425 910 525 950 nec
563 909 848 950 remanere
873 895 1094 951 omnino
1122 896 1267 966 apud
1298 911 1398 951 nos
1427 896 1665 950 debitum
1687 895 1914 966 peccati.

341 988 670 1046 Permanere
696 995 876 1043 tamen
903 995 959 1042 et
985 1002 1258 1057 nunquam
1283 1001 1497 1042 cessare
1533 1002 1564 1041 a
1590 985 1742 1041 nobis
1765 985 1917 1041 debi-

341 1089 458 1136 tum
485 1079 786 1145 charitatis,
806 1081 909 1134 hoc
927 1080 1096 1146 enim,
1113 1088 1169 1136 et
1185 1081 1426 1151 quotidie
1446 1080 1678 1145 solvere,
1701 1091 1755 1134 et
1778 1094 1920 1134 sem-

337 1187 440 1243 per
469 1170 666 1228 debere
702 1173 918 1242 expedit
947 1173 1121 1228 nobis.
1165 1173 1406 1243 Denique
1447 1181 1663 1242 quanta:
1703 1171 1919 1225 virtutis

338 1267 411 1322 sit
438 1266 698 1331 charitas,
727 1265 782 1318 in
803 1263 1259 1334 consequentibus
1283 1264 1524 1335 exponit.

412 1355 516 1422 Qui
535 1356 694 1421 enim,
722 1355 916 1425 inquit,
952 1355 1124 1426 diligit
1154 1356 1449 1427 proximum
1482 1354 1643 1425 legem
1667 1354 1914 1424 implevit.

342 1445 487 1502 Nam
513 1463 617 1501 non
633 1446 975 1501 adutterabis.
995 1446 1118 1500 Non
1141 1447 1365 1500 occides.
1384 1445 1506 1500 Non
1522 1446 1720 1515 furtum
1734 1446 1914 1516 facies.

340 1538 467 1595 Non
491 1537 688 1608 falsum
712 1539 1064 1593 testimonium
1085 1539 1245 1593 dices.
1274 1537 1398 1593 Non
1419 1539 1768 1610 concupisces,
1800 1546 1847 1592 et
1872 1539 1917 1591 si

339 1631 479 1701 quod
498 1640 572 1685 est
597 1630 746 1685 aliud
767 1630 1075 1685 mandatum
1095 1630 1150 1685 in
1173 1631 1271 1686 hoc
1291 1629 1442 1686 verbo
1457 1639 1805 1684 restauratur.
1822 1629 1919 1682 Di-

339 1727 468 1798 liges
485 1727 784 1799 proximum
804 1735 952 1782 tuum
967 1734 1217 1798 tanquam
1238 1725 1480 1796 teipsum.
1497 1723 1564 1777 Et
1585 1723 1653 1778 ad
1671 1722 1916 1777 ultimam

336 1818 601 1874 rationem
631 1819 768 1873 tanti
790 1817 948 1887 hujus
975 1817 1122 1884 boni,
1150 1815 1388 1872 breviter
1413 1813 1673 1884 colligens
1693 1813 1789 1867 ait.

2019 621 2113 691 git,
2154 619 2292 676 falso
2337 622 2649 676 testimonio
2683 623 2975 691 proditum.
3023 621 3342 678 Necessario
3384 629 3591 687 autem,

2019 712 2109 782 qui
2135 711 2620 783 diligit'Christum,
2655 714 2825 784 diligit
2845 722 2900 768 et
2929 715 3234 785 proximum
3272 727 3448 768 suum.
3479 711 3594 767 Hoc

2019 805 2164 858 enim
2193 805 2308 860 solo
2356 805 2576 869 indicio,
2613 803 2814 859 Christi
2854 821 2975 859 esse
3016 804 3310 876 discipulus
3348 803 3596 872 designa-

2020 902 2130 962 tur,
2160 897 2204 951 si
2232 897 2551 952 charitatem
2596 911 2718 951 eum
2746 895 3008 966 proximis
3032 895 3249 961 habeat,
3278 903 3486 950 certum
3511 899 3596 948 est

2020 989 2164 1043 enim
2201 990 2344 1059 quod
2381 989 2472 1060 qui
2503 1005 2610 1045 non
2637 989 2811 1060 diligit
2832 987 3162 1058 proximum,
3196 989 3404 1045 nesciat
3429 985 3587 1043 Chri-

2019 1087 2181 1135 stum.

2299 1228 2633 1270 EVANGELIUI!
2667 1227 2964 1281 ΙΑΤἸἮΕῙ,
3014 1227 3134 1270 CAP.
3187 1227 3308 1269 VIII.

2094 1389 2112 1424 ι
2144 1370 2480 1427 Ascendente
2513 1369 2639 1427 Jesu
2666 1372 2720 1426 in
2750 1371 3069 1438 naviculam,
3110 1371 3280 1428 secuti
3311 1378 3439 1427 sunt
3461 1385 3588 1426 eum

2025 1480 2044 1514 ι
2073 1462 2317 1533 discipuli
2346 1463 2482 1533 ejus.
2515 1463 2584 1517 Et
2609 1477 2737 1518 ecce
2764 1471 2942 1518 motus
2971 1479 3198 1534 magnus
3234 1462 3410 1518 lactus
3435 1474 3517 1518 est
3541 1463 3598 1516 in

2026 1572 2044 1606 ι
2075 1553 2232 1618 mari,
2279 1554 2352 1608 ita
2393 1564 2453 1607 ut
2512 1553 2758 1608 navicula
2811 1555 3116 1624 operiretur
3157 1552 3430 1608 ﬂuctibus.
3478 1553 3597 1622 lpse

2023 1664 2044 1699 ι
2071 1660 2202 1700 vero
2245 1644 2567 1712 dormiebat,
2610 1653 2664 1700 et
2702 1653 3050 1701 accesserunt
3083 1652 3141 1700 et
3193 1645 3599 1700 suscitaverunt

2023 1756 2042 1790 ‹
2068 1739 2219 1792 illum
2248 1739 2489 1793 dicentes
2514 1752 2528 1791 :
2555 1735 2799 1803 Domine,
2829 1737 2974 1793 salva
2996 1752 3116 1803 nos,
3135 1737 3398 1806 perimus.
3423 1723 3599 1790 Et‘di-

2023 1848 2043 1884 ‹
2069 1831 2143 1886 cit
2165 1831 2244 1886 eis
2267 1848 2281 1885 :
2308 1829 2446 1896 Quid
2469 1831 2640 1885 timidi
2670 1831 2820 1897 estis,
2849 1830 3074 1885 modicae
3104 1827 3270 1883 ﬁdei?
3298 1828 3450 1883 Tunc
3481 1843 3600 1883 sur-

406 1910 630 1965 Dilectio
674 1911 903 1983 proximi
941 1910 1138 1966 malum
1176 1927 1280 1964 non
1308 1919 1574 1981 operatur.
1625 1905 1910 1962 Plenitudo

2019 1941 2040 1976 ‹
2070 1937 2202 1994 gens
2245 1922 2530 1991 imperavit
2564 1922 2741 1977 ventis
2781 1930 2836 1976 et
2865 1921 3026 1987 mari,
3061 1929 3117 1976 et
3150 1920 3292 1976 facta
3335 1928 3419 1975 est
3443 1927 3596 1974 tran-

334 2017 458 2073 ergo
487 2001 615 2073 legis
651 2011 728 2057 est
772 2001 1000 2058 dilectio.
1044 2002 1218 2073 Supra
1246 2002 1491 2068 dixerat,
1518 1999 1645 2072 quia
1674 2000 1764 2069 qui
1787 1999 1912 2054 dili-

335 2096 413 2166 git
440 2097 747 2166 proximum
783 2096 956 2169 legem
995 2097 1255 2168 implevit,
1289 2104 1343 2151 et
1372 2097 1499 2168 quia
1530 2095 1745 2150 difﬁcile
1765 2095 1914 2150 vide-

333 2186 514 2252 batur,
545 2187 815 2258 quomodo
858 2188 1032 2259 possit
1061 2189 1182 2258 quis
1219 2203 1436 2244 omnem
1485 2187 1658 2256 legem
1703 2187 1758 2241 in
1803 2201 1914 2242 uno

333 2279 608 2348 complere
657 2295 949 2347 sermone,
998 2280 1369 2350 plenissimam
1423 2279 1598 2334 reddit
1649 2279 1915 2333 rationem

332 2373 558 2428 dicens:
609 2372 836 2427 Dilectio
878 2372 1114 2442 proximi
1164 2371 1366 2425 malum
1401 2386 1508 2425 non
1543 2377 1818 2439 operatur,
1861 2377 1916 2424 et

333 2461 456 2518 ideo
499 2462 778 2532 plenitudo
828 2461 964 2534 legis
1004 2471 1088 2518 est
1135 2461 1370 2516 dilectio.
1423 2461 1570 2518 Pone
1617 2461 1764 2516 enim
1820 2473 1917 2530 per

329 2556 545 2626 singula
573 2554 824 2610 mandata
854 2555 987 2627 legis
1012 2556 1377 2619 dilectionem,
1405 2561 1460 2609 et
1482 2554 1606 2609 vide
1631 2569 1796 2624 quam
1829 2552 1915 2606 fa-

329 2651 434 2706 cile
468 2656 664 2705 cuncta
693 2647 1047 2718 complentur.
1078 2645 1331 2717 Nunquid
1371 2645 1463 2715 qui
1511 2644 1686 2714 diligit
1728 2644 1915 2714 proxi-

331 2757 481 2797 mum
508 2739 757 2796 occidere
785 2755 905 2795 eum
952 2738 1165 2810 potest?
1207 2735 1428 2791 Certum
1459 2745 1545 2792 est
1584 2736 1727 2807 quod
1756 2749 1915 2791 nemo

331 2845 494 2901 quem
522 2830 699 2902 diligit
724 2828 1034 2884 interﬁciat.
1069 2829 1165 2883 Est
1189 2842 1322 2899 ergo
1349 2827 1586 2893 dilectio,
1614 2841 1713 2898 per
1749 2841 1913 2896 quam

327 2923 616 2996 impleatur
643 2923 953 2978 mandatum
983 2921 1128 2992 quod
1157 2921 1471 2992 praecipitur
1654 2930 1661 2934 '

407 3018 531 3074 Non
577 3017 800 3073 occides.
839 3016 908 3072 Et
935 3016 1150 3072 iterum.
1192 3013 1447 3086 Nunquid
1489 3013 1581 3085 qui
1610 3011 1914 3085 proximum

329 3128 490 3172 suum
520 3113 692 3186 diligit
725 3113 781 3168 in
808 3127 1033 3169 uxorem
1080 3111 1198 3182 ejus
1222 3112 1548 3168 adulterium
1577 3110 1913 3166 committit?

329 3206 617 3278 Nunquam
646 3205 910 3278 profecto.
959 3203 1018 3261 Si
1045 3220 1176 3275 ergo
1205 3203 1384 3276 diligis
1427 3203 1757 3274 proximum,
1809 3215 1913 3256 nec

2020 2033 2039 2067 ι
2068 2013 2306 2083 quillitas
2334 2027 2545 2084 magna.
2581 2011 2751 2068 Porro
2776 2012 3023 2068 homines
3044 2011 3226 2066 mirati
3255 2018 3380 2066 sunt
3408 2009 3594 2067 dicen-

2019 2124 2039 2160 ‹
2070 2114 2152 2162 tes
2182 2124 2195 2160 :
2235 2105 2419 2173 Qualis
2463 2112 2547 2160 est
2582 2105 2694 2172 hic,
2734 2105 2860 2175 quia
2885 2104 3032 2160 venti
3059 2111 3115 2160 et
3157 2118 3310 2158 mare
3337 2102 3600 2160 obediunt

2019 2201 2143 2257 (ei.
2195 2220 2214 2254 ι

2082 2290 2402 2346 Ascendente
2443 2291 2572 2348 Jesu
2594 2294 2650 2346 in
2673 2289 2988 2360 naviculam,
3016 2290 3179 2345 secuti
3221 2297 3345 2345 sunt
3369 2304 3490 2344 eum
3516 2287 3594 2344 di-

2015 2386 2200 2456 scipuli
2227 2387 2362 2455 ejus.
2395 2385 2495 2455 (Ex
2523 2384 2710 2454 Beda.)
2741 2384 2799 2438 In
2828 2386 2933 2438 hac
2956 2385 3304 2454 navigatione
3331 2383 3592 2438 Dominus

2015 2485 2303 2545 utramque
2345 2476 2508 2530 unius
2535 2475 2887 2544 ejusdemque
2927 2491 3038 2529 suae
3080 2489 3326 2544 persona:
3350 2483 3601 2528 naturam

2016 2569 2270 2639 dignatur
2307 2567 2620 2623 ostendere.
2650 2567 2777 2621 dum
2805 2567 2851 2622 is
2874 2567 2967 2636 qui
3012 2575 3072 2620 ut
3117 2567 3280 2620 homo
3312 2565 3512 2620 dormit
3541 2566 3597 2619 in

2013 2659 2162 2725 navi,
2193 2658 2430 2714 furorem
2469 2660 2654 2722 maris,
2683 2667 2742 2712 ut
2769 2658 2932 2724 Deus,
2960 2657 3128 2712 verbo
3155 2665 3390 2714 coercet.
3423 2657 3595 2713 Porro

2003 2747 2165 2821 juxta
2188 2749 2524 2820 allegoriam,
2551 2763 2698 2802 mare
2721 2748 2836 2804 sive
2858 2757 3130 2819 stagnum,
3157 2749 3300 2818 quod
3323 2763 3448 2803 cum
3480 2749 3595 2803 suis

2013 2840 2249 2896 transire
2306 2840 2614 2904 desiderat,
2664 2837 2985 2894 tenebrosus
3049 2853 3373 2908 amarusque
3416 2838 3600 2894 saeculi

2011 2938 2298 3010 praesentis
2343 2937 2608 3007 accipitur
2664 2942 2849 2991 aestus.
2912 2933 3168 2990 Navicula
3216 2941 3396 2990 autem
3441 2949 3604 3004 quam

2015 3031 2336 3096 ascendunt,
2391 3029 2539 3084 nulla
2580 3027 2773 3083 melius
2801 3041 2962 3097 quam
3009 3025 3304 3082 Dominica:
3336 3024 3604 3095 passionis

2014 3118 2333 3190 intelligitur
2363 3120 2544 3184 arbor,
2576 3117 2730 3189 cujus
2760 3116 3024 3172 beneﬁcio
3051 3117 3252 3186 quique
3290 3114 3474 3172 ﬁdeles
3499 3114 3597 3169 ad-

2007 3207 2134 3279 juti,
2178 3209 2413 3264 emensis
2442 3207 2628 3263 mundi
2658 3207 2930 3272 ﬂuetibus,
2974 3206 3365 3262 habitationem
3407 3205 3599 3275 patrim

327 3273 990 3366 adulterium—committis,
1023 3273 1379 3366 sim—iliterJet
1402 3273 1495 3368 qui
1523 3297 1697 3368 diligit
1720 3295 1910 3367 proxi-
1939 3273 1984 3337 Ο
2007 3273 2274 3366 caelestis,
2304 3301 2460 3371 quasi
2503 3299 2854 3355 stabilitatem
2897 3299 3072 3353 securi
3099 3298 3300 3355 littoris
3329 3273 3596 3355 obtinent.

326 3406 500 3458 mum,
532 3406 653 3462 qua:
673 3387 792 3462 ejus
819 3399 948 3446 sunt
973 3406 1082 3446 non
1111 3390 1343 3445 furatur.
1373 3389 1442 3444 Et
1459 3389 1553 3459 qui
1588 3387 1763 3459 diligit
1782 3402 1912 3459 pro—

328 3484 554 3549 ximum,
592 3481 790 3540 falsum
833 3483 1094 3540 adversus
1122 3497 1247 3538 eum
1293 3481 1663 3537 testimonium
1693 3497 1804 3536 non
1831 3479 1914 3536 di-

327 3573 424 3639 cit,
461 3573 711 3630 similiter
749 3581 804 3629 et
853 3581 1048 3630 caetera
1093 3573 1344 3628 mandata
1377 3571 1540 3643 legis,
1589 3572 1635 3627 si
1664 3572 1736 3626 sit
1781 3586 1910 3642 erga

324 3664 632 3735 proximum
661 3663 896 3728 dilectio,
946 3664 1150 3734 absque
1176 3662 1358 3734 aliquo
1382 3661 1570 3717 labore
1598 3668 1906 3717 servantur.

327 3752 466 3813 Puto
508 3765 706 3822 tamen,
739 3755 880 3826 quod
919 3755 975 3810 in
1018 3755 1121 3810 hoc
1155 3752 1326 3809 voluit
1369 3751 1658 3823 Apostolus
1707 3751 1910 3822 aliquid

325 3848 764 3919 compendiosius
795 3848 993 3904 dicere.
1032 3845 1168 3902 Nam
1209 3847 1254 3902 si
1299 3846 1610 3917 diligentius
1640 3844 1908 3915 requiras,

327 3941 420 4011 qui
457 3941 531 3996 sit
556 3941 836 4012 proximus
878 3948 1086 4005 noster,
1116 3939 1292 3994 disces
1336 3937 1391 3992 in
1423 3937 1713 4009 Evangelio
1757 3935 1909 3991 illum

324 4045 448 4088 esse
479 4032 790 4102 proximum
829 4039 1098 4097 nostrum,
1147 4029 1241 4100 qui
1275 4029 1426 4084 venit
1454 4037 1509 4084 et
1526 4027 1771 4097 jacentes
1811 4043 1910 4083 nos

323 4121 638 4178 vulneratos
665 4137 697 4176 a
734 4121 1059 4187 latronibus,
1101 4128 1157 4176 et
1200 4120 1430 4175 nudatos
1476 4135 1507 4174 a
1555 4117 1907 4185 daemonibus,

318 4212 573 4284 iumento
624 4213 868 4282 corporis
911 4212 994 4266 sui
1042 4213 1404 4280 superposuit,
1438 4219 1494 4265 et
1527 4211 1594 4266 ad
1640 4211 1908 4266 stabulum

322 4307 583 4365 Ecclesiae
612 4306 822 4374 detulit,
855 4314 910 4363 et
947 4305 1246 4362 stabulario
1291 4321 1389 4376 pro
1434 4319 1564 4360 cura
1600 4313 1808 4370 nostra,
1855 4313 1910 4359 et

323 4399 626 4472 diligentia,
674 4399 760 4455 vel
809 4398 909 4469 ipsi
969 4395 1159 4462 Paulo,
1192 4395 1275 4451 vel
1319 4397 1465 4451 omni
1516 4395 1607 4468 qui
1658 4394 1912 4450 Ecclesiae

322 4498 544 4563 praeest,
588 4491 723 4545 duos
768 4489 1040 4544 denarios.
1069 4486 1204 4542 Novi
1227 4502 1292 4541 ac
1313 4485 1526 4541 Veteris
1555 4485 1906 4551 Testamenti,

327 4584 396 4638 ad
418 4592 616 4639 nostrai
637 4597 780 4639 curae
802 4582 1070 4638 concessit
1090 4595 1374 4651 expensas.
1395 4577 1551 4635 Hune
1571 4594 1700 4650 ergo
1720 4581 1904 4648 proxi-

325 4691 475 4732 mum
505 4675 549 4730 si
577 4674 882 4746 diligamus,
913 4688 1128 4730 omnem
1173 4673 1346 4744 legem
1381 4681 1435 4726 et
1475 4673 1726 4728 universa
1754 4687 1909 4726 man-

325 4753 454 4824 data
483 4768 539 4822 in
563 4768 732 4838 ipsius
761 4781 947 4823 amore
990 4766 1340 4838 complemus.
1385 4765 1538 4821 Finis
1584 4765 1729 4820 enim
1774 4764 1906 4836 legis

325 4857 600 4926 Christus,
625 4860 692 4915 ad
723 4858 992 4928 justitiam
1024 4861 1170 4914 omni
1209 4859 1472 4925 credenti,
1504 4875 1603 4914 nec
1634 4858 1752 4914 ﬁeri
1795 4857 1906 4913 ullo

323 4958 486 5025 pacto
507 4959 707 5022 potest,
732 4959 793 5005 ut
819 4950 911 5022 qui
935 4965 1000 5006 ex
1031 4958 1143 5005 toto
1171 4951 1332 5006 corde
1375 4959 1429 5007 et
1451 4966 1520 5006 ex
1546 4950 1674 5006 totis
1696 4949 1905 5005 viribus

325 5043 442 5103 suis
483 5042 659 5115 diligit
689 5041 985 5108 Christum,
1026 5041 1190 5097 faciat
1245 5041 1450 5113 aliquid
1483 5043 1624 5111 quod
1656 5057 1761 5096 non
1789 5042 1906 5113 pla-

326 5143 450 5192 ceat
475 5134 712 5191 Christo.
741 5133 894 5188 lllum
920 5134 1063 5189 enim
1093 5134 1186 5205 qui
1225 5133 1418 5204 diligit,
1448 5150 1553 5188 non
1593 5133 1765 5188 solum
1799 5148 1906 5188 non

326 5226 545 5298 occidit,
577 5225 720 5295 quod
742 5224 993 5295 prohibet
1035 5224 1141 5290 lex,
1187 5225 1279 5281 sed
1321 5240 1422 5280 nec
1471 5225 1724 5279 irascitur
1753 5223 1908 5278 fratri

328 5334 450 5386 suo,
497 5317 622 5386 quia
667 5317 744 5371 ita
773 5317 1074 5373 delectatur
1104 5319 1158 5373 in
1186 5317 1278 5374 illo
1308 5333 1470 5390 quem
1500 5317 1688 5389 diligit,
1721 5326 1776 5373 et
1803 5333 1908 5372 non

327 5407 502 5464 solum
530 5423 636 5463 non
661 5405 792 5462 facit
817 5407 1160 5475 adulterium,
1188 5411 1281 5465 sed
1301 5425 1400 5466 nec
1427 5409 1710 5465 mulierem
1741 5410 1911 5480 respi-

328 5497 406 5552 cit
448 5497 516 5550 ad
545 5497 1056 5568 concupiscentiam,
1102 5499 1197 5553 sed
1238 5499 1368 5554 dicit
1400 5500 1467 5554 ad
1513 5500 1687 5570 ipsum
1718 5500 1908 5569 magis,

329 5587 676 5656 Coneupiseit
697 5588 877 5642 anima
906 5602 1026 5642 mea
1058 5588 1110 5641 in
1141 5588 1310 5642 Deum
1336 5590 1518 5644 vivum
1559 5587 1732 5661 (Psal.
1755 5589 1908 5663 xui).

331 5677 435 5746 Qui
471 5679 648 5752 diligit
689 5681 986 5748 Ch'ristum,
1016 5681 1232 5750 quando
1278 5681 1344 5735 de
1385 5680 1529 5736 furto
1557 5683 1791 5752 cogitet?
1819 5684 1912 5754 qui

334 5772 500 5828 etiam
527 5789 624 5828 sua
667 5774 846 5828 omnia
871 5789 1206 5845 quaecunque
1241 5767 1421 5830 habet
1465 5775 1703 5846 reliquit,
1735 5785 1795 5831 ut
1826 5793 1912 5833 se-

331 5875 536 5944 quatur
555 5865 848 5924 Christum.
883 5867 985 5936 Qui
1023 5867 1298 5925 Christum
1336 5868 1528 5942 diligit,
1566 5871 1780 5941 quando
1809 5869 1909 5926 lal-

2013 3393 2168 3462 Quod
2199 3402 2380 3448 autem
2409 3394 2524 3463 ipse
2550 3393 2605 3446 in
2639 3407 2800 3446 unam
2833 3390 3140 3446 naviculam
3165 3407 3286 3446 cum
3315 3389 3596 3460 discipulis

2013 3487 2252 3544 salvator
2280 3485 2544 3548 ascendit,
2583 3483 2712 3539 alibi
2760 3481 2890 3553 quid
2921 3481 3188 3553 signiﬁcet
3233 3482 3427 3552 aperit,
3475 3496 3598 3537 cum

2010 3578 2381 3650 praenunciato
2408 3591 2517 3632 sua:
2541 3575 2810 3645 passionis
2841 3574 3364 3644 resurrectionisque
3388 3582 3589 3645 myste-

2012 3670 2114 3734 rio,
2143 3684 2270 3725 mox
2315 3668 2529 3723 dicebat
2566 3667 2632 3721 ad
2667 3681 2896 3722 omnes:
2939 3663 2997 3720 Si
3043 3664 3165 3733 quis
3188 3663 3304 3718 vult
3341 3672 3463 3734 post
3506 3677 3592 3718 me

2009 3761 2219 3825 venire,
2249 3761 2478 3831 abneget
2505 3758 2852 3827 semetipsum
2901 3764 2958 3813 et
3000 3755 3157 3811 tollat
3194 3769 3412 3812 erucem
3440 3771 3593 3812 suam

2011 3860 2068 3908 et
2089 3859 2345 3922 sequatur
2381 3865 2484 3905 me.
2847 3911 2857 3923 .

2081 3943 2149 3996 Et
2192 3959 2305 3997 ecce
2330 3951 2501 3995 motus
2526 3955 2746 4010 magnus
2797 3938 2970 4009 [actus
3014 3945 3089 3992 est
3119 3937 3176 3991 in
3200 3935 3359 4000 mari,
3402 3935 3479 3988 ita
3527 3945 3584 3988 ut

2012 4035 2251 4092 navicula
2281 4035 2570 4106 aperiretur
2598 4033 2865 4104 ﬂuctibus.
2923 4029 3109 4100 Neque
3132 4029 3275 4084 enim
3305 4026 3592 4097 quisquam

2010 4137 2225 4200 poterat
2249 4129 2396 4182 hunc
2413 4127 2671 4182 mundum
2691 4125 2980 4196 enavigare
2999 4124 3118 4178 sine
3129 4121 3367 4187 Christo,
3384 4121 3602 4191 quando

2010 4237 2106 4278 eos
2133 4235 2362 4291 quoque,
2395 4219 2591 4289 quibus
2619 4217 2880 4271 Dominus
2901 4215 3072 4280 adest,
3106 4211 3466 4268 tentationum
3498 4225 3598 4266 sae-

2012 4312 2274 4368 cularium
2298 4325 2437 4380 smpe
2455 4308 2690 4379 procella
2724 4307 3026 4377 perturbat,
3084 4313 3140 4360 et
3186 4305 3444 4377 οἰκονομία
3484 4317 3599 4360 ser-

2010 4412 2170 4456 vatur
2192 4401 2246 4454 in
2270 4398 2543 4469 apostolis,
2592 4396 2923 4452 utadvertas
2948 4393 3383 4450 sinetentatione
3429 4392 3599 4448 nemi-

2011 4511 2137 4552 nem
2183 4508 2341 4564 posse
2376 4506 2443 4546 ex
2482 4493 2585 4546 hoc
2604 4491 2728 4545 vitae
2766 4488 3038 4545 curriculo
3081 4487 3408 4557 demigrare,
3464 4487 3592 4557 quia

2013 4585 2336 4641 exercitium
2383 4583 2532 4649 ﬁdei,
2581 4581 2808 4638 tentatio
2849 4589 2963 4647 est,
2993 4581 3088 4635 sed
3129 4579 3285 4649 quasi
3309 4577 3599 4648 pervigiles

2014 4685 2174 4733 nocte
2199 4677 2614 4748 gubernatorem
2635 4672 2933 4728 excitemus
2955 4685 3142 4724 verum
3168 4671 3356 4726 Deum.

2087 4766 2220 4822 Erat
2245 4775 2420 4821 autem
2445 4764 2549 4819 illis
2593 4772 2772 4818 uentus
2816 4762 3131 4816 contrarius.
3210 4761 3417 4817 Ventus
3465 4775 3598 4816 con-

2015 4861 2235 4926 trarius,
2260 4858 2528 4915 diabolum
2551 4855 2835 4928 signiﬁcat,
2860 4862 3038 4910 motus
3060 4861 3115 4908 et
3136 4850 3330 4908 (luctus
3351 4852 3599 4925 blasphe-

2013 4953 2135 5008 miae
2185 4950 2644 5022 persequentium,
2679 4947 3023 5003 diemoniacis
3053 4947 3272 5001 excitati
3319 4945 3595 5015 procellis,

2013 5047 2208 5116 quibus
2231 5059 2336 5099 non
2363 5045 2477 5114 ipse
2512 5043 2778 5110 turbatur,
2813 5042 2906 5097 sed
2932 5038 3320 5110 discipulorum
3352 5038 3596 5093 imbecil-

2013 5137 2136 5192 litas
2164 5137 2486 5192 concutitur.

2085 5229 2206 5300 Ipse
2229 5245 2345 5283 vero
2366 5225 2673 5282 dormiebat.
2705 5225 2992 5296 Diseipulis
3020 5223 3418 5298 navigantibus,
3442 5219 3598 5275 Chri-

2015 5329 2130 5378 stus
2151 5320 2500 5385 obdormivit,
2544 5319 2669 5388 quia
2697 5317 3030 5373 calcantibus
3045 5315 3297 5372 saeculum
3322 5310 3590 5376 ﬁdelibus,

2015 5412 2291 5480 futurique
2323 5409 2472 5480 regni
2513 5409 2750 5479 quietem
2791 5409 2971 5463 animo
2999 5401 3402 5466 meditantibus,
3425 5410 3482 5456 et
3507 5401 3594 5457 vel

2016 5505 2252 5559 secundo
2294 5502 2525 5574 Spiritus
2565 5501 2737 5556 sancti
2773 5499 2922 5567 ﬁatu,
2973 5499 3055 5553 vel
3106 5495 3312 5568 proprii
3366 5496 3592 5568 remigio

2013 5603 2256 5661 conatus,
2285 5595 2476 5650 inﬁdos
2501 5593 2684 5648 mundi
2712 5591 2884 5647 fastus
2909 5588 3157 5645 certatim
3187 5596 3312 5658 post
3339 5595 3489 5658 terga
3507 5587 3594 5659 ja-

2013 5687 2305 5753 etantibus,
2349 5696 2561 5756 tempus
2589 5685 2768 5741 subito
2797 5681 3090 5737 Dominicze
3132 5681 3401 5753 passionis
3429 5681 3594 5735 adve-

2012 5778 2111 5833 nit.
2163 5777 2312 5833 Unde
2332 5777 2468 5832 bene
2498 5775 2709 5830 Marcus
2749 5773 2869 5835 hoc,
2905 5771 3222 5829 imminente
3249 5772 3426 5827 noctis
3456 5780 3593 5826 tem-

2010 5886 2162 5945 pore,
2190 5879 2400 5944 gestum
2430 5869 2595 5925 fuisse
2619 5865 2884 5939 perhibet,
2920 5873 2980 5922 ut
2999 5868 3112 5925 veri
3134 5867 3264 5924 solis
3283 5866 3590 5924 occubituut
