4110 6508
470 537 543 603 99
1766 529 2122 597 SIABAGDI
2155 529 2440 595 ABBATIS

3648 530 3755 593 100

474 678 584 721 non
605 661 720 720 sola
737 660 953 719 Domini
972 652 1357 729 dormitio,sed
1371 666 1426 716 et
1444 652 1564 732 ipsa
1587 657 1900 716 decedentis
1920 655 2058 713 lucis
2083 658 2138 720 Α
2161 656 2381 721 trarius,
2412 653 2468 709 id
2488 661 2590 720 est,
2624 648 2890 708 diabolus.
2950 634 3105 708 'l‘unc
3132 632 3395 707 Dominus
3418 634 3751 722 dormiebat,

475 757 614 814 hora
656 754 946 827 signiticet.

545 847 613 903 Et
639 853 969 901 accesserunt
1011 852 1062 900 et
1088 844 1469 900 suscitaverunt
1494 859 1635 908 eum,
1653 842 1881 897 dicentes
1905 853 1924 891 :
1949 838 2062 894 Do-

477 940 637 1006 mine,
665 936 810 993 salva
839 953 955 1002 nos,
979 938 1230 1008 perimus.
1281 935 1561 991 Suscitant
1588 934 1874 990 Dominum
1895 930 2061 985 disci-

474 1030 609 1099 puli,
645 1044 713 1084 ne
752 1043 818 1084 eo
846 1028 1149 1084 dormiente
1173 1025 1436 1083 ﬂuctuum
1470 1026 1687 1081 teritate
1730 1024 2062 1093 dispereunt,

475 1125 602 1195 quia
626 1120 784 1195 cujus
806 1131 1037 1179 mortem
1058 1122 1327 1188 viderant,
1364 1119 1616 1175 maximis
1651 1116 1794 1172 votis
1821 1126 2067 1170 resurre-

476 1215 712 1271 ctionem
739 1214 1074 1283 quaerebant.
1135 1211 1213 1268 Ne
1238 1212 1285 1268 si
1319 1212 1524 1267 diutius
1572 1209 1688 1278 ipse
1737 1214 1914 1262 morte
1946 1220 2067 1260 car-

475 1308 562 1362 nis
597 1305 899 1375 sopiretur,
959 1320 1149 1362 eorum
1189 1319 1346 1361 mens
1380 1301 1611 1373 spiritali
1642 1301 1698 1356 in
1744 1307 2068 1372 perpetuum

479 1407 657 1455 morte
675 1398 899 1469 periret.

546 1488 617 1544 Et
633 1488 758 1543 dicit
771 1489 845 1542 eis
861 1488 1035 1555 :‘Quid
1048 1487 1217 1543 timidi
1229 1489 1372 1554 estis,
1388 1485 1609 1540 modicte
1618 1484 1743 1555 ﬁdei
1750 1524 1762 1538 .
1780 1482 1881 1556 (Ex
1891 1480 2067 1555 Hier.)

474 1579 621 1638 Bene
642 1590 944 1653 arguuntur
971 1581 1062 1651 qui
1085 1589 1351 1651 praesente
1375 1579 1591 1635 Christo
1622 1578 1904 1642 timebant,
1944 1584 2069 1632 cum

476 1674 663 1745 utique
693 1674 785 1745 qui
813 1674 863 1729 ei
889 1673 1164 1730 adhaereat
1184 1675 1368 1745 perire
1394 1689 1501 1728 non
1522 1679 1725 1742 posset.
1764 1671 1906 1743 Ergo
1942 1686 2072 1726 con-

478 1766 714 1823 ﬁrmavit
744 1766 930 1830 ﬁdem,
963 1764 1163 1821 refudit
1194 1764 1661 1835 tranquillitatem,
1704 1770 1925 1817 ventum
1955 1778 2073 1818 ces-

479 1873 602 1914 sare
654 1858 931 1930 praecepit,
977 1860 1084 1913 non
1133 1857 1477 1927 Aquilonem,
1522 1870 1628 1909 non
1665 1852 1942 1918 Africum,
1978 1853 2073 1908 sed

480 1949 633 2005 illum
700 1949 889 2019 utique
930 1955 1151 2003 ventum
1178 1988 1193 2015 ,
1252 1947 1341 2002 cui
1390 1945 1594 2001 dictum
1645 1952 1733 2000 est
1768 1944 1837 1998 ab
1882 1942 2074 2012 angelo

2165 745 2380 816 quando
2424 744 2828 817 persecutiones
2879 741 2996 798 fieri
3052 742 3280 808 sinebat,
3336 742 3427 813 qui
3452 743 3756 808 suscitatur

2164 837 2255 893 illo
2281 836 2517 893 clamore
2547 836 2825 901 Ecclesiae,
2856 836 2923 890 de
2955 850 3065 905 quo
3108 833 3397 890 Psalmista
3423 835 3532 889 ait:
3558 833 3602 889 Α
3631 835 3756 891 lini-

2164 931 2266 985 bus
2295 924 2455 984 terra:
2479 930 2546 983 ad
2570 937 2623 984 te
2660 928 2910 994 clamavi,
2935 929 3062 982 dum
3086 927 3403 982 anxiaretur
3423 942 3521 982 cor
3546 943 3752 984 meum.

2163 1018 2452 1091 Imperavit
2476 1022 2654 1076 ventis
2672 1028 2725 1076 et
2753 1020 2910 1085 mari,
2954 1019 3171 1090 quando
3190 1008 3596 1090 persecutiones
3646 1021 3754 1077 bo-

2167 1111 2374 1166 minum
2401 1126 2432 1165 a
2455 1111 2667 1167 diabolo
2692 1112 2992 1167 concitatas
3011 1111 3439 1166 misericorditer
3463 1111 3626 1182 jus-it
3667 1126 3761 1167 se-

2168 1201 2305 1256 dari.
2377 1202 2440 1256 Et
2462 1200 2602 1257 facta
2632 1211 2714 1257 est
2740 1201 3106 1271 tranquillitas
3132 1215 3350 1273 magna,
3378 1201 3597 1273 quando
3646 1216 3760 1273 pax

2167 1302 2253 1351 est
2269 1295 2560 1351 universali
2595 1295 2854 1352 Ecclesia:
2881 1295 3112 1350 reddita.

2804 1401 3101 1443 CONCORDIA
3114 1426 3122 1441 .

2239 1479 2498 1535 liortatur
2509 1495 2609 1536 nos
2622 1478 2932 1552 Apostolus,
2950 1488 3008 1534 ut
3030 1479 3233 1535 nemini
3248 1492 3545 1553 qumquam
3561 1463 3761 1541 debea-

2168 1586 2313 1639 mus,
2342 1573 2437 1627 sed
2458 1580 2519 1628 ut
2541 1570 2772 1628 invicem
2793 1572 3097 1643 diligamus,
3124 1580 3179 1626 et
3205 1568 3330 1642 quia
3356 1574 3519 1629 timor
3548 1591 3650 1629 non
3674 1582 3763 1630 est

2168 1661 2226 1716 in
2256 1661 2544 1729 charitate,
2573 1672 2657 1717 est
2682 1670 2868 1718 tamen
2897 1662 2951 1717 in
2975 1660 3177 1718 debito.
3218 1660 3468 1734 Increpat
3495 1648 3760 1723 Dominus

2174 1753 2427 1808 timentes
2448 1748 2737 1823 Apostolos
2758 1754 2943 1810 dicens
2973 1771 2985 1809 :
3046 1744 3185 1822 Quid
3212 1748 3390 1811 timidi
3426 1754 3558 1812 estis
3585 1758 3763 1813 modi-

2171 1845 2420 1913 caendei,
2452 1860 2516 1901 ac
2542 1846 2589 1900 si
2619 1846 2806 1902 dicat:
2850 1846 2930 1901 llli
2961 1848 3204 1914 timeant,
3236 1849 3327 1918 qni
3368 1834 3612 1904 debitore
3645 1850 3763 1905 dia-

2173 1936 2298 1994 bolo
2325 1946 2576 1994 tenentur
2598 1940 2839 2007 obnoxii,
2896 1957 2994 1997 vos
3015 1943 3106 2013 qui
3130 1958 3255 1999 cum
3290 1930 3581 2000 liberatore
3600 1945 3761 2016 estis,

480 2039 713 2096 Michael
760 2041 816 2096 in
868 2040 1100 2113 epistola
1166 2037 1355 2096 Iudae:
1420 2037 1663 2110 Increpet
1718 2044 1771 2092 te
1812 2036 2073 2092 Dominus
2100 2028 2149 2090 B
2174 2045 2284 2086 non
2310 2039 2394 2088 est
2417 2031 2557 2087 ultra
2594 2032 2739 2103 quod
2765 2034 3022 2090 timeatis.

484 2128 666 2204 (lude
694 2131 757 2206 ι).

550 2222 696 2278 Tunc
717 2240 959 2295 surgens,
983 2223 1256 2296 imperavit
1269 2224 1434 2278 ventis
1448 2232 1498 2279 et
1518 2222 1677 2277 mari.
1706 2221 1787 2277 Ex
1816 2222 1921 2278 hoc
1949 2220 2070 2276 loco

479 2317 850 2390 intelligimus,
894 2321 1036 2389 quod
1063 2335 1253 2375 omnes
1282 2329 1547 2376 creaturae
1589 2320 1828 2375 sentiant
1853 2327 2069 2375 creato-

478 2425 617 2478 rem,
666 2412 863 2482 quibus
909 2411 1053 2467 enim
1104 2411 1418 2479 increpatur
1462 2419 1517 2466 et
1568 2411 1905 2479 imperatur,
1951 2423 2071 2463 sen-

484 2505 626 2560 tiunt
654 2505 1011 2575 imperantem
1058 2518 1165 2558 non
1192 2517 1379 2559 errore
1408 2502 1806 2566 haereticorum,
1840 2500 1932 2571 qui
1954 2515 2072 2556 om-

480 2597 571 2652 nia
596 2602 792 2667 putant
819 2594 1116 2650 animantia
1136 2593 1472 2650 insensibilia
1493 2607 1635 2657 esse,
1662 2593 1758 2647 sed
1789 2589 2072 2660 majestate

481 2688 805 2755 conditoris,
840 2702 960 2757 quae
987 2687 1131 2757 apud
1160 2700 1259 2741 nos
1299 2684 1655 2752 insensibilia,
1684 2683 1760 2739 illi
1794 2683 2073 2739 sensibilis

483 2788 629 2837 sunt.

554 2871 699 2928 Tunc
727 2888 965 2943 surgens,
989 2870 1265 2943 imperavit
1286 2870 1449 2926 ventis
1474 2878 1521 2924 et
1543 2869 1701 2935 mari,
1725 2876 1776 2923 et
1814 2866 1958 2938 facta
1994 2876 2072 2923 est

479 2964 837 3038 tranquillitas
860 2981 1052 3035 magna
1075 2964 1131 3017 in
1152 2964 1309 3018 mari.
1351 2964 1583 3020 Ventum
1598 2963 1799 3033 quippe
1820 2977 2068 3033 surgens,

480 3055 801 3127 increpavit,
842 3056 967 3126 quia
992 3056 1396 3112 resurrectione
1421 3055 1718 3121 celebrata,
1753 3054 1951 3110 diaboli
1981 3070 2073 3111 su-

479 3147 724 3220 perbiam
749 3147 962 3213 stravit,
994 3146 1121 3202 dum
1167 3163 1263 3219 per
1283 3156 1511 3203 mortem
1536 3147 1805 3203 destruxit
1827 3161 1947 3201 eum
1977 3147 2073 3218 qui

480 3240 713 3296 habebat
732 3239 925 3298 mortis
952 3238 1264 3309 imperium.
1327 3236 1731 3309 Tempestatem
1754 3253 1929 3308 aquae,
1952 3252 2073 3292 sur-

484 3346 616 3404 gens
635 3346 853 3387 cessare
876 3330 1027 3398 fecit,
1070 3331 1196 3402 quia
1225 3345 1480 3387 vesanam
1514 3331 1817 3388 Iudaeorum
1841 3331 2066 3396 rabiem,

482 3437 602 3492 quae
630 3422 1061 3493 cap'utquatiens
1084 3422 1448 3477 elamaverat:
1475 3420 1532 3477 Si
1554 3422 1723 3480 Filius
1744 3423 1838 3479 Dei
1859 3430 1960 3489 est,
1985 3422 2073 3477 de-

481 3514 708 3571 scendat
735 3531 876 3571 nunc
897 3512 964 3571 de
990 3531 1173 3583 cruce,
1206 3524 1262 3572 et
1285 3516 1572 3573 credemus
1611 3517 1681 3582 ei,
1730 3515 1796 3572 de
1824 3515 2072 3587 sepulcro

482 3606 812 3674 resurgendo
842 3600 1115 3662 labefecit.

553 3690 723 3747 Porro
771 3695 1007 3752 homines
1032 3698 1210 3753 mirati
1245 3707 1392 3765 sunt,
1434 3698 1701 3753 dicentes:
1764 3698 1952 3765 Qualis
1993 3706 2072 3755 est

480 3784 589 3853 hic,
614 3786 737 3858 quia
759 3789 894 3842 uenti
923 3799 971 3844 et
991 3806 1137 3844 mare
1165 3789 1412 3844 obediunt
1432 3790 1499 3844 ei.
1532 3787 1650 3845 Non
1676 3790 1948 3860 discipuli,
1976 3790 2073 3852 sed

484 3887 685 3945 nautae,
721 3887 778 3935 et
797 3881 979 3936 caeteri
1017 3882 1110 3952 qui
1133 3882 1188 3936 in
1222 3880 1471 3937 navicula
1503 3891 1681 3949 erant,
1712 3884 2066 3951 mirabantur,

484 3968 569 4026 sin
593 3980 776 4027 autem
837 3972 962 4043 quis
1011 3974 1344 4029 contentiose
1367 3974 1600 4031 voluerit
1627 3990 1721 4032 eos
1767 3977 1859 4048 qui
1908 3977 2073 4034 mira-

483 4062 683 4118 bantur
698 4059 866 4119 fuisse
899 4062 1211 4135 discipulos,
1242 4066 1690 4136 respondebimus
1729 4076 1875 4121 recte
1896 4067 2073 4122 homi-

482 4168 580 4211 nes
607 4156 924 4227 appellatos,
962 4158 1052 4230 qui
1083 4158 1314 4214 necdum
1343 4158 1640 4231 potentiam
1660 4165 1925 4215 noverant
1965 4156 2075 4215 sal-

483 4251 709 4306 vatoris.

555 4343 851 4399 Moraliter.
910 4344 1019 4416 (Ea:
1039 4345 1229 4411 Beda.)
1274 4346 1341 4402 Et
1363 4362 1461 4403 nos
1484 4361 1699 4418 quoque
1730 4347 2073 4419 singulicum

487 4435 640 4508 signo
665 4436 958 4491 Dominicaa
992 4439 1171 4494 crucis
1220 4439 1411 4495 imbuti
1458 4440 1711 4495 saeculum
1760 4440 2075 4513 relinquere

486 4527 837 4597 disponimus,
864 4544 1055 4585 navem
1077 4530 1320 4602 profecto
1341 4547 1464 4586 cum
1488 4531 1615 4590 Jesu
1637 4537 2070 4603 conscendimus,

487 4627 736 4690 stagnum
760 4620 1117 4678 transfretare
1142 4638 1422 4692 conamur,
1454 4626 1548 4681 sed
1570 4627 1661 4696 qui
1686 4642 1794 4682 non
1817 4627 2075 4682 dbt'mila-

485 4713 564 4768 vit
598 4729 775 4785 neque
822 4715 1055 4772 dormiet
1100 4718 1411 4773 custodiens
1440 4733 1656 4789 semper
1685 4719 1869 4784 Israel,
1916 4720 2072 4775 nobis

2456 2142 2781 2201 DOMINICA
2820 2143 2889 2200 IN
2929 2143 3475 2202 SEPTUAGESIMA.

2238 2251 2432 2294 LECTIO
2481 2253 2750 2294 srtsronas
2792 2252 2951 2293 nam
2990 2254 3146 2294 mum
3186 2254 3443 2295 APOSTOLI
3468 2279 3485 2309 ,
3533 2253 3553 2296 ι
3594 2235 3705 2297 co;

2805 2324 2993 2364 BINTK.
3037 2325 3113 2364 IX.

2245 2420 2265 2454 ι
2309 2399 2542 2457 Nescitis
2568 2401 2713 2471 quod
2748 2400 2825 2456 bii
2867 2401 2960 2471 qui
2986 2401 3041 2456 in
3088 2401 3267 2458 stadio
3296 2413 3543 2472 currunt,
3568 2416 3763 2462 omnes

2174 2511 2195 2558 ς
2241 2494 2459 2564 quidem
2494 2503 2746 2559 currunt,
2801 2493 2896 2549 sed
2926 2510 3066 2550 unus
3091 2495 3292 2567 accipit
3322 2496 3591 2552 bravium.
3668 2495 3765 2553 Sic

2176 2607 2195 2640 ι
2240 2588 2444 2643 currite
2496 2595 2559 2642 ut
2607 2588 3104 2658 comprehendatis.
3174 2587 3362 2645 Omnis
3400 2589 3543 2645 enim
3582 2587 3677 2659 qui
3705 2591 3764 2647 in

2175 2698 2195 2732 ι
2238 2695 2410 2751 agone
2431 2680 2730 2746 contendit,
2747 2680 2813 2735 ab
2837 2680 3088 2736 omnibus
3111 2694 3169 2736 se
3196 2680 3525 2747 abstinet,et
3537 2680 3612 2736 illi
3642 2682 3765 2752 qui-

2175 2791 2195 2826 ‹
2241 2774 2382 2841 dem,
2411 2783 2474 2830 ut
2500 2772 2906 2845 corruptibilem
2934 2788 3192 2829 coronam
3219 2773 3511 2844 accipiant,
3538 2789 3640 2829 nos
3665 2789 3766 2829 au—

2175 2886 2196 2921 c
2241 2876 2346 2925 tem
2366 2869 2752 2947 incorruptam.
2770 2864 2884 2941 Ego
2907 2868 3071 2940 igitur
3091 2869 3172 2924 sic
3192 2884 3373 2934 curro,
3399 2883 3505 2923 non
3526 2869 3681 2940 quasi
3705 2869 3765 2926 in

2177 2979 2196 3014 ‹
2242 2961 2524 3017 incertum.
2570 2960 2659 3017 Sic
2680 2977 2878 3033 pugno,
2913 2977 3020 3018 non
3045 2961 3200 3032 quasi
3227 2974 3410 3015 aerem
3438 2961 3762 3030 verberans,

2178 3071 2197 3107 ι
2242 3055 2336 3111 sed
2364 3056 2569 3126 castigo
2594 3070 2791 3125 corpus
2820 3064 3019 3120 meum,
3052 3063 3107 3110 et
3135 3055 3187 3109 in
3214 3054 3532 3110 servitutem
3552 3055 3761 3125 redigo,

2178 3162 2197 3197 ‹
2243 3162 2310 3201 ne
2333 3146 2470 3202 forte
2481 3161 2604 3201 cum
2630 3147 2750 3203 aliis
2770 3147 3194 3219 praedicaverim,
3215 3147 3330 3219 ipse
3356 3147 3621 3218 reprobus
3642 3147 3765 3203 elli-

2178 3258 2198 3291 (
2243 3240 2376 3294 ciar.
2428 3238 2561 3295 Nolo
2595 3240 2739 3294 enim
2786 3255 2884 3296 vos
2921 3241 3197 3313 ignorare,
3253 3239 3474 3306 fratres,
3503 3241 3766 3312 quoniam

2181 3348 2201 3383 ι
2244 3338 2432 3401 patres
2465 3331 2639 3387 nostri
2696 3347 2888 3388 omnes
2929 3333 3030 3388 sub
3060 3332 3201 3388 nube
3225 3330 3464 3397 fuerunt,
3490 3342 3545 3388 et
3570 3345 3763 3388 omnes

2098 3400 2144 3464 C
2181 3443 2201 3478 ‹
2247 3440 2397 3481 mare
2421 3426 2781 3493 transierunt,
2805 3435 2859 3482 et
2876 3441 3064 3481 omnes
3087 3427 3138 3481 in
3154 3412 3301 3482 Mose
3322 3424 3585 3498 baptizati
3612 3435 3762 3495 sunt,

2180 3538 2200 3573 ι
2246 3518 2301 3576 in
2337 3520 2480 3574 nube
2509 3528 2564 3575 et
2588 3519 2641 3574 in
2669 3519 2825 3574 mari.
2865 3516 2934 3574 Et
2953 3532 3140 3575 omnes
3168 3516 3415 3576 eamdem
3451 3535 3634 3576 escam
3658 3520 3767 3592 spi-
3834 3512 3847 3527 ’

2179 3629 2199 3664 ι
2245 3610 2458 3666 ritalem
2485 3612 2967 3676 manducaverunt,
3008 3619 3063 3667 et
3092 3625 3279 3667 omnes
3305 3610 3555 3667 eumdem
3574 3618 3766 3682 potum

2179 3723 2200 3759 ε
2247 3704 2550 3777 spiritalem
2578 3705 2853 3761 biberunt.
2907 3703 3176 3760 Bibebant
3200 3712 3380 3762 autem
3413 3704 3478 3760 de
3507 3702 3760 3776 spiritali,

2178 3815 2199 3852 ι
2244 3805 2608 3868 consequente
2631 3812 2722 3852 eos
2744 3794 2917 3866 petra.
2936 3794 3096 3852 Petra
3121 3804 3303 3852 autem
3321 3796 3755 3854 eratChristus.»

2248 3887 2477 3943 Nescitis
2502 3886 2641 3958 quod
2665 3886 2739 3941 hii
2776 3886 2866 3958 qui
2900 3887 2956 3941 in
2984 3887 3155 3942 stadio
3178 3896 3421 3955 currunt,
3450 3903 3627 3942 omnes
3645 3888 3769 3959 qui-

2173 3981 2289 4037 dem
2317 3990 2559 4048 currunt,
2618 3979 2709 4034 sed
2738 3994 2875 4034 unus
2902 3980 3089 4051 accipit
3131 3976 3386 4035 bravium.
3444 3970 3550 4036 Hic
3594 3981 3761 4038 stadii

2172 4072 2629 4144 cursumjustitiae
2651 4072 2734 4127 vel
2766 4071 2887 4126 ﬁdei
2918 4071 3274 4142 comparavit.
3332 4073 3457 4144 quia
3491 4072 3765 4145 quomodo

2172 4164 2284 4221 illic
2306 4180 2427 4221 cum
2453 4180 2641 4221 omnes
2668 4165 2812 4220 intra
2849 4162 3082 4220 stadium
3115 4176 3363 4234 currant,
3400 4184 3508 4223 non
3537 4168 3641 4224 nisi
3667 4166 3765 4240 qui

2172 4254 2313 4321 bene
2334 4255 2586 4322 currerit,
2632 4255 2825 4328 dignus
2865 4257 3088 4328 praemio
3122 4256 3418 4326 iudicatur,
3465 4259 3540 4313 ita
3566 4267 3622 4314 et
3648 4258 3762 4330 hic,

2174 4349 2422 4419 quamvis
2450 4348 2592 4403 intra
2618 4345 2742 4401 lldei
2762 4356 2933 4402 metas
2947 4348 3125 4402 cuncti
3142 4349 3424 4402 credentes
3446 4350 3766 4405 continean-

2174 4446 2284 4505 tur,
2311 4439 2410 4494 solt
2437 4448 2617 4495 tamen
2646 4439 2735 4509 qui
2755 4437 2899 4507 juste
2921 4438 3155 4493 vixerint
3201 4434 3493 4508 prtemium'
3512 4439 3761 4509 cmleste,

2176 4532 2315 4601 quod
2342 4531 2529 4586 Greece
2563 4531 2761 4586 dicitur
2801 4530 3059 4606 ϐραϐεῖον,
3091 4529 3415 4601 percipiunt,
3448 4537 3503 4586 et
3526 4531 3650 4602 quia
3680 4532 3765 4587 in-

2174 4632 2260 4679 ter
2308 4638 2419 4686 eos,
2469 4622 2639 4692 quiin
2677 4624 2855 4678 stadio
2890 4631 3138 4690 currunt,
3188 4639 3355 4678 unum
3403 4623 3760 4694 accipientem

2176 4712 2405 4784 palmam
2429 4712 2716 4783 signiﬁcat,
2766 4713 2819 4767 id
2850 4722 2953 4780 est,
3003 4713 3095 4770 ille
3138 4715 3230 4785 qui
3253 4713 3412 4770 ﬁdem
3441 4723 3645 4771 rectam
3673 4724 3758 4770 te-

486 4811 668 4859 tamen
691 4820 833 4877 saepe
862 4807 1260 4878 navigantibus,
1299 4810 1453 4878 quasi
1491 4787 1634 4863 inter
1677 4810 1911 4881 aequoris
1963 4809 2072 4865 l're-
2095 4787 2150 4846 ἶ)
2174 4806 2373 4873 nuerit,
2420 4815 2473 4860 et
2518 4813 2783 4876 praecepta
2831 4808 3148 4863 servaverit.
3216 4806 3481 4864 Hortatur
3517 4823 3617 4865 nos
3654 4808 3762 4866 hoc

491 4896 657 4951 mitus
681 4897 1034 4965 obdormivit,
1057 4898 1275 4968 quando
1299 4900 1682 4958 crebrescente
1703 4902 1846 4957 inter
1865 4902 2072 4958 medios

486 4990 749 5044 virtutum
781 4990 953 5055 nisus,
1010 4990 1093 5046 vel
1121 4991 1524 5049 immundorum
1560 4993 1847 5063 spirituum
1871 4992 1955 5047 vel
1976 4993 2075 5048 ho-

487 5083 697 5138 minum
722 5086 1035 5153 pravorum,
1066 5082 1153 5139 vel
1177 5085 1294 5155 ipse
1323 5094 1635 5141 nostrarum
1679 5084 2073 5157 cogitationum

488 5174 767 5244 impetum,
787 5172 911 5229 ﬁdei
932 5175 1190 5246 splendor
1214 5176 1636 5242 obtenebrescit,
1664 5176 1779 5247 spei
1810 5175 2073 5233 celsitudo

486 5263 840 5333 contabescit,
878 5266 1080 5322 amoris
1102 5267 1317 5324 ﬂamma
1345 5267 1672 5340 refrigescit,
1704 5283 1891 5323 verum
1930 5267 2073 5325 inter

488 5352 790 5424 huiusmodi
835 5357 1101 5428 procellas
1129 5359 1196 5413 ad
1245 5357 1395 5413 illum
1425 5374 1650 5416 necesse
1699 5367 1784 5414 est
1809 5359 2075 5430 guberna-

493 5452 660 5500 torem
681 5463 984 5517 curramus,
1006 5449 1155 5505 illum
1184 5450 1355 5504 seduli
1383 5451 1699 5513 excitemus,
1721 5451 1813 5521 qui
1831 5467 1936 5508 non
1960 5467 2074 5508 ser-

488 5535 622 5602 viat,
675 5540 768 5594 sed
794 5541 1023 5610 imperet
1051 5540 1247 5603 ventis,
1297 5552 1422 5593 mox
1466 5548 1818 5610 tempestates
1850 5556 2071 5611 compe-

491 5634 626 5693 scet,
659 5636 716 5684 et
736 5631 983 5689 refundet
1013 5628 1483 5703 tranquillitatem,
1526 5640 1747 5702 portum
1784 5633 2072 5688 salutisiu-

491 5714 748 5790 dulgebit.

563 5811 895 5885 Allegoricaa.
924 5815 1034 5889 (Ex.
1064 5814 1309 5889 Hieron.)
1341 5813 1599 5871 Navicula
1623 5813 1868 5870 Ecclesia
1890 5815 2077 5869 catho-

494 5906 598 5961 lica
629 5916 731 5974 est,
766 5918 943 5965 motus
984 5910 1040 5964 in
1082 5908 1218 5963 mari
1270 5908 1578 5977 persecutio
1615 5907 2074 5975 Christianorum,

494 6015 616 6085 quae
639 6002 869 6076 primum
891 6002 1034 6059 facta
1061 6009 1147 6059 est
1167 6002 1219 6057 in
1236 6003 1460 6074 mundo,
1481 6004 1570 6061 cui
1590 6008 1783 6060 ventus
1807 6007 1927 6059 erat
1950 6015 2080 6059 con-
2098 6064 2111 6079 ο

2176 4895 2336 4952 modo
2364 4910 2608 4963 currere,
2642 4903 2703 4951 ut
2729 4894 2971 4952 coelestia
2997 4897 3217 4969 praemia
3268 4912 3578 4955 mereamur
3611 4913 3763 4955 com-

2173 4989 2529 5063 prehendere.

2249 5081 2433 5137 Omnis
2468 5091 2640 5137 autem
2680 5084 2770 5155 qui
2800 5086 2856 5140 in
2901 5101 3065 5156 agone
3100 5082 3388 5151 contendit,
3434 5082 3499 5138 ab
3522 5083 3761 5139 omnibus

2150 5194 2229 5232 .sc
2261 5176 2499 5232 abstinet.
2537 5179 2689 5249 ’Δγὼν
2724 5176 2932 5242 Graece,
2976 5176 3169 5231 Latine
3214 5183 3492 5231 certamen
3538 5174 3757 5232 dicitur.

2173 5268 2316 5340 Ergo
2343 5267 2520 5322 omnis
2561 5270 2868 5340 ἀγωνιστής,
2897 5266 2950 5322 id
2985 5274 3090 5334 est,
3123 5275 3381 5332 certator,
3432 5264 3525 5336 qui
3569 5266 3635 5321 ad
3675 5279 3763 5320 ca-

2171 5360 2425 5431 piendum
2452 5359 3009 5425 contenditbravium,
3042 5360 3111 5416 ab
3135 5359 3389 5415 omnibus
3410 5375 3468 5417 se
3498 5358 3757 5425 abstinet,

2172 5450 2226 5508 id
2254 5461 2357 5519 est,
2397 5453 2463 5507 ab
2488 5450 2739 5508 omnibus
2760 5453 2922 5522 escis,
2957 5470 3079 5526 quae
3114 5469 3332 5511 cursum
3353 5451 3472 5524 ejus
3496 5451 3760 5524 impedire

2171 5552 2590 5600 consueverunt.

2247 5634 2314 5691 Et
2336 5635 2414 5690 illi
2435 5637 2644 5710 quidem
2674 5644 2728 5691 ut
2751 5639 3139 5710 corruptibilem
3183 5653 3430 5693 coronam
3470 5636 3755 5707 accipiant,

2175 5746 2269 5784 nos
2293 5737 2467 5783 autem
2490 5728 2867 5799 incorruptam.
2918 5730 3066 5786 Illam
3096 5730 3161 5785 de
3188 5744 3294 5798 qua
3315 5726 3596 5784 Psalmista
3635 5727 3711 5782 ait
3740 5744 3753 5782 :

2179 5817 2342 5875 Scuto
2380 5819 2527 5872 home
2555 5816 2837 5874 uoluntatis
2864 5829 2967 5873 tua:
2997 5820 3260 5873 coronasti
3299 5835 3393 5873 nos
3438 5814 3611 5891 (Psal.
3657 5817 3753 5891 tv),

2178 5924 2375 5965 corona
2424 5911 2567 5964 enim
2616 5910 2840 5964 victoria
2891 5910 3294 5980 interpretatur.
3374 5907 3587 5965 Gratias
3632 5926 3759 5981 aga-

2180 6017 2300 6059 mus
2325 6001 2452 6070 Deo,
2476 6010 2531 6055 et
2556 6001 2910 6069 deprecemur
2938 5999 3112 6071 illum,
3141 6008 3201 6057 ut
3228 6001 3284 6058 in
3310 6001 3449 6058 bona
3479 6000 3759 6062 voluntate
