4110 6456
331 493 424 556 101

1170 488 1685 557 nonasnonas
1719 496 1787 556 IN
1824 480 2204 557 EPISTULAS
2242 494 2333 557 ET
2374 496 2791 560 evneum.

3486 490 3595 564 102

330 626 450 679 sua,
494 610 612 683 ipse
631 608 705 668 sit
730 612 963 677 scutum,
991 615 1047 666 et
1068 624 1288 680 corona,
1316 620 1373 668 et
1398 611 1644 669 bravium
1668 614 1908 670 victoria;
1934 622 1988 682 Α
2008 612 2259 683 praesenti
2303 611 2596 670 afﬂictione
2644 616 2886 686 perpessi
2939 626 3082 683 sunt,
3126 595 3222 675 ille
3265 621 3483 691 gravius
3532 621 3592 679 in

333 711 558 759 Πυθίη.

403 792 519 865 Ego
535 794 698 866 igitur
710 794 785 849 sic
804 811 957 849 curro
970 812 1074 850 non
1094 796 1245 867 quasi
1264 795 1319 851 in
1333 796 1697 863 incertum,sic
1718 814 1913 869 pugno,

332 906 439 946 non
466 890 619 961 quasi
640 907 812 944 aerem
838 889 1129 951 verberans.
1157 890 1247 945 sed
1273 891 1470 963 castigo
1510 908 1698 963 corpus
1745 909 1915 946 meum

332 994 383 1040 et
404 986 459 1039 in
483 984 783 1038 servitutem
801 984 998 1055 redigo,
1016 1001 1078 1039 ne
1098 982 1235 1055 forte
1259 1002 1375 1039 cum
1391 983 1510 1038 aliis
1525 982 1915 1055 prtedicaverim

330 1094 441 1148 spse
471 1077 718 1147 reprobus
742 1078 952 1149 efﬁciar,
984 1086 1089 1131 etc.
1120 1075 1234 1131 Non
1274 1078 1328 1132 in
1356 1093 1584 1132 vacuum
1614 1094 1789 1142 curro,
1824 1085 1917 1132 aut

333 1170 388 1225 in
411 1170 677 1225 incertum
707 1182 887 1225 aerem
918 1171 1167 1235 verbero,
1203 1170 1289 1225 vel
1330 1170 1474 1242 ﬁngo
1503 1180 1794 1236 certamen,
1821 1170 1917 1226 sed

331 1261 539 1331 castigo
583 1272 780 1330 corpus
822 1276 1021 1327 meum,
1074 1269 1129 1316 et
1156 1261 1208 1315 in
1244 1263 1560 1318 servitutem
1609 1264 1794 1334 redigo
1821 1278 1918 1332 per

332 1350 716 1406 abstinentiam
770 1357 826 1406 et
875 1348 1222 1406 afilictionem
1268 1361 1430 1423 atque
1484 1353 1732 1419 labores,
1778 1352 1920 1408 sicut

335 1440 462 1499 alibt
490 1442 566 1497 ait
598 1458 612 1496 :
650 1440 709 1497 In
728 1439 949 1511 jejuniis
977 1442 1181 1510 multis,
1232 1443 1286 1498 in
1320 1443 1539 1515 vigiliis,
1588 1443 1642 1498 in
1697 1442 1838 1498 fame
1863 1450 1919 1499 et

332 1535 444 1602 siti,
496 1535 552 1591 in
579 1534 783 1608 frigore
811 1546 865 1592 et
894 1537 1155 1601 nuditate,
1192 1524 1254 1591 in
1303 1536 1597 1606 laboribus,
1632 1532 1686 1591 in
1735 1552 1918 1592 carce-

332 1630 506 1694 ribus,
530 1636 636 1683 etc.
660 1624 740 1683 Ne
786 1627 926 1684 forte
948 1644 1069 1684 cum
1099 1629 1217 1684 aliis
1242 1630 1650 1701 prmdicaverim
1681 1631 1794 1699 ipse
1833 1644 1919 1685 re-

228 1705 247 1717 ’
329 1718 537 1793 probus
558 1717 786 1785 efﬁciar,
818 1734 925 1774 non
950 1717 1197 1775 faciendo
1224 1720 1367 1791 quod
1417 1719 1537 1774 dico
1563 1717 1648 1791 (ΙΙ
1669 1718 1791 1774 Cor.
1816 1721 1913 1790 vi).

400 1806 590 1864 Aliter.
636 1808 746 1880 Ego
784 1810 864 1866 sic
887 1825 1066 1875 curro,
1095 1825 1199 1865 non
1230 1810 1386 1880 quasi
1433 1810 1486 1864 in
1523 1810 1811 1866 incertum.
1858 1809 1918 1865 In

330 1899 589 1954 mundiali
613 1914 776 1955 cursu
802 1901 848 1955 si
880 1916 1019 1956 unus
1048 1902 1199 1972 prior
1249 1901 1579 1966 accesserit,
1644 1901 1919 1958 incassum

2016 699 2219 768 futuro,
2270 705 2362 774 qui
2391 705 2593 777 majora
2620 706 2883 762 beneficia
2904 708 3220 780 neglexerit,
3274 711 3586 769 sustinebit.
3636 732 3644 745 ·

2015 788 2192 859 Quare
2215 793 2373 861 dixit,
2401 795 2467 850 de
2495 798 2845 868 consequenti
2867 814 2961 854 eos
2976 808 3135 871 petra
3163 799 3349 856 bibere
3369 816 3590 871 aquam,

2015 886 2141 955 quia
2171 885 2420 944 Christus
2460 905 2621 960 quem
2647 890 2764 948 haec
2809 878 3133 964 ﬁgurabant,
3179 902 3366 965 postea
3406 902 3595 951 ventu-

2017 992 2111 1033 l'llS
2139 989 2252 1033 erat
2263 1019 2276 1033 .

2142 1084 2480 1128 EVANGELIUI
2517 1088 2787 1130 SECUNDUM
2825 1091 3161 1144 ΙΙΛἸἽἮΑΕΗΠ,
3228 1093 3346 1133 ων.
3376 1095 3467 1134 XX.

2093 1178 2112 1211 ι
2159 1159 2347 1218 Simile
2383 1173 2465 1219 est
2519 1181 2745 1236 regnum
2772 1165 3030 1223 caelorum
3064 1167 3269 1223 homini
3297 1167 3597 1239 patrifami-

2021 1267 2040 1300 ι
2085 1248 2205 1317 lias,
2240 1253 2328 1322 qui
2351 1254 2483 1309 exiit
2502 1256 2681 1327 primo
2703 1273 2861 1313 mane
2891 1258 3196 1314 conducere
3238 1260 3516 1330 operarios
3538 1260 3594 1315 in

2021 1359 2042 1395 ι
2084 1341 2299 1397 vineam
2320 1357 2497 1400 suam.
2513 1346 2879 1404 Conventione
2902 1358 3081 1405 autem
3104 1348 3243 1405 facta
3265 1366 3387 1405 cum
3403 1365 3597 1421 opera-

2025 1448 2044 1483 ι
2092 1432 2188 1489 riis
2212 1450 2279 1489 ex
2307 1436 2529 1493 denario
2555 1439 2767 1507 diurno,
2811 1440 2956 1496 misit
2986 1456 3079 1497 eos
3108 1441 3161 1496 in
3184 1442 3395 1496 vineam
3416 1457 3590 1498 suam.

2024 1546 2043 1580 ι
2088 1526 2157 1583 Et
2185 1543 2433 1601 egressus
2471 1531 2612 1586 circa
2650 1531 2839 1587 horam
2871 1534 3089 1588 tertiam
3126 1533 3262 1588 vidit
3301 1533 3434 1589 alios
3449 1542 3599 1589 stan-

2023 1639 2043 1673 ‹
2091 1630 2171 1676 tes
2195 1621 2247 1674 in
2270 1608 2397 1676 "foro
2417 1622 2645 1688 otiosos,
2673 1632 2727 1677 et
2762 1624 2897 1679 dixit
2931 1624 3036 1680 illis
3067 1638 3082 1679 :
3127 1624 3204 1679 lte
3233 1632 3288 1679 et
3312 1639 3409 1680 vos
3437 1625 3491 1680 in
3520 1624 3601 1680 vi-

2024 1730 2044 1764 (
2088 1729 2245 1768 neam
2272 1729 2466 1782 meam,
2492 1723 2546 1769 et
2570 1715 2713 1785 quod
2728 1713 2933 1783 justum
2958 1716 3121 1772 fuerit
3147 1716 3287 1772 dabo
3313 1716 3484 1772 vobis.
3511 1715 3593 1773 llli

2024 1822 2043 1855 ‹
2088 1813 2269 1859 autem
2299 1805 2568 1864 abierunt.
2622 1806 2822 1863 lterum
2846 1817 3025 1863 autem
3056 1809 3190 1865 exiit
3215 1809 3359 1865 circa
3389 1819 3599 1865 sextam

2026 1912 2045 1946 ‹
2091 1904 2145 1952 et
2162 1912 2355 1952 nonam
2372 1898 2583 1965 horam,
2602 1907 2654 1954 et
2667 1898 2793 1955 fecit
2806 1892 3071 1956 similiter.
3090 1900 3246 1957 Circa
3260 1901 3601 1957 undecimam

326 1992 553 2047 veniunt
584 1992 674 2063 qui
703 2001 1019 2064 sequuntur.
1073 1992 1341 2049 Czeterum
1388 1993 1439 2047 in
1471 1993 1699 2064 spiritali
1727 2009 1911 2061 cursu,
1941 1988 1989 2050 B
2023 2008 2042 2043 ‹
2087 2008 2218 2047 vero
2240 1992 2389 2059 exiit,
2409 1992 2679 2051 etinvenit
2697 1995 2831 2051 alios
2846 1995 3602 2065 stantes,etdixitillis:Quid

328 2081 465 2136 certi
527 2096 752 2147 sumus,
796 2081 939 2151 quod
974 2097 1161 2137 omnes
1208 2082 1475 2153 accipiunt
1519 2084 1610 2154 qui
1644 2100 1816 2155 usque
1858 2085 1914 2140 in

328 2172 515 2241 ﬁnem,
567 2174 757 2243 collata
805 2190 835 2229 a
862 2174 974 2230 Deo
990 2176 1129 2230 dona
1149 2176 1481 2243 custodiunt,
1508 2185 1562 2233 et
1579 2178 1670 2247 qui
1695 2185 1914 2248 propter

326 2262 623 2320 humanum
650 2264 890 2322 favorem
910 2267 1189 2338 praedicat,
1221 2276 1404 2324 certus
1430 2283 1551 2324 esse
1573 2269 1639 2324 de
1665 2269 1916 2324 mercede

326 2368 437 2411 non
463 2364 665 2426 potest.
704 2356 719 2369 ‘

404 2443 533 2499 Non
561 2446 711 2516 quasi
733 2462 904 2500 aerem
925 2445 1222 2513 uerberans,
1250 2454 1356 2502 etc.
1407 2445 1464 2501 ld
1481 2455 1583 2512 est,
1605 2464 1712 2504 non
1740 2447 1917 2503 studio

325 2536 592 2591 vanitatis
621 2536 819 2606 aliquid
847 2553 970 2608 ago,
1011 2538 1103 2593 sed
1133 2537 1369 2603 Christo,
1410 2539 1592 2595 cordis
1617 2539 1916 2595 intentione

314 2636 383 2683 ‘et
396 2628 644 2700 corporis
664 2630 1080 2687 mortiﬁcatione
1106 2630 1375 2687 deservio.

405 2718 489 2777 Ne
507 2722 617 2792 ipse
638 2722 883 2793 reprobus
911 2724 1124 2795 efﬁciar.
1186 2722 1473 2794 Reprobus
1518 2710 1766 2793 efﬁcitur,
1818 2726 1911 2797 qui

324 2819 537 2869 tantum
564 2813 729 2870 verbo
756 2813 934 2880 docet,
977 2830 1083 2869 non
1126 2814 1394 2884 exemplo,
1421 2816 1514 2887 qui
1545 2832 1702 2872 suam
1724 2833 1913 2890 repro-

330 2912 456 2969 bam
483 2910 613 2967 facit
637 2926 757 2967 esse
776 2910 1101 2966 doctrinam.

401 2988 542 3059 Nolo
564 3003 699 3058 enim
728 3020 812 3059 vos
840 3003 1104 3075 ignorare,
1137 3003 1351 3074 fratres,
1373 3005 1513 3076 quod
1537 3016 1710 3077 patres
1748 3006 1912 3061 nostri

327 3113 505 3151 omnes
527 3095 619 3150 sub
644 3094 775 3150 nube
796 3095 1027 3166 fuerunt.
1072 3093 1183 3151 Sub
1199 3091 1338 3151 ﬁube
1358 3096 1509 3162 dicit,
1547 3096 1634 3152 illa
1669 3114 1790 3168 quae
1816 3112 1911 3155 eos

324 3189 665 3263 pramedebat
686 3188 956 3255 columna,
974 3205 1093 3260 quae
1118 3189 1415 3263 ﬁguraliter
1441 3189 1716 3249 Christum
1741 3192 1911 3263 signi-

325 3282 541 3338 ﬁcabat.
595 3280 762 3337 Nobis
796 3283 939 3337 enim
970 3283 1219 3339 Christus
1250 3283 1499 3340 columna
1527 3293 1629 3350 est,
1673 3286 1800 3357 quia
1822 3303 1910 3342 re-

2025 2103 2045 2136 (
2088 2084 2177 2139 hic
2198 2086 2351 2142 statis
2374 2094 2485 2141 tota
2516 2087 2602 2141 die
2634 2087 2836 2142 otiosi?
2884 2089 3079 2144 Dicunt
3123 2091 3207 2146 ei:
3258 2090 3394 2159 Quia
3434 2103 3598 2146 nemo

2023 2192 2042 2227 ι
2087 2190 2188 2230 nos
2227 2177 2500 2231 conduxit.
2563 2178 2704 2235 Dicit
2737 2180 2842 2235 illis
2876 2200 2888 2235 :
2936 2180 3017 2237 Ite
3053 2189 3108 2237 et
3150 2196 3245 2240 vos
3292 2182 3345 2237 in
3386 2182 3602 2239 vineam

2023 2282 2043 2317 ι
2087 2281 2283 2321 meam.
2300 2266 2433 2322 Cum
2450 2282 2572 2324 sero
2592 2277 2772 2325 autem
2795 2269 2998 2326 factum
3015 2280 3179 2339 esset,
3196 2271 3324 2327 dicit
3338 2271 3601 2328 Dominus

2022 2371 2042 2406 ι
2091 2356 2258 2410 vineae
2270 2360 2610 2426 procuratori
2636 2375 2761 2415 suo:
2795 2361 2940 2416 Voca
2961 2362 3329 2432 Operatios,et
3353 2363 3514 2418 redde
3530 2358 3602 2419 il-

2023 2464 2043 2498 ‹
2088 2445 2179 2501 Ιίε·
2205 2449 2544 2514 mercedem,
2589 2451 2851 2521 incipiens
2883 2467 2913 2505 a
2961 2453 3272 2508 novissimis
3319 2469 3489 2524 usque
3530 2453 3600 2509 ad

2023 2556 2042 2589 ι
2085 2538 2309 2609 primos.
2341 2539 2475 2595 Cum
2498 2540 2773 2598 venissent
2802 2558 2930 2615 ergo
2958 2543 3049 2614 qui
3086 2544 3231 2601 circa
3256 2545 3598 2603 undecimam

2020 2648 2040 2682 ι
2086 2630 2277 2685 horam
2321 2641 2607 2702 venerant,
2656 2644 2981 2705 acceperunt
3029 2637 3269 2709 singulos
3322 2639 3595 2696 denarios.

1996 2744 2039 2805 ει
2086 2726 2379 2784 Venientes
2394 2739 2572 2784 autem
2599 2738 2651 2785 et
2673 2731 2854 2801 primi,
2891 2731 3139 2787 arbitrati
3163 2742 3288 2788 sunt
3308 2734 3451 2807 quod
3476 2735 3602 2807 plus

2020 2837 2038 2871 ‹
2085 2827 2268 2875 essent
2295 2821 2589 2891 accepturi.
2642 2821 2979 2892 Acceperunt
3006 2834 3184 2880 autem
3202 2832 3254 2880 et
3285 2825 3384 2896 ipsi
3416 2826 3598 2898 singu-

2018 2929 2038 2963 ¢
2078 2911 2159 2968 los
2202 2912 2474 2969 denarios.
2526 2912 2593 2968 Et
2615 2914 2944 2984 accipientes
2977 2918 3601 2974 murmurabantadver-

2019 3020 2038 3053 ε
2084 3018 2178 3058 sus
2226 3003 2675 3073 patremfamilias
2728 3005 3013 3062 dicentes:
3067 3006 3130 3061 lli
3173 3006 3451 3064 novissimi
3494 3024 3601 3065 una

2018 3111 2037 3145 ‹
2079 3094 2210 3149 hora
2243 3094 2509 3164 fecerunt,
2564 3106 2618 3152 et
2666 3113 2827 3168 pares
2885 3098 3003 3154 illos
3051 3100 3206 3156 nobis
3258 3100 3449 3167 fecisti,
3503 3104 3600 3174 qui

2017 3204 2036 3238 ι
2081 3189 2417 3258 portavimus
2443 3190 2653 3259 pondus
2702 3191 2805 3245 diei
2834 3200 2890 3246 et
2923 3200 3107 3248 :estus.
3158 3191 3228 3247 At
3253 3192 3341 3249 ille
3362 3206 3593 3263 respon-

2017 3296 2036 3330 ι
2082 3279 2215 3335 dens
2242 3281 2334 3333 uni
2359 3297 2546 3335 eorum
2578 3281 2714 3336 dixit
2744 3296 2758 3335 :
2803 3281 3012 3349 Amice,
3037 3300 3143 3337 non
3169 3282 3308 3339 facio
3335 3284 3430 3339 tibi
3455 3285 3602 3355 inju~

324 3385 447 3431 ctus
467 3385 521 3431 et
555 3376 764 3443 ﬁrmus,
794 3386 849 3433 et
868 3377 1095 3433 fulciens
1126 3376 1499 3435 infirmitatem
1522 3390 1785 3443 nostram,
1815 3394 1912 3449 per

2027 3386 2046 3421 ι
2094 3368 2250 3424 riam.
2308 3368 2497 3425 Nonne
2520 3386 2584 3426 ex
2605 3370 2829 3427 denario
2866 3375 3165 3429 convenisti
3185 3376 3432 3431 mecum?
3454 3375 3604 3433 Tolle

324 3474 539 3521 noctem
563 3466 769 3534 lucens,
794 3483 886 3537 per
917 3469 1056 3524 diem
1086 3484 1193 3524 non
1221 3466 1431 3536 lucens,
1451 3482 1505 3524 ut
1519 3471 1607 3542 qui
1624 3488 1727 3526 non
1749 3470 1920 3525 vident

324 3559 559 3626 uideant,
593 3569 641 3614 et
669 3562 758 3632 qui
789 3562 959 3616 vident
987 3562 1111 3617 circi
1134 3561 1267 3631 ﬁant
1290 3562 1469 3635 (Joan.
1500 3563 1599 3638 v1).

408 3652 474 3707 Et
512 3670 688 3709 omnes
709 3655 763 3709 in
786 3671 929 3710 mare
959 3657 1303 3725 transierunt,
1326 3666 1375 3713 et
1408 3675 1585 3714 omnes
1610 3659 1667 3714 in
1700 3658 1917 3731 Moysen

327 3743 581 3815 baptizati
597 3755 741 3814 sunt,
765 3746 820 3800 in
847 3744 979 3800 nube
998 3755 1044 3801 et
1070 3747 1125 3801 in
1150 3748 1306 3803 mari.
1355 3746 1540 3805 Rubor
1569 3749 1622 3804 in
1646 3750 1781 3805 mari
1810 3749 1920 3805 Ru-

329 3835 451 3891 bro.
516 3832 824 3907 Baptismus
875 3838 1062 3909 utique
1090 3838 1289 3895 Christi
1339 3841 1598 3912 sanguine
1627 3856 1919 3898 consecra-

326 3936 439 3992 tus,
462 3927 667 3994 hostes,
712 3928 803 3999 qui
829 3937 1122 4000 sequentur
1176 3946 1206 3985 a
1237 3938 1409 4003 tergo,
1439 3931 1763 3998 moriuntur,
1789 3946 1916 4001 pec-

326 4029 452 4075 cata
491 4020 767 4090 praeterita
801 4022 1103 4093 signantur.
1156 4021 1331 4079 Moses
1351 4023 1441 4094 qui
1467 4025 1533 4079 de
1560 4022 1797 4095 Egypto
1821 4039 1918 4095 po-

320 4115 515 4188 pulum
539 4114 637 4168 Dei
657 4113 927 4181 liberavit,
958 4115 1159 4171 Christi
1203 4116 1432 4186 ﬁguram
1457 4119 1700 4187 gerebat.

399 4204 469 4261 Et
492 4222 669 4259 omnes
689 4206 1103 4260 eamdemescam
1129 4207 1417 4278 spiritalem
1446 4210 1912 4266 manducaverunt.

324 4296 529 4353 Escam
556 4294 687 4351 dicit
737 4296 1032 4367 spiritalem
1065 4313 1338 4365 mannam,
1385 4314 1545 4369 quam
1585 4300 1813 4369 populus
1861 4300 1917 4356 in

329 4389 547 4443 deserto
589 4388 953 4443 manducavit.
1011 4388 1204 4443 Manna
1254 4399 1435 4445 autem
1461 4398 1617 4462 typus
1646 4398 1733 4445 est
1775 4406 1917 4447 escae

329 4478 617 4550 spiritalis,
658 4495 778 4550 qua:
804 4479 857 4535 in
884 4482 1279 4539 resurrectione
1302 4483 1511 4539 Domini
1546 4484 1750 4541 veritas
1776 4484 1916 4540 facta

328 4579 437 4637 est,
465 4570 519 4625 in
540 4570 895 4627 Eucharistim
911 4572 1246 4642 mysterium.
1275 4572 1380 4630 Iste
1405 4582 1489 4631 est
1501 4583 1554 4629 et
1576 4575 1732 4646 panis
1754 4589 1918 4647 ange-

326 4661 530 4728 lorum,
559 4662 610 4717 id
633 4669 739 4728 est,
768 4660 1015 4718 Christus
1040 4680 1200 4736 quem
1220 4667 1564 4722 manducavit
1586 4668 1766 4735 homo,
1785 4667 1913 4739 quia

327 4768 431 4824 per
457 4768 579 4807 eum
602 4761 658 4809 et
684 4753 858 4825 angeli
900 4755 1089 4811 vivunt
1116 4768 1169 4812 et
1198 4758 1462 4814 homines.
1864 4832 1865 4835 η

402 4840 473 4897 Et
500 4858 677 4898 omnes
705 4848 944 4899 eumdem
989 4855 1165 4917 potum
1195 4849 1521 4921 spiritualem
1552 4850 1811 4919 biberunt,
1836 4851 1915 4907 bi-

324 4932 514 4989 bebant
551 4944 726 4990 autem
748 4935 811 4991 de
831 4936 1077 5005 spiritali,
1102 4951 1441 5010 consequente
1459 4959 1547 4998 eos
1574 4953 1744 5015 petra,
1765 4955 1914 5016 petra

328 5035 506 5079 autem
539 5035 653 5080 erat
697 5025 955 5085 Christus.
1010 5028 1257 5087 Ostendit
1295 5032 1603 5104 Apostolus,
1656 5037 1911 5107 quoniam

328 5117 587 5189 populum
617 5117 808 5188 Israel,
844 5122 1081 5193 quandiu
1112 5122 1166 5178 in
1195 5124 1411 5180 deserto
1437 5122 1674 5193 fuerunt,
1717 5141 1913 5198 seque-

324 5204 493 5266 batur
521 5227 616 5268 eos
639 5220 813 5284 petra,
843 5228 941 5286 per
965 5230 1127 5272 omne
1154 5217 1261 5272 iter
1284 5233 1493 5285 eorum,
1551 5221 1693 5275 unde
1717 5219 1915 5291 populo

330 5312 387 5360 et
412 5305 562 5361 omni
587 5307 906 5363 substantia:
929 5292 1048 5379 ejus
1074 5308 1275 5365 ﬂuenta
1294 5308 1618 5377 sufﬁcerent,
1636 5311 1807 5368 donec
1824 5327 1916 5369 ve-

332 5399 544 5455 nientes
578 5399 633 5455 in
664 5408 869 5456 terram
891 5398 1066 5468 Moab,
1089 5412 1310 5474 puteum
1339 5403 1441 5459 sibi
1469 5403 1716 5461 foderent
1749 5420 1917 5477 aqua-

332 5494 475 5545 rum.
532 5490 685 5560 Quod
710 5488 795 5565 at:
814 5503 891 5560 )m
918 5492 973 5547 in
994 5495 1237 5564 sequenti
1267 5495 1420 5563 dicit,
1445 5497 1539 5552 sed
1561 5513 1666 5553 non
1703 5496 1758 5553 in
1786 5496 1911 5569 plu-

332 5583 485 5640 ribus
503 5597 692 5641 eorum
720 5586 1113 5658 beneplacitum
1139 5596 1224 5643 est
1257 5586 1387 5651 Deo,
1418 5588 1563 5644 hunc
1589 5589 1747 5645 habet
1789 5605 1914 5645 sen—

332 5692 474 5732 sum.
542 5676 621 5734 Ne
649 5679 773 5749 quis
801 5680 904 5736 sibi
958 5686 1051 5735 aut
1080 5678 1134 5734 in
1165 5678 1435 5751 baptismo
1463 5682 1720 5749 confidat,
1744 5683 1915 5740 autin

331 5782 458 5825 esca
497 5769 725 5840 spiritali
750 5770 834 5827 vel
860 5780 989 5843 potu
1012 5770 1261 5843 spiritali.
1331 5770 1440 5827 Sed
1458 5773 1504 5828 si
1538 5773 1659 5842 quis
1687 5782 1781 5829 aut
1817 5773 1916 5830 ba-

332 5861 596 5933 ptismum
659 5863 977 5929 violaverit,
1028 5871 1121 5918 aut
1166 5871 1286 5935 post
1344 5863 1745 5935 perceptionem
1810 5866 1916 5922 cibi

336 5957 581 6017 caelestis
626 5958 765 6016 male
796 5959 1011 6029 vixerit,
1062 5958 1416 6016 contritiones
1444 5974 1578 6032 quas
1618 5960 1712 6015 ﬁlii
1754 5960 1919 6019 Israel

2027 3480 2045 3515 ι
2092 3448 2234 3534 quod
2279 3472 2428 3519 tuum
2484 3474 2606 3533 est,
2653 3474 2707 3522 et
2751 3466 2904 3523 vade.
2980 3467 3115 3524 Volo
3149 3476 3330 3523 autem
3371 3476 3425 3521 et
3476 3468 3605 3525 huic

2029 3576 2048 3609 ι
2093 3557 2390 3615 novissimo
2419 3559 2547 3615 dare
2586 3559 2729 3616 sicut
2748 3567 2803 3616 et
2839 3559 2952 3616 tibi.
3021 3560 3131 3616 Aut
3158 3576 3265 3617 non
3316 3560 3443 3618 licet
3468 3560 3605 3618 mihi

2027 3667 2047 3702 ι
2083 3650 2226 3721 quod
2248 3649 2369 3707 volo
2394 3649 2594 3720 facere,
2640 3667 2709 3707 an
2733 3651 2921 3708 oculus
2946 3659 3071 3709 tuus
3091 3668 3325 3724 nequam
3349 3660 3455 3720 est,
3474 3654 3604 3726 quia

2025 3762 2043 3796 ι
2092 3757 2190 3814 ego
2241 3744 2415 3800 bonus
2464 3743 2629 3800 sum?
2681 3743 2774 3800 Sic
2809 3752 2971 3800 erunt
3015 3745 3295 3804 novissimi
3334 3746 3518 3818 primi,
3545 3753 3603 3802 et

2022 3854 2041 3888 ι
2089 3832 2251 3906 primi
2304 3835 2606 3892 novissimi.
2652 3834 2805 3892 Multi
2854 3837 3000 3894 enim
3045 3847 3173 3896 Sunt
3207 3839 3414 3909 vocati,
3439 3839 3601 3901 nauci

2026 3944 2046 3978 ι
2090 3940 2220 3981 vero
2246 3926 2427 3982 electi.
2468 3946 2489 3982 ι
2996 3992 3001 4005 ί

2089 4017 2272 4074 Simile
2301 4030 2376 4076 est
2411 4037 2627 4093 regnum
2681 4021 2928 4079 caelorum
2987 4025 3187 4081 homini
3217 4025 3597 4097 patrifamilias

2013 4110 2105 4183 qui
2127 4109 2248 4165 exiit
2270 4113 2438 4183 primo
2484 4129 2637 4168 mane
2677 4115 2963 4171 conducere
2986 4117 3254 4183 operarios
3306 4117 3363 4172 in
3388 4119 3593 4174 vineam

2016 4216 2187 4254 suam.
2244 4198 2347 4273 (Ex
2367 4201 2555 4275 Greg.)
2596 4202 2728 4270 Quis
2775 4219 2905 4259 vero
2938 4206 3109 4274 patris
3136 4203 3368 4261 familias
3411 4206 3603 4263 simili-

2018 4292 2259 4346 tudinem
2284 4293 2487 4347 rectius
2512 4300 2677 4359 tenet,
2708 4309 2871 4364 quam
2891 4296 3138 4351 conditor
3158 4304 3364 4364 noster,
3385 4298 3478 4368 qui
3508 4314 3599 4354 re-

2018 4385 2095 4456 git
2136 4400 2271 4454 quos
2308 4385 2548 4441 condidit
2576 4393 2633 4441 et
2682 4386 2883 4442 electos
2904 4403 3032 4444 suos
3059 4388 3140 4445 sic
3182 4388 3237 4445 in
3266 4389 3374 4448 hoc
3396 4391 3600 4447 mundo

2016 4476 2273 4548 possidet,
2303 4477 2457 4549 quasi
2487 4477 2755 4548 subjectos
2796 4480 3045 4559 dominus
3072 4480 3124 4536 in
3160 4481 3339 4550 domo,
3379 4482 3472 4554 qui
3495 4483 3597 4538 ha-

2016 4568 2110 4624 bet
2138 4567 2355 4623 vineam
2391 4569 2772 4638 universalem,
2798 4571 3004 4627 scilicet
3032 4572 3349 4641 Ecclesium,
3384 4588 3506 4645 quae
3529 4573 3599 4629 ab

2015 4657 2149 4714 Abel
2171 4659 2339 4732 justo,
2365 4676 2538 4730 usque
2569 4661 2637 4715 ad
2664 4661 2912 4717 ultimum
2949 4662 3201 4730 electum,
3250 4666 3341 4734 qui
3382 4663 3435 4719 in
3496 4663 3603 4719 ﬁne

2016 4752 2201 4807 mundi
2232 4752 2539 4809 nasciturus
2561 4761 2664 4821 est,
2696 4762 2913 4810 sanctos
2931 4755 3175 4825 protulit,
3201 4756 3355 4827 quasi
3395 4756 3602 4827 totpal-

2014 4843 2175 4900 mites
2189 4844 2356 4900 misit.
2391 4832 2491 4901 llic
2516 4845 2697 4918 itaque
2718 4847 3126 4918 paterfamilias,
3155 4849 3223 4905 ad
3244 4850 3601 4908 excolendum

2013 4940 2227 4997 vineam
2263 4957 2438 5011 suam,
2488 4958 2648 5000 mane
2678 4943 2813 4999 hora
2834 4944 3009 5009 tertia,
3046 4955 3216 5011 sexta,
3245 4961 3388 5001 nona
3417 4954 3471 5001 et
3495 4962 3599 5001 un-

2015 5034 2246 5103 decima,
2272 5018 2548 5107 operarios
2570 5037 2842 5105 conducit,
2872 5037 3000 5109 quia
3026 5052 3057 5092 a
3086 5038 3273 5093 mundi
3316 5036 3476 5106 hujus
3499 5037 3599 5091 ini-

2016 5126 2093 5181 tio
2121 5142 2293 5197 usque
2323 5126 2377 5180 in
2407 5124 2589 5193 ﬁnem,
2624 5127 2692 5182 ad
2714 5126 3062 5183 erudiendum
3100 5126 3310 5198 plebem
3337 5126 3595 5192 ﬁdelimn,

2014 5215 2404 5286 praedicatores
2453 5231 2785 5291 congregare
2809 5228 2916 5272 non
2939 5216 3169 5272 desistit.
3216 5213 3370 5270 Mane
3392 5215 3595 5269 etenim

2015 5307 2204 5363 mundi
2233 5306 2334 5363 fuit
2361 5308 2428 5363 ab
2442 5307 2615 5364 Adam
2645 5323 2815 5387 usque
2842 5308 2907 5364 ad
2935 5308 3071 5379 Noe,
3094 5308 3229 5364 hora
3268 5321 3398 5362 vero
3437 5305 3597 5362 tertia

2014 5416 2046 5461 a
2071 5400 2182 5457 Noe
2208 5416 2379 5472 usque
2402 5402 2468 5457 ad
2487 5401 2785 5470 Abraham,
2844 5411 2997 5460 sexta
3047 5415 3261 5473 quoque
3305 5398 3374 5454 ab
3428 5398 3596 5455 Abra-

2013 5494 2142 5550 ham
2176 5509 2347 5565 usque
2374 5494 2443 5550 ad
2464 5494 2707 5569 Moysen,
2765 5512 2911 5553 nona
2939 5504 3118 5551 autem
3138 5509 3169 5548 a
3197 5493 3378 5565 Moyse
3418 5508 3593 5566 usque

2018 5588 2086 5642 ad
2132 5588 2420 5645 adventum
2456 5588 2697 5657 Domini,
2737 5591 3020 5646 undecima
3066 5601 3218 5659 vero,
3257 5587 3325 5644 ab
3361 5589 3597 5645 adventu

2017 5677 2229 5736 Domini
2264 5695 2432 5751 usque
2456 5681 2523 5736 ad
2543 5680 2704 5738 ﬁnem
2748 5680 2957 5747 mundi,
3002 5680 3057 5736 in
3087 5695 3192 5751 qua
3214 5680 3597 5753 praedicatores

2019 5773 2191 5829 sancti
2230 5773 2459 5845 apostoli
2496 5774 2651 5829 missi
2676 5782 2823 5839 sunt,
2872 5772 2965 5844 qui
3002 5774 3307 5831 mercedem
3354 5772 3593 5845 plenam,

2020 5878 2075 5926 et
2101 5870 2250 5925 tarde
2278 5869 2552 5925 venientes
2586 5874 2931 5938 acceperunt.
2981 5868 3065 5925 Ad
3097 5868 3446 5923 erudiendum
3466 5877 3597 5932 ergo

2018 5942 2280 6017 bondnus
2295 5959 2507 6033 plebem
2525 5972 2700 6028 suam,
2715 5958 2863 6017 nullo
2889 5967 3129 6032 tempore
3150 5956 3359 6016 destitit
3379 5954 3597 6011 mittere

3096 6112 3106 6118 ,
3150 6106 3325 6120 \~.oov0
