4110 6474
531 426 633 492 103

1821 425 2171 488 SMARAGDI
2207 419 2498 488 ABBATIS

3679 424 3788 491 104

525 551 827 626 operarios,
869 549 997 622 quia
1019 555 1075 606 et
1105 547 1258 621 prius
1294 562 1392 621 per
1415 555 1621 622 patres,
1661 556 1864 620 etpost
1888 547 2106 602 modum
2131 551 2182 611 Α
2215 562 2234 597 ι
2279 552 2337 601 et
2378 559 2517 616 ego:
2571 542 2770 601 Semen
2795 541 3030 602 Abrahae
3077 548 3226 613 sunt,
3273 550 3334 602 et
3373 555 3514 618 ego:
3553 542 3790 605 Ministri

524 659 623 716 per
659 643 792 716 legis
817 643 1065 698 doctores
1085 649 1140 696 et
1165 642 1478 712 prophetas.
1525 641 1608 697 Ad
1653 649 1953 696 extremum
1975 652 2105 693 vero

523 750 624 806 per
669 733 962 805 apostolos,
986 732 1114 786 dum
1145 732 1289 803 plebi
1317 749 1428 788 suae
1453 747 1635 789 mores
1663 730 1921 794 excoluit,
1949 726 2104 798 quasi

524 841 622 896 per
642 822 919 895 operarios
939 822 995 878 in
1006 823 1176 878 vinea:
1190 823 1414 879 culturae
1434 838 1596 893 opera
1617 821 1900 897 laboravit,
1921 833 2107 890 quam-

523 918 607 974 vis
637 919 690 972 in
724 917 962 987 quolibet
981 915 1222 983 modulo,
1274 917 1358 972 vel
1385 932 1661 982 mensura,
1692 913 1938 986 quisquis
1981 926 2104 967 cum

525 1010 628 1065 ﬁde
648 1017 796 1066 recta
821 1010 976 1065 bonae
997 1010 1227 1066 actionis
1253 1009 1480 1073 exstitit,
1531 1007 1691 1079 hujus
1726 1007 1898 1060 vincte
1920 1017 2107 1074 opera-

526 1103 638 1158 rius
665 1102 786 1160 fuit.
840 1101 1108 1173 Operator
1140 1117 1268 1173 ergo
1297 1116 1458 1156 mane
1489 1101 1626 1156 hora
1667 1098 1844 1162 tertia,
1873 1103 2027 1150 sexta
2054 1101 2109 1149 et

525 1211 686 1260 nona,
714 1195 969 1265 antiquus
995 1193 1088 1250 ille
1111 1201 1166 1248 et
1189 1192 1488 1248 Hebraicus
1510 1190 1740 1263 populus
1768 1188 2105 1258 designatur,

525 1288 616 1357 qui
639 1288 692 1341 in
716 1286 902 1344 electis
929 1285 1043 1341 suis
1071 1286 1139 1340 ab
1167 1285 1284 1356 ipso
1306 1285 1494 1340 mundi
1525 1281 1768 1346 exordio,
1800 1281 1928 1336 dum
1959 1287 2109 1335 recte

523 1377 694 1433 Deum
715 1377 922 1433 studuit
947 1377 1146 1442 colere,
1163 1377 1318 1448 quasi
1347 1391 1456 1432 non
1477 1373 1686 1430 destitit
1716 1373 1770 1427 in
1793 1371 1967 1426 vinea:
1994 1368 2108 1424 cul-

524 1477 649 1526 tura
677 1470 943 1525 lahorare.
1011 1468 1092 1524 Ad
1117 1468 1459 1524 undecimam
1491 1481 1620 1521 vero
1649 1463 1879 1536 gentiles
1902 1475 2106 1516 vocan-

524 1568 631 1626 tur,
673 1560 866 1632 quibus
895 1569 950 1616 et
976 1560 1201 1617 dicitur:
1229 1558 1369 1627 Quid
1383 1558 1472 1614 hic
1494 1556 1652 1613 statis
1682 1562 1794 1611 tota
1817 1554 1907 1609 die
1925 1552 2105 1618 otiosi,

525 1652 616 1723 qui
638 1652 780 1706 enim
811 1660 1085 1708 transacto
1127 1659 1238 1706 tam
1284 1651 1444 1721 longo
1467 1647 1654 1704 mundi
1689 1655 1952 1716 tempore,
2009 1659 2108 1714 pro

523 1744 633 1798 vita
673 1758 773 1798 sua
801 1743 1052 1798 laborare
1093 1741 1467 1813 neglexerant,
1511 1737 1664 1808 quasi
1700 1745 1811 1792 tota
1837 1735 1924 1791 die
1948 1735 2108 1791 otiosi

524 1835 755 1889 stabant.
778 1833 1034 1900 Pensate,
1060 1831 1276 1899 fratres,
1303 1831 1433 1902 quid
1454 1829 1699 1901 inquisiti
1722 1827 2103 1900 respondeant.

2210 656 2231 691 ι
2274 638 2474 696 Christi
2499 647 2648 706 sunt,
2698 648 2753 695 et
2772 655 2906 710 ego,
2945 646 3007 694 ut
3036 639 3217 695 minus
3245 638 3462 710 sapiens
3492 639 3634 703 dico,
3667 641 3792 711 plus

2211 746 2230 782 ‹
2275 745 2393 801 ego.
2459 730 2518 785 In
2566 730 2842 786 laboribus
2869 729 3137 801 plurimis,
3193 729 3248 784 in
3279 730 3590 786 carceribus
3617 732 3794 786 abun-

2211 840 2231 874 ‹
2272 822 2510 889 dantius,
2541 822 2596 878 in
2645 821 2820 893 plagis
2849 837 3011 892 supra
3041 821 3280 888 modum,
3310 820 3364 875 in
3386 822 3651 878 mortibus
3674 821 3792 878 fre-

2210 933 2231 967 r
2275 923 2522 986 quenter.
2591 915 2636 970 A
2663 913 2866 971 Iudaeis
2908 915 3194 986 quinquies
3227 915 3636 989 quadragenas,
3683 932 3793 971 una

2212 1023 2232 1057 ι
2276 1007 2456 1062 minus
2482 1007 2682 1076 accepi.
2749 1007 2858 1062 Ter
2889 1007 3057 1078 virgis
3085 1022 3257 1063 caesus
3279 1022 3420 1073 sum,
3461 1007 3631 1062 semel
3658 1007 3796 1079 lapi-

2214 1119 2233 1152 ‹
2275 1099 2433 1155 datus
2461 1115 2604 1166 sum,
2667 1108 2750 1155 ter
2768 1099 3114 1172 naufragium
3159 1099 3284 1168 feci,
3322 1109 3482 1157 nocte
3519 1117 3584 1159 ac
3615 1103 3705 1158 die
3736 1103 3796 1158 in

2214 1209 2234 1244 ε
2276 1189 2544 1263 profundo
2570 1192 2738 1247 maris
2770 1190 2873 1258 fui,
2923 1192 2976 1246 in
2999 1192 3286 1249 itineribus
3311 1207 3471 1264 saepe.
3528 1191 3796 1249 Periculis

2213 1300 2233 1335 ς
2274 1282 2579 1349 ﬂuminum,
2601 1282 2858 1352 periculis
2880 1283 3171 1348 latronum,
3202 1283 3459 1353 periculis
3479 1297 3548 1338 ex
3571 1298 3794 1354 genere,

2214 1392 2235 1428 ‹
2277 1375 2536 1446 periculis
2565 1391 2631 1430 ex
2665 1375 2938 1448 gentibus,
2978 1374 3235 1445 periculis
3261 1377 3316 1431 in
3353 1376 3594 1442 civitate,
3647 1376 3799 1445 peri-

2213 1484 2235 1520 ‹
2281 1465 2417 1522 culis
2440 1465 2498 1521 in
2519 1466 2830 1532 solitudine,
2857 1464 3114 1536 periculis
3135 1466 3190 1520 in
3221 1465 3380 1532 mari,
3427 1464 3689 1536 periculis
3733 1464 3794 1520 in

2215 1577 2236 1614 ε
2276 1559 2426 1616 falsis
2475 1559 2755 1617 fratribus.
2812 1563 2872 1617 In
2905 1562 3090 1617 labore
3123 1568 3178 1618 et
3200 1577 3462 1628 aerumna,
3513 1562 3568 1618 in
3592 1553 3797 1634 vigiliis

2217 1671 2237 1707 ι
2280 1654 2484 1711 multis.
2537 1655 2595 1710 In
2638 1653 2782 1710 fame
2809 1663 2865 1710 et
2888 1656 3000 1722 siti,
3031 1655 3085 1710 in
3106 1653 3326 1726 jejuniis
3351 1653 3558 1720 multis,
3611 1653 3665 1710 in
3697 1654 3798 1710 fri-

2216 1763 2237 1798 t
2276 1761 2406 1817 gore
2429 1755 2485 1802 et
2504 1747 2767 1803 nuditate.
2797 1746 3002 1802 Praeter
3021 1746 3108 1802 illa
3131 1762 3251 1818 quae
3272 1746 3614 1802 extrinsecus
3645 1752 3796 1813 sunt,

2217 1858 2236 1893 ‹
2279 1840 2540 1896 instantia
2566 1855 2688 1896 mea
2715 1839 3029 1910 quotidiana
3075 1838 3384 1895 sollicitudo
3429 1837 3672 1893 omnium
3693 1837 3800 1894 Ec-

522 1925 721 1980 Dicunt
743 1925 911 1992 enim,
937 1925 1064 1995 quia
1094 1938 1253 1980 nemo
1277 1938 1374 1979 nos
1400 1921 1680 1989 conduxit,
1710 1919 1890 1975 nullus
1910 1919 2106 1989 quippe

2215 1948 2234 1984 ι
2281 1931 2599 1988 clesiarum.
2649 1931 2780 2000 Quis
2804 1931 3135 1997 inﬁrmatur,
3157 1939 3213 1987 et
3238 1946 3338 2002 ego
3366 1946 3473 1987 non
3506 1930 3800 1987 inﬁrmor?

522 2018 590 2072 ad
609 2031 703 2072 eos
732 2017 1062 2086 patriarcha,
1087 2013 1268 2070 nullus
1297 2015 1559 2085 propheta
1585 2020 1830 2068 venerat.
1887 2011 1957 2065 Et
1977 2010 2107 2081 quid

523 2115 608 2163 est
631 2107 813 2163 dicere
833 2107 903 2162 ad
932 2105 1176 2162 laborem
1201 2121 1359 2162 nemo
1392 2120 1492 2160 nos
1515 2103 1804 2171 conduxit,
1853 2100 1962 2157 nisi
1982 2101 2107 2156 vita:

522 2198 678 2253 nobis
722 2199 841 2254 vias
864 2213 1025 2254 nemo
1053 2197 1388 2268 praedicavit.
1451 2196 1592 2264 Quid
1618 2210 1746 2266 ergo
1775 2209 1876 2250 nos
1901 2209 1933 2248 a
1963 2194 2106 2248 bono

522 2302 688 2359 opere
710 2298 1005 2357 cessantes,
1023 2289 1076 2344 in
1103 2289 1454 2345 excusatione
1479 2295 1665 2344 nostra
1677 2286 1876 2343 dicturi
1895 2301 2105 2353 sumus,

523 2381 616 2450 qui
639 2393 777 2450 pene
805 2397 836 2434 a
864 2381 1057 2436 matris
1081 2388 1236 2434 utero
1261 2381 1328 2434 ad
1357 2378 1519 2434 ﬁdem
1542 2379 1804 2440 venimus,
1829 2378 1922 2447 qui
1943 2377 2107 2432 verba

519 2475 645 2530 vitae
671 2476 740 2530 ab
785 2475 918 2545 ipsis
938 2474 1220 2530 cunabulis
1262 2473 1588 2538 audivimus,
1622 2471 1716 2542 qui
1754 2471 1824 2526 ab
1852 2469 2108 2526 uberibus

522 2583 725 2630 sanctae
744 2573 1022 2639 Ecclesiae,
1052 2580 1240 2643 potum
1262 2584 1510 2640 supernae
1530 2567 1935 2640 praedicationis
1961 2582 2109 2623 sum-

518 2666 728 2737 psimus
753 2679 876 2720 cum
898 2664 1040 2719 lacte
1064 2663 1267 2718 carnis.
1322 2662 1615 2717 Possumus
1640 2675 1770 2716 vero
1792 2667 1848 2716 et
1887 2660 2108 2716 easdem

524 2756 867 2812 diversitates
886 2754 1147 2809 horarum
1171 2753 1337 2808 etiam
1363 2753 1431 2807 ad
1455 2766 1892 2822 unumquemque
1933 2750 2111 2807 homi-

523 2865 671 2914 nem,
693 2863 791 2920 per
811 2855 1032 2903 malum
1055 2853 1332 2902 momenta
1353 2845 1702 2916 distinguere.
1739 2844 1893 2899 Mane
1913 2844 2110 2915 quippe

522 2939 834 2997 Intellectus
881 2938 1055 2994 nostri
1105 2937 1340 3008 pueritia
1395 2945 1502 3004 est,
1553 2937 1689 2992 hora
1735 2943 1917 2991 autem
1951 2936 2108 2991 tertia

525 3033 890 3091 adolescentia
929 3030 1153 3103 intelligi
1186 3036 1386 3101 potest.
1444 3028 1579 3096 Quia
1602 3029 1757 3100 quasi
1785 3029 1902 3100 jam
1931 3028 2012 3084 sol
2051 3029 2108 3084 in

526 3128 693 3183 altum
737 3124 954 3198 proﬁcit
998 3125 1126 3179 dum
1156 3122 1305 3178 calor
1336 3122 1513 3178 anatis
1541 3121 1760 3176 crescit.
1802 3118 1968 3175 Sexta
1981 3133 2110 3175 vero

521 3219 772 3293 juventus
809 3226 914 3286 est,
945 3217 1072 3288 quia
1097 3216 1243 3272 velut
1270 3216 1325 3270 in
1346 3224 1532 3271 centro
1556 3214 1637 3270 sol
1659 3213 1861 3286 ﬁgitur,
1885 3215 2011 3269 dum
2053 3214 2109 3268 in

2213 2041 2233 2076 ι
2275 2023 2409 2092 Quis
2451 2024 2868 2091 scandalizatur,
2921 2032 2973 2080 et
2998 2039 3099 2095 ego
3123 2039 3232 2079 non
3266 2023 3436 2080 uror?
3489 2021 3548 2079 Si
3573 2023 3800 2096 gloriari

2213 2131 2233 2166 ‹
2281 2122 2514 2185 oportet,
2569 2129 2689 2185 quae
2734 2114 3066 2170 inﬁrmitatis
3103 2130 3239 2170 meae
3285 2123 3448 2182 sunt,
3497 2115 3792 2188 gloriabor.

2213 2223 2234 2259 ο
2277 2205 2488 2260 Deuset
2513 2214 2670 2275 pater
2705 2203 2921 2260 Domini
2949 2205 3121 2261 nostri
3149 2203 3279 2260 Iesu
3319 2204 3522 2261 Christi
3544 2206 3669 2274 scit,
3700 2207 3798 2277 qui

2214 2316 2234 2350 ι
2279 2305 2364 2354 est
2379 2296 2694 2352 benedictus
2718 2298 2773 2352 in
2809 2298 3026 2362 saecula,
3074 2297 3218 2368 quod
3268 2313 3376 2353 non
3399 2299 3646 2355 mentior.
3685 2298 3799 2354 Da-

2214 2408 2235 2443 ¢
2277 2391 2447 2445 masci
2487 2391 2807 2460 praepositus
2857 2393 3031 2462 gentis
3056 2392 3236 2448 Aretw
3277 2393 3423 2463 regis
3454 2393 3798 2449 custodiebat

2213 2498 2234 2534 ι
2279 2482 2551 2538 civitatem
2577 2482 3054 2548 Damascenorum,
3083 2491 3143 2537 ut
3169 2499 3256 2538 me
3282 2483 3791 2554 comprehenderet,

2213 2592 2233 2627 ι
2278 2583 2335 2630 et
2357 2590 2456 2646 per
2477 2575 2773 2630 fenestram
2797 2575 2852 2630 in
2876 2584 3062 2646 sporta
3112 2576 3366 2632 dimissus
3399 2591 3517 2631 sum
3543 2591 3645 2647 per
3672 2592 3788 2632 mu-

2213 2681 2234 2717 σ
2279 2673 2493 2731 rum,et
2519 2665 2599 2720 sic
2619 2664 2778 2737 effugi
2806 2680 2997 2721 manus
3023 2664 3158 2734 ejus.
3211 2667 3278 2721 Et
3311 2667 3357 2723 si
3379 2666 3602 2738 gloriari
3628 2681 3797 2739 opor-

2216 2774 2235 2809 ι
2283 2762 2379 2821 tet,
2411 2771 2522 2810 non
2543 2756 2757 2826 expedit
2787 2756 3025 2828 quidem.
3078 2757 3306 2812 Veniam
3332 2765 3516 2812 autem
3539 2757 3607 2813 ad
3632 2759 3799 2815 visio-

2215 2865 2235 2901 ι
2274 2848 2455 2905 siones
2474 2855 2530 2904 et
2555 2848 2914 2904 revelationes
2934 2849 3168 2905 Domini.
3246 2849 3371 2906 Scio
3419 2850 3696 2906 hominem
3739 2851 3799 2908 in

2214 2957 2234 2992 ε
2278 2938 2654 2996 Οὴτίεῑοιειηῑθ
2695 2954 2866 2995 annos
2909 2939 3315 3010 quatuordecim
3343 2979 3360 3005 ,
3414 2939 3530 2996 sive
3574 2941 3630 2996 in
3676 2955 3801 2998 cor-

2215 3049 2234 3084 c
2277 3046 2431 3111 pore,
2459 3033 2574 3088 sive
2593 3039 2748 3086 extra
2778 3046 2976 3102 corpus
3009 3031 3214 3099 nescio,
3253 3031 3395 3088 Deus
3422 3031 3546 3099 scit,
3579 3040 3796 3103 raptum

2214 3141 2235 3176 ι
2278 3123 2586 3193 hujusmodi
2617 3138 2791 3194 usque
2831 3124 2900 3178 ad
2926 3123 3149 3180 tertium
3177 3122 3396 3202 caelum.
3449 3123 3518 3178 Et
3559 3123 3673 3180 scio
3698 3122 3801 3178 hu-

2214 3233 2235 3268 ι
2270 3214 2509 3284 jusmodi
2537 3217 2830 3282 hominem,
2857 3216 2973 3272 sive
2998 3217 3054 3272 in
3078 3231 3330 3288 corpore,
3363 3217 3477 3272 sive
3505 3225 3660 3272 extra
3675 3231 3800 3272 cora

523 3288 589 3368 eo
610 3309 887 3381 plenitudo
902 3310 1113 3365 roboris
1141 3308 1241 3364 soli
1267 3308 1445 3363 datur.
1477 3305 1628 3361 Nona
1655 3315 1833 3361 autem
1855 3315 2108 3362 senectus
2135 3288 2179 3352 C
2217 3323 2237 3358 ς
2280 3320 2402 3377 pus,
2431 3306 2637 3373 nescio,
2663 3308 2806 3362 Deus
2833 3307 2957 3374 scit,
2988 3314 3204 3377 raptum
3235 3306 3541 3378 hujusmodi
3562 3307 3619 3362 in
3636 3321 3799 3377 para-

523 3404 864 3476 intelligitur,
917 3403 973 3457 in
1020 3417 1128 3472 qua
1174 3400 1319 3456 velut
1347 3400 1427 3456 sol
1455 3399 1523 3455 ab
1548 3399 1656 3455 alto
1685 3415 1786 3455 axe
1809 3399 2100 3465 descendit,

525 3497 652 3568 quia
707 3505 838 3552 tetas
887 3510 918 3549 a
965 3493 1143 3549 calore
1183 3491 1485 3562 juventutis
1542 3491 1747 3547 deﬁcit.
1810 3491 2109 3548 Undecima

524 3603 655 3644 vero
681 3589 838 3652 hora,
865 3593 996 3641 aetas
1025 3591 1131 3651 est,
1170 3600 1290 3654 quae
1321 3584 1595 3653 decrepita
1631 3583 1717 3638 vel
1739 3591 1996 3640 veterana
2033 3585 2111 3640 di-

527 3680 667 3734 citur
694 3678 872 3743 ;unde
901 3683 956 3732 et
984 3674 1158 3731 Graeci
1185 3675 1340 3730 valde
1367 3675 1627 3740 seniores,
1670 3690 1778 3731 non
1824 3680 2104 3750 γερὼντας,

528 3771 622 3828 sed
654 3769 1041 3846 πρεσϐυτέρους
1069 3766 1377 3839 appellant,
1407 3774 1468 3822 ut
1487 3767 1773 3837 plusquam
1803 3781 1960 3822 senes
1985 3781 2108 3822 esse

527 3861 886 3925 insinuarent,
915 3873 1052 3929 quos
1074 3856 1430 3929 profectiores
1454 3865 1666 3912 vocant.
1723 3857 1856 3925 Quia
1885 3871 2015 3927 ergo
2039 3857 2106 3911 ad

525 3953 690 4008 vitari)
714 3953 910 4009 bonam
931 3952 1066 4008 alius
1104 3952 1160 4007 in
1189 3951 1443 4022 pueritia,
1475 3951 1612 4006 alius
1636 3951 1693 4005 in
1716 3951 2104 4020 adolescentia,

526 4044 662 4100 alius
681 4045 734 4100 in
755 4043 1055 4114 juVentute,
1107 4041 1247 4098 alius
1271 4042 1327 4097 in
1353 4050 1650 4108 senectute,
1677 4040 1815 4097 alius
1839 4043 1893 4097 in
1921 4042 2108 4098 decre-

524 4139 636 4210 pita
688 4145 848 4193 aetate
893 4136 1230 4208 perducitur,
1261 4133 1415 4206 quasi
1438 4133 1668 4190 diversis
1694 4133 1846 4190 horis
1871 4134 2107 4206 operarii

527 4231 594 4285 ad
619 4229 833 4284 vineam
862 4237 1146 4284 vocantur.
1206 4287 1214 4294 ,

1160 4332 1477 4374 CONCORDIA.

597 4410 654 4464 In
686 4409 790 4465 hoc
841 4411 1065 4465 istarum
1094 4409 1320 4463 duarum
1373 4407 1435 4462 ﬁt
1472 4406 1762 4465 concordia
1791 4406 2104 4474 lectionum,

528 4505 657 4576 quia
701 4505 840 4559 sicut
878 4501 1163 4573 Apostolus
1211 4500 1450 4556 currenti
1479 4501 1750 4567 bravium,
1802 4503 1878 4558 ita
1935 4502 2108 4556 Evan-

529 4597 727 4668 gelium
779 4595 965 4651 tribuit
1006 4593 1478 4665 perseverantibus
1507 4593 1561 4648 in
1581 4591 1767 4648 labore
1803 4593 2103 4660 denarium,

529 4693 584 4741 et
613 4685 756 4755 quod
780 4682 1124 4753 Evangelium
1159 4681 1310 4749 dicit,
1343 4681 1496 4737 multi
1531 4685 1727 4738 vocati.
1801 4684 1914 4740 Hoc
1968 4685 2108 4754 Apo-

2217 3417 2236 3453 c
2282 3401 2482 3467 disum,
2503 3409 2559 3454 et
2582 3400 2788 3455 audivit
2811 3415 3011 3456 arcana
3045 3400 3233 3466 verba,
3259 3415 3380 3470 qua:
3412 3417 3520 3456 non
3549 3400 3678 3456 licet
3699 3400 3802 3456 ho-

2217 3512 2238 3548 σ
2280 3494 2415 3550 mini
2443 3494 2610 3564 loqui.
2660 3492 2767 3549 Pro
2795 3492 3105 3564 hujusmodi
3132 3494 3426 3566 gloriabor,
3464 3509 3563 3564 pro
3589 3486 3676 3549 me
3699 3508 3799 3548 au-

2217 3601 2237 3637 ι
2283 3592 2392 3640 tem
2439 3584 2574 3640 nihil
2616 3583 2905 3656 gloriabor,
2949 3585 3054 3640 nisi
3079 3583 3134 3640 in
3181 3584 3589 3640 inﬁrmitatibus
3631 3584 3790 3639 meis.

2217 3691 2238 3727 ι
2281 3672 2418 3729 Nam
2438 3683 2493 3730 et
2511 3674 2559 3731 si
2587 3673 2811 3730 voluero
2847 3674 3091 3745 gloriari,
3120 3689 3226 3730 non
3252 3689 3348 3730 ero
3377 3674 3655 3731 insipiens.
3698 3674 3802 3730 Ve-

2216 3783 2237 3818 ι
2281 3767 2498 3822 ritatem
2539 3766 2685 3822 enim
2727 3767 2950 3822 dicam:
3018 3781 3182 3837 parco
3235 3774 3416 3823 autem
3451 3782 3520 3823 ne
3559 3767 3682 3838 quis
3706 3782 3797 3823 me

2216 3874 2237 3910 ι
2281 3857 2576 3923 existimet,
2611 3871 2775 3927 supra
2820 3857 2875 3912 id
2921 3859 3069 3928 quod
3108 3857 3256 3914 videt
3296 3857 3352 3915 in
3380 3873 3488 3925 me,
3527 3867 3620 3915 aut
3644 3860 3799 3916 audit

2216 3968 2236 4004 ι
2282 3949 2484 4019 aliquid
2506 3965 2573 4005 ex
2595 3965 2702 4006 me.
2748 3949 2816 4004 Et
2845 3964 2914 4005 ne
2942 3950 3258 4020 magnitudo
3286 3951 3676 4008 revelationum
3701 3967 3802 4008 ex-

2214 4061 2236 4097 c
2278 4043 2432 4098 tollat
2463 4057 2570 4108 me,
2623 4043 2783 4098 datus
2812 4051 2897 4099 est
2937 4043 3070 4097 mihi
3109 4043 3360 4100 stimulus
3416 4044 3597 4100 carnis
3639 4059 3796 4112 mete,

2215 4157 2235 4193 ι
2279 4139 2500 4211 angelus
2535 4138 2750 4192 Satanae
2777 4136 2866 4206 qui
2911 4151 2998 4192 me
3027 4137 3349 4209 colaphizet.
3401 4137 3629 4209 Propter
3652 4139 3800 4208 quod

2213 4246 2234 4282 ι
2281 4237 2362 4284 ter
2382 4229 2666 4284 Dominum
2697 4226 2904 4300 rogavi,
2945 4234 3007 4283 ut
3025 4228 3377 4284 discedereta
3409 4244 3515 4284 me.
3567 4228 3636 4283 Et
3659 4227 3801 4284 dixit

2215 4337 2235 4372 ι
2276 4320 2456 4375 mihi:
2517 4318 2733 4374 Sufﬁcit
2784 4318 2883 4374 tibi
2929 4319 3105 4388 gratia
3153 4334 3292 4373 mea.
3358 4317 3492 4371 Nam
3531 4319 3705 4374 virtus
3742 4320 3799 4376 in

2214 4429 2234 4464 ι
2281 4411 2597 4467 inﬁrmitate
2629 4409 2928 4481 perﬁcitur.
2984 4407 3240 4462 Libenter
3259 4407 3423 4478 igitur
3446 4406 3720 4477 gloriabor
3743 4411 3798 4466 in

2213 4525 2234 4559 ‹
2277 4506 2688 4562 inﬁrmitatibus
2748 4503 2921 4569 meis,
2974 4509 3034 4556 nt
3080 4501 3349 4558 inhabitet
3398 4500 3453 4555 in
3492 4515 3580 4557 me
3624 4503 3800 4560 virtus

2214 4614 2235 4650 ‹
2276 4594 2500 4653 Christi.
2545 4617 2564 4649 ι

2279 4679 2520 4743 Libenter
2540 4687 2677 4742 enim
2699 4685 2932 4756 suﬂertis
2951 4685 3276 4757 insipientes,
3304 4701 3423 4740 cum
3445 4684 3564 4755 sitis,
3581 4684 3682 4756 ipsi
3707 4703 3796 4740 sa-

531 4780 707 4835 stolus
752 4779 868 4833 ait:
940 4775 1131 4831 Omnes
1177 4775 1386 4847 quidem
1426 4786 1686 4843 currunt,
1752 4783 1809 4832 et
1863 4778 2007 4848 quod
2048 4777 2106 4832 in
2206 4780 2422 4852 pientes.
2455 4778 2565 4834 Hoc
2593 4785 2679 4833 est
2719 4777 2922 4843 dicere,
2964 4776 3135 4832 miror
3185 4792 3309 4834 cum
3340 4778 3611 4848 sapientes
3653 4777 3796 4844 sitis,

530 4871 822 4942 Evangelia
849 4871 1006 4940 pauci
1049 4869 1242 4934 electi,
1279 4869 1379 4924 hos
1400 4869 1690 4940 Apostolus
1712 4870 1862 4936 dicit,
1890 4878 2110 4943 propter

531 4964 795 5020 unitatem
836 4961 1076 5032 corporis
1119 4959 1323 5017 Christi
1372 4976 1514 5017 unus
1560 4962 1757 5033 accipit
1797 4962 2064 5017 bravium.

857 5071 1179 5130 DOMINICA
1221 5071 1292 5127 IN
1327 5069 1787 5128 SEXAGESIMA.

568 5183 762 5228 LECTIO
793 5183 1063 5225 EPISTOLE
1102 5182 1261 5224 ΒΕΔἸῚ
1299 5182 1454 5223 PAULI
1492 5181 1747 5223 APOS'I'OLI
1783 5181 1852 5222 AD
1887 5179 2071 5225 COBIN‘

1065 5254 1222 5296 TBIOS
1276 5254 1336 5306 ιι,
1375 5254 1494 5294 car.
1523 5253 1598 5292 xt.

611 5351 630 5385 ι
673 5332 928 5388 Libenter
967 5329 1204 5387 suﬁ‘ertis
1245 5328 1580 5400 insipientes,
1616 5341 1741 5384 cum
1761 5327 1883 5384 sitis
1905 5328 2006 5400 ipsi
2029 5344 2111 5386 sa-

2214 4882 2323 4925 tam
2354 4868 2510 4926 facile
2533 4868 2908 4940 insipientibus
2934 4868 3298 4937 consensisse,
3326 4869 3449 4924 etsi
3481 4867 3600 4925 illos
3628 4883 3795 4940 prava

2208 4961 2570 5034 praedicantes
2599 4960 2833 5016 libenter
2855 4960 3102 5027 audistis,
3119 4975 3204 5016 me
3219 4960 3371 5016 utilia
3398 4960 3551 5015 vobis
3573 4960 3796 5031 loquen-

2211 5061 2322 5108 tem
2355 5052 2526 5109 multo
2551 5053 2724 5124 magis
2752 5053 2942 5108 audire
2969 5052 3199 5119 debetis,
3223 5052 3376 5108 brevi
3418 5051 3798 5122 reprehensio-

2209 5159 2280 5199 ne
2323 5144 2660 5216 perstringit,
2711 5144 2982 5214 quomodo
3029 5144 3293 5214 imperitis
3345 5143 3656 5200 doctoribus
3706 5158 3797 5198 ac-

2209 5236 2492 5308 quiescant
2512 5233 2760 5292 dicendo.

2282 5328 2796 5395 Sustinentesr‘u'm,
2828 5329 2875 5384 si
2901 5330 3017 5402 quis
3052 5346 3139 5386 vos
3186 5330 3244 5386 in
3262 5329 3558 5387 servitutem
3585 5327 3792 5399 redigit.

540 5443 559 5480 ς
598 5427 828 5498 pientes.
875 5424 1167 5482 Sustinetis
1197 5424 1342 5479 enim
1371 5423 1562 5493 siquis
1586 5437 1682 5478 vos
1710 5422 1763 5476 in
1787 5422 2108 5479 servitutem
2206 5419 2264 5478 Id
2312 5430 2396 5475 est
2427 5460 2442 5486 ,
2472 5420 2591 5475 illos
2633 5421 2833 5476 auditis
2868 5429 2925 5477 et
2971 5421 3078 5478 illis
3114 5423 3370 5495 przebetis
3409 5420 3791 5485 obedientiam,

541 5538 561 5573 α
603 5520 814 5589 redigit,
849 5520 896 5575 si
925 5520 1046 5590 quis
1068 5520 1308 5581 devorat,
1343 5515 1388 5571 si
1409 5515 1532 5584 quis
1553 5513 1782 5584 ‘accipit,
1809 5513 1854 5568 si
1879 5516 2002 5584 quis
2022 5529 2110 5569 ex-

543 5631 561 5665 ι
608 5611 833 5678 tollitur,
873 5611 917 5667 si
948 5613 1069 5682 quis
1114 5612 1169 5666 in
1201 5608 1393 5667 faciem
1419 5622 1516 5662 vos
1563 5607 1740 5662 caedit.
1799 5605 2108 5662 Secundum

542 5724 561 5757 ι
611 5705 994 5776 ignobilitatem
1015 5705 1162 5769 dico,
1209 5701 1365 5772 quasi
1400 5715 1500 5756 nos
1520 5699 1722 5754 inﬁrmi
1744 5695 2007 5754 fuerimus
2052 5699 2108 5754 in

542 5816 562 5851 ι
604 5798 706 5855 hac
739 5805 913 5868 parte,
951 5797 1004 5851 in
1038 5811 1143 5866 quo
1169 5794 1290 5864 quis
1313 5792 1494 5847 audet.
1546 5789 1606 5846 In
1627 5789 1939 5860 insipientia
1965 5790 2106 5858 dico,

543 5906 564 5947 ς
608 5890 781 5946 audeo
800 5897 854 5944 et
880 5903 978 5960 ego
1003 5906 1015 5941 :
1042 5883 1249 5941 Hebraei
1277 5889 1421 5952 sunt,
1437 5887 1493 5936 et
1517 5895 1619 5954 ego
1644 5895 1658 5935 :
1686 5879 1944 5937 Israelita:
1961 5888 2106 5952 sunt,

2208 5512 2300 5582 qui
2325 5526 2422 5567 vos
2453 5510 2587 5584 legis
2606 5518 2642 5570 ι’
2665 5511 2804 5568 ‘lunt
2831 5514 3063 5570 subdere
3104 5515 3372 5581 servituti,
3411 5512 3493 5568 vel
3531 5511 3796 5583 superbiae

2208 5604 2575 5670 sacerdotum,
2616 5604 2709 5676 qui
2752 5604 2808 5661 in
2859 5605 3056 5678 populo
3107 5604 3415 5661 Iudaeorum
3472 5601 3797 5658 videbantur

2207 5711 2465 5754 exercere
2489 5697 2843 5756 dominatum.

2281 5788 2479 5860 Siquis
2504 5790 2734 5846 devorat.
2787 5791 2845 5846 id
2891 5798 2998 5857 est,
3043 5788 3092 5848 si
3138 5788 3230 5862 qui
3273 5785 3357 5846 vel
3401 5785 3664 5845 conviviis
3704 5783 3791 5844 vel

2209 5883 2525 5940 muneribus
2550 5898 2646 5938 vos
2673 5883 3022 5940 exhauriunt,
