4110 6446
323 411 430 472 105

1170 391 1686 458 COLLECTIONES
1724 389 1791 446 IN
1821 384 2202 446 EPISTOLAS
2234 384 2324 442 ET
2359 383 2772 440 EVANCELIA.

3474 345 3573 435 tos

394 524 453 580 Si
477 526 596 596 quis
622 522 829 594 accipit.
858 520 917 576 Id
946 526 1046 589 est,
1079 519 1122 576 si
1153 518 1275 589 quis
1312 515 1509 573 dixerit
1546 509 1725 567 verbis
1770 507 1902 562 adu-
1926 509 1980 571 Α
2005 503 2072 558 de
2111 502 2580 596 quadragenarum
2615 501 2896 570 plagarum
2918 505 3204 555 numerum
3245 495 3573 570 compleret;

320 616 562 673 lationis.
584 615 843 684 Accipere
871 615 1015 668 enim
1045 620 1257 684 gratum
1282 609 1485 664 habere
1523 612 1624 660 est.
1662 602 1898 668 Accepta

323 711 468 766 enim
500 708 590 762 illa
613 707 858 772 dicimus,
878 721 996 775 qua:
1011 705 1165 760 nobis
1177 711 1330 773 grata
1357 716 1475 756 esse
1508 703 1897 754 monstrantur.

322 801 434 855 Aut
462 808 610 854 certe
631 813 661 852 a
687 799 842 853 vobis
865 798 1082 866 accipit,
1116 795 1260 865 quod
1298 791 1563 863 cupiditas
1597 789 1712 859 ejus
1737 803 1903 857 popo-

325 895 447 959 scit,
476 892 616 947 sicut
639 892 886 962 superius
917 890 1119 944 dictum
1146 896 1229 943 est
1257 905 1270 940 :
1307 887 1540 940 Devorat
1561 899 1662 939 vos
1691 884 1744 938 in
1767 897 1901 937 con-

320 986 501 1049 viviis,
528 985 724 1053 accipit
754 985 808 1038 in
837 983 1172 1045 muneribus,
1203 981 1289 1036 vel
1330 979 1544 1050 accipit,
1581 977 1711 1032 dicit
1741 973 1901 1044 rapit,

320 1079 464 1134 unde
489 1085 543 1132 et
574 1076 677 1130 illae
702 1091 851 1139 aves,
882 1088 1001 1144 quae
1031 1072 1265 1144 rapiunt,
1299 1070 1584 1141 accipitres
1620 1075 1899 1122 vocantur.

301 1205 310 1225 .
397 1167 458 1224 Si
482 1168 596 1239 quis
623 1165 905 1221 extollitur.
937 1164 993 1219 Id
1021 1172 1128 1230 est,
1156 1163 1407 1232 superbia
1434 1159 1658 1215 Iudaica
1674 1159 1906 1214 sustine-

299 1244 415 1340 itis,
447 1261 568 1331 quis
587 1259 674 1315 vel
699 1261 767 1318 de
795 1257 1022 1314 scientia
1041 1257 1126 1312 vel
1153 1267 1218 1312 de
1238 1254 1451 1326 generis
1485 1252 1905 1324 praesumptione

323 1354 563 1409 inﬂatur.

396 1448 456 1502 Si
485 1447 600 1518 qu’s
628 1448 682 1501 in
713 1445 902 1514 faciem
927 1461 1017 1501 vos
1053 1443 1226 1498 credit.
1266 1442 1379 1498 Hoc
1411 1447 1514 1506 est,
1560 1439 1606 1495 si
1649 1438 1771 1509 quis
1810 1452 1906 1492 vos

323 1541 488 1594 etiam
519 1547 812 1608 praesentes
837 1539 1107 1610 objurgat.

397 1631 696 1685 Secundum
723 1629 1098 1701 ignobilitatem
1123 1629 1262 1682 dico.
1286 1627 1363 1683 Ac
1384 1627 1429 1681 si
1455 1627 1678 1693 diceret,
1696 1625 1906 1698 ignobi—

324 1722 431 1777 lem
455 1737 569 1777 rem
598 1721 760 1787 facio,
791 1729 852 1775 ut
879 1721 1081 1790 aliquid
1117 1722 1184 1775 de
1206 1720 1418 1791 generis
1461 1719 1742 1773 nobilitate
1772 1717 1906 1771 mihi

321 1814 609 1869 vindicem.
639 1813 828 1885 Magna
854 1822 937 1869 est
965 1813 1294 1884 ignobilitas,
1347 1812 1394 1866 si
1444 1811 1565 1881 quis
1607 1809 1780 1864 Filius
1809 1809 1906 1864 Dei

319 1921 420 1977 per
447 1907 909 1977 regenerationem
937 1904 1113 1961 factus
1141 1913 1244 1971 est,
1279 1903 1346 1958 de
1377 1910 1590 1958 terrena
1616 1911 1671 1956 et
1698 1899 1905 1957 carnali

322 1998 605 2053 nobilitate
635 2015 692 2054 se
713 1997 899 2067 jactet.

399 2091 567 2156 Quasi
591 2107 684 2144 nos
724 2089 921 2158 inﬁrmi
961 2087 1214 2158 fuerimus
1255 2090 1312 2142 in
1355 2089 1452 2142 hac
1500 2097 1668 2158 parte.
1724 2087 1784 2142 ld
1803 2093 1905 2154 est,

322 2182 479 2250 quasi
508 2196 608 2235 nos
634 2181 687 2234 in
714 2181 818 2235 hac
844 2187 996 2250 parte
1022 2180 1089 2234 ab
1120 2179 1223 2234 illis
1245 2179 1423 2233 minus
1464 2177 1667 2247 aliquid
1709 2177 1910 2232 habea-

322 2286 463 2335 mus,
495 2278 676 2326 etnon
704 2269 877 2342 magis
895 2269 1048 2324 vobis
1079 2285 1205 2323 vera
1236 2277 1291 2322 et
1314 2266 1476 2323 fortia
1503 2268 1875 2337 prmdicemus.

393 2362 462 2416 In
490 2380 590 2433 quo
619 2363 735 2432 quis
763 2362 942 2426 audet,
972 2361 1027 2415 in
1047 2361 1346 2431 insipientia
1365 2361 1503 2425 dico,
1527 2361 1695 2413 audeo
1725 2369 1773 2412 et
1795 2377 1910 2429 ego.

321 2452 441 2508 Hoc
465 2468 688 2523 possum
715 2453 936 2517 audere,
963 2453 1006 2506 si
1033 2451 1173 2506 volo.
1198 2451 1297 2506 llic
1326 2465 1384 2505 se
1412 2449 1668 2520 apostolis
1694 2463 1914 2512 compa-

321 2553 412 2600 rat
432 2544 680 2598 laborum
707 2557 926 2598 suorum
953 2541 1418 2610 contemplatione.

309 2657 316 2664 -
397 2632 610 2686 Hebraei
632 2641 755 2686 sunt
776 2642 824 2687 et
849 2648 941 2704 ego
970 2647 988 2686 :
1014 2631 1275 2686 Israelitte
1310 2639 1433 2684 sunt
1467 2637 1517 2684 et
1539 2647 1630 2701 ego
1659 2644 1677 2682 .'
1721 2629 1912 2686 Semen

323 2726 400 2780 Ab
409 2726 552 2778 rahce
575 2732 696 2777 sunt
717 2733 767 2777 et
793 2740 906 2793 ego.
924 2723 1034 2778 Hoc
1051 2730 1157 2788 est,
1175 2723 1220 2778 si
1238 2722 1294 2776 in
1310 2723 1414 2776 hoc
1434 2720 1750 2793 gloriantur,
1767 2720 1912 2790 quod

324 2814 540 2870 Hebraei
560 2822 705 2878 sunt,
730 2821 824 2868 aut
845 2812 1122 2878 Israelita,
1149 2819 1244 2867 aut
1261 2827 1447 2867 semen
1467 2809 1719 2877 Abrahae,
1735 2816 1792 2866 et
1809 2825 1911 2883 ego

325 2906 549 2977 gloriari
569 2919 811 2975 possum,
833 2903 963 2973 quia
983 2903 1144 2973 hujus
1159 2917 1278 2959 sum
1305 2901 1540 2973 generis.

396 2995 632 3051 Ministri
654 2995 848 3051 Christi
887 3003 1029 3060 sunt,
1083 3003 1130 3049 et
1152 3011 1264 3066 ego.
1316 2992 1646 3059 Notandum,
1687 2990 1813 3061 quia
1864 2987 1912 3044 si

327 3091 449 3162 quis
469 3089 659 3145 saltem
685 3089 752 3144 de
791 3087 994 3145 Christi
1034 3088 1337 3143 ministerio
1374 3086 1656 3158 glorietur...
1690 3099 1799 3140 non
1819 3097 1909 3139 sa-

325 3182 538 3253 pienter
556 3180 835 3252 gloriatur.

400 3271 467 3326 Ut
491 3274 663 3326 minus
686 3272 892 3343 sapiens
915 3272 1052 3336 dico,
1073 3270 1190 3341 plus
1217 3286 1332 3341 ego,
1352 3271 1412 3324 in
1435 3267 1702 3323 laboribus
1735 3265 1908 3336 pluri-

327 3368 447 3431 mis,
469 3367 525 3419 in
544 3365 840 3420 carceribus
870 3364 1246 3430 abundantius,
1278 3365 1335 3418 in
1378 3363 1546 3433 plagis
1593 3377 1753 3431 supra
1801 3376 1914 3413 mo-

326 3458 477 3523 dum,
498 3466 602 3512 etc.
627 3455 894 3529 (ExJoan.
909 3457 1129 3530 Chrys.)
1147 3457 1264 3510 Non
1280 3456 1414 3511 dixit
1430 3454 1592 3508 tantis
1604 3451 1912 3524 praedicavi,

328 3551 426 3607 sed
465 3550 744 3606 dimittens
768 3552 949 3606 omnia
971 3549 1232 3620 praeclara
1250 3547 1508 3612 facinora,
1529 3560 1625 3600 sua
1641 3544 1778 3600 mala
1795 3558 1914 3613 quae

326 3640 600 3708 toleravit,
623 3649 927 3706 enumerat,
960 3639 1045 3695 vel
1071 3648 1131 3694 ut
1156 3640 1349 3694 seriem
1386 3636 1697 3706 passionum
1727 3640 1783 3687 et
1804 3632 1917 3703 glo-

325 3733 426 3789 ria:
448 3734 776 3789 occasiones.
1178 3770 1190 3800 ,

400 3825 445 3878 A
472 3825 676 3879 Judwis
694 3825 966 3897 quinquies
999 3822 1360 3895 quadragenas
1386 3837 1492 3874 una
1517 3819 1690 3872 minus
1719 3817 1913 3888 accepi.

329 3916 581 3986 Quinque
607 3917 815 3973 vicibus
840 3917 1074 3972 tricenas
1097 3922 1151 3969 et
1171 3928 1431 3979 novenas,
1446 3911 1599 3983 quasi
1614 3917 1919 3980 transgres-

328 4023 423 4063 sor
442 4007 575 4078 legis
596 4007 823 4078 accepit.

404 4099 515 4170 (Ea:
535 4097 726 4170 Beda.)
748 4099 901 4164 Quod
940 4097 1106 4153 dicit:
1139 4095 1408 4150 Aludazis
1463 4095 1737 4167 quinquies
1783 4111 1914 4165 qua-

331 4195 598 4262 dragenas
612 4207 715 4245 una
733 4192 904 4244 minus
918 4190 1114 4260 accepi,
1131 4188 1416 4259 significat,
1431 4201 1490 4242 se
1505 4204 1535 4242 a
1551 4187 1750 4242 Iudaeis
1762 4185 1919 4255 quin-

330 4286 486 4356 quies
507 4282 856 4352 ﬂagcllatum,
882 4281 955 4335 ita
977 4288 1182 4343 tamen,
1215 4287 1274 4332 ut
1294 4294 1566 4348 nunquam
1595 4277 1921 4347 quadragin-

329 4387 411 4443 ta,
434 4377 528 4433 sed
551 4391 657 4430 una
680 4375 858 4429 minus
874 4373 1145 4447 feriretur.
1170 4371 1502 4439 Praeceptum
1542 4382 1776 4436 namque
1805 4374 1926 4422 erat

329 4470 469 4539 legis
490 4467 667 4540 (Deut.
693 4465 844 4540 xxv),
885 4473 946 4521 ut
985 4465 1077 4536 qui
1101 4465 1502 4534 delinquentem
1546 4463 1916 4527 verberarent,

1939 3213 1985 3277 C

2001 597 2046 652 si
2075 595 2220 650 enim
2243 594 2521 665 quaternis
2567 593 2762 648 ﬁdibus
2801 600 3124 663 percuteret,
3164 589 3344 646 decies
3388 604 3579 661 percu-

2001 691 2160 754 tiens,
2191 689 2569 759 quadragenas
2596 686 2783 757 plagas
2814 684 3032 750 faceret,
3057 685 3103 741 si
3145 699 3274 739 vero
3300 685 3469 740 ternis
3495 691 3578 739 ter

2003 781 2182 836 decies
2208 779 2431 844 feriens,
2462 778 2604 832 unde
2625 777 2980 847 quadraginta
3011 777 3196 846 plagas
3217 775 3486 847 impleret.

2076 871 2176 925 Ter
2198 872 2356 940 virgis
2396 886 2560 924 caesus
2594 885 2731 932 sum,
2775 865 2932 920 semel
2975 866 3239 938 lapidatus
3289 883 3426 932 sum,
3471 875 3578 922 etc.

2001 963 2188 1020 Potest
2214 962 2330 1016 ﬁeri
2361 961 2504 1032 quod
2543 976 2572 1014 a
2599 958 2846 1030 gentibus
2875 958 2977 1012 ista
2998 958 3300 1027 pertulerit,
3333 958 3428 1013 sed
3468 957 3584 1014 haec

2003 1055 2058 1109 in
2109 1055 2331 1110 Actibus
2389 1052 2755 1124 apostolorum
2807 1064 2918 1104 non
2971 1049 3152 1102 omnia
3214 1050 3579 1121 reperiuntur,

2003 1148 2131 1218 quia
2158 1161 2260 1201 nec
2309 1146 2363 1200 in
2422 1144 2675 1214 Epistolis
2701 1142 2882 1197 omnia
2927 1140 3290 1206 continentur,
3353 1156 3476 1212 quae
3528 1141 3583 1196 in

2003 1238 2192 1294 eadem
2227 1236 2453 1291 historia
2481 1235 2680 1304 scripta
2708 1233 3075 1288 inveniuntur.

2076 1328 2229 1396 Quod
2252 1337 2432 1383 autem
2460 1325 2627 1380 dicit:
2657 1322 2837 1379 Semel
2858 1321 3124 1394 lapidatus
3150 1337 3290 1388 sum,
3316 1322 3400 1378 sic
3417 1320 3588 1380 babes

2004 1421 2062 1477 in
2085 1420 2310 1476 Actibus
2356 1417 2752 1489 Apostolorum,
2802 1425 3200 1488 supervenerunt
3255 1417 3476 1488 quidam
3521 1419 3586 1473 ab

2005 1511 2307 1576 Antiochia,
2330 1518 2379 1562 et
2405 1507 2588 1562 Iconio
2613 1506 2814 1574 Judaei,
2843 1516 2891 1561 et
2912 1507 3178 1578 persuasis
3215 1507 3399 1574 turbis,
3454 1506 3591 1578 lapi-

2006 1602 2289 1673 dantesque
2325 1597 2580 1664 Paulum,
2617 1606 2890 1652 traxerunt
2932 1607 3083 1652 extra
3128 1597 3410 1662 civitatem,
3452 1597 3592 1653 testi-

2006 1703 2205 1748 mantes
2227 1709 2345 1746 eum
2366 1700 2632 1746 mortuum
2653 1707 2762 1745 esse
2778 1688 2797 1762 (
2812 1690 2927 1743 Act.
2942 1687 3078 1761 xw).

2078 1784 2231 1852 Quod
2262 1791 2444 1838 autem
2471 1781 2605 1837 dicit
2624 1797 2683 1836 se
2711 1795 2832 1837 esse
2857 1781 3024 1852 virgis
3043 1795 3264 1846 caesum,
3309 1781 3477 1836 habes
3518 1781 3592 1837 ibi

1933 1861 1981 1921 Β
2007 1881 2066 1936 in
2101 1879 2327 1934 Actibus
2348 1877 2746 1948 Apostolorum,
2778 1876 2905 1946 quia
2946 1891 3072 1930 cum
3113 1883 3298 1931 essent
3337 1875 3396 1930 iu
3437 1883 3594 1948 parte

2008 1971 2348 2036 Macedoniae,
2382 1972 2436 2026 in
2460 1971 2682 2026 civitate
2709 1968 2953 2036 Colonia,
2982 1983 3083 2038 pro
3131 1967 3310 2038 puella
3357 1970 3592 2039 quadam

2006 2065 2240 2121 habente
2295 2064 2543 2136 spiritum
2587 2063 2866 2135 Pythonis,
2929 2076 3091 2132 quam
3114 2060 3315 2117 Paulus
3360 2062 3593 2126 sanavit,

2009 2162 2283 2218 concurrit
2302 2160 2455 2231 plebs
2481 2159 2740 2214 adversus
2767 2172 2882 2222 eos,
2915 2163 2972 2210 et
2997 2154 3368 2228 magistratus,
3385 2156 3593 2210 etscis-

2011 2258 2086 2314 sis
2115 2256 2309 2311 tunicis
2336 2269 2544 2317 eorum,
2588 2251 2865 2320 jusserunt
2911 2249 3076 2320 virgis
3125 2248 3256 2304 aedi
3297 2245 3593 2320 (Astur).

2010 2347 2080 2402 Et
2129 2361 2252 2401 cum
2300 2343 2496 2397 multas
2534 2341 2721 2412 plagas
2762 2340 2810 2396 ei
2868 2339 3273 2409 imposuissent,
3321 2335 3587 2394 miserunt

2012 2449 2138 2488 eum
2163 2434 2232 2488 ad
2253 2447 2548 2496 carcerem,
2576 2438 2630 2485 et
2649 2430 2799 2495 alibi,
2837 2428 2998 2497 jussit
3043 2443 3169 2484 eum
3218 2427 3472 2482 tribunus
3517 2427 3591 2485 in-

2012 2526 2225 2582 troduci
2254 2526 2309 2581 in
2339 2533 2538 2590 castra,
2583 2532 2638 2578 et
2679 2521 2902 2593 ﬂagellis
2942 2521 3094 2587 cmdi,
3143 2527 3199 2576 et
3238 2520 3500 2591 torqueri,
3547 2527 3600 2575 et

2012 2619 2142 2675 loris
2165 2617 2448 2686 adstringi.
2481 2617 2587 2670 Pro
2610 2615 2697 2669 bis
2721 2623 2778 2669 et
2799 2612 3065 2669 similibus
3099 2612 3230 2668 dicit
3254 2625 3269 2666 :
3312 2609 3382 2667 In
3421 2628 3602 2668 carce-

2011 2708 2157 2762 ribus
2187 2705 2562 2768 abundantius,
2577 2705 2635 2757 in
2655 2703 2824 2774 plagis
2842 2719 3003 2773 supra
3015 2703 3229 2757 modum
3249 2699 3336 2773 (ΙΙ
3347 2703 3471 2761 Cur.
3485 2698 3596 2774 χι).

2085 2797 2187 2853 Ter
2219 2796 2555 2866 naufragium
2582 2793 2703 2864 feci,
2738 2802 2886 2848 nocte
2902 2802 2951 2848 et
2970 2793 3055 2848 die
3081 2795 3141 2849 in
3183 2796 3447 2867 profunda
3484 2814 3603 2852 ma-

2011 2892 2086 2946 ris
2114 2890 2213 2960 fui,
2239 2890 2296 2943 in
2329 2885 2600 2942 itineribus
2625 2902 2782 2956 stepe,
2802 2885 3046 2957 periculis
3077 2886 3376 2956 ﬂuminum,
3398 2890 3602 2961 pericu-

2011 2986 2076 3040 lis
2089 2984 2375 3049 latronum,
2389 2979 2634 3052 periculis
2656 2995 2721 3034 ea:
2757 2995 2959 3048 genere,
2982 2978 3228 3049 periculis
3250 2995 3315 3034 ea:
3334 2979 3594 3052 gentibus.

2011 3079 2088 3135 De
2107 3092 2303 3148 genere
2323 3083 2378 3130 et
2397 3071 2875 3146 genteJudteorum
2910 3071 3060 3136 dicit,
3099 3070 3316 3141 quando
3337 3069 3482 3126 facta
3520 3079 3601 3128 est

2017 3171 2300 3230 concursio
2318 3168 2501 3240 populi
2521 3165 2846 3228 Iudaeorum,
2871 3170 2928 3219 et
2957 3163 3424 3234 apprehendentes
3460 3162 3601 3219 Pau-

2016 3263 2453 3330 lum,trahebant
2487 3275 2608 3315 eum
2625 3266 2780 3315 extra
2813 3256 3090 3325 templum,
3108 3256 3192 3310 vel
3206 3257 3422 3326 quando
3449 3258 3601 3328 priu-

2017 3370 2143 3424 ceps
2157 3352 2498 3409 sacerdotum
2516 3349 2754 3403 Ananias
2769 3345 3026 3416 praecepit
3044 3345 3342 3400 astantibus
3361 3347 3463 3402 sibi
3487 3362 3605 3417 per-

2017 3453 2201 3501 cutere
2214 3459 2276 3498 os
2290 3443 2406 3514 ejus
2423 3439 2572 3512 (Act.
2586 3435 2767 3504 mn).
2785 3435 2922 3491 Nam
2935 3444 2991 3492 et
3002 3451 3134 3508 gens
3146 3435 3264 3500 eius
3275 3434 3445 3494 Judzni
3457 3453 3606 3507 quae-

2015 3538 2207 3592 rehaut
2221 3549 2342 3590 eum
2364 3532 2633 3587 occidere.

2089 3626 2349 3683 Periculis
2373 3627 2427 3680 in
2449 3623 2604 3678 mari.
2619 3622 2847 3690 Quando
2871 3621 3193 3692 navigantes
3216 3622 3600 3692 periclitaban-

2015 3728 2110 3774 tur
2131 3726 2186 3772 et
2215 3719 2552 3788 impegerunt
2587 3727 2778 3768 navem
2819 3712 2887 3766 ad
2916 3711 3098 3778 littus,
3127 3725 3252 3782 qua;
3296 3727 3461 3783 prora
3491 3713 3601 3770 ﬁxa

2019 3809 2276 3864 manebat
2300 3803 2612 3870 immobilis,
2641 3801 2836 3873 puppis
2862 3815 2995 3856 vero
3020 3800 3332 3857 solvebatur
3355 3817 3385 3856 a
3411 3803 3466 3858 vi
3488 3818 3605 3858 ma-

2019 3901 2118 3967 ris,
2165 3906 2219 3955 et
2264 3897 2355 3952 alii
2385 3895 2644 3960 natando,
2681 3893 2773 3948 alii
2804 3906 2932 3949 vero
2964 3892 3019 3948 in
3049 3892 3248 3949 tabulis
3281 3892 3605 3951 ferebantur

2020 3993 2087 4047 ad
2118 3991 2270 4046 littus
2300 3988 2446 4061 (Act.
2476 3985 2672 4058 xxvu).

2091 4080 2352 4137 Periculis
2373 4079 2428 4133 in
2451 4076 2602 4148 falsis
2623 4075 2900 4147 fratribus.
2915 4073 2997 4130 Illi
3015 4087 3146 4130 vero
3169 4074 3239 4129 de
3259 4074 3456 4145 quibus
3474 4077 3605 4133 alibi

2023 4175 2175 4240 dicit,
2192 4172 2318 4244 quia
2337 4169 2753 4226 subintroierunt
2767 4165 3046 4238 explorare
3058 4164 3349 4220 libertatem
3365 4177 3603 4225 nostram

2024 4263 2226 4336 (Galat.
2251 4262 2337 4334 ιι).

2096 4358 2164 4413 In
2186 4357 2364 4411 labore
2397 4365 2446 4411 et
2468 4372 2739 4420 (erumna,
2775 4356 2829 4409 in
2861 4354 3053 4425 vigiliis
3079 4354 3283 4421 multis,
3305 4357 3361 4411 in
3387 4348 3529 4428 fante
3554 4372 3604 4415 et

2024 4449 2134 4513 siti,
2159 4448 2213 4502 in
2226 4446 2449 4517 jejuniis
2477 4444 2752 4510 multis,et
2779 4443 3006 4514 reliqua.
3030 4443 3107 4499 De
3125 4445 3324 4516 quibus
3343 4463 3507 4504 unum
3533 4449 3602 4506 de

332 4535 416 4618 ita
430 4535 645 4616 modum
665 4535 918 4614 vindictas
936 4535 1319 4627 temperarent,
1336 4561 1395 4609 ut
1427 4553 1708 4625 plagarum
1728 4552 1921 4610 modus

2023 4538 2260 4620 Actibus.
2295 4537 2662 4609 apostolorum
2711 4535 3082 4591 testimonium
3127 4535 3346 4603 demus,
3396 4543 3601 4595 etcum

334 4653 812 4726 quadrigenarium
871 4665 1155 4705 numerum
1218 4648 1440 4702 minime
1492 4644 1917 4700 transcenderet.

335 4745 489 4813 Quod
524 4744 598 4798 ita
617 4744 686 4798 ab
708 4741 946 4811 antiquis
971 4739 1298 4794 intellectum
1323 4744 1556 4792 testatur
1571 4736 1734 4790 etiam
1749 4735 1922 4805 pictu-

334 4853 399 4892 ra
424 4833 665 4906 ejusdem
702 4835 848 4900 libri,
886 4847 1045 4904 quem
1071 4829 1554 4885 reverendissimus
1579 4843 1644 4881 ac
1672 4825 1922 4880 doctissi-

335 4945 460 4986 mus
493 4932 578 4984 vir
609 4925 906 4992 Cuduinus,
947 4921 1298 4980 Orientalium
1335 4919 1631 4988 Anglorum
1673 4917 1917 4981 antistes,

335 5022 563 5078 veniens
586 5034 618 5074 a
638 5018 829 5084 Roma,
860 5031 1048 5073 secum
1073 5012 1408 5068 Britanniam
1444 5006 1654 5064 detulit.
1703 5007 1762 5062 1n
1812 5021 1918 5076 quo

337 5113 590 5168 videlicet
610 5110 768 5176 libro,
801 5123 990 5164 omnes
1019 5121 1156 5178 pene
1182 5105 1351 5176 ipsius
1380 5101 1606 5173 apostoli
1641 5099 1920 5170 passiones

339 5207 456 5262 sive
485 5205 715 5266 labores,
739 5217 836 5274 per
873 5201 991 5257 loca
1026 5208 1343 5269 opportuna,
1374 5203 1532 5250 erant
1570 5192 1798 5264 depicta,
1826 5191 1920 5245 ubi

338 5297 430 5354 hic
460 5297 610 5352 locus
631 5296 706 5350 ita
736 5295 980 5364 depictus
1029 5299 1132 5358 est,
1178 5290 1331 5361 quasi
1383 5287 1682 5344 denudatus
1715 5285 1920 5355 jaceret

336 5387 646 5460 Apostolus,
661 5385 932 5441 laceratus
953 5384 1152 5455 ﬂagris,
1173 5383 1532 5455 lacrymisque
1551 5377 1820 5451 perfusus,
1837 5393 1922 5432 su-

340 5485 645 5555 perastaret
705 5487 886 5533 autem
941 5477 991 5531 ei
1039 5483 1230 5542 tortor,
1282 5475 1643 5546 quadriﬁdam
1716 5472 1925 5528 habens

341 5574 611 5647 ﬂagellum
632 5574 687 5628 in
709 5586 893 5636 manu,
921 5569 1016 5624 sed
1036 5584 1196 5622 unam
1233 5583 1264 5624 e
1289 5567 1482 5624 ﬁdibus
1523 5567 1579 5622 in
1613 5581 1777 5622 manu
1827 5579 1924 5621 sua

342 5673 631 5729 retentam,
664 5670 777 5718 tres
795 5676 924 5717 vero
945 5659 1182 5728 reliquas
1208 5657 1378 5713 solum
1405 5658 1470 5712 ad
1499 5657 1798 5712 feriendum
1827 5655 1924 5709 ha-

343 5757 481 5814 bens
517 5763 780 5812 exsertas.
809 5753 910 5808 Ubi
958 5751 1180 5823 pictoris
1227 5765 1418 5805 sensus
1465 5748 1718 5802 facillime
1755 5754 1923 5816 patet,

349 5846 497 5918 quod
530 5845 655 5903 ideo
684 5843 856 5902 ternis
884 5843 1081 5899 ﬁdibus
1105 5858 1228 5898 eum
1260 5842 1388 5898 fecit
1410 5839 1707 5906 verberari,
1741 5846 1800 5894 ut
1824 5855 1928 5894 un-

717 5939 992 6000 Psmon.
1039 5934 1166 5998 Cll.

2023 4632 2192 4688 multa
2225 4629 2495 4702 jejunatio
2519 4628 2730 4692 fuisset,
2763 4628 2959 4698 inquit,
2988 4638 3037 4682 et
3065 4625 3160 4682 tua:
3183 4629 3434 4700 inciperet
3462 4631 3602 4702 ﬁeri,

2005 4725 2242 4795 rogabat
2257 4721 2461 4776 Paulus
2494 4737 2671 4774 omnes
2691 4737 2897 4774 sumere
2925 4719 3118 4786 cibum,
3143 4720 3323 4777 dicens
3347 4738 3366 4775 :
3397 4722 3605 4790 Quarta

2022 4815 2224 4869 decima
2245 4813 2400 4867 hodie
2417 4813 2501 4866 die
2513 4821 2889 4883 exspectantes,
2907 4811 3083 4882 jejuni
3105 4816 3446 4882 permanetis,
3473 4817 3605 4874 nihil

2023 4906 2353 4976 accipientes,
2382 4913 2591 4974 propter
2615 4902 2754 4973 quod
2778 4919 2902 4973 rogo
2923 4918 3012 4956 vos
3025 4919 3296 4960 assumere
3315 4903 3489 4960 cibum
3507 4923 3603 4979 pro

2023 4997 2194 5054 salute
2238 5005 2430 5063 vestra,
2478 4996 2604 5067 quia
2650 4992 2847 5048 nullius
2874 4994 3030 5048 vestri
3064 4993 3288 5065 capillus
3325 4995 3391 5052 de
3433 5007 3604 5068 capite

2025 5091 2233 5162 peribit,
2264 5099 2313 5144 et
2345 5106 2461 5144 cum
2494 5089 2605 5143 hwc
2631 5087 2878 5152 dixisset,
2911 5103 3122 5143 sumens
3147 5104 3372 5160 pauent,
3399 5089 3602 5160 gratias

2025 5185 2127 5254 egit
2171 5183 2280 5237 Deo
2302 5223 2317 5248 ,
2370 5189 2418 5236 et
2461 5196 2580 5235 cum
2607 5180 2882 5251 fregisset,
2917 5181 3069 5252 coepit
3109 5183 3432 5240 manducare
3460 5179 3602 5254 (Act.

2023 5274 2242 5348 xxvm).

2096 5365 2302 5422 Praeter
2321 5366 2417 5421 illa
2457 5382 2572 5438 quis
2605 5362 2925 5421 extrinsecus
2973 5374 3094 5421 sunt
3119 5404 3134 5432 ,
3182 5363 3436 5419 iststarttia
3484 5381 3602 5422 mea

2024 5462 2354 5536 quotidiana,
2371 5459 2668 5515 sollicitudo
2695 5460 2929 5515 omnium
2943 5455 3324 5514 Ecclesiat'ttm.
3350 5455 3432 5512 Ac
3451 5457 3497 5513 si
3521 5457 3604 5515 di-

2026 5561 2203 5617 ceret,
2236 5561 2432 5624 przeter
2460 5551 2549 5606 illa
2576 5566 2697 5621 quae
2718 5549 2833 5620 jam
2854 5557 3055 5605 usitata
3077 5551 3226 5614 sunt,
3249 5554 3307 5603 et
3327 5548 3443 5619 ipsa
3463 5563 3601 5607 con-

2025 5646 2312 5704 suetudine
2337 5645 2538 5699 leviora
2562 5651 2840 5713 putantur,
2866 5655 2986 5710 qua:
3013 5640 3084 5696 sit
3103 5638 3194 5694 illa
3211 5639 3516 5698 sollicitudo
3541 5641 3599 5699 in

2026 5739 2480 5810 consequentibus
2500 5736 2757 5800 ostendit,
2782 5735 2968 5789 dicens
2993 5751 3006 5787 :
3035 5733 3165 5799 Quis
3190 5733 3515 5803 inﬁrmatur,
3545 5739 3599 5786 et

2025 5850 2116 5905 ego
2145 5849 2248 5888 non
2275 5830 2515 5898 inﬁrnqor
2535 5827 2620 5901 (II
2648 5824 2772 5881 Cor.
2790 5824 2886 5899 xx).

3144 5914 3183 5972 Is
