4110 6484
506 434 610 492 111

1787 423 2139 484 SMARAGDI
2176 420 2468 478 ABBATlS

3670 417 3779 476 112

506 561 628 601 rum
652 585 666 610 ,
709 561 773 600 ne
815 544 1080 601 credentes
1118 541 1250 598 salvi
1289 543 1440 612 ﬁant.
1481 541 1558 596 De
1581 541 1686 596 hoc
1710 540 1918 595 semine
1944 538 2088 593 Mar-
2115 537 2169 598 Α
2191 533 2416 599 scilicet,
2474 531 2616 588 nulla
2641 540 2768 588 sunt
2793 531 2934 587 bona
2965 545 3084 602 qua:
3121 527 3354 602 agimus,
3383 529 3430 586 si
3458 546 3569 587 non
3594 545 3782 602 taqua-

506 653 605 695 cus
646 637 721 692 ita
766 637 955 692 scribit
991 654 1005 690 :
1061 634 1134 688 Hi
1180 643 1355 688 autem
1403 643 1526 688 sunt
1571 633 1661 703 qui
1710 631 1852 685 circa
1905 629 2045 683 viam
2072 668 2088 694 ,
2189 628 2410 684 nimiter
2440 628 2603 682 etiam
2632 627 2998 698 proximorum
3022 624 3164 680 mala
3197 625 3508 681 toleremus.
3555 624 3779 694 Quanto

505 730 597 785 ubi
623 731 911 785 seminatur
930 727 1158 793 verbum,
1183 735 1232 781 et
1255 743 1373 781 cum
1402 725 1667 780 audierint
1686 721 1964 793 confestim
1992 718 2092 774 Sa—

507 831 662 878 tanas
698 821 873 890 aufert
903 819 1098 892 (Marc.
1130 818 1228 892 LV).
1248 818 1534 873 Matthzeus
1555 816 1629 872 ita
1654 816 1766 870 ait:
1799 811 1984 869 Omnis
2004 811 2094 884 qui

508 915 659 970 audit
695 913 904 968 verbum
935 913 1115 984 regni,
1145 923 1192 968 et
1221 929 1324 967 non
1347 910 1629 982 intelligit,
1660 908 1795 965 venit
1829 906 2022 971 malus,
2047 912 2095 960 et

507 1005 647 1075 rapit
669 1003 884 1076 (Matth.
912 1005 1053 1077 xm),
1078 1021 1144 1060 ex
1167 1020 1274 1075 quo
1289 1003 1577 1060 manifeste
1595 1003 1820 1058 docetur
1833 1017 1926 1056 eos
1949 1000 2098 1056 circa

507 1093 654 1148 viam
689 1094 1012 1159 seminatos,
1047 1095 1139 1164 qui
1166 1095 1422 1158 verbum,
1476 1093 1619 1163 quod
1646 1092 1901 1156 audiunt,
1952 1089 2098 1144 nulla

509 1183 648 1250 ﬁde,
674 1184 824 1240 nullo
866 1185 1166 1252 intellectu,
1196 1185 1343 1240 nulla
1391 1185 1584 1240 saltem
1613 1191 1856 1238 tentante
1901 1182 2102 1237 utilita-

509 1274 879 1331 tisoccasione
903 1277 1185 1346 percipere
1210 1275 1520 1346 dignantur.
1543 1274 1714 1329 Porro
1735 1290 1898 1344 super
1916 1281 2099 1344 petro-

511 1382 571 1423 sa
602 1376 658 1423 et
682 1368 737 1423 in
759 1369 949 1438 Spinis,
979 1377 1040 1422 ut
1075 1369 1336 1423 Dominus
1364 1367 1608 1436 exponit,
1640 1367 1999 1429 seminantur,
2042 1363 2098 1419 hi

510 1459 601 1528 qui
647 1458 891 1512 auditum
919 1457 1136 1528 quidem
1180 1456 1330 1510 verbi
1359 1465 1415 1510 et
1443 1455 1735 1510 utilitatem
1762 1452 2014 1524 probant,
2046 1457 2102 1505 et

511 1544 841 1601 desiderium
869 1552 1090 1615 gustant
1113 1585 1128 1609 ,
1171 1544 1265 1598 sed
1295 1559 1363 1599 ne
1385 1543 1452 1596 ad
1476 1542 1530 1596 id
1553 1542 1696 1612 quod
1716 1541 1948 1611 probant
1974 1555 2100 1609 per-

509 1637 766 1702 veniant,
797 1635 959 1706 hujus
987 1636 1115 1690 vita:
1141 1650 1234 1690 eos
1265 1634 1352 1690 vel
1405 1633 1632 1688 adversa
1682 1631 1972 1695 terrendo,
2016 1631 2102 1686 vel

510 1745 770 1804 prospera
798 1729 1126 1784 blandiendo
1155 1728 1469 1792 retardant,
1527 1733 1827 1794 contraque
1873 1731 2104 1794 utraque

512 1824 711 1880 damna
737 1838 922 1878 semen
941 1823 1086 1892 quod
1114 1828 1398 1891 acceperat
1424 1818 1585 1873 tutari
1609 1816 1852 1881 curabat,
1877 1816 1967 1886 qui
1989 1815 2098 1870 ait:

2193 723 2337 779 enim
2362 721 2591 792 quisque
2611 720 2772 775 altius
2811 719 3123 791 profecerit,
3156 724 3306 772 tanto
3340 716 3396 772 in
3425 719 3530 773 hoc
3577 717 3782 773 mundo

2195 815 2418 880 invenit,
2450 814 2594 884 quod
2628 813 2816 868 durius
2863 819 3066 885 portet,
3105 810 3231 882 quia
3263 810 3391 867 dum
3439 826 3472 866 a
3520 811 3782 882 praesenti

2195 907 2392 962 sa:culo
2418 906 2617 962 mentis
2649 913 2848 960 nostra:
2879 903 3096 960 dilectio
3140 901 3366 968 deﬁcit,
3403 902 3647 973 ejusdem
3676 916 3784 962 sar

2195 997 2302 1052 culi
2331 997 2635 1052 adversitas
2661 995 2884 1061 crescit,
2920 995 3047 1050 hinc
3077 1002 3162 1050 est
3190 994 3358 1060 enim,
3387 993 3532 1063 quod
3559 992 3779 1064 pleros-

2196 1105 2303 1160 que
2332 1089 2626 1154 cernimus,
2662 1096 2718 1144 et
2735 1088 2877 1143 bona
2897 1101 3074 1158 agere,
3105 1094 3162 1141 et
3181 1093 3365 1140 tamen
3387 1085 3488 1140 sub
3509 1085 3664 1156 gravi
3677 1085 3784 1140 tri-

2197 1178 2535 1235 hulationum
2561 1176 2706 1233 fasce
2720 1177 3010 1232 desudare.
3035 1175 3144 1232 Sed
3158 1176 3314 1247 juxta
3336 1190 3525 1231 vocem
3547 1174 3789 1241 Domini,

2198 1269 2437 1326 fructum
2457 1284 2555 1340 per
2573 1270 2892 1340 patientiam
2925 1269 3179 1334 reddunt,
3203 1268 3330 1338 quia
3357 1284 3481 1325 cum
3507 1268 3792 1323 humiliter

2200 1359 2409 1432 ﬂagella
2439 1361 2759 1432 suscipiunt,
2785 1369 2909 1432 post
2935 1358 3148 1430 ﬂagella
3174 1360 3242 1415 ad
3271 1361 3516 1432 requiem
3545 1360 3795 1417 sublimi-

2201 1463 2286 1510 ter
2338 1454 2729 1525 suscipiuntur.
2782 1453 2937 1521 Quod
2978 1469 3108 1509 vero
3136 1454 3436 1510 secundum
3476 1453 3796 1510 Matthaaum

2199 1530 2425 1613 dicitur,
2458 1555 2516 1602 et
2558 1546 2796 1601 fructum
2854 1545 3044 1611 aﬂ'ert,
3103 1553 3159 1602 et
3211 1545 3342 1602 facit
3386 1545 3532 1603 aliud
3567 1549 3789 1617 quidem

2204 1646 2446 1703 centum,
2479 1637 2622 1692 aliud
2645 1645 2825 1692 autem
2857 1638 3159 1709 sexaginta,
3182 1652 3346 1708 porro
3376 1637 3520 1694 aliud
3547 1639 3796 1710 triginta,

2205 1729 2428 1798 triginta
2450 1728 2696 1784 referunt
2730 1728 2798 1783 ad
2824 1729 3059 1799 nuptias.
3093 1727 3229 1783 Nam
3258 1737 3315 1784 et
3344 1729 3460 1800 ipsa
3495 1729 3792 1800 digitorum

2206 1821 2544 1892 conjunctio,
2575 1829 2629 1875 et
2653 1821 2810 1890 quasi
2839 1820 3000 1876 molle
3024 1820 3212 1876 osculo
3241 1836 3301 1876 se
3330 1820 3695 1891 complectens
3740 1829 3805 1877 et

516 1914 622 1970 Per
645 1931 796 1967 arma
818 1913 1046 1984 justitiic
1071 1930 1103 1966 a
1133 1911 1332 1965 dextris
1361 1919 1410 1964 et
1435 1926 1466 1962 a
1494 1899 1738 1970 sinistris,
1770 1924 1862 1978 per
1879 1905 2101 1977 gloriam
2129 1899 2177 1960 B
2205 1911 2480 1968 {mderans
2511 1912 2766 1966 maritum
2791 1911 2967 1983 pingit
2994 1919 3051 1965 et
3075 1911 3395 1982 conjugem;
3427 1910 3709 1982 sexaginta
3727 1910 3804 1966 ad

515 2016 565 2060 et
589 2004 1005 2076 ignobilitatem,
1033 2019 1126 2074 per
1174 2002 1451 2072 infamiam
1477 2041 1492 2066 ,
1533 2008 1579 2054 et
1633 1999 1820 2052 bonam
1861 1998 2100 2068 famam,

516 2107 571 2151 ut
597 2096 895 2152 seductores
918 2104 966 2149 et
997 2111 1201 2149 veraces
1226 2092 1311 2164 (II
1340 2092 1462 2146 Cor.
1493 2091 1590 2162 vi).
1628 2091 1724 2146 His
1775 2106 1904 2161 ergo
1930 2089 2104 2144 tribus

515 2199 678 2247 terra:
703 2191 992 2257 generibus
1027 2189 1167 2245 scito
1197 2203 1388 2244 omnes
1436 2187 1530 2257 qui
1581 2188 1810 2242 verbum
1860 2187 2104 2242 auditum

517 2300 624 2339 non
676 2283 911 2348 faciunt,
960 2297 1081 2337 esse
1131 2281 1477 2352 designatos,
1515 2296 1545 2332 a
1588 2279 1786 2348 quibus
1823 2278 2104 2344 omnibus,

518 2374 612 2442 qui
653 2388 838 2428 semen
879 2379 1159 2440 acceptum
1199 2375 1383 2424 servat
1423 2377 1567 2422 terra
1615 2365 1757 2420 bona
1807 2373 1908 2418 est.
1952 2364 2109 2418 Exci-

516 2462 740 2530 piuntur
757 2475 886 2515 sane
906 2458 1078 2514 Judaei
1097 2465 1152 2512 et
1168 2456 1430 2521 Gentiles,
1451 2455 1542 2525 qui
1565 2468 1667 2508 nec
1687 2454 1876 2508 audire
1889 2453 2108 2523 quidem

519 2560 821 2608 merentur.

593 2643 746 2708 Quod
774 2651 950 2695 autem
981 2643 1037 2694 in
1057 2641 1222 2710 spinis
1244 2638 1430 2692 cecidit
1448 2676 1464 2702 ,
1490 2638 1543 2690 hi
1566 2643 1686 2690 sunt
1711 2636 1801 2706 qui
1829 2635 2112 2690 audierunt

522 2743 571 2788 et
602 2753 632 2787 a
660 2732 1120 2794 sollicitudinibus,
1176 2739 1224 2785 et
1255 2730 1451 2783 divitiis
1499 2738 1549 2782 et
1601 2727 1955 2798 voluptatibus
1991 2729 2114 2782 vita:

523 2836 701 2881 euntes
715 2843 775 2880 su
782 2825 1049 2894 [focantur
1062 2832 1109 2875 et
1129 2838 1231 2876 non
1255 2820 1486 2890 referunt
1505 2819 1755 2888 fructum.
1775 2817 1967 2872 Mirum
1983 2832 2116 2887 quo-

527 2916 688 2969 modo
717 2914 974 2969 Dominus
1000 2912 1185 2981 spinas
1208 2910 1422 2964 divitias
1453 2909 1843 2978 interpretatus
1869 2907 1959 2973 sit,
1992 2921 2116 2962 cum

527 3007 630 3062 illa:
653 3013 915 3076 pungunt,
949 3005 1066 3058 ista:
1097 3001 1393 3058 delectant.

604 3094 912 3166 (ExGreg.)
962 3094 1029 3148 Et
1063 3103 1244 3149 tamen
1278 3094 1445 3164 spina:
1478 3100 1635 3158 sunt,
1669 3093 1795 3162 quia
1823 3092 2116 3164 cogitatio-

529 3202 658 3242 num
688 3200 905 3239 suarum
936 3183 1319 3255 punctionibus
1341 3192 1578 3238 mentem
1606 3183 1878 3248 lacerant,
1915 3191 2118 3238 etcum

528 3293 699 3346 usque
723 3277 789 3330 ad
815 3283 1096 3346 peccatum
1123 3275 1466 3345 pertrahunt,
1494 3275 1647 3344 quasi
1671 3273 1875 3329 inﬂicto
1893 3273 2119 3330 vulnere
2143 3261 2189 3324 C

531 3376 819 3423 crucntaut
842 3409 856 3433 ,
886 3383 1022 3438 quas
1044 3367 1181 3422 bene
1226 3367 1279 3421 in
1306 3369 1411 3423 hoc
1445 3367 1585 3432 loco,
1619 3367 1726 3423 alio
1770 3367 2119 3437 Evangelista

2202 2004 2396 2059 viduas
2423 2044 2438 2068 ,
2478 2018 2544 2058 eo
2588 2003 2731 2074 quod
2779 2003 2833 2057 in
2870 2003 3118 2073 angustia
3161 2009 3217 2058 et
3269 2002 3618 2058 tribulatione
3678 2003 3793 2058 sint

2203 2095 2413 2165 positae.
2454 2093 2607 2149 Unde
2644 2100 2699 2148 et
2747 2092 2802 2146 in
2849 2092 3115 2163 superiori
3175 2091 3344 2164 digito
3391 2089 3798 2161 deprimuntur,

2206 2197 2518 2260 quantoque
2548 2185 2722 2256 major
2749 2195 2832 2242 est
2867 2185 3156 2242 difﬁcultas
3181 2226 3194 2251 ,
3235 2200 3302 2240 ex
3335 2193 3493 2256 parte
3520 2185 3798 2255 quondam

2207 2282 2500 2338 voluntatis
2530 2279 2800 2335 illecebris
2845 2280 3138 2344 abstinere,
3172 2287 3324 2334 tanto
3358 2277 3536 2348 majus
3561 2286 3615 2333 et
3648 2292 3802 2346 pra:-

2207 2376 2396 2431 ntium.
2410 2371 2582 2427 Porro
2599 2371 2956 2426 centesimum
2973 2383 3260 2424 numerum
3277 2384 3462 2440 quaeso
3482 2367 3796 2439 diligenter,

2209 2467 2402 2530 lector,
2435 2462 2673 2518 attende.
2701 2461 2746 2515 A
2768 2461 2992 2516 siniStra
3014 2459 3426 2515 transferuntur
3445 2459 3501 2514 in
3528 2458 3803 2523 dextram,

2211 2567 2267 2613 et
2290 2557 2480 2612 iisdem
2512 2555 2731 2624 quidem
2762 2554 2964 2624 digitis,
2994 2555 3090 2609 sed
3111 2569 3221 2609 non
3245 2553 3434 2609 eadem
3459 2568 3640 2616 manu,
3676 2551 3805 2622 qui-

2212 2654 2316 2707 bus
2335 2651 2390 2704 in
2418 2650 2552 2704 laeva
2584 2663 2749 2702 manu
2775 2655 2957 2716 nupta:
2981 2645 3379 2718 signiﬁcantur,
3410 2652 3467 2701 et
3497 2644 3676 2700 vidua:
3701 2643 3811 2698 cir-

2215 2742 2399 2798 culum
2431 2740 2658 2804 faciens,
2688 2737 3290 2810 exprimitvirginitatis
3307 2751 3585 2793 coronam.
3609 2733 3808 2799 Aliter,

2214 2832 2450 2888 fructum
2471 2831 2809 2886 tricesimum
2832 2830 3058 2885 verbum
3079 2828 3307 2899 profert,
3335 2827 3476 2898 quod
3494 2826 3653 2881 ﬁdem
3676 2840 3808 2881 san-

2216 2933 2317 2980 eta:
2335 2922 2595 2979 trinitatis
2615 2920 2865 2976 aediﬁcat.
2884 2919 3316 2989 Sexagesimum,
3334 2917 3479 2988 quod
3492 2917 3674 2987 operis
3684 2930 3810 2986 per-

2217 3016 2506 3074 fectionem
2523 3014 2704 3080 docet,
2729 3014 2857 3084 quia
2878 3029 2976 3068 sex
3002 3013 3118 3068 dies
3145 3020 3273 3068 sunt
3294 3011 3348 3066 in
3373 3011 3570 3080 quibus
3586 3013 3807 3080 oportet

2219 3108 2455 3179 operari.
2481 3095 2872 3171 Centesimum,
2898 3103 3041 3174 quod
3063 3104 3131 3159 ad
3150 3103 3434 3160 dexteram
3456 3101 3611 3172 regni
3638 3101 3810 3156 vitam

2220 3202 2482 3276 praedicat
2507 3209 2791 3258 mternam.

2247 3335 2249 3337 -
2858 3305 3152 3346 CONCOBDIA
3171 3338 3176 3343 .

2255 3425 2262 3429 .
2293 3383 2534 3439 Verbum
2568 3381 2818 3438 veritatis
2866 3379 3132 3437 Corinthii
3161 3379 3231 3434 ab
3270 3377 3534 3450 apostolis
3586 3390 3815 3448 accepe-

530 3471 786 3526 testante,
819 3477 1165 3532 nequaquam
1189 3462 1449 3517 Dominus
1478 3461 1698 3517 divitias
1719 3503 1733 3527 ,
1769 3460 1865 3516 sed
1897 3460 2119 3516 fallaces

2223 3482 2373 3537 rant,
2419 3474 2512 3529 sed
2557 3473 2662 3528 hoc
2713 3471 2952 3528 falsariis
3006 3471 3395 3528 consentiendo
3429 3471 3804 3541 perdiderant,

533 3555 755 3610 άίνίῐίθδ
780 3554 1034 3624 θυρειιειο
1061 3553 1305 3609 Fallaces
1325 3553 1470 3608 enim
1501 3561 1644 3617 sum,
1681 3569 1801 3624 (ιιιθθ
1830 3553 2118 3609 ηοδίδουω
2223 3581 2359 3636 quos
2381 3565 2672 3636 Apostolus
2707 3565 2993 3635 increpans
3017 3564 3094 3619 ait
3127 3582 3139 3617 :
3176 3563 3342 3619 Miror
3372 3577 3496 3619 cum
3523 3562 3810 3633 sapientes

536 3651 628 3706 diu
667 3664 990 3720 permanere
1033 3664 1139 3703 non
1196 3656 1423 3717 possunt
1469 3665 1485 3702 :
1527 3647 1749 3703 fallaces
1797 3655 1922 3702 sunt
1948 3689 1963 3714 ,
2003 3663 2124 3718 quae
2225 3655 2368 3721 sitis,
2415 3670 2514 3710 cur
2553 3655 2786 3711 libenter
2815 3655 3196 3726 insipientibus
3227 3655 3569 3711 consentitis.
3605 3653 3817 3721 Quibus

535 3742 738 3797 mentis
776 3747 975 3795 nostra:
1010 3739 1246 3809 inopiam
1278 3753 1387 3793 non
1430 3737 1723 3808 expellunt.
1761 3737 1901 3793 Sola:
1942 3744 2122 3793 autem

537 3833 738 3888 divitia:
769 3846 908 3886 vera:
929 3837 1075 3896 sunt,
1104 3844 1227 3899 qua:
1251 3844 1350 3884 nos
1372 3827 1567 3884 divites
1586 3827 1880 3882 virtutibus
1894 3827 2120 3882 faciunt.

540 3924 847 3979 Notandum
871 3937 998 3978 vero
1019 3928 1132 3984 est,
1169 3921 1312 3992 quod
1345 3935 1622 3992 exponens
1656 3921 1915 3975 Dominus
1949 3920 2080 3975 dicit
2110 3938 2122 3973 :

541 4015 678 4085 Quia
707 4014 1099 4070 sollicitudines
1126 4012 1498 4082 etvoluptates
1527 4019 1582 4065 et
1611 4011 1813 4066 divitia:
1836 4010 2136 4088 suffocant,

545 4108 821 4163 Suffocant
846 4107 1011 4164 enim.
1047 4106 1173 4176 quia
1196 4105 1522 4175 importunis
1544 4103 1966 4174 cogitationibus
2013 4103 2125 4158 suis

543 4211 728 4273 guttur
752 4201 950 4256 mentis
971 4198 1330 4269 strangulant,
1353 4207 1408 4253 et
1433 4198 1560 4253 dum
1585 4198 1786 4252 bonum
1802 4196 2129 4252 desiderium

546 4296 752 4349 intrare
779 4293 845 4346 ad
875 4308 970 4347 cor
1001 4307 1107 4345 non
1135 4291 1341 4355 sinunt,
1359 4289 1516 4360 quasi
1536 4289 1741 4344 aditum
1763 4287 1923 4343 ﬂatus
1950 4288 2131 4343 vitalis

547 4389 764 4436 necant.
790 4379 1095 4434 Notandum
1119 4381 1283 4433 etiam
1307 4379 1452 4447 quod
1477 4379 1584 4433 duo
1613 4385 1755 4443 sunt,
1782 4393 1903 4447 qua:
1928 4378 2132 4434 divitiis

542 4472 740 4542 jungit,
773 4469 1165 4526 sollicitudines
1195 4468 1448 4522 videlicet
1503 4477 1559 4522 et
1611 4468 1950 4538 voluptates,
2004 4451 2144 4538 quia

547 4565 793 4637 profecto
821 4571 876 4618 et
900 4579 996 4633 per
1020 4577 1207 4616 curam
1257 4569 1494 4615 mentem
1543 4561 1895 4631 opprimunt,
1935 4569 1992 4616 et
2035 4577 2134 4630 per

553 4653 878 4710 aﬂluentiam
909 4653 1202 4708 resolvunt.
1236 4651 1344 4707 Res
1391 4651 1536 4706 enim
1585 4653 1872 4708 contraria:
1913 4668 2133 4724 posses-

555 4760 708 4802 sores
767 4760 926 4807 suos,
964 4751 1018 4797 et
1081 4741 1307 4797 afﬂictos
1366 4751 1421 4797 et
1480 4741 1718 4798 lubricos
1756 4741 1984 4798 faciunt.
2029 4741 2138 4799 Sed

555 4836 682 4904 quia
720 4834 966 4905 voluptas
1024 4833 1312 4888 convenire
1359 4847 1481 4886 cum
1531 4830 1818 4888 afﬂictione
1881 4847 1988 4887 non
2041 4848 2140 4903 po-

563 4933 708 4990 test,
747 4925 853 4979 alio
890 4925 1108 4995 quidem
1146 4931 1392 4994 tempore
1427 4937 1526 4994 per
1562 4925 1821 4980 custodia:
1858 4939 1968 4979 sua:
1991 4913 2153 4979 solli-'

557 5017 855 5073 citudinem
885 5016 1153 5088 afﬂigunt,
1181 5024 1343 5086 atque
1375 5015 1481 5071 alio
1517 5030 1614 5087 per
1651 5015 2041 5071 abundantiam
2069 5017 2138 5072 ad

562 5108 870 5179 voluptates
898 5107 1198 5161 emolliunt.
1659 5163 1668 5176 ,

637 5199 792 5268 Quod
835 5209 1011 5254 autem
1059 5201 1116 5254 in
1146 5200 1333 5256 bonam
1379 5210 1608 5266 terram,
1651 5200 1706 5254 hi
1756 5207 1877 5255 sunt
1932 5200 2045 5270 qui,
2083 5201 2141 5256 in

562 5296 718 5352 corde
784 5295 917 5350 bono
971 5305 1020 5349 et
1063 5295 1254 5366 optimo
1293 5295 1564 5350 audientes
1601 5294 1810 5349 verbum
1839 5334 1853 5360 ,
1895 5296 2138 5362 retinent,

563 5399 610 5441 et
651 5389 879 5459 fructum
918 5389 1148 5458 afferunt
1184 5389 1237 5442 in
1257 5388 1528 5457 patientia.
1559 5387 1707 5443 Bona
1729 5396 1894 5454 terra,
1924 5397 1984 5444 ut
2008 5405 2163 5464 praes

568 5479 824 5544 diximus,
851 5480 1101 5535 omnibus
1129 5479 1302 5535 tribus
1330 5487 1506 5544 terrm,
1532 5495 1872 5550 nequaquam
1903 5482 2139 5538 varieta-

568 5571 713 5626 tibus
735 5572 1003 5626 contraria
1033 5570 1184 5637 facit,
1207 5569 1505 5626 etlibenter
1525 5570 1971 5628 videlicetsemen
1991 5571 2140 5629 verbi

572 5665 931 5738 suscipiendo,
970 5673 1027 5720 et
1066 5664 1210 5733 quod
1232 5663 1458 5734 suscipit
1480 5663 1623 5718 inter
1674 5663 1901 5720 adversa
1926 5672 1983 5719 et
2016 5681 2143 5736 pro-

571 5772 726 5828 spera
748 5756 1015 5826 patienter
1034 5756 1102 5810 ad
1128 5751 1336 5808 fructus
1363 5768 1535 5824 usque
1577 5762 1819 5825 tempora
1851 5753 2138 5823 servando,

573 5847 730 5902 aliter
755 5849 895 5902 bona
923 5853 1066 5900 terra
1093 5843 1328 5899 fructum
1344 5859 1440 5914 per
1452 5844 1765 5914 patientiam
1795 5846 1988 5912 reddit,
2017 5847 2143 5919 quia

2224 3744 2538 3816 evangelica
2577 3745 2714 3801 bene
2741 3745 3034 3801 concordat
3059 3747 3350 3814 sententia,
3383 3747 3476 3802 ubi
3500 3747 3577 3801 ait
3610 3760 3625 3799 :
3659 3743 3818 3800 Venit

2227 3836 2467 3898 diabolus
2491 3845 2540 3891 et
2571 3836 2706 3892 tollit
2732 3837 2940 3892 verbum
2971 3837 3037 3892 de
3070 3838 3226 3892 corde
3261 3855 3444 3894 eorum
3486 3835 3640 3909 (Luc.
3669 3835 3816 3909 vni).

2656 3951 2724 4007 IN
2766 3951 3357 4020 QUINQUAGESIMA.

2257 4078 2259 4080 -
2298 4059 2556 4098 EPISTOLA
2593 4059 2754 4099 ΒΕΑΤῙ
2792 4060 2949 4100 PAULI
2988 4060 3246 4100 APOSTOLI
3295 4060 3363 4099 AD
3391 4057 3746 4117 ICORINTHIOS,

2846 4131 3039 4170 CAPITE
3077 4132 3200 4170 XIII.

2307 4226 2327 4260 ι
2374 4208 2430 4263 Si
2455 4207 2651 4278 linguis
2676 4207 2958 4262 hominum
2982 4207 3175 4278 loquar
3197 4215 3253 4262 et
3273 4207 3611 4278 angelorum,
3635 4205 3822 4260 chari-

2239 4317 2257 4351 ι
2304 4306 2472 4355 tatem
2499 4307 2678 4353 autem
2707 4314 2815 4353 non
2860 4299 3089 4354 habeam
3117 4339 3132 4363 ,
3174 4297 3348 4351 factus
3401 4313 3521 4351 sum
3569 4297 3716 4352 velut
3746 4312 3822 4352 tes

2239 4409 2258 4444 ι
2303 4405 2523 4455 sonans,
2579 4397 2673 4444 aut
2711 4389 3017 4459 cymbalum
3064 4387 3320 4441 tinniens.
3360 4385 3428 4439 Et
3479 4386 3526 4440 si
3574 4387 3823 4442 habuero

2242 4503 2259 4534 ε
2305 4481 2645 4553 prophetiam
2673 4520 2688 4545 ,
2729 4487 2786 4534 et
2812 4478 3058 4533 noverim
3094 4477 3279 4532 omnia
3310 4476 3589 4546 mysteria,
3623 4485 3680 4530 et
3707 4491 3826 4531 om-

2246 4592 2264 4625 ‹
2312 4587 2434 4627 nem
2461 4571 2772 4635 scientiam,
2800 4569 2923 4625 etsi
2964 4570 3205 4626 habuero
3241 4583 3458 4624 omnem
3505 4569 3664 4624 ﬁdem
3688 4609 3704 4635 ,
3747 4569 3824 4623 ita

2246 4682 2265 4716 ‹
2312 4670 2371 4718 ιιι
2407 4669 2618 4716 montes
2667 4659 3034 4726 transferam,
3096 4660 3422 4716 cbaritatem
3471 4670 3653 4715 autem
3711 4674 3826 4715 non

2245 4773 2266 4814 ς
2310 4755 2553 4810 habuero
2580 4795 2595 4820 ,
2633 4753 2767 4809 nihil
2798 4769 2939 4809 sum.
3001 4753 3069 4807 Et
3124 4754 3171 4810 si
3216 4754 3543 4809 distribuere
3588 4753 3643 4807 in
3671 4752 3827 4809 cibos

2248 4866 2268 4900 ι
2312 4862 2613 4920 pauperum
2639 4861 2833 4902 omnes
2863 4844 3150 4902 facultates
3180 4862 3354 4913 meas,
3394 4855 3450 4901 et
3477 4846 3521 4900 si
3553 4845 3828 4900 tradidero

2233 4952 2267 4994 ἰ
2313 4955 2510 5012 corpus
2539 4953 2721 4994 meum
2752 4980 2767 5004 ,
2805 4939 2880 4994 ita
2907 4946 2968 4994 ut
2989 4939 3209 4995 ardeam
3231 4981 3246 5004 ,
3288 4939 3611 4994 cbaritatem
3641 4946 3824 4994 autem

2251 5048 2270 5083 ι
2314 5047 2424 5087 ιιοιι
2458 5031 2716 5096 habuero,
2749 5030 2884 5086 nihil
2914 5031 3045 5085 mihi
3074 5031 3314 5100 prodest.
3344 5030 3591 5085 Charitas
3614 5030 3828 5100 patiens

2253 5139 2272 5172 ι
2317 5129 2428 5188 est,
2467 5121 2696 5192 benigna
2750 5129 2853 5177 est.
2894 5119 3146 5176 Charitas
3190 5137 3298 5176 non
3352 5121 3677 5185 aemulatur,
3716 5135 3827 5176 non

2253 5234 2275 5274 ι,
2319 5214 2430 5286 agit
2467 5229 2752 5284 perperam
2779 5253 2794 5278 ,
2836 5227 2943 5267 non
2973 5210 3193 5266 inﬂatur
3214 5253 3229 5278 ,
3270 5227 3377 5267 non
3407 5219 3492 5268 est
3515 5211 3824 5277 ambitiosa,

2253 5324 2275 5367 ι
2319 5321 2425 5360 non
2450 5304 2644 5376 quierit
2672 5319 2790 5374 qua:
2807 5319 2904 5360 sua
2931 5310 3079 5368 sunt,
3105 5319 3213 5359 non
3241 5304 3505 5369 irritatur,
3537 5319 3645 5358 non
3679 5302 3828 5374 cogi-

2255 5412 2280 5470 i
2318 5403 2398 5449 tat
2439 5393 2683 5460 malum,
2736 5410 2843 5450 non
2891 5395 3087 5466 gaudet
3134 5411 3298 5468 super
3334 5395 3619 5466 iniquitate
3643 5435 3658 5458 ,
3698 5408 3828 5449 con-

2253 5503 2272 5535 i
2319 5484 2520 5554 gaudet
2541 5492 2722 5539 autem
2752 5485 2989 5540 veritati.
3013 5485 3205 5542 Omnia
3241 5485 3451 5549 suffert,
3488 5483 3672 5542 omnia
3708 5497 3830 5540 cre-

2254 5594 2273 5626 ‹
2318 5574 2417 5641 dit,
2448 5575 2628 5630 omnia
2653 5585 2838 5646 sperat
2861 5617 2876 5643 ,
2913 5578 3096 5632 omnia
3122 5577 3377 5643 sustinet,
3418 5575 3657 5631 charitas
3674 5590 3825 5630 nun-

2255 5684 2274 5718 c
2319 5680 2479 5738 quam
2521 5667 2750 5724 excidet.
2781 5666 2907 5725 Sive
2934 5667 3232 5741 prophetia:
3253 5667 3683 5730 evacuabuntur,
3711 5663 3830 5721 sive

2258 5779 2276 5814 ι
2323 5761 2527 5839 linguae
2553 5764 2883 5828 cessabunt,
2937 5762 3052 5817 sive
3099 5759 3328 5816 scientia
3374 5760 3704 5816 destruetur.
3747 5757 3829 5813 Ex

2261 5871 2280 5903 ο
2322 5861 2477 5925 parte
2523 5853 2665 5908 enim
2707 5853 3118 5924 cognoscimus.
3153 5858 3210 5907 et
3255 5867 3322 5908 ex
3346 5859 3500 5922 parte
3529 5849 3828 5920 propheta-
