4110 6494
319 317 437 392 ’με

1163 327 1678 390 COLLECTIONES
1717 330 1788 390 IN
1823 327 2200 394 EPISTOLAS
2237 333 2329 390 ET
2364 336 2779 396 EVANGELIA.

3478 347 3609 411 lu.

333 467 356 503 ι
401 464 545 506 mus.
584 447 722 504 Cum
772 455 952 504 autem
1001 449 1212 504 venerit
1266 451 1410 520 quod
1440 449 1738 522 perfectum
1775 461 1897 518 est,
1927 451 2271 518 Amembra,
2294 460 2352 506 et
2372 453 2582 523 species
2609 453 2912 510 cbaritatis.
2957 453 3111 511 Sicut
3135 457 3229 526 qui
3253 457 3484 532 diligunt
3518 461 3588 516 tl-

331 561 354 598 ι
398 543 754 605 evacuabitur
779 584 796 611 ,
835 544 976 614 quod
1011 558 1078 600 ex
1106 551 1262 614 parte
1286 551 1389 599 est.
1423 544 1558 600 Cum
1582 561 1759 602 essem
1783 561 1907 618 par-

331 657 354 694 s
400 639 584 705 vulus,
628 637 893 708 loquebar
927 643 988 692 ut
1031 637 1290 708 parvulus
1313 678 1329 704 ,
1369 638 1646 710 sapiebam
1690 646 1750 692 ut
1783 649 1910 709 par-'-

332 751 354 786 ι
399 731 586 797 vulus,
628 731 932 802 cogitabam
993 738 1055 785 ut
1112 730 1390 801 parvulus.
1455 729 1681 798 Quando
1728 739 1908 787 autem

331 841 353 877 ι
396 821 574 879 factus
595 836 715 877 sum
745 822 847 887 vir,
875 822 1134 877 evacuavi
1164 837 1283 892 quae
1310 830 1468 877 erant
1492 822 1720 892 parvuli.
1749 822 1910 877 Vide-

331 933 351 966 ι
396 929 519 970 mus
543 928 688 968 nunc
712 927 813 983 per
841 912 1120 983 speculum
1148 913 1204 968 in
1232 914 1537 982 aenigmate,
1570 922 1702 970 tunc
1727 920 1909 970 autem

331 1022 351 1058 ι
398 1003 538 1059 facie
573 1003 641 1058 ad
680 1002 895 1058 faciem.
936 1002 1091 1059 Nunc
1129 1018 1396 1076 cognosco
1443 1020 1511 1061 ex
1546 1014 1740 1075 parte,
1781 1013 1910 1060 tunc

329 1117 350 1151 ι
398 1107 580 1153 autem
601 1111 946 1168 cognoscam,
973 1097 1115 1152 sicut
1134 1106 1188 1152 et
1203 1098 1450 1168 cognitus
1472 1114 1613 1154 sum.
1637 1098 1791 1155 Nunc
1814 1114 1910 1154 au-

328 1207 348 1242 c
396 1198 507 1245 tem
527 1195 768 1256 manent,
801 1187 953 1254 ﬁdes,
983 1204 1128 1258 spes,
1155 1189 1417 1258 charitas,
1441 1191 1550 1247 tria
1574 1191 1710 1258 lucc,
1733 1191 1911 1263 major

326 1304 348 1339 ι
395 1296 578 1344 autem
608 1285 694 1340 his
727 1292 811 1340 est
845 1284 1105 1340 charitas.
1138 1303 1158 1335 ι

397 1377 460 1434 Si
488 1377 680 1448 linguis
733 1378 1004 1431 hominum
1034 1375 1222 1447 loquar
1251 1385 1301 1431 et
1341 1375 1666 1447 angelorum.
1707 1375 1767 1431 In
1823 1376 1910 1432 bis

319 1468 458 1523 locis
487 1467 594 1522 hoc
644 1467 826 1522 studet
855 1465 1170 1537 Apostolus,
1200 1474 1262 1520 ut
1285 1466 1413 1536 quia
1441 1465 1684 1520 nonnulli
1711 1480 1910 1538 magno

321 1557 595 1614 desiderio
635 1557 988 1627 requirebant
1041 1556 1181 1612 dona
1209 1556 1540 1626 linguarum,
1599 1554 1706 1610 illis
1757 1554 1910 1610 beni-

320 1649 579 1719 gnitatcm
621 1646 879 1718 praeferat
910 1647 1216 1711 charitatis,
1246 1661 1352 1716 qua
1384 1646 1440 1700 in
1463 1646 1696 1714 proximi
1732 1645 1910 1700 chario

321 1748 432 1794 tate
457 1739 809 1810 proﬁcerent,
836 1739 962 1809 quia
984 1739 1139 1809 signa
1165 1746 1387 1809 propter
1412 1737 1658 1793 inﬁdeles
1687 1738 1902 1806 dantur,

319 1830 563 1886 charitas
589 1847 719 1888 vero
755 1831 976 1903 angelos
998 1831 1260 1886 imitatur.

387 1921 588 1979 Factus
618 1941 736 1978 sum
760 1923 895 1979 velut
922 1941 994 1979 (es
1018 1941 1233 1979 sonans.
1254 1922 1312 1978 Id
1337 1930 1442 1988 est,
1469 1922 1615 1992 quod
1643 1939 1752 1979 non
1773 1939 1902 1995 pera

317 2013 455 2069 tinet
480 2015 547 2070 ad
572 2015 777 2086 aliquid
803 2016 998 2070 animae
1019 2014 1386 2082 commodum,
1411 2013 1506 2069 sed
1528 2013 1702 2070 solum
1725 2014 1902 2072 reddit

317 2108 436 2164 sine
465 2107 700 2164 utilitate
728 2108 1006 2163 tinnitum.

389 2201 459 2256 Et
521 2203 567 2257 si
623 2202 856 2257 habuero
882 2202 1210 2274 praphetiam
1235 2243 1254 2269 ,
1293 2212 1342 2258 et
1381 2205 1612 2258 noverim
1648 2204 1902 2276 mysteria

314 2297 493 2349 omnia
531 2304 580 2350 et
627 2311 834 2350 omnem
877 2296 1174 2350 scientiam.
1213 2295 1505 2366 Prophetia
1549 2313 1672 2367 qua:
1719 2296 1903 2352 futura

310 2388 661 2456 pronuntiat,
692 2386 920 2440 scientia
946 2387 1351 2457 mysteriorum,
1373 2403 1496 2456 quae
1525 2387 1738 2443 occulta
1769 2401 1901 2458 ape-

309 2479 390 2532 rit
451 2478 880 2548 scripturarum,
937 2477 1055 2534 haec
1096 2493 1294 2550 magna
1344 2494 1444 2549 per
1491 2494 1550 2534 se
1605 2487 1768 2546 sunt,
1806 2479 1904 2535 sed

312 2569 578 2625 charitati
607 2577 956 2638 comparata,
986 2570 1062 2625 ita
1108 2579 1164 2625 et
1197 2571 1406 2625 meritis
1441 2579 1564 2642 post
1593 2579 1902 2641 ponuntur,

310 2671 369 2715 ut
399 2661 518 2716 sine
544 2675 608 2716 ea
633 2661 724 2716 diu
751 2669 1026 2730 nequeant
1050 2660 1345 2731 possideri,
1379 2660 1455 2715 ita
1478 2675 1608 2732 ergo
1635 2661 1753 2716 sine
1775 2660 1904 2716 cha-

311 2751 477 2806 ritate
501 2767 697 2822 parum
732 2751 886 2806 utilia
915 2751 1287 2807 inveniuntur.
1315 2731 1571 2806 Charitas
1605 2764 1736 2806 vero
1757 2750 1902 2806 intra

311 2857 374 2897 se
426 2842 592 2897 etiam
637 2843 742 2898 ista
782 2841 1161 2914 complectitur
1188 2882 1204 2909 ,
1256 2856 1364 2897 non
1420 2843 1621 2897 mirum
1669 2850 1794 2908 est,
1852 2843 1902 2899 si

310 2935 705 2989 charismatum
752 2934 1001 3006 partibus
1047 2933 1410 3006 praeferatur,
1461 2948 1582 3004 quae
1639 2935 1901 2990 virtutum

309 3024 582 3095 perfectio
616 3035 672 3081 et
709 3026 844 3099 legis
895 3035 980 3083 est
1028 3025 1308 3096 plenitudo
1333 3065 1348 3091 ,
1418 3025 1560 3080 sicut
1597 3024 1827 3095 legimus
1880 3043 1904 3083 :

311 3115 599 3198 Plenitudo
637 3118 764 3190 legis
859 3128 936 3174 est
973 3117 1182 3173 dilectio
1211 3157 1227 3185 ,
1265 3125 1322 3172 et
1367 3117 1564 3171 iterum
1609 3134 1622 3170 :
1673 3114 1900 3170 Dilectio

308 3211 539 3282 proximi
568 3209 768 3265 malum
796 3228 904 3266 non
939 3219 1205 3282 operatur,
1236 3209 1355 3264 sine
1370 3209 1472 3263 hac
1485 3207 1741 3278 quaelibet
1759 3207 1896 3264 ﬁdes

310 3301 513 3358 habere
537 3303 1002 3374 perseverantiam
1026 3317 1134 3358 non
1156 3309 1354 3373 potest,
1385 3310 1440 3356 et
1461 3299 1588 3371 quia
1613 3298 1776 3354 ﬁnem
1801 3299 1899 3355 bo-

309 3410 508 3451 norum
530 3395 586 3451 in
614 3410 673 3451 se
697 3410 807 3451 non
842 3395 1025 3461 habet,
1049 3394 1104 3448 in
1132 3392 1238 3447 ﬁne
1265 3390 1498 3448 deﬁciet.

384 3487 454 3542 Et
481 3489 526 3542 si
557 3486 788 3542 habuero
815 3499 1022 3542 omnem
1042 3485 1223 3554 ﬁdem,
1252 3483 1331 3537 ita
1360 3493 1418 3537 ut
1446 3493 1646 3538 montes
1671 3483 1900 3554 transfe-

308 3596 464 3645 ram,
504 3579 820 3634 charitatem
858 3594 963 3633 non
1000 3575 1269 3641 habuero,
1329 3573 1460 3630 nihil
1496 3592 1632 3630 sum.
1674 3574 1774 3630 Hic
1817 3575 1901 3630 in-

309 3672 573 3743 telligitur
601 3686 798 3743 magna
831 3669 966 3726 ﬁdes
1001 3683 1142 3735 esse,
1183 3683 1302 3739 quae
1326 3667 1384 3722 in
1413 3667 1706 3738 Evangelia
1727 3682 1900 3738 grano

309 3765 522 3836 sinapis
551 3751 932 3836 comparatur,
979 3761 1124 3833 quod
1174 3775 1283 3817 non
1341 3767 1566 3830 propter
1624 3759 1902 3815 modicita-

310 3867 456 3926 tem,
497 3857 594 3914 sed
627 3865 852 3929 propter
892 3855 1260 3927 integritatem
1283 3894 1300 3920 ,
1363 3851 1452 3907 vel
1505 3852 1749 3925 vigorem
1807 3866 1901 3922 ap-

305 3953 552 4025 positum
607 3959 716 4008 est.
775 3949 1084 4006 Notandum
1133 3947 1278 4018 quod
1314 3946 1458 4001 inter
1498 3952 1696 4001 uetera
1734 3945 1899 4001 etiam

307 4048 488 4104 omnis
527 4047 661 4104 ﬁdes
685 4088 701 4115 ,
740 4060 862 4117 quae
884 4051 1100 4101 montes
1136 4040 1456 4106 transierat,
1488 4039 1607 4096 sine
1631 4039 1900 4096 charitate

309 4156 418 4196 non
451 4139 646 4210 prosit.

382 4230 524 4286 Etsi
553 4229 868 4284 distribuere
909 4229 967 4283 in
993 4227 1133 4283 cibos
1166 4242 1456 4298 pauperum
1509 4241 1686 4280 omnes
1733 4223 1900 4295 [σθαι-ι

308 4330 446 4377 tates
480 4336 625 4375 meas
649 4359 664 4386 ,
703 4328 754 4374 et
779 4319 828 4374 si
877 4316 1147 4373 tradidero
1202 4331 1391 4386 corpus
1433 4331 1606 4369 meum
1631 4355 1646 4381 ,
1708 4315 1786 4368 ita
1840 4323 1899 4367 ut

309 4411 530 4467 ardeam
552 4451 568 4478 ,
607 4410 920 4465 charitatem
957 4418 1134 4464 autem
1178 4424 1282 4463 non
1315 4407 1581 4473 habuero,
1611 4405 1742 4461 nihil
1769 4406 1899 4460 mihi

307 4504 542 4576 prodest.
587 4503 913 4562 Distributio
943 4500 1263 4557 facultatum
1289 4541 1305 4568 ,
1343 4508 1399 4556 et
1435 4500 1765 4570 contemptio
1807 4497 1892 4555 fa-

1922 4546 1974 4608 Ι)

2007 542 2128 610 lios,
2151 557 2341 599 omnes
2358 559 2546 599 eorum
2567 546 2836 615 patienter
2859 555 3083 618 portant
3111 547 3358 618 injurias,
3389 553 3464 607 ita
3493 553 3588 623 qui

2007 633 2092 690 vel
2126 634 2433 704 proximum
2463 635 2548 691 vel
2593 635 2762 692 Deum
2789 637 2993 710 diligit,
3045 639 3244 697 nullius
3296 651 3589 713 superatur
3660 657 3664 660 '

2007 723 2242 796 injuriis.

2079 817 2320 874 Charitas
2343 836 2449 876 non
2474 823 2772 878 wmulatur.
2821 822 3120 883 Aimulatio
3165 836 3222 884 et
3276 827 3509 886 imitatio
3533 836 3592 886 et

2009 908 2301 966 invidentia
2325 911 2663 984 intelligitur.
2695 914 2932 970 Imitatio
2958 917 3050 972 ubi
3074 920 3148 974 ait
3177 937 3192 976 :
3234 919 3588 976 IEmulamini

2008 1003 2339 1060 charismata
2365 1006 2610 1062 meliora.
2642 1007 2743 1063 Hic
2769 1018 2948 1064 autem
2973 1025 3073 1080 pro
3095 1012 3389 1070 invidentia
3417 1015 3547 1070 dicit
3572 1033 3586 1068 :

2009 1093 2260 1151 Charitas
2283 1112 2390 1152 non
2418 1098 2720 1165 aemulatur,
2749 1099 2803 1154 id
2830 1109 2936 1167 est,
2979 1101 3110 1155 nulli
3161 1103 3386 1160 invidet.
3417 1105 3589 1161 Nemo

2009 1186 2155 1240 enim
2174 1186 2269 1253 illi,
2293 1204 2452 1258 quem
2476 1205 2604 1246 vere
2624 1191 2815 1262 diligit,
2841 1192 3056 1258 invidit,
3074 1193 3442 1266 cujuscunque
3463 1213 3588 1254 eum

2009 1279 2194 1351 gloria:
2217 1280 2401 1337 videat
2425 1283 2510 1338 vel
2535 1284 2757 1338 honoris
2780 1325 2795 1350 ,
2837 1286 2933 1340 sed
2960 1300 3176 1340 omnem
3217 1287 3334 1358 ejus
3360 1287 3588 1345 felicita-

2009 1380 2119 1428 tem
2141 1413 2156 1438 ,
2195 1373 2350 1443 quasi
2379 1389 2532 1429 suam
2569 1374 2801 1430 libenter
2830 1376 3196 1446 amplectitur.
3441 1373 3446 1378 ’

2081 1465 2205 1520 Non
2233 1466 2340 1536 agit
2367 1483 2660 1537 perperam.
2691 1466 2981 1538 Perperam
3010 1468 3265 1524 dicuntur
3287 1485 3394 1525 non
3416 1479 3587 1540 recta,

1988 1561 2104 1630 sed
2128 1576 2406 1631 perversa,
2429 1562 2573 1631 quod
2599 1561 2839 1617 charitas
2861 1578 2969 1618 non
2995 1563 3126 1634 agit,
3145 1564 3270 1633 quia
3289 1565 3470 1619 omnia
3496 1581 3588 1621 se-

2007 1654 2246 1708 cundum
2272 1652 2520 1708 ordinem
2549 1651 2700 1720 facit,
2729 1662 2785 1708 et
2813 1668 2973 1710 omne
2991 1654 3184 1710 vitium
3203 1653 3350 1711 foras
3371 1656 3589 1726 penitus

2007 1743 2263 1798 excludit.

1929 1815 1977 1875 B
2077 1831 2203 1887 Non
2246 1833 2488 1905 inﬂatur.
2521 1833 2580 1889 ld
2600 1842 2684 1890 est
2713 1835 2768 1890 in
2802 1836 3134 1907 superbiam,
3159 1852 3280 1909 qua;
3305 1845 3483 1893 mater
3503 1846 3590 1895 est

2003 1925 2278 1993 vitiorum,
2312 1943 2421 1982 non
2445 1928 2724 1984 extollitur
2749 1969 2764 1996 ,
2795 1930 2922 1984 auia
2966 1929 3356 2000 plenitudinem
3407 1931 3590 1988 studet

2000 2018 2282 2088 possidere
2310 2019 2598 2074 virtutum.

2073 2109 2286 2184 (Vulg.)
2329 2110 2518 2167 Modus
2566 2112 2666 2167 iste
2714 2113 3006 2168 locutionis
3044 2114 3473 2168 considerandus
3502 2121 3590 2170 est

2002 2202 2308 2272 diligenter.
2338 2201 2456 2258 Non
2495 2203 2641 2260 enim
2666 2219 2765 2273 per
2792 2219 2850 2259 se
2898 2205 3018 2274 ipsa
3041 2204 3302 2268 charitas,
3354 2212 3449 2258 aut
3477 2218 3588 2260 non

2001 2296 2244 2351 aemulari
2265 2296 2485 2368 poterit,
2509 2305 2604 2350 aut
2631 2313 2738 2352 non
2766 2295 2980 2364 inﬂari,
3021 2299 3117 2354 sed
3159 2298 3339 2352 omnis
3383 2298 3586 2362 homo,

2004 2386 2096 2456 qui
2141 2385 2380 2454 ejusdem
2428 2385 2490 2440 ﬁt
2532 2387 2806 2456 particeps
2852 2387 3172 2453 charitatis,
3207 2403 3312 2442 non
3368 2386 3589 2441 inﬁatur

2004 2492 2178 2548 neque
2211 2477 2510 2541 aemulatur,
2554 2493 2772 2544 revera,
2815 2487 2876 2533 ut
2918 2479 3089 2548 ipsius
3123 2480 3408 2535 charitatis
3435 2480 3580 2536 dono

2005 2571 2226 2627 ditatus.
2260 2570 2338 2626 Eo
2387 2570 2547 2625 modo
2575 2571 2862 2625 locutionis
2920 2570 3047 2626 alibi
3078 2571 3249 2625 utitur
3291 2569 3588 2641 Apostolus

2002 2662 2189 2718 dicens
2219 2678 2232 2714 :
2274 2659 2443 2727 Eum,
2483 2661 2577 2731 qui
2603 2677 2711 2716 non
2753 2669 2983 2716 noverat
3002 2670 3286 2730 peccatum
3311 2703 3327 2728 ,
3354 2677 3456 2732 pro
3491 2679 3586 2719 no-

2001 2753 2086 2810 bis
2113 2760 2397 2823 peccatum
2427 2750 2586 2817 fecit,
2618 2759 2678 2806 ut
2728 2767 2828 2807 nos
2857 2750 3198 2808 eﬁiceremur
3239 2753 3452 2824 justitia
3491 2753 3592 2812 Dei

2001 2847 2057 2901 in
2087 2846 2224 2916 ipso,
2269 2846 2396 2902 dum
2421 2861 2526 2900 non
2548 2842 2764 2913 justitia
2791 2847 3076 2901 credentes
3104 2843 3437 2912 eﬁiciamur,
3493 2847 3593 2905 sed

1999 2939 2288 3010 participes
2311 2935 2568 3006 iustitiae,
2601 2936 2704 2994 hoc
2751 2944 2807 2992 et
2833 2977 2848 3004 ,
2880 2937 3007 2993 iusti
3036 2951 3133 3007 per
3153 2935 3314 2991 ﬁdem
3344 2937 3590 2994 invenia-

1999 3044 2124 3084 mur
2144 3029 2199 3083 in
2225 3026 2460 3084 Christo.
2489 3027 2783 3082 Peccatum
2803 3041 2939 3100 vero.
2962 3025 3115 3091 dicit,
3140 3024 3470 3080 sacriﬁcium
3486 3042 3588 3097 pro

2001 3130 2247 3193 peccato,
2275 3129 2333 3175 ut
2355 3121 2521 3176 Isaias
2544 3121 2622 3175 ait
2663 3139 2676 3175 :
2716 3118 2944 3174 Peccata
2964 3117 3145 3189 populi
3166 3119 3268 3172 mei
3290 3119 3588 3188 comedent,

2003 3213 2059 3270 id
2087 3223 2192 3279 est,
2217 3213 2397 3268 oblata
2427 3214 2481 3268 in
2511 3210 2844 3268 sacriﬁcium
2867 3225 2965 3282 pro
2985 3219 3228 3280 peccato.

2076 3307 2130 3362 Ν
2135 3323 2201 3362 οη
2225 3317 2299 3361 est
2319 3307 2620 3360 ambitiosa.
2637 3305 2972 3359 Ambitiosus
2991 3302 3192 3360 dicitur
3211 3309 3496 3378 superbus,
3518 3323 3588 3364 eo

2001 3399 2146 3469 quod
2170 3400 2406 3452 honores
2420 3397 2644 3462 ambiat,
2662 3396 2806 3466 quod
2818 3395 3058 3450 charitas
3074 3410 3181 3450 non
3198 3406 3301 3463 est,
3327 3399 3456 3467 quia
3470 3413 3588 3454 ma-

1995 3490 2085 3560 jor
2106 3490 2229 3545 aliis
2242 3504 2362 3544 esse
2383 3504 2489 3543 non
2515 3488 2706 3555 ambit,
2730 3501 2851 3559 quae
2869 3501 3140 3542 summum
3160 3488 3385 3559 gradum
3407 3489 3464 3544 in
3485 3489 3590 3544 hu-

2002 3582 2231 3638 militate
2251 3582 2551 3637 constituit.

2076 3673 2201 3729 Non
2229 3674 2560 3746 quwritquw
2597 3689 2694 3727 sua
2754 3681 2894 3726 sunt.
2943 3671 3004 3727 Id
3047 3680 3163 3739 est,
3216 3688 3326 3728 non
3382 3674 3588 3744 cogitat

2003 3774 2248 3831 tantum,
2287 3765 2430 3835 quod
2463 3764 2568 3820 sibi
2598 3763 2727 3819 utile
2757 3771 2873 3830 est,
2915 3763 3012 3820 sed
3035 3762 3180 3833 quod
3223 3763 3344 3820 aliis
3378 3763 3612 3835 utiliter,

2002 3857 2287 3914 serviendo
2310 3853 2601 3911 ministret.

2075 3947 2200 4003 Non
2213 3948 2478 4002 irritatur.
2489 3947 2549 4002 Id
2561 3955 2666 4014 est,
2682 3948 2876 4003 alienis
2890 3946 3106 4017 injuriis
3123 3957 3439 4020 provocata,
3455 3950 3585 4020 quia

2001 4042 2072 4097 ab
2101 4056 2167 4098 eo
2189 4055 2349 4111 quem
2371 4041 2545 4112 diligit
2567 4040 2853 4111 provocari
2896 4055 3005 4096 non
3029 4048 3230 4111 potest,
3263 4055 3366 4096 nec
3390 4041 3459 4097 ad
3486 4041 3585 4096 ali-

1890 4173 1896 4182 .
2000 4149 2167 4205 quam
2194 4131 2502 4204 passionem
2538 4131 2744 4186 moveri

2075 4223 2200 4278 Non
2221 4223 2412 4294 cogitat
2430 4222 2646 4276 malum.
2671 4220 2791 4276 Non
2810 4221 2984 4276 solum
3004 4236 3109 4275 non
3125 4221 3275 4288 facit,
3291 4219 3385 4276 sed
3408 4237 3476 4277 ne
3491 4233 3587 4278 co-

2001 4315 2140 4387 gitat
2159 4315 2398 4385 quidem.
2428 4313 2619 4384 Magna
2640 4314 2814 4368 virtus
2833 4321 2919 4368 est
2945 4312 3204 4381 charitas,
3233 4329 3353 4384 quae
3381 4315 3585 4370 malum

2001 4406 2168 4462 etiam
2195 4420 2228 4459 a
2247 4420 2409 4460 sensu
2437 4403 2787 4475 cogitationis
2819 4402 3081 4458 excludit.
3124 4423 3148 4445 ~-

2074 4496 2201 4552 Non
2229 4495 2423 4568 gaudet
2473 4513 2630 4567 super
2673 4495 3021 4567 iniquitatem.
3071 4494 3130 4550 Id
3157 4505 3260 4561 est,
3293 4500 3584 4556 contrista-

310 4597 578 4654 cultatum
602 4638 617 4664 ,
657 4603 713 4652 et
744 4602 1086 4665 contemptus
1119 4594 1471 4665 praesentium
1516 4591 1682 4647 etiam
1727 4605 1894 4662 penes
1922 4587 1971 4608 υ
1999 4598 2091 4646 tur
2114 4589 2161 4645 si
2188 4588 2425 4659 aliquem
2451 4587 2538 4644 vel
2570 4587 2767 4644 fecisse
2801 4587 3144 4658 iniquitatem
3175 4588 3262 4643 vel
3294 4591 3586 4660 pertulisse

309 4687 596 4760 gentilium
641 4686 997 4758 Philosophos
1025 4684 1330 4751 invenitur,
1375 4690 1432 4738 et
1455 4680 1696 4737 nonnulli
1727 4696 1894 4752 paga-

311 4797 508 4838 norum
557 4797 756 4852 corpus
806 4779 1022 4851 ignibus
1064 4785 1288 4850 propter
1337 4776 1632 4832 humanam
1667 4773 1893 4847 gloriam

313 4875 674 4931 tradiderunt.
719 4873 778 4931 Si
806 4886 936 4945 ergo
964 4871 1046 4926 ira
1089 4877 1281 4926 contra
1321 4869 1628 4940 proximum
1667 4867 1753 4923 vel
1780 4883 1895 4922 ma-

311 4965 432 5022 litia
460 4967 518 5022 in
546 4967 709 5023 corde
743 4974 1012 5031 teneatur,
1039 4963 1288 5036 martyrii
1318 4963 1490 5035 gloria
1525 4961 1665 5017 adiri
1690 4968 1893 5033 potest,

311 5059 682 5119 consummari
708 5076 816 5117 non
843 5067 1040 5132 potest.
1070 5057 1293 5114 Sicutin
1314 5055 1608 5128 Evangelia
1628 5054 1861 5126 legimus
1877 5071 1896 5108 :

313 5153 474 5210 Multi
532 5154 704 5209 dicent
752 5152 882 5208 mihi
933 5152 990 5205 in
1036 5149 1132 5205 illa
1183 5149 1302 5214 die,
1343 5146 1564 5201 Domine
1590 5187 1605 5212 ,
1651 5144 1895 5200 Domine.

315 5247 509 5304 Nonne
542 5248 600 5302 in
635 5248 842 5302 nomine
877 5254 968 5300 tuo
1009 5241 1464 5316 praphetavimus,
1505 5248 1554 5293 et
1584 5239 1642 5292 in
1670 5247 1760 5292 tuo
1804 5253 1900 5292 no-

310 5341 454 5395 mine
481 5342 698 5395 uirtutes
723 5338 918 5392 multas
949 5336 1196 5407 fecimus,
1249 5343 1296 5389 et
1349 5343 1473 5388 tunc
1520 5332 1694 5387 dicam
1739 5329 1847 5385 illis
1877 5347 1897 5385 :

314 5430 579 5486 Discedite
627 5448 661 5485 a
705 5446 808 5495 me,
868 5444 1044 5483 omnes
1099 5428 1189 5499 qui
1227 5425 1516 5497 operamini
1563 5423 1894 5494 iniquitatem

313 5521 534 5586 (Matth.
561 5522 684 5593 vn).
708 5521 803 5577 Isti
825 5535 955 5592 ergo
982 5519 1195 5574 labores
1219 5533 1365 5584 suos,
1391 5516 1474 5571 vel
1492 5515 1784 5572 dilectione
1802 5527 1899 5568 ne-

311 5614 489 5684 glecta
500 5656 516 5681 ,
533 5613 615 5670 vel
640 5614 880 5669 vanitate
899 5619 1176 5680 suscepta,
1190 5609 1277 5666 vel
1291 5609 1656 5664 subsequente
1671 5619 1897 5677 Operam

313 5707 629 5778 iniquitate,
662 5705 1032 5779 perdiderant.

385 5796 635 5856 Charitas
655 5799 856 5870 patiens
872 5805 968 5854 est.
987 5794 1142 5853 Modo
1161 5791 1477 5865 singillatim
1491 5789 1754 5848 describit
1776 5788 1896 5860 ipsa

1999 4681 2360 4752 conspexerit.

2071 4770 2378 4844 Congaudet
2399 4781 2576 4827 autem
2599 4772 2828 4827 ueritati.
2849 4770 2908 4827 Id
2920 4779 3024 4840 est,
3049 4773 3136 4830 vel
3151 4775 3218 4830 de
3229 4774 3390 4831 bonis
3406 4773 3583 4845 operi-

1997 4866 2120 4930 bus,
2143 4864 2229 4919 vel
2250 4864 2316 4919 de
2341 4864 2444 4919 ﬁde
2457 4871 2513 4919 et
2532 4865 2762 4920 veritate
2778 4867 3084 4936 congaudet
3102 4865 3256 4938 cujus
3276 4865 3480 4924 bonum
3500 4868 3583 4923 vi-

1999 4956 2092 5013 det
2120 4972 2152 5011 a
2173 4956 2425 5026 proximo
2445 4956 2735 5026 possideri.

2076 5049 2268 5105 Omnia
2297 5051 2504 5120 su/fert,
2534 5058 2641 5106 etc.
2675 5049 2873 5107 Levem
2898 5052 3042 5107 enim
3067 5053 3216 5109 ducit
3235 5053 3471 5124 proximi
3495 5053 3582 5108 sui

2001 5143 2215 5213 culpam
2241 5143 2370 5198 dum
2399 5152 2493 5198 aut
2513 5144 2948 5200 emendationem
2987 5144 3106 5214 ejus
3139 5155 3420 5218 eXSpectat
3487 5153 3584 5200 aut

2000 5235 2307 5290 mercedem
2329 5235 2430 5290 sibi
2459 5235 2526 5290 de
2547 5235 2960 5306 longanimitate
2990 5238 3276 5308 promittit.

2071 5323 2318 5380 Charitas
2359 5343 2628 5397 nunquam
2657 5326 2881 5381 excidit.
2930 5325 3047 5383 Non
3085 5328 3286 5384 excidit
3323 5325 3476 5392 dicit,
3527 5325 3583 5383 id

2000 5425 2105 5485 est,
2131 5415 2315 5487 elapsa
2349 5433 2457 5472 non
2484 5425 2568 5472 est
2585 5459 2599 5484 ,
2630 5418 2715 5472 vel
2743 5433 2852 5473 non
2877 5418 3130 5481 excessit,
3154 5417 3271 5486 ipsa
3295 5415 3442 5471 enim
3463 5417 3583 5472 sola

1999 5519 2286 5582 permanet
2323 5511 2379 5564 in
2408 5508 2671 5576 futurum,
2713 5509 2799 5565 vel
2832 5519 3000 5576 certe,
3030 5507 3158 5577 quia
3182 5520 3312 5561 vera
3337 5515 3442 5575 est,
3471 5523 3584 5565 non

1999 5601 2300 5658 mutabitur
2327 5601 2411 5657 vel
2437 5602 2643 5657 ﬁnitur.

2071 5693 2187 5750 Sive
2229 5695 2514 5765 prophetia:
2551 5693 2966 5756 evacuabuntur,
3000 5696 3056 5746 et
3088 5687 3188 5743 rel.
3231 5689 3339 5745 Ista
3362 5705 3484 5760 quae
3509 5687 3579 5744 ad

1999 5787 2249 5843 homines
2292 5786 2564 5858 pertinent
2608 5783 3162 5850 consummabuntur,
3203 5781 3292 5837 illa
3345 5778 3585 5868 quaead
