4110 6452
521 342 621 401 H9

1805 347 2158 407 SMARAGDI
2195 350 2484 408 ABBATIS

3674 367 3780 430 120

491 433 543 514 ἐ
565 458 623 516 In
651 458 737 516 die
763 458 952 516 salutis
975 457 1151 531 adjuvi
1172 465 1244 514 te.
1271 460 1412 516 Ecce
1459 476 1604 517 nunc
1650 471 1859 534 tempus
1906 480 2095 536 accep-
2121 471 2174 531 Α
2197 466 2410 532 neficia,
2441 469 2516 523 ita
2554 485 2654 526 nos
2677 486 2783 528 non
2819 473 3100 530 vincamur
3128 473 3326 543 'malis,
3367 479 3461 536 sed
3497 481 3782 546 vincamus

516 567 539 603 ι
565 550 750 617 tabile,
779 565 910 608 ecce
935 566 1077 606 nunc
1103 551 1218 605 dies
1243 552 1454 608 salutis.
1482 553 1694 609 Nemini
1721 555 1912 612 dantes
1929 557 2093 613 ullam

518 659 539 695 ι
563 641 933 707 offensionem,
961 652 1021 697 ut
1065 658 1172 697 non
1213 643 1552 714 vituperetur
1597 646 1956 701 ministerium
1993 663 2092 703 no-

516 751 536 786 ι
561 745 755 791 strum.
773 734 878 791 Sed
907 736 962 790 in
988 736 1240 792 omnibus
1256 739 1610 795 exhibeamus
1638 741 1999 812 nosmetipsos
2025 743 2073 797 si

515 843 534 877 ι
560 833 654 883 cut.
671 825 769 880 Dei
802 825 1100 882 ministros.
1132 827 1191 882 In
1218 829 1386 884 multa
1425 831 1709 900 patientia,
1766 834 1820 886 in
1869 833 2093 887 tribula«

512 936 531 969 ι
559 918 817 983 tionibus,
845 917 899 972 in
928 920 1360 985 necessitatibus,
1386 923 1442 977 in
1468 923 1756 994 angustiis,
1796 923 1850 978 in
1895 924 2084 993 plagis,

510 1028 529 1060 ι
555 1010 610 1064 in
636 1011 964 1077 carceribus,
989 1012 1042 1065 in
1074 1012 1446 1079 seditionibus,
1470 1015 1525 1068 in
1550 1015 1844 1082 laboribus,
1878 1015 1931 1069 in
1955 1015 2090 1086 vigi-

511 1120 527 1155 ι
554 1102 659 1168 liis,
687 1103 741 1158 in
756 1102 1000 1175 jejuniis,
1032 1105 1086 1159 in
1112 1106 1391 1162 castitate.
1423 1107 1474 1161 in
1506 1107 1754 1172 scientia,
1800 1107 1855 1160 in
1901 1106 2088 1175 longa.

509 1212 527 1245 ι
554 1194 820 1258 nimitate,
849 1195 905 1250 in
933 1197 1221 1262 suavitate,
1246 1200 1300 1251 in
1330 1197 1533 1267 Spiritu
1563 1205 1774 1262 sancto,
1817 1200 1873 1253 in
1915 1199 2088 1254 chari-

507 1301 525 1336 ι
553 1293 663 1340 tate
684 1301 791 1342 non
817 1285 1032 1352 ﬁcta,in
1056 1287 1222 1343 verbo
1250 1289 1583 1354 ventatis,in
1601 1290 1804 1344 virtute
1838 1289 1954 1344 Dei.
1982 1289 2086 1346 Per

504 1393 523 1425 ι
552 1391 702 1430 arma
726 1377 954 1447 justitize
979 1395 1010 1434 a
1032 1379 1240 1435 dextris
1275 1388 1329 1434 et
1355 1397 1385 1434 a
1407 1382 1660 1437 sinistris.
1710 1381 1813 1438 Per
1857 1382 2084 1453 gloriam

502 1485 523 1517 ‹
550 1477 604 1523 et
630 1468 1039 1540 ignobilitatem.
1073 1472 1176 1527 Per
1204 1473 1480 1530 infamiam
1511 1484 1565 1531 et
1613 1477 1808 1532 bonam
1858 1477 2080 1545 famam,

503 1576 521 1607 ι
553 1565 611 1612 ιιι
639 1559 950 1617 seductores
970 1571 1025 1618 et
1045 1578 1285 1621 veraces.
1346 1565 1498 1621 Sicut
1522 1569 1614 1637 qui
1639 1569 1803 1639 ignoti
1826 1577 1882 1623 et
1903 1571 2086 1640 cogni-

503 1667 522 1701 ι
554 1649 612 1714 ti,
641 1651 792 1721 quasi
825 1653 1143 1721 morientes,
1169 1667 1225 1712 et
1263 1673 1392 1712 ecce
1426 1660 1678 1714 vivimus.
1734 1661 1802 1716 Ut
1829 1662 2082 1732 castigati

501 1757 520 1790 ι
547 1748 603 1796 et
636 1757 742 1796 non
782 1742 1110 1800 mortilieati.
1167 1746 1332 1813 Quasi
1380 1749 1586 1815 tristes,
1639 1765 1852 1820 semper
1899 1760 2080 1808 autem

2181 559 2252 614 in
2275 560 2419 616 bono
2445 563 2634 619 malos.

2263 651 2330 705 In
2362 653 2528 708 multa
2551 656 2823 725 patientia.
2850 657 2961 730 (Ex
2981 658 3228 733 Hieron.)
3248 660 3366 718 Non
3387 663 3443 719 in
3477 681 3647 738 parva
3677 687 3780 730 nec

2191 741 2248 796 in
2270 744 2496 810 modica,
2530 748 2622 800 sed
2653 747 2707 801 in
2736 749 2922 804 multa.

2261 831 2329 886 In
2357 835 2797 893 tribulationibus.
2830 838 3016 896 Omnis
3058 843 3206 899 laesio
3242 847 3520 907 tribulatio
3555 852 3776 912 dicitur.

2259 923 2326 978 In
2358 930 2771 984 necessitatibus.
2803 932 2860 985 ω
2890 941 2996 998 est,
3029 950 3188 991 omne
3229 941 3374 1008 quod
3420 957 3645 1002 necesse
3691 957 3781 1004 est

2188 1016 2266 1072 sic
2292 1016 2546 1086 feramus,
2572 1031 2631 1075 ut
2666 1038 2886 1080 necesse
2911 1036 3015 1082 est.

2254 1107 2324 1161 In
2354 1112 2627 1180 angustiis.
2657 1095 2918 1185 Angustia
2971 1128 3055 1173 est
3083 1122 3260 1176 omnis
3285 1127 3527 1195 egentia.

2256 1197 2324 1251 In
2351 1200 2540 1270 plagis,
2570 1204 2625 1256 in
2655 1208 2970 1262 carceribus.
3002 1209 3112 1265 Hoc
3157 1229 3258 1268 nos
3286 1216 3539 1273 hortatur
3558 1221 3689 1292 pati,
3729 1222 3778 1279 si

2185 1304 2407 1346 necesse
2434 1291 2596 1348 fuerit
2622 1312 2718 1365 pro
2741 1296 2976 1366 Christo,
3007 1304 3150 1370 quod
3186 1313 3241 1360 et
3296 1307 3384 1362 ille
3433 1291 3624 1379 passus
3671 1323 3775 1382 est,

2185 1382 2400 1448 quando
2422 1386 2696 1440 concurrit
2711 1387 2884 1456 plebs,
2899 1397 2952 1444 et
2974 1394 3315 1462 magistratus
3337 1400 3597 1458 adversus
3625 1419 3775 1474 eum,

2185 1478 2239 1525 et
2273 1473 2457 1530 multis
2478 1477 2752 1546 virgarum
2788 1480 2959 1551 plagis
2985 1483 3250 1555 impositis
3273 1489 3537 1547 miserunt
3565 1495 3622 1549 in
3657 1473 3778 1552 car-

2183 1577 2362 1619 cerem
2371 1605 2384 1618 .
3719 1651 3728 1659 ι

2253 1653 2323 1710 In
2347 1657 2706 1726 seditionibus,
2740 1665 2795 1716 in
2817 1663 3102 1732 laboribus,
3141 1669 3196 1721 in
3237 1669 3447 1740 vigiliis.
3481 1671 3600 1730 Non
3650 1653 3775 1735 mo-

2185 1747 2327 1814 dica,
2354 1749 2458 1805 hoc
2486 1750 2605 1808 loco
2627 1755 2900 1825 patientize
2928 1760 3171 1814 membra
3194 1762 3468 1828 describit,
3493 1767 3547 1821 in
3569 1772 3776 1826 exerci-

498 1847 518 1881 ι
549 1831 869 1902 gaudentes,
915 1836 1058 1892 sicut
1089 1847 1331 1908 egentes,
1373 1840 1573 1896 multos
1618 1851 1798 1896 autem
1843 1843 2083 1914 locuple-
2109 1826 2157 1885 Β
2185 1839 2276 1894 tiis
2301 1841 2448 1896 enim
2473 1843 2718 1900 laborum
2745 1864 2852 1903 non
2882 1851 3060 1906 minus
3103 1853 3302 1909 mentis
3344 1854 3539 1926 vigiliae
3576 1859 3775 1916 debent

497 1939 516 1972 ι
549 1931 739 1980 tantes.
757 1925 1039 1999 Tanquam
1059 1917 1194 1985 nihil
1213 1932 1496 2001 habentes,
1519 1942 1574 1990 et
1591 1937 1774 1990 omnia
1804 1938 2085 2006 possiden-

495 2035 512 2067 ι
545 2026 644 2074 tes.
679 2039 699 2072 ι

561 2108 855 2166 Hortamur
881 2129 968 2169 vos
994 2131 1059 2170 ne
1082 2116 1140 2169 in
1161 2132 1386 2172 vacuum
1409 2120 1634 2189 gratiam
1664 2118 1763 2174 Dei
1790 2121 2076 2191 recipiatis.

489 2201 508 2271 (
525 2201 601 2256 Ex
617 2202 847 2259 Primas.
866 2213 883 2276 )
905 2205 966 2260 In
988 2221 1216 2262 vacuum
1245 2208 1341 2263 Dei
1370 2209 1599 2278 gratiam
1628 2211 1841 2280 recipit,
1864 2212 1956 2281 qui
1987 2228 2080 2269 vo-

485 2301 638 2348 catus
665 2293 717 2348 in
743 2293 983 2364 Christo,
1010 2306 1199 2354 vetera
1226 2298 1404 2356 adhuc
1427 2301 1560 2371 legis
1610 2301 1859 2358 instituta
1904 2312 2079 2359 secta-

486 2392 596 2441 tur.

558 2481 646 2536 Ait
671 2485 832 2551 enim,
860 2493 1087 2558 tempore
1114 2498 1322 2560 accepto
1363 2489 1608 2545 exaudivi
1630 2499 1700 2557 te,
1727 2500 1776 2546 et
1800 2494 1859 2547 in
1883 2492 1967 2547 die
1989 2511 2077 2548 sa-

485 2573 610 2629 lutis
639 2576 822 2646 adjuvi
849 2586 918 2632 te.
943 2578 1178 2649 Tempus
1201 2589 1502 2650 acceptum,
1532 2588 1589 2636 et
1613 2581 1730 2637 dies
1771 2582 1963 2638 salutis
2017 2583 2075 2638 in

482 2666 585 2722 hac
610 2667 722 2722 vita
746 2676 850 2734 est,
875 2669 1012 2726 sicut
1032 2671 1106 2724 ait
1129 2669 1376 2727 Salvator
1401 2691 1413 2726 :
1443 2672 1719 2728 Ambulate
1753 2674 1880 2729 dum
1906 2674 2074 2729 lucem

481 2755 698 2821 habetis,
727 2775 789 2814 ne
814 2759 1035 2816 tenebris
1070 2777 1156 2816 vos
1201 2762 1655 2834 comprehendant,
1702 2765 1827 2834 quia
1876 2765 1929 2819 in
1979 2764 2073 2821 illo

479 2847 676 2902 szeculo
698 2847 847 2903 nulla
875 2850 1178 2906 emendatio
1212 2867 1334 2908 esse
1383 2862 1580 2923 potest,
1626 2855 1764 2910 sicut
1804 2855 2068 2926 legimus:

481 2939 744 3005 Quoniam
774 2958 877 2996 non
899 2952 975 2997 est
996 2944 1050 2996 in
1075 2954 1240 2999 morte
1257 2945 1558 3015 quimemor
1574 2948 1730 3000 sittui
1761 2945 1942 3019 (Psal.
1957 2964 2009 3004 vr
2024 2948 2067 3019 ).

557 3029 576 3101 (
591 3029 676 3085 Ea:
695 3029 953 3107 Hieron.)
984 3033 1140 3090 Modo
1167 3034 1341 3089 solum
1383 3051 1670 3106 possumus
1707 3039 1948 3094 invenire
1981 3054 2072 3094 sa-

477 3122 666 3188 lutem,
690 3124 816 3193 quia
836 3124 990 3194 juxta
1017 3125 1301 3197 Prophetae
1323 3129 1691 3185 testimonium
1718 3149 1729 3184 :
1756 3131 1811 3186 in
1855 3131 2064 3190 inferne

476 3226 630 3267 ncmc
665 3213 1027 3271 contitehitur.

545 3301 682 3357 Ecce
708 3321 845 3359 nunc
865 3313 1062 3378 tempus
1091 3311 1422 3381 acceptabile,
1439 3329 1552 3367 ecce
1569 3331 1704 3369 nunc
1717 3315 1828 3370 dies
1844 3317 2034 3372 salutis
2047 3357 2059 3372 .

474 3393 584 3468 (Ex
615 3394 884 3470 Primas.)
913 3396 1066 3453 Sicut
1106 3401 1424 3474 alibizErgo
1469 3406 1594 3459 dum
1637 3414 1850 3478 tempus
1899 3409 2065 3464 habe-

470 3499 592 3540 mus
616 3499 906 3556 operemur
924 3489 1069 3558 quod
1090 3490 1291 3546 bonum
1316 3501 1419 3547 est.
1462 3492 1589 3549 Dies
1636 3505 1816 3551 autem
1866 3497 2065 3553 dicitur

470 3582 589 3637 haec
609 3581 742 3648 vita,
777 3582 902 3653 quia
929 3591 1054 3653 apta
1075 3593 1160 3640 est
1180 3587 1246 3641 ad
1272 3576 1625 3656 operandum,
1641 3599 1696 3645 et
1723 3591 2064 3647 concluditur

469 3668 525 3725 in
546 3680 704 3727 nocte
717 3672 932 3744 judicii,
959 3691 1081 3746 qua:
1098 3684 1181 3732 est
1203 3681 1436 3735 tenebrae
1457 3681 1510 3735 in
1536 3697 1642 3751 qua
1668 3697 1827 3738 nemo
1859 3684 2062 3753 poterit

467 3765 703 3834 operari.
759 3765 886 3823 Hac
915 3769 1023 3824 vita
1053 3776 1109 3826 et
1132 3779 1292 3828 aestas
1321 3773 1539 3841 dicitur,
1567 3775 1623 3829 in
1651 3774 1805 3843 cujus
1844 3791 2062 3846 compa-

467 3857 700 3923 ratione,
735 3859 976 3918 formicae
1017 3864 1085 3919 ad
1131 3880 1376 3935 praesens
1406 3868 1656 3924 laborare
1691 3870 1962 3938 dicuntur,
2004 3879 2060 3928 et

468 3948 702 4005 hiemem
727 3967 947 4023 sperare
967 3964 1274 4013 venturam.

538 4040 752 4098 Nemini
796 4046 981 4104 dantes
1037 4049 1202 4105 ullam
1255 4053 1614 4122 o/fensionem.
1669 4054 1782 4126 (Ex
1806 4055 2056 4128 Hieron.)

464 4131 635 4190 Nemo
675 4145 861 4195 nostro
897 4139 1204 4197 offendatur
1239 4143 1503 4214 exemplo,
1532 4160 1603 4199 ne
1633 4161 1742 4202 non
1799 4155 1913 4202 tam
1959 4162 2058 4203 no-

464 4232 639 4282 strum
664 4228 856 4284 vitium
881 4241 1102 4301 putetur
1133 4248 1252 4289 esse
1283 4250 1447 4305 quam
1475 4235 1630 4307 legis.

537 4335 659 4408 (Ea:
685 4337 950 4410 Primus.)
977 4341 1033 4396 Id
1063 4350 1166 4408 est,
1198 4358 1267 4398 ne
1295 4345 1437 4402 forte
1489 4347 1735 4405 infideles
1781 4366 1880 4421 per
1930 4369 2056 4408 nos-

470 4434 608 4482 tram
632 4429 1015 4500 negligentiam
1037 4433 1397 4502 destruamus,
1423 4448 1478 4491 et
1503 4440 1558 4492 in
1585 4455 1692 4509 quo
1717 4442 2056 4512 displicueri-

2183 1946 2326 1999 csse,
2357 1950 2517 2004 quam
2542 1941 2806 2009 corporis.

2254 2023 2321 2078 In
2342 2025 2583 2096 jejuniis.
2613 2029 2721 2102 (Ex
2750 2029 3037 2106 Ambros.)
3065 2033 3384 2094 Necessaria
3432 2040 3626 2098 animae
3672 2060 3775 2099 no-

2184 2125 2311 2171 strae
2332 2125 2458 2172 sunt
2478 2119 2704 2190 jcjunia,
2731 2124 2870 2179 sicut
2903 2127 3213 2186 vulneribus
3255 2132 3541 2189 medicina.
3594 2135 3772 2192 Mede-

2182 2206 2290 2262 lam
2315 2209 2460 2263 enim
2485 2211 2771 2269 conferunt
2797 2217 2921 2274 vitm
2966 2230 3259 2291 perpetuae,
3309 2225 3384 2280 ita
3444 2235 3642 2294 tamen,
3711 2237 3773 2285 ut

2183 2296 2408 2352 duarum
2445 2316 2629 2355 rerum
2677 2305 2988 2364 testimonio
3045 2313 3509 2384 oommendcntur,
3553 2317 3609 2371 id
3657 2325 3767 2384 est,

2177 2393 2426 2448 oratione
2451 2403 2506 2449 et
2535 2397 2925 2456 misericordia.

2248 2484 2319 2540 In
2340 2490 2595 2553 castitate,
2612 2494 2668 2546 in
2685 2493 2924 2550 scientia.
2941 2497 2962 2569 (
2973 2497 3051 2552 Ex
3076 2498 3294 2557 Hieron.
3312 2502 3330 2575 )
3347 2490 3496 2560 Sicut
3515 2522 3657 2562 enim
3682 2523 3752 2565 ne

2177 2579 2417 2633 cessaria
2475 2582 2631 2638 nobis
2680 2592 2764 2638 est
2793 2587 3016 2642 castitas
3050 2592 3313 2660 corporis,
3347 2594 3421 2649 ita
3460 2603 3513 2649 et
3544 2600 3745 2656 mentis

2173 2668 2266 2725 Illa
2296 2673 2442 2726 enim
2471 2683 2556 2730 est
2580 2689 2708 2730 vera
2738 2680 2981 2745 castitas,
3009 2699 3129 2753 qua:
3159 2699 3258 2740 nec
3283 2696 3463 2744 mente
3481 2691 3763 2759 polluitur,

2173 2779 2276 2842 pec
2305 2780 2490 2835 opere,
2519 2783 2640 2836 quae
2661 2771 2828 2825 etiam
2862 2775 3016 2829 nobis
3070 2777 3350 2834 scientiam
3397 2791 3619 2851 prmstat
3662 2799 3763 2854 pro

2174 2855 2368 2910 merito
2392 2858 2665 2926 puritatis.
2699 2861 2766 2916 Et
2795 2866 3087 2920 notandum
3119 2869 3261 2937 quod
3293 2871 3522 2927 scientia
3555 2876 3763 2943 species

2172 2945 2392 3003 virtutis
2419 2950 2508 3014 sit,
2536 2951 2580 3005 si
2603 2967 2669 3006 ex
2691 2968 2754 3009 ea
2791 2956 3018 3026 quisque
3052 2961 3348 3028 erudiatur,
3386 2979 3492 3018 non
3521 2965 3759 3023 infletur.

2243 3037 2312 3092 In
2338 3037 2752 3110 longanimitate.
2781 3045 2838 3100 Id
2863 3055 2967 3113 est,
3004 3048 3057 3102 in
3091 3052 3412 3107 sustinentia
3445 3054 3622 3125 longa,
3653 3056 3764 3112 lon-

2172 3127 2459 3196 ganimitas
2479 3140 2660 3187 autem
2679 3134 2896 3204 dicitur,
2917 3138 2976 3192 in
2996 3141 3326 3198 sustinendis
3339 3145 3761 3206 adversitatibus

2171 3219 2338 3272 animi
2363 3218 2640 3278 fortitudo.

2152 3305 2168 3314 “
2238 3310 2306 3364 In
2332 3315 2608 3369 suavitate.
2640 3314 2892 3374 Suavitas
2915 3330 3095 3377 autem
3118 3331 3222 3390 est,
3251 3325 3296 3380 si
3325 3325 3455 3380 nulli
3479 3343 3546 3382 ex
3571 3331 3753 3387 verbis

2166 3406 2365 3459 nostris
2397 3409 2808 3466 amaritudinem
2847 3429 3186 3484 generemus,
3237 3425 3294 3472 et
3337 3418 3468 3474 illud
3514 3419 3758 3490 ejusdem

2163 3496 2405 3566 Apostoli
2437 3502 2800 3571 compleamus
2830 3523 2842 3558 :
2869 3504 3052 3562 Omnis
3090 3509 3413 3577 amaritudo,
3454 3524 3504 3567 et
3533 3514 3754 3583 (lamor,

2162 3598 2212 3644 et
2236 3590 2556 3673 blasphemia
2601 3596 2820 3650 tollatur
2846 3616 2879 3652 a
2908 3600 3046 3654 vobis
3089 3617 3208 3656 cum
3249 3605 3392 3658 omni
3435 3607 3678 3673 malitia;
3700 3617 3758 3664 et

2163 3681 2407 3737 dicamus
2437 3672 2566 3740 illud
2613 3685 2904 3756 Sapientite
2952 3691 3321 3749 testimonium
3350 3713 3361 3749 :
3387 3694 3594 3753 Fauces
3637 3699 3757 3770 ejus

2163 3772 2488 3836 dulcedines,
2517 3785 2572 3830 et
2599 3778 2765 3834 totius
2787 3780 3064 3837 desiderii.

2233 3863 2301 3918 In
2335 3864 2540 3936 Spiritu
2569 3879 2769 3924 sancto.
2802 3870 2860 3927 Id
2888 3881 3070 3939 estut,
3099 3875 3216 3933 haec
3256 3876 3536 3943 habentes,
3563 3881 3754 3952 dignos

2096 3968 2103 3973 '
2161 3971 2261 4013 nos
2285 3959 2619 4016 habitatione
2639 3961 2754 4030 ejus
2775 3966 2954 4021 cordis
2988 3967 3300 4024 sinceritate
3328 3968 3614 4029 faciamus.

2232 4047 2298 4102 In
2325 4050 2580 4105 charitate
2607 4069 2711 4106 non
2739 4049 2882 4122 ﬁcta.
2916 4055 3066 4113 Tunc
3093 4075 3202 4114 non
3229 4060 3355 4116 licia
3379 4072 3462 4118 est
3489 4065 3748 4131 charitas,

2160 4139 2205 4195 si
2233 4141 2417 4194 omnia
2441 4158 2560 4211 quae
2581 4145 2737 4200 nobis
2752 4144 2866 4200 fieri
2892 4147 3159 4217 volumus,
3174 4150 3294 4206 aliis
3318 4149 3598 4209 faciamus.
3624 4153 3716 4210 Sic
3732 4185 3750 4199 ο

2158 4241 2220 4285 ιιι
2249 4232 2325 4300 ait
2352 4234 2625 4303 apostolus
2649 4235 2924 4295 Joannes:
2969 4239 3094 4295 Non
3133 4242 3414 4313 diligamus
3457 4245 3625 4309 verba,
3655 4264 3749 4301 nec

2159 4321 2364 4393 lingua,
2393 4326 2484 4380 sed
2513 4344 2664 4399 opere
2689 4338 2737 4383 et
2764 4332 2998 4383 veritate.
3033 4330 3089 4383 In
3117 4332 3220 4385 hoc
3245 4347 3458 4401 quoque
3484 4351 3591 4390 non
3620 4337 3748 4393 ﬁcta

2160 4421 2243 4467 est
2269 4414 2528 4482 Charitas,
2561 4419 2607 4473 si
2634 4419 2829 4475 delicta
2859 4428 2915 4474 et
2947 4421 3136 4490 culpas
3173 4421 3406 4495 benigno
3447 4425 3644 4485 affectu
3687 4431 3745 4486 in

468 4533 606 4582 mus,
634 4517 913 4589 religionis
931 4523 1102 4593 magis
1125 4539 1189 4578 ac
1211 4523 1343 4594 legis
1371 4535 1570 4584 nostra:
1595 4531 1785 4585 vitium
1814 4548 1937 4588 esse
1974 4535 2054 4589 di-
2077 4550 2132 4608 Ι)
2159 4500 2419 4608 “Em”?
2446 4515 2792 4608 cf‘s‘fgiml‘s-

465 4604 724 4674 indicent,
749 4617 803 4665 et
831 4610 887 4666 hi
912 4612 1005 4682 qui
1033 4613 1212 4668 aemuli
1242 4625 1366 4671 sunt
1386 4632 1485 4688 per
1519 4620 1753 4676 hominis
1773 4621 2049 4692 delictum,

474 4700 672 4770 "egulse
697 4711 915 4795 nostrae,
942 4715 1189 4764 sanctum
1215 4710 1521 4781 vituperent
1545 4714 1868 4770 institutum.

538 4809 608 4866 Ut
635 4830 740 4869 non
766 4817 1084 4888 vituperetur
1105 4823 1452 4880 ministerium
1484 4838 1738 4884 nostrum.
1753 4829 1810 4886 Id
1825 4839 1928 4900 est,
1943 4850 2051 4891 non

467 4902 750 4974 displiceat
783 4907 838 4963 in
867 4908 1178 4979 aliquantis,
1203 4923 1258 4970 et
1281 4931 1577 4985 paucorum
1618 4920 1832 4992 culpam
1884 4925 2048 4980 etiam

464 4993 591 5050 boni
616 4995 894 5053 incurrere
914 5001 1200 5059 videantur
1225 5004 1503 5064 offensam.

538 5082 646 5141 Sed
669 5087 726 5141 in
753 5089 989 5146 omnibus
1017 5093 1346 5152 exbibeamus
1369 5101 1727 5172 nosmetipsos.
1744 5102 1845 5170 Qui
1861 5103 1930 5160 ad
1942 5106 2049 5163 vir-

463 5185 636 5239 tutem
660 5190 920 5250 provocat
941 5186 1234 5256 appetitum
1261 5190 1495 5259 virtutis,
1525 5194 1639 5265 ipse
1661 5197 1817 5252 nobis
1839 5200 2049 5256 miseri-

463 5267 704 5325 corditer
731 5272 1025 5340 ministrat,
1056 5293 1217 5346 quam
1245 5281 1289 5334 si
1317 5287 1751 5353 concupiscimus
1797 5290 1866 5345 ab
1907 5291 2042 5361 ipso,

463 5359 557 5430 qui
580 5376 697 5416 eam
724 5365 892 5422 excoli
919 5369 1159 5438 praecipit
1183 5371 1517 5441 adjuvamur.

539 5469 688 5525 Sicut
737 5474 836 5529 Dei
866 5479 1148 5536 ministros.
1182 5482 1276 5538 Dei
1311 5486 1543 5543 ministri
1589 5492 1699 5548 Deo
1745 5495 1944 5552 debent
1991 5498 2045 5553 in

464 5563 718 5617 omnibus
751 5567 1078 5639 ministrare,
1109 5582 1164 5628 et
1184 5591 1345 5645 opere
1368 5583 1618 5648 cognosci
1644 5586 1755 5638 veri
1786 5585 1881 5639 Dei
1927 5603 2046 5643 esse

467 5655 726 5722 cultores,
754 5667 808 5713 et
835 5661 977 5717 sicut
1004 5665 1092 5720 ille
1117 5682 1147 5720 a
1176 5668 1332 5724 malis
1364 5671 1567 5739 patitur
1595 5674 1974 5746 hlasphemari,
1993 5689 2048 5737 et

467 5747 522 5802 in
544 5749 797 5826 presenti
825 5760 956 5824 Vita,
990 5756 1156 5818 etiam
1177 5759 1406 5836 ingratis
1429 5776 1530 5824 sua
1552 5779 1662 5828 non
1688 5767 1916 5845 denegat
1951 5772 2045 5834 be—

2229 4592 2338 4663 (Ex
2376 4596 2582 4667 Ambr.)
2626 4598 2818 4653 Totam
2856 4603 3280 4672 magnitudinem
3321 4613 3375 4661 et
3400 4606 3740 4666 altitudinem

2156 4685 2460 4741 divinorum
2491 4689 2827 4758 eloquiorum
2867 4709 3057 4749 secura
3079 4698 3316 4765 possidet
3344 4701 3602 4767 Charitas,
3631 4718 3737 4773 qua

2153 4778 2322 4832 Deum
2348 4781 2759 4852 proximumque
2784 4785 3076 4854 diligimus,
3102 4789 3216 4845 haec
3237 4792 3291 4846 in
3319 4793 3737 4850 adversitatibus

2151 4870 2367 4936 tolerat,
2399 4873 2452 4926 in
2481 4875 2936 4944 prosperitatibus
2958 4888 3246 4950 temperat,
3276 4884 3329 4937 in
3357 4885 3508 4939 duris
3535 4886 3738 4955 passio-

2153 4963 2312 5018 nibus
2342 4964 2518 5032 fortis,
2560 4967 2615 5021 in
2645 4968 2800 5023 bonis
2828 4970 3081 5038 operibus
3109 4973 3316 5039 hilaris,
3348 4975 3401 5028 in
3433 4977 3734 5031 tentatione

2151 5054 2448 5122 tutissima,
2485 5058 2627 5112 inter
2656 5074 2815 5115 veros
2841 5059 3040 5117 fratres
3071 5063 3359 5122 latissima.
3392 5066 3533 5121 inter
3566 5066 3732 5124 falsos

2149 5145 2568 5213 patientissima.

2225 5235 2288 5290 In
2319 5238 2468 5291 verbo
2496 5239 2744 5293 veritatis.
2775 5239 3011 5296 Verbum
3041 5251 3096 5297 et
3120 5244 3322 5301 veritas
3349 5245 3596 5303 Christus
3623 5259 3726 5315 est,

2147 5341 2310 5395 quem
2331 5335 2453 5396 apte
2482 5335 2536 5382 et
2559 5339 2925 5397 competenter
2949 5347 3015 5385 ex
3040 5333 3176 5404 lege,
3210 5335 3263 5389 in
3285 5338 3437 5394 cuius
3459 5341 3728 5411 mysteriis

2150 5417 2498 5473 absconditus
2522 5428 2625 5483 est,
2650 5420 2892 5489 proferre
2923 5425 3196 5481 debemus.

2221 5507 2289 5561 In
2322 5509 2508 5562 virtute
2534 5509 2652 5563 Dei.
2685 5511 2742 5564 Id
2773 5521 2878 5577 est,
2909 5513 2963 5568 in
2996 5520 3192 5571 virtute
3215 5517 3436 5584 Christi,
3457 5513 3727 5578 adversus

2149 5596 2423 5650 diabolum
2453 5597 2790 5668 dimicemus,
2825 5604 2916 5671 qui
2958 5620 3055 5674 per
3086 5622 3236 5661 arma
3265 5606 3482 5665 iustitia:
3512 5620 3568 5666 et
3591 5611 3728 5683 legis

2149 5690 2418 5746 diabolum
2450 5695 2742 5762 superavit.

2220 5776 2327 5837 Per
2365 5798 2516 5844 arma
2544 5782 2771 5860 justititc
2807 5805 2840 5846 α
2875 5788 3072 5846 dextris
3093 5797 3139 5848 et
3183 5808 3215 5846 a
3249 5792 3494 5854 sinistris.
3521 5796 3724 5864 Omnes
