4110 6502
523 314 636 380 123

526 513 668 585 sicut
684 533 740 581 et
753 528 982 579 mortem
996 523 1240 574 nostram
1265 519 1492 568 venerat
1513 524 1611 566 sua
1636 515 1810 563 morte
1825 519 2100 577 superare.

529 620 636 677 Sed
666 617 942 675 sciendum
985 609 1143 668 nobis
1168 613 1274 672 est,
1305 605 1431 676 quia
1466 602 1642 658 tribus
1670 600 1844 656 modis
1879 598 2106 654 tentatio

527 713 739 784 agitur,
788 705 1148 780 suggestione,
1185 696 1560 760 delectatione,
1592 708 1884 757 consensu,
1917 701 1974 744 et
2006 705 2106 745 nos

529 822 650 864 cum
678 813 964 866 tentamur,
993 798 1311 871 plerumque
1337 795 1389 848 in
1411 791 1719 854 dilectione,
1749 798 1841 844 aut
1866 787 2027 842 etiam
2052 787 2107 842 in

529 913 794 957 consensu
826 893 1082 957 labimur,
1121 881 1248 962 quia
1281 889 1348 944 de
1376 885 1556 942 carnis
1575 893 1798 955 peccato
1826 878 2108 952 propagati

529 993 582 1048 in
612 990 766 1045 nobis
797 988 928 1058 ipsis
954 987 1121 1060 etiam
1143 983 1399 1056 gerimus,
1423 982 1562 1036 unde
1585 977 1881 1034 certamina
1912 974 2110 1029 tolera-

527 1097 668 1154 mus.
701 1079 844 1135 Deus
871 1095 1020 1143 vero,
1053 1078 1146 1148 qui
1176 1077 1229 1131 in
1262 1083 1415 1129 utero
1444 1071 1668 1143 virginis
1694 1070 2024 1127 incarnatus,
2055 1065 2110 1120 in

527 1172 786 1228 mundum
817 1171 933 1226 sine
957 1176 1178 1240 peccato
1206 1174 1459 1232 venerat,
1491 1162 1624 1218 nihil
1665 1157 2112 1218 contradictionis

529 1259 584 1315 in
607 1262 898 1332 semetipso
922 1261 1210 1323 tolerabat,
1228 1257 1424 1313 tentari
1441 1271 1568 1332 ergo
1594 1268 1692 1324 per
1712 1251 2111 1321 suggestionem

527 1352 724 1425 potuit,
757 1352 854 1408 sed
881 1352 998 1422 ejus
1035 1359 1268 1406 mentem
1299 1347 1505 1420 peccati
1556 1344 1843 1400 delectatio
1871 1358 1974 1397 non
1999 1355 2113 1396 mo-

529 1443 750 1500 mordit.
778 1442 954 1524 Atque
977 1443 1096 1498 ideo
1117 1443 1293 1497 omnis
1314 1439 1574 1494 diabolica
1599 1437 1688 1492 illa
1722 1436 1946 1492 tentatio
1983 1433 2115 1488 foris

529 1549 638 1590 non
666 1534 812 1588 intus
839 1533 968 1598 fuit;
995 1533 1087 1588 sed
1113 1532 1157 1587 si
1188 1532 1362 1602 ipsum
1387 1530 1630 1584 ordinem
1663 1527 1978 1584 tentationis
1999 1525 2116 1594 ejus

531 1628 842 1697 aspicimus,
872 1641 1176 1696 pensemus,
1205 1631 1407 1694 quanta
1432 1623 1798 1693 magnitudine
1821 1637 1918 1675 nos
1941 1637 1971 1674 a
1997 1629 2114 1672 ten-

530 1724 734 1776 talione
784 1720 1099 1782 liberamur.
1140 1717 1410 1787 Antiquos
1451 1716 1624 1786 hostis
1656 1723 1842 1769 contra
1879 1714 2112 1783 primum

1823 297 2176 356 SMARAGDI
2208 268 2510 352 ABBATIS'
3289 347 3298 366 ,
3683 279 3710 362 1

519 395 607 492 ‘sic
643 427 974 487 tentationes
1003 428 1225 480 nostras
1262 416 1378 474 suis
1419 411 1808 472 tentationibus
1830 411 2108 478 vinceret,
2136 415 2191 476 Α
2213 409 2498 466 subditur:
2529 403 2669 473 Quia
2697 403 2964 460 recedente
2987 400 3198 456 dtabolo
3219 395 3392 492 angeli
3419 395 3795 451 ministrabant

3683 275 3798 336 ηδ

2207 499 2275 556 ei.
2314 500 2395 555 Ex
2423 514 2526 570 qua
2554 497 2764 568 re'qnid
2791 493 2934 550 aliud
2951 533 2966 560 ,
3004 508 3168 563 quam
3190 490 3353 545 unius
3372 502 3620 559 persona:
3647 496 3802 542 utra-

2208 607 2314 666 que
2340 600 2533 648 natura
2567 589 2888 645 ostenditur.
2916 587 3050 655 Quia
3078 595 3133 641 et
3161 587 3324 641 homo
3349 593 3467 652 est,
3493 597 3652 656 quem
3681 583 3804 639 dia-

2207 684 2364 741 bolus
2393 691 2586 748 tentat,
2609 691 2662 737 et
2687 681 2891 736 eisdem
2921 681 3037 750 ipse
3063 679 3322 734 Dominus
3350 685 3454 742 est,
3482 677 3568 732 cui
3600 673 3671 732 ab
3701 692 3807 748 ano

2209 777 2344 848 gelis
2370 777 2728 831 ministratur.
2760 773 3161 845 Cognoscamus
3183 774 3348 844 igitur
3375 772 3429 826 in
3458 787 3522 827 eo
3545 780 3809 826 naturam

2210 877 2474 932 nostram,
2507 866 2632 937 quia
2659 866 2760 920 nisi
2793 867 2935 920 hunc
2957 864 3204 919 diabolus
3230 863 3504 918 hominem
3529 867 3806 926 cerneret,

2210 974 2316 1014 non
2356 965 2606 1013 tentaret.
2642 958 2979 1012 Veneremur
3013 955 3066 1008 in
3117 954 3208 1008 illo
3251 953 3591 1008 divinitatem
3622 967 3809 1020 suam,

2211 1051 2336 1120 quia
2366 1050 2466 1104 nisu
2493 1063 2654 1119 super
2687 1049 2869 1104 omnia
2903 1048 3044 1103 Deus
3069 1043 3349 1113 existeret,
3380 1047 3430 1101 ei
3460 1044 3608 1101 nullo
3639 1045 3810 1100 modo

2212 1139 2386 1211 angeli
2411 1139 2798 1195 ministrarent.

2284 1235 2500 1290 Etcum
2535 1236 2831 1306 jejunasset
2857 1233 3208 1307 quadraginta
3234 1231 3414 1286 diebus
3464 1238 3514 1286 et
3574 1231 3818 1306 quadra-

2211 1329 2360 1400 ginta
2405 1328 2662 1382 noctibus.
2709 1327 2817 1384 Sed
2855 1327 2979 1396 quia
3011 1327 3098 1382 his
3138 1327 3344 1390 diebus,
3376 1325 3815 1396 quadragesimte

2213 1419 2377 1475 lectio
2408 1420 2680 1489 congruit,
2714 1435 2838 1472 nam
2885 1418 3238 1488 quadraginta
3276 1417 3486 1471 dierum
3531 1414 3816 1468 abstinen-

2216 1514 2347 1568 tiam
2376 1514 2547 1568 nostri
2580 1513 2956 1583 Redemptoris
2991 1511 3324 1574 audivimus,
3373 1509 3466 1579 qui
3507 1509 3818 1580 quadrage-

2216 1609 2366 1662 sima:
2415 1615 2627 1678 tempus
2658 1607 3007 1668 inchoamus,
3061 1603 3458 1659 discutiendum
3496 1603 3653 1657 nobis
3702 1608 3812 1668 est,

2216 1715 2316 1754 cur
2353 1700 2469 1754 haec
2516 1702 2634 1768 ipsa
2686 1698 3013 1752 abstinentia
3058 1713 3156 1767 per
3199 1695 3551 1766 quadraginta
3597 1694 3818 1759 dierum

530 1813 826 1876 hominem,
857 1819 1137 1882 parentem
1169 1817 1436 1873 nostrum,
1467 1809 1520 1862 in
1561 1807 1732 1861 tsihus
1771 1821 1828 1860 se
1862 1804 2118 1859 t'ntatio-

2219 1807 2507 1847 numerum
2521 1791 2842 1847 custoditur.
2869 1790 3077 1860 Moyses
3099 1789 3340 1854 enim,ut
3356 1787 3820 1858 legemacciperet

532 1903 691 1959 nibus
715 1903 904 1958 erexit.
931 1902 1063 1970 Quia
1097 1901 1239 1956 hunc
1268 1900 1519 1956 videlicet
1553 1899 1675 1972 gula
1696 1941 1710 1964 ,
1737 1914 1874 1952 vana
1910 1897 2077 1968 gloria
2101 1938 2117 1964 ,

533 2002 590 2050 et
617 1994 844 2048 avaritia
873 1994 1111 2052 tentavit.
1141 1993 1233 2048 secl
1261 1991 1516 2046 tentando
1543 1990 1842 2062 superavit,
1866 1989 1992 2058 quia
2015 1988 2118 2042 sibi

533 2099 656 2139 eum
685 2099 782 2154 per
801 2098 1122 2139 consensum
1153 2082 1405 2138 subdidit.
1444 2082 1518 2136 Ex
1559 2081 1684 2148 gula
1715 2081 1912 2149 quippe
1941 2085 2118 2133 tenta-

531 2175 629 2241 vit,
657 2193 778 2232 cum
809 2177 985 2232 cibum
1019 2177 1145 2247 ligni
1181 2176 1404 2230 vetitum
1435 2173 1704 2234 ostendit,
1741 2181 1902 2241 atque
1934 2172 1997 2226 ad
2023 2186 2118 2225 co-

531 2268 856 2323 medendum
903 2268 1092 2321 suasit.
1138 2266 1217 2320 Ex
1262 2282 1400 2320 vana
1445 2266 1625 2320 autem
1655 2264 1826 2334 gloria
1870 2262 2117 2328 tentavit,

533 2370 657 2415 cum
686 2361 918 2415 diceret:
943 2359 1106 2412 Erilis
1127 2359 1262 2412 sicut
1285 2355 1392 2411 Dii.
1424 2355 1489 2411 Et
1515 2373 1579 2410 ex
1607 2355 1852 2426 profectu
1877 2355 2120 2410 avaritia:

533 2451 798 2516 tentavit,
842 2466 964 2506 cum
1003 2451 1244 2505 diceret:
1287 2447 1522 2502 Scientes
1565 2447 1756 2500 bonum
1803 2456 1852 2500 et
1896 2445 2117 2500 malum.

529 2541 772 2615 Avaritia
803 2543 945 2597 enim
977 2558 1082 2596 non
1109 2541 1281 2596 solum
1304 2540 1547 2611 pecuniae
1570 2547 1675 2605 est,
1703 2541 1796 2594 sed
1818 2539 1981 2594 etiam
2003 2540 2122 2593 alti-

532 2635 754 2691 tudinis.
781 2635 949 2690 Recte
967 2635 1112 2688 enim
1143 2633 1368 2688 avaritia
1394 2633 1622 2696 dicitur,
1655 2647 1776 2686 cum
1811 2647 1972 2700 supra
2003 2647 2121 2686 mo-

533 2727 662 2783 dum
687 2726 992 2782 sublimitas
1031 2725 1286 2780 ambitur.
1329 2723 1385 2778 Si
1425 2725 1569 2778 enim
1593 2737 1696 2778 non
1725 2723 1794 2777 ad
1833 2721 2119 2776 avaritiam

533 2817 758 2876 honoris
779 2819 964 2888 rapina
991 2817 1306 2886 pertineret,
1334 2831 1674 2886 nequaquam
1699 2814 1898 2869 Paulus
1919 2816 1982 2870 de
2009 2815 2121 2868 nui-

533 2909 714 2982 g'enito
748 2908 858 2964 lilio
881 2908 1110 2974 diceret,
1153 2925 1255 2963 non
1308 2909 1548 2980 rapinam
1589 2907 1876 2962 arbitratus
1904 2917 1976 2961 est
2011 2924 2121 2962 esse

531 2991 588 3054 se
616 2999 868 3070 a’qualem
900 2999 1028 3054 Deo.
1062 2999 1120 3054 ln
1148 3000 1250 3054 hoc
1285 3014 1416 3072 ergo
1444 2999 1690 3058 diabolus
1716 3008 1997 3076 parentem
2025 3014 2120 3060 no-

533 3099 707 3147 strum
730 3091 797 3145 ad
827 3091 1134 3161 superbiam
1160 3092 1357 3156 traxit,
1391 3093 1536 3161 quod
1569 3107 1691 3146 eum
1732 3092 1800 3146 ad
1829 3091 2118 3146 avaritiam

533 3153 1176 3238 sublimitatis-excitavit.
1205 3181 1312 3238 Sed
1341 3153 1536 3252 quibus
1560 3184 1733 3248 modis
1761 3183 1996 3264 primum
2016 3183 2118 3238 ho-
2145 3153 2190 3228 (ἶ

532 3272 734 3328 minem
781 3273 996 3338 stravit,
1035 3272 1236 3328 eisdem
1268 3273 1463 3338 modis,
1502 3272 1740 3329 secundo
1771 3273 1978 3329 homini
2001 3282 2120 3328 ten-

532 3367 670 3431 tato,
700 3365 1003 3434 succubuit.
1033 3364 1136 3420 Per
1155 3365 1334 3438 gulam
1362 3367 1560 3444 quippe
1588 3349 1817 3422 tentavit
1837 3382 1984 3434 cum,
2022 3355 2134 3437 qui“

533 3453 665 3510 dicit
689 3472 704 3509 :
745 3454 843 3510 Dic
870 3464 927 3508 ut
945 3453 1144 3526 lapides
1166 3457 1254 3510 isti
1289 3472 1448 3526 panes
1475 3455 1628 3525 ﬁant.
1659 3455 1767 3512 Per
1789 3473 1986 3512 vanam
2011 3447 2134 3529 κιο-⁸

533 3543 672 3601 riam
703 3546 947 3607 tentavit,
977 3559 1099 3601 cum
1139 3545 1301 3602 dicit:
1335 3543 1396 3600 Si
1437 3546 1583 3616 [ilius
1627 3547 1726 3618 Dei
1765 3565 1848 3613 es,
1895 3549 2042 3603 mitte
2073 3558 2122 3603 te

533 3637 798 3693 deorsum.
843 3635 949 3692 Per
993 3635 1342 3693 sublimitatis
1377 3638 1664 3693 avaritiam
1703 3640 1960 3704 tentavit,
1996 3655 2122 3695 cum

533 3735 701 3800 regna
727 3728 908 3784 omnia
934 3728 1117 3784 mundi
1140 3728 1398 3794 ostendit,
1427 3728 1644 3784 dicens:
1679 3729 1807 3786 Ηωσ
1829 3732 2004 3786 omnia
2029 3732 2125 3786 tibi"

535 3821 695 3887 dabo,
721 3823 768 3877 si
794 3823 1066 3898 precidem
1103 3823 1407 3879 adoraveris
1440 3840 1542 3880 me.
1579 3821 1687 3880 Sed
1711 3825 1915 3896 eisdem
1945 3826 2122 3892 modis
2153 3843 2158 3845 ·

535 3921 578 3972 a‘
592 3917 830 3974 secundo
851 3917 1066 3974 homine
1086 3909 1554 3992 vincitur,qulbus
1581 3921 1816 3992 primum
1846 3923 2120 3988 hominem

535 4009 596 4064 se
621 4008 816 4064 vicisse
843 4007 1123 4082 gloriatur,
1152 4022 1266 4067 uta
1305 4013 1504 4071 nostris
1531 4014 1786 4088 cordibus
1817 4015 1937 4088 ipso
1972 4017 2120 4072 aditu

535 4111 726 4174 captus
772 4111 960 4170 exeat,
1005 4120 1112 4176 quo
1145 4120 1245 4161 nos
1291 4106 1438 4162 aditu
1491 4108 1834 4182 intromissos
1884 4109 2118 4166 tenebat.

536 4187 646 4250 Sed
665 4203 748 4250 est
777 4184 939 4262 aliud,
967 4195 1166 4254 fratres
1195 4197 1520 4263 charissimi,
1549 4199 1690 4272 quod
1731 4200 1784 4254 in
1813 4200 1916 4256 hac
1942 4209 2122 4276 tenta-

535 4282 682 4339 tione
704 4285 984 4343 Dominica
1011 4288 1357 4346 considerare
1381 4291 1691 4359 debeamus.
1716 4291 1851 4360 Quia
1883 4303 2122 4350 tentatus

537 4389 569 4428 a
595 4374 810 4429 diabolo
837 4375 1114 4444 Dominus,
1145 4381 1284 4434 sacri
1307 4379 1504 4452 eloquii
1533 4392 1801 4456 praecepta
1824 4386 2116 4455 respondit.

2221 1883 2480 1944 sectmdo.
2512 1883 2700 1937 diebus
2731 1882 3084 1952 quadraginta
3105 1879 3386 1951 jejunavit.
3421 1878 3602 1940 Helias
3629 1879 3682 1934 in
3714 1877 3816 1932 de-

2222 1983 2368 2031 serto
2393 1975 2749 2046 quadraginta
2779 1974 2971 2029 diebus
2985 1961 3262 2029 abstinuit.
3285 1972 3404 2042 ipse
3427 1981 3616 2026 auctor
3636 1971 3819 2026 homi-

2220 2085 2373 2136 num,
2407 2072 2472 2124 ad
2502 2071 2749 2126 homines
2778 2071 3034 2136 veniens',
3065 2069 3422 2140 quadraginta
3460 2069 3650 2128 diebus
3693 2069 3820 2124 nul-

2221 2161 2331 2217 lum
2355 2165 2503 2219 omni
2529 2166 2687 2220 modo
2707 2153 2888 2219 cibum
2914 2165 3161 2236 sumpsit.
3191 2161 3301 2221 Nos
3329 2179 3542 2238 quoque
3564 2167 3616 2220 in
3640 2181 3818 2236 quan-

2221 2263 2334 2312 tum
2360 2273 2664 2328 possumus,
2684 2272 2862 2311 annuo
2884 2255 3309 2327 quadragesima-
3329 2264 3568 2327 tempore
3588 2267 3817 2312 carnem

2223 2359 2468 2407 nostram
2489 2367 2586 2422 per
2608 2351 2991 2405 abstinentiam
3016 2349 3248 2426 alliigere
3262 2365 3538 2404 conamur.
3554 2347 3664 2403 Cur
3677 2363 3816 2418 ergo

2221 2442 2277 2498 in
2323 2441 2646 2497 abstinentia
2677 2443 3144 2512 quadragenarius
3173 2457 3432 2498 numerus
3471 2440 3815 2496 custoditur?

2220 2535 2334 2590 Nisi
2370 2536 2499 2604 quia
2527 2537 2700 2590 virtus
2741 2535 2979 2606 decalogi
3020 2549 3117 2604 per
3160 2534 3330 2588 libros
3369 2542 3600 2604 quatuor
3637 2531 3816 2600 sancti

2218 2626 2493 2696 Evangelii
2541 2627 2814 2697 impletur.
2867 2627 3132 2682 Denarius
3166 2626 3366 2682 etenim
3395 2633 3589 2706 quater
3619 2625 3817 2689 ductus

2222 2720 2276 2773 in
2302 2719 2794 2790 quadragenarium
2824 2720 3026 2794 surgit,
3065 2719 3189 2788 quia
3222 2727 3351 2774 tunc
3382 2717 3619 2790 decalogi
3653 2732 3815 2772 man-

2222 2814 2346 2870 data
2375 2813 2716 2891 perﬁcimus,
2749 2830 2872 2869 cum
2909 2812 3154 2884 profecto
3181 2822 3415 2884 quatuor
3444 2813 3609 2868 libros
3638 2811 3817 2878 sancti

2219 2904 2496 2976 Evangelii
2529 2905 2880 2961 custodimus.
2915 2906 2993 2960 Ex
3019 2921 3122 2975 qua
3159 2921 3218 2959 re
3248 2905 3434 2962 sentiri
3459 2912 3516 2969 et
3549 2903 3693 2958 aliud
3719 2919 3820 2974 po-

2221 3003 2346 3052 test.
2386 2996 2442 3050 ln
2473 2997 2578 3054 hoc
2618 2997 2763 3052 enim
2797 2996 3007 3052 mortali
3051 3012 3279 3068 corpore
3320 3012 3386 3054 ex
3433 3006 3666 3066 quatuor
3705 2995 3818 3058 ele-

2221 3089 2424 3156 mentis
2460 3090 2828 3170 sul'sistimus,
2873 3098 2928 3145 et
2959 3105 3054 3160 per
3093 3090 3396 3160 voluptates
3423 3087 3666 3162 cjuszlem
3693 3103 3818 3143 cor-

2221 3182 2372 3253 poris
2401 3183 2687 3252 praéceptis
2717 3181 3011 3237 Dominicis
3037 3182 3387 3248 contraimns.
3420 3183 3693 3264 Prmccpta
3723 3196 3822 3236 au-

2219 3282 2330 3330 tem
2357 3274 2639 3332 Dominica
2681 3291 2780 3344 per
2803 3275 3116 3347 decalogum
3147 3285 3273 3332 sunt
3293 3285 3534 3350 accepta.
3561 3277 3662 3350 Qui
3687 3291 3820 3350 ergo
3895 3278 3910 3294 '

2219 3385 2320 3441 per
2344 3369 2528 3426 carnis
2552 3368 2854 3435 desideria,
2900 3367 3142 3444 decalogi
3189 3371 3438 3436 mandata
3483 3370 3818 3442 contempsi-

2219 3477 2375 3526 mus,
2410 3461 2632 3532 dignum
2675 3469 2757 3518 est
2798 3470 2860 3516 ut
2907 3463 3154 3536 eamdem
3186 3477 3406 3524 carnem
3435 3462 3824 3536 quaterdecies

2221 3554 2539 3627 aii'ligamus.
2569 3555 2828 3624 Quamvis
2864 3555 2932 3610 de
2961 3556 3066 3619 hoc
3095 3557 3519 3628 quadragesima:
3549 3565 3816 3636 tempore,

2221 3659 2306 3706 est
2329 3651 2507 3705 adhuc
2536 3650 2682 3704 aliud
2709 3649 2851 3720 quod
2881 3650 3052 3720 possit
3076 3650 3320 3722 intelligi.
3365 3649 3409 3704 A
3441 3651 3696 3722 prmsenti
3735 3657 3818 3716 et:

2222 3742 2368 3817 enim
2392 3741 2500 3806 die,
2517 3757 2687 3812 usque
2711 3742 2778 3800 ad
2805 3741 3083 3802 Paschalis
3104 3741 3464 3812 sole-inuitatis
3485 3740 3817 3812 gaudia,sex

2220 3833 2572 3892 hebdomade:
2605 3834 2842 3896 veniunt.
2869 3835 3111 3904 Quarum
3144 3834 3393 3894 videlicet
3436 3833 3553 3888 dies
3578 3831 3819 3904 quadra-

2222 3927 2372 4000 ginta
2399 3935 2454 3986 et
2483 3927 2588 3984 duo
2619 3926 2774 3984 ﬁunt.
2814 3926 2894 3982 Ex
2939 3926 3154 3998 quibus,
3188 3927 3314 3986 dum
3359 3939 3451 3994 sex
3489 3925 3604 3988 dies
3633 3923 3818 3996 Domi-

2219 4021 2326 4099 nici
2357 4021 2684 4076 abstinentia
2716 4020 3130 4087 abstrahuntur,
3160 4035 3268 4076 non
3300 4017 3423 4088 plus
3449 4018 3502 4074 in
3533 4018 3812 4079 abstinen-

2220 4113 2317 4180 tia,
2362 4129 2524 4184 quam
2555 4113 2773 4184 triginta
2799 4120 2854 4168 et
2879 4127 2975 4176 se;
3011 4112 3126 4170 dies
3154 4119 3458 4188 remanent.
3511 4109 3646 4172 Dum
3676 4123 3810 4171 vero

2219 4221 2318 4278 per
2343 4212 2618 4260 trecentos
2649 4214 2703 4258 et
2743 4204 3024 4274 sexaginta
3071 4203 3186 4259 dies
3217 4218 3390 4274 annus
3437 4201 3672 4278 ducitur.
3711 4216 3816 4261 nos

2223 4307 2402 4366 autem
2430 4312 2528 4367 per
2563 4295 2786 4368 triginta
2813 4305 2867 4355 et
2893 4295 3338 4366 sex.allligiiiiur,
3377 4292 3530 4364 quasi
3558 4292 3685 4354 anni
3717 4306 3816 4354 no-

2223 4389 2320 4445 stri
2353 4388 2590 4443 decimas
2623 4388 2732 4442 Deo
2763 4388 2970 4442 damus.
3016 4385 3085 4440 Ut
3128 4383 3216 4454 qui
3262 4381 3670 4453 nobismetipsis
3715 4396 3817 4452 per

533 4463 604 4521 Et
624 4465 716 4535 qui
739 4481 805 4521 eo
825 4469 991 4523 verbo
1011 4470 1154 4538 quod
1175 4478 1315 4535 erat,
1341 4479 1662 4530 tentatorem
1693 4490 1848 4530 suum
1875 4491 2120 4548 mergere
2143 4511 2198 4573 Β
2223 4485 2502 4548 acceptum
2533 4490 2734 4534 annum
2762 4475 3012 4536 viximus,
3030 4471 3237 4526 auctori
3269 4481 3454 4528 nostro
3485 4485 3586 4525 nos
3610 4471 3664 4525 in
3695 4469 3814 4546 ejus

535 4554 592 4610 in
619 4555 868 4627 abyssum
894 4565 1128 4627 poterat,
1153 4558 1404 4614 virtutem
1439 4576 1550 4616 sua:
1587 4563 1843 4634 potentiae
1881 4580 1989 4620 non
2029 4581 2119 4620 os-

535 4645 727 4701 tendit.
757 4645 883 4702 Sola
905 4647 1098 4704 divina:
1119 4647 1417 4722 Scriptura:
1446 4660 1714 4724 praecepta
1741 4655 1912 4719 dedit,
1935 4664 2117 4725 quate-

533 4749 638 4792 nus
685 4751 796 4793 suze
841 4739 997 4795 nobis
1039 4741 1312 4811 patientia:
1358 4745 1622 4814 praeberet
1667 4745 1994 4816 exemplum.
2045 4746 2116 4803 Ut

535 4823 747 4900 quoties
775 4845 806 4884 a
833 4831 1017 4902 pravis
1045 4833 1354 4898 hominibus
1381 4837 1582 4908 aliquid
1610 4839 1879 4909 patimur,
1912 4837 1980 4893 ad
2015 4839 2114 4894 do—

535 4921 767 4976 etrinam
795 4924 1118 4991 excitemur,
1145 4926 1324 5008 potius
1352 4943 1512 4998 quam
1533 4932 1601 4985 ad
1628 4932 1943 4996 vindictam.
1974 4931 2116 4988 Pen-

534 5021 650 5069 sate
683 5023 883 5084 quanta
931 5024 1013 5072 est
1042 5017 1298 5088 patientia
1346 5019 1476 5086 Dei,
1524 5031 1724 5094 quanta
1773 5023 2113 5095 impatientia

535 5101 741 5164 nostra.
778 5107 888 5165 Nos
919 5111 964 5166 si
995 5109 1224 5182 injuriis,
1261 5121 1353 5190 aut
1391 5115 1568 5192 aliqua
1599 5115 1818 5196 laes'one
1852 5134 2112 5190 provoca-

534 5198 675 5270 mur,
705 5201 887 5259 furore
919 5205 1182 5276 permoti,
1218 5215 1313 5264 aut
1358 5219 1618 5283 quantum
1656 5227 1943 5282 possumus
1988 5227 2115 5267 nos-

533 5293 790 5366 metipsos
820 5292 1148 5363 ulciscimur,
1169 5306 1262 5354 aut
1287 5299 1426 5370 quod
1458 5316 1566 5356 non
1594 5316 1880 5370 possumus
1916 5300 2113 5370 facere,

535 5385 825 5458 minamur.
873 5388 1012 5446 Ecce
1055 5391 1434 5448 adversitatem
1465 5395 1660 5450 diaboli
1699 5396 1958 5451 Dominus
1993 5412 2117 5468 per-

536 5475 680 5542 tulit,
709 5487 758 5533 et
797 5482 930 5538 nihil
975 5484 1025 5540 ei
1055 5485 1158 5541 nisi
1186 5489 1616 5544 mansuetudinis
1643 5491 1864 5546 verbum
1894 5505 2116 5560 respon-

537 5564 638 5622 dit.
674 5567 860 5627 Portat
878 5591 1037 5645 quem
1061 5579 1237 5648 puniri
1267 5589 1500 5650 poterat,
1524 5592 1583 5636 ut
1611 5582 1792 5642 hocin
1823 5583 1978 5649 laude
1999 5585 2115 5652 ejus

535 5656 702 5718 altius
743 5677 1044 5735 cresceret,
1089 5671 1132 5726 si
1163 5673 1370 5728 hostem
1402 5689 1556 5729 suum
1597 5691 1700 5732 non
1729 5675 2111 5746 extinguendo,
2145 5739 2153 5752 ,

533 5753 636 5830 sed
660 5753 878 5814 interim
893 5759 1150 5844 patiendo
1169 5773 1468 5842 superaret.
1498 5767 1802 5825 Notandum
1821 5783 1951 5825 vero
1970 5760 2122 5844 quod

2223 4570 2445 4628 decimis
2473 4585 2570 4639 per
2607 4568 2991 4628 abstinentiam
3038 4563 3444 4627 mortificemur.
3491 4563 3666 4630 Unde,
3703 4562 3814 4630 fra-

2221 4668 2336 4715 tres
2358 4660 2686 4722 charissimi,
2732 4659 2876 4714 sicut
2909 4656 3105 4723 oderre
3141 4658 3194 4714 in
3221 4657 3338 4730 lege
3361 4655 3628 4732 jubemini
3664 4655 3812 4732 deci—

2220 4769 2338 4810 mas
2363 4769 2567 4818 rerum,
2601 4752 2674 4808 ita
2699 4752 2748 4806 ei
2783 4751 2977 4806 oﬂ‘erre
3009 4751 3313 4806 contendite
3340 4758 3397 4804 et
3429 4749 3666 4814 decimas
3695 4749 3812 4822 die-

2219 4866 2362 4906 rum.
2397 4844 2784 4920 Unusquisque
2811 4847 2864 4901 in
2893 4855 3152 4918 quantum
3183 4845 3357 4900 virtus
3386 4844 3622 4916 suppetit
3641 4885 3656 4910 ,
3686 4858 3812 4912 ear-

2218 4954 2342 4995 nem
2393 4947 2650 5004 maceret,
2702 4935 2929 5009 ejusque
2973 4935 3235 5008 desideria
3285 4933 3504 5007 afﬂigat,
3553 4933 3810 5015 concupi—

2215 5032 2454 5102 scentias
2481 5040 2664 5104 turpes
2689 5031 2998 5100 interﬁciat,
3051 5037 3141 5092 ut,
3190 5026 3344 5100 juxta
3392 5023 3550 5096 Pauli
3591 5041 3804 5106 vocem,

2216 5123 2393 5181 hostia
2423 5124 2544 5178 viva
2578 5123 2688 5178 ﬁat.
2721 5123 2908 5178 Hostia
2939 5122 3132 5192 quippe
3159 5131 3214 5178 et
3251 5121 3562 5194 immolatur
3599 5129 3654 5180 et
3682 5119 3808 5176 viva

2217 5224 2320 5286 est,
2353 5215 2568 5286 quando
2602 5213 2751 5270 etab
2781 5215 2890 5270 hac
2909 5214 3016 5292 vita
3054 5213 3213 5285 homo
3245 5228 3358 5273 non
3399 5200 3604 5280 deficit,
3637 5219 3696 5273 et
3723 5220 3808 5271 ta.-

2217 5323 2341 5364 men
2368 5325 2426 5366 se
2451 5323 2480 5363 a
2505 5306 2814 5376 carnalibus
2839 5305 3123 5381 desideriis
3151 5306 3366 5378 occidit.
3388 5305 3530 5363 Caro
3555 5319 3654 5370 nos
3681 5303 3808 5362 ιωιει

2223 5401 2388 5484 traxit
2415 5399 2482 5454 ad
2507 5398 2742 5468 culpam,
2765 5397 2962 5484 amicta
2991 5397 3216 5457 reducat
3243 5399 3310 5455 ad
3335 5399 3568 5459 veniam.
3599 5396 3805 5461 Auctor

2221 5482 2420 5550 etenim
2452 5493 2642 5557 mortis
2685 5501 2904 5558 nostrae,
2935 5482 3031 5564 per
3065 5491 3298 5552 fructum
3332 5494 3461 5566 ligni
3497 5491 3648 5548 vetiti
3679 5490 3802 5551 vita:

2220 5594 2487 5658 praecepta
2520 5593 2886 5656 transgressus
2911 5593 3014 5641 est.
3052 5587 3153 5656 Qui
3190 5601 3319 5657 ergo
3348 5601 3378 5640 a
3403 5584 3642 5655 paradisi
3672 5598 3804 5656 gau-

2222 5677 2326 5732 diis
2355 5694 2452 5748 per
2479 5661 3003 5745 cibum'cecidimus,
3029 5679 3095 5734 ad
3124 5679 3258 5740 haec,
3288 5678 3343 5732 in
3375 5687 3637 5750 quantum
3675 5689 3803 5748 pos-

2220 5786 2429 5858 sumus,
2453 5788 2551 5848 per
2581 5772 2965 5844 abstinentiam
2990 5786 3364 5852 resurgimus.
