4110 6504
310 371 418 444 125

1139 368 1662 434 COLLECTIO‘NES
1697 369 1769 430 IN
1802 367 2184 440 EPISTOLAS
2221 369 2311 429 ET
2346 370 2759 433 EVANGELIA.

3475 370 3579 443 1Z6

297 477 305 488 ’
381 485 493 561 (Ea:
524 485 717 562 Beda.)
745 485 1106 572 Quadraginta
1125 495 1305 566 autem
1326 488 1441 564 dies
1463 495 1519 544 et
1543 493 1748 554 noctes,
1771 485 1888 556 qui-
1914 489 1968 552 Α
1989 483 2346 572 promissione
2380 484 2676 554 reficimur,
2713 485 2804 550 hic
2837 498 2944 542 non
2964 493 3295 569 apponentes
3323 500 3438 556 cor,
3468 485 3580 558 illic

305 579 412 652 bus
432 596 557 646 eum
581 589 774 646 tentat,
795 588 965 636 totum
989 579 1148 656 hujus
1165 581 1346 638 smeuli
1365 590 1576 654 tempus
1595 580 1891 648 insinuant,

305 675 510 754 quibus
543 677 787 732 membra
833 675 981 754 eius,
1027 677 1280 732 videlicet
1313 686 1556 731 sanctam
1595 674 1894 732 Ecclesium

307 753 524 825 tentare
553 785 826 842 nunquam
855 767 1085 824 desistit.
1127 767 1262 836 Quia
1289 769 1542 822 nimirum
1580 764 1897 836 quadripar-

305 849 446 916 titus
474 869 559 916 est
587 861 841 925 mundus,
866 861 918 915 in
948 865 1056 930 quo
1077 860 1307 915 Domino
1328 859 1670 928 famulamur.
1700 857 1895 912 Decem

307 965 446 1008 vero
480 960 604 1008 sunt
641 960 934 1022 pnecepta,
985 967 1084 1033 per
1130 951 1359 1022 quorum
1403 949 1799 1018 observantiam
1841 947 1896 1002 in

306 1040 544 1098 Domino
567 1041 909 1108 famulantes,
949 1051 1138 1097 contra
1164 1041 1335 1097 hostis
1365 1039 1616 1096 indefessi
1649 1038 1898 1096 militiam

309 1143 605 1212 certamus.
645 1134 838 1189 Decem
891 1143 1066 1188 autem
1106 1134 1455 1212 quaterducta
1479 1174 1495 1200 ,
1539 1131 1895 1206 quadraginta

311 1211 544 1293 faciunt,
574 1227 796 1304 ideoque
827 1235 998 1282 totum
1024 1211 1252 1310 ‘militize
1278 1233 1475 1308 nostra:
1511 1232 1740 1298 tempus,
1772 1234 1896 1294 apte

311 1318 744 1390 quadragenario
781 1317 990 1374 dierum
1024 1333 1086 1373 ac
1127 1317 1362 1376 noctium
1403 1330 1626 1370 numero
1653 1330 1898 1386 compre-

309 1408 586 1465 henditur.
614 1410 924 1482 Baptizatus
948 1426 1077 1488 ergo
1111 1407 1369 1479 Dominus
1419 1408 1705 1478 expellitur
1729 1424 1758 1462 a
1788 1407 1897 1477 spi-

311 1500 422 1556 ritu
453 1501 504 1555 in
535 1502 806 1556 desertum
833 1512 886 1556 et
917 1509 1153 1562 tentatur
1179 1518 1210 1554 a
1249 1499 1491 1570 Satana,
1512 1506 1568 1554 ut
1589 1498 1894 1574 exemplum

308 1593 439 1647 vitae
485 1593 596 1648 suis
636 1593 882 1654 li'lelibus
911 1593 1181 1664 praebeat,
1213 1593 1304 1664 qui
1347 1601 1469 1664 post
1517 1600 1792 1665 acceptam
1839 1590 1896 1645 in

307 1677 584 1756 baptismo
613 1685 985 1744 remiSSionem
1025 1691 1400 1758 peccatorum,
1451 1699 1558 1765 non
1588 1681 1776 1740 solum
1825 1680 1894 1754 ad

309 1777 612 1837 exercenda
643 1792 805 1850 opera
835 1777 1119 1840 virtutum,
1144 1791 1329 1831 verum
1348 1775 1525 1859 'etiam
1564 1774 1631 1833 ad
1659 1773 1921 1830 toleran-.

1997 586 2280 648 pascentes
2314 593 2530 634 rursum
2555 593 2670 634 cor.
2699 578 2833 635 item
2852 580 3203 653 Augustinus.
3235 579 3388 638 Sicut
3411 596 3580 650 unum

1996 677 2052 724 et
2085 669 2191 724 duo
2221 677 2276 724 et
2306 677 2416 736 tres
2451 680 2506 725 et
2539 682 2799 748 quatuor,
2849 672 3008 738 simul
3049 674 3237 742 decem
3286 672 3454 754 fiunt,
3503 671 3584 728 sic

1996 773 2162 812 unum
2187 766 2242 814 et
2277 759 2382 814 duo
2409 768 2461 816 et
2499 769 2608 814 tres
2645 770 2700 815 et
2746 771 2998 832 quatuor,
3039 774 3234 834 quater
3264 764 3423 820 ducta
3450 777 3584 834 qua-

1997 849 2243 922 draginta
2275 849 2498 906 faciunt.
2546 851 2638 908 Sic
2679 861 2861 909 autem
2890 858 3270 926 quaternarius
3298 869 3579 926 numerus,

1998 950 2146 1008 recte
2190 942 2457 1016 significat
2499 959 2696 1015 corpus
2717 986 2731 1010 ,
2759 954 2984 1021 propter
3011 958 3243 1022 quatuor
3272 949 3582 1013 notissimas

1995 1045 2239 1102 naturas,
2262 1035 2457 1114 quibus
2477 1045 2707 1102 constat,
2736 1038 2959 1104 siccam,
2977 1039 3275 1105 humidam,
3305 1040 3581 1112 frigidam,

1995 1125 2262 1181 callidam.
2313 1127 2379 1181 Et
2409 1126 2534 1198 quia
2565 1141 2871 1200 progressno
2913 1128 2970 1183 fit
3002 1144 3032 1184 a
3064 1140 3266 1202 puncto
3305 1147 3477 1204 usque
3519 1131 3587 1186 ad

1993 1217 2403 1287 longitudinem,
2433 1229 2489 1276 et
2516 1236 2546 1274 a
2576 1221 2906 1292 longitudine
2932 1237 3103 1292 usque
3123 1223 3189 1276 ad
3219 1222 3582 1291 latitudinem,

1994 1311 2128 1368 διεδ
2140 1311 2422 1368 altitudine
2432 1311 2502 1369 'ad
2513 1313 2841 1371 soliditatem
2855 1315 3118 1402 corporis,
3129 1332 3248 1386 quae
3261 1331 3448 1371 rursus
3461 1333 3588 1387 qua-

1994 1406 2234 1461 ternario
2256 1423 2482 1464 numero
2503 1409 2866 1478 continentur,
2892 1427 2998 1465 non
3022 1409 3252 1465 absurde
3275 1409 3588 1482 intelligitur

1995 1495 2458 1570 quadragenarius
2478 1515 2735 1556 numerus
2758 1501 3106 1580 temporalem
3126 1502 3586 1572 dispensationem

1994 1588 2319 1660 signiﬁcare.
2351 1606 2472 1660 quin
2489 1607 2590 1662 pro
2615 1592 2790 1648 salute
2817 1601 3000 1648 nostra
3023 1602 3173 1665 gesta
3195 1601 3302 1659 est,
3331 1609 3456 1649 cum
3483 1593 3590 1648 Do-

1993 1681 2174 1736 minus
2203 1697 2400 1754 corpus
2430 1685 2743 1756 assumpsit,
2767 1697 2822 1742 et
2849 1687 3136 1744 visibiliter
3162 1687 3471 1743 hominibus
3493 1703 3588 1744 an-

1991 1787 2186 1843 parere
2235 1773 2488 1845 dignatus
2521 1785 2624 1832 est.
2679 1774 2854 1832 Unum
2905 1793 3034 1850 ergo
3063 1787 3117 1833 et
3165 1779 3271 1834 duo
3303 1787 3358 1834 et
3387 1788 3499 1834 tres
3532 1787 3587 1834 et

313 1865 438 1922 dam
489 1877 708 1938 propter
749 1864 1012 1946 justitiam
1062 1867 1497 1936 persecutionem
1543 1873 1670 1924 sunt
1715 1865 1894 1922 acciu-
1921 1861 1970 1940 Β
1997 1874 2250 1950 quatuor,
2277 1882 2398 1936 qua:
2419 1867 2728 1938 significant
2749 1867 3062 1926 Creatorem
3085 1887 3183 1942 per
3209 1871 3330 1934 tria,
3357 1879 3412 1926 et
3435 1886 3586 1926 erea-

312 1961 493 2031 gen'li.
526 1957 735 2042 secedit
769 1961 910 2016 enim
941 1959 1319 2033 indescrtum,
1352 1970 1408 2035 ut
1445 1976 1542 2016 nos
1570 1960 1780 2024 doceat,
1809 1975 1895 2017 re-

311 2050 456 2132 lictis
484 2054 666 2122 mundi
708 2053 974 2109 illecebris
998 2063 1052 2114 et
1075 2051 1338 2110 Societatc
1358 2069 1667 2123 pravorum,
1699 2053 1895 2112 divinis
1913 2053 1925 2060 ”

311 2159 412 2215 per
455 2145 636 2202 omnia
680 2145 886 2200 servire
914 2141 1202 2201 mandatis.
1252 2147 1514 2204 Teutatur
1551 2145 1826 2200 solitarius
1863 2160 1894 2198 a

312 2237 550 2303 diabolo,
578 2245 638 2294 ut
664 2239 821 2294 nobis
848 2239 1106 2300 insinuet,
1150 2239 1274 2312 quia
1311 2225 1540 2304 omnes,
1581 2239 1672 2313 qui
1710 2237 1897 2292 volunt

311 2329 400 2403 pie
423 2331 606 2386 vivere
633 2331 686 2402 in
713 2333 849 2402 ipso,
885 2333 1314 2404 persecutionem
1343 2332 1642 2403 patiuntur,
1683 2339 1738 2386 et
1771 2330 1897 2403 quia

308 2433 412 2494 per
443 2421 642 2476 multas
675 2421 1048 2476 tribulationcs
1095 2431 1308 2491 oportet
1354 2438 1452 2476 nos
1490 2413 1693 2479 intrare
1723 2421 1776 2476 in
1814 2436 1902 2477 re-

309 2525 482 2588 gnum
521 2509 636 2568 Dei.
669 2511 934 2578 Tentatur
962 2513 1316 2586 quadraginta
1357 2512 1543 2571 diebus
1584 2521 1640 2567 et
1670 2511 1898 2580 quadra-

313 2601 464 2670 ginta
489 2602 759 2664 noctibus,
785 2610 842 2656 ut
869 2596 1069 2657 indicet
1091 2595 1244 2671 quiia.
1271 2599 1508 2674 quandiu
1543 2600 1631 2660 hic
1657 2599 1898 2654 viventes

315 2693 546 2748 Domino
580 2695 864 2768 servimus,
912 2696 1023 2766 sive
1049 2682 1310 2767 prospera
1337 2695 1715 2767 Linptlitmlttr,
1752 2693 1897 2764 quod

317 2773 384 2839 ad
417 2785 532 2839 dies
558 2786 810 2856 pertinet,
835 2801 928 2844 seu
951 2802 1049 2842 nos
1072 2788 1298 2842 adversa
1319 2785 1538 2857 feriant,
1561 2786 1703 2856 quod
1724 2787 1896 2854 noctis

319 2874 506 2949 figura:
535 2879 815 2950 congruit,
867 2895 1082 2950 semper
1124 2873 1524 2935 ambulantibus
1554 2879 1608 2934 in
1635 2879 1752 2952 lege
1786 2879 1894 2949 ῡρτ

317 2968 450 3024 mini
484 2969 625 3032 adsit
673 2979 786 3030 toto
826 2973 958 3030 orbe
983 2971 1346 3042 adversarius,
1373 2971 1479 3044 qui
1500 2971 1612 3043 iter.
1651 2961 1896 3035 nostrum

318 3058 577 3114 tentando
603 3058 859 3131 impedire
885 3077 990 3117 non
1017 3071 1212 3118 cessat.
1341 3137 1344 3140 π
1432 3057 1482 3112 ’.
1589 3121 1598 3130 ,
1655 3121 1664 3132 ,
1876 3119 1888 3136 ,

391 3149 503 3231 (Εαξ
523 3150 788 3210 Ambros.i
815 3151 1084 3225 Jejunavit
1120 3154 1398 3222 Dominus,
1443 3145 1894 3231 cum‘t‘entaretur

1996 1968 2172 2011 turam
2201 1973 2297 2026 per
2326 1967 2552 2028 septem,
2588 1975 2874 2016 numerum
2898 1961 3266 2026 hebdomadis,
3298 1977 3395 2032 per
3421 1976 3587 2033 quam

1995 2059 2172 2104 motus
2213 2053 2398 2106 mundi
2428 2053 2739 2118 revolvitur,
2770 2063 2964 2123 quater
2993 2053 3189 2119 ducta,
3239 2053 3291 2108 id
3337 2062 3440 2118 est,
3488 2069 3589 2124 per

1994 2159 2190 2212 corpus
2229 2144 2598 2214 temporaliter
2623 2145 3016 2211 demonstrata,
3045 2143 3178 2216 ﬁunt
3205 2146 3582 2217 quadraginta.

1995 2233 2131 2290 Nam
2159 2237 2300 2292 inter
2320 2249 2555 2308 quatuor
2581 2247 2634 2294 et
2657 2246 2848 2308 quater
2878 2239 2982 2294 hoc
3011 2239 3258 2304 interest,
3289 2240 3432 2310 quod
3453 2253 3588 2308 qua-

1994 2335 2118 2381 tuor
2146 2329 2201 2382 in
2231 2337 2376 2383 statu
2409 2338 2553 2391 sunt,
2585 2339 2777 2399 quater
2805 2329 2859 2383 in
2896 2337 3064 2383 motu.
3095 2329 3238 2400 Ergo
3276 2327 3417 2384 sicut
3453 2344 3586 2398 qua-

1995 2427 2122 2473 tuor
2148 2419 2459 2486 reret-untur
2486 2421 2554 2474 ad
2585 2435 2813 2490 corpus,
2846 2421 2922 2474 ita
2958 2428 3152 2488 quater
3176 2418 3486 2474 referuntur
3518 2420 3586 2475 ad

1997 2518 2250 2580 tempus,
2310 2510 2725 2580 insinuaturque
2777 2521 3177 2566 sacramentum
3231 2509 3587 2579 corporaliter

1995 2615 2225 2674 gestum,
2259 2612 2479 2673 propter
2515 2618 2609 2658 eos
2650 2603 2744 2672 qui
2777 2617 3063 2672 corporum
3104 2615 3290 2658 amore
3323 2601 3586 2671 implicati

1996 2703 2183 2756 erant,
2235 2702 2290 2749 et
2333 2696 2667 2765 temporibus
2702 2697 2923 2751 subditi.
2957 2697 3430 2768 Quadragenarius
3457 2710 3587 2768 ergo

1996 2801 2280 2858 numerus,
2307 2794 2368 2845 ut
2395 2787 2602 2852 dictum
2639 2795 2757 2852 εει,
2795 2787 3148 2857 temporalem
3177 2787 3348 2856 ipsam
3377 2785 3589 2856 dispen-

1997 2877 2284 2946 sationem,
2315 2893 2423 2935 non
2453 2879 2748 2949 incongrue
2772 2877 3081 2950 significare
3107 2877 3368 2940 creditur.
3393 2877 3459 2942 Et
3479 2876 3588 2941 for:-

1937 3048 1942 3053 _
1995 2977 2141 3030 tassc
2173 2971 2277 3035 hoc
2299 2979 2402 3040 est,
2431 2973 2558 3042 quia
2589 2972 2950 3044 Quadraginta
2995 2971 3112 3037 dies
3145 2971 3405 3037 Dominus
3439 2970 3584 3041 ieiu-

1996 3061 2165 3126 navit,
2193 3062 2372 3116 szcculi
2399 3061 2578 3136 hujus,
2609 3063 2753 3133 quod
2787 3072 2934 3122 motu
2975 3077 3262 3132 corporum
3289 3070 3346 3126 .et
3373 3070 3584 3132 temna-

1997 3153 2150 3230 ribus
2177 3156 2373 3228 agitur,
2403 3156 2692 3227 ostendens
2719 3157 2978 3230 inopiam.

320 3219 446 3294 ante
475 3225 724 3322 mortem,
749 3219 1078 3312 cibo'adhuc
1116 3219 1392 3320 indigens.
1433 3219 1773 3318 Maii-ducam
1803 3219 1897 3308 au;
1923 3219 1968 3303 ίῖ
2003 3227 2012 3233 ’
2071 3219 2262 3316 Postea
2301 3219 2504 3312 esui-iit.
2527 3219 2654 3322 "(Ex
2689 3219 2874 3323 Beda.)
2921 3249 3073 3320 Quod
3115 3257 3300 3334 autem
3327 3248 3586 3322 Dominus

315 3336 430 3386 tem
457 3339 513 3388 et
539 3333 697 3399 bibit,
720 3349 841 3393 cum
867 3335 1260 3419 glorilicaretur
1279 3347 1401 3419 post
1421 3338 1893 3408 resurrectionem,

310 3420 427 3492 jam
471 3425 592 3480 cibo
634 3441 738 3480 non
768 3418 1030 3500 indigens.
1081 3427 1198 3506 llic.
1224 3418 1368 3505 enim
1414 3429 1731 3506 ostendebat
1753 3429 1808 3487 in
1838 3445 1897 3494 se

317 3513 564 3574 nostrum
583 3508 848 3590 laborem,
872 3517 981 3596 illic
999 3518 1177 3601 autem
1199 3522 1253 3592 in
1291 3522 1446 3594 nobis
1476 3537 1626 3582 suam
1654 3522 1900 3593 consola-

319 3607 546 3694 tionem,
577 3609 938 3684 quadragenis
962 3604 1152 3670 diebus
1171 3603 1458 3690 utrumque
1477 3614 1758 3683 deﬁniens.
1781 3615 1898 3684 Quo

317 3715 548 3764 numero
574 3703 996 3778 quadragesima:
1020 3703 1180 3786 huius
1211 3707 1389 3780 saaeuli
1431 3709 1721 3786 signittcari
1751 3710 1900 3778 vidc-

313 3789 410 3848 tnr
453 3809 752 3853 excursus:
806 3797 859 3851 in
881 3797 975 3853 bis
1001 3785 1384 3868 qui'vocantur
1429 3785 1794 3877 pergratiam
1831 3798 1899 3874 ad

317 3899 466 3952 eum,
495 3887 586 3965 qui
621 3903 728 3954 non
764 3889 914 3944 venit
945 3888 1115 3962 legem
1161 3890 1384 3962 solvere,
1436 3890 1530 3946 sed
1579 3877 1893 3960 adimplere.

313 3973 517 4033 Decem
543 3994 773 4055 namque
797 3990 1064 4054 praecepta
1089 3993 1213 4038 sunt
1239 3979 1388 4054 legis.
1413 3979 1530 4056 Jam
1553 3981 1726 4054 gratia
1745 3980 1900 4037 Chri-

318 4070 389 4125 Sti
423 4069 620 4152 diffusa
641 4072 740 4143 per
766 4073 1045 4140 mundum,
1073 4083 1128 4143 et
1150 4074 1574 4150 quadripartitus
1614 4081 1699 4128 est
1743 4089 1900 4143 mun-

317 4159 444 4228 dus,
487 4173 544 4218 et
588 4165 770 4220 decem
817 4165 1220 4241 qugdrupiicala
1261 4165 1623 4249 quadraginta
1673 4166 1894 4223 faciunt.

321 4252 588 4322 Quoniam
615 4253 707 4331 qui
734 4255 996 4330 redempti
1027 4265 1151 4315 sunt
1171 4273 1198 4312 a
1231 4257 1476 4328 Domino,
1508 4259 1574 4330 de
1595 4258 1902 4330 regionibus

320 4350 673 4428 congregavit
710 4364 824 4417 eos,
856 4350 923 4404 ab
951 4349 1169 4406 Oriente
1197 4357 1253 4404 et
1280 4347 1586 4422 Occidente,
1633 4349 1701 4420 ab
1737 4348 1902 4423 Aqui-

319 4439 447 4502 lone
489 4448 546 4494 et
586 4439 741 4525 mari.
790 4437 1046 4520 Jejunaus
1091 4440 1270 4525 itaque
1297 4435 1665 4518 quadraginta
1711 4439 1902 4499 diebus

321 4546 450 4590 ante
470 4517 695 4594 mortem
718 4517 920 4611 carnis,
943 4535 1096 4609 velut
1114 4517 1310 4608 clamat
1323 4555 1341 4604 ε
1368 4517 1632 4608 Apstinete
1653 4551 1739 4604 vos
1755 4554 1788 4592 α
1809 4535 1898 4608 de-

321 4627 530 4698 sideriis
578 4627 737 4702 hujus
779 4627 978 4697 circuli.
1019 4621 1345 4704 Mauducans
1389 4621 1567 4698 autem
1607 4636 1662 4698 et
1707 4629 1898 4694 bibens

321 4718 678 4812 quadraginta
697 4721 886 4778 diebus
907 4730 1030 4794 post
1051 4708 1500 4797 resurrectionem
1529 4721 1725 4787 carnis,
1755 4722 1900 4789 Velut

323 4813 590 4884 clamabat
613 4833 626 4868 :
659 4814 792 4871 Ecce
817 4833 910 4900 ego
939 4817 1334 4892 uobiscumlsum
1357 4833 1518 4890 usque
1543 4817 1614 4874 ad
1652 4834 1896 4880 consum:

320 4909 602 4966 motionem
653 4908 834 4964 circuli
877 4909 1089 4981 (Matth.
1123 4909 1670 4986 ultimo),'Jejupium
1699 4911 1898 4987 quippe

321 5012 412 5072 cst
437 5004 489 5058 in
516 5003 857 5060 tribulatione
883 5004 1211 5071 certaminis.
1243 5003 1508 5072 Quoniam
1535 5004 1706 5078 quiin
1727 5018 1898 5074 agone

321 5105 428 5176 est,
446 5095 516 5154 ab
538 5097 789 5168 munibus
811 5097 1088 5160 abstinens
1105 5107 1205 5160 est.
1224 5095 1390 5174 Cibus
1413 5105 1592 5159 autem
1609 5099 1663 5170 ig
1686 5113 1780 5170 spe
1805 5113 1902 5170 p4,

322 5189 424 5268 gis,
446 5204 566 5265 quae
589 5187 828 5262 perfecta
850 5204 958 5264 non
985 5190 1108 5258 erit,
1135 5188 1239 5244 nisi
1263 5205 1388 5256 cum
1406 5203 1605 5266 corpus
1629 5197 1902 5261 nostrum,

320 5280 478 5352 cuius
507 5289 883 5352 exspectamus
911 5281 1332 5353 redemptionem
1363 5279 1899 5344 induerititnrnorta-

319 5367 558 5448 iitatem,
591 5371 735 5443 quod
780 5359 1030 5428 nondum.
1063 5371 1409 5444 adipiscendo
1441 5371 1763 5443 gloriamur,
1803 5369 1900 5433 sed

321 5464 590 5538 sperando
609 5465 725 5536 jam
753 5463 1056 5536 pascimur,
1101 5473 1389 5538 utrumque
1421 5463 1710 5535 Apostolus
1736 5463 1899 5520 simul

319 5571 423 5632 nos
445 5571 604 5629 agere
629 5557 887 5622 ostendit,
917 5555 1139 5613 dicens:
1179 5554 1281 5626 Spe
1307 5556 1588 5631 gaudentes
1606 5596 1622 5622 ,
1649 5556 1703 5614 in
1733 5555 1896 5612 tribu-

318 5646 519 5728 {atione
561 5651 832 5721 patientes.
867 5647 1147 5719 Tanquam
1179 5649 1324 5706 aliud
1351 5656 1499 5725 esset
1523 5649 1573 5704 in
1611 5648 1764 5714 cibo,
1794 5647 1899 5704 hoc

319 5742 378 5800 in
396 5741 623 5816 jejunio.
653 5743 824 5800 Simul
852 5744 998 5799 enim
1033 5757 1158 5801 cum
1183 5741 1328 5798 viam
1351 5739 1562 5796 Domini
1593 5741 1892 5810 carpimus,

318 5841 379 5926 ﬁt
415 5851 451 5911 β
476 5837 717 5900 vanitate
753 5836 1038 5920 praesentis
1082 5833 1264 5916 saeculi
1293 5833 1624 5916 ieiunamus,
1645 5841 1703 5892 et
1726 5831 1897 5894 futuri

612 5985 672 6012 Χ

1921 4578 1976 4664 ll

1997 3339 2385 3410 consummatis
2406 3337 2597 3410 ieiunii
2630 3341 2842 3406 diebus,
2874 3341 3087 3412 esuriit,
3123 3357 3246 3399 cum
3282 3341 3349 3398 de
3398 3339 3581 3414 Moyse

1997 3427 2083 3485 vel
2127 3427 2276 3502 Helia
2311 3428 2686 3502 jejunaptibus
2725 3430 2858 3504 nihil
2889 3431 2998 3493 tale
3033 3432 3106 3500 sit
3133 3431 3418 3506 scriptum,
3463 3429 3586 3498 ideo

1998 3519 2203 3586 factum
2219 3529 2334 3592 est.
2366 3539 2435 3580 ne
2459 3523 2528 3580 ab
2557 3539 2625 3578 eo
2654 3523 2910 3600 tentando
2947 3539 3148 3596 pavens
3178 3523 3348 3593 hostis
3370 3522 3588 3598 aufuge-

1998 3623 2104 3689 ζει,
2118 3629 2277 3688 quem
2299 3630 2422 3678 cum
2439 3623 2518 3670 tot
2540 3615 2706 3690 signis
2718 3615 3042 3691 cmicstibus
3061 3606 3448 3690 praematura,
3471 3624 3584 3684 tum

1997 3707 2160 3765 etiam
2205 3707 2340 3770 viris
2380 3707 2866 3780 excellentissimis,
2916 3709 2972 3780 ip
3019 3708 3342 3781 abstinendo
3381 3707 3588 3777 videret

1998 3799 2335 3878 aequitatem.
2367 3799 2554 3868 Esurit
2573 3801 2720 3858 enim
2751 3801 2972 3877 humilis
2996 3799 3140 3874 Dens
3163 3801 3345 3876 primo,
3381 3813 3448 3858 ne
3479 3799 3584 3858 ini-.-

1998 3879 2140 3955 mico
2167 3893 2488 3962 innotescat,
2521 3894 2766 3962 sublimis
2795 3895 2960 3968 home
2983 3895 3146 3964 Deus,
3173 3892 3326 3968 Sicut
3355 3893 3500 3960 enim
3529 3893 3586 3951 in

1998 3987 2354 4059 quadraginta
2391 3989 2600 4046 dierum
2643 3987 2852 4058 jejunio
2877 4002 3040 4044 verus
3083 4001 3204 4062 esse
3243 3987 3385 4060 Dens
3421 4001 3585 4062 appa-

1997 4082 2128 4156 ruit,
2155 4082 2234 4146 sic
2269 4082 2321 4136 in
2352 4081 2532 4138 esurie
2561 4097 2724 4136 verus
2744 4097 2866 4138 esse
2892 4081 3198 4153 credendus
3219 4087 3304 4145 est
3331 4079 3512 4154 immo.

2072 4175 2142 4230 Et
2171 4176 2420 4231 accedens
2465 4184 2723 4242 tentatur,
2761 4174 2895 4229 dixit
2939 4175 3028 4228 ei:
3069 4171 3134 4238 Si
3175 4169 3348 4244 Filius
3387 4169 3484 4240 Dei
3507 4187 3583 4229 es.

2001 4267 2273 4339 Quaeritur
2295 4308 2310 4333 ,
2342 4283 2449 4338 qua
2495 4281 2660 4321 causa
2707 4266 3077 4340 testimavcrat
3103 4279 3228 4332 eum
3256 4261 3451 4337 Filium
3488 4261 3586 4336 Dei

1999 4373 2138 4414 esse.
2171 4357 2437 4414 Nimirum
2467 4359 2812 4438 permittente
2835 4357 2967 4424 Deo,
2988 4357 3236 4432 audierat
3261 4355 3478 4431 Patrem
3505 4356 3586 4426 di-

1999 4459 2212 4508 centem
2240 4470 2253 4506 :
2287 4449 2388 4506 llic
2409 4463 2483 4508 est
2510 4449 2686 4521 Filius
2708 4467 2850 4516 meus
2886 4449 3131 4517 dilectus,
3157 4451 3269 4520 sive
3298 4449 3420 4524 ideo
3457 4450 3585 4522 quia

2003 4541 2058 4599 in
2086 4544 2361 4615 prophetis
2389 4560 2513 4610 eum
2541 4545 2920 4618 prophetatum
2957 4551 3202 4614 noverat.
3248 4541 3356 4617 (Ea;
3402 4540 3583 4616 Vulg.)

2005 4637 2208 4718 Quaerit
2238 4645 2474 4692 tentator
2493 4637 2633 4710 quod
2656 4651 2764 4711 ηοῃ
2788 4637 3098 4712 merebatur
3117 4650 3428 4707 agnoscere.
3457 4619 3586 4706 Ejué

2005 4749 2239 4804 namque
2268 4731 2574 4790 veneranda
2613 4730 2886 4802 nativitas,
2922 4730 3011 4788 vix
3052 4737 3182 4798 tunc
3214 4729 3402 4810 paucis
3431 4731 3586 4800 inqu:-

2004 4829 2129 4894 tuit,
2156 4826 2350 4897 quibus
2378 4834 2558 4880 tamen
2588 4824 2702 4894 ipse.
2729 4823 2968 4890 revelare
2995 4823 3248 4898 dignatus
3283 4831 3384 4896 est.
3429 4821 3586 4886 Prin-

2003 4918 2176 4990 cipem
2201 4932 2331 4973 vero
2355 4915 2516 4986 hujus
2541 4914 2721 4970 saaculi
2751 4914 3026 4978 latuerunt
3048 4915 3151 4985 ista
3177 4917 3277 4970 tria
3302 4915 3582 4990 mysteria,

2003 5011 2058 5066 id
2084 5019 2169 5067 est
2192 5010 2494 5082 virginitas,
2527 5016 2718 5094 partus
2753 5017 2808 5062 et
2836 5007 3038 5078 passio.
3071 5006 3179 5082 (Ex
3201 5007 3395 5094 Beda.)
3433 5007 3586 5066 Anti-

2003 5117 2144 5173 quus
2168 5100 2342 5156 hostis
2367 5099 2783 5169 Redemptorem
2803 5097 3023 5154 humani
3053 5099 3267 5174 generis
3293 5098 3585 5155 debellato-

2002 5207 2119 5248 rem
2146 5207 2302 5248 suum
2327 5191 2384 5246 in
2417 5191 2676 5245 mundum
2701 5189 2916 5262 venisse
2941 5190 3212 5263 cognovit,
3243 5190 3384 5244 unde
3407 5196 3464 5246 et
3487 5202 3586 5262 per

2003 5286 2284 5341 obsessum
2307 5283 2579 5338 hominem
2599 5282 2764 5337 dixit:
2792 5281 2934 5360 Quid
2954 5283 3102 5360 nobis
3127 5293 3176 5338 et
3195 5279 3308 5356 tibi,
3335 5280 3384 5356 Ε
3386 5281 3443 5336 ili
3463 5281 3580 5354 Dei,

2004 5375 2188 5430 venisti
2228 5375 2329 5430 huc
2354 5415 2369 5441 ,
2417 5383 2538 5428 ante
2583 5383 2784 5445 tempus
2811 5359 3060 5446 torquere
3107 5391 3221 5428 nos.
3271 5369 3372 5438 Qui
3403 5381 3584 5432 tamen

2000 5465 2172 5536 prius,
2197 5479 2320 5520 cum
2339 5465 2484 5520 hunc
2501 5463 2812 5534 passibilem
2831 5471 3102 5530 cerneret,
3124 5477 3246 5518 eum
3265 5477 3426 5532 posse
3444 5480 3586 5522 mor.-

2003 5555 2132 5611 talia
2158 5556 2366 5627 perpeti
2385 5556 2696 5614 humanitas
2710 5556 3002 5621 videretur,
3020 5539 3180 5611 omne
3205 5555 3348 5625 quod
3368 5555 3436 5614 de
3463 5555 3583 5629 ejus

2001 5648 2284 5707 divinitate
2309 5649 2617 5720 suspicatus
2642 5657 2728 5707 est
2745 5690 2761 5715 ,
2788 5649 2840 5706 ei
2869 5647 3044 5704 fastus
3079 5659 3192 5702 suae
3231 5650 3497 5720 superbiae
3523 5651 3582 5707 in

1945 5785 1952 5792 .
2001 5741 2219 5798 dubium
2249 5741 2416 5796 venit.
2465 5741 2608 5798 Nihil
2655 5742 2852 5812 quippe
2891 5739 2997 5796 nisi
3023 5729 3576 5814 superbumsapiens,

1999 5835 2126 5908 dum
2153 5851 2275 5896 esse
2305 5835 2453 5899 hunc
2489 5835 2752 5901 humilem
2787 5834 3084 5912 conspicit,
3120 5834 3294 5898 Deum
3331 5835 3580 5898 essedu~
