4110 6520
510 428 615 492 {27

1787 414 2136 476 SMARAGDI
2172 409 2464 470 ABBATIS

3681 404 3793 467 128

509 548 730 616 bitavit,
776 543 921 601 unde
947 550 1003 599 et
1029 542 1096 598 ad
1122 537 1482 596 tentationum
1520 551 1580 593 se
1617 542 1938 606 argumenta
1960 547 2093 589 con-
2120 532 2173 591 Α
2197 525 2481 580 Dominum
2506 521 2675 576 Deum
2694 532 2860 576 tuum.
2903 520 3004 594 (Ex
3031 519 3206 594 Hier.)
3233 519 3425 578 Falsas
3456 521 3524 578 de
3547 523 3793 596 scriptu.

510 651 694 790 ﬂint":
709 742 765 788 ut
793 730 1009 802 lapides.
1041 727 1141 800 (Ex
1175 723 1423 796 Hieron.)
1457 721 1730 778 Esurienti
1753 732 1988 789 congrue
2009 716 2091 772 di-

511 829 682 884 citur:
710 826 804 880 Dic
829 832 884 876 ut
905 820 1104 892 lapides
1129 819 1216 871 isti
1244 832 1402 888 panes
1423 814 1574 883 ﬁant.
1603 811 1710 867 Sed
1739 811 1946 866 duobus
1966 822 2092 862 con-

516 919 696 974 trariis
727 910 1190 978 teneris,diabole.
1227 908 1282 964 Si
1315 909 1380 962 ad
1408 906 1692 975 imperium
1723 904 1837 973 ejus
1866 909 2092 972 possunt

512 1004 714 1072 lapides
757 1014 928 1070 panes
971 997 1126 1062 ﬁeri,
1172 1010 1301 1066 ergo
1347 992 1550 1047 frustra
1584 999 1762 1046 tentas
1810 1005 1965 1052 eum,
1999 988 2092 1058 qui

513 1102 676 1149 tanta:
695 1091 950 1162 potentiae
975 1099 1076 1145 est.
1103 1087 1199 1142 Sin
1226 1094 1406 1141 autem
1433 1099 1540 1140 non
1563 1090 1740 1155 potest
1761 1081 1957 1136 facere.
1982 1079 2095 1135 fru-

513 1196 626 1242 stra
656 1185 750 1240 Dei
782 1184 950 1238 ﬁlium
977 1180 1290 1251 suspicaris.

588 1297 692 1365 Qui
723 1295 1036 1366 respondens
1081 1295 1194 1347 ait:
1230 1291 1493 1362 Scriptum
1539 1297 1614 1344 est
1646 1305 1662 1342 :
1699 1286 1821 1341 Non
1865 1289 1919 1342 in
1962 1305 2095 1358 pane

515 1391 627 1446 solo
657 1391 778 1445 vivit
807 1391 1008 1453 homo,
1045 1387 1134 1441 sed
1167 1387 1223 1439 in
1252 1385 1392 1438 omni
1423 1382 1572 1436 verbo
1607 1381 1746 1452 quod
1772 1381 2002 1451 procedit
2033 1382 2096 1435 de

517 1501 606 1538 ore
627 1482 744 1536 Dei.
769 1479 1156 1536 Testimonium
1180 1477 1246 1531 de
1267 1473 1678 1530 Deuteronomio
1701 1481 1971 1542 sumptum
1991 1481 2093 1528 est.

516 1575 642 1630 Ideo
670 1581 846 1628 autem
878 1573 956 1627 sic
983 1570 1260 1640 respondit
1291 1568 1569 1630 Dominus,
1600 1567 1725 1637 quia
1749 1567 2098 1637 praepositum

517 1667 566 1720 ei
604 1674 720 1721 erat
767 1662 1071 1718 humilitate
1101 1659 1372 1715 diabolum
1399 1659 1618 1714 vincere
1667 1673 1775 1712 non
1823 1658 2096 1726 potentia,

519 1759 786 1827 simulque
817 1754 1315 1818 animadvertendo,
1347 1752 1489 1822 quod
1519 1752 1622 1806 nisi
1638 1748 1884 1820 jejunare
1913 1751 2104 1820 coepis-

519 1859 602 1906 set
626 1851 917 1913 Dominus,
966 1846 1205 1902 tentandi
1247 1843 1460 1899 occasio
1488 1858 1592 1896 non
1631 1841 1822 1896 fuisset
1864 1840 2098 1906 diabolo,

521 1943 817 2000 secundum
862 1941 1030 1996 illud:
1072 1936 1216 2003 Fili,
1246 1936 1496 1991 accedens
1534 1936 1602 1988 ad
1641 1935 1941 1990 servitutem
1982 1934 2100 2001 Dei,

520 2050 761 2104 prwpara
803 2031 1033 2086 animam
1062 2038 1206 2083 tuam
1237 2027 1306 2080 ad
1351 2027 1706 2080 tentationem.
1753 2024 1860 2081 Sed
1896 2033 1951 2080 ct
1992 2026 2106 2096 ipsa

524 2124 804 2194 responsio
850 2121 1150 2176 Salvatoris
1207 2118 1484 2174 hominem
1531 2117 1696 2173 fuisse
1751 2117 1982 2183 indicat,
2013 2117 2108 2189 qui

525 2223 760 2270 tentatus
781 2221 882 2268 est.
909 2211 967 2268 Si
987 2212 1108 2282 quis
1132 2225 1262 2282 ergo
1286 2224 1394 2264 non
1422 2209 1656 2264 vescitur
1677 2209 1842 2264 verbo
1864 2207 1983 2276 Dei,
2006 2208 2108 2265 iste

526 2322 633 2361 non
646 2306 817 2360 vivit.

598 2419 706 2493 (Ea:
734 2419 911 2490 Amb.)
961 2418 1041 2473 Ita
1077 2417 1224 2473 enim
1250 2417 1513 2473 domitam
1543 2415 1728 2472 docuit
1754 2431 1872 2472 esse
1899 2423 2115 2486 oporte-

528 2530 586 2569 re
623 2515 970 2584 cupiditatem
1013 2512 1322 2582 voluptatis,
1371 2519 1434 2565 ut
1475 2526 1576 2566 nec
1617 2509 1762 2566 fame
1809 2510 2108 2566 cedendum

527 2606 614 2670 sit,
663 2604 1015 2674 quamobrem
1053 2603 1299 2672 quisquis
1334 2602 1478 2655 intus
1516 2601 1611 2654 Dei
1636 2602 1802 2655 verbo
1842 2601 2107 2670 pascitur,

528 2711 635 2751 non
665 2695 860 2764 quaerit
894 2695 947 2748 in
979 2695 1083 2747 ista
1110 2707 1295 2748 eremo
1323 2692 1671 2762 voluptatem.

587 2804 732 2859 Tunc
761 2804 1039 2874 assumpsit
1062 2820 1178 2856 eum
1201 2800 1440 2856 diabolus
1475 2802 1530 2854 in
1566 2809 1802 2866 sanctam
1829 2801 2108 2867 civitatem,

529 2905 578 2951 et
606 2898 787 2950 statuit
814 2912 930 2949 eum
965 2911 1120 2966 super
1145 2892 1486 2965 pinnaculum
1522 2892 1721 2962 templi,
1759 2902 1807 2946 et
1838 2892 1972 2945 dixit
2015 2892 2063 2946 ei
2089 2904 2108 2944 :

533 2989 593 3045 Si
621 2988 794 3044 Filius
828 2988 927 3043 Dei
957 3005 1010 3042 es
1040 2989 1182 3042 mitte
1207 2998 1255 3041 te
1289 2987 1553 3041 deorsum.
1596 2985 1712 3042 Vox
1739 2986 1938 3043 diaboi
1969 3001 2111 3042 sem-

535 3095 634 3149 per
662 3094 850 3135 omnes
879 3079 1128 3134 deorsum
1153 3077 1347 3133 cadere
1368 3076 1499 3131 vult.

603 3189 712 3262 (Ea:
735 3188 920 3260 Fulg.)
958 3189 1016 3243 In
1062 3197 1304 3244 sanctam
1343 3189 1616 3244 civitatem
1654 3187 1990 3244 Hierusalem
2029 3189 2112 3246 di-

2193 619 2270 674 ris
2297 616 2495 672 diaboli
2531 619 2779 688 sagittas,
2813 618 2957 673 veris
2999 618 3390 688 scripturarum
3426 618 3630 691 frangit
3671 620 3794 692 cly-

2190 715 2326 787 peis.
2361 713 2426 768 Et
2452 712 2745 767 notandum
2773 711 2915 782 quod
2956 712 3263 768 necessaria
3303 711 3614 767 testimonia
3639 711 3792 769 Deu-

2193 805 2480 862 teronomii
2508 813 2719 860 tantum
2746 804 3135 875 protulerit.ut
3161 804 3409 861 secundae
3437 803 3573 874 legis
3596 819 3791 861 sacra-

2192 906 2374 952 menta
2412 903 2761 951 monstraret.

2264 988 2372 1060 (Ea:
2403 987 2564 1059 Aug.)
2614 985 2738 1042 Non
2772 987 3016 1052 tentabis,
3064 986 3255 1057 inquit,
3295 985 3581 1040 Dominum
3617 985 3795 1041 Deum

2194 1089 2363 1134 tuum.
2411 1077 2811 1150 Suggerebatur
2837 1081 2980 1134 enim
3010 1087 3266 1149 tanquam
3296 1077 3524 1144 homini,
3548 1087 3611 1132 ut
3634 1079 3798 1149 signo

2195 1171 2373 1241 aliquo
2408 1171 2732 1240 exploraret,
2776 1173 2889 1242 ipse
2929 1181 3162 1241 quantus
3201 1177 3369 1236 esset,
3398 1170 3453 1224 id
3480 1177 3584 1234 est,
3621 1184 3794 1240 quam

2195 1261 2421 1316 multum
2451 1261 2592 1331 apud
2621 1260 2789 1316 Deum
2818 1270 3022 1332 posset,
3054 1259 3197 1332 quod
3221 1260 3413 1315 vitiose
3446 1257 3506 1312 lit
3535 1273 3657 1314 cum
3702 1249 3794 1326 ﬁt,

2195 1353 2429 1422 pertinet
2455 1367 2687 1422 namque
2716 1353 2781 1406 ad
2808 1369 2994 1408 sanam
3022 1351 3344 1416 doctrinam,
3377 1350 3594 1421 quando
3621 1349 3800 1409 habet.

2195 1445 2337 1514 quod
2360 1443 2521 1499 faciat
2539 1444 2718 1509 homo,
2749 1460 2851 1498 non
2879 1453 3084 1498 tentare
3112 1443 3399 1498 Dominum
3416 1441 3583 1496 Deum
3607 1452 3798 1499 suum.

2269 1533 2472 1588 Iterum
2515 1535 2796 1605 assumpsit
2838 1552 2956 1588 eum
2984 1533 3224 1587 diabolus
3258 1534 3316 1586 in
3344 1541 3572 1586 montem
3612 1527 3799 1585 excela

2199 1644 2314 1683 sum
2343 1626 2509 1682 valde.
2550 1627 2810 1683 Excelsus
2835 1643 2989 1682 mons
3015 1626 3231 1693 dicitur,
3265 1625 3389 1696 quia
3421 1625 3478 1680 in
3509 1640 3576 1680 eo
3603 1623 3798 1679 diabo-

2200 1701 2283 1773 1us
2317 1718 2566 1783 vincitur,
2599 1727 2653 1774 et
2681 1717 2797 1788 ejus
2834 1718 2906 1773 ibi
2941 1718 3146 1773 calcata
3177 1727 3232 1773 et
3257 1715 3502 1785 subjecta
3533 1713 3797 1786 superbia

2203 1817 2424 1864 stratur.
2477 1809 2686 1874 Aliter,
2738 1809 2982 1865 excelsus
3027 1824 3182 1864 mons
3229 1807 3537 1877 superbiam
3590 1803 3797 1860 diaboli

2129 1901 2176 1961 B
2205 1898 2491 1970 signiﬁcat.
2541 1899 2796 1954 Diabolus
2819 1901 3014 1955 ducere
3041 1916 3164 1954 eum
3185 1898 3410 1954 festinat
3451 1897 3520 1952 ad
3546 1904 3786 1961 montes,

2205 2001 2265 2045 ut
2287 2005 2382 2061 per
2411 2007 2544 2060 quos
2571 1992 2684 2062 ipse
2726 1999 3027 2058 corruerat,
3073 1991 3238 2046 etiam
3285 1989 3466 2045 czeteri
3505 1995 3788 2045 corruant.

2204 2080 2460 2135 Dominus
2489 2081 2556 2135 ad
2582 2081 2803 2136 humilia
2835 2080 3131 2146 descendit,
3159 2087 3218 2134 ut
3245 2079 3521 2136 diabolum
3559 2077 3781 2134 humili-

2207 2179 2317 2226 tate
2345 2180 2645 2242 superaret.
3106 2233 3112 2240 ,

2277 2264 2348 2318 Et
2375 2265 2595 2326 ostendit
2623 2267 2669 2320 ei
2698 2267 2872 2322 omnia
2903 2283 3063 2338 regna
3093 2265 3300 2332 mundi,
3333 2272 3439 2320 etc.
3491 2262 3684 2319 Omnia
3714 2262 3801 2318 vi-

2207 2353 2402 2411 delicet
2437 2357 2829 2425 desiderabilia,
2860 2375 2979 2428 quae
3006 2360 3061 2413 in
3104 2374 3239 2414 auro
3267 2366 3321 2414 et
3347 2366 3570 2428 argento
3605 2357 3803 2427 lapidi-

2205 2446 2307 2503 bus
2347 2447 2552 2516 electis,
2600 2457 2656 2504 et
2693 2451 2934 2506 vestibus
2981 2450 3233 2520 pretiosis
3271 2450 3641 2517 continentur,
3680 2449 3800 2505 sive

2209 2540 2527 2610 simpliciter
2559 2543 2954 2611 accipiendum,
2981 2542 3126 2613 quod
3154 2550 3300 2598 totus
3335 2540 3570 2598 mundus
3614 2543 3684 2597 ab
3730 2554 3799 2596 eo

2209 2631 2263 2686 in
2291 2640 2565 2687 momento
2584 2633 2730 2688 visus
2754 2635 2843 2688 sit.

2284 2722 2349 2777 Et
2382 2723 2606 2795 gloriam
2631 2742 2829 2780 eorum.
2878 2725 3062 2782 Gloria
3093 2726 3300 2793 mundi,
3333 2741 3452 2796 qua;
3480 2740 3605 2781 cum
3637 2740 3799 2780 mun-

2209 2818 2278 2874 do
2303 2819 2646 2889 prazteritura
2675 2828 2775 2885 est,
2803 2820 2857 2874 in
2886 2829 3071 2877 monte
3099 2829 3154 2876 et
3177 2821 3233 2876 in
3260 2818 3547 2891 supercilio
3577 2817 3803 2874 demon-

2210 2919 2430 2968 stratur.

2279 3005 2349 3059 Et
2391 3004 2525 3060 dixit
2558 3004 2638 3060 illi
2665 3021 2683 3059 :
2706 3004 2836 3060 ch
2860 3008 3036 3062 omnia
3072 3007 3164 3061 tibi
3192 3006 3345 3072 dabo,
3375 3007 3423 3061 si
3449 3006 3640 3061 cadens
3665 3004 3804 3059 ado-

2210 3097 2406 3150 moeris
2439 3113 2542 3150 me.
2595 3097 2696 3168 (Ex
2729 3095 2904 3169 Hier.)
2948 3097 3221 3168 Arrogans
3258 3105 3314 3152 et
3340 3096 3606 3168 superbus
3633 3096 3805 3151 etiam

2211 3189 2316 3244 hoc
2342 3189 2408 3244 de
2426 3187 2690 3257 jactantia
2720 3189 2978 3268 loquitur,
3007 3206 3113 3246 non
3149 3189 3293 3260 quod
3339 3189 3393 3244 in
3440 3196 3554 3243 toto
3597 3186 3806 3242 mundo

531 3282 622 3336 cit.
665 3280 1015 3336 Pinnaculum
1043 3296 1174 3352 ergo
1209 3280 1387 3350 templi
1416 3281 1572 3336 sedes
1600 3290 1719 3335 erat
1745 3281 2023 3335 doctorum
2054 3282 2108 3336 in
2138 3266 2182 3328 (Σ
2201 3282 2409 3350 habeat
2445 3266 2800 3351 potestatem,
2827 3290 2920 3336 aut
2951 3292 3013 3337 ut
3039 3282 3209 3353 possit
3237 3282 3419 3337 omnia
3448 3296 3614 3353 regna
3645 3280 3802 3345 dare,

533 3373 708 3428 medio
761 3371 939 3441 templi
986 3371 1244 3438 tabulata,
1293 3386 1356 3426 ac
1397 3386 1495 3442 per
1535 3371 1636 3426 hoc
1683 3378 1926 3441 apparet,
1971 3370 2116 3441 quod

532 3464 694 3519 etiam
725 3464 779 3517 in
810 3463 941 3518 locis
968 3463 1173 3519 sanctis
1201 3461 1441 3517 diabolus
1468 3461 1776 3516 insidietur.
1831 3461 1939 3517 Sed
1968 3478 2114 3533 qua:-

534 3554 638 3609 stio
679 3555 874 3619 oritur,
915 3553 1183 3623 quomodo
1220 3554 1277 3607 in
1317 3553 1532 3608 deserto
1574 3553 1900 3608 tentationes
1959 3553 2115 3610 facta:

534 3647 805 3710 dicuntur,
833 3661 954 3700 cum
977 3646 1080 3699 ista
1109 3653 1163 3699 et
1192 3645 1246 3699 in
1270 3653 1458 3700 sancta
1482 3646 1701 3699 civitate
1727 3655 1783 3700 et
1810 3661 1972 3715 supra
1997 3646 2115 3716 piu-

535 3736 786 3792 naculum
841 3735 1025 3805 templi
1072 3735 1215 3790 facta
1263 3743 1507 3790 testetur.
1567 3735 1671 3789 Alii
1719 3737 1864 3790 enim
1908 3737 2112 3803 dicunt,

536 3830 678 3900 quod
699 3838 907 3885 aeterm
931 3828 988 3883 in
1012 3842 1218 3892 eremo,
1245 3827 1348 3882 ista
1386 3827 1442 3881 in
1471 3826 1807 3882 Hierusalem
1841 3829 1912 3884 sit
1949 3829 2115 3896 facta,

537 3921 626 3975 alii
655 3922 839 3976 dicunt
867 3919 1012 3991 quod
1037 3927 1093 3974 et
1119 3920 1223 3975 ista
1259 3919 1317 3975 in
1351 3934 1536 3975 eremo
1570 3917 1736 3974 fuerit
1784 3923 1964 3978 animo
2004 3931 2122 3983 tan-

538 4023 652 4069 tum
683 4022 920 4070 ostensa.

607 4123 874 4196 Scriptum
907 4133 983 4180 est
1021 4125 1180 4190 enim,
1227 4125 1350 4196 quia
1383 4125 1580 4197 angelis
1609 4128 1719 4182 suis
1756 4127 2022 4182 mandavit
2051 4127 2118 4183 de

559 4229 628 4286 te,
651 4227 698 4273 et
721 4218 1034 4272 inmanibus
1064 4216 1248 4271 tollant
1283 4228 1349 4272 te.
1393 4218 1492 4285 (Ex
1520 4218 1692 4284 llier.)
1733 4219 1861 4275 limo
1900 4235 2008 4276 non
2051 4220 2118 4275 de

537 4308 774 4374 Christo,
798 4310 890 4364 sed
917 4309 984 4363 de
1012 4309 1119 4364 alio
1147 4310 1265 4364 viro
1290 4319 1496 4375 sancto,
1525 4311 1806 4380 prophetia
1837 4320 1940 4366 est.
1981 4310 2118 4367 Male

537 4415 666 4472 ergo
696 4402 1079 4469 interpretatur
1107 4401 1352 4458 diabolus
1379 4403 1702 4472 scripturas,
1735 4413 1879 4460 certe
1923 4406 1989 4460 de
2023 4421 2121 4461 an-

539 4491 779 4562 gelorum
809 4491 1027 4556 auxilio,
1057 4492 1212 4560 quasi
1245 4493 1310 4546 ad
1338 4493 1612 4550 inﬁrmum
1641 4496 1895 4565 loquitur,
1936 4499 2002 4553 de
2035 4498 2119 4553 sul

539 4583 960 4664 conculcatione,
991 4583 1144 4653 quasi
1171 4585 1557 4654 tcrgiversator
1594 4595 1755 4651 tacet,
1793 4589 1918 4658 quia
1955 4591 2022 4645 de
2059 4606 2117 4646 se

539 4673 798 4743 scriptum
821 4687 939 4727 esse
962 4673 1269 4742 cognoscit:
1291 4672 1460 4745 Super
1481 4678 1712 4745 aspidem
1738 4687 1784 4732 et
1815 4679 2115 4736 basiliscum

540 4763 852 4830 ambulabis,
881 4774 927 4820 et
961 4765 1289 4820 conculcabis
1325 4767 1521 4822 leonem
1551 4780 1597 4822 et
1620 4769 1916 4826 draconem.

615 4875 721 4948 (Ex
750 4876 923 4949 Cass.)
975 4878 1167 4934 Omnia
1191 4881 1294 4936 ista
1335 4884 1552 4938 nomina
1579 4885 1792 4942 diabolo
1816 4903 2118 4959 congruen-

542 4973 623 5021 ter
653 4975 922 5035 aptantur.
958 4968 1116 5039 Aspis
1143 4979 1247 5036 est,
1279 4971 1406 5026 dum
1441 4975 1650 5029 occulta
1678 4977 1932 5045 percutit.
1973 4978 2120 5034 Basi-

540 5058 724 5123 liscus,
755 5076 875 5114 cum
899 5061 1078 5130 palam
1104 5079 1310 5118 venena
1333 5067 1666 5122 disseminat.
1710 5067 1820 5124 Leo
1849 5070 1974 5125 dum
1995 5086 2118 5139 per-

541 5151 783 5220 sequitur
825 5152 1154 5209 innocentes.
1194 5157 1367 5211 Draco
1411 5173 1532 5212 cum
1576 5159 1926 5230 negligentes,
1955 5162 2119 5233 impia

542 5241 821 5298 ferocitate
858 5244 1098 5315 deglutit.
1139 5246 1338 5301 Verum
1371 5249 1489 5303 ιιωο
1519 5252 1699 5305 omnia
1743 5251 1976 5322 glorioso
2021 5253 2119 5310 ad-

542 5344 703 5390 ventu
721 5335 930 5390 Domini
952 5336 1174 5406 pedibus
1195 5339 1361 5408 ipsius
1384 5350 1648 5410 prostrata
1667 5342 1976 5412 jacuerunt.

617 5448 696 5501 Ne
728 5451 861 5519 forte
895 5453 1132 5522 offendas
1165 5455 1234 5508 ad
1264 5454 1487 5525 lapidem
1524 5459 1704 5529 pedem
1732 5471 1899 5518 tuum.
1936 5464 1995 5519 id
2036 5473 2122 5520 est

543 5558 610 5596 ne
639 5542 692 5596 in
717 5543 911 5614 legem,
939 5563 1057 5617 quae
1084 5549 1136 5602 in
1170 5549 1393 5618 lapideis
1419 5553 1614 5608 tabulis
1645 5557 1868 5626 scripta,
1893 5559 2116 5614 videba-

545 5639 632 5684 tur
668 5633 987 5702 incurreret,
1026 5641 1180 5711 cujus
1221 5648 1446 5695 venerat
1469 5641 1855 5711 plenitudinem
1902 5649 2121 5704 salutari

544 5721 848 5793 integritate
877 5727 1099 5785 ﬁrmari.

614 5836 700 5894 Ait
732 5837 810 5894 illi
834 5839 1258 5904 Jesus:Rursus
1299 5847 1550 5918 scriptum
1591 5858 1707 5904 est:
1736 5849 1859 5907 Non
1897 5851 2120 5909 tentabis

2215 3373 2312 3428 sed
2355 3373 2629 3428 suadendo
2678 3381 2732 3429 et
2779 3382 3098 3443 arroganter
3141 3374 3259 3429 htec
3301 3372 3557 3444 loquitur.
3606 3371 3675 3426 Et
3713 3371 3807 3426 hic

2213 3466 2534 3531 ostenditur,
2593 3467 2736 3536 quod
2777 3467 2954 3522 omnis
3001 3467 3318 3521 ambitiosus
3365 3467 3562 3522 cadens
3613 3465 3806 3522 diabo-

2214 3554 2323 3616 lum
2374 3556 2582 3611 adorat.
2643 3555 2915 3624 Quaeritur
2961 3573 3062 3612 cur
3101 3557 3158 3612 in
3205 3556 3396 3612 ordine
3445 3557 3805 3612 tentationum

2215 3644 2494 3702 Matthaeus
2540 3647 2822 3718 Lucasque
2867 3648 3220 3704 discordant?
3265 3647 3393 3703 Sine
3452 3648 3614 3703 dubio
3668 3647 3808 3701 Mat-

2213 3738 2386 3793 thaeus
2413 3738 2655 3794 ordinem
2698 3739 3014 3796 tentationis
3051 3739 3181 3796 Adae
3204 3781 3219 3806 ,
3263 3738 3439 3796 Lucas
3468 3753 3597 3795 vero
3635 3738 3807 3796 histo-

2214 3832 2309 3888 riae
2333 3832 2576 3893 ordinem
2599 3840 2816 3888 secutus
2841 3842 2944 3889 est.

2290 3926 2434 3985 Tunc
2455 3928 2581 3981 dicit
2607 3929 2653 3981 ei
2673 3927 2869 3982 Iesus:
2901 3925 3066 3994 Vade,
3093 3926 3339 3982 Satanas.
3380 3923 3519 3991 Non,
3555 3932 3616 3979 ut
3645 3924 3810 3996 pleri-

2215 4038 2320 4094 que
2356 4031 2568 4094 putant,
2597 4022 2784 4078 eadem
2815 4021 3045 4076 Satanas
3073 4029 3129 4076 et
3151 4020 3427 4092 apostolus
3458 4019 3652 4074 Petrus
3680 4033 3809 4074 sen-

2215 4113 2383 4169 tentia
2411 4113 2856 4168 condemnantur.
2907 4111 3070 4167 Petro
3091 4112 3233 4167 enim
3265 4112 3463 4166 dicitur
3493 4129 3507 4165 :
3539 4111 3688 4166 Vade
3714 4125 3805 4165 re-

2216 4210 2321 4270 tro,
2352 4202 2573 4267 Satana,
2621 4203 2675 4257 id
2721 4212 2822 4268 est,
2867 4217 3094 4272 sequere
3139 4219 3243 4267 me,
3279 4201 3372 4272 qui
3409 4201 3716 4256 contrarius
3746 4215 3807 4257 es

2215 4292 2478 4347 voluntati
2504 4309 2660 4359 mete,
2691 4293 2780 4348 hic
2814 4309 2944 4347 vero
2973 4294 3138 4357 audit,
3170 4293 3324 4356 vade,
3358 4291 3578 4356 Satana,
3609 4300 3665 4346 et
3696 4305 3806 4346 non

2218 4385 2267 4440 ei
2296 4385 2494 4440 dicitur
2523 4393 2694 4450 retro,
2723 4393 2785 4439 ut
2813 4385 3162 4439 subaudiatur
3190 4385 3244 4437 in
3271 4385 3450 4454 ignem
3481 4393 3769 4438 aeternum.

2290 4475 2555 4546 Scriptum
2583 4484 2658 4531 est
2679 4477 2838 4540 enim,
2866 4474 3142 4529 Dominum
3165 4474 3332 4529 Deum
3357 4454 3504 4528 tuuni
3530 4473 3802 4542 adorabis,

2219 4580 2267 4626 et
2295 4570 2374 4625 illi
2393 4571 2491 4625 soli
2522 4573 2732 4626 servies.
2781 4570 2977 4646 Dicens
3001 4569 3246 4624 diabolus
3269 4568 3563 4634 Salvatori,
3594 4569 3639 4623 si
3675 4585 3804 4641 pro-

2223 4661 2398 4714 cidens
2430 4661 2730 4715 adoraveris
2771 4678 2872 4726 me,
2911 4676 2942 4715 e
2978 4661 3252 4716 contrario
3288 4660 3457 4726 audit,
3499 4659 3641 4730 quod
3687 4660 3807 4730 ipse

2222 4751 2394 4822 magis
2422 4753 2648 4807 adorare
2672 4768 2793 4807 eum
2820 4753 3015 4808 debeat
3045 4752 3329 4808 Dominum
3355 4761 3407 4807 et
3427 4752 3595 4806 Deum
3623 4765 3800 4806 suum.

2222 4842 2425 4910 Quaerit
2462 4843 2600 4898 forte
2645 4843 2839 4914 aliquis
2882 4847 3149 4916 quomodo
3195 4845 3497 4907 conveniat,
3541 4844 3684 4915 quod
3714 4843 3806 4900 hic

2221 4936 2529 5006 praecipitur
2556 4936 2783 4994 Domino
2822 4938 2920 4993 soli
2950 4938 3314 5003 serviendum,
3344 4937 3585 5008 Apostoli
3612 4938 3802 5004 verbo,

2223 5025 2314 5093 qui
2356 5026 2504 5091 dicit,
2547 5025 2653 5080 Sed
2692 5043 2785 5097 per
2827 5027 3133 5082 charitalem
3175 5029 3357 5083 servile
3406 5029 3644 5082 invicem.
3694 5024 3804 5082 Sed

2217 5114 2345 5170 huic
2370 5115 2526 5170 facile
2546 5115 2747 5172 Graeca:
2767 5117 2982 5185 linguae,
3007 5133 3074 5172 ex
3107 5133 3212 5186 qua
3234 5118 3514 5189 scriptura:
3544 5116 3804 5172 translata

2219 5216 2304 5262 est
2340 5209 2492 5278 origo
2532 5208 2815 5274 satisfacit,
2858 5210 2912 5262 in
2942 5224 3049 5278 qua
3090 5211 3323 5265 servitus
3366 5210 3575 5266 duobus
3626 5208 3803 5265 modis

2223 5312 2288 5353 ac
2316 5300 2526 5354 diversa
2556 5299 2947 5370 signiﬁcatione
2969 5300 3105 5355 solet
3123 5301 3399 5372 appellari.
3430 5303 3633 5358 Dicitur
3655 5303 3804 5359 enim

2221 5389 2426 5462 λατρὶα,
2457 5391 2654 5445 dicitur
2682 5398 2735 5444 et
2765 5389 2984 5455 δουλεία,
3005 5391 3098 5447 sed
3122 5391 3318 5450 δουλεία
3348 5395 3663 5465 intelligitur
3689 5409 3804 5449 ser-

2224 5485 2366 5537 vitus
2396 5483 2714 5547 communis,
2752 5483 2854 5537 hoc
2883 5492 2985 5548 est,
3013 5485 3124 5540 sive
3155 5485 3265 5541 Deo
3301 5487 3413 5541 sive
3448 5485 3650 5541 homini
3687 5484 3803 5540 sive

2225 5573 2445 5627 cuilibet
2479 5588 2660 5627 rerum
2691 5579 2895 5628 natura:
2925 5574 3182 5640 exhibita,
3234 5591 3262 5630 a
3293 5591 3395 5645 qua
3425 5576 3588 5630 etiam
3612 5583 3668 5630 et
3689 5590 3804 5630 ser-

2223 5682 2341 5730 vus,
2377 5666 2428 5720 id
2457 5675 2555 5729 cst,
2592 5666 2764 5728 δούλας
2789 5665 2975 5722 Graace
3001 5685 3191 5723 nomen
3216 5670 3452 5738 accepit“
3498 5671 3682 5746 λατρὲα
3705 5685 3802 5724 au-

2225 5767 2332 5812 tem
2380 5765 2604 5813 vocatur
2641 5757 2872 5813 servitus
2897 5758 3005 5823 illa,
3034 5775 3153 5828 quae
3180 5761 3280 5813 soli
3310 5760 3605 5817 divinitatis
3632 5758 3800 5817 cultui

2224 5853 2423 5921 debita,
2469 5867 2644 5924 neque
2675 5860 2759 5910 est
2785 5851 2878 5908 ulli
2908 5853 3280 5928 participanda
3311 5865 3591 5914 creaturas.
3647 5853 3803 5917 Unde
