4110 6448
1095 375 1611 437 COLLECTIONES
1645 376 1715 435 IN
1761 373 2140 436 EPISTOLAS
2178 373 2267 429 ΕΤ
2305 369 2716 433 EVANGELIA.

3436 385 3545 442 150

269 509 332 560 et
371 495 671 555 idololatra:
707 503 1102 568 nuncupantur,
1140 498 1197 552 hi
1234 499 1326 568 qui
1355 500 1544 563 vitam,
1575 484 1764 570 preces
1811 505 1868 555 et
1892 499 1946 561 Α
1969 510 2221 565 namque,
2261 505 2315 550 et
2353 496 2678 567 turpiloquia
2715 504 2773 553 et
2809 495 3111 556 scurrilitas
3149 505 3206 554 et
3247 497 3453 558 ludicra
3492 511 3552 563 et

269 591 570 657 sacriﬁcia,
599 606 720 661 qua:
746 591 837 646 uni
865 591 976 644 Deo
1010 590 1308 646 debuerant
1341 593 1500 647 idolis
1528 593 1862 662 impendunt.

269 683 538 740 Jubemur
561 695 690 752 ergo
714 695 812 751 per
833 681 1158 736 charitatem
1192 682 1400 738 servire
1434 683 1686 747 invicem,
1722 683 1866 752 quod

269 785 383 843 est,
416 775 604 832 Grazce
633 773 901 830 δουλεύειν.
932 772 1196 829 Jubemur
1223 775 1315 829 uni
1337 775 1446 831 Deo
1467 775 1689 840 servire,
1721 775 1867 846 quod

272 877 361 925 est
393 867 584 924 Graece
621 868 902 946 λατρεύειν,
932 866 1074 921 unde
1101 865 1300 921 dicitur
1331 875 1387 921 et
1412 866 1489 921 illi
1513 865 1611 922 soli
1638 865 1863 932 servies,

270 961 420 1033 quod
441 968 527 1016 est
553 959 742 1016 Graece
767 961 1087 1038 λατρεύσεις.
1127 959 1195 1014 Et
1222 960 1418 1015 iterum
1447 975 1462 1014 :
1491 959 1604 1014 Νοε
1626 960 1764 1013 enim
1785 977 1870 1014 su-

270 1069 393 1107 mus
417 1049 747 1105 circumcisio
771 1051 962 1121 spiritu
984 1049 1082 1104 Dei
1108 1051 1384 1104 servientes
1405 1047 1572 1121 (Phil.
1598 1049 1706 1116 ιιι),
1723 1050 1868 1120 quod

269 1149 361 1199 est
381 1146 436 1197 in
458 1140 647 1197 Graeco
669 1141 1034 1217 λατρεύωντις.

351 1231 495 1286 Tunc
519 1231 726 1302 reliquit
752 1249 870 1286 eum
903 1233 1164 1298 diabolus,
1201 1241 1249 1288 et
1283 1250 1398 1288 ecce
1425 1233 1610 1304 Angeli
1640 1249 1868 1290 accesse-

273 1334 404 1379 runt
431 1334 479 1379 et
508 1324 874 1380 ministrabant
903 1327 972 1380 ei.
1001 1325 1102 1398 (Ex
1127 1325 1301 1397 Hier.)
1326 1326 1588 1382 Przecedit
1618 1327 1866 1393 tentatio,

271 1423 338 1472 ut
373 1424 633 1487 sequatur
669 1417 919 1472 victoria.
965 1416 1156 1490 Angeli
1199 1417 1528 1484 ministrant,
1560 1425 1620 1472 ut
1646 1418 1870 1474 victoris

271 1505 512 1578 dignitas
541 1507 944 1578 comprobetur.

917 1660 1234 1702 CONCOBDIA.

347 1773 578 1830 lstarum
615 1777 843 1832 duarum
873 1786 930 1833 et
957 1777 1013 1832 in
1042 1786 1168 1834 actu
1188 1777 1546 1850 jejuniorum,
1571 1789 1627 1838 et
1649 1781 1704 1837 in
1733 1791 1870 1839 tem-

1969 585 2138 641 multa
2163 585 2498 655 stultiloquia
2525 595 2841 643 nascuntur.

2039 677 2148 750 (Ex
2186 676 2450 750 Cassiod.)
2491 680 2585 734 Est
2627 689 2682 736 et
2722 680 2825 734 alia
2861 681 3146 739 fornicatio
3186 683 3442 754 pessima,
3487 687 3556 744 de

1968 787 2077 843 qua
2102 787 2201 828 nos
2225 773 2372 827 omni
2404 774 2564 828 modo
2586 775 2838 828 convenit
2861 777 3153 832 abstinere.
3201 777 3296 834 llla
3323 779 3553 848 scilicet,

1967 863 2035 920 de
2061 877 2166 933 qua
2188 863 2474 919 Psalmista
2509 864 2625 918 ait:
2649 862 2941 920 Perdidisti
2970 884 3146 922 omnes
3171 869 3260 940 qui
3287 868 3558 940 fornican-

1967 964 2054 1009 tur
2097 954 2189 1010 abs
2230 965 2278 1009 te
2322 955 2495 1028 (Psal.
2532 956 2745 1028 LXXIII).
2788 957 3066 1014 Fornicari
3110 943 3143 1015 5
3185 962 3414 1019 Domino
3450 973 3552 1030 est,

1966 1045 2183 1115 quando
2207 1045 2530 1101 adulterinis
2562 1047 2982 1118 cogitationibus
3011 1050 3078 1104 ab
3103 1047 3219 1117 ejus
3251 1068 3434 1109 amore
3465 1069 3559 1109 ca-

1966 1144 2053 1191 sto
2074 1136 2372 1205 deviamus,
2397 1147 2453 1194 et
2485 1139 2758 1194 luxuriam
2783 1140 2963 1195 smculi
2985 1154 3380 1212 praeponentes,
3419 1163 3558 1216 prae-

1966 1237 2247 1298 ceptorum
2280 1231 2582 1286 caelestium
2623 1247 2731 1287 non
2771 1232 3064 1303 recipimus
3098 1233 3452 1305 disciplinam,
3499 1247 3557 1294 et

1966 1321 2228 1392 quidquid
2260 1333 2534 1393 postremo
2564 1332 2754 1381 contra
2781 1325 3103 1382 catholicam
3137 1325 3298 1382 ﬁdem
3319 1329 3561 1385 creditur

1965 1414 2156 1483 polluti
2197 1417 2444 1472 sensibus
2478 1416 2797 1473 fornicatur.

2043 1505 2110 1561 Ut
2143 1510 2275 1562 sciat
2301 1511 2655 1581 unusquisque
2687 1527 2842 1565 suum
2870 1528 2958 1567 vas
2985 1513 3249 1583 possidere
3273 1515 3330 1568 in
3358 1512 3558 1568 sancti-

1973 1597 2221 1667 ﬁcatione
2255 1610 2303 1654 et
2329 1601 2545 1656 honore.
2588 1603 2716 1667 Vas,
2748 1603 2802 1658 id
2837 1613 2940 1669 est,
2965 1620 3161 1676 corpus
3198 1621 3354 1660 suum
3394 1621 3563 1662 unus-

1971 1688 2200 1758 quisque
2222 1698 2433 1745 castum
2460 1693 2727 1747 servando
2748 1693 2859 1748 Deo
2882 1694 3184 1750 sanctiﬁcet
3212 1703 3268 1751 et
3309 1696 3556 1754 honoret.

1969 1775 2105 1844 Quia
2141 1778 2257 1834 sine
2283 1780 2604 1836 castimonia
2632 1797 2792 1837 nemo
2820 1783 3023 1839 videbit
3051 1785 3240 1840 Deum.

272 1877 406 1935 pore
434 1869 861 1940 quadragesimae
889 1885 1127 1942 congrua
1152 1881 1207 1928 et
1228 1873 1544 1945 perspicua,
1579 1874 1869 1932 manifesta
1895 1859 1943 1921 Β
2042 1868 2166 1924 Non
2183 1870 2238 1924 in
2263 1872 2507 1942 passione
2533 1873 2803 1940 desiderii,
2828 1875 2961 1929 sicut
2979 1885 3028 1930 et
3069 1885 3240 1947 gentes
3271 1895 3385 1949 qua
3412 1879 3561 1950 igno-

275 1955 339 2013 ﬁt
372 1963 665 2018 concordia
694 1962 1008 2020 lectionum.

501 2122 826 2180 DOMINICA
873 2125 1088 2182 PRIMA
1133 2127 1366 2185 MENSE
1405 2129 1640 2188 PRIMO.

464 2243 722 2292 EPISTOLA
765 2251 926 2293 ΒΕΔἸΊ
959 2255 1116 2294 PAULI
1149 2254 1404 2296 APOS'I‘OLI
1431 2257 1596 2296 PRIMA
1626 2258 1694 2298 AD

669 2320 1204 2374 TBESSALONICENSES,
1239 2326 1356 2365 CAP.
1389 2327 1463 2366 ιν.

351 2433 373 2472 s
394 2415 669 2488 Rogamus
695 2433 793 2473 vos
842 2427 897 2475 et
933 2420 1283 2476 obsecramus
1312 2421 1368 2476 in
1421 2421 1648 2477 Domino
1703 2420 1832 2478 Jesu
1857 2461 1872 2489 ,

275 2525 297 2558 ο
320 2515 384 2563 ut
417 2511 870 2578 quemadmodum
915 2514 1204 2583 accepistis
1229 2530 1260 2569 a
1289 2514 1446 2570 nobis
1480 2515 1750 2584 quomodo
1777 2531 1874 2572 vos

279 2608 570 2670 «Oporteat
618 2603 894 2658 ambulare
944 2612 1001 2659 et
1049 2604 1264 2675 placere
1302 2607 1434 2671 Deo,
1463 2606 1544 2661 sic
1592 2613 1648 2661 et
1686 2605 1875 2661 ambu-

283 2692 450 2748 cletis
489 2702 549 2748 ut
595 2695 878 2751 abundetis
924 2696 1118 2768 magis.
1170 2695 1334 2752 Scitis
1365 2697 1512 2753 enim
1559 2713 1679 2767 quae
1730 2713 1860 2768 pm

283 2804 303 2838 ε
323 2795 481 2856 cepta
507 2787 746 2843 dederim
774 2789 928 2844 vobis
952 2804 1051 2859 per
1087 2791 1372 2846 Dominum
1403 2789 1609 2847 Iesum.
1639 2791 1767 2847 Haec
1791 2799 1876 2847 est
1895 2799 1918 2823 ⁸

284 2894 304 2927 ι
323 2877 468 2932 enim
488 2877 736 2934 voluntas
753 2878 849 2935 Dei
869 2879 1224 2936 sanctiﬁcatio
1241 2889 1443 2948 vestra,
1475 2889 1536 2934 ut
1558 2881 1876 2937 abstineatis

286 2982 422 3022 «vos
459 2982 486 3020 a
531 2966 908 3035 fornicatione,
946 2976 1006 3024 ut
1040 2969 1178 3025 sciat
1219 2970 1592 3041 unusquisque
1629 2978 1874 3025 vestrum

285 3075 482 3116 «suum
520 3075 617 3116 vas
653 3061 930 3132 possidere
966 3061 1022 3116 in
1059 3061 1487 3118 sanctificatione
1539 3069 1596 3116 et
1643 3061 1874 3127 honore,

283 3172 306 3206 ί
325 3169 433 3210 non
453 3155 508 3210 iu
530 3157 784 3226 passione
800 3156 1078 3223 desiderii,
1099 3157 1239 3214 sicut
1269 3165 1324 3212 et
1356 3166 1546 3229 gentes
1570 3172 1691 3230 quae
1720 3157 1872 3229 igno-

1971 1960 2157 2015 rabant
2189 1961 2377 2016 Deum.
2419 1962 2498 2018 Ac
2521 1963 2566 2018 si
2597 1965 2803 2020 diceret
2826 1980 2840 2018 :
2863 1965 3053 2021 Videte
3073 1982 3141 2022 ne
3170 1975 3226 2022 et
3251 1983 3349 2023 vos
3379 1969 3561 2024 nimiae

1977 2060 2032 2107 et
2069 2053 2438 2110 immoderata:
2477 2054 2687 2111 libidini
2720 2057 3040 2123 servientes,
3079 2059 3283 2114 similes
3305 2061 3557 2131 gentibus

1972 2143 2111 2209 sitis,
2136 2160 2256 2215 quae
2284 2146 2452 2201 Deum
2482 2154 2780 2204 amatorem
2807 2149 3074 2205 castitatis
3107 2150 3377 2220 ignorant.

2041 2233 2113 2288 Et
2153 2252 2216 2290 ne
2253 2237 2369 2307 quis
2403 2239 2850 2309 supergrediatur,
2890 2257 3054 2311 neque
3095 2241 3466 2296 circumveniat
3502 2242 3562 2298 in

1973 2327 2175 2395 negotio
2205 2327 2422 2395 fratrem
2452 2345 2628 2383 suum.
2667 2330 2746 2385 Ac
2774 2330 2820 2385 si
2852 2329 3014 2395 dicat,
3049 2347 3120 2386 ne
3166 2333 3286 2402 quis
3320 2342 3562 2388 vestrtn

1972 2425 2096 2485 post
2147 2417 2396 2472 devotam
2434 2435 2502 2472 ex
2543 2435 2810 2475 consensu
2859 2422 3248 2476 continentiam
3287 2424 3406 2494 pari
3441 2439 3558 2488 suo,

1974 2507 2153 2578 aliqua
2180 2509 2640 2566 circumventione
2663 2511 2772 2565 vim
2808 2511 3009 2566 inferre
3034 2513 3256 2578 nitatur,
3287 2514 3401 2569 sive
3433 2529 3566 2585 quo-

1971 2599 2106 2656 libet
2131 2602 2368 2672 negotio,
2396 2602 2518 2673 quis
2542 2602 2771 2658 alterum
2797 2598 3028 2658 fraudet.

2046 2689 2310 2756 Quoniam
2330 2693 2520 2747 vindex
2555 2701 2632 2747 est
2656 2691 2914 2748 Dominus
2934 2693 3001 2747 de
3033 2694 3116 2748 his
3139 2695 3396 2760 omnibus,
3427 2696 3562 2750 sicut

1971 2783 2314 2853 praediximus
2337 2794 2384 2840 et
2406 2785 2670 2856 testiﬁcati
2701 2803 2902 2842 sumus.
2957 2787 3074 2843 Non
3105 2785 3276 2844 solum
3306 2789 3372 2845 de
3397 2787 3564 2846 forni-

1973 2873 2184 2929 catione
2221 2882 2276 2929 et
2305 2875 2520 2946 publica
2566 2878 2920 2948 turpitudine,
2959 2880 3051 2934 sed
3092 2881 3256 2935 etiam
3279 2881 3345 2936 de
3391 2888 3566 2938 trans-

1973 2967 2252 3038 gressione
2279 2969 2458 3024 omnis
2475 2969 2602 3024 boni
2623 2971 2898 3041 pnepositi
2919 2972 3113 3028 vindex
3135 2981 3220 3027 est
3238 2973 3397 3028 Deus.
3427 2972 3564 3040 Quia

1975 3058 2168 3115 melius
2189 3068 2273 3115 est
2300 3075 2407 3116 non
2445 3076 2664 3128 vovere,
2701 3077 2865 3132 quam
2910 3072 3032 3133 post
3071 3071 3256 3119 votum
3297 3064 3564 3134 promissa

1978 3166 2089 3206 non
2115 3153 2358 3208 reddere.

285 3263 307 3299 ι
327 3254 454 3301 rant
487 3218 672 3302 Deum.
733 3249 801 3304 Ει
838 3265 907 3304 ne
932 3218 1531 3320 qujs'supergreaiatur
1562 3218 1872 3318 nequevcir-
1897 3218 1944 3282 Ο
2047 3239 2171 3296 Non
2202 3243 2340 3296 enim
2363 3246 2563 3299 vocavit
2597 3261 2691 3299 nos
2722 3244 2865 3299 Deus
2902 3247 2960 3299 in
2993 3246 3349 3312 immunditla,
3380 3247 3471 3301 sed
3507 3247 3564 3303 t'tt

287 3353 307 3387 ι
326 3337 634 3392 cumveniat
660 3338 714 3392 in
747 3340 966 3410 negotio
993 3338 1220 3395 fratrem
1253 3354 1430 3404 suum,
1462 3339 1721 3408 quoniam
1747 3339 1870 3393 vin-

287 3445 308 3479 ι
328 3428 432 3483 ἀει
457 3437 544 3484 est
566 3427 830 3484 Dominus
860 3429 926 3485 de
947 3429 1033 3484 his
1053 3430 1325 3495 omnibus,
1357 3429 1498 3483 sicut
1521 3426 1876 3498 przediximus

291 3525 509 3588 «vobis,
547 3533 604 3579 et
635 3523 912 3580 testiﬁcati
947 3538 1156 3579 sumus.
1209 3521 1327 3578 Non
1368 3522 1512 3577 enim
1543 3519 1758 3576 vocavit
1773 3534 1875 3576 nos

287 3634 309 3668 ι
329 3617 473 3671 Deus
501 3615 554 3670 in
589 3613 1010 3680 immunditiam,
1040 3615 1134 3670 sed
1162 3614 1218 3668 in
1243 3613 1746 3669 sanctiﬁcationem.
1776 3631 1796 3664 ι

357 3705 623 3776 Rogamus
684 3722 772 3759 vos
811 3713 861 3760 et
917 3707 1247 3760 obsecramus
1289 3706 1344 3760 in
1378 3705 1603 3760 Domino
1637 3703 1790 3770 Iesu,
1815 3712 1873 3758 ut

279 3797 724 3870 quemadmodum
749 3797 1018 3868 accepistis
1054 3815 1086 3852 a
1118 3798 1283 3863 nobis,
1313 3798 1572 3870 quomodo
1607 3815 1696 3853 vos
1727 3815 1876 3870 opor-

281 3898 389 3943 teat
427 3887 718 3956 ambulare,
747 3889 822 3943 sic
863 3899 912 3944 et
959 3889 1261 3947 ambuletis.
1300 3890 1403 3960 (Ex
1449 3888 1705 3960 Primas.)
1747 3889 1876 3947 Post

283 3981 501 4036 laudem
527 3989 582 4035 et
603 3981 1026 4037 consolationem
1057 3981 1244 4053 incipit
1270 3981 1598 4047 exhortatio,
1627 3995 1692 4036 ac
1718 3981 1763 4037 si
1793 3981 1879 4037 di—

284 4081 463 4137 ceret,
487 4087 586 4127 vos
636 4073 832 4142 quibus
877 4072 1125 4127 Christus
1148 4073 1237 4126 via
1262 4079 1367 4138 est,
1399 4072 1576 4144 dignis
1598 4088 1722 4128 eum
1755 4088 1873 4128 am-

283 4163 536 4219 bulantes
563 4162 849 4232 sequimini
876 4161 1171 4232 gressibus,
1204 4161 1256 4217 id
1289 4171 1394 4227 est,
1418 4163 1873 4230 mansuetudinis,

284 4255 594 4318 charitatis,
623 4253 968 4320 humilitatis,
991 4253 1310 4309 obedientiae
1339 4262 1394 4309 et
1426 4256 1578 4326 pacis
1602 4257 1874 4311 omnium-

285 4363 394 4417 que
422 4346 704 4424 virtutum.

361 4433 430 4490 Ut
469 4435 741 4490 abundetis
781 4434 968 4505 magis.
1009 4433 1142 4502 Quia
1191 4447 1314 4488 cum
1356 4440 1517 4489 aetate
1552 4433 1676 4488 ﬁdei
1717 4434 1877 4490 debet

287 4527 476 4600 augeri
511 4525 788 4598 profectus
825 4527 1104 4594 virtutum,
1147 4526 1290 4583 sicut
1328 4541 1452 4581 cum
1495 4533 1654 4582 aetate
1694 4526 1876 4582 carnis

289 4621 446 4675 cibus
481 4620 679 4676 crescit
715 4626 770 4675 et
808 4619 1064 4675 studium.

363 4709 524 4768 Scitis
547 4712 685 4765 enim
707 4727 823 4782 quae
859 4717 1118 4782 pracepta
1142 4710 1377 4766 dederim
1406 4709 1548 4766 vobis
1577 4727 1670 4782 per
1695 4709 1877 4766 Domi-

289 4820 420 4858 num
439 4801 644 4858 Iesum.
679 4803 738 4857 ld
757 4811 859 4868 est,
887 4803 1204 4858 exhortatus
1228 4818 1349 4858 sum
1375 4819 1494 4870 vos,
1533 4803 1738 4859 servire
1765 4805 1877 4860 Deo

288 4897 415 4952 vivo
456 4905 512 4951 et
552 4912 712 4962 vero,
762 4905 816 4950 et
860 4904 1179 4966 exspectare
1225 4896 1394 4950 ﬁlium
1443 4893 1558 4964 ejus
1595 4897 1661 4951 de
1697 4897 1876 4962 caelis,

289 5004 456 5060 quem
486 4990 764 5044 suscitavit
803 5005 868 5044 ex
908 4988 1135 5042 mortuis
1158 4985 1364 5055 Jesum,
1412 4987 1505 5058 qui
1542 4988 1742 5058 eripuit
1777 5005 1878 5046 nos

291 5081 361 5136 ab
391 5081 466 5135 ira
491 5090 740 5145 ventura,
769 5088 871 5135 etc.

367 5171 500 5227 Hac
522 5181 596 5226 est
621 5172 863 5227 voluntas
896 5171 992 5226 Dei
1019 5171 1368 5242 sanctiﬁcatio
1398 5161 1604 5235 vestra,
1626 5179 1684 5225 ut
1720 5171 1882 5227 absti-

294 5267 463 5322 neatis
488 5284 577 5322 vos
610 5285 642 5322 a
677 5267 1040 5338 fornicatione.
1079 5264 1448 5323 Sanctiﬁcatio
1479 5264 1626 5321 enim
1660 5264 1728 5320 ab
1764 5279 1881 5321 om-

295 5358 352 5413 ni
390 5357 780 5414 incontinentia
810 5366 1028 5414 revocat
1055 5360 1444 5415 Christianum.
1485 5357 1879 5414 lncontinentia

299 5453 482 5502 autem
507 5463 614 5504 non
641 5448 856 5520 expedit
875 5457 1122 5503 sanctum
1140 5448 1342 5504 Christi
1364 5465 1560 5519 corpus
1579 5449 1877 5521 adtingere,

300 5537 537 5594 maxime
565 5551 686 5594 cum
714 5545 770 5593 et
804 5538 1014 5610 Moyses
1049 5536 1262 5594 Iudaeos
1297 5540 1640 5597 sanctiﬁcare
1669 5541 1880 5608 volens,

300 5631 558 5702 populum
597 5639 766 5687 totum
825 5634 892 5686 ab
930 5634 1077 5688 omni
1115 5631 1314 5687 femina
1349 5633 1666 5702 praeceperit
1708 5634 1882 5687 conti-

305 5737 458 5778 nere.
490 5721 591 5791 Qui
625 5723 770 5778 enim
807 5739 837 5777 a
871 5723 1228 5783 fornicatione
1265 5741 1323 5780 se
1357 5725 1608 5791 abstinet,
1640 5741 1668 5778 a
1702 5725 1885 5780 multis

307 5833 370 5874 se
413 5816 527 5873 Deo
579 5816 862 5889 adjuvante
918 5817 1063 5874 vitiis
1112 5818 1358 5874 retrahit.
1411 5819 1488 5874 De
1532 5815 1889 5876 fornicatione
1919 5881 1942 5902 .

1898 4577 1954 4638 D

1975 3331 2411 3399 sanctiﬁcatione.
2462 3332 2641 3387 Etiam
2666 3334 2833 3388 nimia
2855 3334 3241 3389 incontinentia
3262 3344 3437 3404 potest
3457 3337 3564 3391 ἓως

1974 3422 2255 3478 munditia
2280 3424 2555 3494 imputari,
2587 3439 2709 3494 qua:
2737 3439 2936 3495 corpus
2964 3424 3164 3480 Christi
3194 3427 3454 3481 audenter
3479 3441 3567 3482 ac-

1974 3515 2082 3587 cipi
2107 3532 2212 3572 non
2245 3518 2529 3588 permittit.
2587 3517 2741 3587 Quod
2767 3527 2948 3574 autem
2981 3520 3132 3586 dicit,
3164 3520 3259 3576 sed
3289 3522 3341 3576 in
3373 3523 3567 3578 sancti-

1975 3609 2228 3666 ﬁcatione
2270 3612 2324 3667 in
2364 3612 2582 3669 Christo
2619 3612 2748 3670 Jesu
2770 3655 2784 3680 ,
2836 3629 2902 3670 ac
2942 3614 2987 3670 si
3035 3616 3183 3671 dicat
3213 3635 3226 3670 :
3259 3615 3350 3672 Sic
3387 3617 3565 3673 vocati

1974 3702 2128 3767 estis,
2152 3710 2212 3756 ut
2230 3704 2478 3774 exemplo
2496 3704 2699 3760 Christi
2720 3705 2933 3772 vivatis,
2968 3707 3060 3777 qui
3081 3707 3225 3762 enim
3242 3708 3400 3763 habet
3425 3710 3567 3765 hanc

1975 3809 2125 3864 spem
2150 3796 2454 3851 sanctificat
2484 3813 2563 3864 se,
2593 3799 2733 3854 sicut
2762 3806 2817 3854 et
2858 3799 2949 3854 ille
2985 3807 3205 3856 sanctus
3231 3808 3330 3857 est.
3387 3801 3566 3858 Estote

1975 3897 2105 3958 ergo
2126 3889 2318 3955 sancti,
2341 3890 2467 3959 quia
2490 3898 2540 3945 et
2560 3907 2654 3962 ego
2682 3899 2896 3946 sanctus
2923 3908 3064 3959 sum,
3095 3893 3224 3949 dicit
3249 3893 3526 3950 Dominus.

2302 4041 2642 4084 EVANGELIUM
2683 4041 2964 4093 MATTHEI,
3008 4043 3126 4083 CAP.
3154 4044 3243 4084 XV.

2053 4179 2072 4212 ι
2101 4162 2363 4233 Egressus
2399 4163 2558 4220 Jesus
2593 4167 2819 4222 secessit
2857 4168 2910 4222 in
2949 4175 3131 4238 partes
3167 4163 3294 4236 Tyri
3326 4175 3380 4221 et
3413 4165 3568 4225 Sido-

1982 4267 2002 4300 ‹
2022 4250 2124 4304 nis.
2161 4251 2226 4304 Et
2252 4268 2376 4308 ecce
2399 4254 2594 4310 mulier
2614 4255 2917 4312 Chananaea
2937 4274 2968 4312 a
2989 4255 3186 4312 ﬁnibus
3205 4255 3311 4311 illis
3330 4273 3565 4329 egressa,

1983 4356 2002 4391 ι
2021 4339 2298 4406 clamavit,
2322 4343 2508 4399 dicens
2535 4345 2584 4398 ei
2610 4364 2622 4398 :
2647 4345 2901 4404 Miserere
2925 4351 3052 4417 mei,
3082 4351 3327 4419 Domine,
3353 4352 3426 4407 ﬁli
3458 4354 3566 4408 Da-

1983 4447 2003 4480 t
2021 4431 2131 4497 vid,
2157 4432 2265 4487 ﬁlia
2297 4449 2415 4488 mea
2443 4435 2584 4490 male
2609 4452 2640 4489 a
2667 4435 2930 4495 daemonio
2951 4451 3197 4498 vexatur.
3227 4444 3327 4511 Qui
3349 4461 3456 4501 non
3476 4460 3567 4500 re-

1985 4541 2004 4574 t
2025 4525 2240 4594 spondit
2264 4527 2313 4582 ei
2338 4528 2592 4591 verbum,
2624 4536 2681 4583 et
2708 4531 3026 4588 accedentes
3046 4533 3291 4606 discipuli
3313 4537 3450 4605 ejus,
3481 4552 3568 4592 ro-

1989 4635 2008 4668 (
2031 4617 2232 4688 gabant
2277 4635 2424 4685 eum,
2473 4620 2716 4677 dicentes
2750 4637 2764 4676 τ
2796 4621 3018 4678 Dimitte
3043 4640 3186 4692 eam,
3217 4627 3342 4698 quia
3370 4626 3570 4682 clamat

1988 4726 2008 4760 ι
2026 4717 2150 4778 post
2176 4726 2294 4765 nos.
2319 4711 2435 4780 Ipse
2458 4721 2639 4767 autem
2669 4715 2999 4784 respondens
3034 4717 3128 4771 ait.
3147 4717 3266 4773 Non
3296 4733 3414 4774 sum
3440 4720 3571 4776 mis-

1991 4816 2009 4847 ι
2029 4814 2122 4854 sus
2147 4802 2252 4856 nisi
2282 4804 2348 4856 ad
2377 4819 2506 4857 oves
2529 4820 2648 4872 quae
2665 4805 2943 4875 perierunt
2961 4808 3154 4863 domus
3171 4809 3355 4865 Israel.
3387 4810 3457 4865 At
3480 4811 3569 4867 illa

1993 4891 2250 4946 «venitet
2271 4894 2516 4948 adoravit
2540 4910 2664 4949 eum
2703 4895 2889 4952 dicens
2914 4915 2926 4951 :
2950 4898 3195 4965 Domine,
3227 4899 3418 4968 adjuva
3457 4915 3564 4956 me.

1991 5005 2009 5038 ‹
2033 4986 2135 5054 Qui
2167 4986 2492 5055 respondens
2521 4987 2595 5039 ait
2619 5005 2630 5039 :
2655 4985 2770 5041 Non
2795 4996 2877 5042 est
2904 4989 3107 5044 bonum
3135 5005 3350 5046 sumere
3373 5005 3568 5061 panem

1988 5078 2259 5132 «ﬁliorum
2300 5085 2355 5131 et
2395 5077 2608 5132 mittere
2646 5079 2890 5134 canibus.
2938 5079 3008 5134 At
3046 5081 3132 5135 illa
3175 5081 3563 5146 dixitzEtiam,

1989 5188 2006 5221 ι
2027 5170 2272 5236 Domine,
2308 5185 2430 5224 nam
2457 5181 2510 5224 et
2545 5171 2722 5225 catelli
2751 5172 2917 5226 edunt
2946 5171 3014 5228 de
3039 5174 3195 5229 micis
3216 5177 3347 5243 'quac
3368 5171 3568 5226 cadunt

1989 5263 2092 5317 «de
2145 5276 2330 5315 mensa
2379 5261 2718 5317 dominorum
2758 5279 2998 5319 suorum.
3047 5265 3199 5319 Tunc
3238 5261 3569 5331 respondens

1989 5373 2006 5407 ‹
2026 5353 2181 5410 Jesus
2202 5353 2279 5407 ait
2303 5353 2378 5407 illi
2404 5369 2417 5406 :
2441 5352 2484 5409 Ο
2508 5353 2729 5407 mulier!
2747 5370 2941 5427 magna
2965 5364 3048 5410 est
3076 5354 3207 5408 ﬁdes
3230 5360 3340 5416 tua,
3360 5351 3454 5406 ﬁat
3471 5352 3568 5410 tibi

1993 5461 2010 5495 ι
2031 5442 2170 5498 sicut
2189 5440 2294 5505 vis,
2320 5448 2375 5494 et
2397 5448 2584 5495 sanata
2615 5448 2698 5495 est
2721 5441 2830 5496 ﬁlia
2850 5439 2966 5510 ejus
2989 5456 3056 5495 ex
3084 5438 3174 5493 illa
3199 5439 3354 5492 hora.
3377 5455 3397 5490 ι

2056 5535 2313 5606 Egressus
2350 5533 2473 5588 inde
2499 5533 2677 5599 Jesus,
2707 5533 2914 5589 secessit
2943 5533 2998 5584 in
3034 5537 3208 5601 partes
3235 5527 3360 5600 Tyri
3395 5538 3445 5585 et
3478 5529 3567 5586 Si-

1989 5627 2160 5682 donis.
2201 5626 2301 5697 (Ex
2331 5626 2502 5697 Hier.)
2536 5625 2740 5681 Scribis
2768 5635 2822 5678 et
2851 5622 3139 5678 Pharisaeis
3168 5621 3573 5678 calumniatori-

1991 5722 2092 5777 bus
2117 5720 2388 5775 derelictis
2411 5719 2806 5790 transgreditur
2829 5717 2883 5769 in
2908 5723 3091 5786 partes
3105 5715 3231 5788 Tyri
3253 5725 3308 5773 et
3328 5714 3544 5773 Sidonis

1992 5823 2054 5870 ut
2085 5814 2279 5886 Tyrios
2309 5813 2665 5880 Sidoniosque
2694 5817 2926 5864 curaret.
