4110 6524
547 421 647 480 155

1830 400 2061 462 SMARA
2068 398 2183 461 GDl
2215 395 2507 457 ABBATIS

3714 389 3830 448 156

621 480 793 596 Nemo
818 552 906 593 vos
931 488 1155 605 decipiat
1178 529 1423 586 inanibus
1461 528 1647 584 verbis.
1687 525 1864 583 Verba
1890 537 2010 593 quae
2037 520 2132 577 de-
2157 516 2210 578 A
2240 532 2259 567 ι
2292 517 2377 571 cio
2398 514 2681 584 daemonia,
2708 512 2954 588 profecto
2970 508 3223 587 pervenit
3240 511 3309 569 ad
3327 523 3427 568 vos
3447 522 3679 605 regnum
3701 508 3827 567 Dei.

552 635 760 707 cipiunt
786 639 948 700 atque
971 625 1335 697 supplantant,
1360 622 1544 678 inania
1574 626 1699 675 sunt
1723 628 1778 675 et
1804 631 1998 680 vacua,
2017 629 2137 686 qua:

551 740 684 781 vero
726 721 991 783 aediﬁcant
1037 717 1353 785 audientes,
1395 714 1591 786 plena,
1637 710 1948 775 cumulata,
2003 722 2136 764 con-

557 817 825 885 fertaque.

628 907 852 977 Propter
872 906 983 960 haec
1009 904 1146 959 enim
1173 903 1309 958 venit
1332 903 1417 956 ira
1437 900 1538 955 Dei
1572 899 1629 953 in
1653 897 1794 968 ﬁlios
1815 892 2135 965 diffidentiae.

556 996 873 1057 Diﬁidentiae
892 994 989 1050 ﬁlii
1013 994 1094 1052 sic
1112 994 1384 1056 dicuntur,
1413 989 1685 1062 quomodo
1706 987 1799 1041 ﬁlii
1822 981 2141 1056 perditionis

556 1099 613 1146 et
638 1087 1032 1153 fornicationis,
1056 1092 1111 1141 et
1136 1083 1234 1139 ﬁlii
1262 1082 1451 1138 mortis
1479 1090 1531 1136 et
1553 1079 1649 1134 ﬁlii
1670 1078 1947 1150 gehennae,
1963 1081 2019 1129 et
2040 1088 2143 1128 ca:-

557 1187 673 1237 tera
694 1180 784 1236 his
802 1178 1020 1244 similia,
1047 1191 1167 1247 qua:
1192 1176 1249 1231 in
1272 1172 1439 1229 variis
1465 1170 1873 1241 Scripturarum
1900 1165 2037 1221 locis
2062 1163 2144 1218 in-

558 1271 745 1328 venire
770 1267 1024 1341 perfacile
1048 1273 1150 1322 est.

633 1361 811 1416 Nolite
836 1376 957 1431 ergo
1003 1358 1131 1430 cﬂict'
1156 1357 1436 1426 participes
1474 1368 1674 1409 eorum.
1718 1348 1998 1417 Particeps
2030 1345 2146 1402 sive

562 1452 954 1523 comparticeps
988 1449 1052 1504 fit
1074 1447 1380 1503 difﬁdentiae
1408 1446 1664 1509 ﬁliorum,
1699 1441 1791 1513 qui
1821 1440 1876 1495 in
1906 1437 2144 1494 fomica-

563 1544 712 1599 tione
738 1550 795 1597 et
816 1539 1156 1596 immunditia
1185 1547 1240 1594 et
1262 1535 1318 1592 in
1341 1536 1587 1600 avaritia,
1614 1540 1839 1605 prepter
1859 1545 1979 1602 quae
1998 1526 2146 1582 venit

564 1636 645 1690 ira
671 1634 767 1688 Dei
796 1647 959 1702 super
978 1631 1116 1686 ﬁlios
1140 1628 1467 1693 diﬁidentiae,
1491 1626 1785 1698 reperitur,
1800 1632 1855 1679 et
1874 1620 2147 1693 particeps

566 1724 783 1795 quidem
811 1737 999 1778 eorum
1022 1728 1109 1777 est
1128 1762 1143 1788 ,
1174 1720 1243 1775 ab
1278 1735 1343 1776 eo
1371 1719 1513 1789 quod
1537 1717 1891 1788 participatur
1920 1721 1976 1768 et
1999 1725 2148 1768 com-

565 1819 878 1874 munionem
928 1817 1094 1872 habet
1140 1815 1407 1870 malorum
1452 1825 1703 1882 operum,
1757 1806 2150 1877 comparticeps

565 1925 697 1967 vero
729 1909 776 1965 is
801 1906 1120 1979 appellatur,
1149 1905 1242 1975 qui
1269 1919 1389 1960 cum
1430 1902 1550 1957 aliis
1574 1908 1659 1956 est
1682 1900 1973 1970 particeps.

635 2001 817 2056 Eratis
846 2001 985 2055 enim
1015 1998 1300 2069 aliquando
1324 1996 1567 2059 tenebrw,
1600 2011 1738 2048 nunc
1766 2001 1941 2047 autem
1974 1990 2068 2047 lux
2096 1992 2153 2046 in

566 2091 815 2147 Domino.
842 2090 976 2146 Cum
1000 2097 1225 2161 propter
1249 2087 1508 2143 malitiam
1544 2085 1781 2141 tenebrae
1807 2090 2153 2147 vocarentur,

572 2185 641 2240 ad
663 2184 885 2240 meliora
904 2170 1172 2248 conversi,
1191 2196 1336 2236 nunc
1356 2180 1451 2235 lux
1472 2179 1810 2250 appellantur
1832 2177 1888 2232 in
1904 2174 2151 2231 Domino.

574 2274 761 2330 Omnis
791 2273 935 2328 enim
962 2273 1053 2341 qui
1082 2280 1337 2342 operatur
1360 2271 1587 2334 malum,
1614 2268 1728 2323 odit
1757 2268 1952 2331 lucem,
1981 2265 2047 2320 de
2070 2264 2160 2335 ju-

573 2366 673 2422 stis
694 2366 920 2421 dicitur:
957 2365 1114 2419 Nunc
1136 2373 1310 2417 autem
1343 2363 1437 2417 lux
1460 2364 1514 2416 in
1540 2361 1786 2415 Domino.
1816 2358 2159 2413 Tenebrosus

572 2466 657 2513 est
682 2465 738 2512 et
762 2457 903 2512 ﬁlius
940 2456 1115 2511 noctis
1140 2461 1304 2524 atque
1347 2454 1729 2516 tenebrarum,
1777 2449 1868 2519 qui
1904 2454 2160 2518 operatur

571 2547 799 2613 malum,
830 2545 922 2616 qui
948 2560 1078 2600 vero
1104 2551 1367 2615 operatur
1391 2543 1680 2599 veritatem
1707 2546 1761 2596 et
1783 2540 1840 2594 in
1866 2540 2043 2595 lucem
2068 2553 2160 2593 ve-

572 2636 655 2691 nit
680 2635 769 2690 lux
797 2644 880 2691 est
901 2642 958 2689 et
986 2634 1130 2690 ﬁlius
1159 2634 1296 2689 lucis
1323 2642 1380 2688 et
1403 2633 1527 2687 diei.

651 2722 720 2777 Ut
741 2722 840 2792 ﬁlii
865 2721 998 2776 lucis
1021 2722 1308 2776 ambulate.
1342 2720 1400 2776 Si
1432 2723 1574 2776 Deus
1603 2721 1697 2775 lux
1734 2728 1818 2775 est
1843 2728 1898 2775 et
1924 2720 2161 2774 tenebrae

578 2827 688 2869 non
732 2819 858 2867 sunt
892 2812 949 2866 in
995 2827 1083 2878 eo,
1110 2810 1207 2866 ﬁlii
1238 2811 1376 2867 lucis
1404 2820 1549 2878 sunt,
1580 2826 1812 2876 necnon,
1844 2811 1889 2865 si
1918 2809 2164 2866 Christus

578 2904 670 2958 lux
695 2917 827 2959 vera
851 2910 953 2969 est,
981 2902 1077 2958 ﬁlii
1102 2917 1316 2973 quoque
1344 2901 1481 2971 ejus,
1526 2902 1594 2957 ad
1638 2917 1773 2971 quos
1797 2900 2056 2971 loquitur,
2083 2900 2163 2955 di-

580 3010 711 3051 cens
747 3013 760 3048 :
798 2992 983 3049 Filioli
1028 2995 1160 3061 mei,
1210 2994 1382 3048 adhuc
1428 2994 1692 3048 modicum
1738 2991 2002 3048 vobiscum
2045 3008 2163 3047 sum

580 3086 763 3159 (Joan.
807 3088 953 3159 xm),
994 3086 1091 3141 ﬁlii
1118 3101 1249 3142 vero
1276 3087 1413 3142 lucis
1441 3094 1596 3153 sunt,
1644 3103 1713 3142 ex
1743 3102 1851 3156 quo
1895 3086 2165 3157 colligitur

2248 626 2267 659 ι
2302 607 2435 663 Cum
2463 606 2619 663 fortis
2641 616 2883 665 armatus
2917 607 3157 664 custodit
3179 605 3376 659 atrium
3399 619 3576 666 suum,
3608 603 3664 661 in
3690 619 3833 674 pace

2248 718 2268 751 ι
2298 707 2425 755 sunt
2448 701 2628 755 omnia
2657 716 2778 770 quae
2811 698 3070 769 possidet.
3118 696 3177 752 Si
3213 702 3394 751 autem
3423 693 3620 750 fortior
3643 708 3714 749 eo
3742 709 3837 749 su-

2245 809 2266 842 ‹
2302 791 2625 861 perveniens
2648 793 2842 844 vicerit
2879 804 3002 844 cum
3021 828 3037 854 ,
3066 786 3321 842 universa
3349 801 3505 841 arma
3529 784 3649 855 ejus
3678 783 3837 841 aufe-

2248 903 2268 937 ι
2302 892 2407 950 ret,
2432 884 2487 939 in
2515 883 2709 954 quibus
2733 882 3055 945 conﬁdebat,
3085 888 3141 936 et
3166 880 3337 952 spolia
3368 880 3490 951 ejus
3516 879 3832 935 distribuet.

2250 993 2269 1026 ι
2304 974 2406 1043 Qui
2430 991 2534 1030 non
2560 982 2644 1030 est
2667 989 2899 1040 mecum,
2938 974 3226 1028 adversum
3250 986 3340 1026 me
3364 977 3481 1038 est,
3511 979 3567 1025 et
3594 970 3687 1040 qui
3723 984 3838 1025 non

2250 1088 2269 1121 ι
2303 1068 2510 1139 colligit
2532 1083 2765 1131 mecum,
2801 1066 3081 1138 dispergit.
3110 1064 3246 1121 Cum
3271 1065 3583 1120 immundus
3610 1063 3841 1133 spiritus

2253 1180 2271 1212 ι
2302 1161 2499 1215 exierit
2540 1161 2608 1215 ab
2650 1160 2903 1227 homine,
2952 1158 3193 1215 ambulat
3230 1173 3332 1228 per
3372 1157 3491 1213 loca
3535 1156 3839 1228 inaquosa,

2249 1269 2270 1303 ι
2302 1267 2549 1321 quaerens
2575 1252 2841 1321 requiem,
2862 1258 2919 1305 et
2946 1265 3056 1306 non
3083 1250 3368 1305 inveniens
3388 1290 3404 1315 ,
3428 1248 3597 1305 dicit:
3635 1248 3829 1303 Rever-

2252 1360 2272 1394 ι
2305 1342 2464 1398 tario
2488 1343 2704 1398 domum
2738 1356 2915 1397 meam
2944 1341 3086 1397 unde
3115 1340 3281 1396 exivi.
3321 1340 3389 1394 Et
3429 1354 3555 1395 cum
3589 1338 3841 1404 venerit,

2254 1451 2273 1485 ι
2310 1433 2547 1488 inveniet
2588 1447 2709 1488 eam
2753 1433 2932 1505 secpis
2966 1432 3300 1488 mundatam.
3340 1431 3411 1486 Et
3439 1439 3573 1485 tunc
3611 1430 3765 1485 vadit
3789 1438 3847 1486 et

2254 1543 2274 1577 ι
2310 1527 2536 1581 assumit
2566 1534 2770 1596 septem
2795 1526 2931 1582 alios
2968 1526 3192 1596 spiritus
3218 1540 3404 1581 secum
3431 1524 3725 1595 nequiores
3759 1536 3842 1578 se.

2257 1639 2276 1673 ι
2309 1621 2378 1675 Et
2405 1622 2635 1691 ingressi
2656 1620 2903 1676 habitant
2923 1620 3017 1677 ibi.
3035 1620 3104 1675 Et
3132 1619 3269 1676 ﬁunt
3287 1619 3581 1676 novissima
3602 1616 3846 1673 hominis

2258 1729 2277 1763 ι
2313 1712 2457 1767 illius
2478 1712 2662 1784 pejora
2683 1712 2973 1782 prioribus.
3002 1710 3230 1766 Factum
3253 1719 3339 1766 est
3363 1719 3544 1766 autem
3573 1724 3700 1764 cum
3725 1709 3848 1764 haec

2260 1821 2280 1855 ι
2318 1804 2545 1868 diceret,
2575 1804 2840 1861 extollens
2867 1819 3053 1860 vocem
3081 1804 3325 1874 quaedam
3349 1803 3547 1860 mulier
3567 1806 3633 1859 de
3660 1803 3847 1869 turba,

2178 1871 2229 1933 Β
2263 1915 2283 1950 ι
2322 1896 2459 1953 dixit
2493 1897 2570 1952 illi
2598 1916 2610 1951 :
2650 1898 2848 1953 Beatus
2875 1904 3067 1953 venter
3089 1871 3182 1966 qui
3204 1904 3259 1951 te
3287 1896 3558 1967 portavit,
3598 1901 3653 1949 et
3676 1893 3850 1949 ubera

2261 2012 2281 2045 ε
2318 2009 2439 2064 quae
2469 1992 2680 2048 suxisti.
2712 1991 2783 2046 At
2811 1991 2901 2046 ille
2929 1990 3083 2046 dixit.
3112 1989 3364 2058 Quinimo
3387 2029 3403 2054 ,
3439 1988 3585 2043 beati
3622 1986 3716 2056 qui
3745 2001 3850 2041 au-

2263 2102 2282 2136 ι
2317 2086 2471 2141 diunt
2494 2084 2719 2139 verbum
2745 2082 2843 2138 Dei
2865 2090 2922 2138 et
2944 2081 3258 2137 custodiunt
3280 2079 3434 2133 illud.
3471 2096 3487 2131 ι
3517 2127 3525 2132 ,

2327 2175 2461 2229 Erat
2484 2174 2641 2229 Iesus
2661 2174 2877 2244 ejiciens
2899 2172 3239 2234 daemonium,
3263 2178 3311 2223 et
3333 2167 3468 2222 illud
3488 2176 3601 2222 erat
3620 2172 3850 2230 mutum,

2258 2275 2309 2321 et
2355 2283 2475 2321 cum
2513 2265 2748 2336 ejecisset
2796 2264 3151 2327 dwmbnium,
3199 2261 3405 2314 locutus
3453 2266 3527 2312 est
3562 2264 3858 2322 mutus,et

2258 2360 2536 2413 admiratae
2572 2367 2694 2413 sunt
2738 2357 2924 2412 turbaz.
2969 2357 3072 2424 (Ex
3112 2353 3301 2425 Beda.)
3346 2349 3721 2406 Daemoniacus
3751 2348 3860 2404 istc

2260 2448 2401 2519 apud
2437 2447 2769 2515 Matthaaum,
2818 2462 2927 2502 non
2967 2447 3143 2502 solum
3185 2452 3399 2508 mutus,
3447 2440 3542 2496 sed
3571 2448 3629 2494 et
3676 2452 3860 2495 caecus

2221 2594 2238 2613 .
2259 2539 2427 2595 fuisse
2458 2534 2731 2594 narratur.
2762 2538 3100 2609 Curatusque
3130 2537 3330 2592 dicitur
3354 2549 3386 2589 a
3409 2532 3662 2597 Domino,
3692 2530 3769 2585 ita
3793 2535 3863 2584 ut

2259 2628 2572 2700 loqueretur
2597 2638 2655 2685 et
2686 2631 2914 2685 videret.
2944 2629 3072 2685 Tria
3116 2643 3247 2700 ergo
3276 2627 3429 2695 signa
3468 2622 3629 2679 simul
3661 2622 3717 2676 in
3746 2635 3862 2677 uno

2262 2722 2483 2777 homine
2504 2728 2813 2791 perpetrata
2837 2728 2982 2777 sunt.
3000 2717 3188 2775 Caecus
3205 2718 3373 2783 videt,
3389 2723 3574 2772 mutus
3594 2713 3860 2783 loquitur,

2262 2829 2546 2889 possessus
2570 2831 2602 2869 a
2624 2815 2890 2871 daemonio
2918 2814 3197 2869 liberatur.
3223 2810 3377 2879 Quod
3400 2817 3454 2866 et
3481 2816 3613 2864 tunc
3636 2807 3863 2877 quidem

2265 2908 2556 2965 carnaliter
2580 2906 2782 2962 factum
2812 2913 2916 2972 est,
2962 2904 3060 2960 sed
3098 2911 3154 2960 et
3190 2901 3433 2973 quotidie
3473 2898 3780 2970 completur
3804 2897 3864 2952 in

2265 3001 2618 3058 conversione
2638 2999 2994 3063 credentium,
3011 3004 3073 3052 ut
3090 2994 3314 3068 expulso
3333 2995 3571 3066 primum
3591 2992 3862 3058 daemone,

2266 3091 2393 3149 ﬁdei
2422 3092 2605 3146 lumen
2632 3091 2913 3161 aspiciant,
2954 3087 3247 3145 deindead
3273 3085 3462 3143 laudes
3489 3086 3585 3141 Dei
3620 3082 3862 3141 tacentia

581 3180 801 3234 eosdem
848 3178 989 3234 ﬁlios
1025 3191 1146 3234 esse
1172 3177 1272 3234 Dei
1310 3178 1513 3248 patris,
1550 3178 1642 3248 qui
1677 3186 1813 3248 sunt
1837 3176 1934 3232 ﬁlii
1963 3176 2164 3233 Christi
2192 3225 2238 3290 C
2267 3184 2423 3256 prius
2448 3199 2545 3239 ora
2569 3182 2844 3238 laxentur.

582 3268 729 3327 Iesu.

654 3358 887 3415 Fructus
908 3361 1045 3415 enim
1067 3370 1142 3415 est
1171 3359 1325 3426 lucis,
1340 3368 1397 3416 et
1414 3367 1628 3416 caetera.
1658 3359 1934 3431 Siquidem
1957 3359 2166 3416 fructus

581 3453 721 3511 lucis
745 3468 852 3509 non
875 3452 1047 3510 solum
1075 3460 1161 3509 est
1188 3452 1246 3507 in
1273 3452 1514 3508 bonitate
1533 3493 1548 3517 ,
1581 3453 1677 3508 sed
1703 3454 1758 3507 in
1787 3452 2001 3522 justitia
2030 3461 2087 3507 et
2111 3451 2167 3506 in

581 3545 835 3612 veritate,
863 3545 957 3599 ubi
989 3544 1171 3614 itaque
1217 3543 1433 3599 bonitas
1463 3551 1566 3609 est,
1598 3544 1673 3599 ibi
1710 3552 1766 3600 et
1785 3544 2038 3615 justitia:
2075 3543 2169 3599 ubi

578 3633 811 3703 iustitia,
853 3636 929 3691 ibi
977 3646 1371 3705 consequenter
1409 3644 1464 3693 et
1506 3636 1729 3692 veritas.
1769 3636 1926 3705 Apud
1967 3636 2170 3690 bonum

587 3740 716 3797 ergo
741 3726 944 3783 Christi
970 3726 1207 3794 Patrem,
1231 3737 1293 3783 ut
1313 3728 1415 3799 ipsi
1438 3744 1652 3800 quoque
1671 3728 1928 3793 fatentur,
1943 3735 1999 3783 et
2021 3727 2172 3782 boni-

588 3823 674 3872 tas
698 3825 783 3873 est
810 3825 864 3872 et
888 3818 1122 3873 veritas:
1148 3818 1239 3873 ubi
1264 3827 1447 3875 autem
1476 3820 1690 3876 bonitas
1708 3828 1763 3875 et
1787 3820 2006 3883 veritas,
2029 3819 2173 3889 apud

588 3903 786 3975 ipsum,
824 3914 880 3962 et
906 3922 1014 3962 non
1044 3909 1184 3979 apud
1208 3909 1390 3975 alium,
1422 3919 1486 3965 ut
1511 3926 1656 3966 nunc
1679 3909 1969 3980 Apostolus
1993 3909 2171 3975 docet,

585 3991 792 4063 iustitia
835 4004 938 4053 est.
980 3997 1249 4071 intelligat
1287 4016 1502 4071 quoque
1530 4000 1770 4056 Marcion
1802 4003 1976 4072 ipsum
2017 4001 2175 4057 Chri-

591 4092 734 4140 stum
775 4083 1094 4154 bonitatem,
1130 4088 1419 4143 veritatem
1465 4096 1518 4142 et
1558 4088 1823 4158 justitiam
1851 4091 2171 4160 nuncupari.

590 4174 895 4233 Bettitatem
922 4176 979 4231 in
1002 4192 1095 4243 eo,
1125 4178 1268 4249 quod
1293 4193 1401 4234 non
1428 4180 1722 4234 secundum
1756 4196 1940 4250 opera,
1970 4182 2065 4237 sed
2090 4197 2177 4237 se-

591 4268 825 4323 cundum
845 4270 1273 4326 misericordiam
1292 4272 1383 4327 det
1402 4274 1630 4344 gratiam
1653 4276 1996 4331 credentibus
2012 4276 2065 4329 in
2084 4291 2171 4342 se;

587 4354 796 4425 iustitia
816 4359 874 4413 in
894 4375 980 4426 eo,
1008 4361 1134 4416 dum
1156 4362 1444 4432 unicuique
1467 4364 1715 4420 retribuit
1737 4365 1880 4435 quod
1904 4378 2174 4434 meretur;

590 4466 755 4522 porro
814 4453 1039 4519 veritas,
1089 4456 1217 4510 dum
1276 4459 1391 4526 ipse
1443 4460 1590 4515 solus
1660 4476 1854 4517 causas
1897 4470 2175 4520 creatura-

595 4557 717 4598 rum
741 4545 981 4601 omnium
1014 4562 1305 4618 rerumque
1330 4554 1627 4621 cognoscit.

972 4652 1310 4709 evasurum:
1351 4657 1522 4708 LUCE,
1564 4659 1680 4699 car.
1718 4661 1794 4700 ιι.
1828 4635 1831 4638 ⁴

674 4745 695 4779 ι
729 4725 861 4784 Erat
892 4728 1050 4786 Iesus
1073 4729 1295 4800 ejiciens
1321 4734 1665 4804 dazmonium,
1696 4749 1751 4795 et
1772 4740 1901 4797 illud
1921 4749 2179 4797 eratmu-

604 4841 627 4875 ι
660 4830 793 4879 tum.
825 4824 1039 4880 Etcum
1070 4824 1322 4895 ejecisset
1348 4830 1695 4900 daemonium,
1723 4835 1935 4891 locutus
1958 4843 2044 4892 est
2067 4852 2183 4892 mu-

514 4926 519 4931 '
605 4931 628 4965 ‹
657 4921 763 4979 tus,
790 4923 844 4970 et
870 4917 1146 4974 admirata:
1177 4932 1303 4977 sunt
1323 4926 1509 4980 turbae.
1540 4926 1767 4993 Quidam
1800 4939 1979 4981 autem
2006 4943 2074 4983 ex
2102 4930 2182 4984 eis

608 5021 628 5056 ι
660 5006 910 5062 dixerunt
935 5028 948 5063 :
984 5009 1043 5064 In
1069 5010 1370 5069 Beelzebub
1397 5017 1641 5089 principe
1679 5006 2061 5074 daemoniorum
2088 5019 2185 5088 eji-

608 5111 629 5146 ι
666 5095 741 5149 cit
773 5096 1054 5153 daemonia.
1100 5100 1165 5154 Et
1210 5102 1301 5157 alii
1348 5112 1654 5172 tentantes,
1696 5107 1908 5177 signum
1950 5109 2016 5164 de
2048 5109 2186 5165 coelo

611 5201 631 5236 ι
668 5188 980 5256 quaerebant
1010 5191 1078 5245 ab
1100 5206 1184 5247 eo.
1212 5192 1329 5263 Ipse
1358 5206 1538 5252 autem
1580 5206 1637 5251 ut
1662 5198 1799 5252 vidit
1833 5199 2188 5269 cogitationes

613 5294 635 5329 ι
666 5291 874 5345 eorum,
902 5280 1040 5336 dixit
1071 5284 1150 5339 eis
1175 5303 1207 5337 ε-
1227 5284 1398 5341 Omne
1424 5289 1727 5358 regnumin
1757 5305 1815 5344 se
1841 5290 2015 5360 ipsum
2048 5290 2188 5345 divi-

613 5386 634 5421 ι
668 5385 787 5426 sum
825 5371 1187 5443 desolabitur,
1220 5386 1275 5431 et
1322 5380 1512 5434 domus
1542 5396 1702 5450 supra
1741 5380 1960 5436 domum
2011 5384 2186 5439 cadet.

612 5479 635 5514 ι
670 5460 729 5518 Si
758 5470 937 5520 autem
962 5474 1016 5521 et
1044 5466 1274 5524 Satanas
1318 5470 1372 5523 in
1413 5471 1650 5539 scipsum
1688 5473 1894 5529 divisus
1918 5483 2019 5541 est,
2058 5491 2187 5545 quo-

613 5567 636 5603 ι
669 5553 828 5609 modo
855 5554 1019 5609 stabit
1050 5571 1275 5628 regnum
1302 5557 1457 5627 ejus?
1494 5561 1619 5628 quia
1647 5562 1861 5618 dicitis:
1899 5565 1956 5619 In
1977 5565 2189 5621 Beelze-

616 5658 637 5696 ι
670 5643 779 5701 bub
801 5645 995 5717 ejicere
1010 5663 1096 5704 me
1110 5650 1392 5705 daemonia.
1410 5650 1466 5705 Si
1484 5662 1666 5708 autem
1692 5670 1791 5726 ego
1813 5656 1868 5711 in
1888 5656 2187 5715 Beelzebub

617 5748 639 5786 ι
670 5733 828 5804 ejicio
862 5736 1144 5807 daemonia,
1176 5740 1271 5795 ﬁlii
1316 5743 1480 5797 vestri
1520 5744 1575 5798 in
1615 5761 1722 5815 quo
1763 5746 2029 5815 ejiciunt?
2065 5750 2190 5807 ldco

614 5841 639 5878 ι
671 5823 773 5895 ipsi
795 5826 1005 5899 judices
1029 5831 1196 5886 vestri
1224 5840 1400 5886 erunt.
1425 5832 1596 5897 Porro
1621 5837 1668 5893 si
1694 5838 1749 5893 in
1780 5838 1945 5911 digito
1972 5840 2067 5897 Dei
2093 5843 2190 5917 eji;

2343 3275 2574 3342 Quidam
2600 3283 2776 3330 autem
2802 3290 2868 3330 ea;
2893 3275 2976 3329 Itis
3004 3274 3254 3329 dixerunt
3278 3286 3297 3326 :
3323 3271 3393 3327 In
3413 3268 3703 3326 Beelzebub
3723 3267 3867 3339 prin-

2271 3367 2382 3438 cipe
2404 3365 2788 3421 daemoniorum
2832 3365 2975 3436 ejicit
3015 3365 3299 3421 daemonia.
3328 3362 3431 3435 (Ex
3459 3359 3705 3433 Hieron.)
3744 3358 3867 3421 Non

2271 3460 2391 3515 haec
2412 3459 2578 3530 aliqui
2603 3460 2670 3515 de
2698 3459 2877 3525 turba,
2916 3458 3011 3514 sed
3034 3456 3285 3529 pharisaei
3310 3454 3785 3512 ealumniabantur
3812 3458 3869 3509 et

2274 3550 2465 3606 scribze
2488 3592 2504 3617 ,
2559 3551 2699 3607 sicut
2745 3550 2835 3605 alii
2892 3550 3252 3622 Evangelistre
3309 3555 3600 3604 testantur.
3668 3544 3869 3600 Turbis

2273 3641 2472 3712 quippe
2491 3682 2506 3707 ,
2535 3656 2657 3711 quae
2681 3642 2862 3697 minus
2885 3642 3111 3698 eruditae
3138 3640 3462 3696 videbantur
3480 3680 3493 3703 ,
3526 3635 3622 3692 Dei
3650 3650 3871 3707 semper

2274 3730 2417 3787 facta
2443 3732 2784 3800 mirantibus,
2814 3732 2890 3787 illi
2918 3742 3126 3800 contra,
3148 3731 3233 3787 vel
3256 3746 3455 3802 negare
3479 3729 3616 3795 haec,
3640 3727 3724 3783 vel
3744 3742 3871 3799 qum

2275 3838 2474 3894 negare
2502 3824 2880 3894 nequiverant,
2912 3824 3133 3881 sinistra
3165 3823 3613 3894 interpretatione
3640 3832 3871 3893 perver-

2276 3921 2391 3969 tere
2414 3915 2757 3981 laborabant,
2785 3915 2939 3986 quasi
2967 3930 3076 3971 non
3104 3916 3221 3972 haec
3258 3915 3556 3970 divinitatis
3574 3954 3589 3979 ,
3619 3913 3717 3969 sed
3760 3927 3869 3969 im-

2275 4008 2461 4062 mundi
2488 4008 2713 4078 spiritus
2732 4024 2899 4078 opera
2919 4007 3168 4065 fuissent.
3192 4008 3317 4065 ldeo
3339 4008 3394 4063 in
3422 4006 3751 4072 Beelzebub,
3775 4006 3872 4077 qui

2278 4099 2409 4153 deus
2445 4107 2563 4154 erat
2589 4098 2858 4155 Accaron.
2887 4099 3025 4155 Nam
3061 4099 3187 4155 Beel
3217 4100 3434 4170 quidem
3459 4099 3574 4170 ipse
3605 4105 3691 4153 est
3716 4097 3868 4152 Baal.

2276 4190 2466 4245 Zebub
2512 4200 2723 4256 autem,
2766 4206 2952 4247 musca
2984 4199 3227 4247 vocatur.
3270 4190 3381 4246 Nec
3420 4188 3575 4258 juxta
3621 4187 3874 4258 quaedam

2276 4282 2535 4338 mendosa
2582 4282 2938 4352 exemplaria,
2973 4281 2993 4335 ι
3020 4283 3200 4338 littera
3228 4281 3313 4337 vel
3354 4281 3389 4334 d
3433 4281 3488 4334 in
3525 4279 3633 4334 ﬁne
3659 4286 3747 4334 est
3773 4293 3875 4335 no-

2278 4373 2440 4429 minis
2460 4373 2706 4445 legeuda,
2725 4373 2818 4428 sed
2838 4373 2885 4426 b.
2903 4371 3204 4427 Beelzebub
3229 4385 3361 4441 ergo
3380 4369 3511 4424 Baal
3534 4385 3871 4437 muscarum,

2280 4465 2335 4520 id
2362 4472 2461 4528 est,
2495 4465 2579 4519 vir
2606 4477 2936 4528 muscarum,
2966 4463 3081 4517 sive
3101 4460 3307 4516 habens
3338 4475 3570 4525 muscas,
3602 4461 3876 4531 interpre-

2280 4563 2449 4609 tatur.
2498 4553 2579 4611 Ob
2628 4554 2815 4611 sordes
2842 4552 3094 4609 videlicet
3139 4551 3471 4607 immolatitii
3505 4554 3750 4618 cruoris,
3797 4567 3871 4608 ex

2282 4644 2435 4715 cujus
2469 4647 2819 4717 spurcissimo
2844 4647 2953 4702 ritu
2979 4645 3066 4702 vel
3093 4644 3309 4702 nomine
3333 4645 3633 4717 principem
3660 4645 3869 4701 daemo-

2284 4737 2498 4792 niorum
2525 4737 2999 4807 cognominabant.

2359 4827 2427 4881 Et
2457 4826 2549 4881 alii
2574 4836 2853 4894 tentantes,
2882 4828 3086 4900 signum
3116 4828 3181 4884 de
3203 4827 3336 4906 ρωιο
3361 4828 3666 4900 quaerebant
3692 4828 3759 4883 ab
3786 4845 3871 4884 eo.

2288 4916 2390 4990 (Ex
2416 4916 2608 4990 Beda.)
2641 4918 2737 4974 Vel
2764 4918 2819 4973 in
2848 4934 3057 4975 morem
3083 4918 3278 4987 Helize,
3326 4920 3503 4991 ignem
3546 4918 3616 4975 de
3657 4918 3876 4976 sublimi

2288 5008 2476 5064 venire
2507 5009 2817 5080 cupiebant,
2836 5010 2922 5065 vel
2943 5010 3000 5064 in
3021 5010 3425 5067 similitudinem
3452 5008 3723 5066 Samuelis
3742 5019 3879 5067 tem-

2284 5119 2417 5176 pore
2442 5106 2632 5161 aestivo
2659 5106 2866 5176 mugire
2889 5106 3153 5171 tonitrua,
3187 5120 3479 5162 coruscare
3511 5104 3741 5177 fulgura,
3775 5106 3877 5161 im-

2289 5198 2416 5253 bres
2441 5212 2623 5263 ruere,
2653 5196 2806 5266 quasi
2822 5211 2943 5250 'non
2987 5196 3199 5265 possint
3235 5203 3290 5251 et
3327 5196 3431 5251 alia
3474 5196 3794 5252 calumniari
3820 5204 3879 5254 et

2291 5291 2492 5356 dicere,
2527 5306 2593 5347 ex
2627 5290 2856 5345 occultis
2886 5298 2942 5345 et
2978 5291 3146 5347 variis
3178 5293 3322 5348 aeris
3352 5293 3695 5364 passionibus
3726 5291 3873 5348 acci-

2292 5385 2455 5441 disse.
2504 5382 2573 5436 At
2610 5391 2667 5436 tu
2711 5383 2804 5453 qui
2840 5382 3192 5441 calumniaris
3237 5401 3300 5441 ea
3334 5401 3455 5457 quae
3500 5386 3671 5441 oculis
3700 5384 3870 5452 vides,

2291 5492 2456 5535 manu
2486 5483 2668 5541 tenes,
2699 5475 2935 5533 utilitate
2963 5480 3151 5546 sentis,
3182 5480 3312 5549 quid
3359 5479 3493 5535 facis
3532 5481 3596 5536 de
3634 5477 3720 5533 his
3753 5490 3874 5547 qua:

2294 5568 2362 5623 de
2389 5566 2525 5623 caelo
2549 5566 2842 5623 venerint?
2869 5569 3056 5639 utique
3096 5570 3467 5641 respondebis,
3498 5576 3554 5623 et
3594 5583 3782 5641 magos
3814 5569 3873 5625 in

2296 5655 2532 5730 Egypto
2552 5655 2720 5711 multa
2745 5658 2903 5730 signa
2931 5657 3127 5715 fecisse
3152 5661 3217 5716 de
3238 5655 3587 5726 emlo(Exod.
3612 5668 3712 5725 vn,
3729 5656 3872 5731 vni).

2368 5750 2488 5823 Ipse
2517 5760 2691 5805 autem
2717 5759 2777 5806 ut
2805 5751 2933 5807 vidit
2978 5749 3313 5820 cogitationes
3340 5766 3522 5805 eorum
3542 5792 3556 5817 ,
3596 5749 3731 5806 dixit
3757 5751 3872 5807 eis:

2299 5842 2465 5899 Omne
2493 5858 2709 5913 regnum
2734 5843 2791 5897 in
2817 5842 3046 5912 seipsum
3070 5838 3293 5901 divisum
3336 5840 3678 5911 desolabitur,
3707 5850 3759 5900 et
3777 5841 3873 5899 do-
