4110 6448
307 405 408 462 157

1109 397 1628 458 COLLECTIONES
1664 395 1732 454 1N
1767 390 2149 454 EPISTOLAS
2183 389 2273 448 ET
2312 388 2726 447 EVANGELIA.

3462 381 3568 442 158

304 531 425 570 mus
449 528 610 586 supra
632 512 841 567 domum
866 509 1036 566 cadet.
1066 509 1187 567 Non
1216 512 1286 568 ad
1322 511 1494 576 dicta,
1524 509 1620 566 sed
1645 507 1714 564 ad
1741 508 1888 580 cogi-
1913 516 1968 577 Α
1990 506 2152 561 veniet
2181 504 2324 560 vobis
2350 519 2567 574 regnum
2594 501 2714 567 Dei,
2743 498 2873 556 illud
2902 497 3131 555 sublime
3164 495 3356 553 solium
3377 537 3394 564 ,
3428 500 3576 554 unde

304 611 420 659 tata
447 601 747 674 respondit,
777 608 835 655 ut
856 600 939 656 vel
967 601 1047 656 sic
1076 600 1530 672 compellerentur
1553 599 1774 656 credere
1794 613 1912 678 p05

304 694 491 752 tentia:
533 692 686 764 ejus,
733 692 835 764 qui‘
852 694 1034 750 cordis
1077 694 1296 750 videbat
1339 693 1570 751 occulta.
1615 692 1676 748 Si
1709 700 1889 749 autem

299 800 464 842 omne
512 799 742 857 regnum
775 800 832 840 in
861 785 1042 856 seipso
1087 785 1320 841 divisum
1349 783 1710 852 desolabitur,
1758 799 1890 857 ergo

299 877 482 934 Patris
507 884 565 934 et
589 875 712 933 Filii
739 884 797 932 et
823 874 1060 949 Spiritus
1088 877 1264 932 sancti
1303 891 1529 950 regnum
1555 891 1662 932 non
1692 885 1778 932 est
1803 875 1887 931 di—

299 971 512 1036 visum,
561 969 707 1042 quod
749 969 868 1026 sine
907 969 1016 1024 ulla
1051 969 1512 1036 contradictione,
1555 983 1663 1024 non
1706 966 1888 1039 aliquo

291 1064 536 1137 impulsu
560 1061 931 1130 desolandum,
958 1062 1054 1119 sed
1077 1071 1280 1119 aeterna
1306 1069 1394 1118 est
1417 1061 1716 1118 stabilitate
1739 1075 1891 1116 man-

297 1172 494 1214 surum

369 1249 429 1306 Si
465 1256 641 1304 autem
662 1255 713 1304 et
737 1247 966 1305 Satanas
991 1249 1048 1304 in
1074 1249 1350 1320 semetipso
1377 1248 1575 1303 divisus
1611 1258 1708 1316 est,
1751 1265 1886 1321 quo-

293 1340 454 1398 modo
481 1339 640 1394 stabit
670 1356 887 1411 regnum
911 1341 1075 1412 ipsius
1099 1341 1124 1394 Ρ
1159 1341 1285 1411 quia
1314 1340 1488 1394 dicitis
1519 1339 1574 1393 in
1597 1338 1885 1394 Beelzebub

293 1433 487 1505 ejicere
514 1449 596 1487 me
623 1433 906 1488 damonia.
952 1433 1068 1490 Hoc
1098 1435 1306 1501 dicens,
1345 1450 1412 1490 ex
1454 1449 1644 1490 eorum
1669 1433 1887 1491 confes-

297 1525 451 1581 sione
476 1523 696 1580 volebat
716 1523 963 1596 intelligi;
992 1525 1136 1596 quod
1162 1527 1217 1581 in
1239 1542 1364 1583 eum
1386 1542 1493 1581 non
1515 1527 1804 1591 credendo,
1831 1529 1887 1582 in

295 1629 465 1684 regno
494 1613 691 1670 diaboli
720 1629 840 1671 esse
860 1613 1169 1683 elegissent,
1206 1615 1351 1686 quod
1379 1616 1565 1687 utique
1594 1619 1886 1673 adversum

294 1720 358 1761 se
382 1705 615 1760 divisum
641 1713 786 1762 stare
821 1720 930 1761 non
964 1713 1170 1776 posset.
1203 1705 1420 1777 Eligant
1465 1722 1596 1778 ergo
1623 1707 1887 1764 Pharisaei

295 1798 444 1870 quod
469 1797 771 1865 voluerint,
801 1799 847 1854 si
886 1797 1120 1856 Satanas
1161 1799 1402 1855 Satanan
1433 1818 1541 1857 non
1578 1811 1759 1874 potest
1785 1802 1885 1874 eji-

1987 595 2224 652 Joannes
2263 595 2474 652 aiebat:
2525 592 2889 649 Pcnitentiam
2934 591 3092 662 agite,
3137 589 3577 662 appropinquabit

1985 687 2126 743 enim
2151 703 2368 759 regnum
2393 683 2661 742 celerum.

2059 777 2190 835 Cum
2217 776 2369 846 fortis
2389 785 2625 832 armatus
2647 773 2875 830 custodit
2905 776 3101 830 atrium
3135 791 3324 843 suum,
3351 776 3409 830 in
3448 791 3579 848 pace

1987 876 2108 924 sunt
2133 869 2311 922 omnia
2338 883 2457 939 qua:
2478 866 2727 938 possidet.
2763 865 2983 921 Fortem
3032 867 3326 936 diabolum,
3374 866 3576 923 atrium

1986 977 2118 1019 vero
2146 963 2289 1019 illius
2316 962 2596 1029 mundum,
2622 964 2713 1033 qui
2744 963 2800 1018 in
2826 963 3063 1036 maligno
3086 966 3296 1035 positus
3333 973 3444 1031 est,
3484 981 3580 1036 ap-

1985 1053 2183 1127 pellat,
2233 1055 2290 1110 in
2334 1071 2442 1126 quo
2483 1070 2656 1124 usque
2685 1056 2752 1111 ad
2785 1054 3087 1111 Salvatoris
3117 1057 3409 1113 adventum
3439 1057 3584 1113 male

1984 1155 2180 1218 pacato
2207 1148 2513 1217 potiebatur
2550 1146 2802 1218 imperio,
2833 1148 2959 1218 quia
3007 1147 3062 1202 in
3106 1149 3362 1205 cordibus
3391 1149 3583 1205 inﬁde-

1986 1238 2118 1294 lium
2140 1281 2154 1306 ,
2187 1241 2304 1296 sine
2332 1241 2441 1296 ulla
2479 1241 2908 1298 contradictione
2939 1242 3288 1312 quiescebat,
3337 1243 3481 1300 unde
3525 1252 3584 1300 et

1987 1331 2113 1387 alibi
2138 1333 2394 1404 princeps
2412 1335 2600 1390 mundi
2622 1343 2866 1401 vocatur,
2893 1335 3108 1392 dicente
3128 1335 3391 1391 Domino:
3429 1334 3580 1392 Venit

1988 1427 2126 1480 enim
2149 1428 2387 1498 princeps
2420 1428 2632 1494 mundi,
2673 1438 2722 1483 et
2762 1430 2819 1484 in
2857 1445 2940 1483 me
2969 1428 3102 1483 nihil
3137 1429 3360 1484 inveniet
3393 1428 3581 1501 (Joan.

1988 1516 2124 1588 xxv),
2156 1527 2210 1573 et
2241 1518 2468 1574 iterum:
2496 1519 2655 1574 Nunc
2677 1521 2916 1592 princeps
2943 1521 3126 1575 mundi
3151 1520 3392 1589 ejicietur
3411 1521 3581 1591 foras,

1989 1605 2056 1661 de
2085 1622 2191 1677 qua
2223 1607 2313 1662 hic
2338 1607 2602 1677 ejectione
2625 1609 2990 1682 subiungitur.

2062 1697 2125 1753 Si
2147 1706 2322 1753 autem
2347 1699 2536 1770 fortior
2569 1699 2662 1754 illo
2691 1702 3060 1771 superveniens
3085 1701 3263 1757 vicerit
3285 1719 3428 1769 eum,
3455 1704 3580 1758 uni-

1989 1808 2139 1846 versa
2167 1808 2318 1846 arma
2344 1791 2459 1862 ejus
2485 1791 2709 1862 auferet,
2732 1793 2789 1846 in
2813 1792 3002 1864 quibus
3024 1793 3317 1862 conﬁdebat
3344 1804 3392 1848 et
3414 1793 3586 1865 spolia

294 1904 444 1955 cere,
469 1889 605 1945 nihil
634 1898 824 1946 contra
843 1889 1162 1958 Dominum,
1191 1891 1335 1962 quod
1363 1893 1606 1950 dicerent
1641 1895 1883 1952 invenire

1993 1881 2101 1950 ejus
2130 1881 2422 1936 distribuet.
2452 1881 2530 1937 De
2558 1882 2737 1952 seipso
2763 1882 2959 1954 quippe
2987 1882 3246 1953 loquitur,
3290 1885 3432 1954 quod
3467 1899 3583 1941 non

293 1990 608 2053 potuerunt,
640 1982 687 2038 si
711 1991 890 2038 autem
917 1991 1118 2054 potest,
1149 1985 1319 2041 multo
1348 1987 1521 2059 magis
1550 1988 1653 2042 sibi
1676 1989 1886 2060 prospi-

295 2075 463 2140 ciant,
491 2083 548 2130 et
571 2076 830 2132 recedant
858 2077 926 2133 de
950 2093 1116 2150 regno
1143 2077 1294 2150 ejus,
1333 2081 1479 2150 quod
1510 2081 1796 2138 adversum
1827 2099 1885 2140 se

295 2165 530 2222 divisum
576 2176 724 2225 stare
765 2185 873 2226 non
903 2179 1102 2241 potest.
1151 2171 1213 2228 lu
1260 2188 1368 2243 quo
1412 2181 1596 2230 autem
1623 2175 1885 2233 Dominus

294 2255 547 2314 Christus
565 2259 748 2328 ejiciat
768 2263 1061 2331 daemones,
1078 2279 1146 2320 ne
1166 2265 1557 2323 daemoniorum
1585 2269 1886 2341 principem

293 2351 633 2420 existiment,
663 2358 949 2412 attendant
969 2359 1114 2429 quod
1142 2361 1386 2431 sequitur
1411 2381 1424 2416 :

368 2444 428 2500 Si
455 2456 631 2501 autem
656 2464 748 2520 ego
769 2450 822 2504 in
847 2449 1134 2506 Beelzebub
1166 2455 1320 2524 ejicio
1359 2457 1655 2523 daemonia,
1684 2459 1786 2530 ﬁlii
1808 2477 1890 2516 ve-

291 2539 394 2593 stri
436 2540 492 2592 in
528 2556 631 2610 quo
675 2541 891 2611 ejiciunt
916 2542 942 2596 7
977 2543 1107 2599 Ideo
1150 2545 1250 2616 ipsi
1284 2546 1492 2616 judices
1530 2552 1686 2604 vestri
1713 2563 1886 2607 erunt.

293 2629 446 2686 Dixit
474 2631 579 2686 hoc
604 2631 789 2702 utique
810 2633 878 2688 de
895 2633 1173 2704 discipulis
1199 2637 1334 2702 suis,
1361 2637 1505 2694 illius
1534 2642 1713 2711 populi
1740 2641 1889 2711 ﬁliis,

295 2721 388 2794 qui
439 2731 589 2778 certe
637 2723 888 2795 discipuli
938 2725 1152 2782 Domini
1201 2726 1328 2784 Jesu
1376 2728 1582 2785 Christi
1617 2732 1756 2789 bene
1785 2734 1889 2789 sibi

296 2814 500 2870 conscii
527 2814 762 2882 fuerant,
794 2817 930 2873 nihil
955 2833 1016 2873 se
1040 2819 1305 2876 malorum
1329 2822 1528 2877 artium
1551 2838 1583 2878 a
1609 2823 1755 2881 bono
1780 2825 1891 2880 Ma-

297 2906 470 2978 gistro
492 2906 763 2971 didicisse,
787 2918 849 2964 ut
873 2909 928 2964 in
949 2911 1194 2982 principe
1220 2912 1610 2970 daemoniorum
1629 2914 1891 2985 ejicerent

295 2996 587 3053 demones.
614 2997 762 3062 Ideo,
779 2997 975 3070 inquit,
998 3001 1099 3071 ipsi
1120 3001 1324 3074 iudices
1355 3013 1508 3058 erunt
1537 3005 1713 3060 vestri.
1738 3005 1887 3074 Ideo,

294 3088 502 3160 inquit,
534 3090 636 3161 ipsi
665 3090 923 3162 ignobilia
961 3101 1018 3148 et
1041 3095 1462 3165 contemptibilia
1497 3095 1658 3166 hujus
1678 3099 1887 3166 mundi,

294 3185 353 3240 in
379 3184 574 3254 quibus
594 3198 703 3239 non
733 3183 1031 3241 artiﬁciosa
1061 3186 1390 3259 malignitas,
1421 3189 1518 3246 sed
1543 3197 1732 3246 sancta
1758 3191 1887 3246 sim-

1985 1974 2240 2029 concordi
2285 1971 2451 2029 fallax
2494 1975 2840 2045 operatione,
2878 1975 3334 2046 quemadmodum
3371 1977 3583 2032 calum-

1985 2063 2294 2130 niabantur,
2329 2065 2423 2121 sed
2469 2064 2684 2122 fortiori
2729 2067 2973 2136 potentia
3010 2068 3204 2134 victor,
3250 2067 3500 2124 homines
3550 2083 3584 2124 a

1985 2153 2254 2212 daemonio
2278 2156 2558 2213 liberaret.
2605 2157 2774 2213 Arma
2803 2158 2859 2213 in
2898 2160 3096 2229 quibus
3129 2159 3270 2216 male
3305 2159 3463 2216 fortis
3492 2161 3582 2216 ille

1988 2247 2317 2316 conﬁdebat,
2370 2265 2491 2321 qua:
2539 2251 2706 2305 sunt?
2755 2251 3011 2321 nequitiae
3059 2251 3352 2322 spiritales.
3399 2251 3585 2322 Spolia

1986 2352 2120 2393 vero
2160 2340 2279 2410 ejus
2319 2341 2422 2410 ipsi
2455 2343 2705 2398 homines
2732 2351 2860 2398 sunt
2897 2345 2966 2398 ab
2994 2359 3060 2399 eo
3094 2344 3326 2414 decepti,
3357 2361 3479 2415 quae
3505 2346 3588 2400 vi-

1991 2439 2110 2486 ctor
2134 2430 2385 2487 Christus
2411 2433 2709 2500 distribuit,
2740 2436 2884 2504 quod
2908 2444 2993 2490 est
3017 2435 3228 2505 insigne
3249 2436 3588 2506 triumphan-

1991 2522 2093 2588 tis,
2139 2523 2265 2593 quia
2295 2524 2566 2593 captivam
2604 2525 2810 2582 ducens
2843 2525 3235 2596 captivitatem,
3269 2526 3419 2582 dedit
3446 2527 3586 2582 dona

1990 2613 2322 2680 hominibus,
2359 2614 2623 2684 quosdam
2645 2615 2867 2685 quidem
2905 2615 3210 2686 apostolos,
3261 2617 3398 2673 alios
3421 2633 3588 2674 evan-

1991 2703 2243 2775 gelistas,
2277 2705 2377 2762 hos
2403 2707 2700 2778 prophetas
2723 2747 2740 2774 ,
2787 2707 2906 2764 illos
2947 2716 3195 2779 pastores
3231 2708 3491 2766 ordinans
3530 2717 3589 2766 et

1991 2795 2265 2853 doctores.

2061 2887 2172 2961 (Ex
2191 2889 2383 2962 Beda.)
2411 2890 2584 2948 intrat
2609 2907 2741 2966 ergo
2772 2892 2831 2949 in
2856 2893 3074 2950 domum
3107 2894 3284 2963 fortis,
3315 2897 3369 2953 id
3395 2905 3501 2964 est,
3532 2899 3590 2954 in

1992 2978 2097 3035 hoc
2151 2981 2411 3036 saeculum
2458 2983 2804 3052 mortalium,
2879 2985 2983 3042 sub
3031 2996 3301 3054 potestate
3356 2990 3588 3057 diaboli,

1993 3082 2258 3144 quantum
2299 3076 2368 3131 ad
2403 3076 2577 3146 ipsam
2619 3088 2853 3135 mortem
2900 3080 3158 3151 pertinet,
3209 3083 3584 3140 constitutum.

1993 3163 2071 3218 De
2099 3165 2216 3234 ipso
2243 3167 2444 3238 quippe
2480 3169 2744 3240 scriptum
2773 3178 2895 3227 est:
2936 3173 3080 3242 quod
3122 3183 3447 3244 potestatem
3491 3177 3591 3232 ha-

292 3237 512 3346 ῥίίέίιεὲ
539 3237 659 3332 ὤεα
685 3285 912 3354 apparet
932 3319 948 3344 ’
993 3278 1095 3349 ipsi
1126 3237 1294 3336 ιεξιθε
1315 3237 1453 3348 ηιξεί,
1475 3281 1689 3351 iudices
1716 3283 1885 3339 vestri
1916 3237 1963 3303 Ο
1992 3255 2132 3354 beat
2149 3259 2361 3354 mortis.
2381 3259 2555 3354 intrat
2577 3277 2708 3332 ergo
2731 3263 2952 3320 domum
2980 3263 3155 3333 fortis,
3186 3267 3239 3323 id
3263 3279 3368 3334 est,
3406 3270 3461 3324 in
3490 3285 3591 3327 suo

294 3373 472 3420 erunt.
495 3363 690 3432 Aliter,
707 3365 848 3422 ﬁlios
870 3364 1203 3436 Iudaeorum,
1221 3372 1522 3427 exorcistas
1542 3373 1721 3443 gentis
1742 3373 1886 3430 illius

297 3471 364 3512 ex
390 3472 542 3513 more
571 3458 872 3531 signiﬁcat,
904 3461 996 3530 qui
1042 3463 1110 3518 ad
1155 3463 1557 3522 invocationem
1597 3467 1890 3538 ejiciebant

295 3547 592 3614 daemones,
622 3557 678 3604 et
696 3560 943 3608 coarctat
965 3568 1060 3609 eos
1085 3554 1507 3628 interrogatione
1527 3559 1801 3628 prudenti,
1828 3567 1890 3614 ut

296 3634 662 3691 conﬁteantur
687 3632 925 3706 Spiritus
951 3641 1122 3692 sancti
1153 3649 1298 3697 esset
1323 3643 1502 3712 opus?
1534 3644 1688 3711 Quod
1717 3645 1763 3699 si
1794 3661 1889 3701 ex-

295 3724 496 3798 pulsio,
527 3725 722 3796 inquit,
767 3726 1070 3782 dmmonum
1108 3726 1164 3782 in
1210 3727 1335 3784 ﬁliis
1380 3734 1598 3795 vestris,
1628 3733 1741 3788 Deo
1778 3750 1888 3789 non

298 3818 634 3875 daemonibus
660 3818 976 3888 deputatur,
1022 3834 1192 3890 quare
1233 3819 1288 3875 in
1325 3835 1412 3876 me
1445 3821 1587 3877 idem
1614 3838 1750 3894 Opus
1779 3840 1888 3882 non

297 3914 547 3967 eamdem
595 3909 792 3968 habeat
850 3927 1088 3968 causam.
1132 3912 1274 3986 Ergo
1323 3915 1424 3985 ipsi
1464 3916 1676 3987 judices
1720 3919 1887 3975 vestri

294 4015 479 4070 erunt,
504 4022 611 4062 non
635 4015 925 4077 potestate,
953 4008 1047 4064 sed
1072 4009 1497 4078 comparatione,
1529 4011 1658 4067 dum
1688 4012 1763 4067 illi
1793 4029 1889 4068 ex-

296 4095 603 4168 pulsionem
633 4097 936 4154 daemonum
975 4097 1089 4154 Deo
1129 4098 1431 4170 assignant,
1460 4115 1559 4157 vos
1585 4100 1889 4158 Beelzebub

297 4189 531 4261 principi
560 4189 969 4246 daemoniorum.

373 4282 545 4338 Porro
568 4283 614 4338 si
638 4281 694 4337 in
720 4281 885 4353 digito
916 4281 1015 4337 Dei
1039 4283 1194 4354 ejicio
1215 4283 1498 4352 daemonia,
1525 4286 1755 4358 profecto
1781 4305 1895 4359 per-

297 4375 436 4430 uenit
460 4375 516 4429 in
545 4392 632 4431 vos
663 4392 880 4447 regnum
910 4376 1030 4431 Dei.
1059 4377 1168 4434 Iste
1192 4385 1278 4434 est
1309 4378 1541 4450 digitus,
1573 4395 1734 4450 quem
1764 4396 1894 4436 cou-

298 4465 524 4522 ﬁtentur
549 4475 606 4523 et
633 4469 802 4540 magi,
832 4469 925 4539 qui
955 4477 1143 4525 contra
1172 4469 1410 4542 Moysem
1437 4479 1493 4527 et
1526 4471 1711 4527 Aaron
1736 4473 1893 4545 signa

299 4559 598 4628 faciebant,
627 4563 910 4619 dicentes:
948 4563 1156 4636 Digitus
1181 4564 1279 4620 Dei
1303 4575 1378 4621 est
1397 4567 1494 4622 iste
1519 4566 1716 4641 (Exod.
1747 4568 1893 4642 vm),

301 4667 415 4723 quo
439 4658 494 4706 et
521 4650 714 4706 tabula:
747 4655 974 4722 lapideae
1018 4658 1235 4729 scripta:
1273 4658 1481 4714 suntin
1516 4669 1702 4716 monte
1738 4659 1889 4716 Sina.

300 4743 473 4817 Igitur
499 4758 691 4798 manus
717 4751 773 4798 et
812 4744 1116 4811 brachium,
1144 4749 1240 4801 Dei
1267 4750 1438 4802 Filius
1463 4760 1564 4816 est,
1595 4760 1652 4805 et
1695 4753 1896 4824 digitus

303 4834 446 4906 ejus,
473 4845 559 4892 est
588 4835 826 4908 Spiritus
854 4846 1092 4904 sanctus,
1127 4837 1310 4896 Patris
1348 4849 1402 4897 et
1426 4841 1550 4896 Filii
1576 4850 1632 4898 et
1662 4843 1896 4914 Spiritus

305 4929 482 4984 sancti
512 4945 620 4985 una
652 4930 954 4985 substantia
980 4921 1103 4986 est.
1127 4928 1246 4985 Non
1275 4939 1327 4986 te
1357 4932 1688 4988 scandalizet
1724 4950 1898 4990 mem-

304 5023 532 5080 brorum
570 5023 936 5094 inaaqualitas,
968 5039 1093 5080 cum
1141 5023 1371 5081 aediﬁcet
1407 5025 1589 5082 unitas
1626 5030 1893 5100 corporis.

301 5115 502 5184 Aliter,
531 5116 732 5188 digitus
762 5116 861 5173 Dei
889 5126 1116 5173 vocatur
1143 5118 1378 5189 Spiritus
1408 5127 1648 5188 sanctus,
1676 5129 1900 5194 propter

302 5209 658 5280 partitionem
687 5211 971 5278 donorum,
1019 5227 1141 5283 qua:
1183 5212 1239 5267 in
1275 5227 1341 5268 eo
1382 5212 1581 5269 dantur
1607 5214 1898 5286 unicuique

303 5301 559 5371 propria,
608 5303 722 5359 sive
766 5303 1080 5371 hominum,
1130 5305 1245 5362 sive
1274 5305 1622 5376 angelorum,
1655 5308 1709 5363 in
1738 5307 1898 5365 nullis

303 5391 453 5446 enim
483 5389 743 5446 membris
777 5396 978 5451 nostris
1012 5396 1187 5469 magis
1228 5405 1452 5468 apparet
1482 5399 1699 5469 partitio
1734 5415 1896 5471 quam

304 5482 362 5536 in
393 5481 596 5554 digitis.
621 5480 778 5550 Quod
809 5489 990 5537 autem
1015 5482 1172 5551 dixit,
1196 5487 1446 5554 pervenit
1472 5489 1525 5543 in
1547 5505 1644 5547 vos
1670 5505 1894 5562 regnum

304 5572 432 5639 Dei,
454 5589 680 5646 regnum
711 5573 808 5630 Dei
839 5589 984 5629 nunc
1025 5574 1190 5642 dicit,
1213 5591 1322 5646 quo
1350 5577 1680 5636 damnantur
1707 5581 1894 5652 impii,

305 5674 362 5720 et
388 5681 420 5720 a
459 5665 734 5732 ﬁdelibus,
781 5667 850 5724 de
888 5667 1128 5740 peccatis
1173 5669 1287 5724 suis
1329 5671 1705 5742 paenitentiam
1753 5689 1898 5729 nunc

310 5760 616 5831 agentibus,
641 5769 1018 5817 secernuntur.
1048 5758 1240 5828 Aliter,
1268 5776 1494 5833 regnum
1524 5760 1621 5819 Dei
1649 5761 1900 5820 Christus

306 5862 432 5920 est,
460 5852 526 5911 de
555 5865 666 5924 quo
704 5851 873 5909 alibi:
915 5851 1160 5926 Regnum
1195 5852 1299 5911 Dei
1337 5855 1478 5912 intra
1507 5871 1598 5914 vos
1631 5867 1740 5927 est,
1785 5858 1900 5918 sive

719 5943 998 6009 Puncta
1035 5942 1162 6009 Cll.

1919 4616 1974 4678 D

1991 3350 2272 3406 dominatu
2309 3353 2560 3408 habentis
2602 3369 2773 3424 genus
2811 3355 3142 3422 humanum,
3185 3367 3242 3412 et
3273 3359 3427 3428 prius
3475 3359 3593 3415 alli-

1992 3453 2086 3518 gat
2110 3459 2255 3514 eum,
2278 3447 2336 3503 id
2358 3458 2460 3515 est,
2489 3448 2608 3518 ejus
2651 3459 2868 3506 coercet
2910 3459 2966 3505 et
2991 3451 3209 3507 cohibet
3233 3460 3587 3524 potestatem.

1990 3535 2287 3595 Potestatis
2336 3555 2447 3595 suae
2497 3539 2818 3598 fortioribus
2847 3542 3101 3607 vinculis,
3145 3542 3225 3599 sic
3263 3544 3426 3614 eripit
3455 3559 3585 3601 vasa

1992 3631 2130 3701 ejus,
2180 3646 2518 3703 quascunque
2553 3635 2964 3705 praedestinavit
2994 3637 3229 3704 eripere,
3272 3635 3341 3690 ab
3369 3635 3489 3706 ejus
3524 3636 3591 3692 li-

1990 3723 2189 3779 berans
2217 3732 2510 3796 potestate,
2540 3733 2602 3780 ut
2629 3725 2720 3780 illo
2746 3741 2854 3781 non
2892 3726 3240 3796 impediente,
3275 3727 3501 3783 credant
3533 3729 3589 3786 in

1992 3816 2156 3873 istum
2186 3818 2360 3875 libera
2384 3819 2684 3877 voluntate.

2065 3911 2170 3978 Qui
2201 3930 2307 3968 non
2335 3922 2413 3968 est
2445 3930 2672 3981 mecum,
2707 3914 2984 3971 adversum
3022 3933 3105 3972 me
3141 3927 3240 3985 est,
3279 3927 3328 3972 et
3362 3918 3454 3990 qui
3483 3935 3590 3974 non

1993 4003 2191 4076 colligit
2225 4020 2460 4072 mecum,
2504 4007 2780 4077 dispergit.
2823 4006 2927 4080 (Ex
2977 4007 3224 4082 Hieron.)
3273 4008 3392 4064 Non
3437 4018 3594 4079 putet

1993 4101 2280 4170 quisquam
2332 4100 2399 4156 de
2441 4100 2716 4156 haereticis
2761 4109 2817 4155 et
2864 4101 3250 4168 schismaticis,
3277 4117 3591 4172 quanquam

1994 4200 2050 4247 et
2090 4193 2165 4246 ita
2206 4207 2276 4248 ex
2315 4190 2588 4262 superfluo
2627 4192 2801 4261 possit
2847 4191 3096 4262 intelligi,
3145 4192 3238 4247 sed
3284 4207 3372 4246 ex-
3399 4207 3592 4248 conse-

1994 4283 2287 4353 quentibus
2328 4292 2589 4354 textaque
2617 4282 2904 4347 sermonis,
2935 4282 3004 4337 ad
3030 4282 3300 4338 diabolum
3331 4281 3586 4340 refertur.

1996 4372 2064 4428 Et
2089 4373 2234 4443 quod
2261 4388 2368 4427 non
2396 4373 2610 4443 possint
2636 4387 2798 4443 opera
2832 4371 3132 4428 Salvatoris
3160 4373 3430 4432 Belzebub
3460 4393 3590 4448 ope-

1998 4467 2150 4521 ribus
2171 4465 2477 4536 comparari
2505 4483 2518 4519 :
2549 4465 2639 4521 ille
2664 4465 2816 4536 cupit
2841 4466 3052 4522 animas
3083 4466 3366 4522 hominum
3402 4475 3590 4526 tenere

2000 4557 2263 4628 captivas,
2313 4556 2579 4613 Dominus
2633 4557 2868 4612 liberare
2912 4574 2925 4609 :
2971 4556 3060 4612 ille
3105 4558 3364 4630 pradicet
3420 4559 3587 4626 idola,

1999 4651 2088 4707 hic
2120 4650 2284 4706 unius
2309 4650 2407 4705 Dei
2440 4649 2732 4707 notitiam:
2769 4649 2861 4706 ille
2897 4649 3068 4704 trahit
3105 4648 3174 4705 ad
3210 4650 3364 4706 vitia,
3393 4651 3485 4707 hic
3519 4653 3587 4707 ad

1995 4744 2228 4799 virtutes
2257 4751 2498 4798 revocat.

2069 4832 2203 4888 Cum
2230 4833 2535 4889 immundus
2563 4834 2781 4905 spiritus
2805 4835 2971 4888 exiret
2995 4833 3060 4889 de
3087 4835 3318 4900 homine,
3346 4834 3589 4889 ambula-

1999 4927 2085 4981 bat
2111 4943 2204 4997 per
2237 4924 2353 4980 loca
2383 4925 2663 4996 inaquosa.
2710 4924 2973 4992 Quamvis
3013 4925 3332 4995 simpliciter
3362 4926 3588 4997 intelligi

1997 5019 2191 5090 possit,
2222 5017 2511 5074 Dominum
2558 5018 2675 5073 haec
2720 5017 2789 5072 ad
2817 5017 3221 5072 distinctionem
3263 5032 3487 5073 suorum
3533 5023 3590 5071 et

2003 5113 2221 5170 Satanm
2244 5128 2488 5184 operum,
2519 5110 2848 5181 adjunxisse.
2879 5110 3031 5178 Quod
3058 5111 3268 5168 scilicet
3301 5111 3416 5181 ipse
3440 5124 3587 5165 sem-

1999 5224 2098 5279 per
2123 5207 2328 5279 polluta
2358 5207 2644 5271 mundare,
2674 5204 2906 5261 Satanas
2934 5218 3062 5260 vero
3090 5204 3346 5260 mundata
3375 5200 3590 5272 gravio-

2001 5301 2153 5356 ribus
2196 5298 2418 5356 festinet
2469 5297 2840 5353 contaminare
2884 5297 3164 5361 sordibus,
3210 5303 3386 5349 tamen
3431 5299 3488 5347 et
3523 5293 3591 5349 de

1999 5391 2259 5449 hatretico
2287 5390 2562 5463 quolibet,
2592 5389 2678 5445 vel
2715 5389 3065 5446 schismatico
3083 5427 3097 5453 ,
3127 5385 3213 5440 vel
3242 5384 3408 5440 etiam
3448 5383 3591 5440 malo

2005 5487 2273 5544 catholico
2295 5493 2477 5557 potest
2513 5501 2620 5542 non
2648 5485 3099 5542 inconvenienter
3124 5481 3317 5549 accipi.
3349 5480 3426 5535 De
3457 5493 3593 5550 quo,

2004 5591 2250 5654 tempore
2284 5581 2648 5652 baptismatis,
2691 5581 2914 5651 spiritus
2953 5573 3282 5638 immundus,
3313 5571 3404 5643 qui
3439 5573 3596 5642 prius

2006 5672 2061 5728 in
2100 5687 2164 5728 eo
2193 5671 2555 5739 habitaverat,
2587 5671 2655 5726 ad
2681 5669 3080 5726 confessionem
3124 5663 3407 5720 catholicae
3442 5662 3593 5728 ﬁdei,

2005 5764 2533 5822 abrenuntiationem
2563 5759 3015 5826 conversationis,
3046 5756 3324 5829 ejiciatur;
3364 5755 3599 5824 locaque

2009 5858 2271 5932 inaquosa
2316 5863 2592 5932 peragret,
2639 5853 2696 5911 id
2719 5861 2827 5922 est,
2875 5854 3044 5912 corda
3078 5852 3341 5920 ﬁdelium,
3388 5863 3512 5921 quas
3561 5861 3600 5905 ι

3159 5945 3202 6009 5
