4110 6500
531 408 636 475 139

1817 404 2169 474 SMABAGDI
2200 408 2492 470 ABBATIS

3703 413 3813 471 ιω

531 524 762 591 mollitie
801 530 957 588 ﬂuxae
1003 529 1346 605 cogitationis
1389 526 1688 605 eXpurgata
1715 532 1843 603 sint,
1896 526 2124 590 callidus
2150 532 2203 594 Α
2227 527 2372 585 illius
2397 525 2578 600 populi
2605 522 2791 599 peiora
2817 523 3113 598 prioribus.
3144 522 3313 582 linito
3337 524 3487 583 enim
3513 540 3661 583 nunc
3693 544 3815 585 ma-

532 614 818 683 insidiator
851 618 1116 698 exploret,
1147 626 1194 681 si
1232 628 1369 697 quos
1404 610 1478 682 ibi
1518 614 1661 685 forte
1690 630 1819 685 suos
1861 627 2119 700 nequitiae

531 733 754 792 gressus
788 719 951 795 ﬁgere
978 719 1181 797 possit,
1213 721 1309 779 sed
1336 721 1475 777 bene
1505 706 1726 777 dicitur.

610 798 862 893 budaeus
903 799 1155 891 requiem,
1199 827 1249 875 et
1287 835 1390 875 non
1431 800 1717 893 invenieris.
1760 802 1897 888 Quia
1940 820 2121 874 eaStas

535 916 745 964 mentes
785 888 1067 981 eii'ugiens,
1109 908 1165 964 in
1206 907 1320 965 solo
1348 888 1595 967 diabolus
1632 906 1794 967 corde
1828 904 2121 980 pravorum

533 998 766 1077 gratiam
802 996 905 1077 sibi
943 1004 1123 1071 potest
1163 998 1409 1059 invenire
1446 1000 1705 1071 quietem.
1755 990 1908 1056 Unde
1932 997 2000 1055 de
2029 992 2123 1052 iiib‘

533 1080 797 1145 Dominus
822 1109 834 1143 :
861 1078 970 1146 Sub
991 1091 1197 1159 umbra,
1225 1089 1421 1162 intulit,
1463 1090 1658 1147 dormit
1701 1088 1756 1145 in
1798 1092 1993 1145 secreto
2033 1094 2123 1142 ca:-

533 1165 680 1254 lami,
709 1190 760 1236 et
789 1180 846 1237 in
876 1179 1004 1238 locis
1024 1180 1358 1238 humentibus
1388 1170 1531 1255 (Job.
1563 1181 1684 1253 XL);
1720 1182 1773 1237 in
1801 1170 2017 1245 umbra,
2042 1178 2124 1234 vi-

532 1268 732 1329 delicet
755 1274 1073 1331 tenebrosas
1098 1260 1462 1332 conscientias
1488 1295 1498 1330 :
1523 1274 1577 1331 in
1607 1274 1836 1340 calamo,
1868 1274 1961 1344 qui
1991 1271 2123 1328 foris

534 1362 760 1432 nitidus,
790 1366 938 1425 intus
967 1362 1051 1425 est
1077 1374 1302 1433 vacuus,
1335 1360 1697 1426 simulatrice‘s
1726 1372 1738 1422 ἐ
1783 1354 1840 1423 in
1864 1367 1999 1424 locis
2022 1367 2123 1424 bu-

535 1457 829 1525 mentibus,
860 1458 1090 1516 lascivas
1110 1448 1410 1531 mollesque
1437 1468 1648 1517 mentes
1678 1458 1979 1516 insinuans.

604 1550 743 1604 Dicit
767 1538 1058 1607 :Revertai-
1093 1552 1149 1607 in
1180 1552 1394 1608 domum
1431 1570 1602 1608 meam
1640 1552 1781 1608 unde
1819 1554 1975 1608 'exivi.
2027 1551 2121 1608 Ti-

531 1639 760 1698 mendus
801 1649 887 1701 est
935 1643 1040 1699 iste
1086 1643 1419 1711 versiculus,
1476 1660 1584 1703 non
1635 1645 2013 1715 esponendus,
2054 1656 2125 1699 ne

530 1730 690 1803 culpa
735 1747 902 1806 quam
942 1733 998 1791 iii
1042 1736 1200 1793 nobis
1245 1734 1573 1793 exstinctam
1620 1735 1996 1805 credebamus,
2025 1750 2125 1807 per

532 1822 802 1881 incuriam
831 1828 932 1882 nes
957 1828 1216 1883 vacantes
1247 1828 1537 1902 opprimat.

2216 619 2338 691 jore
2376 621 2682 677 daemonum
2715 632 2944 677 numero
2967 618 3335 692 possidentur,
3364 617 3816 689 blasphemantes

2222 714 2279 770 in
2306 715 2595 788 synagogis
2624 715 2740 771 suis
2760 715 3039 770 Christum
3066 711 3275 779 Jesum,
3300 722 3463 783 quam
3492 713 3551 771 in
3572 712 3820 786 Egypto

2221 809 2456 879 possessi
2484 808 2700 865 merant
2729 808 2861 864 ante
2899 806 3035 880 legis
3060 806 3333 863 notitiam;
3375 803 3515 873 Quia
3548 804 3701 863 aliud
3727 794 3821 862 est

2221 911 2510 957 venturum
2558 916 2669 958 non
2717 899 3155 968 oredere,-slind
3197 904 3323 959 eum
3368 904 3482 957 non
3508 899 3825 970 mscepisse

2221 993 2315 1063 qui
2340 994 2568 1049 venerit.
2602 992 2984 1065 Septenarium
3010 993 3159 1049 enini
3183 998 3474 1049 numerum
3498 990 3821 1061 adiunctum

2223 1086 2456 1152 diabolo,
2482 1086 2569 1143 Vel
2594 1093 2818 1159 propter
2854 1088 3145 1144 sabbatum
3187 1086 3448 1160 intellige,
3480 1086 3567 1143 vel
3592 1095 3824 1158 prepter

2222 1194 2511 1236 numerum
2539 1179 2775 1251 Spiritus
2820 1180 3016 1245 sancti,
3056 1186 3118 1236 ut
3144 1180 3418 1251 quomodo
3453 1181 3510 1235 in
3552 1180 3692 1236 Isaia
3727 1197 3824 1238 su—

2222 1284 2323 1343 per
2349 1272 2561 1344 virgam
2591 1273 2659 1328 de
2686 1273 2873 1328 radice
2899 1271 3073 1339 Iesse,
3104 1280 3162 1329 et
3187 1272 3378 1329 ﬂorent
3412 1274 3508 1344 qui
3533 1272 3603 1330 de
3631 1275 3823 1331 radice

2223 1363 2342 1435 ejus
2391 1365 2732 1432 conscendit,
2761 1374 2971 1437 septem
3016 1365 3242 1437 spiritus
3286 1366 3552 1429 virtutum
3598 1366 3827 1424 descen-

2223 1455 2371 1513 disse
2410 1464 2727 1524 narrantur,
2760 1456 2838 1511 ita
2876 1462 2932 1512 et
2959 1471 2994 1511 e
3028 1456 3304 1513 contrario
3331 1456 3590 1514 vitiorum
3627 1472 3826 1516 nume-

2222 1562 2318 1605 rus
2342 1548 2401 1603 in
2428 1547 2644 1604 diabolo
2669 1553 3022 1605 consecratus
3048 1548 3140 1604 sit.

2295 1637 2525 1694 Factum
2553 1648 2626 1695 est
2648 1648 2825 1695 autem
2844 1655 2964 1694 cum
2982 1640 3095 1694 hac
3116 1639 3335 1706 diceret,
3360 1637 3620 1696 extollens
3643 1655 3821 1697 uocem

2223 1730 2467 1801 quadam
2495 1728 2688 1785 mulier
2718 1730 2784 1784 de
2809 1729 2965 1785 turba
2997 1729 3131 1785 dixit
3158 1729 3240 1785 illi
3260 1729 3499 1786 tBeattts
3532 1739 3711 1787 venter
3729 1732 3825 1803 qui

2225 1832 2275 1878 te
2307 1824 2552 1894 portavit,
2587 1833 2637 1878 et
2668 1823 2831 1878 ubera
2864 1839 2984 1895 qua:
3015 1822 3243 1890 resistis,
3276 1822 3487 1895 Magna:
3515 1825 3824 1883 devotionis

601 1912 673 2001 Et
703 1914 823 1971 eum
845 1918 1061 1987 venerit,
1087 1894 1478 1991 ἱηυεηίίᾶεορὶε
1500 1917 1828 1997 mandatam.
1869 1900 1988 1973 lio‘c
2014 1923 2116 1985 est,
2148 1894 2198 1964 Β
2224 1922 2282 1971 et
2307 1914 2433 1970 ﬁdei
2461 1914 2578 1970 haec
2604 1912 2801 1970 mulier
2822 1894 3150 1982 ostenditur,
3208 1924 3330 1987 qua
3358 1894 3569 1973 Scribis
3593 1925 3652 1973 et
3678 1917 3824 1974 Pha-

486 2056 491 2063 .
532 2006 709 2083 gratia
748 2010 1092 2083 baptismatis
1141 2028 1172 2066 a
1211 2014 1560 2094 peccatorum
1605 2010 1729 2069 labe
1776 2006 2116 2081 castigatam,

528 2094 625 2177 sed
659 2100 806 2157 nulla
844 2100 973 2158 boni
1025 2103 1207 2176 operis
1251 2102 1522 2160 inddstria
1563 2098 1909 2160 cumulatam.
1963 2099 2118 2158 Unde

525 2187 668 2246 bene
693 2188 976 2248 Matthaaus
1003 2193 1145 2249 hanc
1173 2178 1392 2249 domum
1422 2203 1727 2261 vacantem,
1758 2192 1936 2264 scopis
1962 2202 2118 2248 mun-'

529 2278 713 2339 datam
756 2282 921 2356 atque
958 2292 1211 2342 ornatam
1260 2286 1393 2341 dieit
1437 2286 1713 2347 inventam
1747 2305 1760 2340 :
1803 2280 2117 2340 mundatani

526 2374 779 2433 videlicet
807 2392 839 2432 a
863 2375 1013 2432 vitiis
1040 2377 1287 2449 pristinis
1313 2378 1413 2449 ‘per
1439 2376 1789 2449 baptismum,
1829 2370 2115 2433 'vacanteni

527 2481 558 2521 a
578 2460 736 2523 bonis
765 2467 976 2523 actibus
1004 2483 1103 2541 per
1130 2467 1541 2539 negligentiam,
1569 2466 1818 2523 ornatam
1848 2462 2118 2522 simulatis

526 2555 822 2614 virtutibus
846 2572 944 2629 per
973 2557 1325 2631 bypo'crisim'.

598 2646 668 2703 Et
702 2646 828 2704 tunc
850 2649 995 2704 vadit
1030 2650 1079 2705 et
1114 2650 1334 2704 assumit
1363 2654 1558 2723 ‘septem
1594 2642 1728 2703 alios
1764 2642 1979 2720 spiritus
2020 2664 2113 2702 ne-

524 2742 735 2815 quiores
762 2761 837 2809 se,
861 2752 908 2799 et
937 2745 1162 2816 ingressi
1186 2738 1426 2800 habitant
1448 2738 1541 2800 ibi.
1570 2728 1679 2800 iter
1706 2742 1915 2815 s'epten‘l
1944 2742 2118 2800 malos

525 2834 752 2906 spiritus
785 2836 1037 2893 universa
1068 2838 1201 2893 vitia
1253 2839 1520 2927 designat.
1559 2838 1946 2908 Quemcunque
1970 2837 2115 2893 enim

522 2937 649 3000 post
674 2928 942 3001 baptisma
974 2930 1089 2987 sive
1115 2922 1357 3005 pravitas
1389 2922 1670 2997 haeretica,
1710 2934 1804 2986 seti
1843 2928 2116 2985 mundana

524 3015 792 3095 cupiditas
829 3022 1087 3104 arripuit,
1131 3020 1255 3079 in'ox
1290 3022 1535 3078 omnium
1563 3020 1873 3099 prosternet
1908 3021 1962 3075 in
2005 3020 2116 3075 ima

524 3108 800 3166 vitiorum.
853 3110 1010 3169 Unde
1052 3113 1216 3179 recte,
1275 3110 1567 3187 aequares
1610 3111 1741 3169 tunc
1781 3127 1847 3167 eo
1893 3109 2117 3182 spiritus

524 3197 782 3259 dicuntur
817 3198 1071 3277 ingressi,
1110 3206 1240 3277 quia
1279 3210 1387 3265 ’n‘oii
1428 3204 1602 3262 ‘solu‘ni
1636 3200 1858 3261 habebit
1895 3200 1986 3259 illa
2030 3214 2117 3261 se-

2222 2004 2398 2063 risaeis
2420 2006 2711 2063 Dominum
2754 2006 3091 2064 tentantibus
3116 2008 3279 2064 simul
3307 2016 3363 2064 et
3387 2007 3818 2081 blasphemand-

2219 2100 2343 2167 bus,
2385 2108 2536 2155 tanta
2579 2098 2697 2170 ejus
2752 2100 3181 2157 incarnationem
3246 2114 3361 2172 pra
3399 2101 3655 2159 omnibus
3700 2103 3817 2159 sin-

2221 2191 2451 2247 ceritate
2501 2192 2801 2263 cognoscit,
2850 2199 3000 2247 tanta
3052 2190 3250 2248 ﬁducia
3295 2192 3606 2259 conﬁtetur,
3660 2201 3722 2249 ut
3759 2203 3816 2250 et

2218 2283 2568 2353 praesentium
2631 2298 2920 2355 procerum
2981 2282 3332 2351 calumniam,
3405 2291 3463 2340 et
3503 2282 3814 2341 futurorum

2218 2374 2515 2431 confundat
2552 2374 2931 2431 haereticorum
2980 2373 3285 2445 perﬁdiam.
3328 2373 3465 2431 Nam
3495 2374 3634 2432 sicut
3677 2384 3818 2432 tunc

2218 2464 2389 2522 Judzri
2435 2465 2609 2521 sancti
2651 2462 2890 2537 Spiritus
2931 2479 3099 2535 opera
3141 2464 3589 2535 blasphemando,
3618 2481 3814 2523 verum

2218 2558 2842 2630 eonsubstantialemque
2855 2559 3034 2615 Patris
3046 2558 3140 2615 Dei
3154 2558 3352 2616 Filium
3362 2560 3650 2631 negabant,
3666 2559 3749 2617 sic
3760 2569 3819 2619 et

2218 2651 2464 2708 haeretici
2491 2659 2680 2723 postea
2708 2650 2976 2722 negando,
3010 2638 3237 2709 llariam
3268 2664 3487 2727 semper
3519 2650 3812 2722 virginem,

2218 2743 2394 2798 sancti
2425 2740 2660 2812 Spiritus
2688 2749 2949 2812 operante
2970 2741 3192 2808 virtute,
3218 2741 3500 2803 uomitum
3522 2756 3593 2799 es
3620 2742 3816 2798 huma-

2220 2835 2307 2892 nis
2341 2835 2604 2891 membris
2643 2834 2920 2906 nnigenito
2943 2835 3077 2902 Deo,
3125 2836 3310 2892 carnis
3356 2851 3472 2895 suae
3519 2836 3813 2893 materiam

2217 2929 2600 2997 ministrasse,
2644 2934 2834 2985 rerum
2862 2969 2877 2996 ,
2936 2929 3568 3000 consubstantialemque
3611 2928 3813 2991 metris

2216 3021 2395 3077 ilium
2422 3022 2681 3088 hominis,
2725 3020 2888 3078 fateri
2936 3028 3045 3079 no‘n
3087 3022 3287 3079 debere
3314 3022 3590 3080 dixerunt.
3630 3020 3817 3080 Sedsi

2216 3128 2349 3171 caro
2377 3113 2532 3171 verbi
2557 3114 2653 3170 Dei
2679 3114 2979 3172 secundum
3004 3122 3232 3171 carnem
3272 3115 3550 3173 nascentis
3586 3130 3621 3173 a
3644 3127 3816 3173 carne

2219 3206 2446 3279 virginis
2492 3206 2685 3263 matris
2722 3207 3109 3279 pronuntietur
3153 3214 3442 3275 extrema,
3484 3207 3605 3264 sine
3646 3220 3818 3264 causa

520 3300 672 3367 ptem
696 3292 851 3363 vitia,
895 3300 1016 3369 ‘qua‘e
1050 3302 1256 3370 septeni
1306 3290 1643 3372 Spiritalibus
1686 3298 1812 3355 sunt
1836 3296 2113 3354 contraria
2215 3278 2411 3355 venter
2457 3300 2552 3371 qui
2593 3278 3054 3371 eamiportasset,
3103 3302 3275 3358 ubera
3322 3316 3447 3373 qm
3490 3299 3818 3368 iactassent,

518 3380 832 3456 virtutibus,
864 3390 958 3445 sed
996 3399 1052 3446 et
1078 3394 1176 3464 per
1221 3384 1552 3465 hypocrisim
1590 3391 1737 3465 ipsas
1779 3400 1839 3448 se
1884 3384 2114 3450 virtutes

518 3476 725 3537 habere
753 3480 1049 3537 simulabit.

590 3562 661 3626 Et
694 3576 817 3627 sunt
854 3574 1137 3629 durissima
1172 3575 1397 3633 flaminis
1435 3568 1581 3634 illius
1611 3580 1795 3651 pejora
1824 3574 2108 3653 prioribus.

521 3654 727 3719 Medius
759 3662 960 3735 quippe
1005 3674 1125 3720 erat
1171 3665 1245 3731 ei,
1292 3666 1436 3722 viam
1464 3668 1710 3725 Veritatis
1753 3676 1861 3725 non
1907 3685 2111 3741 cogno-

518 3760 697 3821 scere,
741 3760 904 3825 q'uam
958 3760 1081 3826 post
1125 3757 1457 3829 agnitionem
1505 3756 1805 3816 retrorsum
1843 3762 2106 3818 ednverti.

518 3845 674 3915 Quod
722 3846 778 3901 in
802 3845 939 3903 Juda
968 3847 1253 3917 traditore,
1283 3850 1370 3905 vel
1399 3844 1624 3907 Simone
1657 3852 1832 3926 Mago,
1867 3850 2107 3913 caeteris-

518 3950 626 4011 que
659 3937 861 3995 talibus
897 3939 1210 4010 specialiter
1254 3940 1487 4013 legimus
1521 3942 1825 4015 impletum.
1864 3946 1983 4014 Quo
2014 3964 2108 4003 au-

517 4038 628 4087 tem
659 4030 988 4104 generaliter
1014 4024 1132 4089 huic
1157 4032 1409 4103 parabole
1434 4032 1637 4104 tendat,
1661 4034 1777 4106 ipse
1808 4038 2107 4095 secundum

515 4117 825 4177 Mattbmum
849 4118 1100 4178 Salvator
1127 4118 1397 4194 espOSuit,
1427 4124 1519 4181 ubi
1549 4140 1613 4181 ea
1640 4128 1953 4193 terminata,
1978 4132 2105 4185 mox

515 4210 718 4278 subdit,
750 4206 938 4270 dicens
966 4232 979 4267 :
1007 4211 1096 4269 Sic
1130 4212 1229 4269 erit
1253 4222 1303 4269 et
1330 4214 1657 4285 generationi
1686 4216 1810 4271 huic
1840 4219 2101 4289 pessimis,

412 4374 413 4383 χ
512 4300 571 4359 id
603 4306 708 4368 est,
743 4290 889 4373 quod
927 4300 993 4358 de
1032 4314 1141 4358 uno
1178 4302 1419 4374 quolibet
1456 4305 1767 4375 specialiter
1808 4307 1920 4378 geri
1967 4308 2105 4365 solet

514 4394 788 4461 enarravi,
818 4386 922 4451 hoc
965 4394 1021 4449 in
1048 4400 1163 4450 tota
1188 4393 1517 4466 generaliter
1540 4394 1703 4466 huius
1724 4398 1909 4469 populi
1941 4409 2104 4470 gente

513 4486 628 4559 geri
660 4502 770 4542 non
799 4480 1017 4544 desinit.

582 4572 898 4635 hmuudus
918 4580 1115 4652 quippe
1138 4578 1361 4653 Spiritus
1386 4580 1555 4637 exivit
1579 4594 1611 4637 a
1635 4580 1856 4650 Iudaeis,
1885 4564 2120 4656 quando.

2218 3392 2623 3450 beatificantur.
2688 3393 2809 3462 Qua
2860 3394 3010 3451 enim
3061 3394 3455 3465 ednsbquentia
3508 3391 3626 3463 eius
3673 3392 3821 3450 lacte

2215 3485 2474 3543 credatur
2510 3487 2775 3553 nutritus,
2814 3485 2974 3557 cuius
3014 3486 3225 3543 semine
3267 3493 3501 3558 negatur
3526 3499 3649 3542 esse
3677 3498 3817 3542 con-

2214 3586 2429 3649 ceptus,
2478 3593 2604 3636 cum
2648 3594 2718 3636 ex
2762 3579 2926 3636 unius
2965 3577 3320 3648 ejusdemque
3364 3576 3531 3633 fontis
3575 3574 3813 3646 origine,

2214 3670 2513 3727 sectandum
2542 3671 2817 3745 physicos,
2848 3678 3076 3737 uterque
3114 3670 3295 3737 liquor
3327 3670 3585 3725 emanare
3616 3667 3817 3738 prohe~

2213 3766 2326 3814 tur.
2368 3759 2484 3816 Nisi
2520 3762 2663 3816 forte
2697 3759 2938 3831 putanda
2974 3768 3060 3813 est
3095 3757 3249 3830 virgo
3290 3757 3651 3827 sementium
3693 3772 3812 3817 sua

2212 3854 2397 3911 omnis
2422 3853 2739 3918 materiam,
2772 3851 3061 3907 nutriendo
3096 3850 3151 3905 in
3189 3862 3356 3907 carne
3390 3848 3489 3905 Dei
3515 3848 3656 3906 Filio
3681 3863 3783 3921 sug

2212 3960 2404 4017 gerere
2448 3943 2723 4016 potuisse,
2771 3939 3104 3998 incarnando
3151 3948 3358 4007 autem,
3410 3940 3568 4012 quasi
3612 3940 3815 4011 majori

2211 4044 2268 4093 et
2312 4034 2574 4091 inusitato
2623 4032 2888 4088 miraculo
2935 4031 3160 4087 minime
3206 4031 3471 4105 potuisse.
3521 4029 3630 4089 Sed
3681 4033 3814 4089 huic

2210 4126 2453 4197 opinioni
2486 4127 2668 4182 obstat
2688 4122 3002 4195 Apostolus,
3040 4123 3227 4179 dicens
3271 4141 3285 4178 :
3332 4122 3472 4190 Quia
3498 4123 3814 4180 misitDens

2210 4216 2415 4271 Filium
2456 4232 2641 4281 suum,
2685 4215 2886 4286 factum
2932 4230 2997 4267 ea:
3031 4212 3269 4280 muliere,
3313 4214 3513 4283 factum
3557 4214 3656 4271 sub
3700 4213 3813 4286 lege

2211 4306 2415 4381 (ϐαιοὶ.
2439 4308 2539 4377 iv).
2564 4306 2750 4378 Neque
2777 4306 2923 4361 enim
2948 4303 3205 4360 audiendi
3228 4313 3377 4371 sunt,
3399 4305 3494 4375 qui
3520 4304 3812 4377 legendum

2208 4408 2441 4471 putant:
2470 4397 2668 4454 Natum
2709 4412 2773 4453 ex
2826 4398 3078 4463 muliere,
3129 4397 3336 4455 factum
3382 4396 3484 4452 sub
3531 4396 3672 4468 lege,
3715 4397 3810 4452 sed

2208 4492 2411 4563 factum
2431 4507 2497 4547 ea:
2519 4490 2761 4556 muliere,
2792 4489 2918 4561 quia
2945 4496 3239 4565 conceptus
3264 4488 3323 4565 in‘
3347 4493 3502 4543 utero
3529 4487 3810 4560 virginali,

2212 4601 2437 4642 carnem
2484 4601 2592 4642 non
2637 4586 2705 4640 de
2749 4583 2942 4650 nihilo,
2986 4598 3095 4642 non
3145 4582 3379 4647 aliunde,
3419 4580 3517 4638 sed
3554 4589 3810 4639 materna

512 4680 843 4743 acceperunt
891 4666 1102 4743 legem,
1152 4676 1207 4729 et
1253 4673 1550 4730 ambulavit
1598 4691 1696 4747 per
1750 4678 1867 4734 loca
1896 4678 2097 4758 _arida,
2126 4662 2183 4728 D
2208 4679 2380 4734 traxit
2416 4694 2485 4735 ex
2527 4694 2713 4734 carne.
2745 4670 3027 4749 Alioquin,
3073 4692 3176 4734 nec
3205 4690 3335 4736 vere
3373 4675 3522 4729 illius
3568 4671 3812 4733 hominis

510 4777 761 4834 quaerens
797 4762 900 4818 sibi
939 4764 1203 4834 requiem.
1239 4764 1510 4836 Expulsus
1535 4766 1786 4822 videlibet
1818 4784 1848 4823 a
1875 4766 2098 4835 Judaeis,

511 4854 811 4911 ambulavit
835 4866 932 4928 per
960 4858 1202 4929 gentium
1233 4857 1583 4926 solitudines;
1612 4872 1732 4931 quae
1759 4866 1882 4918 cum
1909 4873 2100 4933 postea

508 4943 742 5001 Dbmino
770 4946 1145 5016 credidissent,
1180 4947 1271 5004 ille
1298 4965 1405 5005 non
1435 4950 1655 5007 invento
1690 4952 1809 5008 loco
1838 4953 1893 5007 in
1924 4956 2100 5010 natio-

505 5037 689 5105 nibus,
715 5036 874 5107 dixit,
901 5050 1130 5096 revertar
1149 5042 1205 5096 in
1226 5042 1440 5098 domum
1463 5056 1634 5100 meam
1658 5045 1937 5115 pristinam
1960 5047 2099 5103 unde

506 5128 664 5189 exivi.
715 5128 901 5188 Habeo
927 5129 1164 5200 Judaaos,
1207 5150 1344 5206 quos
1374 5144 1500 5193 ante
1528 5137 1862 5193 dimiseram.
1912 5139 1979 5194 Et
2008 5156 2099 5197 ve-

506 5224 666 5283 niens
702 5216 912 5283 invenit
939 5230 1224 5284 vacantem
1264 5230 1443 5301 scopis
1490 5232 1823 5287 mundatam.
1857 5232 2103 5289 Vacabat

506 5318 652 5373 enim
706 5318 965 5391 templum
1011 5314 1323 5377 Judzeorum
1345 5364 1359 5387 ,
1408 5333 1464 5379 et
1506 5322 1783 5380 Christum
1829 5326 2101 5398 hospitem

507 5424 618 5463 non
643 5400 881 5468 habebat
905 5413 1175 5471 dicentem
1205 5430 1220 5469 :
1257 5410 1574 5471 Diiuittetur
1597 5414 1753 5473 vobis
1781 5418 1973 5475 domus
2002 5434 2099 5474 ve-

506 5498 620 5558 str'a
648 5498 859 5567 deserta
888 5498 1107 5577 (Matth.
1136 5506 1275 5585 ut).
1317 5505 1454 5575 Quia
1480 5510 1649 5581 igitUr
1678 5511 1775 5567 Dei
1804 5519 1858 5567 et
1883 5512 2102 5584 angelo-

505 5608 630 5650 rum
664 5594 923 5667 pi‘aasidia
960 5596 1069 5653 non
1093 5596 1382 5663 habebant,
1413 5608 1470 5655 et
1502 5602 1681 5657 ornati
1720 5612 1878 5659 erant
1912 5618 2103 5675 super-

503 5682 629 5744 ﬂuis
674 5686 1149 5747 observationibus
1198 5688 1627 5759 Pharisaeorum,
1682 5696 1976 5751 revertitur
2032 5697 2101 5753 ad

505 5792 599 5836 eos
638 5774 909 5849 diabolus,
951 5784 1009 5839 et
1042 5782 1355 5861 septenario
1393 5782 1497 5843 sibi
1537 5790 1766 5844 numero
1796 5789 2101 5847 daemonum

506 5868 712 5942 addito,
740 5868 948 5931 habitat
972 5868 1259 5946 pristinam
1284 5873 1530 5948 domum,
1559 5884 1613 5937 et
1636 5878 1775 5937 fiunt
1795 5882 2100 5953 posteriora

2207 4770 2502 4834 diceretur,
2549 4771 2643 4838 qui
2689 4771 2960 4837 originem
3009 4780 3118 4821 non
3164 4765 3394 4822 haberet
3429 4779 3500 4823 ex
3558 4766 3803 4829 homine.

2205 4862 2275 4918 Et
2302 4876 2403 4918 nos
2432 4860 2595 4932 igitur
2619 4859 2706 4915 his
2735 4867 2925 4915 contra
2954 4857 3220 4915 Euthioen
3256 4857 3435 4924 dictis,
3476 4858 3807 4935 extollam“

2205 4970 2396 5011 vocem
2452 4968 2577 5008 cum
2610 4951 2852 5008 Ecclesia
2899 4950 3188 5016 catholica,
3234 4948 3391 5019 cuius
3437 4950 3557 5011 haec
3603 4950 3807 5007 mulier

2205 5056 2392 5120 typum
2420 5046 2605 5119 gessit.
2637 5044 2972 5101 Extollamus
3006 5052 3063 5100 et
3101 5030 3343 5101 mentem
3372 5042 3439 5099 de
3464 5041 3648 5101 medio
3680 5051 3802 5100 tur-

2203 5142 2426 5208 barum,
2451 5139 2811 5210 dicamusqu‘e
2856 5137 3129 5194 Salvatori
3154 5155 3169 5194 :
3194 5137 3391 5197 Beatus
3430 5145 3610 5193 venter
3632 5138 3725 5208 qui
3753 5144 3808 5190 te

2204 5235 2454 5306 portavit,
2481 5243 2530 5289 et
2555 5233 2717 5288 ubera
2756 5249 2874 5305 qua:
2913 5232 3121 5287 sanasti.
3170 5232 3312 5288 Vere
3336 5231 3486 5289 enim
3502 5230 3670 5289 beata
3695 5244 3797 5300 μ-

2207 5326 2354 5397 rens,
2382 5344 2521 5400 quae,
2554 5328 2700 5385 sicut
2731 5329 2949 5398 quidem
2982 5326 3060 5380 ait
3096 5326 3423 5399 (Sedulius),

2828 5444 2987 5509 nam
3014 5448 3090 5505 ἕξει
3114 5443 3363 5517 puerperi
3386 5442 3584 5517 regem;

2331 5521 2525 5571 Numen
2548 5525 2598 5569 et
2616 5525 2813 5569 aterno
2827 5516 3167 5581 complectens
3185 5516 3348 5581 omnia
3364 5529 3513 5581 gyro.
3564 5564 3581 5573 ι

2331 5583 2524 5655 ﬁaudia
2548 5586 2719 5649 matris
2740 5579 2950 5695 pigens,
2968 5594 3088 5651 eum
3115 5580 3406 5688 virginitatis
3431 5579 3639 5652 bonpre.

2331 5646 2427 5695 Om
2452 5642 2627 5695 civium
2654 5652 2783 5694 terra
2840 5658 2938 5695 oue
2964 5644 3103 5694 tenet
3129 5654 3189 5695 pe
3243 5640 3441 5695 Saecula.
3470 5638 3611 5695 huius

2331 5636 2427 5707 'Qui
2452 5636 2627 5697 ciriutii
2654 5636 3103 5707 {criaiﬁquetéhet
3129 5636 3219 5703 'p'e'l
3243 5636 3441 5707 Sassula,
3470 5638 3611 5707 hujus

2332 5702 2598 5770 imperium
2622 5708 2733 5760 sine
2757 5702 3062 5768 tine'msuet;
3091 5702 3203 5766 quae
3228 5712 3406 5770 ventre
3427 5702 3597 5762 beato;

2330 5765 2436 5824 Nec
2457 5772 2659 5835 primum
2679 5770 2893 5822 siautem
2917 5771 3020 5821 visa
3040 5765 3136 5825 est.
3152 5779 3247 5818 nec
3272 5765 3463 5819 habere
3480 5770 3800 5828 sequentem.

2279 5891 2346 5940 At
2387 5882 2477 5939 ille
2509 5883 2645 5938 άὶωᾱ
2670 5896 2688 5935 :
2714 5882 2997 5948 Quinti",
3029 5878 3169 5936 benti
3322 5874 3557 5933 audiunt
3588 5875 3801 5937 υσιᾶυα
