4110 6452
545 351 650 408 M3

1833 334 2186 396 SMARAGDI
2222 335 2514 393 ABBATIS

3708 334 3816 390 ιιι

539 465 731 521 bibere
757 471 813 520 et
843 459 1112 534 promittit
1144 457 1352 513 bibere.
1394 457 1530 528 Eget
1573 452 1729 524 quasi
1775 460 2117 524 accepturus,
2146 449 2199 509 A
2243 441 2245 443 ’
2295 448 2483 503 Patres
2521 444 2685 501 nostri
2711 445 2769 499 in
2809 451 2983 500 monte
3029 443 3127 497 hoc
3155 442 3527 497 adoraverunt.
3569 440 3713 498 Dicit
3765 447 3818 500 ei

546 564 605 612 et
635 554 806 612 aﬂluit
839 562 1096 624 tanquam
1133 553 1448 629 satiaturus.

614 644 676 702 Si
701 646 884 711 scires,
916 643 1085 714 inquit
1116 642 1164 695 ei
1182 640 1360 705 Iesus,
1391 639 1588 693 donum
1613 638 1733 706 Dei,
1760 646 1809 692 et
1835 638 1953 708 quis
1996 644 2125 691 esset

539 739 630 811 qui
657 737 784 796 dicit
814 736 947 790 tibi:
971 733 1052 788 Da
1080 733 1209 788 mihi
1242 733 1435 799 bibere,
1479 743 1535 786 tu
1567 731 1793 802 forsitan
1825 731 2037 802 petisses
2061 728 2125 782 ab

540 845 626 894 eo,
653 837 701 882 et
724 826 948 884 dedisset
971 825 1066 879 tibi
1087 841 1276 896 aquam
1305 825 1495 879 vivam.
1528 823 1737 879 Donum
1764 821 1858 876 Dei
1893 829 1978 874 est
2001 819 2124 888 Spi-

544 919 682 974 ritus
711 927 948 975 sanctus.
985 916 1143 988 Aqua
1170 932 1299 972 vero
1335 932 1496 988 quam
1525 917 1788 971 Dominus
1825 914 1875 968 ei
1902 911 2125 981 promit-

538 1010 688 1066 tebat
719 1009 869 1076 dari,
911 1016 973 1064 ut
1005 1025 1112 1063 non
1152 1008 1330 1063 sitiret
1375 1007 1434 1063 in
1471 1015 1756 1071 aeternum,
1800 1003 1889 1058 illa
1925 1009 2027 1066 est,
2060 1000 2127 1054 de

538 1116 644 1171 qua
676 1100 880 1156 dictum
911 1107 995 1156 est
1026 1119 1039 1152 :
1073 1099 1225 1169 Apud
1254 1108 1302 1152 te
1329 1107 1425 1162 est,
1449 1098 1695 1162 Domine,
1729 1097 1846 1166 fons
1883 1095 2018 1149 vita’.
2058 1092 2126 1146 Et

536 1191 735 1248 iterum
761 1210 775 1245 :
807 1191 1134 1246 Satiabimur
1166 1192 1222 1244 in
1256 1191 1402 1244 bonis
1431 1189 1618 1244 domus
1655 1198 1780 1242 tute.
1805 1185 1960 1240 Nam
1993 1202 2127 1256 quo-

536 1286 698 1341 modo
733 1285 939 1350 sitient,
970 1284 1063 1354 qui
1094 1283 1507 1338 inebriabuntur
1543 1282 1612 1336 ab
1637 1282 1886 1335 ubertate
1932 1279 2126 1333 domus

537 1376 684 1432 tute?
714 1375 1112 1430 Promittebant
1139 1389 1268 1443 ergo
1297 1373 1538 1444 saginam
1561 1371 1848 1441 quamdam
1880 1379 1935 1424 et
1963 1369 2125 1424 satie-

537 1475 724 1536 tatem,
754 1476 812 1524 et
841 1469 932 1522 illa
962 1468 1202 1522 nondum
1237 1465 1564 1536 intelligens,
1597 1465 1727 1520 dicit
1753 1465 1822 1519 ad
1859 1480 2012 1519 eum:

606 1560 850 1624 Domine,
876 1560 944 1612 da
967 1557 1093 1611 mihi
1118 1558 1252 1610 hanc
1282 1574 1498 1628 aquam,
1523 1566 1579 1609 ut
1611 1573 1714 1610 non
1736 1558 1934 1622 sitiam,
1963 1574 2124 1628 neque

533 1653 736 1709 veniam
762 1651 863 1706 huc
886 1651 1120 1705 haurire.
1162 1649 1302 1703 Dicit
1325 1649 1373 1702 ei
1392 1649 1548 1703 Jesus
1571 1665 1589 1701 :
1622 1647 1789 1714 Vade,
1806 1667 1930 1703 voca
1953 1651 2125 1704 virum

532 1758 704 1817 tuum,
735 1761 786 1805 et
822 1748 937 1804 veni
969 1749 1090 1802 huc.
1131 1747 1272 1814 Quid
1315 1747 1434 1801 est?
1475 1746 1621 1801 Voca
1655 1747 1833 1800 virum
1868 1754 2037 1812 tuum,
2070 1746 2124 1801 id

2226 543 2383 597 Jesus
2408 559 2426 596 :
2452 539 2667 606 Mulier,
2711 538 2862 593 crede
2892 537 3040 591 mihi.
3071 534 3191 591 Iam
3219 537 3365 591 enim
3393 545 3478 592 est
3506 537 3562 592 in
3591 547 3670 602 te,
3717 538 3815 609 qui

2228 633 2434 698 credat,
2473 632 2600 703 quia
2642 645 2881 700 praesens
2919 636 3002 684 est
3044 629 3131 683 vir
3171 637 3314 692 tuus,
3367 629 3582 697 etepisti
3626 629 3820 687 adesse

2229 725 2528 792 intellectu,
2570 728 2788 796 quando
2837 743 2924 782 me
2969 729 3290 799 prophetam
3332 729 3636 800 appellasti.
3674 729 3820 800 Ergo

2227 820 2436 886 mulier,
2461 821 2610 875 crede
2633 821 2784 888 mihi,
2816 822 2940 892 quia
2971 823 3110 876 venit
3147 823 3300 888 hora,
3340 833 3386 877 et
3409 840 3547 877 nunc
3567 833 3662 878 est.
3688 825 3822 891 Quae

2229 926 2357 979 ergo
2386 911 2557 965 hora?
2604 911 2820 983 quando
2867 913 2984 967 veri
3024 913 3340 968 adoratores
3375 916 3680 971 adorabunt
3716 915 3821 970 Pa-

2228 1011 2366 1058 trem
2402 1004 2456 1057 in
2491 1005 2684 1074 spiritu
2715 1013 2770 1059 et
2795 1005 3046 1061 veritate.
3091 1006 3228 1072 Quia
3268 1007 3496 1078 spiritus
3523 1016 3608 1062 est
3651 1009 3818 1074 Deus,

2227 1106 2282 1152 et
2311 1112 2427 1164 eos,
2451 1099 2542 1167 qui
2567 1100 2798 1154 adorant
2826 1115 2969 1165 eum,
3001 1100 3056 1155 in
3086 1100 3282 1169 spiritu
3313 1110 3369 1156 et
3393 1101 3627 1156 veritate
3655 1117 3821 1172 opor-

2228 1195 2304 1242 tet
2333 1188 2585 1243 adorare.

2300 1280 2415 1334 Nos
2436 1282 2720 1337 adoramus
2745 1285 2885 1354 quod
2912 1287 3126 1350 scimus,
3156 1301 3244 1340 vos
3276 1285 3515 1340 adoratis
3545 1287 3688 1358 quod
3718 1305 3814 1344 ne-

2225 1371 2392 1437 scitis,
2426 1374 2550 1443 quia
2592 1372 2738 1429 salus
2788 1392 2853 1428 ea:
2876 1374 3084 1431 Iudicis
3127 1389 3224 1430 est.
3275 1376 3500 1431 Multum
3561 1379 3710 1433 dedit
3749 1395 3820 1434 ex

2225 1461 2444 1529 Judzeis,
2476 1465 2570 1521 sed
2596 1467 2705 1522 noli
2726 1469 2858 1524 istos
2881 1470 3142 1539 reprobos
3167 1471 3436 1541 accipere.
3465 1471 3541 1525 Ex
3577 1489 3815 1543 persona

2225 1559 2444 1628 quidem
2468 1559 2777 1617 Iudaeorum
2805 1563 3007 1619 dictum
3033 1573 3135 1629 est,
3173 1565 3268 1620 sed
3299 1581 3405 1620 non
3437 1568 3682 1621 omnium
3721 1566 3816 1622 Ju-

2226 1648 2490 1716 dzeorum,
2525 1668 2634 1707 non
2670 1654 3046 1723 reproborum,
3080 1656 3174 1710 sed
3205 1657 3271 1712 de
3312 1657 3563 1726 qualibus
3600 1658 3823 1716 fuerunt

2225 1739 2474 1809 apostoli,
2509 1743 2698 1811 quales
2740 1740 2959 1798 fuerunt
3003 1747 3316 1814 prophetae,
3359 1747 3548 1816 quales
3597 1747 3823 1806 fuerunt

531 1851 638 1909 est,
685 1842 880 1898 adhibe
926 1840 1279 1895 intellectum.
1339 1839 1541 1894 Videns
1587 1854 1716 1910 ergo
1759 1836 1948 1903 Jesus,
1998 1839 2122 1907 quia
2151 1829 2200 1889 B
2229 1830 2304 1884 illi
2358 1846 2546 1886 omnes
2588 1833 2786 1899 sancti,
2837 1835 2928 1904 qui
2975 1837 3151 1890 omnia
3206 1852 3304 1892 sua
3341 1839 3724 1905 vendiderunt,
3763 1851 3824 1897 et

529 1937 728 1993 mulier
761 1952 869 1992 non
904 1936 1264 2008 intelligebat,
1308 1945 1362 1990 et
1394 1936 1583 1991 volens
1622 1951 1743 1991 eam
1787 1935 2117 2006 intelligere:

548 2027 705 2097 Voca,
751 2029 946 2100 inquit,
989 2031 1160 2084 virum
1193 2038 1362 2096 tuum,
1394 2029 1517 2083 ideo
1563 2028 1705 2083 enim
1750 2029 1931 2083 neseis
1978 2028 2122 2097 quod

534 2123 686 2189 dico,
733 2123 861 2193 quia
909 2121 1218 2177 intellectus
1249 2129 1373 2176 tuus
1417 2136 1525 2175 non
1555 2119 1728 2184 adest,
1765 2134 1900 2173 voca
1943 2119 2121 2172 virum

529 2224 709 2280 tuum,
742 2221 1011 2285 prtesenta
1043 2213 1373 2268 intellectum
1414 2221 1584 2277 tuum,
1615 2227 1714 2282 per
1741 2225 1900 2281 quem
1931 2210 2123 2264 docea‘

532 2307 636 2373 ris,
671 2306 986 2376 corrigaris.
1029 2304 1366 2361 Intellectum
1396 2312 1578 2363 autem
1607 2303 1824 2367 adhibe,
1864 2310 2122 2371 tanquam

525 2399 729 2465 virum,
758 2405 816 2453 et
840 2397 1082 2468 intellige
1107 2411 1228 2471 quae
1251 2395 1466 2466 loquor,
1498 2395 1626 2464 quia
1654 2408 1755 2447 nec
1781 2394 1849 2447 ad
1875 2393 2124 2447 volunta-

528 2495 641 2547 tem
679 2489 890 2544 aurium
935 2487 1192 2559 pertinet,
1225 2501 1327 2541 nec
1371 2486 1437 2540 ad
1483 2484 1690 2549 oculos,
1730 2496 1832 2538 nec
1872 2484 1942 2538 ad
1984 2482 2122 2538 olfa-

526 2591 707 2650 ctum,
745 2595 848 2638 nec
881 2581 950 2636 ad
989 2589 1235 2652 gustum,
1275 2593 1378 2633 nec
1418 2577 1488 2632 ad
1525 2585 1762 2642 tactum,
1805 2577 1899 2631 sed
1941 2583 2123 2630 mente

527 2678 644 2736 sola
672 2676 984 2748 capiuntur,
1026 2673 1304 2729 intellectu
1344 2670 1458 2726 solo
1485 2669 1837 2734 hauriuntur,
1868 2667 1959 2723 illa
1992 2683 2122 2723 vero

527 2769 767 2826 nondum
802 2768 1064 2824 advocato
1098 2765 1249 2822 viro.
1305 2764 1359 2819 id
1395 2770 1497 2829 est,
1536 2777 1645 2816 non
1680 2761 1923 2816 adhibito
1966 2758 2124 2814 intel-

527 2863 692 2920 lectu.

597 2955 882 3028 Respondit
909 2962 960 3010 et
987 2953 1157 3009 dixit:
1184 2950 1308 3006 Non
1346 2950 1511 3004 habeo
1542 2950 1736 3003 virum.
1786 2946 1928 3001 Dicit
1958 2946 2007 2999 ei
2029 2945 2123 2999 Je-

526 3066 616 3104 sus
639 3063 658 3100 :
685 3047 827 3104 Bene
869 3045 1080 3109 dixisti,
1125 3043 1252 3116 quia
1302 3057 1408 3095 non
1445 3040 1610 3094 habeo
1647 3039 1850 3103 virum,
1894 3037 2124 3108 quinque

526 3144 666 3196 enim
694 3140 832 3194 viros
855 3136 1105 3198 habuisti,
1137 3144 1186 3190 et
1219 3150 1358 3190 nunc
1378 3149 1530 3205 quem
1556 3130 1736 3197 habes,
1763 3147 1868 3184 non
1899 3138 1974 3183 est
2001 3137 2123 3183 tuus

525 3235 629 3299 vir,
671 3232 768 3285 hoc
811 3245 925 3284 vere
971 3227 1190 3282 dixisti.—
1257 3225 1411 3280 Multi
1480 3223 1679 3293 quippe
1738 3219 2123 3276 intellexerunt

525 3323 766 3396 quinque
792 3322 940 3377 viros
968 3318 1212 3374 mulieris
1241 3317 1423 3388 hujus,
1455 3315 1696 3386 quinque
1725 3312 1892 3368 libros
1921 3311 2114 3384 Moysi.

524 3411 829 3471 Utebantur
853 3412 933 3467 eis
960 3409 1310 3473 Samaritani,
1339 3417 1394 3464 et
1432 3407 1531 3462 sub
1558 3405 1750 3461 eadem
1789 3404 1908 3475 lege
1938 3410 2115 3459 erant.

523 3504 663 3560 Nam
699 3505 824 3560 inde
857 3503 966 3558 illis
1002 3510 1054 3557 et
1079 3500 1422 3557 circumcisio
1461 3499 1658 3553 inerat.
1703 3496 1876 3551 Aliter
1906 3495 2121 3550 videtur

525 3599 684 3667 mihi,
712 3598 948 3668 quinque
970 3596 1118 3652 viros
1139 3594 1354 3656 animae,
1385 3593 1624 3662 quinque
1653 3605 1846 3646 sensus
1875 3588 2120 3658 corporis

523 3708 664 3748 esse.
710 3691 890 3760 Quare
935 3697 1115 3745 autem
1142 3687 1246 3742 viri
1277 3686 1407 3741 dicti
1456 3693 1618 3750 sunt,
1647 3685 1772 3754 quia
1819 3682 2046 3754 legitimi
2088 3698 2121 3735 a

523 3784 641 3840 Deo
677 3785 876 3855 quippe
913 3782 1067 3848 facti,
1109 3788 1165 3836 et
1202 3795 1232 3833 a
1268 3778 1378 3832 Deo
1415 3776 1600 3831 donati
1638 3776 1852 3830 animae.
1899 3774 2120 3848 Inﬁrma

524 3886 610 3934 cst
653 3875 859 3942 adhuc,
905 3889 1026 3946 quze
1068 3873 1190 3930 istis
1225 3870 1463 3941 quinque
1502 3869 1752 3924 sensibus
1793 3867 2023 3939 regitur,
2067 3875 2124 3922 et

526 3971 628 4026 sub
672 3969 794 4024 istis
832 3966 1071 4038 quinque
1109 3963 1244 4017 viris
1286 3963 1428 4032 agit,
1484 3961 1584 4015 ubi
1616 3976 1746 4015 vero
1793 3960 2118 4024 intellectus,

526 4061 791 4134 sapientia
837 4058 1110 4122 imbutus,
1146 4069 1335 4126 regere
1381 4053 1610 4124 cmperit
1644 4054 1903 4118 animam,
1944 4060 1999 4107 et
2040 4051 2120 4107 di-

525 4161 735 4209 scretus
775 4150 1004 4222 ceperit
1039 4161 1326 4204 secernere
1359 4147 1506 4217 justa
1548 4157 1604 4201 et
1640 4143 1860 4213 injusta,
1899 4145 2039 4199 bona
2067 4151 2122 4198 et

525 4241 692 4309 mala,
720 4240 874 4297 utilia
911 4248 966 4295 et
992 4237 1226 4303 inutilia,
1264 4237 1572 4292 castitatem
1611 4243 1666 4291 et
1701 4234 2116 4304 impudicitiam,

525 4335 668 4391 hanc
694 4341 756 4390 ut
789 4340 952 4398 amet,
989 4337 1044 4386 et
1075 4329 1165 4385 illa
1194 4338 1252 4384 ut
1277 4331 1433 4394 vitet,
1469 4328 1800 4383 cbaritatem
1837 4335 1894 4381 et
1933 4326 2120 4381 odium

530 4429 588 4486 in
612 4429 718 4485 hac
746 4435 806 4483 ut
834 4427 924 4493 sit,
960 4425 1017 4479 in
1045 4423 1136 4479 illo
1165 4431 1226 4478 ut
1248 4437 1356 4477 non
1385 4422 1479 4488 sit,
1515 4421 1605 4477 hic
1625 4421 1709 4475 vir
1736 4420 1973 4490 quinque
2015 4418 2120 4474 illis

526 4527 662 4582 viris
692 4526 750 4581 in
783 4526 886 4581 ista
913 4523 1140 4578 muliere
1169 4536 1275 4589 non
1307 4527 1667 4577 successerat.
1704 4518 1806 4574 Ubi
1841 4533 1972 4589 ergo
2007 4533 2114 4573 non

528 4615 774 4673 succedit
800 4613 1143 4678 intellectus,
1182 4583 1344 4666 error
1387 4610 1715 4666 dominatur.
1761 4609 1839 4663 De
1887 4583 1992 4665 isto
2037 4609 2112 4663 illi
2138 4583 2193 4644 D

526 4706 792 4763 Dominus
826 4704 996 4760 dixit:
1019 4702 1174 4757 Hunc
1201 4718 1362 4772 quem
1388 4701 1557 4756 habes
1593 4716 1702 4756 non
1737 4709 1820 4755 est
1859 4710 1980 4754 tuus
2009 4699 2112 4753 vir.

529 4798 701 4853 Error
729 4801 910 4849 autem
951 4795 1072 4859 iste,
1106 4807 1215 4848 non
1250 4801 1368 4847 erat
1406 4792 1678 4862 legitimus
1703 4793 1807 4856 vir,
1842 4791 1933 4846 sed
1967 4789 2117 4844 adul-

527 4897 633 4944 ter.
683 4885 827 4941 Voca
865 4887 1076 4957 itaque,
1117 4899 1226 4939 non
1267 4883 1594 4948 adulterum,
1634 4883 1808 4953 inquit
1835 4881 2114 4946 Dominus,

526 4982 622 5039 sed
651 4980 828 5034 virum
864 4985 1014 5034 tuum
1054 4977 1410 5041 intellectum,
1440 4991 1527 5031 me
1555 4974 1757 5044 capias,
1792 4989 1899 5027 non
1924 4988 2114 5028 errore

534 5073 602 5128 de
631 5086 718 5127 me
746 5069 948 5140 aliquid
978 5068 1181 5124 sentias
1210 5067 1426 5123 falsum.

608 5162 744 5217 Dicit
791 5159 1024 5215 mulier:
1054 5159 1295 5227 Domine,
1330 5159 1476 5214 video
1523 5161 1649 5231 quia
1670 5159 1922 5231 propheta
1939 5174 1992 5210 es
2033 5167 2110 5209 tu.

439 5305 442 5308 .
530 5257 683 5313 Tune
695 5254 859 5326 etepit
871 5254 1058 5310 venire
1068 5254 1173 5318 vir,
1187 5251 1425 5308 nondum
1438 5253 1594 5324 plene
1609 5253 1773 5308 venit.
1791 5251 2116 5320 Prophetam

531 5348 822 5405 Dominum
858 5345 1102 5416 putabat,
1147 5353 1265 5400 erat
1297 5345 1516 5416 quidem
1566 5351 1623 5398 et
1669 5342 1958 5411 propheta,
1990 5354 2117 5394 nam

530 5443 599 5498 de
629 5441 807 5511 seipse
829 5439 906 5494 ait
938 5458 950 5494 :
998 5439 1116 5495 Non
1153 5449 1236 5496 est
1282 5438 1549 5510 propheta
1589 5436 1708 5490 sine
1754 5436 1978 5502 honore,
2011 5435 2118 5490 nisi

533 5535 590 5590 in
615 5534 790 5605 patria
815 5548 911 5588 sua
944 5533 1094 5603 (Luc.
1142 5534 1249 5603 tv);
1306 5533 1434 5585 item
1480 5529 1548 5583 de
1569 5527 1662 5581 illo
1701 5525 1907 5582 dictum
1947 5527 2118 5583 estad

533 5629 798 5701 Moysen:
830 5627 1156 5700 Prophetam
1191 5624 1272 5680 eis
1300 5621 1576 5677 suscitabo
1617 5620 1683 5676 de
1723 5619 1982 5674 fratribus
2029 5634 2119 5675 eo-

533 5735 653 5777 rum
708 5718 940 5776 similem
993 5718 1074 5772 tui
1127 5715 1306 5787 (Deut.
1376 5711 1556 5784 xvm).
1614 5711 1857 5768 Similem
1911 5712 2120 5768 scilicet

532 5816 599 5871 ad
641 5812 870 5871 formam
915 5811 1268 5882 carnis,non
1299 5808 1364 5865 ad
1389 5807 1742 5866 eminentiam
1783 5807 2108 5878 majestatis.

2228 1923 2404 1991 pretia
2445 1939 2630 1978 rerum
2667 1941 2886 1980 suarum
2917 1926 2984 1980 ad
3019 1928 3185 1997 pedes
3232 1929 3598 1998 apostolorum
3624 1947 3824 2000 posue-

2227 2021 2372 2067 runt.
2415 2015 2534 2069 Non
2584 2017 2783 2084 repulit
2824 2017 2968 2072 enim
3011 2018 3152 2073 Deus
3179 2019 3389 2090 plebem
3431 2037 3607 2088 suam,
3653 2039 3823 2095 quam

2225 2106 2515 2173 praescivit.
2548 2106 2769 2162 Audivit
2797 2109 2899 2164 hoc
2924 2109 3121 2165 mulier
3153 2111 3275 2177 ista,
3317 2121 3373 2167 et
3403 2115 3647 2170 addidit:

2298 2193 2422 2250 Scio
2451 2197 2574 2267 quia
2594 2197 2826 2271 Messias
2858 2200 3014 2264 venit,
3043 2202 3133 2271 qui
3163 2201 3358 2255 dicitur
3385 2201 3645 2260 Christus.
3683 2206 3820 2262 Cum

2227 2303 2348 2356 ergo
2370 2289 2563 2342 venerit
2589 2263 2699 2354 ille,
2725 2293 2872 2346 nobis
2896 2293 3230 2347 annuntiabit
3275 2296 3470 2350 omnia.
3516 2297 3634 2352 Jam
3665 2302 3819 2356 enim

2228 2378 2387 2448 digna
2410 2388 2546 2446 erat,
2569 2382 2656 2436 cui
2678 2383 3138 2440 manifestaretur.
3165 2386 3390 2442 Messias
3413 2397 3594 2444 autem
3617 2400 3818 2448 unctus

2226 2479 2330 2525 est.
2357 2471 2562 2528 Unctus
2585 2472 2772 2530 Graec
2797 2478 3043 2552 χριστός,
3067 2477 3334 2535 Hebraice
3354 2489 3537 2541 nium.

2300 2588 2439 2642 Dicit
2466 2590 2512 2642 ei
2534 2588 2772 2645 Christus
2805 2605 2823 2642 .°
2851 2592 2964 2661 Ego
2995 2610 3133 2659 sum,
3163 2596 3252 2666 qui
3299 2595 3485 2666 loquor
3528 2606 3722 2665 tecum,
3762 2607 3821 2655 et

2227 2682 2325 2736 rel.
2355 2681 2592 2752 Reliquit
2620 2699 2748 2754 ergo
2773 2685 2968 2740 mulier
2984 2688 3235 2758 hydriam
3259 2705 3413 2743 suam
3441 2691 3628 2745 audito
3661 2710 3673 2744 :
3699 2691 3817 2761 Ego

2226 2787 2343 2825 sum
2369 2771 2458 2842 qui
2489 2770 2674 2842 loquor
2711 2783 2904 2841 tecum,
2941 2784 2995 2830 et
3041 2788 3260 2850 recepto
3297 2779 3350 2833 in
3390 2781 3553 2836 corde
3597 2781 3821 2838 Christo

2226 2862 2478 2927 Domino,
2520 2864 2649 2932 quid
2670 2863 2896 2932 faceret,
2918 2868 3022 2923 nisi
3045 2868 3160 2938 jam
3189 2871 3439 2942 hydriam
3471 2873 3816 2939 dimitteret,

2225 2962 2282 3009 et
2307 2955 2683 3025 evangelizare
2717 2962 2997 3016 curreret?
3029 2961 3231 3033 Hydria
3255 2961 3446 3019 Graeco
3474 2966 3695 3020 nomine
3721 2981 3821 3036 ap-

2223 3044 2478 3115 pellatur.
2503 3044 2690 3103 Graece
2717 3051 2861 3104 enim
2893 3051 3031 3129 ὕδωρ
3055 3068 3194 3123 aqua
3229 3054 3447 3116 dicitur,
3485 3057 3640 3127 quasi
3665 3057 3817 3113 dica-

2228 3145 2319 3192 tur
2343 3139 2646 3208 aquarium.
2685 3140 2966 3211 Signilicat
2991 3147 3134 3200 enim
3186 3147 3241 3200 in
3286 3148 3390 3202 hoc
3410 3147 3530 3202 loco
3552 3149 3820 3218 cupidita-

2227 3235 2359 3294 tem,
2387 3229 2617 3300 projecit
2643 3233 3017 3302 cupiditatem,
3045 3246 3099 3291 et
3157 3239 3469 3308 properavit
3496 3240 3822 3296 annuntiare

2224 3323 2530 3378 veritatem.
2576 3323 2801 3381 Discant
2841 3328 2934 3397 qui
2968 3328 3161 3383 nolunt
3204 3331 3599 3399 evangelizare,
3641 3331 3818 3402 proji-

2225 3416 2371 3470 eiant
2401 3416 2647 3487 hydriam
2675 3420 2743 3474 ad
2780 3428 3026 3490 puteum,
3055 3431 3108 3476 et
3137 3423 3216 3478 sic
3241 3434 3468 3478 currant
3489 3426 3820 3481 annuntiare

2225 3507 2527 3575 Christum,
2558 3509 2701 3565 sicut
2725 3511 2816 3566 illa
2853 3528 3019 3568 onere
3047 3513 3282 3583 abiecto,
3316 3517 3490 3570 currit
3520 3517 3588 3569 ad
3625 3515 3820 3572 civita-

2225 3607 2354 3665 tem,
2387 3609 2443 3654 et
2465 3601 2596 3656 dicit
2620 3601 2726 3658 illis
2753 3605 3066 3660 hominibus
3100 3624 3112 3658 :
3153 3606 3337 3660 Venite
3377 3616 3425 3659 et
3456 3606 3622 3661 videte
3643 3608 3819 3663 homi-

2224 3709 2360 3758 nem,
2391 3696 2478 3764 qui
2514 3697 2643 3748 mihi
2679 3696 2814 3750 dixit
2843 3697 3018 3751 omnia
3039 3715 3362 3769 qua-cunque
3402 3700 3528 3769 feci,
3575 3701 3817 3774 nunquid

2226 3803 2328 3840 non
2351 3789 2460 3857 ipse
2487 3797 2563 3841 est
2591 3785 2876 3842 Christus?
2903 3798 3012 3844 etc.

2297 3877 2488 3932 Nonne
2513 3895 2603 3933 vos
2624 3879 2820 3943 dicitis,
2843 3880 2982 3950 quod
3006 3881 3179 3936 adhuc
3199 3890 3429 3954 quatuor
3447 3898 3650 3938 menses
3669 3893 3816 3952 sunt,

2223 3979 2274 4025 et
2298 3971 2478 4025 messis
2505 3973 2660 4035 venit,
2685 3980 2790 4028 etc.
2821 3972 2949 4028 Jam
2980 3974 3084 4030 ista
3114 3976 3313 4031 mulier
3334 3975 3545 4032 fructus
3565 3984 3816 4034 maturus

2223 4072 2361 4130 erat,
2395 4072 2449 4119 et
2478 4072 2634 4119 erant
2660 4065 2793 4121 albze
2840 4083 3069 4132 messes,
3118 4077 3173 4125 et
3227 4069 3420 4125 falcem
3471 4070 3811 4140 quaerebant.

2224 4153 2362 4221 Quia
2389 4155 2532 4225 quod
2579 4163 2737 4210 antea
2763 4171 2861 4227 per
2903 4159 3199 4229 prophetas
3238 4162 3564 4216 seminatum
3611 4159 3813 4224 fuerat,

2224 4251 2496 4299 maturum
2521 4245 2723 4301 factum
2755 4256 2897 4313 erat,
2923 4249 3117 4304 falcem
3162 4259 3219 4305 et
3246 4251 3501 4305 trituram
3535 4248 3817 4306 desidera-

2223 4336 2335 4391 bat.
2363 4337 2632 4393 Messores
2666 4340 3039 4396 tantummodo
3069 4340 3318 4397 mittendi
3359 4348 3534 4406 erant,
3567 4341 3713 4396 unde
3758 4348 3818 4397 et

2222 4426 2487 4482 Dominus
2516 4428 2693 4496 inquit
2719 4428 2826 4484 illis
2860 4447 2873 4482 :

2294 4521 2421 4576 Misi
2445 4539 2532 4576 vos
2561 4540 2762 4594 quoque
2790 4533 2980 4580 metere
3021 4526 3160 4598 quod
3198 4543 3298 4582 non
3341 4528 3665 4593 seminastis,
3719 4525 3816 4580 alii

2219 4614 2604 4669 seminaverunt
2627 4623 2673 4668 et
2705 4632 2788 4693 vos
2815 4615 2869 4669 in
2904 4633 3086 4670 eorum
3117 4616 3323 4671 labores
3369 4618 3650 4671 introistis.
3708 4613 3814 4681 Qui

2221 4704 2638 4758 laboraverunt?
2669 4704 2786 4774 Ipse
2811 4704 3104 4765 Abraham,
3155 4707 3327 4768 Isaac,
3377 4701 3566 4766 Iacob,
3601 4703 3816 4774 Moyses

2219 4804 2275 4851 et
2300 4795 2480 4850 caeteri
2501 4793 2827 4864 patriarchae
2852 4801 2908 4847 et
2938 4809 3126 4848 omnes
3150 4795 3450 4864 prophetat.
3502 4794 3692 4866 Legite
3733 4796 3815 4851 la-

2220 4887 2379 4941 bores
2406 4900 2620 4951 eorum,
2645 4886 2696 4939 in
2718 4885 2968 4940 omnibus
2989 4901 3176 4940 eorum
3204 4885 3499 4952 laboribus,
3523 4885 3814 4955 prophetia

2222 4987 2307 5034 est
2327 4978 2550 5042 Christi,
2583 4985 2638 5032 et
2658 4979 2779 5033 ideo
2805 4978 3186 5039 seminatores.
3219 4978 3361 5049 Ergo
3385 4977 3497 5046 jam
3525 4978 3580 5032 in
3623 4976 3812 5033 Judtea

2223 5073 2417 5129 messis
2437 5079 2623 5142 parata
2652 5080 2788 5126 erat.
2832 5070 2972 5138 Quid
3013 5072 3137 5127 inde
3169 5070 3369 5126 factum
3407 5078 3511 5127 est.
3564 5069 3641 5124 De
3690 5070 3809 5140 ipsa

2218 5182 2399 5223 messe
2447 5164 2618 5235 ejecta
2666 5173 2794 5221 sunt
2835 5180 3008 5234 pauca
3053 5179 3221 5234 grana
3249 5205 3264 5228 ,
3311 5173 3367 5219 et
3403 5163 3815 5219 seminaverunt

2221 5260 2410 5314 orbem
2433 5266 2723 5322 terrarum,
2748 5265 2802 5310 et
2831 5258 3004 5326 surgit
3043 5255 3147 5310 alia
3194 5257 3409 5320 messis,
3446 5271 3567 5327 qua:
3610 5255 3664 5309 in
3704 5254 3813 5307 line

2221 5352 2404 5408 saeculi
2431 5351 2681 5407 metenda
2709 5357 2812 5405 est.
2845 5349 2921 5404 lta
2947 5365 3078 5419 ergo
3112 5351 3308 5404 messis
3335 5349 3532 5402 crescit
3571 5347 3715 5399 inter
3735 5344 3814 5399 zi-

2223 5443 2469 5508 zaniam,
2516 5440 2672 5510 cujus
2713 5456 2982 5496 messores
3040 5455 3146 5494 non
3189 5438 3440 5508 apostoli,
3492 5437 3583 5492 sed
3631 5435 3810 5508 angeli

2219 5542 2364 5591 sunt.
2397 5535 2580 5589 Videte
2607 5533 2736 5602 quid
2757 5533 2960 5587 dictum
2990 5531 3061 5587 sit
3087 5549 3100 5586 :
3129 5532 3289 5588 simul
3337 5530 3572 5604 gaudeat
3609 5530 3699 5598 qui
3724 5543 3812 5583 se—

2219 5629 2414 5692 minat,
2441 5633 2497 5682 et
2529 5626 2622 5696 qui
2653 5633 2839 5681 metet.
2873 5624 3118 5695 Disparis
3157 5621 3420 5694 temporis
3458 5622 3673 5677 labores
3710 5617 3811 5675 ha-

2220 5721 2454 5776 buerunt
2490 5719 2720 5790 apostoli
2765 5727 2820 5774 et
2867 5719 3166 5789 propheta,
3207 5716 3306 5772 sed
3351 5715 3549 5790 gaudio
3595 5715 3807 5786 pariter

2221 5811 2583 5882 perfruentur,
2610 5809 2915 5866 mercedem
2937 5805 3097 5864 simul
3145 5807 3416 5876 accepturi
3464 5811 3592 5863 sunt
3628 5804 3804 5862 vitam
