4110 6446
329 427 436 486 145

1140 373 1652 476 COLLECTIONES
1689 417 1754 471 IN
1798 411 2179 471 EPISTOLAS
2219 413 2306 468 ET
2348 411 2761 470 EVANGELIA.

3489 420 3592 476 146

327 553 606 600 mternam.
642 537 985 608 Rogaverunt
1013 549 1161 600 eum,
1192 543 1252 588 ut
1270 534 1346 588 ibi
1374 541 1644 599 maneret,
1673 541 1729 588 ct
1749 547 1902 586 man-
1929 533 1983 592 Α
2005 531 2189 585 carnis
2220 531 2497 599 proximus
2528 531 2808 586 hominum
2849 532 3023 588 factus
3072 539 3175 599 est,
3208 532 3464 592 libentius
3507 551 3597 597 est

327 639 399 695 sit
440 635 514 690 ibi
563 633 697 688 duos
719 631 838 685 dies
864 638 918 684 et
941 627 1166 697 reliqua.
1193 627 1442 682 Christus
1488 626 1769 681 nuntiatur
1814 638 1913 693 per

327 726 665 785 Christianos
707 723 932 787 amicos,
972 730 1228 790 tanquam
1251 718 1498 786 muliere,
1539 718 1643 773 hoc
1669 726 1772 783 est,
1811 717 1913 771 Ec-

327 821 490 877 clesia
528 817 917 882 annuntiante,
955 815 1022 869 ad
1062 813 1340 869 Christum
1366 813 1610 877 veniunt,
1653 811 1743 882 qui
1777 810 1913 865 foris

328 922 476 974 sunt,
507 917 563 966 et
591 909 827 964 nondum
858 915 983 962 sunt
1005 904 1323 961 Christiani.
1363 903 1603 960 Credunt
1623 919 1721 974 per
1751 903 1910 957 istam

327 1002 547 1058 famam.
575 1001 755 1055 Manet
781 999 923 1070 apud
950 1013 1043 1053 eos
1063 997 1248 1063 biduo,
1279 997 1384 1050 hoc
1418 1003 1520 1060 est,
1552 995 1646 1049 dat
1674 994 1778 1048 illis
1805 994 1912 1048 duo

326 1102 595 1165 praecepta
622 1092 924 1154 charitatis,
972 1091 1026 1146 id
1048 1097 1150 1155 est,
1187 1089 1529 1144 dilectionem
1569 1087 1667 1142 Dei
1694 1095 1750 1142 et
1780 1101 1910 1158 pro-

327 1189 481 1252 ximi,
536 1196 589 1242 et
625 1186 797 1242 multo
827 1185 1010 1255 plures
1051 1192 1106 1240 et
1138 1183 1349 1240 ﬁrmius
1379 1183 1624 1248 credunt,
1654 1182 1912 1253 quoniam

324 1281 442 1351 ipse
464 1288 548 1335 est
572 1295 701 1335 vere
728 1277 977 1334 Salvator
993 1278 1202 1333 mundi.

326 1389 638 1448 SABBATO
694 1389 1142 1446 HEBDOMADE
1203 1387 1543 1445 SECUNDIE
1599 1386 1669 1442 IN

914 1459 1336 1516 DRAGESIMA.

646 1570 986 1612 EVANGELIUM
1025 1568 1262 1617 JOANNIS,
1303 1568 1422 1607 CAP.
1451 1565 1568 1607 νιιι.

400 1662 420 1696 ι
457 1644 705 1699 Perrexit
750 1642 907 1699 Iesus
947 1643 1003 1697 in
1039 1651 1287 1698 montem
1319 1638 1537 1708 Oliveti,
1577 1649 1634 1697 et
1669 1640 1909 1697 diluculo

329 1756 348 1789 ‹
391 1737 590 1792 iterum
613 1736 764 1792 venit
787 1737 840 1791 in
891 1735 1170 1806 templum,
1198 1743 1253 1790 et
1283 1734 1463 1790 omnis
1502 1734 1734 1805 populus
1759 1734 1912 1790 venit

328 1848 348 1882 ι
393 1831 459 1884 ad
485 1846 628 1896 eum,
671 1839 726 1885 et
755 1829 949 1884 sedens
977 1829 1206 1884 docebat
1249 1843 1362 1884 eos.
1410 1826 1699 1883 Adducunt
1725 1836 1910 1883 autem

325 1943 347 1976 ι
391 1922 598 1979 Scriba:
621 1933 675 1978 et
703 1923 964 1978 Pharisaei
1010 1921 1294 1978 mulierem
1323 1921 1380 1976 in
1410 1921 1677 1976 adulterio
1719 1921 1911 1992 depre-

324 2035 346 2068 ‹
389 2018 637 2083 hensam,
665 2024 720 2071 et
754 2024 1062 2072 statuerunt
1094 2031 1215 2071 eam
1238 2015 1294 2070 in
1320 2015 1618 2081 medio,‘et
1653 2015 1912 2071 dixerunt

324 2128 344 2162 ι
387 2109 469 2163 ei:
498 2109 777 2180 Magister,
811 2109 929 2162 hare
943 2107 1138 2162 mulier
1163 2108 1326 2162 modo
1350 2093 1406 2161 in
1427 2105 1694 2162 adulterio
1715 2106 1909 2176 depre-

325 2217 344 2250 ι
387 2200 554 2255 hensa
595 2207 698 2255 est.
751 2198 809 2254 ln
840 2198 959 2270 lege
984 2206 1168 2253 autem
1210 2196 1423 2268 Moyses
1451 2197 1732 2252 mandavit
1753 2195 1912 2252 nobis

323 2310 343 2344 ι
382 2291 695 2361 hujusmodi
730 2292 990 2361 lapidare.
1019 2290 1100 2345 Tu
1140 2305 1270 2360 ergo
1299 2290 1432 2360 quid
1461 2289 1637 2345 dicis?
1662 2288 1788 2344 Haec
1817 2305 1915 2344 au-

322 2402 343 2435 ι
392 2392 499 2438 tem
533 2383 785 2438 dicebant
810 2391 1082 2436 tentantes
1130 2397 1274 2444 eum,
1318 2389 1379 2435 ut
1403 2388 1629 2452 possent
1654 2395 1914 2436 accusare

325 2494 344 2526 ι
392 2489 537 2529 eum.
569 2472 728 2529 Iesus
765 2481 946 2529 autem
989 2473 1260 2528 inclinans
1303 2488 1362 2528 se
1415 2474 1693 2538 deorsum,
1743 2473 1913 2542 digito

322 2585 342 2618 ι
380 2568 652 2622 scribebat
683 2567 736 2620 in
762 2575 983 2621 terram.
1017 2564 1152 2620 Cum
1174 2573 1354 2619 autem
1375 2571 1791 2633 perseverarent
1825 2563 1912 2620 in-

323 2677 341 2709 c
393 2667 734 2730 terrogantes
784 2674 929 2724 eum,
961 2658 1135 2713 erexit
1154 2673 1213 2712 se
1241 2666 1296 2712 et
1317 2657 1453 2712 dixit
1495 2658 1576 2712 eis
1606 2675 1619 2711 :
1648 2656 1749 2723 Qui
1792 2657 1912 2711 sine

327 2770 345 2802 ι
375 2760 598 2821 peccato
613 2758 696 2807 est
714 2760 976 2815 vestrum,
997 2751 1207 2820 primus
1220 2749 1274 2804 in
1298 2749 1688 2819 illamlapidem
1706 2750 1908 2804 mittat.

327 2865 346 2896 ι
378 2843 443 2897 Et
457 2843 651 2898 iterum
667 2841 1002 2898 seinclinans
1019 2840 1293 2896 scribebat
1307 2841 1358 2895 in
1375 2849 1597 2894 terram.
1614 2838 1911 2894 Audientes

329 2951 348 2984 ε
379 2941 556 2988 autem
581 2934 716 2998 haec,
747 2949 886 2988 unus
923 2939 1044 3002 post
1063 2946 1230 2985 unum
1263 2929 1506 2996 exibant,
1536 2930 1858 3000 incipientes
1879 2944 1912 2984 a

325 3041 344 3074 ι
382 3024 706 3078 senioribus.
725 3023 789 3076 Et
808 3019 1241 3078 remansitlesus
1255 3022 1495 3086 solus,et
1525 3020 1785 3076 mulierin
1804 3036 1914 3076 me-

323 3133 344 3166 ι
375 3115 464 3170 dio
477 3124 646 3171 stans.
663 3115 892 3186 Erigens
904 3123 1084 3169 autem
1097 3130 1156 3169 se
1168 3112 1328 3169 Jesus
1340 3113 1539 3169 dixitei
1559 3132 1572 3168 :
1589 3113 1802 3180 Mulier,
1816 3113 1910 3169 ubi

323 3233 348 3261 ς
389 3219 511 3264 sunt
525 3211 615 3280 qui
641 3218 692 3264 te
704 3209 1066 3264 accusabant?
1087 3208 1256 3263 Nemo
1277 3216 1329 3262 te
1349 3206 1908 3274 condemnavit?Qua:

326 3320 345 3352 ι
383 3301 520 3356 dixit
551 3319 562 3354 :
595 3301 783 3364 Nemo,
815 3300 1063 3355 Domine.
1094 3300 1239 3355 Dixit
1261 3309 1442 3356 autem
1474 3300 1522 3355 ei
1561 3298 1720 3355 Jesus
1750 3319 1762 3354 :
1795 3299 1908 3356 Nec

325 3411 345 3444 ι
393 3407 493 3465 ego
509 3402 561 3448 te
585 3393 979 3448 condemnabo.
1008 3391 1178 3458 Vade,
1201 3391 1375 3461 etjam
1397 3391 1629 3462 amplius
1651 3390 1760 3446 noli
1783 3405 1912 3462 pec-

329 3503 346 3536 ι
396 3501 539 3542 care.
580 3506 600 3538 ι

1744 1384 1912 1454 QUA-

399 3575 633 3631 Perrexit
671 3575 826 3630 Iesus
872 3576 928 3630 in
973 3583 1201 3630 montem
1245 3573 1455 3629 Ol'veti.
1507 3573 1660 3630 Mons
1717 3576 1913 3648 quippe

317 3668 514 3726 Oliveti
576 3668 965 3724 sublimitatem
1007 3667 1290 3722 dominica:
1338 3667 1555 3737 pietatis
1605 3676 1660 3722 et
1697 3669 1912 3723 miseri-

319 3761 522 3817 cordia:
539 3759 805 3831 designat,
837 3761 962 3830 quia
985 3769 1040 3816 et
1060 3759 1249 3816 Gmce
1279 3759 1412 3822 ἔλεος
1439 3764 1521 3816 καὶ
1553 3761 1716 3825 ﬂeor,
1749 3762 1914 3817 mise-

319 3852 556 3908 ricordia
580 3853 800 3919 dicitur,
829 3852 1094 3908 Olivetum
1120 3862 1350 3910 vocatur
1368 3853 1567 3920 oleum,
1597 3863 1653 3909 et
1672 3855 1786 3926 ipsa
1814 3872 1915 3910 un-

320 3945 430 3999 ctio
451 3944 556 3999 olei
603 3944 762 4000 fessis
807 3947 945 4001 solet
994 3946 1186 4002 aﬁ'erre
1250 3945 1516 4002 levamen.
1563 3945 1670 4002 Sed
1709 3958 1763 4002 et
1807 3947 1912 4003 hoc

321 4050 539 4105 quoque
569 4035 747 4090 oleum
788 4046 842 4092 et
870 4038 1070 4093 virtute
1113 4055 1178 4094 ac
1221 4041 1456 4110 puritate
1477 4040 1806 4110 praeminet,
1858 4048 1915 4095 et

321 4141 706 4198 quemcunque
718 4130 768 4183 ei
784 4128 1048 4198 liquorem
1063 4133 1452 4201 superfundere
1466 4134 1720 4199 volueris,
1737 4133 1916 4188 confe-

321 4219 451 4273 stim
477 4217 623 4272 hunc
657 4219 1064 4287 transcendere,
1093 4223 1251 4291 eique
1285 4224 1580 4293 superferri
1611 4227 1909 4294 consuevit,

323 4310 554 4378 gratiam
592 4309 982 4365 misericordia:
1033 4312 1272 4368 caelestis
1312 4329 1422 4369 non
1467 4315 1914 4372 inconvenienter

323 4401 564 4455 insinuat
621 4402 688 4456 de
743 4417 849 4471 qua
908 4404 1169 4471 scriptum
1212 4411 1296 4459 est
1339 4421 1353 4459 :
1408 4403 1600 4461 Suavis
1654 4405 1912 4463 Dominus

323 4493 612 4556 universis,
661 4502 710 4546 et
767 4495 1125 4549 miserationes
1171 4495 1286 4565 ejus
1341 4513 1499 4566 super
1537 4497 1715 4550 omnia
1753 4515 1912 4569 opera

324 4581 438 4649 ejus
466 4580 485 4648 (
496 4580 640 4636 Psal.
674 4583 876 4654 CXLIV).

396 4670 468 4724 Et
493 4671 725 4726 diluculo
748 4677 885 4727 venit
905 4687 1092 4730 iterum
1113 4695 1169 4732 ιη
1197 4678 1465 4750 templum.
1497 4678 1735 4751 Tempus
1775 4697 1910 4752 quo-

324 4778 432 4833 que
457 4763 701 4829 diluculi,
733 4774 983 4821 exortum
1018 4768 1256 4838 ejusdem
1302 4771 1509 4840 gratiae,
1547 4789 1655 4844 qua
1701 4784 1908 4831 remota

324 4856 461 4927 legis
481 4858 691 4920 umbra,
723 4858 812 4912 lux
831 4860 1154 4930 evangelica:
1173 4863 1421 4918 veritatis
1446 4872 1564 4919 erat
1594 4865 1906 4934 revelanda,

326 4947 681 5004 demonstrat.
715 4947 897 5021 Pergit
943 4965 1072 5020 ergo
1110 4949 1268 5007 Jesus
1305 4953 1360 5007 in
1407 4963 1646 5010 montem
1688 4955 1906 5022 Oliveti,

325 5047 387 5092 ut
433 5053 612 5094 arcem
661 5041 1050 5096 misericordia!
1085 5042 1140 5096 in
1189 5058 1246 5097 se
1296 5052 1548 5101 constare
1599 5048 1905 5104 denuntiet.

327 5133 490 5190 Venit
515 5136 711 5191 iterum
738 5135 974 5191 diluculo
1002 5135 1056 5190 in
1090 5135 1369 5206 templum,
1391 5145 1452 5191 ut
1479 5140 1727 5196 eamdem
1755 5141 1918 5197 misc-

326 5225 642 5293 ricordiam,
668 5242 791 5282 cum
822 5227 1112 5298 incipiente
1151 5225 1284 5282 Novi
1316 5227 1649 5284 Testamenti
1687 5231 1910 5297 lumine,

326 5318 597 5386 ﬁdelibus,
628 5321 829 5393 templo
857 5321 1112 5378 videlicet
1138 5339 1256 5389 suo,
1294 5324 1642 5395 pandendam
1669 5327 1915 5396 praeben-

328 5410 560 5480 damque
595 5411 883 5483 signiﬁcet.

399 5501 469 5556 Et
491 5504 660 5558 omnis
689 5502 913 5574 populus
934 5506 1069 5558 venit
1099 5505 1168 5558 ad
1210 5523 1351 5574 eum,
1375 5517 1424 5563 et
1466 5508 1650 5564 sedens
1695 5509 1912 5564 docebat

327 5612 435 5650 eos.
459 5595 646 5652 Sessio
675 5595 885 5652 Domini
932 5597 1291 5654 humilitatem
1315 5601 1704 5657 incarnationis
1757 5599 1908 5670 ejus,

328 5705 428 5762 per
459 5708 621 5762 quam
645 5691 802 5748 nobis
829 5692 1344 5765 misereridignatus
1367 5703 1469 5760 est,
1486 5695 1744 5751 insinuat.
1769 5695 1914 5751 Bene

331 5791 512 5837 autem
536 5782 734 5836 dicitur
759 5800 772 5835 :
805 5783 929 5852 quia
944 5797 1066 5839 cum
1089 5784 1284 5840 sedens
1305 5785 1714 5853 doceretJesus,
1737 5786 1914 5842 omnis

332 5873 562 5946 populus
579 5875 729 5931 venit
751 5874 818 5930 ad
839 5890 985 5943 eum,
1014 5877 1139 5946 quia
1161 5885 1446 5948 postquam
1469 5877 1774 5935 humilitate
1798 5893 1912 5934 sua:

1934 4621 1988 4681 D

2015 637 2044 675 a
2074 621 2258 677 multis
2293 621 2411 693 ejus
2452 637 2634 678 sermo
2665 634 2941 694 receptus,
2993 639 3229 695 namque
3269 641 3302 680 a
3348 627 3597 696 pluribus

2013 727 2098 769 est
2122 715 2354 786 superba
2389 715 2662 785 impietate
2709 723 3074 787 contemptus,
3117 716 3406 775 audierunt
3449 721 3595 778 enim

2013 812 2280 866 mansueti
2307 820 2362 865 et
2381 810 2548 866 laetati
2578 821 2726 867 sunt.

2083 902 2366 957 Adducunt
2419 913 2595 958 autem
2619 901 2816 959 Scriba:
2845 912 2896 959 et
2929 904 3192 962 Pharisaei
3227 907 3498 964 mulierem
3539 910 3598 966 in

2012 993 2272 1048 adulterio
2303 995 2695 1065 deprehensam,
2742 1005 2791 1049 et
2834 1003 3128 1052 statuerunt
3166 1015 3283 1052 eam
3322 1000 3378 1053 in
3403 999 3597 1067 medio,

2011 1092 2061 1137 et
2109 1084 2354 1138 dixerunt
2385 1085 2469 1139 ei:
2503 1084 2779 1156 Magister,
2823 1086 2936 1142 haec
2977 1085 3167 1142 mulier
3209 1090 3366 1144 modo
3410 1091 3600 1163 depre-

2011 1175 2174 1229 hensa
2197 1185 2272 1229 est
2307 1177 2365 1230 in
2393 1175 2674 1243 adulterio,
2715 1179 2772 1232 in
2799 1176 2908 1250 lege
2933 1188 3110 1234 autem
3137 1178 3346 1251 Moyses
3377 1183 3602 1238 manda-

2011 1266 2081 1320 uit
2107 1266 2255 1320 nobis
2283 1266 2588 1336 Imjusmodi
2629 1266 2891 1338 lapidare,
2929 1277 3036 1325 etc.
3070 1268 3162 1336 Ut,
3205 1270 3252 1326 si
3300 1269 3415 1342 ipse
3461 1274 3604 1329 hanc

2012 1354 2358 1426 lapidandam
2386 1356 2724 1423 decerneret,
2755 1357 3070 1414 deriderent
3087 1373 3232 1424 eum,
3264 1359 3603 1428 quasimise-

2014 1448 2282 1515 ricordim,
2307 1463 2468 1519 quam
2490 1463 2706 1519 semper
2727 1449 2974 1516 docebat,
3002 1449 3247 1506 oblitum.
3272 1448 3330 1505 Si
3357 1450 3602 1523 lapidare

2015 1549 2257 1608 vetaret,
2294 1543 2584 1596 striderent
2614 1541 2668 1596 in
2712 1557 2836 1596 eum
2889 1541 3139 1598 dentibus
3166 1543 3303 1610 suis,
3347 1551 3403 1599 et
3447 1544 3602 1614 quasi

2013 1632 2280 1689 fautorem
2303 1631 2570 1688 scelerum
2589 1631 2832 1703 legisque
2845 1633 3202 1700 contrarium,
3217 1633 3366 1690 velut
3383 1635 3600 1701 merito,

2015 1727 2353 1782 damnarent.

2084 1820 2238 1875 Jesus
2259 1829 2436 1874 autem
2464 1817 2726 1874 inclinans
2750 1835 2805 1873 se
2849 1819 3115 1885 deorsum,
3148 1819 3316 1892 digito
3343 1819 3604 1875 scribebat

1937 1890 1986 1951 Β
2012 1915 2070 1969 in
2097 1923 2258 1969 terra.
2287 1912 2393 1968 Per
2420 1912 2828 1969 inclinationem
2861 1911 3014 1981 Jesu,
3046 1890 3346 1978 humilitas,
3388 1929 3490 1984 per
3524 1913 3608 1968 di-

2017 2010 2208 2082 gitum,
2233 2010 2325 2078 qui
2352 2008 2710 2064 articulorum
2758 2007 3163 2079 computatione
3205 2007 3458 2063 ﬂexibilis
3497 2016 3605 2073 est,

2015 2101 2286 2157 subtilitas
2315 2100 2663 2156 discretionis
2690 2099 3032 2171 exprimitur.
3053 2098 3226 2156 Porro
3255 2116 3354 2172 per
3373 2108 3603 2166 terram,

2016 2209 2111 2250 cor
2139 2195 2457 2260 humanum,
2487 2193 2632 2263 quod
2661 2193 2747 2248 vel
2772 2192 3040 2249 bonarum
3065 2193 3342 2249 actionum
3373 2192 3458 2248 vel
3489 2207 3606 2248 ma-

2013 2282 2192 2337 larum
2227 2283 2364 2338 solet
2401 2283 2631 2338 reddere
2671 2282 2900 2350 fructus,
2923 2283 3247 2340 ostenditur.
3292 2283 3609 2340 Postulatus

2013 2391 2143 2448 ergo
2190 2378 2450 2433 Dominus
2495 2379 2745 2448 judicare
2793 2382 2860 2434 de
2901 2379 3208 2450 peccatricc
3253 2393 3362 2432 non
3422 2377 3608 2431 statim

2017 2467 2107 2522 dat
2127 2465 2415 2535 judicium,
2439 2469 2533 2523 sed
2563 2469 2716 2539 prius
2745 2485 2805 2524 se
2830 2470 3098 2524 inclinans
3128 2470 3404 2534 deorsum,
3438 2468 3606 2540 digito

2014 2559 2205 2614 scribit
2233 2560 2289 2614 in
2314 2567 2479 2626 terra,
2506 2576 2572 2615 ac
2597 2568 2709 2616 tum
2748 2562 2962 2616 demum
2994 2576 3119 2616 cum
3147 2560 3348 2617 obnixe
3384 2567 3609 2630 rogatur

2006 2648 2233 2719 judicat.
2267 2650 2378 2707 Nos
2411 2652 2666 2708 videlicet
2697 2653 2875 2724 typice
2905 2654 3214 2720 instituens,
3263 2663 3324 2708 ut
3356 2654 3604 2723 quando-

2015 2757 2226 2813 cunque
2260 2744 2634 2814 proximorum
2674 2754 2854 2801 errata
2896 2747 3283 2817 conspicimus,
3333 2762 3442 2801 non
3490 2747 3606 2802 haec

2013 2842 2179 2891 antea
2207 2837 2656 2906 reprehendendo
2670 2837 2996 2909 judicemus,
3027 2855 3192 2910 quam
3217 2839 3286 2894 ad
3325 2839 3608 2895 conscien-

2015 2925 2148 2980 tiam
2182 2934 2423 2982 nostram
2456 2927 2734 2984 humiliter
2769 2930 2995 2997 reversi,
3021 2930 3191 3001 digito
3236 2945 3357 2986 eam
3396 2930 3604 2986 discre-

2014 3015 2182 3072 tionis
2209 3016 2436 3073 solerter
2458 3019 2827 3090 exculpemus.
2854 3020 2924 3075 Et
2961 3021 3092 3092 quid
3136 3022 3192 3076 in
3231 3036 3293 3076 ea
3336 3020 3606 3077 conditori

2010 3107 2241 3180 placeat,
2285 3111 2479 3180 quidve
2517 3111 2817 3181 displiceat,
2866 3111 3051 3169 sedula
3081 3112 3484 3168 examinatione
3527 3111 3608 3166 di-

2015 3203 2295 3267 rimamus,
2317 3203 2471 3272 juxta
2503 3203 2633 3258 illud
2673 3203 2917 3274 Apostoli
2943 3223 2956 3258 :
2984 3203 3226 3271 Fratres,
3251 3213 3301 3260 et
3331 3205 3377 3259 si
3407 3221 3608 3276 pra’oc-

2013 3303 2232 3365 cupatus
2265 3294 2424 3362 fuerit
2450 3295 2605 3349 homo
2627 3296 2684 3349 in
2721 3295 2900 3366 aliquo
2929 3295 3139 3362 delicto,
3183 3313 3292 3364 vos,
3323 3297 3414 3368 qui
3451 3295 3608 3367 spiri-

2015 3385 2144 3464 tales
2175 3387 2317 3451 estis,
2351 3388 2594 3442 instruite
2630 3388 2938 3458 Itujusmodi
2974 3389 3029 3442 in
3063 3389 3254 3460 spiritu
3291 3396 3604 3442 mansuetu-

2012 3478 2175 3545 dinis,
2191 3480 2531 3534 considerans
2554 3481 2799 3552 teipsum,
2825 3499 2887 3536 ne
2906 3491 2955 3536 et
2991 3490 3048 3535 tu
3069 3483 3282 3537 tenteris
3306 3479 3451 3554 (Gal.
3473 3480 3572 3553 vr).

2085 3567 2218 3626 Cum
2242 3580 2417 3625 autem
2449 3581 2837 3642 perseuerarent
2861 3573 3248 3643 interrogantes
3276 3588 3416 3637 eum,
3439 3571 3606 3627 erexit

2013 3681 2090 3729 se,
2120 3672 2170 3718 et
2196 3663 2330 3717 dixit
2357 3665 2431 3718 eis
2465 3678 2482 3715 :
2511 3663 2616 3729 Qui
2644 3664 2758 3720 sine
2779 3674 2992 3737 peccato
3018 3674 3094 3719 est
3124 3674 3377 3732 vestrum,
3405 3665 3605 3737 primus

2011 3759 2069 3812 in
2093 3757 2242 3812 illam
2276 3757 2503 3829 lapidem
2549 3759 2744 3813 mittat.
2789 3758 2891 3826 Qui
2927 3758 3057 3814 hinc
3100 3765 3155 3814 et
3201 3758 3329 3814 inde
3373 3757 3606 3814 Domino

2015 3844 2217 3901 Scriba:
2261 3855 2316 3902 et
2361 3847 2622 3904 Pharisaei
2666 3848 2962 3904 tendebant
3003 3848 3226 3919 laqueos
3258 3848 3600 3916 insidiarum,

2011 3946 2270 4009 putantes
2306 3955 2430 3994 eum
2460 3939 2546 3994 vel
2581 3939 3069 3996 immisericordem
3106 3940 3347 3996 futurum
3376 3941 3431 3995 in
3461 3939 3608 4009 judi-

2013 4033 2208 4100 cando,
2259 4033 2343 4088 vel
2390 4033 2684 4103 injustum,
2743 4035 3045 4104 praevidens
3092 4035 3184 4088 ille
3227 4035 3398 4099 dolos,
3447 4035 3604 4103 quasi

2014 4125 2102 4180 ﬁla
2135 4125 2331 4179 transit
2362 4139 2596 4188 araneae,
2631 4122 2897 4192 judicium
2935 4124 3161 4192 justitia:
3198 4139 3299 4194 per
3331 4124 3511 4180 omnia
3553 4132 3608 4178 et

2013 4215 2488 4272 mansuetudinem
2519 4215 2738 4286 pietatis
2763 4216 3073 4270 ostendens.
3121 4214 3261 4271 Ecce
3305 4225 3607 4287 temperan-

2015 4310 2089 4364 tia
2117 4309 2448 4364 miserandi:
2478 4308 2582 4374 Qui
2605 4309 2718 4362 sine
2739 4317 2950 4379 peccato
2978 4317 3056 4362 est
3077 4316 3323 4363 uestrum.
3345 4308 3488 4364 Ecce
3509 4308 3608 4363 ite-

2013 4415 2135 4454 rum
2170 4397 2380 4468 justitia
2428 4399 2708 4469 judicandi
2755 4417 2770 4452 :
2811 4398 3027 4452 Primus
3079 4399 3133 4452 in
3180 4397 3330 4452 illam
3375 4398 3604 4470 lapidem

2013 4493 2206 4546 mittat.
2246 4491 2326 4547 Ac
2368 4492 2414 4547 si
2459 4490 2688 4546 dixisset
2726 4508 2739 4545 :
2774 4488 2833 4545 Si
2876 4487 3088 4561 Moyses
3129 4488 3408 4544 mandavit
3452 4489 3606 4543 vobis

2013 4583 2296 4639 mulierem
2325 4581 2634 4652 hujusmodi
2666 4580 2944 4652 lapidare,
2971 4581 3151 4636 videte
3188 4579 3314 4650 quia
3357 4595 3466 4635 non
3500 4578 3606 4634 hoc

2014 4686 2350 4747 peccatores,
2395 4677 2489 4730 sed
2527 4675 2704 4745 justos
2744 4673 2926 4729 facere
2961 4672 3252 4742 praeepit,
3301 4671 3478 4743 primo
3509 4685 3605 4726 vos

2016 4770 2121 4840 ipsi
2143 4768 2412 4837 justitiam
2434 4767 2568 4839 legis
2599 4766 2838 4838 implete,
2874 4774 2931 4821 et
2970 4766 3051 4821 sic
3071 4765 3385 4821 innocentes
3423 4765 3602 4819 mani-

2015 4861 2138 4927 bus,
2152 4869 2208 4915 et
2230 4861 2429 4916 mundo
2451 4859 2613 4914 corde
2633 4857 2700 4912 ad
2733 4857 3076 4927 lapidandam
3091 4871 3240 4912 ream
3269 4855 3600 4912 concurrite.

2017 4953 2200 5009 Primo
2231 4952 2496 5023 spiritalia
2542 4951 2675 5021 legis
2701 4951 2896 5015 edicta,
2926 4950 3108 5016 ﬁdem,
3148 4949 3600 5012 misericordiam,

2019 5051 2075 5098 et
2097 5043 2420 5098 charitatem
2447 5041 2713 5114 perﬁcite,
2737 5050 2794 5098 et
2820 5043 2900 5098 sic
2935 5042 3002 5099 ad
3029 5041 3272 5099 carnalia
3307 5036 3604 5114 judicanda

2018 5131 2288 5194 divertite.

2089 5228 2159 5285 Et
2189 5231 2380 5284 iterum
2401 5246 2456 5284 se
2479 5229 2761 5295 inclinans,
2803 5229 3058 5285 scribebat
3092 5229 3148 5284 in
3185 5237 3347 5283 terra.
3385 5225 3456 5280 Et
3487 5225 3603 5296 qui-

2015 5321 2138 5377 dem
2162 5323 2316 5394 juxta
2338 5339 2545 5379 morem
2574 5324 2982 5380 consuetudinis
3016 5323 3264 5377 humanae
3301 5326 3486 5388 potest
3521 5319 3602 5373 in-

2017 5411 2184 5483 telligi
2223 5413 2367 5483 quod
2413 5412 2535 5469 ideo
2562 5414 2820 5470 Dominus
2877 5427 3061 5469 coram
3103 5405 3462 5464 tentatoribus
3497 5407 3600 5462 im-

2016 5503 2224 5575 probis,
2258 5503 2506 5560 inclinari
2528 5514 2584 5560 et
2618 5505 2672 5560 in
2696 5514 2842 5560 terra
2865 5503 3104 5558 scribere
3133 5498 3388 5563 voluerit,
3409 5509 3471 5553 ut
3497 5499 3602 5554 alio

2017 5595 2225 5650 vultum
2259 5596 2564 5665 intendens,
2589 5598 2819 5653 liberum
2841 5595 2920 5650 eis
2950 5593 3122 5657 daret,
3146 5589 3318 5658 exire,
3348 5605 3483 5662 quos
3504 5606 3601 5647 sua

2020 5691 2377 5762 responsione
2403 5692 2704 5764 perculsos,
2751 5688 2911 5744 citius
2939 5685 3182 5741 exituros
3205 5726 3222 5754 ,
3253 5700 3416 5757 quam
3446 5685 3597 5757 plura

2017 5783 2449 5853 interrogaturos
2473 5797 2594 5838 esse
2623 5779 2964 5851 praeviderat.

2093 5875 2375 5932 Audientes
2424 5883 2621 5941 autem,
2657 5889 2793 5927 unus
2824 5881 2938 5944 post
2988 5890 3152 5930 unum
3194 5872 3422 5940 exibant,
3467 5871 3600 5926 inci-
