4110 6448
351 382 456 449 “9

1156 376 1676 436 COLLECTIONES
1712 378 1781 435 IN
1822 376 2201 438 EPIS’IOLAS
2239 382 2328 440 ΕΤ
2368 385 2780 449 EVANGELIA.

3514 404 3614 463 150

349 489 578 567 ᾗριθιιξσὶ
604 490 810 563 volunt.
857 496 912 555 βι
958 501 1174 553 sensum
1222 488 1572 561 allegoricum
1620 505 1728 547 non
1778 490 1921 549 reci-
1948 488 2242 587 Aludmis.
2299 495 2453 553 Unde
2494 498 2603 555 duo
2648 500 3031 573 Apostolorum
3073 508 3348 582 principes
3394 518 3612 587 agmina

387 583 522 653 iuet.

344 601 549 749 “iiii;
575 672 713 743 cuin;
752 669 994 739 sautduo
1030 669 1379 739 Testamenta,
1421 686 1585 726 unum
1611 670 1822 741 quidem
1870 670 1925 726 in

346 774 520 839 mante
551 763 706 835 Sina,
744 763 954 833 Veteris
1000 770 1056 821 et
1101 762 1237 820 Novi
1280 762 1612 829 Testamenti
1660 763 1921 828 doctrina,

344 858 503 935 quasi
527 858 648 925 duas
673 865 876 927 ωριτες
905 865 1054 925 sunt,
1083 858 1177 921 sed
1204 855 1373 919 Vetus
1394 857 1448 923 in
1469 864 1657 915 monte
1679 856 1809 923 Sina
1830 872 1927 929 per

344 950 566 1025 Hersen
591 952 777 1019 datum
796 958 898 1015 est.

417 1044 526 1116 (Ep
564 1042 769 1115 Amer.)
832 1042 978 1099 Nihil
1036 1043 1182 1100 enim
1242 1042 1467 1116 prodest
1520 1044 1925 1103 Testamentum

343 1138 513 1205 Vetus
546 1136 613 1205 de
651 1144 834 1205 monte
878 1136 1008 1197 Sina
1054 1135 1108 1203 in
1137 1137 1454 1205 servitutem
1490 1152 1781 1208 generans,
1821 1136 1924 1203 nisi

341 1228 471 1301 quia
510 1227 876 1297 ιεειὶιιιρηιυιιι
920 1227 1171 1299 perhibet
1202 1228 1551 1293 Testamento
1579 1228 1746 1285 Novo.
1779 1230 1927 1289 Alio—

342 1321 495 1391 quin,
518 1321 775 1391 quamdiu
804 1320 1002 1392 legitur
1030 1319 1261 1392 Moyses,
1287 1322 1532 1387 velamen
1574 1338 1736 1394 super
1763 1323 1924 1389 corda

339 1428 531 1481 eorum
559 1414 797 1487 positum
817 1421 919 1477 est.
935 1414 1071 1485 Cum
1098 1422 1279 1481 autem
1296 1415 1421 1477 inde
1439 1415 1727 1487 quisquam
1750 1418 1922 1475 trans-

340 1504 469 1561 ierit
497 1506 565 1561 ad
596 1507 895 1575 Christum,
927 1507 1204 1571 auferetur
1226 1507 1469 1575 velamen
1498 1509 1923 1579 transeuntium,

339 1598 540 1675 quippe
577 1596 808 1665 intentio
840 1600 955 1672 ipsa
992 1607 1255 1669 mutatur,
1285 1599 1355 1665 de
1382 1600 1576 1657 Vetere
1600 1601 1668 1657 ad
1691 1600 1921 1668 Novum,

337 1696 399 1749 ut
423 1688 633 1761 Novum
662 1690 893 1763 Quisque
918 1692 1127 1753 induat.

408 1777 477 1847 In
510 1780 810 1847 seruitutem
839 1799 1116 1854 generous,
1143 1800 1262 1856 qua:
1300 1783 1556 1856 estAgar.
1597 1784 1655 1845 lu
1694 1784 1926 1843 servitu-

2148 588 2486 645 credentium
2518 592 2574 649 in
2593 593 2813 654 Christo
2838 600 3267 661 circumcisionis
3296 616 3352 664 et
3370 584 3610 683 gentium

2026 674 2345 776 diviserunt,
2392 691 2452 737 ut
2497 700 2563 738 ex
2610 695 2839 759 utroque
2884 694 3083 763 populo
3127 674 3399 756 desertam
3437 706 3611 776 prius,

2026 773 2190 837 atque
2218 777 2603 844 pauperculam
2636 781 2969 841 mdiﬁcarent
2996 787 3355 848 Hierusalem.

2297 883 2455 937 quam
2485 872 2532 924 ei
2561 872 2653 942 qui
2686 873 2841 929 habet
2876 878 3065 934 vim.
3126 881 3228 939 Hic
3269 882 3611 959 Synagogam

2026 952 2297 1052 intellige,
2329 974 2448 1029 qua:
2480 963 2627 1017 velut
2654 963 2785 1035 jugo
2819 966 2942 1032 viri,
2986 969 3059 1025 ita
3092 971 3233 1045 legis
3265 952 3445 1035 onere
3488 952 3611 1052 pre-

2024 1045 2293 1147 mebatur,
2322 1058 2416 1105 aut
2447 1062 2595 1108 certe
2632 1054 2975 1113 referendum
3010 1069 3122 1127 est,
3156 1077 3278 1133 quas
3316 1045 3608 1140 antequam

2026 1138 2341 1208 ejiceretur,
2362 1143 2538 1200 virum
2567 1160 2626 1202 se
2650 1148 2855 1205 habere
2882 1152 3159 1209 credebat.

2097 1230 2209 1287 Nos
2246 1243 2442 1301 autem,
2471 1236 2686 1307 fratres,
2724 1242 3009 1298 secundum
3038 1243 3220 1314 Isaac,
3245 1234 3610 1319 "Marianis

2022 1321 2125 1393 ﬁlii
2159 1340 2362 1385 sumus.
2389 1327 2445 1383 Id
2472 1337 2585 1395 est,
2616 1347 2723 1387 non
2771 1334 3070 1390 secundum
3098 1335 3314 1407 lsmael,
3340 1344 3612 1411 quomodo

2024 1413 2091 1469 de
2117 1415 2267 1477 Isaac
2285 1420 2613 1487 promissum
2635 1430 2722 1478 est
2738 1422 2990 1493 Abrahae,
3006 1427 3082 1483 ita
3108 1429 3176 1485 de
3196 1430 3370 1496 nobis,
3387 1433 3531 1504 quod
3555 1435 3610 1490 in

2024 1519 2090 1561 eo
2115 1506 2568 1569 benedicereutur
2594 1527 2785 1573 omnes
2810 1524 3017 1584 gentes.

2098 1596 2203 1651 Sed
2239 1601 2498 1669 quomodo
2545 1611 2689 1669 tunc,
2736 1607 2828 1677 qui
2870 1608 3158 1665 secundum
3194 1627 3407 1666 carnem
3456 1623 3610 1669 natus

2025 1690 2219 1761 fuerat,
2262 1691 2490 1765 Semper
2536 1696 2589 1757 hi
2628 1698 2720 1766 qui
2751 1699 3002 1759 carnales
3030 1710 3178 1767 sunt,
3202 1718 3298 1759 eos
3324 1704 3417 1774 qui
3446 1705 3610 1776 spiri-

2025 1782 2197 1841 tuales
2214 1793 2362 1851 sunt,
2387 1796 2807 1858 persequuntur.
2854 1789 3034 1858 Quare
3069 1792 3339 1853 admirare
3383 1809 3489 1851 non
3519 1796 3614 1852 deo

335 1882 448 1939 tem
486 1883 667 1943 autem
701 1890 967 1953 generans
1002 1878 1159 1946 dixit,
1197 1878 1325 1949 quia
1365 1876 1533 1939 Judasi
1572 1888 1720 1935 metu
1757 1880 1923 1945 etiam
1948 1860 1998 1929 Β
2025 1873 2245 1947 bemus.
2275 1876 2370 1941 Sed
2401 1892 2466 1937 ex
2501 1878 2606 1945 hoc
2643 1895 2742 1937 nos
2781 1881 3094 1951 spirituales
3138 1883 3532 1956 intelligamus,
3566 1886 3613 1942 si

331 1966 589 2037 praesenti
625 1982 690 2029 ac
718 1966 981 2047 periculo,
1014 1969 1081 2027 ad
1110 1968 1490 2037 mandatorum
1514 1968 1921 2037 observantiam
2023 1969 2163 2029 tales
2201 1986 2299 2029 nos
2338 1971 2690 2039 inscctentur,
2732 1975 2877 2044 quod
2911 1976 3015 2033 sub
3053 1977 3315 2050 mysterio
3349 1978 3458 2037 alio
3492 1978 3613 2036 loco

331 2059 670 2131 cogebantur
729 2066 788 2130 ut
841 2060 1005 2123 servi.
1076 2060 1215 2118 Nam
1264 2060 1557 2129 Christiani
1616 2062 1684 2125 ad
1729 2062 1921 2143 iugum
2020 2056 2311 2139 Apnsmlus
2339 2061 2798 2125 iudicavit:Caro
2822 2066 3032 2127 resistit
3051 2068 3310 2131 adversus
3333 2069 3611 2140 spiritum,

332 2164 499 2219 suave
537 2159 594 2221 et
634 2167 774 2215 onus
808 2152 926 2219 leve
985 2153 1223 2236 praemiis
1283 2153 1603 2223 invitamur,
1643 2160 1703 2217 ut
1740 2154 1916 2221 liberi.
2020 2160 2076 2217 et
2104 2152 2325 2228 spiritus
2355 2154 2616 2217 adversus
2646 2171 2887 2219 carnem.

2093 2242 2195 2315 Qui
2224 2254 2450 2316 possunt
2486 2246 2789 2319 intelligant
2826 2249 2999 2320 magis
3041 2250 3342 2319 Ecclesiam
3378 2255 3611 2313 catholi-

2021 2346 2145 2389 cam
2179 2335 2614 2404 persecutionem
2642 2340 2755 2407 pati
2792 2341 3045 2412 superbia
3082 2350 3139 2401 et
3177 2342 3456 2415 impietate
3484 2360 3611 2403 car-

331 2238 409 2303 illi
456 2242 612 2314 quasi
655 2242 830 2321 servi,
876 2252 1099 2317 propter
1140 2244 1367 2309 moralia
1408 2253 1710 2329 praecepta,
1755 2245 1921 2311 etiam

330 2334 564 2405 diversis
597 2336 852 2407 operibus
875 2345 1229 2407 occupantur.
1276 2335 1445 2397 Nobis
1475 2345 1734 2409 tanquam
1771 2338 1920 2409 ﬁliis,
1948 2342 1957 2349 ’

327 2428 516 2499 omnia
562 2429 781 2495 servilia
823 2444 1012 2499 opera,
1054 2429 1361 2501 adimpletis
1409 2430 1728 2501 muralibus,
1772 2430 1922 2493 aufe-

330 2526 550 2599 runtur,
597 2528 654 2579 et
720 2520 797 2579 illi
842 2518 1215 2583 sacerdotibus
1256 2535 1325 2577 ex
1367 2521 1548 2589 debito
1600 2524 1917 2591 servientes,

326 2608 535 2673 tributa
572 2611 798 2681 reddere
836 2613 998 2681 etiam
1036 2612 1385 2684 cogebantur.
1431 2612 1540 2675 Nos
1568 2629 1696 2672 vero
1722 2624 1921 2687 praeter

326 2699 654 2775 charitatem
694 2701 827 2775 nihil
857 2703 1136 2768 debentes,
1179 2702 1483 2771 voluntarie
1517 2706 1788 2765 antistites
1815 2723 1917 2773 no-

328 2798 473 2861 stros
508 2792 857 2867 imperamus.

400 2882 531 2938 Sina
574 2902 723 2939 mons
768 2896 843 2941 est
886 2887 939 2940 in
971 2885 1195 2955 Arabia,
1244 2887 1336 2971 qui
1380 2889 1693 2960 Coniunctus
1737 2899 1810 2953 est
1849 2891 1914 2959 ei,

328 2978 420 3051 qui
466 2994 602 3043 nunc
636 2988 712 3035 est
752 2977 1084 3047 Hierusalem
1108 3020 1123 3046 ,
1172 2989 1219 3049 et
1266 2980 1421 3045 servit,
1460 2982 1578 3045 cum
1617 2982 1742 3061 ﬁliis
1780 2984 1915 3055 ejus.

328 3070 407 3127 De
464 3071 815 3145 qualitatibus
860 3073 1103 3145 locorum
1146 3074 1383 3135 ostendit
1428 3074 1794 3139 diversitatem
1842 3086 1920 3143 te-

327 3170 742 3231 stamentorum.
778 3166 921 3238 Agar
954 3167 1137 3243 itaque
1164 3181 1490 3239 synagogam
1518 3167 1632 3223 vult
1669 3168 1917 3241 intelligi,

2021 2423 2246 2487 nalium.
2298 2424 2434 2487 Nam
2462 2428 2723 2498 quidquid
2754 2429 2885 2485 facit
2911 2446 3039 2491 vera
3078 2441 3133 2488 et
3162 2433 3404 2505 legitima
3428 2445 3610 2495 mater

2021 2513 2286 2583 Ecclesia,
2315 2517 2479 2581 etiam
2521 2519 2566 2577 si
2613 2534 2868 2591 asperum
2920 2537 3276 2595 amarumque
3318 2527 3611 2595 sentiatur,

2020 2623 2130 2663 non
2152 2609 2359 2665 malum
2398 2624 2495 2680 pro
2521 2610 2664 2667 malo
2701 2611 2898 2679 reddit,
2928 2613 3024 2671 sed
3051 2614 3253 2681 bonum
3281 2616 3608 2690 disciplinae,

2018 2697 2336 2769 expellendo
2361 2700 2503 2759 male
2531 2700 2833 2781 iniquitatis
2858 2705 3101 2777 opponit.

2090 2788 2504 2862 Persequebatur
2532 2808 2651 2847 cum
2677 2792 2765 2869 qui
2793 2794 3080 2855 secundum
3105 2796 3367 2867 spiritum.
3408 2798 3467 2863 In
3494 2798 3603 2859 Ge-

2019 2883 2139 2941 nesi
2170 2885 2432 2956 scriptum
2461 2894 2566 2949 CSt.
2615 2887 2751 2965 Quia
2795 2888 3014 2955 ludebat
3055 2891 3246 2949 lsmael
3288 2908 3411 2953 cum
3457 2893 3610 2959 Isaac

2022 2974 2174 3053 (Gen.
2206 2977 2340 3046 xxi),
2415 2977 2521 3039 Sed
2558 2980 2647 3041 hic
2683 2982 3009 3049 ostenditur,
3039 2997 3147 3039 non
3193 2984 3492 3059 simplicem
3535 2986 3614 3047 lu-

2023 3084 2144 3131 sum
2185 3067 2375 3139 fuisse,
2401 3088 2564 3142 quem
2587 3074 3021 3142 persecutionem
3059 3076 3311 3147 appellat.
3349 3076 3502 3137 Unde
3527 3076 3613 3135 in-

2023 3162 2286 3236 telligitur
2331 3167 2458 3235 quia
2497 3167 2781 3231 scurrilem
2810 3176 2865 3224 et
2902 3168 3106 3239 levem,
3140 3169 3281 3226 sicut
3322 3170 3438 3245 ipse
3466 3178 3608 3240 erat,

228 3323 233 3327 _
327 3264 387 3312 et
416 3265 685 3323 terrenam
712 3236 1081 3331 Hiepusalemv,
1115 3236 1205 3316 cui
1242 3236 1398 3329 mons
1425 3259 1553 3319 Sina
1574 3301 1588 3327 ,
1618 3262 1669 3317 in
1696 3277 1804 3332 quo
1946 3236 1994 3301 C
2023 3250 2204 3311 facere
2231 3258 2502 3327 cupiebat,
2524 3275 2593 3327 ue
2616 3259 2691 3314 illi
2713 3268 2894 3331 posset
2923 3261 2976 3317 in
3003 3236 3319 3325 hiereditate
3341 3236 3608 3336 praeferri,

326 3346 415 3411 lex
444 3351 772 3429 conscripta,
801 3351 1123 3431 coniunctus
1156 3361 1258 3408 est.
1293 3350 1464 3423 llujus
1489 3367 1619 3431 ergo
1672 3352 1766 3417 ﬁlii
1803 3369 1907 3415 ser-

326 3440 482 3503 viunt
511 3443 769 3507 oneribus
796 3443 1050 3517 legalium
1081 3446 1483 3511 mandatorume

398 3530 506 3599 Illa
541 3544 717 3603 autem
744 3553 862 3609 quia
893 3554 1107 3599 sursum
1141 3546 1215 3601 est
1240 3534 1597 3605 Hierusalem,
1630 3536 1792 3595 libera
1816 3548 1912 3603 est,

324 3619 387 3679 In
434 3623 586 3681 Sara:
628 3641 861 3697 persona
886 3668 902 3694 ,
948 3625 1034 3687 vel
1077 3625 1375 3695 Ecclesium
1429 3625 1795 3695 demonstrat,
1830 3629 1916 3685 vel

325 3716 605 3783 caelestem
633 3716 994 3801 Hierusalem,
1027 3720 1148 3785 ideo
1184 3720 1249 3775 de
1276 3719 1415 3777 coelo
1447 3719 1669 3785 advenit
1709 3724 1913 3789 media-

325 3819 437 3879 tor,
489 3820 543 3877 et
589 3811 835 3883 Pontifex
896 3812 1021 3881 μογί
1068 3813 1422 3887 Testamenti,
1468 3820 1524 3869 et
1568 3812 1917 3891 Evangelium

324 3918 435 3959 non
466 3903 521 3958 in
546 3919 654 3971 uno
681 3894 878 3971 induta:
904 3904 1045 3981 ξορρ,
1076 3906 1171 3975 sed
1207 3907 1261 3973 in
1291 3915 1406 3964 toto
1435 3909 1634 3979 mundo
1672 3916 1756 3964 est
1780 3922 1917 3987 pra:-

325 3994 589 4061 dicatum.

401 4085 535 4154 Quae
560 4097 634 4143 est
656 4097 825 4147 mater
849 4098 1049 4153 nostra.
1081 4090 1155 4155 De
1181 4086 1437 4147 Ecclesia:
1463 4108 1592 4164 ergo
1623 4088 1766 4160 ﬁliis,
1798 4107 1919 4165 quze

324 4176 501 4233 libera
537 4185 639 4244 est,
678 4193 911 4250 superna
950 4183 1289 4249 construitur
1311 4181 1667 4249 Hierusalem,
1708 4192 1763 4238 et
1798 4183 1919 4239 ideo

324 4267 531 4326 Galatae
560 4270 744 4327 libera:
770 4271 861 4327 ﬁlii
890 4274 1033 4339 servi
1065 4288 1184 4329 esse
1213 4289 1320 4331 non
1351 4275 1569 4335 debent.

398 4359 668 4433 Scriptum
694 4372 768 4418 est
797 4363 936 4417 enim
960 4378 977 4415 :
1000 4362 1207 4425 Lwtare
1235 4364 1451 4432 sterilis,
1479 4383 1596 4438 qua:
1624 4382 1728 4420 non
1752 4365 1918 4436 paris,

324 4472 539 4527 erumpe
567 4466 613 4510 et
642 4454 814 4510 clama
836 4474 953 4531 qua:
981 4474 1084 4511 non
1110 4458 1363 4529 parturis.
1396 4457 1601 4513 Probat
1634 4458 1795 4513 aliam
1823 4474 1920 4517 nos

325 4556 556 4605 matrem
592 4549 816 4617 habere,
851 4548 1128 4605 meliorem
1159 4566 1324 4623 quam
1353 4548 1524 4606 Judaei
1559 4548 1914 4606 Hierusalem.

325 4640 553 4699 Deserta
592 4651 774 4707 autem
813 4641 904 4707 diu
951 4642 1049 4707 fuit
1100 4658 1130 4697 a
1174 4650 1365 4699 sancto
1396 4640 1629 4713 Spiritu,
1677 4643 1918 4715 gentium

324 4743 503 4789 mater
525 4730 786 4803 Ecclesia.
834 4733 945 4791 Nec
973 4733 1163 4793 habuit
1196 4734 1331 4790 duos
1360 4733 1501 4808 ﬁlios
1532 4744 1659 4791 ante
1685 4735 1918 4811 gratiam

325 4825 774 4897 regenerationis,
802 4842 923 4903 quae
945 4835 1131 4898 postea
1155 4833 1343 4900 gentes
1366 4834 1423 4882 et
1449 4827 1694 4909 pepulos,
1722 4828 1833 4884 Deo
1865 4829 1917 4889 in

325 4934 386 4974 se
415 4926 698 4990 eperante,
728 4919 1027 4995 generavit.

399 5009 572 5081 Quam
618 4996 772 5078 multi
810 5009 910 5082 ﬁlii
951 5008 1190 5065 deserure.
1243 5009 1300 5066 Id
1326 5019 1410 5066 est
1439 5010 1716 5079 Ecclesize,
1755 5027 1917 5083 quam

324 5101 712 5174 praeﬁgurahat
738 5102 913 5169 Anna,
967 5118 1099 5158 voce
1136 5102 1475 5175 prophetica,
1513 5104 1738 5159 dicens:
1778 5102 1914 5171 Quia

326 5176 529 5249 sterilis
558 5193 768 5269 peperit
805 5201 1036 5275 septem,
1061 5200 1115 5248 et
1152 5192 1379 5255 fecunda
1412 5193 1465 5247 in
1492 5192 1617 5248 ﬁliis
1646 5191 1917 5248 inﬁrmata

325 5294 430 5361 est,
463 5285 516 5339 id
549 5293 633 5340 est
661 5283 943 5357 Synagoga
972 5301 1068 5358 per
1089 5285 1591 5357 praevaricationem
1620 5284 1916 5340 inﬁdelium

327 5377 581 5432 ﬁliorum.
624 5376 682 5430 ln
716 5384 923 5447 septem
950 5362 1101 5443 vero,
1138 5375 1469 5446 septiformis
1492 5375 1666 5447 gratia
1696 5373 1919 5445 spiritus

328 5468 622 5523 indicatur.
650 5465 764 5523 Hoc
787 5468 1101 5547 notandum,
1131 5470 1271 5551 quod
1295 5468 1512 5539 quando
1538 5467 1703 5523 dicit:
1727 5465 1916 5521 Plures

326 5556 424 5613 ﬁlii
455 5557 709 5625 desertas,
743 5558 917 5631 magis
952 5572 1116 5626 quam
1155 5559 1273 5629 ejus
1300 5573 1419 5631 qua:
1452 5557 1690 5613 habebat
1717 5557 1914 5623 virum,

326 5664 436 5705 non
470 5649 686 5720 penitus
716 5646 998 5722 Synagoga
1034 5648 1353 5703 excludatur
1389 5662 1419 5703 a
1445 5656 1625 5718 partu,
1656 5647 1752 5702 sed
1782 5646 1919 5701 mul-

327 5739 506 5796 tltudo
542 5740 593 5796 ei
630 5741 873 5811 gentium
900 5739 1243 5813 praeferatur.
1287 5740 1355 5796 Et
1384 5740 1498 5813 ipsa
1526 5741 1672 5797 enim
1705 5740 1759 5795 in
1786 5755 1915 5812 apo-

327 5829 519 5900 stolis,
553 5839 610 5889 et
643 5846 742 5906 per
771 5832 1045 5906 apostolos
1071 5833 1307 5909 primum
1333 5834 1590 5906 populum
1625 5833 1811 5905 genuit
1847 5834 1915 5891 de

2022 3346 2145 3401 ideo
2169 3346 2445 3415 Abraham
2486 3349 2788 3423 dejicieudo
2824 3366 2949 3417 eum
2987 3367 3175 3413 vocem
3204 3351 3353 3408 Sara:
3382 3354 3610 3423 iubetur

2021 3437 2228 3492 audire.

2091 3528 2178 3585 Ita
2208 3541 2255 3585 et
2286 3549 2441 3595 nunc.
2489 3534 2546 3589 ιιι
2589 3542 2691 3603 est,
2747 3534 2820 3595 ita
2857 3550 2956 3597 vos
3000 3536 3090 3599 isti
3138 3537 3346 3599 similes
3390 3540 3610 3607 student

2021 3636 2211 3681 servos
2238 3621 2369 3697 legis
2396 3622 2630 3683 allicere.

2092 3712 2195 3769 Sed
2228 3714 2356 3786 quid
2390 3714 2516 3779 dicit
2542 3715 2860 3788 Scriptura:
2891 3719 3045 3797 Ejice
3075 3721 3325 3783 ancillam
3359 3730 3409 3781 et
3436 3720 3623 3795 ﬁlium
3688 3754 3695 3765 ι

2020 3804 2153 3875 ejus.
2210 3805 2568 3875 Quantumvis
2603 3824 2662 3864 se
2702 3811 2961 3882 iniquitas
3019 3814 3246 3879 extollat
3277 3800 3474 3883 ancilla
3505 3824 3612 3891 est,

2019 3902 2076 3950 et
2110 3895 2445 3963 subjicienda
2481 3909 2565 3954 est
2599 3901 2820 3969 sanctis.
2878 3902 3030 3969 Sicut
3060 3913 3116 3959 et
3139 3903 3330 3973 Judaei,
3362 3907 3613 3981 quamvis

2019 3984 2252 4042 Abrahae
2304 3988 2440 4045 ﬁlios
2490 4007 2613 4047 esse
2649 4008 2706 4047 se
2736 3993 2963 4073 iactent,
2996 3997 3234 4067 quandiu
3266 3996 3361 4061 ﬁlii
3401 3998 3612 4063 ancilla

2021 4079 2241 4157 fuerint,
2273 4089 2327 4137 et
2361 4083 2460 4138 sub
2489 4080 2621 4156 jugo
2655 4084 2789 4158 legis
2818 4087 3115 4147 carnaliter
3137 4088 3397 4155 vixerint,
3428 4089 3613 4155 uobis-

2020 4187 2145 4229 cum
2181 4173 2550 4229 hcereditatem
2583 4176 2786 4233 habere
2813 4193 2920 4239 non
2949 4186 3223 4250 poterunt.

2096 4264 2220 4319 Non
2248 4267 2386 4321 enim
2411 4268 2577 4322 luere;
2600 4271 2699 4322 erit
2727 4269 2873 4339 ﬁlius
2902 4269 3111 4325 ancilla:
3135 4287 3253 4326 cum
3272 4270 3384 4341 ﬁlia
3409 4271 3610 4331 liberte.

2021 4355 2176 4413 Nunc
2207 4358 2370 4430 igitur
2405 4362 2753 4430 quaerendum
2794 4371 2878 4418 est
2923 4377 3021 4419 cur
3059 4372 3219 4421 antea
3268 4363 3404 4422 Sara
3433 4366 3611 4433 voluit

2022 4449 2280 4507 maritum
2316 4450 2383 4506 de
2424 4451 2618 4507 ancilla
2664 4454 2940 4533 suscipere
2978 4452 3168 4521 ﬁlium,
3204 4463 3298 4519 aut
3335 4471 3436 4515 cur
3467 4472 3612 4521 nunc

2023 4560 2145 4599 cum
2179 4556 2353 4611 matre
2380 4546 2535 4616 jubet
2567 4548 2762 4621 expelli
2799 4550 2979 4617 domo,
3018 4553 3163 4622 quod
3193 4568 3301 4615 non
3329 4551 3447 4619 zelo
3479 4550 3611 4613 fecit

2022 4650 2274 4707 accensa,
2304 4636 2400 4695 sed
2447 4640 2702 4710 mysterio
2754 4642 3054 4712 prophetiae
3106 4643 3405 4714 compulsa.
3465 4641 3613 4717 Agar

2021 4729 2239 4807 quippe,
2271 4729 2567 4789 secundum
2591 4732 2733 4801 quod
2766 4732 2844 4787 ait
2867 4731 3176 4807 Apostolus,
3206 4733 3260 4790 in
3293 4734 3609 4803 servitutem

2021 4820 2204 4891 gemit
2231 4820 2506 4879 carnalem
2537 4822 2813 4892 populum.
2859 4822 2993 4878 Sara
3020 4839 3150 4879 vero
3179 4824 3413 4881 liberum
3438 4841 3611 4899 popu-

2023 4910 2131 4964 lum
2169 4913 2377 4983 genuit,
2411 4913 2500 4984 qui
2542 4928 2651 4967 non
2684 4914 2981 4975 secundum
3028 4931 3273 4984 carnem,
3305 4916 3401 4973 sed
3440 4914 3494 4972 in
3545 4915 3611 4971 li-

2020 5005 2234 5060 bertate
2276 5014 2500 5061 vocatus
2547 5014 2667 5072 est,
2722 5022 2825 5077 qua
2881 5007 3129 5064 libertate
3179 5007 3431 5079 liberavit
3483 5023 3608 5079 eum

2023 5098 2291 5162 Christus.
2329 5094 2443 5155 Hoc
2478 5099 2644 5172 igitur
2680 5100 2945 5172 mysterio
2980 5098 3335 5174 ﬁgurabatur,
3368 5098 3608 5173 priorem

2023 5189 2278 5261 populum
2329 5190 2382 5244 in
2434 5190 2750 5253 servitutem
2792 5200 3137 5269 peccatorum
3177 5200 3496 5273 generatum
3554 5187 3610 5263 in

2024 5282 2184 5335 domo
2210 5279 2433 5346 Rachel,
2466 5280 2519 5337 id
2546 5289 2651 5355 est,
2685 5276 2943 5339 Ecclesiae
2977 5298 3085 5345 non
3116 5296 3338 5351 manere
3367 5278 3416 5341 in
3443 5287 3607 5334 aeter-

2024 5387 2189 5443 num,
2212 5387 2385 5445 neque
2410 5388 2530 5431 esse
2558 5372 2827 5431 haeredem
2866 5372 2950 5428 vel
2978 5382 3282 5441 consortem
3308 5369 3608 5435 cultoribus

2025 5462 2257 5531 Christi,
2297 5480 2398 5519 nec
2434 5481 2555 5525 cum
2591 5464 2701 5523 ﬁlio
2737 5466 2935 5535 nobili,
2980 5462 3035 5519 id
3067 5472 3172 5529 est,
3211 5458 3351 5531 ﬁdeli
3385 5462 3602 5543 populo,

2025 5572 2248 5629 regnum
2305 5557 2541 5613 caelestis
2590 5556 2777 5631 gloriae
2824 5570 3218 5631 possessurum.
3274 5552 3428 5624 Quod
3475 5571 3606 5612 vero

2025 5649 2213 5705 exiens
2246 5649 2390 5725 Agar
2438 5648 2696 5709 infantem
2758 5653 2812 5706 in
2851 5651 3107 5723 humeros
3151 5666 3277 5708 suos
3324 5650 3604 5722 imposuit,

2026 5741 2295 5812 signiﬁcat
2320 5742 2463 5813 quod
2490 5750 2743 5814 peccator
2772 5736 2999 5815 populus
3026 5752 3079 5798 et
3108 5742 3370 5815 insipiens
3391 5741 3604 5798 iudico-

2028 5852 2147 5899 rum
2186 5838 2455 5894 cervicem
2494 5836 2684 5891 matris
2714 5850 2824 5890 suae
2849 5834 3144 5919 Synagogae
3179 5835 3445 5908 gravavit,
3473 5834 3602 5897 dum
