4110 6472
495 362 595 419 ibi

1786 359 2068 418 SMARAG
2077 360 2144 419 Dl
2181 363 2474 423 ABBATIS

3660 372 3772 432 153

495 485 626 543 dicit
651 502 664 538 :
696 483 926 555 Sanguis
959 483 1077 555 ejus
1127 496 1282 552 super
1317 497 1412 535 nos
1453 489 1502 535 et
1527 497 1683 552 super
1705 479 1845 550 ﬁlios
1871 490 2076 534 nostros
2103 483 2156 543 Α
2180 482 2368 549 mittit,
2395 499 2516 556 qua:
2543 485 2611 540 ad
2634 484 2891 555 perennis
2918 485 3046 542 vitae
3071 484 3339 543 desideria
3363 501 3472 543 non
3494 488 3773 559 permittit

497 577 714 652 (Matth.
745 576 940 647 xxvn).
995 573 1148 642 Quod
1179 588 1309 629 vero
1339 581 1489 629 errat
1511 571 1658 642 Agar
1701 572 1757 627 in
1785 570 2078 628 solitudine

494 686 619 727 cum
647 669 758 731 ﬁlio
788 684 909 733 suo,
936 665 1208 739 signiﬁcat
1231 665 1573 739 Synagogam
1599 680 1720 720 cum
1750 664 1951 738 populo
1979 678 2078 720 suo

494 763 772 835 expulsam
807 761 875 817 de
913 768 1057 814 terra
1093 773 1212 825 sua,
1243 759 1361 814 sine
1385 758 1689 814 sacerdotio
1723 766 1779 813 et
1807 756 2077 813 sacriﬁcio

493 855 549 911 in
585 865 698 912 toto
731 853 863 910 orbe
901 861 1202 918 terrarum,
1240 859 1296 906 et
1327 851 1502 916 viam,
1530 865 1651 921 quae
1694 857 1780 906 est
1803 847 2074 915 Christus,

493 949 706 1020 penitus
734 948 1008 1019 ignorare.

560 1040 770 1113 Itaque,
793 1041 1007 1112 fratres,
1038 1056 1142 1094 non
1165 1053 1350 1094 sumus
1376 1036 1586 1092 ancilla:
1609 1037 1732 1107 ﬁlii,
1759 1039 1850 1094 sed
1875 1038 2075 1106 libet-az,

490 1151 594 1207 qua
624 1133 863 1188 libertate
891 1131 1134 1186 Christus
1165 1147 1260 1185 nos
1295 1129 1552 1185 liberavit.
1595 1128 1716 1186 Non
1753 1145 1883 1202 ergo
1909 1131 2076 1195 debe-

490 1243 611 1283 mus
636 1225 895 1283 derelicta
923 1234 1098 1280 matre
1130 1233 1318 1280 nostra
1355 1223 1607 1279 ancillam
1639 1225 1810 1296 sequi.
1844 1223 1980 1293 Quia
2015 1225 2079 1280 li-

490 1329 577 1376 cet
604 1318 844 1389 ejusdem
873 1319 974 1374 viri
1005 1317 1169 1374 fuerit
1193 1335 1349 1384 uxor,
1377 1327 1559 1375 tamen
1586 1320 1654 1374 ad
1691 1328 1923 1392 tempus,
1950 1321 2079 1392 quia

490 1411 728 1468 nondum
798 1418 1012 1482 poterat
1056 1410 1194 1466 Sara
1257 1426 1534 1482 generare,
1586 1411 1642 1465 id
1688 1421 1790 1477 est,
1839 1411 2078 1468 nondum

491 1504 670 1560 fuerat
695 1504 939 1562 Ecclesia
968 1506 1262 1561 maritante
1295 1506 1488 1577 spiritu
1521 1505 1832 1562 fecundata.

845 1612 1186 1653 EVANGELIUI
1221 1613 1456 1663 IOANNIS,
1493 1612 1615 1654 CAP.
1642 1613 1718 1653 Vl.

569 1709 588 1743 ι
634 1689 782 1747 Abiit
803 1688 962 1747 Iesus
992 1699 1144 1747 trans
1180 1707 1332 1747 mare
1359 1689 1615 1755 Galilteae,
1646 1691 1791 1763 quod
1815 1699 1900 1748 est
1921 1692 2080 1748 Tibe-

495 1803 514 1838 ι
559 1784 746 1842 riadis.
777 1785 845 1842 Et
870 1786 1197 1857 sequebatur
1222 1801 1347 1842 eum
1382 1784 1673 1842 multitudo
1707 1801 1923 1859 magna,
1952 1787 2080 1858 quia

494 1899 514 1932 ι
559 1880 816 1936 videbant
866 1849 1018 1952 signa
1048 1895 1168 1950 qua:
1205 1878 1440 1934 faciebat
1478 1895 1640 1951 super
1680 1879 1766 1936 his
1799 1849 2082 1950 quiritiﬁr-
2107 1849 2156 1910 Β

495 1991 513 2024 ι
559 1973 868 2028 mabantur.
921 1970 1100 2028 Subiit
1145 1986 1275 2044 ergo
1318 1972 1370 2026 in
1421 1978 1659 2026 montem
1693 1970 1871 2038 Jesus,
1915 1981 1970 2028 et
2005 1972 2080 2028 ibi

494 2085 513 2117 ι
559 2066 784 2123 sedebat
817 2081 941 2122 cum
983 2065 1264 2137 discipulis
1312 2065 1462 2120 suis:
1490 2065 1622 2121 Erat
1664 2074 1847 2122 autem
1891 2067 2080 2139 proxi-

494 2173 512 2205 ‹
559 2171 706 2210 mum
737 2155 978 2224 Pascha,
1022 2157 1139 2212 dies
1182 2155 1354 2211 festus
1379 2154 1707 2212 Iudaeorum.
1731 2157 1867 2214 Cum
1903 2158 2083 2215 suble-

494 2268 512 2302 ‹
559 2259 740 2307 vasset
780 2265 910 2322 ergo
948 2251 1136 2308 oculos
1163 2250 1342 2319 Iesus,
1386 2259 1442 2307 et
1477 2253 1702 2309 vidisset
1740 2254 1868 2324 quia
1897 2253 2082 2310 multi-

495 2360 513 2392 ι
561 2342 690 2397 tudo
729 2341 968 2397 maxima
993 2343 1143 2398 venit
1177 2342 1244 2397 ad
1287 2357 1434 2410 eum,
1486 2344 1618 2399 dicit
1643 2343 1710 2399 ad
1736 2343 2074 2414 Philippum:

496 2454 514 2485 ι
565 2433 718 2490 Unde
755 2450 999 2491 cmemus
1032 2451 1218 2507 panes,
1250 2445 1310 2491 ut
1351 2436 1678 2492 manducent
1704 2437 1796 2492 hi?
1839 2435 1953 2493 Hoc
1977 2454 2079 2492 au-

494 2548 512 2580 ι
563 2537 670 2585 tem
705 2529 922 2586 dicebat
951 2536 1168 2587 tentans
1202 2545 1349 2597 eum,
1390 2531 1505 2602 ipse
1535 2531 1682 2586 enim
1713 2531 1921 2586 sciebat
1950 2529 2080 2601 quid

492 2644 513 2679 t
560 2634 705 2683 esset
736 2625 1000 2683 facturus.
1040 2627 1343 2698 Respondit
1380 2628 1430 2683 ei
1460 2628 1783 2698 Philippus:
1808 2628 2080 2684 Ducento-

492 2735 515 2770 ι
562 2733 687 2772 rum
711 2717 1059 2774 denariorum
1082 2734 1250 2789 panes
1274 2734 1381 2774 non
1407 2717 1680 2775 suﬁiciunt
1700 2719 1800 2785 eis,
1826 2726 1888 2774 ut
1913 2734 2080 2775 unus-

495 2826 518 2863 ι
559 2809 789 2881 quisque
818 2810 1094 2866 modicum
1133 2812 1261 2882 quid
1289 2811 1541 2882 accipiat.
1578 2811 1720 2867 Dicit
1753 2811 1805 2868 ei
1839 2826 1981 2868 unus
2009 2826 2079 2867 ex

494 2919 514 2952 ι
561 2899 838 2972 discipulis
873 2900 993 2970 ejus
1019 2901 1284 2968 Andreas,
1313 2901 1484 2958 frater
1513 2901 1750 2958 Simonis
1771 2902 1919 2958 Petri
1945 2902 2079 2958 :Est

493 3010 514 3044 ι
557 3006 691 3063 puer
709 3009 848 3049 unus
874 2993 983 3058 hic,
999 2994 1090 3065 qui
1106 2996 1524 3067 habetquinque
1549 3011 1717 3066 panes
1744 2997 2077 3052 hordeaceos

493 3102 513 3137 ι
560 3092 616 3139 et
646 3084 781 3139 duos
826 3086 1024 3156 pisces.
1054 3084 1160 3140 Sed
1187 3087 1303 3142 hzec
1345 3088 1476 3158 quid
1522 3096 1650 3143 sunt
1691 3089 1836 3145 inter
1862 3090 2078 3146 tantos?

493 3196 513 3230 ι
559 3177 705 3232 Dixit
747 3193 877 3249 ergo
925 3176 1082 3234 Iesus
1128 3197 1140 3233 :
1186 3178 1372 3235 Facite
1415 3181 1663 3238 homines
1711 3182 2072 3239 discumbere.

491 3288 510 3322 ι
559 3267 691 3324 Erat
723 3277 904 3325 autem
941 3269 1125 3326 fenum
1153 3272 1384 3329 multum
1412 3273 1631 3330 inloco.
1677 3274 2076 3332 Discubuerunt

494 3382 514 3415 ι
556 3379 687 3436 ergo
732 3363 835 3418 viri
877 3379 1106 3420 numero
1142 3367 1297 3435 quasi
1335 3366 1575 3438 quinque
1619 3367 1808 3423 millia.
1852 3369 2078 3441 Accepit

492 3475 511 3509 ι
557 3472 688 3529 ergo
710 3454 870 3513 Iesus
909 3473 1095 3529 panes,
1135 3467 1190 3514 et
1230 3475 1354 3514 cum
1390 3461 1595 3532 gratias
1633 3462 1852 3532 egisset,
1889 3463 2077 3519 distri-

493 3567 514 3601 ι
559 3549 680 3604 buit
736 3549 1222 3607 discumbentibus.
1301 3551 1565 3608 Similiter
1612 3561 1667 3609 et
1723 3570 1789 3610 ex
1835 3555 2076 3627 piscibus

493 3663 514 3696 ι
558 3652 818 3714 quantum
846 3645 1122 3700 volebant.
1166 3645 1237 3702 Ut
1277 3655 1460 3703 autem
1506 3647 1712 3720 impleti
1756 3659 1900 3717 sunt,
1926 3648 2075 3723 [dixit

490 3753 514 3791 ι
558 3737 835 3808 discipulis
874 3737 1026 3793 suis:
1053 3737 1299 3808 Colligite
1336 3755 1455 3810 quae
1489 3751 1883 3812 superaverant
1932 3741 2077 3814 frag-

492 3848 514 3884 ι
558 3840 763 3898 menta,
806 3847 876 3888 ne
911 3840 1156 3902 pereant.
1202 3832 1545 3904 Collegerunt
1573 3850 1704 3907 ergo
1738 3844 1795 3891 et
1821 3836 2077 3905 impleve-

493 3941 514 3977 ι
559 3933 687 3981 runt
718 3925 1002 3982 duodecim
1039 3925 1300 3996 cophinos
1337 3926 1786 3998 fragmentorum,
1817 3946 1882 3985 ex
1911 3929 2074 4000 quin-

493 4033 512 4068 t
557 4031 664 4088 que
698 4017 928 4088 panibus
966 4017 1282 4074 hordeaceis
1315 4026 1372 4074 et
1401 4019 1610 4075 duobus
1649 4020 1910 4090 piscibus,
1954 4038 2076 4092 quae

493 4125 514 4158 ι
559 4106 943 4180 superfuerunt
986 4108 1072 4164 his
1118 4109 1212 4180 qui
1267 4110 1751 4166 manducaverunt.
1799 4112 1879 4168 llli
1944 4130 2075 4188 ergo

493 4217 512 4250 ι
559 4200 807 4257 homines
829 4215 952 4257 cum
977 4202 1241 4256 vidissent
1267 4201 1410 4272 quod
1449 4201 1654 4257 fecerat
1683 4203 1898 4275 signum
1924 4205 2074 4265 dice-

494 4309 513 4342 l
559 4293 689 4347 bant
717 4308 731 4346 :
763 4292 902 4359 Quia
958 4293 1047 4349 hic
1087 4301 1172 4350 est
1209 4308 1337 4349 vere
1373 4293 1636 4366 prepheta
1677 4297 1768 4369 qui
1814 4308 2075 4359 venturus

493 4401 513 4434 ι
558 4392 642 4439 est
677 4383 731 4437 in
761 4383 1042 4438 mundum.
1091 4404 1109 4436 ι

557 4475 698 4529 Abiit
719 4475 876 4530 Iesus
909 4485 1055 4530 trans
1090 4493 1233 4532 mare
1255 4475 1524 4546 Galilteat,
1559 4482 1700 4553 quod
1731 4491 1806 4537 est
1837 4482 2074 4539 Tiberia-

2177 577 2333 648 erigi,
2371 576 2440 632 de
2483 577 2733 648 qualibus
2764 577 3050 634 Psalmista
3098 597 3110 632 :
3154 577 3223 633 In
3269 579 3512 645 circuitu,
3564 578 3770 651 inquit,

2175 668 2323 740 impii
2343 669 2614 724 ambulant
2636 669 2810 742 (Psal.
2833 671 2957 743 xu).
2991 670 3098 726 Sed
3120 672 3410 728 abeuntem
3436 681 3588 728 trans
3614 688 3777 732 mare

2176 758 2410 817 Galiltete
2433 759 2636 827 Iesum,
2668 762 2959 818 multitudo
2997 762 3236 817 maxima
3265 763 3614 834 sequebatur,
3643 779 3775 837 qua

2179 852 2438 910 doctrina:
2483 854 2785 910 sanationis
2832 861 2886 908 et
2938 852 3254 910 refectionis
3298 853 3366 908 ab
3413 868 3479 910 eo
3523 854 3773 911 ctelestis

2177 960 2402 1001 munera
2429 960 2640 1001 summa
2665 945 2989 1015 perciperet,
3017 945 3142 1016 quia
3164 944 3480 1016 priusquam
3506 945 3775 1002 Dominus

2179 1039 2235 1094 in
2272 1055 2435 1095 carne
2477 1047 2782 1110 appareret,
2829 1038 2943 1093 sola
2987 1037 3138 1092 illum
3175 1052 3306 1109 gens
3339 1034 3526 1092 Iudaea
3569 1052 3774 1109 seque-

2177 1133 2339 1188 batur
2388 1132 2676 1188 credendo.
2736 1130 3029 1200 Postquam
3082 1144 3214 1185 vero
3275 1145 3374 1201 per
3433 1130 3774 1187 incarnatio-

2177 1227 2263 1283 nis
2312 1242 2423 1282 suae
2473 1226 2936 1298 dispensationem
2986 1221 3181 1279 ﬁuctus
3226 1223 3354 1278 vitae
3397 1223 3774 1296 corruptibilis

2179 1320 2332 1386 adiit,
2370 1319 2623 1385 calcavit,
2683 1317 2932 1382 transiit,
2973 1317 3212 1373 maxima
3250 1332 3377 1373 mox
3415 1333 3539 1373 eum
3581 1317 3772 1372 multi-

2178 1416 2310 1471 tudo
2346 1414 2680 1470 credentium
2723 1420 2910 1469 secuta
2947 1419 3033 1467 est
3070 1412 3373 1479 nationum,
3412 1409 3774 1482 spiritualiter

2179 1509 2401 1575 instrui,
2431 1509 2611 1564 sanari
2637 1522 2703 1562 ac
2729 1505 2918 1562 satiari
2954 1506 3291 1562 desiderans.

2252 1601 2426 1658 Subiit
2463 1619 2585 1673 ergo
2623 1602 2681 1656 in
2722 1610 2950 1656 montem
2972 1599 3154 1666 Iesus,
3191 1608 3239 1654 et
3279 1598 3353 1653 ibi
3392 1597 3606 1653 sedebat
3649 1614 3770 1651 cum

2181 1693 2454 1766 discipulis
2489 1695 2620 1748 suis.
2662 1692 2816 1761 Quod
2847 1700 3027 1748 autem
3060 1692 3282 1748 subiens
3320 1691 3375 1746 in
3411 1699 3656 1746 montem
3681 1689 3774 1746 Ie—

2184 1805 2305 1857 sus,
2348 1788 2422 1843 ibi
2464 1787 2688 1844 sedebat
2726 1802 2849 1842 cum
2887 1784 3166 1857 discipulis
3211 1785 3354 1850 suis,
3391 1784 3485 1839 sed
3519 1783 3774 1839 veniente

2184 1885 2252 1940 ad
2281 1898 2406 1940 eum
2442 1880 2787 1936 multitudine
2822 1877 3118 1942 descendit,
3151 1885 3314 1946 atque
3348 1877 3489 1931 hanc
3528 1875 3585 1930 in
3611 1890 3773 1945 supe-

2183 1977 2418 2033 rioribus
2451 1974 2644 2042 reﬁcit,
2677 1988 2838 2044 quam
2869 1973 2923 2027 in
2954 1969 3303 2026 inferioribus
3329 1967 3492 2039 paulo
3517 1976 3643 2023 ante
3672 1984 3771 2022 cu-

2183 2080 2420 2128 raverat.
2454 2069 2806 2140 Nequaquam
2842 2066 3047 2121 frustra
3089 2064 3290 2119 factum
3326 2059 3632 2128 credamus,
3676 2060 3775 2117 sed

2183 2170 2252 2223 ad
2289 2163 2704 2236 signiﬁcandum
2751 2161 3004 2232 mystice,
3044 2158 3171 2228 quia
3208 2156 3513 2211 doctrinam
3553 2163 3607 2208 et
3637 2154 3772 2209 cha-

2181 2263 2407 2318 rismata
2441 2275 2563 2324 sua,
2601 2255 2862 2311 Dominus
2906 2254 3061 2324 juxta
3098 2249 3516 2321 percipientium
3557 2246 3776 2318 capaci-

2181 2361 2350 2408 tatem
2394 2349 2688 2407 distribuit.
2731 2346 2965 2402 lnﬁrmis
3009 2345 3185 2400 adhuc
3232 2341 3451 2414 quidem
3499 2339 3774 2396 mentibus

2181 2463 2247 2503 ac
2270 2444 2512 2518 parvulis
2540 2443 2758 2514 spiritu,
2793 2439 3123 2511 simpliciora
3158 2437 3364 2493 monita
3399 2435 3773 2502 committens,

2180 2546 2237 2594 et
2266 2537 2538 2610 apertiora
2562 2535 2791 2592 credens
2819 2540 3182 2598 sacramenta,
3213 2529 3535 2586 celsioribus
3563 2537 3772 2594 autem,

2181 2630 2482 2702 quibusque
2525 2638 2579 2682 et
2621 2624 3038 2697 perfectioribus
3083 2639 3269 2689 sensu,
3316 2623 3613 2679 secretiora
3660 2634 3773 2676 suae

2179 2721 2482 2792 majestatis
2513 2733 2714 2775 arcana
2748 2731 3022 2783 reserans,
3067 2715 3264 2772 altiora
3301 2714 3512 2770 devota:
3545 2727 3776 2769 conver-

2181 2815 2408 2873 sationis
2460 2813 2656 2869 itinera
2707 2827 3024 2884 suggerens,
3069 2819 3128 2867 et
3177 2810 3371 2866 altiora
3420 2807 3774 2880 praemiorum

2181 2906 2484 2965 ccelestium
2507 2905 2647 2960 dona
2676 2903 3020 2974 promittens.

2248 2999 2382 3054 Erat
2421 3006 2594 3053 autem
2631 2999 2928 3068 proximum
2955 2991 3187 3059 Pascha,
3217 2993 3328 3048 dies
3365 2992 3531 3064 festus
3553 2989 3778 3045 Iudteo-

2179 3110 2317 3148 rum.
2351 3092 2503 3159 Quod
2529 3106 2657 3146 vero
2679 3089 3078 3160 pr0pinquante
3106 3086 3336 3152 Pascha,
3370 3084 3633 3139 Dominus
3661 3094 3781 3138 tur-

2178 3186 2278 3241 bas
2306 3185 2479 3247 docet,
2514 3191 2671 3238 sanat
2696 3190 2750 3237 et
2776 3180 2970 3247 reficit,
3000 3194 3290 3250 possumus
3324 3177 3401 3232 ita
3428 3176 3658 3248 mystice
3695 3176 3779 3230 in-

2180 3277 2488 3349 terpretari.
2537 3275 2674 3342 Quia
2705 3273 2913 3329 Pascha
2961 3271 3223 3326 transitus
3267 3269 3487 3333 dicitur,
3527 3275 3582 3322 et
3609 3282 3779 3338 quos-

2178 3385 2391 3442 cunque
2417 3367 2675 3425 Dominus
2705 3367 2917 3421 interna
2943 3377 3228 3420 munerum
3253 3375 3474 3417 suorum
3501 3361 3776 3416 suavitate

2178 3470 2482 3534 recuperat,
2521 3461 2588 3516 ad
2627 3461 2896 3516 salubrem
2936 3457 3181 3530 profecto
3228 3455 3519 3512 transitum
3556 3470 3778 3526 praepa-

2177 3566 2290 3621 rat,
2331 3563 2392 3610 ut
2436 3554 2685 3610 carnales
2738 3551 2992 3608 videlicet
3041 3549 3509 3621 concupiscentias
3573 3548 3774 3605 mentis

2177 3647 2507 3704 sublimitate
2537 3644 2927 3701 transcendant
2963 3661 2975 3695 :
3013 3642 3230 3698 inﬁrma
3260 3643 3446 3698 mundi
3477 3642 3772 3706 desideria,

2176 3742 2381 3815 pariter
2405 3747 2461 3796 et
2489 3739 2718 3795 adversa
2751 3736 2959 3793 caelesti
2986 3750 3080 3806 spe
3115 3744 3171 3791 et
3199 3750 3386 3790 amore
3429 3734 3771 3792 conculcent.

2247 3835 2383 3891 Cum
2417 3833 2732 3890 sublevasset
2762 3847 2883 3904 ergo
2905 3829 3085 3885 oculos
3106 3829 3282 3896 Iesus,
3320 3840 3369 3885 et
3401 3830 3612 3886 uidisset
3647 3832 3775 3902 quia

2175 3929 2461 3986 multitudo
2491 3927 2726 3982 maxima
2757 3925 2897 3980 venit
2920 3923 2990 3977 ad
3015 3939 3154 3986 eum,
3185 3922 3312 3977 dicit
3346 3921 3417 3977 ad
3435 3921 3774 3993 Philippum:

2181 4022 2329 4080 Unde
2353 4037 2582 4077 cmemus
2603 4035 2784 4091 panes,
2819 4026 2876 4071 ut
2905 4015 3222 4070 manducent
3256 4012 3352 4067 hi?
3395 4011 3548 4080 Quod
3590 4010 3774 4070 Subie-

2177 4123 2361 4174 vasset
2398 4114 2585 4171 oculos
2615 4110 2797 4178 Iesus,
2835 4119 2892 4167 et
2927 4109 3237 4164 venientem
3279 4107 3346 4162 ad
3377 4123 3435 4163 se
3474 4105 3769 4161 multitudi-

2177 4225 2301 4266 nem
2350 4209 2550 4264 vidisse
2605 4205 2940 4278 perhibetur,
2994 4200 3192 4256 divina:
3235 4200 3455 4271 pietatis
3509 4199 3772 4255 indicium

2177 4309 2281 4366 est,
2311 4299 2439 4371 quia
2466 4296 2718 4352 videlicet
2745 4293 2955 4350 cunctis
2984 4291 3051 4347 ad
3079 4307 3138 4347 se
3161 4291 3349 4346 venire
3377 4289 3768 4360 quaerentibus,

2177 4393 2352 4466 gratia
2397 4387 2788 4447 misericordiae
2839 4385 3076 4441 ccelestis
3123 4398 3414 4440 occurrere
3466 4383 3769 4439 consuevit.

2178 4484 2246 4539 Et
2280 4499 2349 4539 ne
2382 4481 2674 4554 quaerendo
2711 4493 2898 4535 errare
2932 4478 3170 4549 possint,
3212 4475 3388 4533 lucem
3422 4475 3505 4531 sui
3547 4476 3772 4546 spiritus

486 4568 592 4636 dis,
627 4578 676 4624 et
710 4570 1023 4641 sequebatur
1052 4587 1170 4624 eum
1199 4571 1482 4628 multitudo
1515 4591 1731 4646 magna,
1762 4583 1817 4632 et
1841 4577 2068 4648 reliqua.
2097 4593 2151 4655 ι)
2178 4576 2389 4646 aperire
2431 4575 2775 4632 currentibus
2820 4590 2929 4630 non
2975 4574 3194 4630 desinit.
3248 4573 3386 4629 Nam
3435 4571 3579 4643 quod
3627 4569 3771 4627 oculi

487 4665 591 4739 (Ex
615 4665 805 4737 Beda.)
837 4666 1021 4722 Primo
1057 4668 1369 4732 dicendum,
1407 4667 1564 4738 juxta
1599 4670 1911 4736 historiam,
1943 4670 2070 4741 quia

445 4757 455 4814 ῖ,
486 4773 639 4814 mare
660 4757 918 4826 Galil-mae,
946 4761 1089 4832 quod
1122 4761 1329 4829 multis,
1363 4779 1462 4834 pro
1499 4763 1810 4820 diversitate
1837 4763 2072 4820 circum-

445 4847 778 4923 jacentium
827 4854 1148 4926 regionum,
1200 4856 1478 4912 vocabulis
1531 4857 1916 4927 distinguitur,
1968 4857 2073 4914 illis

487 4951 700 4999 tantum
740 4945 796 4999 in
831 4944 965 5001 locis
993 4963 1145 5002 mare
1171 4947 1478 5004 Tiberiadis
1517 4956 1762 5014 vocatur,
1797 4949 1887 5003 ubi
1915 4949 2074 5006 Tibe-

484 5035 695 5092 riadem
732 5035 1038 5105 civitatem,
1071 5040 1227 5110 aquis
1247 5081 1262 5107 ,
1292 5048 1353 5094 ut
1389 5040 1556 5103 aiunt,
1585 5039 1773 5096 calidis
1801 5040 2070 5097 salubrem

486 5126 878 5185 habitationem
933 5139 1333 5202 praemonstrat.
1400 5129 1676 5202 Siquidem
1732 5132 2076 5192 interﬂuente

484 5213 744 5285 Iordane,
771 5220 1139 5295 duodeviginti
1168 5237 1424 5294 passuum
1463 5221 1700 5278 millibus
1735 5224 1792 5279 in
1829 5224 2069 5298 longum,

487 5314 546 5364 et
588 5310 829 5380 quinque
878 5314 1187 5369 extenditur
1237 5313 1291 5367 in
1342 5312 1528 5368 latum.
1596 5313 1823 5385 Mystice
1869 5326 2068 5386 autem,

487 5414 642 5455 mare
682 5403 898 5458 turbida
959 5418 1024 5458 ac
1069 5404 1331 5459 tumentia
1378 5404 1560 5461 saeculi
1599 5405 1758 5477 hujus
1801 5407 2074 5463 volumina

489 5492 777 5563 signiﬁcat,
811 5496 866 5550 in
892 5496 1088 5566 quibus
1114 5497 1268 5566 pravi
1295 5496 1544 5570 quilibet,
1572 5499 1768 5571 injuste
1798 5501 2068 5567 delectati,

487 5584 644 5652 quasi
691 5585 944 5655 profundi
991 5584 1158 5641 dediti
1205 5588 1401 5658 pisces,
1455 5599 1692 5647 mentem
1733 5591 1801 5646 ad
1840 5606 2070 5662 superna

489 5676 682 5746 gaudia
731 5693 837 5733 non
883 5677 1191 5736 intendunt.
1244 5681 1398 5740 Unde
1445 5683 1586 5740 bene
1616 5683 1758 5740 idem
1786 5700 1938 5740 mare
1963 5683 2068 5739 Ga~

488 5767 672 5836 lilzeze,
720 5770 774 5826 id
818 5777 935 5835 est,
990 5780 1109 5828 tota
1156 5778 1582 5847 cognominatur.
1638 5776 1774 5844 Quia
1811 5777 2068 5834 nimirum

489 5877 644 5920 amor
686 5861 918 5922 labentis
963 5868 1178 5940 seaculi,
1223 5872 1380 5943 quasi
1425 5872 1483 5929 in
1527 5871 1851 5945 vertiginem
1902 5872 2069 5932 corda

2179 4667 2306 4724 Iesu
2334 4668 2474 4724 dona
2515 4668 2741 4740 spiritus
2778 4670 2896 4742 ejus
2934 4667 3164 4740 mystice
3202 4666 3503 4737 designent,
3537 4672 3772 4720 testatur

2181 4763 2234 4817 in
2260 4760 2584 4833 Apocalypsi
2612 4758 2868 4828 Ioannes,
2900 4761 2993 4832 qui
3026 4759 3253 4832 ﬁgurate
3281 4757 3509 4829 loquens
3540 4756 3606 4813 de
3641 4755 3764 4811 illo:

2179 4856 2250 4912 Et
2269 4857 2394 4924 uidi,
2422 4857 2618 4927 inquit,
2636 4875 2828 4928 agnum
2856 4867 3080 4912 stantem
3109 4865 3358 4926 tanquam
3389 4852 3640 4918 occisum,
3665 4852 3765 4906 ha-

2180 4951 2380 5006 bentem
2408 4967 2606 5006 cornua
2641 4961 2855 5024 septem,
2881 4959 2928 5006 et
2957 4949 3136 5006 oculos
3170 4958 3386 5020 septem,
3412 4946 3505 5018 qui
3531 4954 3653 5001 sunt
3681 4962 3765 5000 se-

2178 5053 2317 5114 ptem
2346 5043 2562 5114 spiritus
2586 5043 2705 5110 Dei,
2738 5045 2884 5098 missi
2923 5043 2975 5097 in
3012 5058 3215 5096 omnem
3247 5049 3441 5094 terram
3479 5038 3662 5110 (Apoc.
3685 5036 3763 5110 v).

2248 5140 2364 5196 Hoc
2391 5149 2568 5195 autem
2591 5137 2795 5193 dicebat
2841 5146 3046 5192 tentans
3081 5152 3220 5200 eum,
3267 5135 3376 5204 ipse
3408 5132 3544 5187 enim
3571 5130 3766 5186 sciebat

2173 5231 2302 5305 quid
2333 5240 2465 5288 esset
2499 5231 2759 5301 facturus.
2803 5227 3091 5299 Respondit
3145 5227 3192 5282 ei
3217 5223 3494 5298 Philippus
3516 5241 3536 5279 :
3557 5221 3767 5278 Ducen-

2175 5335 2351 5379 torum
2385 5323 2724 5378 denariorum
2755 5337 2916 5392 panes
2954 5337 3058 5374 non
3095 5320 3356 5392 sufﬁciunt
3388 5319 3483 5384 eis,
3515 5327 3574 5372 ut
3603 5332 3767 5371 unus-

2175 5416 2393 5487 quisque
2421 5414 2683 5469 modicum
2707 5412 2834 5486 quid
2857 5413 3098 5485 accipiat.
3144 5411 3298 5480 Quod
3326 5420 3507 5468 autem
3545 5416 3764 5466 tentans

2170 5503 2476 5573 Philippum
2525 5502 2786 5558 Dominus
2836 5502 2973 5558 dixit
3016 5519 3029 5558 :
3076 5501 3249 5570 Unde,
3296 5501 3499 5572 inquit,
3535 5515 3762 5555 cmemus

2169 5611 2330 5667 panes
2358 5605 2414 5649 ut
2439 5594 2752 5650 manducent
2775 5595 2868 5650 hi?
2896 5594 3127 5651 Provida
3148 5595 3336 5664 utique
3361 5592 3764 5664 dispensatione

2171 5689 2323 5745 facit.
2366 5688 2484 5745 Non
2523 5698 2583 5746 ut
2619 5690 2732 5760 ipse
2770 5704 2890 5761 qua:
2921 5706 3029 5746 non
3070 5696 3314 5756 noverat,
3353 5689 3553 5754 discat,
3579 5685 3674 5744 sed
3703 5692 3763 5740 ut

2171 5781 2450 5857 Philippus
2505 5785 2814 5840 tarditatem
2873 5800 2984 5840 sua:
3042 5782 3208 5850 ﬁdei,
3278 5797 3441 5853 quam
3496 5779 3760 5852 magistro

2171 5875 2400 5945 sciente,
2432 5875 2551 5948 ipse
2586 5875 2884 5944 nesciebat,
2918 5883 3160 5933 tentatus
3199 5880 3459 5948 agnoscat
3504 5881 3562 5930 et
3588 5871 3756 5950 mira:-
