4110 6452
297 391 402 450 153

1107 375 1623 436 COLLECTIONES
1660 377 1728 434 IN
1765 375 2149 434 EPISTOLAS
2188 375 2279 433 ET
2318 373 2736 433 EVANGEIJA.

3464 379 3563 437 154

297 520 420 564 cuto
451 501 595 558 facto
633 497 874 569 castiget.
911 492 1096 566 Neque
1131 496 1276 551 enim
1311 494 1555 550 dubitare
1587 492 1867 561 debuerat,
1895 492 1949 554 Α
1971 501 2628 563 operante,etsermonem
2641 492 3558 568 conﬁnnantesequentibussignis.

297 603 565 671 praesente
591 605 775 648 rerum
797 596 1060 653 creatore,
1087 587 1180 658 qui
1204 587 1386 642 educit
1405 600 1597 656 panem
1619 585 1683 640 de
1710 595 1874 650 terra,

297 699 354 747 et
381 688 510 744 vino
537 684 774 741 hetiﬁeat
803 696 899 736 cor
928 680 1182 744 hominis,
1209 694 1506 750 paucorum
1533 677 1878 732 denariorum

298 793 470 853 panes
510 774 754 834 sulﬁcere
797 772 1077 828 turbarum
1116 771 1384 838 millibus,
1427 785 1532 825 non
1573 771 1780 840 paucis,
1819 776 1881 824 ut

300 866 671 938 unusquisque
709 859 1034 919 suﬁicienter
1066 861 1365 932 acciperet,
1402 860 1568 915 etiam
1605 866 1881 916 saturatus

301 960 498 1016 abiret.

373 1052 517 1108 Dicit
542 1051 591 1106 ei
620 1066 757 1105 unus
787 1065 852 1105 ea:
876 1046 1148 1120 discipulis
1180 1047 1294 1127 ejus
1314 1046 1574 1115 Andreas,
1608 1047 1774 1118 frater
1797 1047 1885 1102 Si-

300 1146 473 1201 monis
508 1143 655 1198 Petri
691 1158 710 1198 :
747 1142 846 1198 Est
884 1157 1015 1214 puer
1046 1157 1183 1196 unus
1221 1140 1305 1194 hic
1344 1140 1434 1211 qui
1469 1140 1622 1195 habet
1659 1139 1886 1210 quinque

301 1255 463 1310 panes
495 1237 810 1292 bordeaceos
847 1245 896 1292 et
918 1234 1049 1290 duos
1086 1236 1272 1308 pisces.
1312 1231 1415 1288 Sed
1452 1234 1564 1288 haec
1603 1233 1728 1304 quid
1765 1239 1886 1286 sunt

300 1335 442 1388 inter
471 1330 684 1387 tantos?
715 1329 962 1400 Quinque
997 1337 1175 1384 autem
1213 1342 1400 1398 panes,
1431 1327 1628 1397 quibus
1647 1325 1888 1380 multitu-

302 1425 484 1480 dinem
523 1421 704 1493 populi
749 1421 1044 1486 saturavit,
1080 1419 1318 1490 quinque
1355 1425 1480 1473 sunt
1525 1417 1650 1471 libri
1694 1415 1882 1487 Moysi.

304 1514 512 1583 Quibus
539 1513 770 1585 spiritali
796 1513 1072 1569 intellectu
1100 1511 1386 1585 patefactis
1416 1519 1471 1567 et
1500 1509 1890 1566 abundantiore

302 1605 413 1676 iam
439 1620 600 1660 sensu
626 1604 1014 1675 multiplicatis,
1047 1604 1354 1659 auditorum
1386 1601 1622 1658 ﬁdelium
1648 1600 1890 1671 quotidie

305 1697 468 1751 corda
505 1694 701 1761 reﬁcit,
731 1695 822 1765 qui
850 1695 988 1750 bene
1019 1694 1304 1750 hordeacei
1349 1691 1515 1748 fuisse
1557 1692 1887 1759 referuntur,

305 1797 528 1860 propter
565 1788 822 1844 nimirum
868 1788 1171 1843 austeriora
1241 1786 1376 1858 legis
1415 1785 1591 1842 edicta
1639 1794 1695 1840 et
1738 1794 1890 1856 tegu-

2049 586 2197 642 Dixit
2233 604 2354 658 ergo
2386 587 2561 651 Jesus,
2599 587 2757 658 facite
2789 588 3022 643 homines
3059 588 3406 655 discumbere,
3447 599 3562 646 erat

1979 673 2152 733 autem
2184 679 2383 748 fenum,
2411 687 2517 734 etc.
2553 678 2758 734 Fenum
2795 679 2849 734 in
2884 695 2991 750 quo
3023 680 3368 737 discumbens
3395 683 3557 737 turba

1979 768 2237 831 reﬁcitur,
2268 770 2702 838 concupiscentia
2741 769 2976 824 carnalis
3014 770 3356 842 intelligitur,
3394 788 3559 840 quam

1980 861 2192 915 calcare
2239 875 2303 914 ac
2347 875 2595 928 premere
2649 860 2807 915 debet
2856 862 3032 917 omnis
3085 863 3176 932 qui
3230 863 3562 932 spiritalibus

1982 951 2251 1008 alimentis
2265 951 2452 1007 satiari
2468 950 2752 1005 desiderat.
2781 949 2963 1005 Omnis
2985 955 3122 1006 enim
3141 971 3264 1008 caro
3293 953 3493 1023 fenum,
3512 962 3561 1008 et

1984 1043 2150 1096 omnis
2163 1043 2329 1112 gloria
2353 1042 2726 1112 ejustanquam
2739 1041 2836 1110 [los
2849 1040 2954 1110 feni
2969 1040 3020 1112 (Ι
3023 1058 3101 1094 sa.
3120 1041 3228 1113 IL).
3252 1042 3566 1098 Discumbat

1985 1153 2115 1208 ergo
2154 1151 2316 1207 super
2362 1134 2572 1200 fenum,
2614 1133 2800 1187 ﬂorem
2852 1132 2962 1188 feni
3006 1141 3272 1199 conterat,
3315 1135 3418 1190 hoc
3459 1144 3561 1200 est,

1986 1229 2219 1300 castiget
2258 1242 2456 1298 corpus
2502 1241 2680 1290 suum,
2723 1233 2778 1279 et
2815 1224 3064 1280 servituti
3112 1225 3385 1296 subjiciat,
3414 1227 3567 1282 volu-

1986 1329 2162 1392 ptates
2191 1320 2374 1374 carnis
2394 1318 2627 1382 edomet,
2656 1316 2881 1371 luxuria:
2910 1314 3051 1370 ﬁuxa
3076 1314 3389 1386 restringat,
3414 1316 3566 1386 quis-

1988 1415 2110 1486 quis
2147 1415 2302 1484 panis
2335 1413 2443 1468 vivi
2473 1412 2620 1481 cupit
2649 1411 2914 1466 suavitate
2942 1409 3114 1465 reﬁci.

2060 1508 2446 1564 Discubuerunt
2485 1522 2606 1576 ergo
2641 1505 2738 1560 viri
2761 1521 2976 1560 numero
3008 1504 3160 1576 quasi
3190 1502 3418 1575 quinque
3449 1500 3570 1556 mil-

1989 1600 2083 1655 lia.
2129 1599 2376 1668 Quinque
2419 1597 2587 1653 millia
2636 1597 2899 1663 virorum,
2943 1596 3037 1667 qui
3087 1595 3568 1660 manducaverunt,

1988 1690 2373 1764 perfectionem
2398 1689 2525 1743 vitae
2549 1703 2762 1754 eorum,
2789 1687 2883 1758 qui
2913 1688 3080 1743 verbo
3110 1687 3447 1751 reﬁciuntur,
3488 1685 3572 1740 in-

1993 1783 2230 1847 sinuant,
2263 1782 2457 1851 quibus
2482 1780 2770 1850 Apostolus
2807 1780 2883 1834 ait
2907 1796 2920 1832 :
2951 1777 3188 1834 Viriliter
3210 1781 3346 1850 agite
3375 1786 3573 1833 et-con—

304 1859 491 1935 menta
535 1878 731 1934 litterae
777 1877 1069 1951 grossiora,
1102 1891 1220 1947 quae
1269 1875 1582 1931 interiorem
1628 1873 1886 1946 spiritalis
1913 1859 1960 1920 Β
1988 1873 2260 1946 {ortamini
2315 1871 2369 1944 (Ι
2408 1871 2530 1926 Cor.
2557 1871 2691 1944 xvr).
2721 1870 3050 1926 Millenarius
3081 1880 3263 1924 autem
3291 1883 3569 1935 numerus,
3641 1889 3650 1892 ·

306 1985 500 2026 sensus
533 1970 687 2041 quasi
725 1969 992 2026 medulam
1032 1969 1298 2024 celabant.
1343 1968 1459 2024 Duo
1495 1975 1675 2022 autem
1709 1967 1888 2037 pisces

307 2080 447 2136 quos
486 2065 706 2130 addidit,
754 2065 1157 2135 psalmistarum
1208 2079 1317 2120 non
1364 2062 1808 2119 inconvenienter
1835 2068 1890 2116 et

305 2159 694 2229 prophetarum
720 2160 920 2230 scripta
942 2157 1228 2229 signiﬁcat,
1257 2173 1487 2228 quorum
1510 2157 1600 2212 nni
1624 2155 1889 2222 canendo,

307 2250 466 2306 alteri
513 2252 888 2321 colloquendo,
936 2251 1049 2307 suis
1097 2249 1432 2306 auditoribus
1478 2248 1662 2303 futura
1689 2246 1892 2304 Christi

308 2352 366 2398 et
411 2342 669 2398 Ecclesia:
717 2350 1057 2398 sacramenta
1119 2342 1434 2396 narrabant.
1502 2339 1572 2394 Et
1616 2340 1752 2394 bene
1796 2353 1894 2408 per

309 2433 574 2504 aquatilia
613 2434 908 2487 animantia
950 2432 1247 2502 ﬁgurantur
1283 2431 1424 2486 illius
1459 2431 1560 2485 :evi
1594 2443 1892 2499 przecones,

310 2523 372 2578 in
409 2538 517 2593 quo
551 2522 780 2593 populus
804 2522 1039 2578 ﬁdelium
1079 2523 1196 2578 sine
1233 2523 1389 2591 aquis
1423 2520 1677 2591 baptismi
1715 2519 1897 2575 vivere

310 2619 622 2676 nullatenus
659 2627 858 2690 posset.
901 2618 1039 2674 Sunt
1074 2619 1164 2690 qni
1201 2626 1393 2690 putant
1431 2617 1565 2671 duos
1596 2615 1772 2686 pisces
1803 2613 1896 2684 qui

313 2727 564 2782 saporem
606 2727 826 2769 suavem
868 2712 996 2782 pani
1042 2711 1262 2776 dabant,
1307 2711 1442 2766 duas
1485 2709 1603 2764 illas
1635 2723 1896 2779 personas

315 2803 645 2875 signiﬁcare,
685 2804 882 2874 quibus
925 2803 1153 2874 populus
1200 2803 1286 2858 ille
1337 2806 1645 2872 regebatur,
1695 2809 1756 2855 ut
1799 2815 1897 2872 per

316 2909 412 2949 eas
441 2893 785 2950 consiliorum
815 2895 1158 2950 moderamen
1189 2895 1479 2965 acciperet,
1510 2893 1715 2965 regiam
1755 2893 1899 2950 scili-

317 2995 404 3041 cet
433 2994 489 3039 et
519 2985 929 3041 sacerdotalem.
961 2984 1043 3041 Ad
1071 3002 1207 3056 quas
1236 2986 1402 3042 etiam
1429 2994 1776 3042 sacrosancta
1808 2985 1898 3039 illa

317 3080 502 3134 unctio
538 3079 862 3149 pertinebat,
899 3095 1130 3150 quarum
1156 3078 1390 3134 oﬁicium
1420 3086 1539 3134 erat
1567 3078 1819 3149 procellis
1845 3087 1900 3134 et

316 3170 568 3227 ﬂuctibus
609 3172 977 3244 popularibus,
1022 3189 1300 3244 nunquam
1343 3173 1516 3244 frangi
1567 3182 1730 3245 atque
1778 3188 1901 3228 cor-

1989 1963 2131 2019 ultra
2180 1980 2343 2035 quem
2415 1963 2560 2018 nulla
2614 1973 2801 2018 nostra
2849 1961 3180 2033 computatio
3242 1958 3574 2026 succrescit,

1989 2055 2376 2128 plenitudinem
2431 2069 2651 2122 rerum,
2701 2054 2766 2110 de
2812 2051 3012 2124 quibus
3060 2052 3270 2123 agitur,
3339 2049 3579 2104 indicare

1991 2150 2290 2206 consuevit.
2331 2149 2590 2216 Quinario
2613 2163 2760 2212 vero,
2793 2148 3033 2219 quinque
3070 2147 3341 2202 notissimi
3383 2159 3578 2215 corpo-

1993 2245 2068 2299 ris
2105 2245 2274 2299 nostri
2314 2258 2506 2299 sensus
2541 2245 2938 2314 exprimuntur,
2979 2240 3128 2297 visus
3166 2238 3440 2304 videlicet,
3479 2253 3579 2293 au-

1995 2337 2158 2410 ditus,
2201 2343 2421 2404 gustus,
2455 2334 2686 2390 olfactus
2724 2341 2781 2389 et
2813 2341 2988 2388 actus.
3029 2331 3089 2386 1n
3126 2331 3322 2402 quibus
3358 2327 3583 2399 singulis

1995 2426 2304 2496 quicunque
2357 2423 2585 2478 viriliter
2637 2438 2798 2494 agere
2848 2430 2904 2477 et
2959 2420 3254 2475 confortari
3307 2426 3580 2486 satagunt,

1998 2515 2177 2572 sobrie
2205 2522 2258 2568 et
2284 2514 2430 2585 iuste
2459 2523 2513 2568 et
2543 2515 2628 2585 pie
2661 2513 2889 2568 vivendo
2930 2519 2985 2567 et
3023 2510 3263 2569 cmlestis
3307 2509 3586 2580 sapientiai

1999 2607 2282 2664 dulcedine
2325 2605 2603 2671 recreari,
2650 2604 2708 2660 hi
2754 2604 3010 2658 nimirum
3054 2601 3293 2673 quinque
3341 2599 3584 2656 millibus

1997 2697 2259 2761 virorum,
2311 2711 2447 2767 quos
2486 2695 2743 2753 Dominus
2793 2694 3040 2766 mysticis
3079 2692 3308 2765 dapibus
3346 2689 3582 2758 satiavit,

1998 2789 2323 2860 ﬁgurantur.

2072 2881 2180 2949 (Ea:
2204 2880 2471 2954 Origene.)
2501 2880 2605 2949 Qui
2639 2879 2779 2936 bene
2813 2878 3111 2934 secundum
3140 2875 3384 2931 Marcum
3417 2889 3578 2945 qum-

2001 2977 2231 3049 quageni
2275 2985 2332 3031 et
2377 2975 2589 3032 centeni
2630 2973 3036 3030 discubuerant.
3087 2968 3576 3040 Quinquagesimus

2003 3072 2146 3126 enim
2182 3069 2516 3140 paenitentiae
2548 3067 2786 3138 psalmus
2818 3073 2923 3131 est,
2967 3061 3238 3133 signiﬁcat
3279 3075 3372 3115 eos
3398 3059 3491 3129 qui
3520 3055 3590 3112 ad

2005 3163 2310 3220 convivium
2341 3161 2456 3223 Dei,
2511 3160 2687 3215 adhuc
2723 3159 2777 3213 in
2807 3155 3125 3228 poenitentia
3174 3151 3588 3208 commissorum

319 3263 518 3332 rumpi,
551 3271 608 3318 et
637 3242 900 3320 violentes
944 3242 1225 3320 turbarum
1269 3242 1742 3332 contradictiones,
1783 3277 1902 3322 tan.
1929 3246 1974 3310 C
2005 3258 2187 3330 positi,
2223 3257 2500 3311 venientes
2524 3254 2676 3309 verbi
2705 3252 2949 3307 auditum
2983 3247 3307 3318 percipiunt.
3361 3242 3588 3332 Centeni

317 3371 481 3428 quam
531 3359 878 3414 adversantes
930 3358 1103 3414 undas
1135 3373 1275 3430 saepe
1323 3359 1683 3429 disrumpere,
1734 3360 1902 3414 inter-

319 3446 450 3503 dum
491 3449 542 3505 ei
588 3450 854 3506 cusrodita
901 3466 997 3506 sua
1041 3451 1352 3522 integritate
1394 3451 1606 3506 cedere.
1674 3451 1904 3508 Prorsus

322 3555 474 3595 more
503 3541 752 3610 piscium,
781 3548 1038 3611 tanquam
1075 3541 1129 3596 in
1155 3541 1457 3612 procellosa
1505 3542 1696 3609 maris,
1735 3541 1813 3597 sic
1849 3542 1903 3596 in

324 3630 630 3688 turbulenta
676 3633 857 3706 populi
907 3633 1376 3689 administratione
1413 3635 1642 3700 versari,
1679 3650 1798 3706 quae
1825 3644 1907 3690 ta—

323 3740 450 3781 men
476 3725 595 3782 dure
624 3741 868 3797 personae
895 3727 1332 3798 praeﬁgurabant,
1369 3727 1557 3783 ambas
1587 3728 1732 3784 enim
1759 3728 1908 3786 solus

326 3819 418 3876 ille
446 3819 722 3887 sustinuit,
749 3829 804 3876 et
825 3836 934 3878 non
964 3821 1212 3894 ﬁgurate,
1243 3821 1340 3879 sed
1365 3824 1586 3895 proprie
1627 3823 1774 3880 solus
1801 3823 1906 3879 im-

324 3913 513 3985 plevit.

398 4004 496 4061 Est
530 4023 661 4078 puer
690 4023 829 4062 unus
859 4007 965 4074 hic,
996 4017 1052 4064 et
1085 4008 1313 4080 reliqua.
1351 4007 1515 4076 Puer,
1542 4009 1635 4080 qui
1672 4010 1911 4080 quinque

327 4113 499 4168 panes
534 4106 590 4153 et
625 4097 758 4154 duos
796 4100 976 4168 pisces
1016 4100 1227 4166 habuit,
1269 4117 1369 4157 nec
1412 4110 1592 4157 tamen
1647 4102 1748 4158 hos
1791 4117 1913 4159 esu-

329 4189 599 4244 rientibus
634 4189 804 4245 turbis
838 4190 1142 4256 distribuit,
1179 4193 1272 4248 sed
1313 4193 1542 4248 Domino
1580 4193 1912 4249 distribuen-

330 4283 430 4340 dos
469 4282 682 4350 obtulit,
736 4283 967 4356 populus
1012 4293 1096 4341 est
1123 4284 1432 4343 Judazorum
1478 4287 1700 4344 litterali
1751 4302 1914 4343 sensu

331 4377 579 4448 puerilis,
619 4377 735 4434 sive
772 4379 863 4450 qui
895 4377 1297 4450 Scripturarum
1326 4381 1471 4436 dicta
1512 4379 1694 4437 clausa
1730 4394 1916 4436 secum

336 4467 528 4534 tenuit,
562 4484 681 4539 quae
707 4479 887 4526 tamen
913 4471 1171 4527 Dominus
1199 4473 1254 4527 in
1281 4488 1446 4529 carne
1471 4488 1738 4544 apparens
1763 4486 1917 4527 acce-

335 4558 445 4629 pit,
483 4566 538 4614 et
573 4560 704 4630 quid
731 4561 876 4617 intus
904 4561 1171 4617 baberent
1215 4562 1466 4618 utilitatis
1517 4579 1582 4618 ac
1621 4561 1918 4618 dulcedinis

337 4650 594 4712 ostendit.
622 4668 786 4723 quam
809 4652 1090 4723 multiplici
1120 4653 1344 4724 spiritus
1371 4655 1562 4726 gratia,
1597 4670 1717 4724 qua:
1746 4669 1917 4724 pauca

339 4758 404 4797 ac
450 4743 702 4816 despecta
744 4745 1069 4801 videbantur
1106 4746 1496 4814 exuberarent,
1544 4744 1815 4816 patefecit,
1867 4752 1923 4800 et

340 4835 459 4891 lnec
485 4851 582 4906 per
605 4839 880 4908 apostolos
908 4853 1036 4895 suos
1068 4839 1550 4910 apostolorumqne
1577 4852 1923 4893 successores

340 4932 553 4989 cunctis
583 4933 893 4990 nationibus
920 4933 1273 4990 ministranda
1314 4933 1576 5004 porrexit.
1607 4931 1761 4988 Unde.
1788 4932 1924 4987 bene

343 5033 437 5090 alii
476 5030 718 5088 referunt
752 5027 1117 5099 evangelista},
1149 5027 1275 5097 quia
1313 5041 1482 5096 panes
1521 5033 1575 5081 et
1609 5026 1786 5097 pisces
1821 5025 1926 5081 Do—

343 5125 527 5179 minus
569 5121 876 5191 discipulis,
943 5118 1190 5188 discipuli
1243 5127 1425 5173 autem
1479 5117 1926 5172 ministraverunt

346 5215 541 5272 turbis.
570 5213 705 5270 Cum
733 5213 880 5271 enim
916 5212 1236 5285 mysterium
1265 5213 1516 5267 humanm
1555 5209 1747 5266 salutis
1773 5209 1926 5264 initio

347 5306 604 5378 coepisset
640 5305 885 5362 enarrari
932 5320 1031 5375 per
1057 5303 1368 5370 Dominum,
1400 5302 1469 5359 ab
1498 5303 1580 5358 eis
1617 5301 1710 5373 qui
1745 5301 1928 5357 audie-

348 5407 499 5465 runt,
524 5398 578 5454 in
599 5413 698 5454 nos
725 5397 1103 5454 conlirmatum
1131 5407 1234 5453 est.
1262 5397 1511 5467 Quinque
1542 5395 1809 5466 siquidem
1837 5408 1932 5464 pa-

351 5507 449 5548 nes
496 5498 551 5546 et
593 5491 730 5548 duos
770 5489 950 5563 pisces
1004 5487 1165 5560 fregit
1209 5496 1265 5544 et
1311 5487 1586 5544 distribuit
1632 5485 1926 5555 discipulis,

353 5585 571 5656 quando
601 5585 815 5657 aperuit
851 5581 958 5638 illis
985 5596 1226 5647 sensum,
1254 5587 1316 5635 ut
1350 5579 1710 5648 intelligerent
1749 5575 1932 5632 omnia

2005 3358 2184 3404 autem
2243 3347 2299 3401 hi
2336 3352 2482 3410 sunt,
2522 3345 2614 3414 qui
2646 3343 2760 3413 jam
2795 3346 3122 3412 praasumpta
3157 3335 3330 3390 veniae
3374 3349 3489 3402 spe,
3523 3331 3592 3387 de

2005 3441 2120 3498 solo
2153 3440 2280 3496 vitm
2310 3447 2526 3495 aeternae
2556 3435 2824 3491 desiderio
2863 3432 3160 3503 suspirant.
3192 3427 3387 3491 Aliter,
3425 3425 3588 3495 quin-

2007 3533 2238 3606 quageni
2265 3531 2386 3587 illos
2400 3529 2724 3601 signiﬁcant,
2747 3527 2894 3596 quia
2923 3523 3064 3580 malo
3092 3524 3379 3593 quiescunt
3404 3529 3588 3588 opere.

2007 3623 2250 3690 Centeni,
2277 3622 2368 3693 qui
2397 3621 2562 3677 etiam
2593 3637 2625 3676 a
2650 3618 2792 3674 mala
2820 3617 3107 3688 quiescunt
3135 3611 3486 3685 cogitatione.

2079 3719 2288 3789 Accepit
2323 3732 2445 3787 ergo
2489 3731 2650 3786 panes
2693 3711 2873 3777 Iesus,
2915 3719 2963 3765 et
3009 3725 3127 3763 cum
3165 3705 3366 3778 gratias
3411 3703 3596 3774 egisset

2009 3812 2275 3870 distribuit
2339 3807 2817 3873 discumbentibus,
2870 3803 3111 3860 similiter
3172 3811 3222 3856 et
3270 3816 3335 3854 ea:
3374 3796 3598 3869 piscibus

2012 3914 2263 3979 quantum
2299 3901 2556 3958 volebant.
2607 3899 2724 3956 Non
2769 3898 2912 3953 enim
2959 3894 3210 3951 Salvator
3255 3907 3394 3948 nova
3448 3894 3599 3944 creat

2013 3977 2237 4062 cibaria,
2279 3995 2371 4052 sed
2420 3992 2656 4064 acceptis
2701 3990 2789 4046 his
2831 4005 2952 4060 qua:
2995 3986 3306 4041 habuerunt
3351 3977 3598 4048 discipuli

2012 4090 2304 4155 benedicit,
2335 4088 2426 4158 qui
2458 4087 2681 4142 veniens
2709 4085 2764 4139 in
2794 4098 2976 4146 carne,
3009 4096 3116 4135 non
3152 4079 3257 4133 alia
3285 4089 3446 4144 quam
3478 4086 3599 4141 quae

2015 4186 2159 4241 dicta
2205 4192 2330 4239 sunt
2359 4179 2710 4252 praedicabat.
2769 4176 2878 4231 Sed
2926 4173 3064 4244 legis
3112 4179 3167 4224 et
3213 4167 3600 4239 prophetatum

2017 4275 2240 4344 scripta,
2266 4288 2428 4342 quam
2465 4270 2575 4326 sint
2601 4266 2876 4338 mysteriis
2912 4262 3100 4335 gratiae
3127 4256 3350 4331 gravida
3381 4253 3603 4344 demon-

2019 4343 2173 4424 strat.
2215 4363 2429 4421 Gratias
2467 4362 2600 4433 egit,
2644 4366 2706 4415 ut
2745 4366 2801 4414 et
2842 4371 2941 4412 nos
2979 4355 3044 4410 de
3080 4348 3348 4424 perceptis
3389 4343 3604 4402 caelitus

2019 4456 2358 4523 muneribus,
2393 4453 2600 4527 gratias
2640 4465 2855 4520 semper
2884 4461 3044 4520 agere
3068 4443 3290 4500 doceret
3319 4446 3374 4495 ut
3405 4445 3462 4492 et
3490 4437 3606 4507 ipse

2021 4557 2279 4622 quantum
2304 4548 2370 4603 de
2399 4545 2604 4601 nostris
2623 4541 2957 4622 profectibus
2983 4537 3284 4612 gratuletur
3308 4533 3604 4588 intimaret.

2019 4618 2203 4718 Iiregit
2239 4654 2293 4700 et
2327 4659 2427 4714 per
2465 4618 2761 4713 apostolos,
2797 4633 3073 4692 distribuit
3117 4625 3602 4718 discnmbentibus,

2022 4717 2150 4808 quia
2191 4739 2530 4790 sacramenta
2585 4727 2882 4802 prophetia:
2927 4738 3023 4794 per
3063 4729 3283 4776 sanctos
3325 4717 3600 4802 doctores,

2024 4830 2117 4902 qui
2148 4829 2263 4882 habe
2291 4833 2402 4880 toto
2433 4824 2565 4878 orbe
2593 4818 2969 4892 praedicarent,
3007 4809 3302 4868 distribuit.

2097 4921 2165 4977 Ut
2193 4929 2369 4975 autem
2389 4915 2584 4988 impleti
2608 4920 2751 4978 sunt,
2775 4911 2908 4964 dixit
2935 4903 3205 4978 discipulis
3230 4901 3363 4968 suis,
3380 4898 3606 4988 colligite

2029 5015 2346 5087 fragmenta,
2365 4987 2482 5076 quae
2509 5009 2881 5077 superaverunt
2905 5015 2967 5054 ne
2993 5003 3230 5069 pereant.
3253 4990 3407 5060 Quod
3433 4987 3606 5044 turbis

2023 5112 2272 5180 superest
2293 5120 2324 5158 a
2348 5099 2623 5172 discipulis
2643 5095 2965 5158 sustollitur,
2982 5092 3110 5163 quia
3136 5087 3432 5144 sacratiora
3455 5090 3509 5136 et
3524 5096 3612 5134 ar-

2025 5218 2161 5260 cana
2192 5200 2496 5256 divinorum
2544 5194 2882 5265 eloquiomm
2927 5186 3188 5261 mysteria
3213 5225 3230 5252 ,
3260 5197 3380 5253 quze
3409 5194 3439 5232 a
3467 5175 3612 5230 rudi-

2027 5294 2129 5349 bus
2156 5291 2277 5361 capi
2309 5296 2583 5358 nequeunt
2604 5328 2617 5351 ,
2645 5300 2751 5340 non
2789 5281 3124 5354 negligenter
3148 5269 3444 5333 omittenda
3475 5308 3489 5332 ,
3519 5265 3612 5322 sed

2031 5393 2157 5442 sunt
2182 5381 2503 5454 inquirenda
2533 5377 2817 5450 perfectis.

2104 5474 2433 5546 Collegerunt
2490 5487 2610 5542 ergo
2636 5511 2652 5536 ,
2705 5478 2753 5524 et
2809 5465 3150 5538 impleverunt
3197 5454 3477 5512 duodecim
3528 5467 3616 5507 co-

2033 5569 2218 5642 phinos
2249 5565 2662 5636 fragmentorum
2687 5601 2703 5628 ,
2753 5575 2816 5613 ea:
2843 5558 3069 5629 quinque
3097 5549 3318 5622 panibus
3372 5562 3488 5642 quin
3515 5560 3612 5642 su-

354 5636 477 5750 qua
520 5636 720 5748 scripta
765 5684 947 5733 essent
993 5674 1050 5730 in
1095 5636 1226 5744 lege,
1259 5671 1428 5744 Moysi
1471 5636 1553 5725 etv
1568 5668 1848 5742 prophetis
1880 5674 1938 5724 et
2033 5636 2360 5735 perfuerant.
2390 5655 2527 5725 Quia
2557 5649 2888 5750 duodenario
2912 5659 3149 5750 numero.
3176 5640 3314 5748 solet
3349 5636 3622 5750 perfectio

353 5766 581 5840 psalmis
640 5767 708 5824 de
770 5767 905 5839 ipso.
978 5762 1238 5835 Discipuli
1310 5766 1673 5832 apposuerunt
1738 5755 1936 5825 turbis,

358 5860 579 5934 quando
600 5859 830 5938 profecti
855 5857 1290 5934 praedicaverunt
1311 5853 1533 5928 ubique,
1563 5852 1795 5913 Domino
1846 5866 1938 5911 co-

2041 5728 2335 5828 designari.
2385 5749 2553 5806 Recte
2588 5762 2687 5816 per
2717 5740 3000 5801 duodecim
3034 5736 3295 5808 cophinos
3331 5728 3616 5828 duodecim

2042 5818 2269 5922 apostoli
2303 5887 2318 5913 ,
2345 5851 2400 5903 et
2423 5856 2522 5912 per
2553 5833 2824 5909 apostolos
2848 5873 2864 5903 ,
2884 5831 3072 5906 omnis
3099 5828 3381 5886 doctorum
3406 5818 3614 5892 spirita-
