4110 6480
528 369 636 429 1⁸58

1814 365 2176 427 βΠΔῙὶΔϐΒΙ
2212 365 2506 425 ΔΒΒΑΤΙΒ

3100 254 3130 276 ο

526 488 660 546 lium
681 486 883 547 chorus
901 484 1245 556 exprimitur,
1268 482 1401 540 foris
1422 481 1642 554 quidem
1667 482 1980 541 hominibus
2001 481 2110 547 dis-
2135 484 2191 547 Α
2212 481 2340 553 quid
2359 479 2433 536 ibi
2456 487 2707 551 gerentes
2727 480 3019 551 invenerit,
3045 473 3177 556 quid
3226 450 3429 543 ibidem
3473 488 3590 561 ipse
3613 505 3808 563 gens.

528 588 742 650 pectus,
799 576 895 636 sed
945 577 1091 633 intus
1143 575 1369 633 salutari
1413 575 1536 632 cibo
1589 574 1851 645 repletus.
1886 573 2113 631 Constat

526 672 674 730 enim
706 670 954 743 cophinis
996 683 1162 739 opera
1214 668 1436 724 servilia
1466 668 1583 739 geri
1617 666 1811 724 solere.
1860 665 1969 722 Sed
1992 666 2113 737 ipse

526 765 792 835 cophinos
835 776 1037 834 panum
1087 758 1405 830 fragmentis
1431 758 1718 830 implevit,
1763 757 1856 829 qui
1892 757 2110 813 infirma

526 854 740 921 mundi,
779 862 838 911 ut
866 852 1026 921 fortia
1051 849 1430 917 confunderet,
1460 850 1646 922 elegit.

598 947 693 1004 Illi
716 964 839 1019 ergo
884 947 1142 1011 homines,
1176 962 1297 1000 cunt
1351 945 1600 1001 vidissent
1635 944 1776 1015 quod
1804 944 2002 1015 fecerat
2031 943 2112 998 si-

522 1057 704 1113 gnant,
725 1041 1008 1097 dicebant:
1033 1039 1174 1105 Quia
1195 1040 1280 1095 hic
1302 1048 1377 1094 est
1397 1055 1510 1094 vere
1530 1038 1802 1110 propheta,
1827 1038 1917 1109 qui
1931 1045 2111 1093 ventu-

522 1152 615 1191 rus
627 1144 702 1190 est
732 1135 789 1188 in
815 1133 1091 1189 mandunt.
1119 1132 1284 1189 Recte
1311 1133 1530 1203 quidem
1550 1133 1801 1189 dicebant
1821 1131 2112 1187 Dominum

520 1227 844 1297 prophetam
872 1240 1128 1297 magnum
1155 1265 1170 1293 ,
1197 1240 1406 1298 magnae
1427 1225 1617 1281 salutis
1644 1239 1974 1296 prmconem,
1994 1225 2110 1296 jam

527 1320 731 1377 mundo
754 1317 1017 1375 futurum.
1050 1318 1185 1374 Nam
1214 1326 1270 1375 et
1311 1320 1426 1390 ipse
1452 1321 1774 1391 prophetam
1822 1334 1880 1375 se
1915 1335 2113 1376 vocare

524 1413 802 1484 dignatur,
840 1412 932 1469 ubi
963 1413 1082 1467 ait:
1117 1410 1257 1478 Quia
1299 1427 1404 1466 non
1428 1411 1564 1483 capit
1588 1412 1895 1483 prophetam
1944 1412 2115 1483 perire

522 1516 673 1561 extra
713 1504 1070 1567 Hierusalem.
1116 1504 1223 1561 Sed
1254 1519 1354 1560 nec
1397 1504 1526 1559 dum
1551 1504 1711 1575 plena
1754 1504 1859 1559 fide
1887 1544 1902 1570 ,
1949 1503 2115 1574 profi-

521 1600 735 1655 ciebant
758 1641 773 1668 ,
804 1601 935 1672 quia
960 1601 1108 1656 hunc
1135 1600 1300 1656 etiam
1344 1597 1516 1654 Deum
1545 1598 1728 1654 dicere
1774 1598 2112 1654 nesciebant.

526 1692 636 1749 Nos
666 1693 905 1750 certiore
949 1692 1225 1765 agnitione
1257 1690 1507 1748 veritatis
1554 1698 1611 1745 et
1650 1690 1776 1746 ﬁdei
1809 1732 1825 1757 ,
1872 1689 2116 1749 videntes

520 1787 804 1853 mundum,
829 1800 989 1856 quem
1014 1785 1142 1841 fecit
1160 1783 1341 1851 Jesus,
1364 1791 1420 1840 et
1446 1784 1599 1854 signa
1624 1785 1820 1856 quibus
1848 1784 1997 1841 illum
2024 1799 2115 1840 re-

2222 576 2314 642 rit,
2348 576 2630 633 videamus

2279 670 2351 723 Et
2390 670 2586 726 invenit
2619 670 2692 725 .in
2738 670 2931 743 templo
2957 710 2974 738 ,
3004 672 3280 730 uendentes
3316 675 3468 733 boues
3508 688 3560 734 et
3606 697 3725 738 oues
3754 693 3808 740 et

2214 763 2480 820 columbas
2517 776 2567 820 et
2625 765 3006 822 nummularios
3039 768 3295 824 sedentes.
3335 768 3698 830 Nummularii
3728 777 3806 834 ad

2213 858 2319 913 hoc
2349 858 2616 914 sedebant
2635 859 2701 914 ad
2728 874 2947 917 mensas
2978 902 2994 925 ,
3025 867 3086 915 ut
3136 861 3280 918 inter
3302 872 3580 934 emptores
3607 869 3805 923 vendi-

2215 958 2471 1021 toresque
2498 951 2801 1006 hostiarum
2844 964 3093 1023 prompta
3123 962 3268 1009 esset
3292 956 3539 1026 pecuniae
3567 960 3798 1013 taxatio.

2214 1040 2551 1097 Videbantur
2572 1055 2703 1113 ergo
2723 1041 2873 1097 licite
2906 1042 3066 1099 vendi
3092 1042 3148 1098 in
3188 1045 3410 1116 templo,
3440 1061 3561 1117 qua:
3585 1048 3653 1101 ad
3697 1047 3808 1103 hoc

2216 1132 2557 1199 emebantur,
2592 1138 2652 1188 ut
2677 1132 2732 1187 in
2752 1133 2944 1189 eodem
2968 1135 3171 1205 templo
3193 1130 3523 1192 offerrentur
3545 1138 3803 1194 Domino.

2215 1222 2323 1280 Sed
2346 1212 2534 1285 nolens
2556 1223 2670 1293 ipse
2685 1222 2948 1280 Dominus
2970 1225 3173 1295 aliquid
3197 1226 3251 1281 in
3268 1227 3427 1283 domo
3448 1243 3545 1283 sua
3570 1236 3809 1287 terrente

2217 1317 2603 1389 negotiationis
2624 1358 2641 1383 ,
2670 1332 2741 1374 ne
2776 1317 2895 1389 ejus
2930 1319 3170 1388 quidem,
3215 1335 3336 1390 qum
3364 1320 3599 1376 honesta
3637 1330 3806 1393 puta-

2216 1422 2387 1475 retur,
2407 1409 2672 1466 exhiberi.
2690 1410 2921 1481 Dispulit
2935 1411 3300 1483 negotiatores
3317 1411 3569 1481 injustas,
3583 1422 3639 1468 et
3655 1412 3807 1469 foras

2217 1519 2407 1561 omnes
2431 1503 2591 1559 simul
2613 1518 2735 1559 cum
2760 1503 2847 1559 his
2868 1518 2991 1574 qua;
3011 1503 3433 1575 negotiabantur
3451 1502 3632 1573 ejecit.
3662 1505 3811 1574 Quid

2215 1614 2368 1671 ergo,
2396 1598 2594 1655 fratres
2615 1596 2760 1665 mei,
2791 1598 2922 1669 quid
2942 1606 3196 1669 putamus
3222 1598 3426 1655 faceret
3446 1599 3732 1665 Dominus,
3758 1601 3808 1658 si

2216 1693 2353 1749 rixis
2376 1692 2700 1748 dissidentes
2728 1730 2743 1755 ,
2784 1691 2831 1745 si
2871 1690 3069 1746 fabulis
3096 1700 3374 1757 vacantes,
3411 1691 3498 1747 vel
3527 1691 3635 1747 alio
3662 1708 3807 1763 quo-

2215 1787 2348 1843 libet
2395 1786 2597 1841 scelere
2641 1784 2907 1854 reperiret
2952 1784 3190 1840 irretitos
3218 1785 3241 1838 ?
3266 1785 3358 1856 qui
3408 1785 3644 1851 hostias,
3682 1800 3808 1857 qua

516 1877 703 1947 plevit.
736 1877 988 1933 Dicamus
1015 1892 1030 1931 :
1059 1877 1196 1943 Quia
1214 1875 1304 1932 hic
1346 1883 1432 1932 est
1472 1890 1598 1930 vere
1623 1875 1892 1931 mediator
1921 1875 2019 1931 Dei
2048 1883 2107 1931 et
2132 1878 2180 1939 Β
2209 1878 2314 1934 sibi
2340 1877 2775 1943 immolarentur,
2822 1883 3068 1932 ementes
3103 1876 3159 1931 in
3190 1876 3389 1948 templo
3422 1876 3578 1941 vidit,
3611 1884 3666 1932 et
3699 1877 3807 1933 eli-

521 1971 824 2036 homlnum,
853 1971 946 2042 qui
972 1969 1221 2041 impleret
1241 1970 1502 2026 mundum
1523 1969 1830 2037 divinitate,
1866 1976 1921 2025 et
1952 1985 2113 2024 mun-

519 2062 620 2117 dus
655 2077 755 2132 per
791 2062 966 2134 ipsum
997 2061 1175 2119 factus
1201 2069 1305 2119 est.
1338 2062 1476 2130 Quia
1506 2061 1561 2116 in
1584 2061 1806 2133 propria
1834 2062 1982 2118 venit
2010 2062 2113 2116 hu-

520 2155 780 2210 manitate
796 2194 812 2221 ,
838 2169 1084 2226 quaerere
1129 2164 1185 2210 et
1228 2154 1442 2210 salvare
1466 2153 1610 2225 quod
1647 2152 1914 2225 perierat,
1939 2167 2003 2208 ac
2024 2166 2113 2207 re-

517 2259 706 2301 creare
732 2246 990 2303 mundum
1014 2262 1179 2318 quem
1206 2245 1433 2304 fecerat.

697 2366 905 2440 suum
951 2367 1274 2439 SECUNDA
1310 2367 1491 2425 POST
1529 2364 1932 2427 vxcusmau.

911 2464 1249 2505 EVANGELIUI
1268 2464 1504 2514 JOANNIS,
1532 2463 1653 2504 CAP.
1685 2464 1746 2503 ιι.

596 2562 612 2591 α
661 2538 834 2614 Prope
855 2547 975 2607 erat
996 2541 1204 2597 Pascha
1231 2538 1576 2623 Judaeorum,
1606 2548 1662 2595 et
1686 2536 1931 2594 ascendit
1954 2535 2113 2595 Jesus

530 2651 547 2683 ι
596 2632 1048 2706 Hierosolymam.
1066 2635 1134 2689 Et
1152 2634 1359 2693 invenit
1382 2634 1437 2688 in
1454 2632 1654 2706 templo
1666 2633 1961 2689 vendentes
1980 2647 2113 2690 oves

529 2742 546 2775 ι
594 2732 651 2778 et
680 2725 844 2779 boves
893 2731 948 2779 et
997 2723 1278 2780 columbas
1311 2731 1367 2779 et
1402 2723 1794 2779 nummularios
1835 2723 2107 2780 sedentes.

526 2837 544 2869 ι
590 2817 797 2873 Etcum
812 2817 1034 2883 fecisset
1051 2817 1206 2888 quasi
1232 2815 1504 2889 ﬂagellum
1527 2817 1593 2873 de
1612 2815 1888 2889 funiculis,
1920 2830 2109 2883 omnes

527 2929 547 2962 ι
589 2908 749 2981 ejecit
773 2911 839 2966 de
857 2909 1061 2997 templo
1081 2951 1096 2977 ,
1121 2924 1251 2966 oves
1275 2925 1491 2993 quoque
1519 2916 1575 2977 et
1604 2911 1834 2965 boveset
1857 2925 2109 2977 nummu-

523 3020 541 3061 ς
588 3000 847 3059 lariorum
877 2999 1066 3067 effudit
1099 3016 1204 3070 ses,
1236 3010 1292 3057 et
1326 3015 1544 3057 mensas
1576 3000 1864 3057 subvertit.
1909 2998 1977 3055 Et
2020 3000 2108 3056 his

526 3110 545 3144 ι
587 3093 681 3174 qui
701 3094 982 3151 columbas
1020 3094 1327 3150 vendebant
1351 3093 1523 3149 dixit:
1551 3093 1777 3149 Auferte
1806 3093 1909 3159 ista
1953 3092 2104 3159 hinc,

524 3204 546 3247 ι
587 3194 642 3243 et
662 3187 831 3249 nolite
860 3186 1045 3252 facere
1080 3189 1298 3244 domum
1332 3189 1508 3260 patris
1537 3189 1661 3255 mei,
1691 3190 1911 3244 domum
1942 3203 2106 3261 nego-

2217 1971 2429 2027 minare
2457 1970 2708 2026 curavit?

2285 2063 2354 2118 Et
2380 2078 2496 2118 cum
2524 2061 2727 2132 fecisset
2752 2061 2907 2134 quasi
2926 2060 3196 2133 ﬂagellum
3219 2060 3286 2116 de
3312 2059 3589 2131 funiculis,
3620 2077 3806 2117 omnes

2213 2157 2363 2228 ejecit
2390 2156 2455 2210 de
2482 2153 2671 2227 templo
2701 2196 2717 2222 ,
2748 2171 2865 2211 oues
2907 2170 3113 2227 quoque
3139 2163 3189 2210 et
3233 2154 3382 2210 boves
3416 2164 3467 2210 et
3495 2156 3805 2211 nummula-

2214 2251 2418 2306 riorum
2442 2251 2634 2321 emittit
2661 2268 2757 2313 ws.
2785 2260 2834 2305 et
2862 2267 3071 2306 mensas
3108 2251 3379 2318 subvertit,
3405 2259 3456 2306 et
3493 2250 3576 2305 liis
3597 2252 3691 2321 qui
3713 2267 3806 2305 co-

2212 2340 2418 2397 lumbas
2442 2330 2729 2397 vendebant
2750 2384 2765 2409 ,
2798 2342 2933 2397 dixit
2954 2356 2973 2395 :
2999 2340 3215 2411 Auferte
3237 2343 3342 2397 ista
3373 2342 3494 2396 hinc
3517 2383 3532 2406 ,
3560 2350 3609 2396 et
3638 2342 3808 2396 nolite

2220 2430 2388 2505 facere
2420 2431 2635 2487 domum
2661 2428 2843 2487 Patris
2880 2432 2983 2486 mei
3029 2432 3245 2486 domum
3288 2432 3678 2504 negotiationis.
3714 2431 3805 2486 Ti-

2213 2523 2468 2578 mendum
2499 2523 2633 2578 satis
2660 2530 2746 2577 est
2770 2561 2785 2588 ,
2827 2537 2897 2577 ne
2923 2535 3025 2577 nos
3055 2521 3111 2576 in
3158 2521 3358 2592 templo
3383 2522 3797 2587 nummularios,

2213 2629 2283 2669 ne
2330 2610 2639 2669 venditores
2684 2612 2883 2668 bovum
2914 2652 2931 2681 ,
2976 2612 3159 2669 ovium
3189 2651 3206 2680 ,
3233 2611 3803 2679 columbarumve_re—

2211 2707 2432 2778 periens
2473 2708 2708 2763 damnet.
2737 2705 2931 2773 Boves,
2980 2706 3181 2778 quippe
3215 2706 3517 2764 doctrinam
3545 2707 3673 2761 vitae
3694 2721 3800 2763 cte-

2212 2799 2386 2854 lestis.
2422 2798 2564 2855 Oves
2611 2812 2777 2869 opera
2825 2798 3108 2857 munditia:
3140 2806 3196 2853 et
3240 2798 3479 2869 pietatis.
3526 2796 3803 2855 Columba:

2212 2890 2388 2947 sancti
2404 2888 2639 2960 Spiritus
2653 2890 2796 2949 dona
2823 2889 3129 2962 designant.
3147 2888 3401 2946 Vendunt
3413 2897 3594 2945 autem
3609 2891 3800 2957 boves,

2190 2997 2303 3053 'qui
2341 2981 2569 3037 verbum
2601 2979 2914 3052 Evangelii,
2946 2995 3056 3036 non
3092 2964 3278 3036 divino
3302 2994 3488 3035 amore
3513 3022 3528 3048 ,
3568 2980 3665 3037 sed
3693 2989 3804 3038 ter-

2210 3071 2330 3127 reni
2359 3080 2598 3143 quaestus
2620 3069 2823 3125 intuitu
2864 3071 3209 3127 audientibus
3240 3072 3581 3142 impendunt,
3611 3072 3802 3143 quales

2212 3162 2557 3234 reprehendit
2600 3161 2913 3234 Apostolus,
2940 3163 3067 3232 quia
3113 3161 3388 3220 Christum
3416 3161 3805 3219 annuntiarent

522 3296 545 3333 ι
587 3279 848 3337 tiationis.
882 3281 1169 3337 Recordati
1218 3254 1352 3337 veri;
1377 3254 1503 3337 sunt
1531 3280 1780 3353 discipuli
1811 3254 1951 3351 ejus,
1972 3254 2102 3353 quia

2208 3272 2315 3313 non
2331 3257 2564 3313 sincere.
2580 3254 2835 3311 Vendunt
2858 3269 3005 3320 oves,
3024 3254 3116 3325 qui
3140 3256 3389 3310 humana:
3414 3255 3799 3326 gratialaudis,

521 3387 543 3422 α
586 3371 847 3443 scriptum
871 3380 987 3430 est:
1013 3371 1173 3428 Zelus
1195 3371 1390 3428 domus
1419 3378 1524 3426 tuae
1559 3370 1797 3428 comedit
1822 3388 1930 3427 me.
1966 3370 2103 3427 Bes-

522 3478 543 3512 t
581 3462 890 3535 ponderunt
918 3474 1049 3533 ergo
1072 3460 1265 3530 Iudici,
1305 3471 1361 3518 et
1414 3463 1672 3518 dixerunt
1696 3463 1744 3518 ei
1778 3481 1790 3517 :
1827 3462 1982 3531 Quod
2029 3462 2105 3518 si-

520 3568 541 3603 t
587 3567 751 3622 gnum
804 3552 1047 3619 ostendis
1080 3554 1257 3621 nobis,
1304 3555 1431 3625 quia
1458 3556 1574 3611 haec
1601 3554 1779 3611 facis?
1803 3555 2103 3627 Respondit

520 3667 540 3699 ι
585 3648 760 3712 Jesus,
795 3656 851 3709 et
877 3648 1017 3703 dixit
1047 3650 1127 3705 eis
1151 3664 1165 3703 :
1192 3647 1400 3706 Solvite
1425 3650 1688 3722 templum
1713 3651 1817 3706 hoc
1845 3657 1900 3705 et
1930 3651 1983 3705 in
2010 3651 2103 3705 tri-

520 3758 539 3792 ι
584 3740 687 3803 bus
728 3739 916 3797 diebus
953 3741 1202 3807 excitabo
1232 3743 1382 3799 illud.
1410 3744 1677 3799 Dixerunt
1716 3758 1847 3816 ergo
1883 3743 2098 3815 Judaei:

519 3849 539 3882 ι
584 3831 954 3913 Quadraginta
973 3841 1028 3889 et
1050 3849 1143 3895 sex
1173 3838 1331 3893 annis
1356 3837 1685 3893 aediﬁcatum
1726 3846 1811 3893 est
1840 3838 2102 3908 templum

519 3944 537 3989 ι
583 3926 687 3983 hoc
716 3966 731 3993 ,
757 3934 813 3983 et
839 3934 896 3982 tu
946 3927 1002 3983 in
1036 3928 1209 3987 tribus
1252 3929 1443 3993 diebus
1482 3930 1750 3995 excitabis
1799 3918 1974 3985 illud?
2008 3928 2102 3987 Ille

519 4036 538 4067 ι
585 4025 766 4073 alitem
802 4020 1015 4085 dicebat
1042 4020 1109 4077 de
1154 4020 1355 4092 templo
1396 4022 1641 4092 corporis
1674 4024 1777 4077 sui.
1807 4021 1942 4077 Cum
1970 4036 2101 4092 ergo

518 4130 536 4162 ι
586 4115 977 4181 resurrexisset
1012 4131 1043 4169 a
1071 4115 1335 4191 mortuis,
1376 4112 1645 4169 recordati
1690 4124 1814 4171 sunt
1843 4114 2093 4187 discipuli

516 4221 533 4253 ι
581 4203 723 4281 ejus,
751 4206 874 4279 quia
904 4206 1019 4261 haec
1045 4206 1279 4271 dicebat.
1320 4205 1388 4260 Et
1414 4206 1779 4261 crediderumt
1805 4204 2102 4293 Scriptum:

516 4313 533 4343 ι
580 4304 637 4359 et
666 4295 909 4350 sermoni
949 4310 1112 4367 quem
1156 4296 1294 4352 dixit
1328 4294 1507 4354 Iesus.
1567 4297 1700 4353 Cum
1732 4307 1915 4355 autem
1956 4304 2103 4353 esset

516 4404 541 4441 ι,
575 4384 964 4461 liierosolymis
1003 4388 1058 4455 in
1086 4387 1319 4455 Pascha,
1351 4391 1405 4445 in
1435 4390 1523 4445 die
1559 4387 1718 4456 festo,
1747 4389 1903 4445 multi
1926 4389 2103 4445 credi-

516 4495 533 4527 ι
582 4476 778 4537 derunt
826 4476 880 4551 in
914 4479 1133 4535 nomine
1175 4478 1312 4548 ejus,
1339 4481 1586 4536 videntes
1609 4482 1762 4553 signa
1784 4496 1905 4551 qua:
1936 4480 2101 4536 facie

518 4590 535 4619 ι
582 4568 690 4631 bat.
720 4567 837 4653 ipse
878 4578 1059 4626 autem
1097 4568 1257 4627 Jesus
1288 4586 1396 4637 non
1427 4572 1683 4627 credebat
1726 4573 1966 4642 seipsum
1996 4573 2095 4636 eis,

2208 3365 2374 3421 opera
2394 3348 2617 3421 pietatis
2634 3356 2905 3413 exercent,
2923 3350 2989 3404 de
3014 3348 3213 3419 quibus
3241 3347 3503 3404 Dominus
3515 3349 3594 3404 ait
3623 3364 3637 3402 :
3658 3348 3800 3415 Quia

2208 3450 2510 3514 receperunt
2532 3441 2824 3498 mercedem
2849 3454 3022 3501 suam.
3067 3440 3317 3497 Vendunt
3346 3440 3628 3497 columbas
3660 3481 3675 3506 ,
3706 3442 3801 3513 qui

2206 3543 2489 3605 acceptam
2548 3533 2776 3603 spiritus
2811 3533 3039 3604 gratiam
3072 3571 3089 3599 ,
3143 3547 3251 3588 non
3301 3532 3472 3603 gratis
3500 3572 3515 3598 ,
3552 3541 3614 3588 ut
3660 3546 3803 3604 prie-
3874 3604 3881 3609 ν

2205 3636 2424 3698 ceptum
2448 3633 2551 3693 est,
2581 3626 2676 3681 sed
2696 3626 2764 3681 ad
2784 3626 3069 3696 prmmium
3091 3625 3243 3692 dant,
3269 3626 3364 3696 qui
3393 3626 3800 3696 impositionem

2204 3739 2403 3780 manus
2428 3764 2443 3790 ,
2476 3739 2586 3794 qua
2614 3725 2839 3794 spiritus
2864 3726 3150 3797 accipitur,
3180 3733 3234 3781 et
3281 3726 3327 3780 si
3367 3738 3479 3781 non
3506 3725 3574 3779 ad
3622 3737 3801 3795 quaes-

2204 3823 2321 3870 tum
2351 3816 2610 3886 pecuniae,
2644 3816 2713 3872 ad
2734 3817 2881 3889 vulgi
2912 3824 3092 3875 nmen
3113 3815 3356 3872 favorem
3390 3816 3677 3873 tribuunt:
3702 3814 3799 3885 qui

2204 3923 2391 3964 sacros
2418 3908 2639 3964 ordines
2668 3923 2775 3963 non
2799 3909 2867 3963 ad
2895 3909 3021 3964 vita:
3052 3908 3326 3974 meritum,
3357 3908 3453 3965 sed
3468 3907 3537 3963 ad
3563 3908 3801 3980 gratiam

2204 4001 2527 4072 largiuntur.
2558 3998 2820 4057 Nummos
2841 4002 2972 4057 dant
3007 4010 3197 4057 mutuo
3234 4002 3289 4056 in
3316 3999 3537 4072 templo,
3565 4000 3659 4070 qui
3690 4015 3799 4055 non

2204 4096 2456 4151 simulate
2467 4096 2797 4162 caelestibus,
2813 4096 2909 4153 sed
2924 4105 3110 4167 aperte
3127 4096 3362 4155 terrenis
3370 4097 3536 4151 rebus
3550 4095 3604 4150 in
3621 4093 3802 4150 Eccle-

2205 4190 2285 4245 sia
2313 4189 2643 4255 deserviunt,
2670 4202 2766 4245 sua
2796 4195 3123 4259 quaerentes,
3146 4203 3257 4243 non
3284 4203 3403 4259 qua:
3422 4187 3549 4245 Jesu
3565 4185 3795 4242 Christi.

2280 4280 2563 4337 Recordati
2602 4298 2722 4337 vero
2743 4292 2868 4338 sunt
2893 4280 3141 4353 discipuli
3180 4281 3304 4352 'ejtts
3325 4322 3340 4346 ,
3381 4281 3508 4353 quia
3543 4281 3795 4351 scriptum

2202 4382 2281 4428 est
2311 4388 2331 4428 :
2380 4370 2540 4428 Zelus
2585 4373 2775 4429 donius
2826 4383 2933 4428 tute
2989 4372 3216 4427 comedit
3258 4387 3360 4426 nte.
3403 4372 3508 4443 (Ex
3536 4368 3794 4442 August.)

2211 4463 2664 4539 Unumquemque
2708 4464 3082 4522 Christianum
3135 4464 3285 4520 zelus
3322 4466 3514 4520 cornus
3568 4464 3665 4519 Dei
3703 4477 3796 4517 co-

2203 4559 2405 4614 medat.
2439 4558 2497 4614 1n
2526 4575 2633 4631 qua
2659 4558 2824 4615 domo
2848 4558 2950 4614 Dei
2973 4556 3264 4613 mirum
3286 4574 3341 4613 es
3370 4598 3385 4624 ,
3417 4557 3464 4614 si
3493 4558 3625 4627 quid
3654 4556 3796 4613 forte

517 4681 535 4711 ι
582 4676 648 4717 eo
670 4646 815 4741 quod
864 4664 978 4736 ipse
1007 4674 1192 4721 nosset
1214 4678 1423 4723 omnes.
1472 4665 1542 4722 Et
1590 4667 1715 4739 quia
1740 4681 1877 4738 opus
1909 4667 1959 4722 ei
1991 4683 2099 4723 non

2207 4670 2524 4726 perversum
2568 4653 2770 4711 videris
2795 4694 2811 4719 ,
2853 4662 3039 4725 satage
3079 4652 3283 4723 corrigi
3310 4694 3324 4719 ,
3350 4650 3643 4708 emendare
3684 4665 3794 4707 non

515 4772 535 4807 ι
578 4765 727 4824 erat,
769 4766 829 4813 ut
873 4759 997 4833 quis
1034 4760 1401 4819 testimonium
1430 4759 1823 4835 perhiberetde
1854 4760 2093 4817 homine.

517 4866 535 4900 ι
572 4847 692 4920 Ipse
716 4850 860 4906 enim
888 4850 1094 4907 sciebat
1119 4852 1403 4925 quidesset
1439 4853 1493 4908 in
1515 4853 1754 4919 homine.
1789 4873 1808 4907 ›

581 4938 757 5012 Prope
797 4952 909 5011 erat
940 4939 1150 5015 Pascha
1173 4943 1510 5012 Judworum,
1541 4952 1589 5000 el
1620 4944 1856 5000 ascendit
1900 4944 2095 5001 Hiero-

508 5031 770 5105 solymam
795 5034 972 5092 Iesus.
1004 5035 1157 5107 Quod
1184 5047 1366 5094 autem
1388 5040 1855 5112 apprOpinquante
1891 5038 2098 5097 Pascha

509 5128 670 5188 Iesus
715 5130 959 5187 ascendit
1010 5130 1440 5204 Hierosolymam
1470 5174 1485 5196 ,
1513 5134 1670 5195 nobis
1708 5133 1951 5206 profecto
2004 5135 2098 5191 dat

509 5224 850 5305 exemplum,
880 5234 1084 5298 quanta
1124 5226 1290 5283 animi
1324 5227 1604 5300 vigilantia
1638 5228 1935 5293 Dominicis
1977 5228 2099 5293 sub-

506 5317 605 5392 jici
645 5319 938 5375 debeamus
981 5320 1244 5391 imperiis,
1276 5336 1399 5378 cum
1445 5322 1561 5395 ipse
1603 5322 1658 5383 in
1685 5322 1923 5378 hominis
1946 5321 2098 5376 infimo

510 5412 699 5473 mitate
717 5426 1006 5485 apparens,
1022 5413 1212 5483 eadem
1235 5429 1355 5487 qua:
1382 5428 1447 5469 ex
1476 5414 1786 5468 Divinitatis
1807 5413 2101 5469 auctorita-

509 5512 564 5575 te
584 5488 772 5559 statuit
805 5505 1023 5575 decreta
1045 5505 1333 5561 custodiat.
1365 5502 1443 5560 Ne
1472 5506 1617 5559 enim
1654 5512 1908 5577 putarent
1932 5503 2096 5569 servi,

510 5592 714 5667 absque
748 5596 957 5653 crebris
977 5598 1281 5653 orationum
1307 5596 1684 5669 bonorumque
1709 5604 1925 5650 actuum
1949 5591 2102 5649 victi-

511 5686 636 5755 mis,
650 5685 736 5743 vel
752 5685 959 5767 llagella
982 5688 1229 5755 evadere,
1249 5686 1336 5744 vel
1357 5686 1581 5757 praemia
1603 5701 1661 5741 se
1681 5700 1837 5758 posse
1858 5682 2098 5765 percipe-

512 5795 593 5849 re,
609 5790 663 5837 et
682 5781 794 5853 ipse
816 5781 959 5838 inter
980 5781 1299 5851 servientes,
1325 5777 1660 5833 adorandum
1678 5774 2093 5831 immolandum-

473 5858 490 5886 ⁸
511 5889 619 5950 que
639 5875 733 5932 Dei
764 5873 935 5930 Filius
962 5872 1223 5929 ascendit.
1248 5870 1352 5947 Qui
1377 5869 1603 5926 veniens
1637 5866 2088 5943 Hierosolymam,

2200 4748 2474 4818 quiescas.
2506 4744 2670 4802 Verbi
2721 4744 2894 4814 gratia
2929 4784 2944 4809 ,
2994 4742 3149 4798 vides
3192 4741 3420 4797 fratrem
3467 4755 3689 4798 currere
3724 4741 3794 4797 ad

2203 4841 2500 4905 theatrum,
2526 4836 2774 4909 prohibe,
2800 4849 2986 4902 mone,
3011 4842 3343 4900 contestare,
3365 4832 3411 4888 si
3429 4831 3578 4893 zelus
3599 4833 3792 4889 domus

2201 4933 2298 4989 Dei
2318 4931 2553 4989 comedit
2575 4939 2646 4987 te.
2669 4931 2834 4986 Vides
2848 4929 2984 4985 alios
3003 4942 3245 4997 currere,
3267 4935 3324 4983 et
3344 4926 3617 4982 inebriare
3630 4923 3789 4988 velle,

2199 5025 2427 5098 prohibe
2464 5037 2601 5095 quos
2640 5029 2965 5092 potes,tene
2992 5035 3131 5092 quos
3157 5028 3334 5090 potes,
3384 5025 3591 5073 terreto
3652 5031 3792 5088 quos

2196 5128 2374 5190 potes,
2397 5119 2593 5190 quibus
2620 5125 2775 5189 potes
2802 5112 3048 5171 blandire
3069 5153 3084 5176 ,
3119 5113 3230 5168 noli
3269 5123 3453 5170 tamen
3489 5111 3788 5182 quiescere.

2198 5214 2422 5270 Amicus
2440 5220 2544 5277 est,
2576 5214 2932 5266 admoneatur
2975 5206 3173 5264 leniter
3204 5224 3218 5260 :
3255 5205 3403 5262 Uxor
3431 5212 3535 5270 est,
3558 5204 3793 5259 severis-

2202 5307 2337 5362 sime
2360 5304 2703 5359 refrenctur:
2732 5299 2943 5355 Ancilla
2971 5307 3077 5365 est,
3105 5298 3272 5357 etiam
3297 5296 3615 5353 verberibus
3643 5311 3793 5352 corn-

2200 5402 2474 5467 pescatur.
2502 5392 2611 5448 Fac
2640 5390 2905 5463 quidquid
2928 5398 3084 5461 potes
3103 5403 3207 5460 pro
3222 5402 3455 5460 peream
3475 5404 3640 5459 quam
3664 5403 3795 5460 por—

2204 5497 2308 5552 tas,
2332 5486 2441 5542 noli
2469 5486 2754 5557 quiescere
2792 5484 2996 5540 lucrari
3040 5482 3318 5540 Christum
3350 5525 3365 5551 ,
3388 5484 3516 5553 quia
3549 5482 3792 5538 lucratus

2199 5593 2260 5633 es
2287 5593 2317 5632 a
2347 5577 2587 5643 Christo,
2617 5587 2672 5632 et
2699 5575 2919 5647 perﬁcis
2960 5577 3016 5631 in
3045 5584 3137 5631 te:
3162 5573 3320 5629 Zelus
3355 5574 3544 5641 doque
3567 5584 3675 5629 tua
3703 5588 3791 5628 co-

2200 5672 2361 5727 medit
2384 5686 2487 5727 me.
2519 5667 2578 5727 Si
2608 5677 2790 5729 autem
2837 5668 3009 5727 fueris
3033 5664 3284 5739 frigidus,
3315 5666 3610 5731 marcidus,
3640 5664 3708 5720 ad
3737 5671 3792 5719 te

2198 5767 2372 5824 solum
2398 5773 2719 5837 exspectans
2745 5805 2761 5831 ,
2806 5772 2861 5818 et
2888 5761 3046 5833 quasi
3080 5760 3176 5815 tibi
3200 5760 3474 5823 sufﬁciens
3508 5768 3564 5815 et
3599 5757 3789 5822 dicens

2196 5864 2255 5927 in
2281 5862 2446 5921 corde
2472 5868 2567 5917 tuo
2592 5879 2604 5916 :
2634 5858 2776 5933 Quid
2815 5855 2950 5913 mihi
2986 5867 3185 5911 curare
3208 5861 3295 5914 est
3328 5851 3509 5919 aliena
3532 5857 3783 5924 peccata,
