4110 6476
288 423 397 482 157

1104 407 1624 469 COLLECTIONES
1659 408 1733 467 ΙΝ
1768 407 2152 471 Ειηιετοιλθ
2188 410 2280 473 ET
2315 410 2724 470 EVANGELIA.

284 538 491 613 suﬁicit
512 537 646 613 mihi
669 534 848 592 animo
868 547 1010 602 mea,
1026 534 1198 605 ipsam
1224 536 1490 607 integram
1516 552 1730 596 servem
1741 539 1874 608 Deo,
1904 540 1958 601 A
1979 547 2289 603 ﬁcationem
2314 547 2644 619 signiﬁcant.
2670 544 2887 605 Primus
2931 546 3080 604 enim
3115 543 3375 607 Salomon
3421 555 3563 607 tem-

283 633 456 703 etiam
481 647 588 687 non
622 628 718 685 tibi
742 629 891 696 venit
919 628 976 683 in
1002 636 1241 683 mentem
1270 643 1459 686 servus
1487 629 1601 697 ille,
1637 632 1732 703 qui
1755 634 1880 688 abs-

282 724 479 803 condit
506 724 766 779 talentum
782 730 835 803 et
858 720 1037 795 noluit
1057 735 1285 793 erogare
1307 720 1646 779 ?Notandum
1671 730 1875 792 autem,

283 800 417 892 quia
467 834 575 874 non
601 814 774 887 solum
804 800 1115 883 venditores
1139 824 1267 869 sunt
1294 815 1685 884 columbarum,
1711 823 1764 872 et
1783 818 1878 873 do-

281 926 435 969 mum
465 908 562 964 Dei
595 907 800 962 faciunt
835 907 1056 962 domum
1097 907 1475 978 negotiationis
1498 949 1513 974 ,
1554 909 1647 979 qui
1691 925 1877 967 sacros

279 1004 525 1067 ordines,
551 1000 825 1073 largiendo
844 999 1079 1070 pretium
1110 999 1352 1068 peeunim
1372 1000 1456 1054 vel
1485 1000 1683 1068 laudis,
1713 1003 1796 1057 vel
1822 1009 1878 1057 et

276 1094 398 1165 jam
421 1084 664 1159 honoris,
684 1092 983 1162 inquirunt.
1002 1089 1200 1145 Verum
1226 1091 1280 1145 hi
1301 1105 1515 1161 quoque
1534 1093 1626 1161 qui
1648 1094 1876 1164 gradum

279 1189 369 1243 vel
407 1187 639 1261 gratiam
670 1186 725 1240 in
765 1183 1007 1240 Ecclesia
1058 1184 1360 1255 spiritalem
1388 1224 1405 1250 ,
1437 1199 1601 1255 quam
1643 1186 1875 1242 Domino

277 1282 550 1355 largiente
590 1294 881 1351 percepero
914 1320 928 1345 ,
980 1292 1087 1333 non
1119 1278 1350 1347 simplici
1398 1277 1699 1333 intentione
1730 1319 1746 1345 ,
1776 1279 1873 1335 sed

276 1376 571 1446 cujuslibet
600 1376 849 1447 humana:
869 1388 1031 1429 causa
1061 1373 1437 1429 retributionis
1458 1382 1731 1441 exercent,
1750 1388 1874 1430 con-

276 1478 368 1523 tra
389 1468 520 1523 illud
557 1465 955 1538 apostoli'Petri
984 1483 997 1520 :
1025 1464 1131 1531 Qui
1162 1464 1413 1536 loquitur,
1437 1467 1589 1537 quasi
1609 1481 1871 1522 sermones

273 1560 378 1615 Dei
410 1601 424 1626 ,
447 1558 537 1632 qui
564 1558 829 1612 ministrat
854 1566 1106 1628 tanquam
1146 1573 1211 1611 ex
1231 1558 1420 1611 virtute
1450 1596 1464 1621 ,
1489 1573 1649 1628 quam
1697 1558 1870 1612 admi-

275 1655 469 1708 nistrat
511 1652 655 1706 Deus
680 1692 696 1719 ,
739 1660 798 1706 ut
840 1651 896 1705 in
921 1649 1163 1704 omnibus
1209 1650 1588 1720 honori/tcetur
1617 1650 1757 1705 Deus
1779 1667 1872 1721 per

274 1742 461 1799 Iesum
485 1739 751 1813 Christum
773 1740 829 1815 (I
860 1739 1008 1797 Petr.
1039 1742 1136 1813 ιν).
1165 1741 1413 1797 Funiculi
1442 1743 1637 1812 quibus
1682 1742 1869 1815 ﬂagel-

274 1839 440 1896 lando
467 1840 662 1910 impios
709 1840 775 1895 de
804 1838 1003 1915 templo
1036 1839 1284 1909 expulit,
1320 1848 1596 1896 crementa
1627 1852 1753 1898 sunt
1780 1858 1868 1900 ac-

1981 638 2151 710 plum,
2180 639 2234 694 in
2263 640 2499 695 maxima
2532 639 2685 710 regni
2731 639 2817 696 sui
2860 654 3016 711 pace,
3049 639 3430 700 decentissime
3473 655 3564 703 86-

1980 740 2126 803 ptem
2171 747 2434 788 annorum
2475 748 2639 804 opere
2675 732 2934 804 perfecit,
2962 734 3107 806 quod
3148 735 3487 793 destructum
3531 750 3564 792 a

1981 822 2267 889 Chaldaeis,
2295 831 2417 893 post
2449 823 2790 895 septuaginta
2809 839 2987 883 annos
3014 825 3082 883 ad
3106 825 3410 897 iussionem
3434 824 3566 900 Cyri

1978 911 2190 979 Persae,
2220 912 2401 968 laxata
2440 912 2787 983 captivitate,
2812 914 3134 983 rerediﬁeari
3171 921 3410 987 emptum
3454 922 3561 977 est.

1980 1002 2093 1059 Sed
2110 1005 2204 1059 ﬁlii
2229 1005 2741 1076 transmigrationis,
2766 1021 2934 1076 opus,
2964 1008 3110 1076 quod
3153 1008 3456 1069 Zorobabel
3499 1017 3559 1079 et

1978 1094 2106 1153 Jesu
2137 1096 2409 1153 faciebant
2434 1104 2657 1167 propter
2691 1095 3158 1169 impugnationem
3204 1100 3443 1169 gentium
3481 1100 3564 1165 vi-

1976 1190 2248 1255 cinarum,
2270 1196 2395 1245 ante
2417 1190 2777 1260 quadraginta
2800 1197 2858 1245 et
2895 1203 2991 1247 sex
3022 1203 3194 1247 annos
3220 1189 3445 1261 implere
3468 1205 3563 1253 ne-

1977 1282 2287 1351 quiverunt,
2319 1281 2411 1351 qui
2438 1281 2603 1337 etiam
2646 1296 2908 1349 numerus
2946 1294 3211 1347 annorum
3239 1280 3562 1354 perfectiqni

1976 1374 2191 1432 Domini
2214 1375 2460 1445 corporis
2481 1374 2759 1445 aptissime
2785 1373 3053 1445 congruit.
3089 1372 3333 1429 Tradunt
3359 1373 3561 1433 etenim

1975 1467 2308 1525 naturalium
2337 1467 2633 1538 scriptores
2664 1481 2869 1534 rerum,
2900 1464 3133 1525 formam
3172 1464 3416 1536 corporis
3462 1466 3563 1525 hu-

1974 1559 2123 1617 mani
2151 1566 2231 1615 tot
2261 1558 2474 1614 dierum
2502 1558 2679 1629 spatio
2715 1556 2923 1628 perﬁci.
2975 1555 3112 1625 Quia
3160 1555 3411 1613 videlicet
3450 1556 3563 1635 pri-

1973 1652 2079 1709 mis
2110 1667 2205 1712 sex
2236 1667 2268 1706 a
2298 1650 2652 1722 conceptione
2691 1649 2882 1715 diebus
2915 1648 3075 1705 lactis
3124 1647 3325 1709 habeat
3370 1647 3563 1711 simili-
3626 1726 3629 1729 ν

1974 1743 2236 1801 tudinem.
2267 1741 2633 1812 Sequentibus
2655 1755 2851 1803 novem
2872 1748 3225 1797 convertatur
3253 1739 3322 1799 ad
3343 1739 3563 1815 sangui-

1972 1849 2118 1909 nem.
2146 1834 2349 1893 Deinde
2370 1832 2654 1897 duodecim
2684 1832 2967 1890 solidetur.
3013 1831 3260 1903 Reliquis
3287 1831 3475 1901 decem
3506 1839 3565 1888 et

274 1931 486 1986 tionum
528 1931 792 1987 malarum
819 1972 833 1997 ,
866 1932 934 1987 de
968 1924 1164 2002 quibus
1188 1932 1416 1987 materia
1447 1931 1739 1989 damnandi
1774 1950 1864 1991 re-
1895 1921 1945 1982 B
1970 1932 2098 1984 octo
2119 1926 2369 1985 ﬁrmetur
2390 1940 2564 1994 usque
2592 1924 2660 1987 ad
2702 1922 2945 1995 Pel'feCla
2975 1922 3288 1993 liniamenta
3316 1923 3562 1995 omnium

274 2028 479 2097 probos
510 2068 525 2095 ,
580 2027 827 2083 districto
856 2023 1027 2095 judici
1078 2026 1255 2082 datur.
1298 2025 1436 2082 Hinc
1490 2027 1692 2083 etenim
1734 2028 1868 2085 dicit

273 2117 475 2190 Isaias:
501 2116 593 2174 Va:
606 2119 917 2192 quitrahitis
930 2117 1253 2189 iniquitatem
1275 2118 1329 2173 in
1340 2118 1593 2188 funiculis
1614 2121 1864 2177 vanitatis

277 2208 415 2279 (Isa.
431 2210 507 2283 v).
532 2210 599 2266 Et
621 2209 676 2265 in
690 2209 999 2265 Proverbiis
1012 2206 1269 2265 Salomon
1282 2223 1303 2263 τ’
1314 2209 1344 2263 Ι
1348 2210 1624 2282 niquitates
1635 2253 1648 2278 ,
1664 2211 1863 2287 inquit,

273 2317 387 2357 sua’
402 2304 615 2374 capiunt
631 2303 871 2373 impium,
886 2312 932 2355 et
948 2299 1163 2370 funibus
1176 2298 1508 2373 peccatorum
1521 2319 1736 2358 suorum
1749 2321 1867 2358 con-

271 2393 557 2464 stringitur
571 2391 947 2464 (Prov.v).Qui
961 2393 1108 2448 enim
1122 2400 1346 2461 peccata
1364 2395 1624 2463 peccatis,
1637 2410 1737 2465 pro
1755 2395 1869 2465 qui-

265 2480 379 2537 bus
401 2482 583 2537 acrius
601 2481 888 2537 damnetur
904 2481 1228 2549 accumulat,
1256 2484 1412 2553 quasi
1443 2483 1731 2551 tunicatos,
1756 2486 1869 2555 qui-

267 2574 377 2630 bus
392 2573 591 2644 ligetur
603 2589 668 2629 ac
684 2573 1002 2645 ﬁagelletur,
1016 2560 1278 2647 paulatim
1300 2578 1545 2648 augendo
1555 2579 1861 2651 prolongat.

270 2663 773 2720 Nummulariorum
806 2679 1022 2736 quoque
1059 2682 1196 2738 quos
1223 2669 1507 2739 expulerat
1549 2668 1739 2725 eﬁ‘udit
1766 2685 1858 2735 tes,

272 2763 329 2812 et
367 2769 584 2810 mensas
604 2754 891 2823 subvertit,
921 2758 1051 2828 quia
1072 2758 1345 2815 damnatis
1368 2760 1423 2815 in
1452 2760 1561 2816 ﬁne
1594 2762 1861 2832 reprobis,

272 2847 439 2904 etiam
470 2846 709 2917 ipsarum
739 2863 878 2919 quas
917 2848 1160 2906 dilexere
1198 2865 1382 2906 rerum
1407 2852 1557 2908 tollet
1605 2852 1855 2925 ﬁguram,

264 2939 422 3011 juxta
448 2940 551 2996 hoc
580 2941 724 3011 quod
746 2942 1004 3012 scriptum
1030 2951 1115 2999 est
1138 2961 1152 2997 :
1187 2940 1252 2997 Et
1288 2944 1517 2999 mundus
1542 2946 1791 3000 transibit
1811 2956 1863 3001 et

274 3034 696 3107 concupiscentia
723 3036 858 3107 ejus.
891 3036 960 3093 Et
986 3037 1068 3093 eis
1092 3038 1185 3109 qui
1212 3038 1493 3095 columbas
1535 3041 1860 3108 vendebant,

274 3124 413 3182 dixit
441 3145 454 3181 :
482 3127 696 3197 Auferte
720 3129 824 3184 ista
862 3130 1005 3197 hinc,
1036 3139 1083 3185 et
1112 3131 1273 3186 nolite
1319 3131 1489 3187 facere
1516 3133 1731 3187 domum
1763 3131 1866 3189 Pa-

1966 2019 2357 2086 membrorum,
2389 2024 2445 2074 et
2469 2017 2598 2079 hinc
2624 2015 2740 2086 jam
2766 2016 2978 2087 reliquo
3016 2023 3258 2087 tempore
3286 2030 3457 2086 usque
3494 2014 3562 2071 ad

1967 2120 2181 2183 tempus
2218 2119 2432 2183 partus,
2472 2109 2849 2182 magnitudine
2895 2092 3176 2181 augeatur.
3226 2108 3333 2165 Sex
3364 2117 3560 2191 autem

1966 2215 2024 2262 et
2051 2220 2245 2261 novem
2268 2247 2283 2271 ,
2306 2213 2362 2261 et
2394 2204 2704 2269 duodecim,
2731 2210 2788 2259 et
2826 2202 3016 2258 decem
3045 2210 3103 2259 et
3128 2210 3255 2259 octo
3273 2243 3287 2269 ,
3319 2201 3559 2273 quadra—

1967 2299 2358 2372 gintaquinque
2388 2297 2616 2357 faciunt.
2646 2296 2853 2364 Quibus
2888 2297 2936 2354 si
2961 2311 3131 2363 unum
3173 2295 3556 2367 adiacet-imus,

1967 2390 2024 2446 id
2052 2400 2158 2459 est,
2185 2391 2363 2460 ipsum
2388 2389 2557 2456 diem,
2581 2404 2690 2459 quo
2713 2390 2950 2447 discreta
2970 2404 3068 2460 per
3093 2389 3339 2455 membra
3361 2403 3560 2461 corpus

1969 2489 2311 2537 crementum
2342 2495 2558 2537 sumere
2585 2480 2796 2550 incipit,
2825 2487 2905 2539 tot
2924 2481 3184 2545 nimirum
3204 2480 3320 2539 dies
3345 2480 3401 2549 in
3429 2480 3559 2537 tedi-

1968 2573 2221 2639 ﬁeatipne
2264 2572 2511 2643 corporis
2564 2572 2826 2639 Domini,
2850 2580 2985 2642 quot
3021 2572 3078 2627 in
3123 2570 3333 2655 fabrica
3371 2570 3561 2645 templi

1967 2683 2141 2724 annos
2161 2668 2488 2723 invenimus.
2539 2666 2607 2723 Et
2643 2667 2771 2736 quia
2810 2666 3073 2737 templum
3102 2665 3235 2731 illud
3281 2680 3447 2733 manu
3477 2662 3560 2727 fa-

1964 2768 2134 2825 ctum,
2160 2766 2563 2815 sacrosanctam
2590 2757 2806 2817 Domini
2850 2772 3098 2823 carnem,
3126 2773 3292 2830 quam
3326 2773 3396 2813 ex
3448 2756 3561 2813 vir-

1964 2855 2090 2926 gine
2114 2853 2364 2924 sumpsit,
2400 2859 2458 2906 ut
2492 2866 2560 2908 ex
2605 2851 2712 2907 hoc
2754 2850 2876 2907 loco
2925 2850 3218 2921 discimus,
3252 2848 3558 2921 ﬁgurabat,

1963 2962 2087 3017 quae
2118 2946 2245 3016 quia
2272 2961 2337 3001 ea
2366 2946 2512 3015 quod
2556 2959 2756 3015 corpus
2798 2944 2944 3015 ejus,
2968 2944 3115 3015 quod
3161 2951 3246 3005 est
3288 2942 3557 3017 Ecclesia,

1963 3038 2093 3109 quia
2121 3037 2492 3107 unusquisque
2520 3035 2761 3092 ﬁdelium
2789 3049 2989 3107 corpus
3016 3036 3367 3106 animamque
3410 3035 3558 3101 desi-

1963 3130 2182 3201 gnabat.
2212 3129 2285 3186 Ut
2319 3130 2375 3184 in
2405 3129 2680 3201 plerisque
2727 3128 3124 3198 scripturarum
3168 3127 3305 3189 locis
3345 3127 3561 3199 inveni-

273 3219 372 3274 tris
405 3222 507 3275 mei
543 3221 756 3276 domum
788 3224 1154 3294 negotiationis
1190 3223 1240 3296 (1
1268 3223 1430 3279 Joan.
1470 3224 1552 3298 ιι).
1583 3225 1864 3282 Venditio—
1900 3287 1936 3298 Α
1966 3238 2107 3278 mus.
2134 3221 2307 3277 Adam
2358 3236 2492 3277 vero
2530 3221 2739 3292 primus
2782 3227 2905 3290 post
2946 3227 3233 3290 peccatum
3284 3212 3494 3289 audivit
3542 3235 3556 3273 :

274 3327 400 3367 nem
435 3313 806 3369 columbarum
848 3287 915 3368 de
957 3314 1156 3385 templo
1197 3287 1403 3370 auferri
1430 3287 1707 3387 praecepit,
1739 3318 1865 3387 quia
1891 3287 1938 3351 θ’
1972 3314 2135 3370 Terra
2157 3328 2213 3369 es
2236 3322 2285 3369 et
2307 3315 2364 3368 in
2391 3287 2589 3369 terrain
2614 3312 2711 3367 ibis
2742 3287 2909 3384 (Cen.
2941 3287 3062 3383 in).
3093 3309 3378 3401 Secunqu
3428 3324 3562 3366 vero

274 3405 367 3474 qui
397 3405 626 3475 gratiam
656 3406 879 3476 spiritus
905 3407 1075 3477 gratis
1097 3407 1330 3477 accepit,
1354 3408 1524 3477 gratis
1545 3408 1864 3466 debetdare.
1965 3406 2141 3463 Adam
2171 3407 2238 3467 de
2263 3408 2443 3477 seipso
2489 3407 2567 3461 ait
2594 3424 2606 3460 :
2637 3403 2834 3461 Solvite
2868 3403 3121 3475 templum
3145 3404 3268 3473 hoc,
3292 3412 3343 3463 et
3376 3403 3434 3465 in
3458 3403 3559 3458 tri-

275 3497 431 3553 Unde
474 3496 659 3553 Simon
702 3497 788 3553 ille
843 3480 1035 3572 magus
1090 3500 1182 3569 qui
1232 3499 1375 3555 hanc
1419 3514 1602 3556 emere
1640 3503 1868 3571 pecunia
1969 3499 2066 3554 ltus
2118 3499 2299 3554 diebus
2344 3497 2584 3555 excitabo
2630 3496 2764 3553 illud
2811 3494 3101 3568 (Joan.n).
3149 3493 3384 3566 Sparsus
3430 3507 3562 3557 vero

272 3588 467 3653 voluit,
492 3596 553 3643 ut
580 3588 786 3659 majore
806 3590 983 3659 pretio
1008 3590 1288 3656 venderet,
1341 3592 1549 3647 audivit
1581 3612 1593 3646 :
1629 3590 1868 3649 Pecunia

272 3689 368 3734 tua
397 3689 565 3734 tecum
614 3681 683 3734 sit
722 3682 777 3736 in
799 3681 1110 3753 perditione,
1146 3697 1251 3736 non
1290 3691 1366 3737 est
1414 3682 1508 3737 tibi
1552 3700 1679 3754 pars
1705 3700 1870 3757 neque

272 3787 392 3826 sors
415 3771 471 3825 in
491 3788 728 3828 sermone
748 3772 847 3828 hoc
876 3773 1014 3842 (Act.
1046 3773 1122 3846 v).

348 3861 746 3935 Responderunt
791 3882 913 3938 ergo
933 3864 1114 3923 Judtei
1134 3876 1184 3922 et
1226 3866 1472 3924 dixerunt
1498 3868 1546 3923 ei
1571 3882 1589 3921 :
1613 3868 1769 3936 Quod
1801 3871 1872 3925 si-

273 3969 437 4025 gnum
463 3955 691 4010 ostendis
718 3955 862 4010 nobis
903 3957 1028 4024 quia
1058 3958 1170 4018 hinc
1208 3956 1383 4028 facis?
1410 3958 1746 4031 Respondeas
1776 3960 1871 4017 Je-

276 4063 370 4102 sus
390 4058 435 4102 et
458 4048 590 4103 dixit
618 4050 691 4104 eis
718 4063 738 4101 :
770 4048 966 4105 Soluite
992 4050 1238 4123 templum
1268 4052 1388 4119 hoc,
1415 4063 1464 4107 et
1488 4054 1543 4108 in
1567 4055 1735 4109 tribus
1754 4055 1867 4109 die-

277 4140 375 4195 bus
392 4140 631 4194 excitabo
649 4139 803 4194 illud.
829 4140 905 4195 De
934 4156 1043 4211 quo
1069 4144 1268 4212 templo
1281 4144 1507 4210 diceret,
1535 4147 1866 4217 evangelista

275 4243 401 4305 post
421 4233 653 4305 aperuit,
688 4233 939 4289 videlicet
992 4236 1058 4290 de
1085 4237 1284 4306 templo
1313 4240 1557 4309 corporis
1579 4241 1682 4305 sui,
1722 4240 1866 4310 quod

275 4330 346 4385 ab
371 4330 478 4386 illis
505 4330 761 4400 passione
787 4330 1023 4386 solutum
1053 4372 1066 4395 ,
1102 4332 1218 4402 ipse
1248 4342 1372 4403 post
1396 4334 1630 4388 triduum
1658 4335 1868 4390 excita-

276 4425 358 4480 vit
386 4425 453 4480 de
483 4433 674 4480 morte.
714 4424 851 4493 Quia
880 4440 1012 4495 ergo
1037 4425 1253 4495 signum
1283 4426 1601 4496 quaerebant
1620 4440 1652 4479 a
1681 4424 1867 4479 Domi-

276 4529 371 4581 no,
407 4531 574 4601 quare
601 4516 758 4572 solita
805 4518 1133 4573 commercia
1172 4517 1441 4601 projicere
1479 4519 1767 4574 debuerint
1798 4518 1868 4577 de

1969 3591 2073 3649 fuit
2096 3593 2309 3663 primus
2348 3592 2523 3647 Adam
2567 3606 2668 3662 per
2712 3589 3030 3649 universum
3074 3587 3358 3657 mundum,
3384 3585 3562 3658 quiin

1968 3686 2207 3751 secundo
2230 3683 2492 3740 collectus
2516 3690 2622 3750 est,
2650 3683 2795 3753 quod
2823 3679 3093 3753 signiﬁcat
3119 3694 3315 3749 nomen
3352 3678 3560 3749 Adam,

1967 3776 2115 3850 quod
2160 3783 2395 3846 quatuor
2421 3775 2619 3832 litteris
2659 3773 2941 3841 scribitur,
2967 3797 3003 3833 α
3023 3771 3076 3830 δ.
3110 3771 3314 3828 lterum
3342 3794 3378 3831 α
3405 3780 3463 3828 et
3496 3795 3563 3848 μ.

1968 3888 2090 3943 qua:
2111 3879 2346 3941 quatuor
2368 3870 2567 3927 littera:
2596 3878 2832 3940 quatuor
2862 3876 3048 3940 partes
3075 3867 3224 3924 orbis
3246 3868 3556 3939 designant,

1967 3966 2024 4022 in
2050 3980 2188 4037 quas
2215 3978 2439 4035 sparsus
2462 3970 2548 4019 est
2569 3962 2742 4019 Adam
2774 3962 2831 4019 iu
2863 3960 2990 4019 ﬁliis
3027 3960 3159 4021 suis.
3189 3958 3313 4019 ideo
3335 3959 3387 4025 in
3409 3959 3560 4029 prin-

1968 4059 2126 4130 cipiis
2155 4057 2435 4113 nominum
2469 4055 2707 4126 partium
2734 4053 2945 4119 mundi,
2975 4052 3060 4111 ha;
3088 4059 3323 4121 quatuor
3359 4049 3561 4109 littem

1967 4152 2239 4221 leguntur.
2267 4148 2405 4204 Nam
2432 4147 2640 4227 ὅρκτος,
2673 4146 2818 4217 quod
2849 4153 2933 4201 est
2959 4142 3282 4214 septentrio,
3311 4143 3379 4201 ab
3406 4164 3442 4198 α
3473 4141 3558 4195 in-

1968 4246 2120 4316 cipit.
2145 4246 2214 4300 Et
2232 4244 2386 4305 eam
2412 4242 2557 4313 quod
2581 4250 2665 4295 est
2690 4238 2965 4302 occidens,
2995 4253 3026 4291 a
3053 4235 3083 4292 δ
3104 4235 3312 4305 incipit.
3341 4234 3410 4291 Et
3437 4236 3561 4293 ἀνα-

1967 4340 2126 4403 τωλὴ,
2150 4337 2397 4406 quodest
2424 4335 2626 4397 oriens,
2653 4333 2722 4391 ab
2742 4354 2777 4388 α
2812 4331 3024 4403 incipit,
3061 4330 3358 4404 μεσημϐρία
3374 4369 3389 4395 ,
3415 4329 3559 4399 quod

1968 4436 2053 4485 est
2076 4426 2359 4494 meridies,
2384 4426 2453 4481 ab
2479 4448 2518 4498 μ
2547 4424 2759 4495 incipit,
2783 4438 2906 4493 quae
2947 4430 3080 4480 sunt
3105 4432 3342 4492 quatuor
3376 4430 3561 4493 partes

1967 4521 2139 4577 orbis.
2171 4520 2255 4575 Ab
2279 4519 2368 4575 bis
2394 4525 2631 4590 quatuor
2656 4516 2856 4573 litteris
2876 4514 3166 4587 incipiens,
3192 4528 3317 4584 qua:
3337 4512 3555 4577 litterte,

278 4596 517 4682 templo?
537 4610 853 4681 Respondit,
885 4611 1007 4667 ideo
1038 4625 1099 4667 se
1123 4596 1427 4667 rectissime
1458 4612 1653 4683 impios
1684 4620 1868 4668 ester-
1889 4666 1941 4684 τ,
1968 4615 2015 4671 si
2037 4616 2091 4670 in
2113 4622 2369 4684 computo
2393 4612 2584 4670 Graeco
2617 4611 3053 4677 considerentur,
3075 4609 3434 4682 quadraginta
3464 4623 3558 4669 sex

277 4666 490 4759 minare
519 4704 583 4760 de
601 4666 823 4775 templo,
856 4704 983 4776 quia
1015 4704 1191 4775 ipsum
1238 4705 1497 4775 templum
1525 4666 1866 4778 significave-
1888 4666 1945 4727 Β
1968 4706 2196 4770 faciunt,
2221 4666 2350 4760 tiam
2377 4729 2412 4762 α
2444 4721 2636 4771 unum,
2665 4704 2695 4761 δ
2723 4713 2977 4775 quatuor,
2993 4712 3052 4760 et
3074 4705 3272 4765 iterum
3300 4726 3335 4761 α
3367 4717 3557 4768 unum,

278 4794 352 4850 rit
390 4795 644 4869 templum
681 4792 925 4867 corporis
955 4797 1060 4863 sui,
1092 4797 1146 4852 in
1180 4813 1290 4869 quo
1322 4798 1465 4853 nulla
1490 4814 1716 4870 prorsus
1743 4814 1867 4857 esse
1968 4822 2008 4872 μ
2032 4797 2412 4869 quadraginta,
2443 4797 2589 4868 quod
2624 4804 2753 4853 sunt
2799 4796 2961 4852 simul
3005 4795 3157 4867 ducti
3199 4795 3559 4866 quadraginta

274 4885 455 4955 potuit
481 4884 711 4954 alicujus
741 4886 953 4941 macula
993 4886 1228 4957 peccati.
1259 4886 1448 4958 Neque
1479 4887 1757 4944 immerito
1784 4897 1867 4962 ty-
1970 4907 2083 4956 sex,
2114 4893 2344 4962 mystice
2367 4891 2663 4962 dosignans
2690 4890 3047 4962 quadraginta
3077 4905 3173 4951 sex
3211 4904 3387 4949 annos
3432 4888 3560 4958 qui-

274 4979 459 5049 picum
484 4979 799 5055 purgaverit
825 4993 855 5034 a
881 4978 1181 5035 sceleribus
1206 4979 1467 5049 templum
1502 5020 1518 5046 ,
1552 4982 1649 5052 qui
1674 4996 1866 5043 verum
1970 4985 2074 5045 bus
2096 4983 2359 5053 templum
2384 4983 2631 5053 corporis
2659 4981 2863 5039 Christi
2890 4982 2946 5041 in
2978 4989 3134 5041 utero
3157 4978 3406 5052 virginali
3432 4979 3561 5035 mdi-

276 5066 375 5124 Dei
405 5070 684 5141 templum,
724 5071 794 5125 ab
827 5070 1139 5126 hominibus
1176 5078 1352 5127 morte
1376 5070 1635 5138 solutum,
1669 5072 1867 5129 divina)
1972 5074 2191 5129 [lentum
2240 5080 2343 5136 est,
2396 5073 2537 5130 sicut
2583 5072 2837 5142 superius
2888 5072 3146 5133 diximus.
3193 5070 3336 5133 Caro
3376 5076 3557 5137 autem

274 5161 515 5230 potentia
537 5161 841 5231 majestatis
860 5163 1102 5218 excitare
1128 5170 1316 5234 posset
1331 5177 1364 5217 a
1386 5164 1640 5219 mortuis.

352 5249 613 5307 Dixerunt
645 5267 771 5323 ergo
795 5251 979 5307 Judwi
1011 5268 1031 5307 :
1071 5252 1447 5323 Quadraginta
1471 5261 1522 5306 et
1569 5267 1663 5307 sea:
1711 5254 1867 5321 annis
1968 5255 2187 5321 JlldiClS,
2211 5262 2268 5311 et
2291 5272 2323 5312 ει
2350 5254 2530 5325 seipso
2554 5255 2755 5313 iterum
2779 5254 3064 5320 aediﬁcata,
3093 5250 3394 5317 secundum
3420 5247 3560 5305 scri-

278 5345 600 5416 a'diﬁcatum
626 5356 702 5401 est
731 5347 977 5417 templum
998 5347 1115 5409 hoc,
1140 5356 1189 5403 et
1215 5356 1271 5402 tu
1300 5348 1358 5402 in
1381 5347 1551 5406 tribus
1573 5347 1758 5403 diebus
1778 5364 1869 5403 ea:-
1968 5358 2158 5421 pturas
2182 5349 2593 5421 prophetarum.
2640 5347 2709 5407 Et
2733 5347 2855 5411 itbo
2878 5348 3011 5413 dicit
3034 5343 3367 5415 evangelista
3398 5359 3411 5396 ε
3440 5339 3558 5405 Hoc

1970 5163 2197 5228 Christi,
2224 5178 2347 5233 quae
2382 5163 2449 5221 de
2475 5162 2646 5227 Adam
2674 5170 2892 5232 sumpta
2928 5170 3030 5227 est,
3075 5162 3354 5227 destructa
3393 5166 3480 5213 est
3524 5171 3557 5226 a
3622 5212 3638 5229 ,

278 5439 466 5494 citabis
488 5439 663 5494 illud?
711 5437 993 5507 Quomodo
1037 5439 1438 5507 intellexerunt,
1466 5441 1542 5496 ita
1581 5443 1870 5512 responde-

278 5542 427 5588 runt.
453 5532 560 5589 Sed
587 5548 657 5589 ne
692 5549 792 5589 nos
827 5549 1045 5606 quoque
1092 5535 1431 5606 spiritualem
1484 5535 1698 5591 Domini
1745 5551 1866 5592 ser-

278 5636 499 5678 monem
549 5623 847 5679 carnaliter
891 5624 1257 5691 sentiremus,
1305 5625 1640 5696 evangelista
1686 5626 1871 5682 subse-

279 5722 544 5787 quenter,
591 5717 658 5773 de
703 5733 812 5788 quo
871 5717 1070 5789 templo
1124 5717 1547 5789 subsequeretur
1594 5720 1863 5792 exposuit.

276 5806 439 5879 Quod
471 5818 651 5866 autem
681 5811 832 5866 aiunt
859 5812 926 5867 de
955 5811 1550 5883 templo,quadraginta
1570 5820 1624 5867 et
1653 5827 1746 5868 sex
1773 5826 1868 5869 an—

280 5901 371 5965 nis
396 5901 685 5972 aediﬁcato,
715 5918 821 5960 non
850 5904 1103 5978 primam,
1127 5905 1225 5965 sed
1246 5905 1539 5967 secundam
1565 5905 1712 5973 illius
1737 5904 1867 5966 edi-

1969 5442 2110 5499 enisn
2139 5440 2345 5503 dicebat
2365 5438 2430 5502 de
2459 5438 2651 5511 templo
2681 5440 2915 5510 corporis
2950 5438 3054 5505 sui,

2042 5530 2175 5589 Cum
2201 5548 2329 5603 om
2376 5532 2749 5595 resuurexisset
2797 5548 2831 5593 α
2881 5526 3121 5597 mortuis,
3150 5524 3559 5593 recordatiﬁtmt

1968 5624 2217 5698 discipuli
2244 5625 2383 5696 ejus,
2406 5625 2534 5697 quia
2564 5623 2663 5685 hoc
2691 5622 2930 5688 dicebat,
2960 5628 3009 5679 et
3037 5618 3372 5689 crediderunt
3405 5617 3560 5687 Scri-

1968 5729 2162 5792 ptum,
2186 5719 2242 5777 id
2278 5727 2364 5779 est
2394 5718 2810 5788 Prophetarum,
2853 5712 2947 5783 qui
2987 5709 3361 5782 pradixerunt
3380 5782 3383 5785 Α
3403 5709 3561 5781 Chri-

1969 5822 2116 5871 stum
2161 5812 2323 5871 tcr-tia
2369 5811 2455 5872 die
2497 5821 2803 5879 “tantaene,
2833 5813 2888 5871 et
2935 5804 3174 5875 sermoni
3214 5819 3377 5882 quem
3423 5801 3563 5871 dixit

1968 5903 2151 5973 locus.
2170 5905 2227 5979 is!
2254 5913 2358 5972 est.
2389 5902 2537 5979 quod
2577 5901 2655 5961 ait
2697 5917 2711 5954 τ
2759 5896 2956 5983 Salute
2995 5897 3248 5975 temetum
3270 5896 3395 5976 ιιοςι
3420 5902 3470 5973 tt
3502 5893 3560 5973 in
