4110 6458
1828 377 2185 436 SMARAGDI
2216 374 2509 434 ABBATIS
2574 406 2579 411 -

3708 372 3820 434 ιω

544 497 711 553 tribus
734 496 916 553 diebus
941 495 1178 552 excitabo
1199 494 1358 565 illud,
1380 496 1487 553 hoc
1521 501 1626 562 est,
1655 493 1821 551 tertia
1852 493 1939 551 die
1974 508 2123 549 resu-
2151 492 2205 555 Α
2232 507 2253 541 t
2298 496 2478 543 autem
2505 499 2649 542 nunc
2668 485 2853 542 videat
2874 484 3281 550 nescimus,aut
3302 482 3428 555 quis
3452 482 3666 571 aperuit
3684 497 3819 543 ocu-

544 590 752 647 scitabo
773 590 915 661 quod
942 605 1038 646 vos
1058 589 1278 645 solvatis
1304 590 1356 644 in
1387 604 1567 646 cruce.

614 685 747 740 Cum
766 697 940 740 autem
967 694 1099 740 esset
1122 683 1505 757 Hierosolymis
1532 686 1589 740 in
1612 682 1823 739 Pascha
1850 683 1908 737 in
1929 682 2015 736 die
2040 680 2120 751 fe-

542 788 647 846 sto,
669 779 819 833 multi
858 776 1191 833 crediderunt
1216 778 1272 832 in
1301 778 1509 832 nomine
1536 777 1651 847 ejus
1670 817 1684 841 ,
1707 774 1937 830 videntes
1971 773 2123 843 signa

542 871 655 942 ejus
680 887 798 942 qua:
825 869 1069 941 faciebat,
1091 870 1201 941 ipse
1243 878 1415 924 autem
1456 867 1614 923 Jesus
1636 884 1741 922 non
1775 865 2014 921 credebat
2042 880 2125 919 se-

541 967 815 1037 metipsum
833 966 927 1030 eis,
953 983 1014 1021 eo
1041 965 1182 1038 quod
1205 967 1314 1036 ipse
1338 974 1510 1020 nosset
1548 980 1743 1027 omnes,
1767 973 1815 1017 et
1841 963 1967 1034 quia
1994 978 2123 1034 opus

539 1058 587 1113 ei
610 1074 713 1113 non
737 1066 943 1123 erat,ut
966 1056 1091 1128 quis
1112 1057 1462 1111 testimonium
1490 1055 1777 1128 perhiberet
1802 1055 1868 1109 de
1891 1055 2122 1123 homine,

540 1152 653 1222 ipse
676 1151 817 1207 enim
845 1149 1040 1205 sciebat
1068 1149 1194 1221 quid
1215 1158 1347 1204 esset
1374 1150 1430 1204 in
1458 1148 1685 1205 homine.
1711 1146 1831 1203 Non
1868 1147 2014 1203 enim
2042 1147 2123 1204 sic

540 1244 837 1303 credebant
859 1247 913 1301 in
943 1261 1067 1302 eum
1091 1253 1152 1301 ut
1175 1245 1324 1317 digni
1350 1255 1534 1301 essent
1569 1243 1844 1299 Christum
1875 1242 2124 1299 habitare

539 1340 594 1395 in
614 1339 714 1407 eis,
740 1354 969 1410 quorum
999 1337 1133 1393 ﬁdes
1158 1337 1566 1394 catechumeuis
1587 1336 1895 1407 comparari
1921 1344 2119 1408 potest,

537 1439 600 1487 ut
625 1431 847 1486 credant
870 1431 924 1486 in
949 1428 1250 1496 Christum,
1281 1430 1376 1485 sed
1400 1427 1656 1484 Christus
1693 1444 1800 1485 non
1819 1429 1994 1485 credit
2035 1444 2122 1486 se-

538 1524 714 1596 ipsum
740 1524 841 1590 eis,
864 1525 990 1595 quia
1018 1524 1126 1579 nisi
1147 1524 1271 1595 quis
1301 1535 1524 1580 renatus
1558 1523 1723 1579 fuerit
1774 1539 1840 1579 ex
1884 1540 2026 1596 aqua
2068 1532 2124 1581 et

536 1617 748 1688 Spiritu,
783 1631 891 1672 non
913 1625 1093 1688 potest
1130 1617 1355 1672 introire
1385 1617 1438 1672 in
1475 1632 1699 1689 regnum
1744 1616 1862 1673 Dei.
1906 1616 2122 1673 Nemini

534 1723 666 1764 vero
691 1723 749 1764 se
772 1708 945 1764 credit
975 1707 1245 1775 Christus,
1269 1710 1374 1765 nisi
1400 1711 1492 1781 qui
1532 1710 1726 1780 dignus
1764 1718 1849 1766 est
1890 1710 2122 1766 introire

536 1800 590 1855 in
619 1815 842 1871 regnum
872 1798 990 1866 Dei,
1015 1799 1194 1856 nullus
1228 1800 1373 1856 enim
1421 1801 1618 1872 dignus
1660 1808 1746 1856 est
1790 1800 2017 1856 introire
2062 1801 2120 1855 in

2230 597 2251 631 ι
2293 578 2376 634 los
2401 578 2520 650 ejus
2546 593 2647 634 nos
2684 578 2980 642 nescimus,
3005 575 3182 645 ipsum
3222 574 3573 645 interrogate,
3597 584 3819 632 aetatem

2229 692 2250 726 ι
2293 672 2474 739 habet,
2500 672 2616 744 ipse
2637 671 2703 727 de
2731 685 2793 727 se
2813 670 3088 741 loquatur.
3131 667 3257 723 Haec
3286 667 3538 722 dicebant
3557 677 3821 739 parentes

2230 783 2250 818 ι
2294 763 2431 834 ejus,
2456 764 2581 835 quia
2611 760 3123 818 timebantludaeos.
3148 758 3267 814 Jam
3297 758 3441 814 enim
3467 761 3820 832 conspirave-

2232 876 2250 910 ι
2295 870 2420 913 rant
2445 856 2640 922 Judaei,
2665 863 2723 910 ut
2761 856 2805 911 si
2842 854 2964 926 quis
2991 870 3113 910 eum
3135 854 3488 911 conﬁteretur
3511 853 3815 927 Christum,

2231 972 2250 1005 ‹
2296 962 2449 1009 extra
2483 967 2812 1024 synagogam
2863 952 3035 1008 ﬁeret.
3064 952 3360 1024 Propterea
3396 961 3650 1023 parentes
3693 951 3820 1023 ejus

2230 1064 2250 1098 ι
2296 1046 2551 1102 dixerunt
2585 1066 2598 1102 :
2631 1047 2759 1117 quia
2786 1054 3002 1102 aetatem
3029 1046 3210 1111 habet,
3240 1047 3415 1118 ipsum
3455 1046 3811 1118 interrogate.

2231 1156 2251 1190 ι
2292 1140 2638 1195 Vocaverunt
2661 1153 2791 1211 ergo
2820 1154 3037 1195 rursum
3073 1138 3346 1193 hominem
3373 1138 3467 1208 qui
3497 1137 3673 1193 fuerat
3702 1153 3814 1194 cte-

2233 1249 2252 1283 t
2293 1246 2412 1294 cus,
2437 1240 2492 1287 et
2518 1230 2774 1287 dixerunt
2806 1231 2856 1286 ei
2887 1249 2900 1285 :
2926 1232 3004 1287 Da
3027 1231 3255 1302 gloriam
3295 1232 3437 1298 Deo,
3463 1246 3563 1286 uos
3605 1232 3815 1287 scimus

2229 1342 2251 1377 ι
2291 1325 2417 1395 quia
2447 1325 2539 1380 hic
2568 1326 2730 1381 homo
2757 1334 3014 1396 peccator
3047 1333 3148 1380 est.
3182 1324 3329 1379 Dixit
3373 1338 3504 1394 ergo
3549 1323 3640 1379 ille
3689 1343 3703 1378 :
3754 1323 3820 1379 Si

2231 1435 2251 1470 ι
2297 1427 2554 1490 peccator
2581 1426 2667 1475 est
2687 1419 2900 1491 nescio;
2926 1434 3092 1473 unum
3132 1418 3266 1484 scio,
3294 1418 3421 1488 quia
3465 1432 3641 1473 camus
3687 1431 3818 1472 cum

2230 1530 2250 1564 ι
2296 1526 2494 1576 essem,
2529 1512 2689 1568 modo
2713 1511 2890 1567 video.
2916 1512 3181 1567 Dixerunt
3207 1526 3336 1582 ergo
3356 1510 3433 1564 illi
3467 1527 3481 1563 :
3513 1508 3652 1577 Quid
3686 1507 3820 1564 fecit

2230 1621 2249 1655 ‹
2295 1603 2429 1659 tibi?
2459 1604 2730 1673 quomodo
2755 1604 2968 1673 aperuit
2987 1604 3085 1659 tibi
3109 1603 3330 1659 oculos?
3373 1603 3676 1674 Respondit
3695 1603 3812 1659 eis:

2229 1713 2250 1748 ‹
2295 1694 2417 1750 Dixi
2443 1696 2600 1751 vobis
2617 1695 2732 1765 jam
2762 1704 2818 1750 et
2838 1695 3086 1761 audistis,
3109 1695 3237 1767 quid
3277 1694 3474 1750 iterum
3512 1694 3675 1750 vultis
3717 1711 3819 1749 au-

2230 1807 2248 1840 t
2292 1787 2442 1843 dire?
2471 1788 2724 1859 Nunquid
2760 1796 2815 1844 et
2860 1804 2959 1845 vos
2999 1788 3164 1843 vultis
3198 1786 3449 1857 discipuli
3489 1785 3609 1855 ejus
3659 1785 3818 1841 ﬁeri?

537 1864 762 1962 ιοεηιῖιη
797 1890 923 1956 θεῖ,
952 1864 1059 1946 ﬁsi
1087 1890 1179 1962 qui
1206 1899 1430 1947 renatus
1456 1864 1540 1946 θξι
1563 1906 1629 1946 εχ
1654 1905 1795 1962 aqua
1820 1898 1876 1946 ει
1901 1891 2116 1962 spiritu,
2147 1864 2196 1925 B
2229 1898 2248 1931 ε
2293 1879 2689 1936 maledixerunt
2711 1880 2765 1935 ei
2788 1888 2842 1936 et
2867 1880 3123 1936 dixerunt
3155 1897 3167 1932 :
3202 1879 3283 1933 Tu
3321 1877 3619 1948 discipulus
3668 1877 3816 1932 illius

743 2025 953 2082 FERIA
982 2026 1269 2094 QUARTA
1304 2025 1483 2083 POST
1510 2024 1906 2083 VICESIMAM.

882 2156 1224 2197 EVANGELIUI
1261 2156 1497 2207 JOANNIS,
1535 2157 1655 2197 CAP.
1685 2158 1762 2197 IX.

607 2270 626 2306 ι
670 2252 997 2311 Praeteriens
1025 2253 1185 2310 Jesus
1208 2255 1344 2310 vidit
1369 2254 1642 2311 hominem
1684 2270 1888 2311 caecum
1918 2272 1950 2311 a
1978 2256 2120 2312 nati-

537 2364 562 2400 ε
601 2346 800 2413 vitate,
836 2355 894 2403 et
936 2348 1411 2419 interrogaverunt
1464 2363 1587 2403 eum
1627 2349 1877 2419 discipuli
1932 2349 2049 2419 ejus
2102 2369 2114 2405 :

534 2455 555 2491 ι
598 2436 795 2504 Rabbi,
819 2439 943 2509 quis
966 2439 1231 2511 peccavit,
1255 2440 1345 2494 hic
1374 2447 1467 2493 aut
1486 2447 1739 2510 parentes
1763 2438 1902 2509 ejus,
1927 2448 1989 2495 ut
2015 2455 2118 2497 caa-

533 2546 554 2581 t
600 2543 697 2585 cus
720 2530 1069 2585 nasceretur?
1097 2529 1394 2600 Respondit
1417 2528 1575 2584 Jesus
1600 2547 1612 2583 :
1648 2528 1833 2600 Neque
1858 2530 1948 2586 hic
1991 2546 2120 2602 pec-

535 2627 746 2682 t-cavit
789 2642 966 2698 neque
1003 2635 1260 2697 parentes
1292 2624 1439 2694 ejus,
1473 2627 1569 2681 sed
1609 2632 1670 2680 ut
1701 2624 2118 2681 manifestentur

536 2735 556 2769 ι
600 2733 768 2791 opera
811 2719 909 2773 Dei
954 2718 1010 2772 in
1046 2718 1160 2772 illo.
1203 2716 1287 2772 Me
1315 2725 1530 2788 oportet
1554 2717 1770 2787 operari
1804 2731 1972 2787 opera
1998 2714 2117 2785 ejus

534 2824 554 2858 ι
599 2808 690 2876 qui
718 2807 865 2863 misit
891 2822 1003 2875 me,
1028 2808 1199 2863 donec
1247 2807 1366 2862 dies
1409 2814 1512 2863 est.
1554 2807 1715 2863 Venit
1748 2823 1858 2863 nox
1898 2806 2116 2877 quando

534 2916 555 2951 ι
598 2914 759 2955 nemo
804 2908 984 2970 potest
1036 2900 1274 2971 operari,
1332 2900 1568 2970 quandiu
1617 2900 1674 2955 in
1726 2900 1947 2975 mundo.
1971 2914 2110 2966 sum,

534 3008 554 3042 ι
598 2991 691 3046 lux
720 3005 839 3046 sum
864 2990 1071 3045 mundi.
1102 2990 1227 3047 Hac
1248 3005 1369 3045 cum
1401 2991 1658 3059 dixisset,
1679 2992 1867 3063 expuit
1906 2991 1963 3046 in
2004 2998 2116 3046 ter-

532 3099 553 3133 ι
599 3096 739 3148 ram,
761 3091 817 3136 et
842 3078 969 3136 fecit
986 3081 1160 3136 lutum
1182 3096 1250 3137 ex
1276 3090 1458 3153 sputo,
1479 3092 1534 3138 et
1553 3083 1729 3138 linivit
1752 3083 1923 3138 lutum
1950 3097 2114 3153 super

534 3192 554 3226 ι
598 3174 786 3231 oculos
802 3175 943 3247 ejus,
968 3184 1023 3230 et
1048 3175 1184 3231 dixit
1209 3175 1259 3230 ei
1291 3193 1304 3229 :
1337 3176 1486 3232 Vade
1516 3185 1571 3232 et
1605 3176 1791 3231 lavare
1817 3176 1873 3230 in
1899 3184 2113 3231 natato-

2227 1992 2247 2025 ‹
2293 1975 2399 2040 sis,
2422 1990 2523 2029 nos
2545 1983 2728 2029 autem
2750 1972 2919 2045 Moysi
2951 1971 3201 2043 discipuli
3232 1987 3439 2027 sumus.
3472 1971 3582 2028 Nos
3609 1972 3816 2027 scimus

2227 2085 2245 2118 ι
2289 2067 2416 2137 quia
2447 2065 2618 2139 Moysi
2645 2066 2862 2122 locutus
2883 2074 2966 2121 est
2978 2066 3302 2129 Deus,huuc
3322 2073 3504 2119 autem
3534 2064 3815 2119 nescimus

2224 2174 2246 2210 ι
2293 2158 2434 2213 unde
2469 2159 2558 2213 sit.
2586 2157 2886 2229 Respondit
2918 2157 3010 2213 ille
3039 2158 3223 2223 homo,
3252 2165 3307 2213 ει
3327 2157 3462 2212 dixit
3481 2157 3563 2212 eis
3586 2178 3598 2211 :
3625 2157 3684 2211 lu
3705 2156 3814 2214 hoc

2226 2268 2246 2302 ι
2286 2251 2433 2306 enim
2460 2251 2710 2308 mirabile
2748 2259 2855 2316 est,
2882 2251 3008 2321 quia
3037 2265 3135 2306 vos
3172 2252 3394 2307 nescitis
3440 2253 3584 2308 unde
3628 2252 3724 2319 sit,
3756 2260 3815 2308 et

2226 2346 2503 2422 «.aperuit
2527 2345 2712 2404 oculos
2737 2359 2907 2402 meos.
2953 2345 3167 2402 Scimus
3207 2353 3389 2401 autem
3440 2346 3564 2417 quia
3607 2360 3813 2416 pecca-

2225 2457 2244 2491 t
2288 2446 2438 2495 tores
2468 2440 2612 2495 Deus
2635 2454 2743 2495 non
2769 2439 2948 2504 audit,
2976 2438 3069 2494 sed
3096 2438 3144 2494 si
3170 2437 3293 2508 quis
3335 2436 3431 2492 Dei
3478 2435 3657 2492 cultor
3701 2446 3810 2504 est,

2225 2550 2244 2599 ᾳ
2288 2540 2344 2586 ει
2378 2532 2712 2588 voluntatem
2739 2532 2857 2604 ejus
2881 2531 3032 2598 facit,
3059 2531 3203 2586 hunc
3241 2529 3482 2586 exaudit.
3513 2529 3555 2584 A
3609 2531 3812 2586 saeculo

2224 2642 2243 2676 ι
2289 2641 2398 2681 non
2424 2634 2510 2681 est
2540 2626 2814 2691 auditum,
2844 2626 2973 2696 quia
3029 2610 3243 2695 aperuit
3281 2624 3404 2694 quis
3448 2623 3636 2681 oculos
3676 2624 3807 2679 αεεί

2224 2737 2243 2771 ι
2284 2719 2433 2773 nati?
2460 2719 2563 2774 nisi
2587 2727 2735 2774 esset
2757 2718 2846 2775 hic
2871 2734 2902 2773 a
2923 2718 3056 2783 Deo,
3082 2733 3189 2774 non
3211 2725 3423 2788 poterat
3443 2715 3626 2773 facere
3653 2717 3812 2788 quid-

2223 2830 2242 2864 ι
2287 2827 2471 2883 quam.
2503 2809 2920 2883 Responderunt
2946 2819 3002 2866 et
3043 2811 3300 2866 dixerunt
3344 2809 3394 2865 ei
3423 2824 3437 2862 :
3464 2809 3523 2864 ln
3571 2809 3811 2879 peccatis

2223 2922 2244 2957 ς
2288 2914 2449 2960 natus
2472 2912 2557 2960 est
2577 2911 2742 2967 totus,
2763 2912 2818 2959 ct
2843 2912 2901 2958 tu
2927 2903 3089 2958 doces
3117 2901 3253 2957 nos?
3280 2901 3349 2957 Et
3375 2900 3659 2972 ejeceruut
3684 2915 3813 2955 eum

2223 3016 2243 3049 α
2281 2996 2449 3052 foras.
2475 2995 2693 3051 Audivit
2717 2994 2873 3051 Jcsus
2904 2995 3031 3065 quia
3067 2994 3344 3065 ejecerunt
3384 3009 3510 3049 eum
3547 2993 3718 3058 foras,
3754 2999 3814 3046 et

2222 3108 2241 3141 ι
2287 3105 2412 3145 cum
2439 3089 2734 3145 invenisset
2759 3103 2903 3153 eum,
2927 3087 3066 3142 dixit
3106 3087 3157 3142 ei
3182 3106 3195 3141 :
3239 3086 3318 3141 Tu
3345 3087 3520 3142 credis
3554 3086 3609 3140 in
3635 3084 3809 3140 ﬁlium

2222 3202 2241 3235 ‹
2283 3183 2414 3238 Dei?
2448 3181 2748 3253 Respondit
2777 3180 2866 3235 illc
2888 3188 2943 3235 et
2969 3179 3143 3235 dixit:
3171 3178 3303 3247 Quis
3337 3187 3441 3244 est,
3472 3178 3720 3243 Domine,
3748 3184 3813 3232 ut

533 3284 555 3319 ι
599 3269 682 3323 ria
713 3246 880 3335 Siloe,
910 3269 1053 3340 quod
1101 3269 1486 3338 interpretatur
1523 3269 1743 3325 missus.
1793 3267 1941 3325 Abiit
1982 3282 2113 3339 ergo
2138 3246 2184 3309 (ἶ
2222 3294 2241 3326 ι
2287 3274 2502 3329 credam
2533 3246 2589 3328 in
2611 3272 2770 3327 eum?
2801 3271 2869 3325 Et
2897 3271 3032 3326 dixit
3060 3271 3111 3325 ei
3138 3246 3296 3327 Iesus
3321 3290 3333 3325 :
3359 3271 3424 3325 Et
3450 3270 3634 3326 vidisti
3656 3283 3807 3335 eum,

535 3380 556 3416 ι
600 3370 657 3418 ει
691 3362 841 3429 lavit,
867 3370 922 3418 et
950 3363 1098 3418 venit
1135 3362 1342 3419 videns.
1373 3362 1559 3433 Itaque
1597 3363 1761 3419 vicini
1783 3371 1837 3418 et
1856 3363 1948 3433 qui
1966 3362 2115 3418 vide-

538 3474 557 3509 ι
603 3464 727 3511 rant
755 3471 880 3512 eum
917 3456 1093 3527 prius,
1130 3457 1259 3527 quia
1288 3457 1571 3514 mendicus
1606 3466 1756 3525 erat,
1785 3457 2039 3513 dicebant
2095 3476 2109 3513 :

529 3565 551 3599 ι
596 3546 786 3602 Nonne
827 3547 918 3603 hic
962 3562 1046 3604 est
1092 3548 1186 3620 qui
1240 3549 1463 3605 sedebat
1506 3560 1562 3606 et
1600 3549 1978 3606 mendicabat?
2006 3549 2113 3606 Alii

530 3655 552 3689 ι
598 3637 870 3707 dicebant,
894 3641 1020 3711 quia
1069 3640 1160 3697 hic
1208 3650 1311 3698 est.
1361 3642 1466 3697 Alii
1516 3651 1717 3711 autem,
1744 3657 2109 3715 nequaquam,

531 3748 551 3782 ε
599 3731 693 3787 sed
722 3732 915 3789 similis
945 3742 1025 3790 est
1050 3735 1121 3790 ei.
1149 3734 1242 3789 ille
1266 3750 1396 3791 vero
1422 3734 1656 3804 dicebat,
1687 3736 1815 3808 quia
1841 3751 1942 3807 ego
1969 3751 2111 3793 sum.

532 3840 552 3874 α
598 3822 857 3879 Dicebant
882 3841 1013 3898 ergo
1041 3827 1090 3883 ei
1122 3845 1134 3880 :
1161 3827 1442 3895 Quomodo
1466 3830 1640 3899 aperti
1665 3838 1792 3885 sunt
1820 3830 1917 3886 tibi
1936 3830 2114 3888 oculi?

531 3928 551 3963 ι
597 3911 894 3984 Respondit
919 3934 931 3971 :
954 3915 1049 3971 Ille
1067 3917 1231 3972 homo
1257 3918 1350 3988 qui
1374 3918 1573 3973 dicitur
1589 3918 1769 3986 Jesus,
1786 3921 1958 3975 lutum
1988 3920 2115 3977 fecit

531 4021 550 4055 ι
595 4012 651 4060 ει
676 4006 832 4061 unxit
860 4005 1049 4061 oculos
1077 4021 1250 4072 meos,
1273 4014 1331 4063 et
1369 4007 1508 4063 dixit
1533 4008 1667 4063 mihi
1696 4027 1710 4063 :
1746 4009 1893 4066 Vade
1927 4010 1995 4065 ad
2017 4026 2115 4065 na-

531 4115 551 4149 ι
597 4098 851 4154 tatoriam
907 4096 1083 4165 Siloe,
1125 4106 1184 4154 et
1218 4098 1360 4155 lava.
1391 4099 1460 4155 Et
1495 4102 1606 4157 abii
1635 4110 1692 4157 et
1716 4102 1824 4158 lavi
1852 4111 1909 4159 et
1932 4104 2108 4160 video.

534 4206 554 4239 ι
598 4188 666 4243 Ει
690 4190 944 4245 dixerunt
967 4190 1016 4245 ei
1051 4207 1064 4243 :
1100 4189 1203 4246 Ubi
1233 4199 1317 4247 est
1360 4191 1482 4248 ille?
1527 4194 1605 4247 ait
1636 4210 1650 4248 :
1680 4195 1883 4251 nescio.
1928 4194 2114 4252 Addu-

529 4298 549 4334 ς
591 4290 722 4337 cunt
755 4297 878 4337 eum
913 4284 981 4339 ad
1019 4284 1353 4351 Phariszeos,
1386 4286 1485 4356 qui
1518 4302 1693 4343 caecus
1736 4286 1932 4343 fuerat.
1980 4289 2114 4345 Erat

534 4390 552 4424 ι
599 4380 779 4427 autem
808 4371 1104 4430 Sabbatum
1124 4377 1340 4444 quando
1368 4377 1541 4433 lutum
1567 4378 1695 4434 fecit
1716 4377 1964 4447 Jesus,et
1986 4396 2114 4453 ape-

530 4487 548 4520 ι
596 4469 705 4523 ruit
728 4469 912 4526 oculos
939 4470 1077 4543 ejus.
1119 4470 1320 4527 lterum
1366 4488 1498 4545 ergo
1534 4473 1944 4546 interrogabant
1984 4492 2112 4535 eum

2222 3385 2241 3417 ι
2287 3373 2342 3421 ει
2376 3366 2466 3435 qui
2502 3364 2744 3435 loquitur
2774 3372 2953 3419 tecum
2984 3364 3101 3433 ipse
3119 3374 3221 3418 est.
3255 3364 3325 3416 At
3351 3363 3440 3418 ille
3469 3364 3581 3419 ait:
3606 3360 3805 3429 Credo,

2220 3475 2241 3510 ι
2287 3457 2537 3521 Domine,
2565 3464 2621 3512 et
2642 3456 2928 3527 procidens
2961 3456 3209 3511 adoravit
3243 3470 3387 3510 eum.
3419 3476 3436 3507 ι

2286 3543 2602 3601 Prwteriem
2655 3544 2812 3601 Iesus
2848 3545 2975 3601 vidit
3011 3546 3272 3600 hominem
3308 3562 3503 3601 cwcum
3533 3563 3567 3600 a
3614 3545 3808 3600 nativi-

2216 3646 2343 3707 tate,
2371 3646 2477 3695 etc.
2505 3636 2690 3709 Genus
2714 3639 3008 3694 humanum
3044 3638 3315 3709 signiﬁcat
3336 3639 3439 3695 iste
3457 3655 3651 3696 caecus.
3676 3639 3809 3696 [hec

2214 3731 2358 3787 enim
2380 3731 2598 3787 caecitas
2614 3732 2838 3801 contigit
2858 3731 2913 3786 iu
2934 3732 3111 3803 primo
3129 3733 3349 3789 homine
3367 3748 3468 3803 per
3492 3741 3799 3803 peccatum,

2215 3824 2281 3880 de
2316 3839 2423 3894 quo
2462 3838 2655 3879 omnes
2689 3823 2956 3895 originem
2991 3824 3264 3889 duximus,
3291 3839 3400 3879 non
3439 3825 3612 3880 solum
3654 3839 3806 3880 mor-

2217 3917 2306 3984 tis,
2337 3917 2434 3972 sed
2478 3918 2645 3972 etiam
2672 3916 3002 3987 iniquitatis.
3048 3917 3208 3973 Venit
3246 3919 3530 3984 Dominus,
3555 3919 3703 3989 spuit
3745 3919 3807 3975 in

2215 4024 2438 4081 terram,
2463 4015 2529 4071 de
2557 4014 2725 4070 saliva
2756 4030 2854 4070 sua
2874 4014 3046 4070 lutum
3073 4016 3221 4082 fecit,
3254 4016 3380 4086 quia
3409 4016 3635 4071 verbum
3672 4029 3805 4072 caro

2214 4107 2417 4162 factum
2439 4115 2542 4173 est,
2556 4115 2611 4160 et
2637 4107 2792 4161 unxit
2815 4107 3021 4174 oculos,
3038 4108 3253 4163 etmisit
3270 4106 3421 4162 illum
3441 4108 3508 4162 ad
3528 4107 3803 4178 piscinam

2216 4197 2450 4266 Siloem,
2475 4200 2567 4270 qui
2604 4200 2994 4270 interpretatur
3035 4201 3252 4256 missus.
3304 4200 3498 4256 Missus
3542 4217 3673 4256 vero
3718 4210 3805 4258 est

2212 4293 2472 4348 Dominus
2488 4292 2647 4349 Jesus
2658 4291 2908 4351 Christus
2923 4311 2937 4361 ;
2955 4294 3056 4349 nisi
3078 4295 3223 4349 enim
3248 4293 3338 4349 ille
3363 4292 3555 4349 fuisset
3575 4296 3798 4359 missus,
3878 4354 3885 4359 ,

2213 4403 2373 4443 nemo
2405 4395 2650 4445 nostrum
2672 4396 2819 4443 esset
2866 4389 2936 4442 ab
2983 4387 3269 4457 iniquitate
3318 4388 3591 4442 dimissus.
3640 4386 3804 4443 Lavit

2212 4496 2342 4553 ergo
2361 4481 2549 4536 oculos
2586 4481 2643 4536 in
2673 4495 2735 4537 ea
2773 4481 2998 4552 piscina,
3024 4480 3327 4550 baptizatus
3356 4488 3441 4535 est
3470 4481 3525 4535 in
3554 4478 3800 4549 Christo,

527 4580 547 4613 α
585 4560 879 4668 'Pharisazi,
902 4566 1173 4635 quomodo
1200 4565 1443 4621 vidisset.
1473 4566 1565 4623 llle
1594 4576 1777 4624 autem
1806 4570 1944 4626 dixit
1979 4571 2059 4628 eis
2088 4591 2102 4628 :
2129 4607 2184 4668 Β
2211 4581 2267 4629 ει
2295 4571 2628 4628 illuminatus
2647 4580 2750 4628 est.
2768 4570 2993 4627 Caecitas
3011 4570 3156 4627 enim
3182 4569 3469 4626 inﬁdelitas
3487 4579 3591 4638 est,
3605 4580 3660 4627 et
3678 4570 3804 4625 illu-

526 4670 545 4703 ι
585 4652 782 4707 Lutum
808 4654 941 4709 mihi
966 4656 1150 4724 posuit
1186 4671 1352 4726 super
1377 4657 1582 4722 oculos,
1610 4667 1665 4715 et
1694 4658 1798 4715 lavi
1828 4668 1884 4717 et
1921 4663 2099 4719 video.

525 4763 545 4797 ι
592 4744 855 4800 Dicebant
873 4761 1004 4817 ergo
1031 4762 1097 4803 ex
1133 4746 1426 4804 Pharisaeis
1449 4749 1670 4819 quidam
1700 4770 1714 4807 :
1751 4751 1869 4807 Non
1892 4762 1979 4808 est
2016 4754 2106 4810 hic

526 4857 544 4890 ι
591 4839 753 4895 homo
779 4854 810 4895 a
834 4841 945 4896 Deo
968 4843 1060 4912 qui
1090 4841 1387 4899 Sabhatum
1409 4860 1515 4900 non
1542 4846 1795 4902 custodit.
1820 4846 1926 4903 Alii
1952 4846 2104 4902 dice-

525 4948 544 4982 (
590 4931 722 4986 bant
755 4951 767 4986 :
808 4932 1088 5001 Quomodo
1114 4945 1290 5008 potest
1321 4938 1483 4994 homo
1509 4948 1768 5011 peccator
1794 4942 1913 4997 lucc
1946 4941 2104 5013 signa

524 5042 544 5075 ι
589 5023 803 5081 facere?
831 5027 900 5082 Et
918 5028 1153 5085 schisma
1174 5037 1293 5085 erat
1308 5030 1451 5086 inter
1467 5046 1581 5089 eos.
1595 5033 1794 5088 Dicunt
1811 5048 1941 5104 ergo
1960 5048 2105 5089 caeco

522 5134 543 5170 ι
589 5118 787 5173 iterum
817 5137 830 5174 :
857 5119 937 5174 Tu
960 5120 1090 5192 quid
1119 5120 1255 5178 dicis
1284 5123 1349 5179 de
1372 5139 1461 5191 eo,
1485 5124 1578 5195 qui
1605 5125 1820 5196 aperuit
1852 5126 1949 5185 tibi
1973 5141 2101 5183 ocu-

524 5226 545 5261 ¢
588 5208 669 5264 los
716 5211 874 5267 tuos?
923 5210 1017 5268 llle
1058 5221 1239 5270 autem
1271 5215 1452 5272 dixit:
1492 5217 1628 5283 Quia
1673 5219 1939 5289 propheta
1997 5229 2099 5277 est.

522 5321 542 5357 ι
586 5302 704 5359 Non
734 5306 1082 5363 crediderunt
1107 5322 1237 5379 ergo
1262 5306 1432 5367 Judaei
1478 5311 1547 5366 de
1591 5310 1703 5378 illo,
1753 5313 1881 5382 quia
1929 5329 2107 5372 cascus

522 5418 542 5454 ι
584 5398 774 5457 fuisset
794 5410 849 5459 et
880 5402 1125 5471 vidisset,
1155 5405 1328 5462 donec
1363 5412 1693 5461 vocaverunt
1713 5415 1967 5477 parentes
1987 5408 2106 5477 ejus

521 5510 542 5545 ι
585 5493 678 5563 qui
704 5493 930 5561 videret,
954 5505 1010 5552 et
1038 5497 1512 5568 interrogaverunt
1534 5511 1631 5552 eos
1674 5497 1920 5555 dicentes
1951 5517 1964 5553 :
1997 5498 2098 5555 Hic

519 5600 541 5635 ι
584 5591 671 5639 est
690 5581 833 5640 ﬁlius
853 5595 1230 5657 vester,quem
1254 5601 1351 5642 vos
1374 5586 1574 5652 dicitis,
1592 5588 1720 5658 quia
1744 5604 1921 5646 caecus
1939 5598 2100 5647 natus

519 5691 540 5731 ι
584 5685 688 5732 est.
720 5678 1001 5745 Quomodo
1029 5694 1160 5750 ergo
1184 5693 1330 5733 nunc
1351 5677 1535 5734 videt?
1575 5678 1992 5752 Responderunt
2017 5683 2098 5742 eis

519 5787 543 5825 ο
580 5779 833 5844 parentes
857 5771 976 5843 ejus
1004 5778 1062 5826 et
1102 5769 1397 5827 dixerunt:
1437 5769 1651 5828 Scimus
1698 5774 1826 5847 quia
1877 5775 1966 5833 hic
2014 5786 2100 5835 est

518 5880 541 5919 α
575 5864 721 5921 ﬁlius
764 5870 971 5932 noster,
997 5869 1055 5920 et
1077 5863 1204 5935 quia
1251 5878 1432 5923 caecus
1464 5872 1640 5924 natus
1679 5875 1784 5935 est,
1825 5872 2097 5941 quomodo

2209 4665 2437 4721 minatio
2457 4664 2611 4719 ﬁdes.
2639 4664 3003 4731 Quaestionem
3028 4663 3229 4735 quippe
3247 4662 3476 4718 Domino
3502 4678 3803 4735 proposue-

2208 4766 2371 4812 runt:
2407 4755 2539 4822 Quis
2579 4756 2827 4828 peccavit,
2862 4756 2946 4809 hic
2976 4764 3069 4808 aut
3101 4765 3343 4826 parentes
3376 4756 3517 4825 ejus,
3541 4764 3598 4809 ut
3625 4772 3801 4812 caecus

2208 4861 2508 4906 nasceretur
2524 4849 2548 4905 ?
2560 4849 2855 4919 Respondit
2865 4847 3023 4905 Jesus
3040 4867 3052 4902 :
3072 4846 3253 4919 Neque
3265 4849 3348 4903 hic
3367 4850 3618 4920 peccavit,
3632 4866 3799 4922 neque

2206 4954 2446 5017 parentes
2469 4946 2607 5017 ejus,
2628 4954 2685 5000 ut
2737 4961 2903 5000 ca'cus
2952 4952 3271 4998 nasceretur.
3318 4943 3603 4999 Habebant
3648 4945 3795 5000 enim

2206 5047 2491 5109 peccatum
2518 5048 2773 5111 parentes
2796 5038 2936 5109 ejus,
2957 5038 3052 5096 sed
3074 5054 3181 5095 non
3203 5039 3321 5109 ipso
3344 5049 3570 5110 peccato
3588 5038 3795 5095 factum

2208 5137 2309 5197 est,
2357 5137 2417 5185 ut
2461 5145 2637 5186 caecus
2681 5139 3035 5197 nasceretur,
3072 5130 3163 5186 sed
3222 5140 3280 5184 ut
3327 5130 3797 5199 manifestarentur

2207 5238 2366 5294 opera
2400 5222 2493 5276 Dei
2515 5226 2570 5277 in
2596 5221 2709 5276 illo.
2737 5222 2894 5290 Quod
2922 5230 3104 5278 autem
3131 5222 3264 5279 dicit
3296 5242 3309 5277 :
3337 5221 3426 5278 Me
3450 5233 3650 5295 oportet
3679 5240 3797 5296 ape-
3824 5223 3841 5233 “

2207 5313 2319 5366 rari
2343 5328 2501 5383 opera
2526 5311 2642 5381 ejus
2664 5312 2755 5381 qui
2798 5310 2939 5366 misit
2979 5328 3083 5378 me,
3131 5312 3296 5368 donec
3327 5313 3440 5368 dies
3468 5322 3565 5380 est,
3595 5322 3797 5370 semet-

2207 5407 2384 5477 ipsum
2407 5405 2596 5475 utique
2622 5404 2766 5460 diem
2788 5405 2845 5460 in
2885 5405 2989 5462 hoc
3018 5405 3137 5462 loco
3174 5407 3346 5464 voluit
3375 5409 3602 5480 intelligi
3632 5426 3648 5476 ;
3675 5409 3793 5481 ipse

2199 5497 2344 5553 enim
2363 5497 2440 5551 ait
2465 5514 2479 5551 :
2506 5494 2756 5561 Quandiu
2778 5514 2895 5552 sum
2920 5498 2976 5553 in
3002 5498 3101 5553 hoc
3120 5500 3316 5555 mundo
3331 5500 3425 5555 lux
3443 5516 3559 5555 sum
3583 5501 3788 5556 mundi.

2199 5589 2356 5658 Quod
2382 5605 2513 5645 vero
2538 5590 2615 5645 ait
2646 5608 2660 5645 :
2708 5587 2861 5647 Venit
2890 5609 3014 5657 nox,
3046 5593 3102 5648 in
3141 5611 3249 5666 qua
3296 5610 3447 5648 nemo
3470 5603 3637 5666 potest
3670 5611 3792 5666 ope-

2200 5682 2329 5747 rari,
2360 5681 2428 5739 de
2460 5690 2618 5739 nocte
2671 5682 2761 5740 illa
2806 5692 3010 5741 wterna
3062 5687 3459 5755 tenebrosaque
3506 5686 3670 5751 dicit,
3697 5685 3789 5742 ubi

2200 5776 2417 5849 reprobi
2463 5776 2745 5834 cruciaudi
2801 5787 2927 5835 sunt
2980 5778 3097 5835 sine
3136 5777 3261 5846 ﬁne,
3299 5779 3498 5852 quibus
3526 5780 3740 5838 dicetur
3771 5802 3786 5835 .-

2199 5873 2285 5931 Ite
2302 5863 2358 5931 in
2387 5876 2559 5945 ignem
2590 5884 2865 5945 aeternum,
2894 5876 2986 5946 qui
3007 5885 3237 5952 paratus.
3260 5885 3338 5934 est
3363 5875 3647 5952 diabolo.“
3690 5893 3788 5932 an-
