4110 6452
326 314 427 370 161
1103 309 1624 372 COLLECTIONES
1659 310 1731 369 IN
1769 306 2153 370 EPISTOLAS
2190 310 2281 369 ET
2321 312 2736 371 EVANGELIA.
3492 312 3597 371 162

320 429 454 504 geli:
481 429 618 501 ejus.
648 427 927 486 Tenebras
953 427 1162 486 scilicet
1188 429 1489 487 exteriores
1517 429 1573 485 in
1613 443 1751 499 quas
1789 444 1907 485 ser-
1932 427 1987 489 A
2016 445 2036 481 ι
2078 427 2303 485 vissimo
2332 428 2438 485 die.
2470 429 2614 485 Dicit
2637 430 2689 485 ei
2712 427 2872 485 Jesus
2900 443 2913 485 :
2946 426 3059 500 Ego
3101 442 3224 485 sum
3268 428 3598 489 resurrectio

319 538 424 579 vus
446 537 681 594 nequam
704 522 884 595 ligatis
921 523 1169 579 manibus
1192 531 1249 579 et
1290 523 1518 595 pedibus
1568 522 1903 595 projicietur.
2017 542 2037 576 ε
2081 531 2138 579 et
2161 523 2273 579 vita
2300 541 2313 577 :
2337 523 2430 595 qui
2452 523 2628 579 credit
2670 522 2725 578 in
2758 539 2868 590 me,
2899 521 3113 579 etiamsi
3152 531 3402 581 mortuus
3435 521 3602 581 fuerit

316 616 466 689 Ergo
501 618 630 674 dum
667 617 785 674 dies
818 618 976 675 nobis
1007 628 1123 686 est,
1150 619 1240 675 ille
1285 619 1376 691 qui
1413 619 1553 675 dixit
1581 637 1594 672 :
1624 617 1760 683 Ecce
1813 634 1907 690 ego
2014 634 2035 669 ι
2078 616 2242 673 vivet.
2272 616 2341 672 Et
2364 616 2544 671 omnis
2571 615 2665 686 qui
2690 616 2824 671 vivit
2850 625 2907 673 et
2930 616 3106 673 credit
3130 617 3187 672 in
3210 631 3321 682 me,
3344 632 3454 673 non
3475 629 3594 673 mo-

318 711 586 768 vobiscum
622 729 739 768 sum
765 714 1005 769 omnibus
1033 715 1216 769 diebus
1246 732 1409 787 usque
1461 714 1531 769 ad
1574 730 1907 770 consumma-
2014 729 2033 763 ι
2076 709 2248 767 rietur
2272 711 2328 766 in
2360 718 2646 765 :eternum.
2687 707 2877 767 Credis
2917 710 3054 767 hoc?
3099 709 3176 766 ait
3224 709 3337 766 illi:
3372 708 3598 781 Utique,

316 809 516 864 tionem
564 808 767 864 swculi.
822 808 1123 881 Operemur
1158 810 1360 866 bonum
1389 809 1459 865 ad
1484 824 1694 875 omnes,
1721 816 1781 863 ut
1808 823 1905 865 nos
2014 821 2033 856 ι
2079 803 2325 868 Domine,
2352 819 2453 875 ego
2480 803 2706 868 credidi,
2727 806 2852 873 quia
2874 811 2930 858 tu
2955 819 3016 859 es
3041 801 3293 861 Christus
3306 803 3478 860 Filius
3498 802 3595 860 Dei

313 900 408 956 illa
430 917 538 957 nox
563 917 672 957 non
702 903 1141 973 comprehendat,
1165 903 1258 959 ubi
1286 919 1446 961 nemo
1470 904 1643 976 possit
1664 902 1902 976 operari,
2012 913 2033 949 ‹
2073 897 2204 963 vivi,
2230 896 2322 967 qui
2347 896 2401 951 in
2428 895 2574 951 hunc
2606 895 2871 950 mundum
2915 895 3135 951 venisti.
3185 895 3254 951 Et
3306 910 3431 952 cum
3477 893 3596 951 hac

314 996 412 1052 sed
439 994 584 1064 quod
607 1007 865 1069 operatus
892 1008 977 1054 εει
1010 998 1274 1070 κείρει-ε,
2013 1004 2034 1039 ι
2078 987 2327 1053 dixisset,
2349 985 2482 1042 abiit
2508 995 2565 1042 et
2605 986 2820 1043 vocavit
2859 985 3087 1041 Mariam
3141 1003 3386 1045 sororem
3438 1003 3592 1044 suam

389 1089 499 1161 (Ea:
524 1089 771 1163 Hieron.)
827 1091 976 1148 Siloa
1029 1093 1151 1149 fons
1198 1101 1283 1150 est
1327 1095 1396 1151 ad
1443 1096 1657 1152 radices
1703 1093 1905 1151 montis

2013 1101 2033 1135 ι
2079 1083 2317 1150 silentio,
2343 1083 2530 1139 dicens
2562 1101 2574 1138 :
2608 1081 2865 1153 Magister
2906 1081 3091 1148 adest,
3117 1090 3174 1137 et
3207 1089 3367 1138 vocat
3395 1091 3468 1138 te.
3498 1081 3594 1138 Illa

313 1180 470 1248 Sion,
493 1183 586 1253 qui
616 1199 723 1239 non
752 1182 972 1257 jugibus
1003 1186 1181 1256 aquis,
1204 1187 1299 1243 sed
1329 1187 1553 1244 incertis
1580 1187 1733 1243 horis
1753 1187 1905 1243 clm]-
2013 1194 2032 1229 ‹
2073 1184 2134 1231 ut
2162 1176 2387 1242 audivit,
2419 1175 2653 1233 surrexit
2677 1174 2808 1242 cito,
2832 1182 2886 1230 et
2908 1174 3056 1231 venit
3075 1174 3144 1230 ad
3173 1190 3318 1231 eum.
3343 1174 3595 1231 Nondum

309 1274 375 1332 1i;
396 1292 495 1347 per
523 1293 761 1334 concava
794 1287 1083 1342 terrarum,
1116 1280 1210 1335 ubi
1250 1297 1426 1337 aecus
1456 1282 1573 1338 ιυιο
1607 1281 1772 1347 lavat,
1805 1297 1903 1337 cm.
2012 1287 2033 1321 ι
2077 1268 2223 1325 enim
2261 1276 2487 1323 venerat
2509 1266 2667 1325 Jesus
2695 1267 2751 1323 in
2791 1267 3107 1333 castellum,
3136 1267 3230 1323 sed
3270 1276 3389 1323 erat
3418 1266 3593 1322 adhuc

308 1369 478 1425 citate
505 1369 739 1435 detersa,
766 1371 973 1427 clarum
1001 1372 1282 1429 oculorum
1314 1374 1498 1428 ιιιηιρη
1528 1374 1759 1442 accepit,
1794 1387 1902 1444 quo
2011 1381 2029 1414 ‹
2075 1363 2129 1418 in
2152 1362 2244 1418 illo
2269 1362 2389 1418 loco
2424 1362 2514 1419 ubi
2544 1370 2859 1418 occurrerat
2883 1361 2934 1417 ei
2964 1360 3194 1416 Martha.
3236 1358 3407 1416 Judaei
3458 1376 3591 1432 ergo

310 1461 601 1527 indicatur,
633 1479 741 1518 non
767 1463 925 1520 aliter
945 1467 1243 1523 czecitatem
1270 1465 1578 1522 Iudaeorum
1597 1467 1683 1523 vel
1712 1482 1901 1524 omnes

2009 1474 2029 1507 ‹
2074 1456 2166 1527 qui
2204 1463 2509 1511 erantcum
2532 1471 2595 1513 ea
2629 1456 2684 1510 in
2710 1455 2892 1520 domo,
2923 1463 2978 1511 et
3001 1453 3422 1510 consolabantur
3443 1467 3586 1520 eam,

309 1555 622 1614 incredulos
647 1571 806 1627 posse
830 1560 1035 1625 sanari,
1062 1560 1165 1616 nisi
1192 1560 1441 1616 doctrina
1463 1576 1726 1631 aquarum
1747 1560 1902 1616 Chri—
2009 1566 2029 1599 ι
2070 1562 2194 1603 cum
2219 1539 2484 1602 Vidissem
2510 1546 2757 1613 Mariam.
2782 1547 2907 1617 (ιιιὶα
2941 1547 3051 1602 Cito
3082 1545 3319 1601 ευῐτθκίῐ
3347 1552 3402 1601 ει
3435 1544 3591 1610 “iit.

307 1654 404 1718 sti,
433 1670 554 1723 qua,
582 1656 787 1725 absque
814 1656 1041 1727 strepitu
1070 1663 1126 1711 ει
1169 1654 1407 1712 clamore
1446 1657 1735 1712 verborum
1767 1656 1901 1711 levi.
2009 1659 2029 1693 ι
2075 1641 2245 1697 seculi
2275 1649 2402 1697 sunt
2440 1656 2562 1697 eam
2594 1640 2838 1697 dicentes
2864 1660 2882 1695 ς
2923 1640 3059 1707 Quia
3088 1639 3235 1695 vadit
3275 1638 3343 1695 ad
3389 1653 3586 1693 monu-

304 1751 396 1799 ter
425 1743 560 1812 ﬂuit,
590 1747 644 1800 in
674 1747 811 1803 Isaia
860 1748 1007 1802 enim
1040 1746 1312 1818 legimus,
1354 1762 1525 1818 aquas
1572 1745 1745 1813 Siloa,
1775 1761 1896 1818 qua;
1925 1810 1968 1818 _
2009 1756 2030 1790 ι
2074 1746 2342 1805 mentum,
2378 1745 2439 1792 ut
2474 1738 2651 1808 ploret
2682 1736 2777 1792 ibi.
2804 1735 2972 1791 Maria
3011 1752 3141 1809 ergo
3188 1751 3312 1792 cum
3351 1734 3592 1790 venisset

304 1836 513 1893 vadunt
536 1810 661 1894 cum
696 1838 931 1895 silentio.
1106 1810 1133 1818 v
1298 1810 1306 1813 ⁷
1404 1810 1423 1818 ⁵
1730 1810 1738 1813 ’
1792 1810 1811 1818 ’
1924 1810 1973 1871 Β
2006 1851 2027 1885 ‹
2069 1833 2163 1887 ubi
2190 1840 2309 1887 erat
2333 1829 2511 1897 Jesus,
2542 1831 2733 1886 videns
2754 1844 2879 1885 eum
2905 1829 3104 1885 cecidit
3129 1829 3197 1884 ad
3238 1828 3406 1899 pedes
3446 1826 3588 1897 ejus,

2004 1942 2024 1976 σ
2068 1934 2124 1980 et
2146 1924 2285 1979 dixit
2306 1924 2356 1979 ei
2384 1942 2397 1978 :
2424 1922 2673 1988 Domine,
2703 1922 2751 1977 si
2777 1919 2977 1976 fuisses
2996 1919 3105 1986 hic,
3132 1935 3240 1974 non
3264 1928 3408 1975 esset
3435 1932 3585 1973 mor-

536 1976 739 2034 FER”
780 1977 1008 2035 SEXTA
1042 1978 1220 2037 POST
1258 1978 1657 2039 VICESNAM'
2000 2037 2021 2070 ‹
2066 1976 2776 2074 tuuis-fratermeusJesus
2801 2030 2933 2087 ergo
2963 2021 3025 2069 ut
3049 1976 3183 2069 vidit
3212 2027 3331 2068 eam
3372 2011 3589 2083 ploran-

663 2106 1003 2148 evanoeuun
1040 2109 1415 2159 JOANNIS,CAP.
1453 2110 1532 2150 x1.
2002 2127 2021 2162 ι
2065 2118 2174 2166 lem
2218 2119 2274 2166 ει
2315 2109 2552 2173 Judznos,
2580 2108 2674 2179 qui
2699 2114 2964 2163 venerant
3016 2122 3141 2163 cum
3177 2121 3244 2163 eo
3285 2104 3581 2176 plorantes,

378 2228 398 2259 ‹
436 2207 568 2264 Erat
599 2211 819 2280 quidam
859 2211 1121 2282 languens
1146 2212 1388 2269 Lazarus
1430 2228 1461 2268 a
1508 2211 1793 2277 Bethania,
1826 2212 1892 2266 de
1998 2222 2018 2255 α
2062 2202 2283 2258 fremuit
2320 2202 2533 2273 spiritu,
2561 2210 2619 2257 et
2645 2199 3161 2285 turbavitseipsum,
3189 2206 3246 2254 et
3274 2197 3412 2253 dixit
3439 2216 3451 2251 :
3478 2191 3588 2252 Ubi

304 2318 326 2352 σ
370 2300 598 2357 castello
627 2301 811 2357 Mariae
836 2310 891 2356 et
921 2302 1146 2359 Marthae
1172 2305 1377 2360 sororis
1404 2303 1542 2373 eius.
1590 2304 1757 2358 Maria
1798 2319 1893 2357 au-
2000 2314 2019 2350 ι
2059 2297 2289 2367 posuisti
2327 2297 2487 2352 eum?
2526 2296 2723 2352 Dicunt
2768 2295 2863 2351 ei:
2903 2293 3152 2359 Domine,
3181 2292 3306 2347 veni
3350 2301 3406 2344 et
3442 2288 3588 2347 vide.

298 2414 320 2448 ι
368 2406 482 2452 tem
503 2406 623 2452 erat
641 2413 763 2467 qua:
790 2398 945 2452 unxit
966 2398 1256 2453 Dominum
1283 2404 1558 2467 unguento
1587 2403 1642 2450 et
1666 2395 1895 2450 extersit
2000 2404 2021 2438 ε
2060 2386 2130 2441 Et
2159 2387 2491 2457 lacrymatus
2524 2394 2608 2441 εει
2638 2386 2815 2442 JBSuS-
2861 2385 3127 2440 Dixerunt
3167 2398 3299 2451 ει·κο
3345 2379 3517 2436 «Indici
3564 2394 3582 2435 ³

298 2506 320 2539 ι
364 2488 537 2557 pedes
564 2489 681 2559 ejus
709 2488 918 2557 capillis
947 2488 1078 2554 suis,
1111 2487 1266 2556 cujus
1302 2488 1473 2542 frater
1517 2485 1760 2541 Lazarus
1804 2486 1892 2541 in-
1999 2502 2020 2534 ι
2065 2481 2206 2537 Ecce
2232 2480 2501 2551 quomodo
2536 2482 2754 2536 amabat
2775 2497 2921 2537 eum.
2954 2479 3190 2547 Quidam
3216 2488 3400 2533 autem
3428 2476 3583 2533 dixe-

297 2598 319 2631 ι
369 2577 710 2634 firmabatur.
742 2578 1006 2634 Miserunt
1034 2594 1164 2650 ergo
1195 2594 1411 2635 sorores
1455 2579 1571 2649 ejus
1623 2578 1691 2632 ad
1741 2592 1887 2644 eum,
2000 2592 2020 2626 ‹
2064 2584 2193 2629 runt
2216 2589 2283 2630 ex
2308 2574 2441 2645 ipsis
2471 2589 2486 2627 :
2515 2573 2632 2629 Non
2663 2582 2878 2644 poterat
2902 2572 3013 2638 hic,
3036 2568 3129 2642 qui
3152 2571 3364 2642 aperuit
3390 2570 3580 2629 oculos

299 2689 319 2722 ι
367 2672 613 2726 dicentes
649 2672 933 2735 :Domine,
966 2687 1095 2727 ecce
1151 2685 1311 2740 quem
1361 2685 1512 2725 amas
1558 2669 1884 2724 infirmatur.
1998 2683 2018 2718 σ
2061 2665 2192 2721 caeci
2235 2665 2370 2731 nati,
2404 2664 2603 2731 facere,
2625 2675 2685 2720 ut
2715 2674 2770 2721 et
2790 2666 2880 2721 hic
2909 2680 3016 2721 non
3051 2666 3391 2722 moreretur?
3420 2663 3581 2729 Iesus

298 2779 318 2813 ‹
364 2761 604 2817 Audiens
624 2771 802 2817 autem
825 2761 982 2817 Jesus
1008 2761 1144 2818 dixit
1165 2762 1246 2817 eis
1276 2780 1289 2815 :
1319 2760 1613 2817 infirmitas
1633 2761 1752 2817 b:ec
1779 2775 1887 2816 non
1995 2776 2017 2811 ι
2061 2774 2191 2830 ergo
2219 2774 2436 2814 rursum
2464 2757 2703 2815 fremens
2727 2759 2781 2814 in
2803 2758 3098 2829 semetipso
3122 2758 3274 2816 venit
3294 2759 3362 2813 ad
3391 2773 3586 2815 monu-

299 2873 319 2906 ι
365 2855 546 2911 est-ad
575 2864 826 2920 mortem,
863 2855 957 2911 sed
982 2870 1082 2925 pro
1110 2854 1282 2926 gloria
1313 2854 1431 2922 Dei,
1463 2862 1525 2909 ut
1552 2853 1889 2926 glorificctur
1996 2871 2016 2907 ι
2060 2862 2325 2910 mentum.
2354 2854 2489 2910 Erat
2528 2865 2712 2912 autem
2745 2856 3003 2928 spelunca
3032 2864 3086 2913 et
3109 2856 3249 2928 lapis
3276 2857 3587 2929 superposi-

297 2965 317 2998 ι
362 2946 534 3004 Filius
552 2948 648 3004 Dei
668 2963 765 3019 per
786 2963 927 3003 eam.
952 2947 1220 3018 Diligebat
1240 2954 1421 3003 autem
1442 2946 1598 3003 Jesus
1619 2946 1886 3003 Martham
1994 2966 2014 3001 ‹
2061 2956 2294 3009 ιιιεάξηι
2322 2949 2392 3005 ei.
2430 2948 2524 3004 Ait
2549 2948 2707 3007 Jesus
2749 2969 2762 3005 :
2802 2949 2994 3006 Tollite
3034 2949 3289 3021 lapidem.
3342 2951 3485 3007 Dicit
3529 2950 3582 3008 ei

295 3059 317 3093 ι
362 3050 419 3097 et
440 3057 683 3098 sororem
712 3042 829 3112 ejus
853 3041 1078 3097 Mariam
1105 3050 1161 3097 et
1179 3040 1466 3097 Lazarum.
1488 3040 1560 3097 Ut
1588 3055 1717 3114 ergo
1739 3040 1888 3098 audi-
1994 3058 2014 3093 ι
2060 3040 2270 3098 Martha
2314 3058 2470 3099 soror
2493 3041 2627 3112 ejus,
2656 3044 2750 3115 qui
2787 3052 3034 3101 mortuus
3072 3043 3249 3101 fuerat
3278 3061 3294 3099 :
3326 3045 3575 3112 Domine,

295 3151 316 3185 ι
359 3134 438 3188 vit
464 3134 588 3204 quia
622 3133 1024 3199 infirmabatur,
1049 3141 1176 3189 tunc
1195 3134 1414 3203 quidem
1445 3134 1647 3189 mansit
1672 3133 1883 3189 duobus
1909 3173 1954 3238 Ο
1994 3151 2015 3184 ι
2049 3130 2168 3202 iam
2192 3132 2369 3200 fmtet,
2401 3134 2799 3205 quatriduanus
2830 3136 2977 3191 enim
3009 3142 3111 3191 est.
3137 3136 3283 3192 Dicit
3300 3135 3349 3191 ei
3379 3134 3576 3191 Jesus:

293 3246 314 3280 ι
360 3228 551 3284 diebus
575 3228 630 3283 in
656 3228 843 3284 eodem
871 3226 1013 3283 loco.
1047 3226 1251 3283 Deinde
1278 3235 1400 3297 post
1426 3227 1544 3282 haec
1592 3225 1728 3282 dicit
1778 3226 1884 3281 dis-
1915 3225 1954 3238 "
1992 3247 2013 3279 ι
2057 3227 2249 3285 Nonne
2269 3228 2379 3283 dixi
2408 3228 2527 3294 tibi,
2552 3230 2810 3299 quoniam
2838 3230 2885 3285 si
2913 3228 3213 3286 credideris
3234 3229 3447 3285 videbis
3466 3229 3581 3301 glo-

291 3336 312 3371 ι
357 3319 551 3390 cipulis
577 3320 690 3376 suis
729 3339 742 3373 :
785 3319 985 3374 Eamus
1008 3319 1063 3373 in
1084 3316 1326 3373 Judzeam
1350 3317 1567 3373 iterum.
1597 3317 1795 3372 Dicunt
1830 3317 1881 3371 ei
1991 3338 2011 3371 ι
2058 3320 2199 3375 riam
2238 3320 2373 3375 Dei?
2422 3320 2686 3376 Tulerunt
2713 3336 2845 3392 ergo
2879 3320 3135 3391 lapidem.
3186 3317 3345 3377 Jesus
3391 3329 3575 3377 autem

292 3430 313 3464 ι
357 3412 607 3483 discipuli
632 3431 645 3466 :
670 3410 1356 3482 Rabbi,nuncquaercbant
1373 3417 1428 3466 te
1446 3407 1617 3465 Judaei
1638 3408 1881 3479 lapidare
1990 3430 2009 3463 ι
2054 3411 2283 3468 elevatis
2325 3427 2542 3467 sursum
2585 3410 2760 3468 oculis
2784 3411 2918 3467 dixit
2951 3430 2963 3465 :
2993 3410 3189 3478 Pater,
3220 3409 3428 3484 gratias
3473 3426 3576 3480 ago

288 3522 308 3556 ε
356 3512 414 3560 et
460 3504 656 3559 iterum
700 3504 856 3559 vadis
903 3502 1063 3558 illuc?
1106 3501 1406 3572 Respondit
1450 3500 1608 3558 Jesus
1644 3521 1658 3557 :
1691 3501 1880 3558 Nonne
1988 3523 2009 3558 ι
2055 3504 2174 3570 tibi,
2203 3503 2459 3575 quoniam
2490 3503 2686 3560 audisti
2711 3518 2819 3569 me,
2845 3511 3140 3576 egoautem
3168 3502 3430 3570 sciebam,
3447 3502 3575 3574 quia

287 3614 309 3647 ι
356 3596 640 3651 duodecim
667 3596 816 3651 horae
846 3604 972 3651 sunt
1001 3594 1142 3650 diei?
1170 3592 1228 3649 Si
1261 3594 1385 3665 quis
1422 3593 1782 3650 ambulaverit
1824 3595 1878 3650 in
1988 3616 2009 3650 ς
2050 3613 2266 3669 semper
2291 3614 2380 3653 me
2406 3598 2582 3653 audis.
2629 3596 2736 3653 Sed
2782 3606 3007 3669 propter
3049 3596 3307 3668 populum
3349 3596 3441 3667 qui
3466 3595 3575 3653 cir-

287 3705 309 3738 σ
353 3687 443 3742 die
471 3702 578 3741 non
613 3687 855 3749 offendit,
882 3688 1010 3758 quia
1049 3687 1227 3742 lucem
1260 3684 1423 3756 hujus
1477 3686 1662 3741 mundi
1706 3686 1873 3740 videt.
1985 3708 2005 3742 ι
2051 3698 2289 3748 cumstat
2321 3689 2454 3755 dixi,
2480 3697 2541 3745 ut
2567 3688 2774 3755 credat,
2805 3688 2931 3759 quia
2957 3695 3016 3743 tu
3041 3703 3130 3743 me
3160 3687 3380 3744 misisti.
3432 3684 3563 3749 ﬂxec

286 3798 307 3831 ι
356 3778 415 3835 Si
446 3790 627 3836 autem
657 3780 1013 3836 ambulaverit
1047 3779 1099 3835 in
1136 3789 1315 3846 nocte,
1348 3779 1591 3845 offendit,
1624 3779 1751 3850 quia
1783 3778 1877 3835 lux
1984 3800 2004 3833 ι
2047 3798 2173 3840 cum
2197 3782 2443 3847 dixisset,
2471 3795 2607 3837 voce
2631 3795 2828 3853 magna
2868 3778 3126 3836 clamavit
3156 3797 3170 3834 :
3199 3778 3428 3844 Lazare,
3445 3777 3572 3835 veni

285 3891 307 3924 ‹
352 3888 460 3927 non
493 3880 577 3928 est
602 3873 656 3927 in
687 3888 769 3928 eo.
794 3871 922 3928 llaec
946 3873 1042 3928 ait.
1084 3872 1152 3927 Et
1174 3879 1298 3943 post
1323 3873 1439 3928 haec
1465 3872 1595 3927 dicit
1621 3872 1740 3927 eis:
1772 3870 1876 3925 La-
1985 3892 2003 3926 ι
2047 3873 2216 3929 foras.
2256 3873 2325 3928 Et
2359 3874 2545 3929 statim
2572 3873 2795 3944 prodiit,
2819 3872 2910 3943 qui
2952 3871 3130 3929 fuerat
3160 3880 3409 3929 mortuus
3437 3872 3571 3945 liga-

284 3982 305 4015 ι
353 3980 515 4019 zarus
540 3963 748 4019 amicus
773 3972 959 4019 noster
989 3963 1211 4030 dormit,
1234 3964 1329 4019 sed
1365 3963 1505 4019 vado
1529 3970 1589 4017 ut
1617 3978 1649 4017 a
1683 3978 1874 4018 somno
1982 3985 2001 4019 ‹
2044 3974 2135 4023 tus
2164 3980 2359 4022 manus
2386 3973 2442 4022 et
2468 3966 2635 4036 pedes
2657 3964 2879 4021 institis.
2911 3964 2981 4019 Et
3000 3964 3169 4021 facies
3185 3963 3329 4021 illius
3349 3964 3571 4023 sudario

283 4074 305 4108 ι
351 4057 589 4113 excitem
617 4071 760 4111 eum.
803 4056 1073 4113 Dixerunt
1113 4072 1243 4127 ergo
1279 4057 1528 4128 discipuli
1578 4057 1734 4128 ejus:
1768 4058 1875 4113 Do-
1982 4078 2002 4112 ι
2043 4066 2164 4115 erat
2189 4058 2375 4130 ligata.
2404 4056 2552 4111 Dicit
2578 4056 2627 4111 ei
2664 4054 2823 4112 Iesus
2864 4073 2878 4110 :
2916 4053 3122 4111 Solvite
3143 4070 3292 4120 eum,
3322 4063 3381 4111 et
3406 4055 3570 4111 sinite

281 4167 303 4201 ι
346 4148 521 4211 mine,
546 4146 590 4201 si
622 4147 841 4209 dormit,
872 4148 1054 4203 salvus
1078 4150 1203 4203 erit.
1228 4148 1450 4203 Dixerat
1491 4156 1674 4203 autem
1714 4147 1874 4204 Iesus
1980 4171 2000 4203 ι
2047 4152 2219 4207 abire.
2247 4148 2401 4204 Multi
2452 4162 2586 4217 ergo
2629 4162 2694 4203 ex
2743 4145 2978 4210 Iudaeis,
3026 4146 3120 4216 qui
3174 4152 3438 4201 venerant
3498 4144 3569 4201 ad

283 4259 306 4293 ε
352 4240 421 4295 de
447 4246 625 4294 morte
650 4237 788 4307 ejus,
809 4238 884 4293 illi
914 4247 1093 4295 autem
1128 4246 1476 4310 putaverunt,
1509 4241 1636 4310 quia
1660 4240 1728 4294 de
1748 4241 1873 4295 dor-
1981 4261 2000 4294 ι
2044 4241 2272 4296 Mariam
2328 4248 2385 4295 et
2436 4238 2686 4294 viderant
2734 4251 2856 4308 quae
2904 4235 3066 4301 fecit,
3108 4235 3460 4293 crediderunt
3510 4236 3565 4293 in

281 4350 303 4384 ι
344 4331 572 4387 mitione
606 4330 781 4386 somni
810 4330 1037 4386 diceret.
1066 4330 1220 4387 Tunc
1254 4346 1384 4403 ergo
1429 4331 1568 4387 dixit
1606 4331 1686 4387 eis
1712 4328 1871 4386 Jesus
1981 4352 2002 4386 σ
2043 4349 2189 4390 eum.
2237 4352 2257 4385 ι

281 4444 303 4477 ι
344 4422 632 4480 manifeste
662 4439 678 4478 :
713 4422 959 4481 Lazarus
990 4432 1235 4481 mortuus
1264 4432 1369 4490 est,
1395 4433 1450 4480 et
1487 4424 1697 4494 gaudeo
1742 4438 1871 4494 pro-
2044 4426 2179 4481 Erat
2209 4433 2384 4481 autem
2411 4423 2627 4496 quidam
2654 4425 2907 4496 languens
2948 4424 3191 4482 Lazarus
3233 4443 3268 4481 a
3304 4423 3566 4481 Bethania

281 4535 304 4568 ι
348 4526 471 4588 pter
495 4532 614 4582 vos,
636 4524 698 4571 ut
723 4517 981 4581 credatis,
1006 4518 1132 4587 quia
1161 4532 1267 4572 non
1309 4532 1459 4573 eram
1501 4516 1597 4581 ibi,
1632 4517 1728 4572 sed
1782 4531 1869 4572 ea-
1892 4542 1948 4603 Β
1973 4519 2038 4573 de
2074 4516 2286 4572 castello
2322 4515 2515 4571 Maria!
2539 4525 2588 4572 et
2614 4515 2844 4573 Martha:
2865 4520 3065 4574 sororis
3094 4519 3231 4589 ejus,
3264 4527 3370 4575 etc.
3416 4519 3565 4575 Inter

281 4627 304 4660 ε
347 4624 471 4664 mus
500 4608 567 4662 ad
588 4623 731 4663 eum.
774 4608 921 4663 Dixit
944 4623 1072 4678 ergo
1101 4627 1115 4662 :
1149 4608 1387 4664 Thomas
1417 4608 1510 4679 qui
1546 4607 1744 4663 dicitur
1763 4609 1868 4680 Dy-
1971 4612 2154 4669 omnia
2174 4610 2438 4667 miracula
2460 4625 2583 4681 quae
2601 4611 2730 4666 fecit
2749 4611 3012 4667 Dominus
3035 4620 3220 4668 noster
3236 4610 3394 4668 Jesus
3410 4610 3565 4668 Chri-

281 4717 303 4752 σ
351 4698 553 4765 dimus,
581 4700 647 4756 ad
675 4699 1092 4769 condiscipulos,
1121 4715 1310 4756 eamus
1349 4709 1406 4756 et
1442 4716 1543 4757 nos
1581 4707 1637 4756 et
1666 4702 1871 4756 moria-
1970 4711 2112 4769 stus,
2136 4702 2331 4758 Lazari
2360 4703 2690 4758 resurrectio
2713 4704 2987 4774 prmeipue
3026 4705 3372 4776 praedicatur.
3426 4702 3562 4763 Tres

279 4816 302 4848 ι
348 4813 474 4853 mur
498 4814 621 4854 cum
665 4811 749 4852 eo.
780 4795 943 4852 Venit
986 4798 1169 4867 itaque
1212 4797 1369 4853 Jesus
1417 4806 1473 4853 et
1510 4797 1717 4853 invenit
1743 4812 1866 4853 eum
1969 4807 2154 4854 tamen
2177 4804 2427 4852 mortuos
2467 4810 2498 4851 a
2530 4796 2761 4852 Domino
2788 4799 3146 4855 resuscitatos
3175 4799 3231 4854 in
3267 4798 3559 4871 Evangelia

279 4908 301 4944 σ
347 4896 580 4961 quatuor
606 4888 722 4944 dies
738 4887 849 4957 jam
906 4889 959 4943 in
993 4897 1343 4944 monumento
1370 4888 1683 4945 habentem.
1732 4888 1867 4944 Erat
1968 4888 2217 4961 legimus.
2249 4887 2614 4944 Resuscitavit
2642 4887 2808 4944 filiam
2859 4890 3270 4963 archisynagogi
3300 4892 3477 4949 adhuc
3504 4893 3560 4950 in

278 4998 300 5031 ς
349 4989 527 5036 autem
557 4978 815 5034 Bethania
839 4977 993 5045 juxta
1022 4978 1649 5051 llierosolymam,quasi
1676 4982 1868 5037 stadiis
1970 4982 2131 5038 domo
2149 4978 2423 5049 iacentem
2455 4999 2468 5034 :
2503 4979 2850 5036 resuscitavit
2868 4978 3149 5049 juvenem,
3186 4980 3356 5038 filium
3382 4983 3559 5040 viduae

279 5093 299 5126 ι
345 5072 675 5142 quindecim.
712 5071 860 5127 Multi
910 5080 1091 5127 autem
1138 5088 1205 5129 ex
1248 5071 1449 5129 Judzeis
1488 5082 1755 5130 venerant
1795 5074 1865 5131 ad
1969 5081 2125 5129 extra
2148 5081 2364 5144 portam
2397 5071 2635 5128 civitatis
2657 5070 2893 5128 elatum:
2919 5072 3268 5129 resuscitavit
3288 5073 3557 5130 Lazarum

278 5184 298 5217 ι
344 5164 614 5221 Martham
635 5175 689 5221 et
714 5166 781 5220 ad
811 5165 1032 5221 Mariam
1052 5206 1067 5231 ,
1099 5177 1157 5222 ut
1203 5167 1616 5224 consolarentur
1659 5183 1753 5223 eas
1797 5169 1865 5224 de
1967 5164 2236 5235 sepultum
2265 5163 2707 5234 quatriduanum.
2750 5163 2888 5221 Tres
2917 5163 3005 5220 isti
3034 5166 3234 5221 mortui
3257 5173 3368 5221 tres
3389 5163 3557 5235 signi-

279 5276 299 5310 α
343 5257 515 5314 fratre
538 5275 654 5314 suo.
679 5259 888 5316 Martha
914 5277 1043 5333 ergo
1061 5270 1122 5317 ut
1147 5255 1354 5316 audivit
1370 5260 1497 5331 quia
1512 5257 1670 5316 Jesns
1688 5259 1860 5327 venit,
1966 5256 2137 5314 ficant
2161 5255 2592 5312 resurrectiones
2624 5255 2951 5312 animarum.
3000 5255 3282 5313 lntueatur
3322 5256 3557 5327 quisque

278 5367 298 5400 σ
342 5351 585 5405 occurrit
611 5350 705 5405 illi.
735 5350 901 5406 Maria
930 5360 1109 5407 autem
1130 5352 1275 5407 domi
1296 5352 1538 5409 sedebat.
1560 5352 1709 5407 Dixit
1729 5365 1861 5422 ergo
1965 5351 2204 5407 animam
2251 5365 2425 5416 suam,
2457 5349 2504 5405 si
2543 5357 2756 5421 peccat,
2786 5349 3048 5414 moritur,
3074 5355 3359 5421 peccatum
3399 5364 3551 5407 mors

277 5458 297 5491 ι
329 5440 538 5497 Martha
583 5441 648 5497 ad
682 5441 867 5498 Jesum
896 5461 909 5497 :
934 5443 1180 5510 Domine,
1221 5446 1267 5500 si
1319 5444 1515 5501 fuisses
1553 5445 1664 5510 hic,
1688 5444 1857 5501 frater
1963 5442 2160 5498 animae
2200 5450 2302 5498 est.
2327 5440 2511 5496 Prima
2549 5455 2717 5507 mors,
2747 5440 3034 5498 consensio
3062 5438 3553 5507 estpeccati,hanc

277 5551 297 5584 ι
340 5550 495 5590 meus
534 5551 640 5591 non
685 5534 876 5591 fuisset
915 5544 1179 5591 mortuus.
1222 5535 1329 5593 Sed
1371 5554 1516 5594 nunc
1557 5537 1694 5603 scio,
1726 5537 1853 5609 quia
1961 5542 2193 5592 mortem
2234 5531 2577 5605 significabat
2602 5531 2781 5605 puella
2815 5531 2940 5596 illa,
2983 5545 3104 5600 qua:
3146 5529 3387 5588 nondum
3430 5542 3553 5593 erat

276 5642 299 5678 ι
340 5641 675 5698 quaecunque
713 5628 1027 5700 poposceris
1069 5644 1098 5683 a
1130 5629 1240 5684 Deo
1266 5629 1411 5685 dabit
1440 5630 1536 5685 tibi
1566 5631 1729 5686 Deus.
1762 5629 1854 5685 Di-
1960 5627 2109 5685 foras
2140 5626 2302 5693 elata,
2336 5625 2429 5682 sed
2467 5626 2523 5681 in
2566 5625 2727 5683 domo
2764 5630 2980 5680 mortua
3027 5622 3264 5692 iacebat,
3292 5632 3349 5681 et
3389 5629 3548 5700 quasi

271 5728 296 5766 ι
342 5716 418 5772 cit
442 5717 517 5773 illi
545 5716 736 5774 Jesns:
767 5719 1035 5792 Resurget
1056 5718 1224 5777 frater
1250 5728 1393 5776 tuus.
1443 5721 1585 5777 Dicit
1619 5722 1669 5777 ei
1711 5721 1854 5778 Mar—
1958 5728 2243 5794 peccatum
2292 5717 2524 5776 interius
2566 5716 2787 5774 latebat.
2841 5713 3091 5771 Secunda
3120 5731 3269 5775 mors
3293 5727 3401 5785 est,
3429 5735 3537 5776 non

267 5822 288 5865 α
332 5813 433 5873 the
466 5830 481 5868 :
514 5811 660 5883 Scio,
685 5815 813 5887 quia
843 5823 1090 5888 resurget
1114 5816 1169 5873 in
1210 5817 1611 5875 resurrectione
1656 5816 1712 5875 in
1756 5833 1853 5889 no-
1958 5816 2132 5874 solum
2156 5814 2466 5873 consentire
2491 5817 2739 5884 peccato,
2764 5806 3046 5867 sedetiam
3077 5807 3279 5870 facere.
3322 5810 3438 5870 Hoc
3461 5813 3556 5888 si-g

1858 5976 1863 5981 ο
1882 5976 1910 5985 ι..
