4110 6448
577 345 683 413 163

1874 326 2233 405 samem
2266 315 2562 405 terms

3752 344 3864 411 {Bt

572 465 1118 540 gniﬁcsbatjuvenis,
1138 479 1303 539 quem
1322 465 1583 523 Dominus
1609 414 1964 538 poenitentem
1996 466 2159 553 matri
2185 446 2240 527 Ᾰ
2263 462 2398 525 tales
2424 446 2690 523 Dominus
2731 446 3054 523 eicitaudos
3078 458 3193 522 nos
3217 450 3545 537 dedignatur
3569 460 3856 530 aéeedere.

574 574 709 627 sua,
740 559 797 617 id
832 566 936 628 est,
958 558 1216 615 Ecclesia
1250 559 1635 617 resuscitatum
1675 558 1875 641 reddit.
1918 546 2165 621 Tertium

2333 582 2484 639 Dixit
2511 597 2634 653 ergo
2655 578 2873 637 Martha
2897 564 2966 637 ad
2986 579 3193 647 Iesum,
3216 568 3439 636 Domine
3459 582 3506 638 si
3524 583 3715 654 fuisses
3742 580 3853 658 hic,

570 668 744 726 8⁸³⁸³⁸
796 652 992 709 monis
1033 651 1274 709 immane
1298 661 1407 720 θδίν
1436 654 1772 737 consuetudo
1816 654 1980 748 mala!
2018 654 2165 748 quod
2264 677 2432 748 frater
2614 694 2718 732 non
2741 676 2926 747 fuisset
2948 684 3209 731 mortuus.
3235 674 3382 730 Dixit
3406 675 3488 731 illi
3509 651 3671 734 .lesus
3697 698 3716 735 :
3748 651 3858 736 Re:-

566 745 913 818 signiﬁcatur
940 758 1040 816 per
1076 753 1369 814 Lazarum,
1397 746 1542 804 unde
1571 754 1626 803 et
1651 732 1791 807 bene
1815 732 1882 807 de
1908 747 2000 808 illo
2029 747 2163 805 dici-

570 842 679 903 tur,
708 834 879 891 itetet.
913 835 1107 908 incipit
1145 835 1294 891 enim
1326 836 1545 917 .babere
1588 838 1881 909 pessimam
1932 838 2159 907 famam,

569 939 640 980 ne
665 924 920 996 desperet
942 935 1220 999 peccator,
1247 927 1669 1007 quiaDominus
1698 945 1891 988 omnes
1940 931 2158 989 miseri-

566 1016 804 1073 corditer
843 1019 1211 1077 resuscitavit.
1244 1020 1400 1088 Quod
1427 1030 1609 1080 autem
1639 1024 1891 1083 subditur
1932 1041 1946 1081 :
1990 1025 2159 1096 Inﬁr-

566 1107 721 1163 mitas
746 1109 860 1187 Itth
901 1126 1007 1166 non
1041 1120 1117 1166 est
1158 1111 1228 1169 ad
1253 1122 1493 1195 mortem,
1519 1104 1915 1187 consequenter
1965 1116 2159 1187 adjun-

564 1197 646 1253 xit
671 1217 685 1252 :
711 1198 807 1254 sed
827 1218 923 1271 pro
953 1200 1125 1272 gloria
1152 1202 1273 1271 Dei,
1296 1214 1352 1259 ut
1383 1205 1708 1276 gloriﬁcatur
1726 1196 1904 1264 Filius
1932 1209 2030 1264 Dei
2057 1228 2151 1283 per

564 1304 704 1344 eum.
734 1288 874 1349 Sunt
892 1291 1160 1373 bteretici,
1194 1294 1287 1365 qui
1309 1294 1412 1375 hoc
1441 1304 1642 1368 negant
1675 1297 1821 1368 quod
1862 1298 2031 1357 Filius
2059 1301 2157 1357 Dei

564 1380 638 1437 sit
674 1380 839 1438 Deus.
889 1383 1030 1441 Ecce
1079 1384 1306 1442 audiant
1337 1405 1350 1442 :
1380 1386 1674 1457 Inﬁrmitas
1699 1380 1811 1446 lucc
1846 1408 1950 1447 non
1978 1402 2055 1448 est
2084 1393 2155 1449 ad

562 1483 805 1541 mortem,
830 1475 922 1533 sed
942 1493 1038 1547 pro
1064 1476 1235 1548 gloria
1265 1477 1385 1546 Dei,
1413 1479 1469 1536 id
1496 1488 1601 1548 est,
1628 1478 1752 1537 Filii
1786 1472 1900 1538 Dei.

635 1554 923 1637 Respondit
945 1576 1122 1623 autem
1142 1569 1320 1637 Iesus,
1345 1588 1515 1628 nonne
1537 1573 1815 1630 duodecim
1834 1575 1981 1632 hora:
2029 1586 2152 1633 sunt

560 1655 709 1712 diei?
735 1665 839 1714 etc.
866 1658 1004 1727 Quid
1027 1646 1129 1718 sibi
1151 1663 1265 1718 vult
1288 1665 1392 1720 ista
1412 1669 1731 1739 responsio?
1759 1667 1867 1724 Sed
1889 1678 2151 1740 quantum

561 1747 697 1807 mihi
717 1749 932 1806 videtur
956 1752 1283 1823 redarguere
1318 1755 1491 1812 voluit
1512 1757 1727 1814 illorum
1750 1759 2147 1817 dubitationem

561 1846 616 1896 et
644 1838 1037 1899 inﬁdelitatem.
1068 1845 1371 1903 Voluerunt
1399 1848 1545 1904 enim
1578 1850 1867 1907 censilium
1888 1851 2019 1908 dare
2042 1852 2147 1909 Do-

559 1929 726 1998 mino,
749 1949 818 1993 ne
848 1945 1176 2004 moreretur,
1206 1937 1300 2008 qui
1332 1948 1562 1997 venerat
1580 1942 1740 2009 mori,
1770 1943 2034 2014 corripuit
2057 1958 2151 2000 eos

556 2026 612 2074 et
659 2020 736 2075 ait
774 2041 787 2078 :
825 2014 1018 2081 Nonne
1073 2027 1351 2083 duodecim
1406 2022 1552 2086 liora:
1596 2041 1717 2087 sunt
1762 2032 1912 2089 diei?
1955 2035 2002 2089 si
2029 2035 2151 2105 quis

555 2112 901 2171 ambulaverit
923 2117 981 2173 in
1006 2117 1092 2174 die
1115 2136 1219 2174 non
1248 2118 1486 2193 o/fendit.
1528 2123 1683 2199 Diem
1702 2134 1885 2181 autem
1912 2127 2151 2199 seipsum

556 2204 798 2283 ostendit
820 2221 959 2274 esse,
997 2209 1124 2280 quia
1164 2206 1280 2282 ipse
1318 2198 1639 2282 spiritaliter
1664 2222 1749 2271 est
1800 2218 1961 2273 verus
1998 2198 2148 2286 dies,

557 2292 842 2350 duodecim
889 2304 1018 2355 vero
1064 2297 1243 2368 horae,
1269 2303 1555 2363 duodecim
1592 2305 1833 2381 Apostoli
1879 2316 2005 2363 sunt
2035 2322 2051 2363 :
2082 2304 2152 2365 Ut

555 2393 740 2441 autem
770 2385 914 2444 diem
943 2404 1003 2445 se
1024 2380 1356 2459 ostenderet,
1387 2380 1672 2452 duodecim
1709 2394 2001 2469 discipulos
2036 2400 2150 2455 ele-

550 2478 665 2553 git:
692 2478 750 2536 Si
784 2500 878 2554 ego
910 2501 1046 2550 sum,
1067 2483 1263 2558 inquit,
1291 2486 1426 2555 dies,
1457 2496 1504 2543 et
1531 2506 1618 2545 vos
1650 2490 1824 2557 Itone,
1850 2508 1930 2546 me
1976 2491 2151 2563 sequi-

550 2572 703 2638 mini,
728 2574 854 2644 quia
880 2575 1023 2631 hordr
1052 2572 1191 2631 diem
1206 2578 1519 2650 sequuntur,
1551 2584 1655 2637 non
1684 2582 1795 2638 dies
1822 2584 2001 2639 horas.
2050 2584 2149 2640 Se-

551 2666 791 2745 quuntur
850 2680 980 2737 ergo
1023 2665 1174 2722 horae
1221 2669 1397 2737 diem,
1441 2670 1744 2740 praedicent
1789 2673 1938 2729 horze
1983 2669 2144 2729 diem.

551 2750 711 2808 Horae
741 2748 1081 2811 illustrentur
1103 2770 1133 2811 a
1170 2752 1276 2825 die,
1316 2760 1465 2815 home
1491 2760 1866 2818 illuminentui‘
1900 2779 1931 2817 a
1963 2761 2071 2829 die,
2094 2772 2150 2820 et

551 2858 651 2914 per
674 2836 936 2900 horarum
967 2843 1414 2921 praedicationem
1445 2852 1631 2908 credat
1649 2852 1881 2910 mundus
1900 2854 1956 2910 in
1982 2855 2143 2911 diem.

554 2922 669 2990 Hoc
700 2950 831 3011 ergo
855 2935 931 2991 ait
966 2935 1032 2993 de
1070 2940 1407 3011 compendio,
1456 2956 1543 2999 me
1593 2944 1991 3016 sequiminiusi
2040 2948 2147 3002 non

549 3024 716 3083 vultis
740 3028 1035 3085 oil'endere.
1062 3030 1219 3098 Quod
1242 3036 1427 3089 autem
1452 3034 1622 3090 dixit:
1655 3035 1894 3092 Lazarus
1945 3039 2145 3094 amicus

551 3118 728 3172 noster
751 3116 964 3185 darmit,
994 3130 1184 3177 verum
1211 3121 1367 3179 dixit.
1401 3122 1695 3182 Sororibus
1720 3126 1965 3185 mbrtllus
2002 3131 2141 3197 erat,

548 3216 712 3285 quem
736 3212 1002 3273 suscitare
1030 3222 1140 3274 non
1161 3218 1433 3290 poterant,
1454 3219 1684 3278 Domino
1715 3210 2036 3291 dormiebat,
2051 3225 2144 3295 qui

547 3298 699 3362 tanta
736 3304 998 3367 facilitate
1028 3307 1153 3389 eum
1193 3311 1479 3389 suscitavit
1534 3300 1605 3369 tle
1644 3302 1917 3385 sepulcro,
1941 3322 2145 3387 quanta

545 3406 606 3455 tu
634 3398 780 3457 nunc
812 3403 1022 3459 excitas
1060 3386 1419 3460 dormientem
1464 3404 1533 3460 de
1568 3404 1725 3461 lecto.
1783 3407 1860 3461 De
1906 3386 2146 3477 quatuor

547 3488 738 3549 diebus
758 3489 927 3549 inulta
949 3492 1169 3565 quidem
1194 3492 1301 3552 dici
1334 3504 1593 3567 possunt,
1626 3497 1705 3553 sie
1743 3501 1803 3552 ut
1845 3512 1904 3555 se
1941 3492 2143 3556 habent

546 3580 778 3639 obscura
816 3580 1233 3655 Scripturarum,
1261 3596 1383 3657 qua:
1424 3585 1526 3658 pro
1575 3587 1893 3646 diversitate
1938 3591 2139 3648 intelli-

544 3666 791 3744 gentiam
815 3673 1015 3733 multos
1044 3680 1236 3734 sensus
1255 3674 1493 3749 pariunt.
1524 3678 1778 3736 Dicamus
1797 3689 1853 3737 et
1873 3694 1991 3749 nos,
2010 3684 2139 3753 quid

544 3760 704 3823 nobis
755 3762 1006 3822 rideatur
1057 3767 1370 3840 signiﬁcare
1429 3772 1677 3826 mortuus
1717 3772 2135 3842 quatriduanus,

544 3852 818 3929 quomodo
837 3852 894 3914 in
923 3856 1015 3915 mu
1042 3864 1185 3916 caeco
1208 3859 1582 3933 intelligimus,
1613 3862 2012 3934 quodammodo
2037 3865 2136 3922 hu-

544 3946 767 4002 manum
790 3946 979 4019 genus,
1011 3950 1090 4005 sic
1126 3934 1291 4019 forte,
1333 3958 1386 4007 et
1421 3952 1476 4007 in
1522 3952 1629 4009 isto
1678 3961 1894 4010 mortuo
1938 3956 2137 4013 multos

545 4032 874 4094 intellecturi
899 4040 1105 4097 sumus.
1137 4022 1378 4098 Diversis
1400 4043 1544 4099 enim
1574 4045 1770 4112 modis,
1800 4060 1909 4102 una
1936 4058 2024 4103 res
2056 4050 2133 4104 si-

545 4128 793 4205 gniﬁcari
844 4143 1043 4207 poteSt.
1097 4136 1271 4193 HOmo
1313 4139 1528 4208 quando
1569 4139 1847 4206 nascitur,
1868 4139 1980 4208 jam
2011 4155 2135 4196 cum

544 4232 719 4281 morte
747 4224 1007 4295 nascitur,
1033 4227 1160 4299 quia
1192 4230 1259 4285 de
1285 4228 1458 4286 Adam
1478 4230 1763 4302 peccatum
1788 4232 1974 4298 trahit,
2006 4248 2133 4289 ecce

544 4315 715 4374 habes
740 4336 905 4374 unum
934 4320 1079 4376 diem
1112 4322 1325 4387 mortis,
1345 4323 1490 4392 quod
1518 4324 1681 4379 homo
1708 4325 1875 4379 trahit
1899 4326 1965 4379 de
1987 4340 2133 4381 mor-

543 4407 617 4462 tis
640 4409 952 4480 propagine.
979 4409 1184 4465 Deinde
1205 4414 1423 4476 crescit,
1456 4413 1643 4483 incipit
1671 4416 1927 4471 accedere
1955 4415 2023 4470 ad
2046 4433 2133 4472 ra-

542 4499 776 4555 tionales
817 4504 1007 4568 anuos,
1054 4502 1117 4555 ’ut
1159 4502 1331 4574 legem
1388 4505 1566 4576 sapiat
1612 4509 1934 4575 naturalem",
1966 4524 2127 4580 quam

543 4592 731 4646 omnes
752 4588 955 4647 habent
976 4591 1031 4646 in
1058 4593 1219 4648 corde
1241 4592 1405 4648 ﬁxam
1434 4611 1447 4648 :
1480 4594 1635 4661 Quod
1656 4594 1755 4652 tibi
1782 4598 1887 4653 non
1912 4600 2008 4666 vis,
2034 4600 2128 4656 alii

541 4696 608 4734 ne
637 4680 839 4750 feceris,
863 4688 917 4735 et
955 4682 1097 4738 hanc
1125 4682 1297 4755 legem
1340 4680 1812 4758 transgrediuntur
1855 4688 2123 4761 homines,

542 4776 670 4829 ecce
708 4774 874 4830 altera
899 4777 1013 4833 dies
1043 4780 1237 4835 mortis
1262 4781 1386 4836 data
1416 4788 1520 4848 est,
1551 4790 1605 4839 et
1628 4786 1791 4840 etiam
1820 4786 1907 4842 lex
1942 4788 2124 4845 divina

539 4868 642 4935 per
680 4862 940 4922 famulum
989 4860 1086 4925 Dei
1136 4869 1357 4944 Moysen
1396 4868 1528 4929 dicit
1565 4870 1642 4929 illi
1673 4893 1687 4930 :
1718 4875 1842 4930 Non
1898 4879 2120 4946 occides,

537 4964 647 5012 non
682 4958 1037 5025 "imitaberis,
1077 4968 1179 5016 non
1212 4962 1405 5034 falsum
1441 4968 1794 5021 testimonium
1819 4969 1977 5024 dices.
2009 4969 2123 5025 Ho-

538 5056 674 5101 nora
701 5038 899 5118 patrem
930 5056 1079 5106 tuum
1116 5062 1166 5108 et
1221 5056 1443 5110 Matrem
1484 5058 1628 5111 tulmi
1652 5098 1667 5124 ,
1707 5065 1813 5113 etc.
1857 5059 1999 5116 Ecce
2036 5061 2124 5117 lex

536 5137 741 5207 Scripta
764 5146 867 5206 est,
899 5147 954 5195 et
995 5142 1111 5212 ipsa
1156 5140 1552 5213 contemnitur,
1591 5160 1719 5203 ecce
1772 5150 1967 5205 tertius
2007 5151 2124 5208 dies

536 5231 750 5298 mortis,
781 5231 908 5302 quid
943 5237 1150 5291 restat?
1193 5236 1355 5293 Venit
1386 5236 1759 5311 Evangelium,
1792 5242 1913 5298 ideo
1940 5243 2121 5302 littera

535 5321 654 5375 sine
697 5323 869 5394 gratia
911 5338 1035 5381 reos
1073 5326 1323 5391 faciebat,
1364 5340 1501 5399 quos
1553 5334 1909 5403 conﬁtentes,
1941 5338 2123 5410 gratia

534 5413 820 5472 liberabat.
846 5416 1181 5476 Praedicatur
1206 5423 1405 5493 tibique
1435 5424 1716 5495 Christus,
1745 5431 1987 5486 minatur
2027 5446 2121 5504 ge-

535 5505 791 5575 hennam,
819 5510 985 5566 vitam
1031 5504 1300 5582 promittit
1332 5512 1609 5583 aeternam,
1642 5527 1699 5576 et
1722 5518 1839 5592 ipsa
1877 5533 2119 5580 contem-

534 5598 713 5667 nitur,
763 5604 1237 5675 transgrediuntur
1282 5607 1532 5665 homines
1566 5608 1938 5687 Evangetium,
1988 5630 2117 5674 ecce

533 5700 762 5762 quartus
808 5696 925 5752 dies
950 5697 1172 5763 mortis,
1204 5698 1398 5757 merito
1418 5700 1530 5772 jam
1562 5705 1734 5763 ﬁniet.
1764 5707 2036 5781 Numquid
2063 5720 2119 5769 et

529 5783 732 5841 talibus
790 5788 1031 5859 neganda
1073 5798 1153 5846 est
1192 5793 1602 5854 misericordia?
1640 5799 1802 5868 absit,
1826 5809 1880 5858 et
1899 5800 2010 5873 jam
2042 5805 2112 5861 ad

2259 778 2438 842 surget
2468 770 2636 841 frater
2657 779 2799 825 tuus.
2829 768 2966 837 Quia
2987 782 3089 838 ego
3115 784 3237 827 sum
3262 771 3594 855 resurrectio
3627 780 3684 828 et
3714 773 3853 842 vita,

2262 862 2353 932 qui
2379 861 2552 918 credit
2572 862 2627 917 in
2654 876 2763 929 me,
2788 852 2973 929 etiam
3004 859 3052 916 si
3091 860 3338 916 mortuus
3371 858 3536 917 fuerit
3574 852 3628 918 in
3659 866 3851 934 carne,

2259 952 2406 1008 vivet
2447 951 2504 1007 in
2552 952 2735 1007 anima
2781 950 2955 1009 donec
2999 952 3265 1024 resurgat,
3295 959 3351 1008 et
3390 954 3519 1009 caro
3569 956 3852 1026 nunquam

2252 1051 2445 1115 postea
2474 1043 2760 1098 moritura.
2784 1042 2853 1097 Et
2876 1040 3052 1098 omnis
3077 1043 3172 1113 qui
3196 1040 3331 1101 vivit
3363 1043 3419 1099 in
3449 1052 3633 1112 carne,
3655 1046 3711 1105 et
3733 1049 3854 1103 cre-

2258 1118 2339 1193 dit
2366 1135 2424 1191 in
2448 1131 2555 1202 me,
2587 1142 2643 1190 et
2678 1133 2725 1190 si
2760 1132 3023 1189 morietur
3047 1132 3117 1189 ad
3161 1132 3394 1206 tempus,
3432 1144 3657 1207 propter
3704 1148 3852 1196 mor-

2256 1234 2368 1282 tem
2395 1223 2598 1291 carnis,
2614 1226 2722 1281 non
2752 1224 3020 1281 morietur
3054 1224 3108 1281 in
3130 1228 3410 1291 aeternum,
3431 1231 3851 1315 propter'vitam

2256 1316 2510 1388 Spiritus,
2543 1312 2599 1373 et
2642 1317 3106 1399 immortalitatem
3156 1317 3597 1376 resurrectionis.
3652 1312 3852 1378 Credis

2255 1406 2392 1466 hoc?
2418 1400 2506 1464 Ait
2551 1409 2629 1464 illi
2653 1428 2671 1465 :
2698 1402 2905 1480 Utique,
2936 1406 3284 1482 Domine,ego
3315 1410 3676 1485 c'redidi,quia
3709 1413 3768 1469 tu
3794 1416 3852 1471 es

2253 1498 2493 1556 Christus
2525 1499 2698 1556 Filius
2755 1499 2874 1565 Dei,
2920 1498 3011 1572 qui
3038 1501 3096 1555 in
3150 1490 3288 1556 hunc
3338 1498 3592 1557 mundum
3636 1504 3848 1560 uenisti.

2252 1594 2477 1663 Quando
2495 1594 2598 1653 hoc
2624 1578 2851 1662 credidi,
2880 1592 3085 1651 credidi
3108 1593 3236 1668 quia
3263 1598 3321 1650 tu
3345 1608 3403 1652 es
3428 1594 3764 1652 resurrectio
3793 1601 3850 1653 et

2249 1688 2397 1755 vita,
2425 1694 2481 1744 et
2508 1688 2602 1760 qui
2631 1688 2685 1744 in
2718 1696 2773 1744 t‘e
2801 1676 2993 1753 credit,
3016 1682 3072 1743 et
3107 1674 3154 1744 si
3186 1692 3434 1743 mortuus
3464 1684 3652 1755 fuerit,
3674 1689 3846 1745 vivet.

2320 1794 2477 1856 Iesus
2505 1817 2649 1871 ergo,
2674 1810 2731 1854 ut
2754 1784 2881 1855 vidit
2908 1817 3024 1856 eam
3047 1799 3362 1871 plorantem,
3383 1798 3597 1872 fremuit
3629 1802 3846 1874 spiritu,

2255 1904 2360 1953 etc.
2410 1895 2552 1963 Quid
2605 1904 2721 1961 est,
2748 1896 2891 1965 quod
2936 1896 3122 1950 turbat
3169 1895 3521 1965 semetipsum
3566 1894 3846 1963 Christus,

2253 1987 2360 2044 nisi
2405 1996 2466 2043 ut
2513 1980 2782 2057 signiﬁcet
2826 1984 2947 2054 tibi,
2978 1982 3249 2057 qudmbdo
3278 1986 3489 2043 turbari
3535 1987 3595 2044 tu
3644 1991 3850 2047 debeas

2253 2095 2379 2137 cum
2400 2088 2549 2135 tanta
2572 2080 2714 2136 mole
2740 2080 2950 2151 peccati
2977 2079 3223 2151 gravaris
3253 2087 3309 2134 et
3332 2080 3621 2150 premeris.
3655 2082 3851 2138 Atten-

2253 2173 2382 2229 disti
2415 2173 2562 2229 enim
2602 2180 2675 2238 te,
2701 2172 2886 2229 vidisti
2936 2181 2989 2228 te
3033 2188 3207 2239 reum,
3230 2181 3535 2244 computus,
3564 2173 3664 2229 tibi
3713 2174 3850 2230 illud

2251 2264 2377 2330 feci,
2403 2273 2458 2321 et
2486 2265 2728 2337 pepercit
2750 2264 2913 2331 Deus,
2943 2252 3071 2321 illud
3110 2264 3382 2330 commisi,
3409 2272 3465 2319 et
3489 2262 3699 2319 distulit
3733 2280 3847 2332 me,

2251 2356 2603 2428 Evangelium
2624 2355 2828 2422 audivi,
2856 2362 2911 2411 et
2936 2355 3257 2426 contempsi,
3277 2354 3581 2425 baptizatus
3612 2371 3762 2422 sum,
3787 2364 3849 2412 et

2251 2447 2447 2505 iterum
2482 2448 2552 2504 ad
2586 2450 2777 2505 eadem
2813 2447 3092 2504 revolutus
3131 2446 3272 2531 sum.
3307 2446 3445 2516 Quid
3474 2444 3653 2531 iacio?
3698 2448 3848 2503 unde

2250 2540 2457 2597 evado?
2492 2542 2707 2612 quando
2754 2541 2854 2596 ista
2903 2540 3069 2608 dicis,
3104 2539 3219 2612 jam
3261 2530 3456 2597 fremet
3490 2530 3744 2598 Christus
3786 2542 3843 2597 in

2251 2632 2416 2688 corde
2447 2639 2561 2697 tuo,
2585 2632 2712 2703 quia
2741 2631 2875 2688 ﬁdes
2901 2630 3103 2689 fremit.
3133 2630 3192 2688 Si
3223 2630 3359 2689 ﬁdes
3390 2633 3446 2693 in
3471 2632 3651 2699 nobis,
3682 2635 3845 2691 Chria

2249 2731 2367 2779 stus
2392 2723 2447 2778 in
2468 2723 2643 2789 nobis,
2673 2738 2802 2796 ergo
2831 2722 2964 2780 ﬁdes
2994 2733 3085 2779 tua
3121 2722 3189 2781 de
3215 2720 3451 2792 Christo,
3475 2725 3726 2784 Christus
3756 2737 3845 2784 est

2249 2811 2306 2868 in
2334 2813 2497 2870 corde
2524 2820 2639 2879 tuo,
2671 2814 2728 2869 in
2751 2829 2885 2870 voce
2910 2812 3191 2871 frementis
3232 2824 3454 2886 apparet
3491 2832 3615 2889 spes
3657 2834 3847 2876 resur-

2247 2898 2445 2980 gentis.
2477 2906 2699 2963 Fremat
2740 2894 3013 2975 Christus,
3041 2906 3284 2979 increpet
3327 2924 3385 2965 se
3434 2898 3617 2967 homo.
3665 2906 3843 2969 Flevit
3914 2948 3917 2949 ν

2247 2998 2516 3066 Christus,
2543 2999 2669 3056 ﬂeat
2699 3002 2882 3058 homo.
2936 3001 3117 3069 Quare
3166 3003 3308 3058 enim
3360 3001 3508 3060 ﬂevit
3552 2988 3842 3062 Christus?

2244 3090 2353 3148 nisi
2379 3091 2504 3162 quia
2530 3092 2659 3149 ﬁere
2686 3093 2962 3153 hominem
3010 3086 3213 3151 docuit.
3261 3094 3519 3153 Fremere
3568 3098 3840 3170 quodam-

2129 3181 2142 3267 ξ
2171 3181 2216 3245 C
2248 3184 2410 3241 modo
2449 3186 2609 3243 debet
2632 3187 2794 3267 homo
2820 3187 2878 3242 in
2902 3187 3251 3244 accusatione
3277 3188 3543 3245 malorum
3576 3190 3835 3263 operum,

2248 3285 2309 3333 ut
2332 3278 2604 3337 violentiae
2631 3279 2929 3350 paenitendi
2967 3274 3123 3337 cedat
3170 3278 3507 3339 consuetudo
3545 3285 3833 3356 peccandi.

2242 3368 2394 3426 Dixit
2424 3385 2440 3427 :
2480 3369 2582 3426 Ubi
2613 3373 2863 3443 posuistis
2883 3373 3041 3427 eum?
3072 3370 3192 3429 Scis
3221 3373 3349 3444 quia
3383 3368 3631 3434 mortuus
3662 3378 3756 3443 sit,
3780 3387 3838 3435 et

2242 3461 2424 3519 nescis
2444 3461 2535 3519 ubi
2565 3463 2636 3519 sit
2653 3462 2929 3535 sepultus?
2985 3462 3055 3519 Et
3083 3464 3190 3521 ista
3218 3465 3546 3539 signiﬁcatio
3562 3472 3679 3551 est,
3703 3472 3835 3543 quia

2241 3552 2322 3608 sic
2351 3552 2625 3622 perditum
2647 3551 2943 3621 hominem,
2970 3554 3126 3626 quasi
3161 3557 3341 3631 nescit
3361 3550 3524 3615 Deus.
3560 3560 3706 3617 Talis
3747 3573 3833 3619 est

2240 3658 2345 3697 vox
2380 3643 2478 3698 Dei
2516 3643 2571 3699 in
2605 3644 2863 3703 Paradiso
2884 3688 2899 3714 ,
2925 3654 3282 3717 posteaquam
3332 3647 3497 3705 homo
3542 3654 3831 3723 peccavit:

2238 3733 2433 3801 Adam,
2460 3735 2549 3789 ubi
2574 3738 2671 3791 es?
2695 3736 2892 3794 Dicunt
2920 3739 3007 3794 ei:
3034 3738 3278 3807 Domine,
3304 3741 3419 3796 veni
3446 3753 3497 3797 et
3524 3743 3659 3799 uide.
3690 3745 3834 3813 Quid

2239 3835 2355 3893 est;
2392 3827 2565 3883 Vide?
2592 3829 2872 3898 miserere,
2904 3832 3052 3888 videt
3090 3832 3237 3889 enim
3291 3833 3556 3894 Dominus
3609 3838 3833 3909 Quando

2238 3920 2547 3977 miseretur.

2306 4034 2565 4089 Dixerunt
2584 4052 2704 4107 ergo
2721 4036 2903 4092 Judwi
2925 4054 2944 4093 :
2968 4037 3107 4095 Ecce
3126 4041 3388 4113 quomodo
3415 4032 3630 4099 amabat
3683 4062 3827 4114 eum,

2234 4132 2290 4182 et
2310 4126 2408 4181 rel.
2428 4126 2571 4193 Quid
2590 4136 2692 4194 est,
2710 4128 2929 4185 amabat
2947 4132 3105 4186 eum?
3133 4130 3251 4187 Non
3271 4134 3395 4190 veni
3414 4149 3610 4192 vocare
3622 4135 3828 4207 justus,

2230 4217 2331 4272 sed
2356 4227 2693 4287 peccatores.
2726 4220 2968 4277 Mortuus
3001 4224 3103 4279 sub
3132 4223 3342 4293 lapide,
3380 4241 3507 4283 reus
3543 4230 3646 4286 sub
3683 4230 3826 4302 lege.

2233 4309 2348 4365 Lex
2398 4326 2519 4381 quae
2553 4313 2680 4368 data
2702 4326 2789 4370 est
2807 4313 3028 4383 Judaeis,
3058 4316 3114 4371 in
3134 4316 3314 4387 lapide
3337 4320 3544 4391 scripta
3568 4330 3674 4378 est.
3699 4323 3835 4382 0m-

2232 4416 2334 4458 nes
2360 4411 2542 4459 autem
2564 4405 2641 4460 rei
2674 4406 2774 4461 sub
2802 4405 2917 4477 lege
2942 4416 3088 4472 sunt,
3114 4407 3250 4464 bene
3271 4410 3517 4469 viventes
3543 4429 3666 4470 cum
3684 4415 3827 4487 lege.

2234 4493 2375 4561 Quid
2396 4503 2480 4549 est
2502 4511 2632 4567 ergo
2648 4495 2878 4566 lapidem
2904 4502 3220 4554 removere?
3238 4499 3480 4557 Gratiam
3498 4507 3825 4574 praedicare.

2236 4584 2377 4651 Quid
2394 4586 2539 4656 quod
2552 4601 2684 4642 voce
2707 4601 2900 4657 magna
2923 4588 3179 4644 clamavit
3203 4607 3216 4643 :
3242 4588 3463 4657 Lazare,
3490 4595 3606 4648 veni
3636 4595 3783 4665 foras
3801 4597 3831 4650 Ρ

2235 4677 2411 4746 Quam
2436 4678 2647 4734 diilicile
2667 4680 2859 4751 surgit,
2878 4696 3039 4751 quem
3054 4682 3219 4738 moles
3238 4685 3393 4740 mala:
3412 4689 3828 4747 consuetudinis

2231 4769 2450 4840 premit.
2485 4769 2592 4825 Sed
2622 4778 2804 4826 tamen
2830 4773 3021 4845 surgit,
3046 4775 3258 4832 occulta
3283 4779 3457 4849 gratia
3496 4780 3645 4839 intus
3682 4785 3829 4842 vivi-

2231 4863 2427 4919 ﬁcatur
2456 4882 2468 4917 :
2503 4864 2677 4935 surgit
2701 4873 2825 4936 post
2852 4881 3041 4922 vocem
3076 4885 3349 4940 magnam,
3381 4887 3439 4928 se
3467 4873 3645 4932 adhuc
3686 4876 3826 4949 liga-

2231 4956 2302 5011 tis
2327 4955 2578 5011 manibus
2603 4962 2658 5010 et
2686 4956 2913 5027 pedibus
2945 4972 2960 5012 :
2989 4959 3060 5014 Et
3088 4960 3251 5029 facies
3290 4962 3436 5020 illius
3462 4967 3681 5023 sudario
3702 4980 3821 5025 erat

2228 5046 2417 5118 ligata,
2443 5057 2623 5104 tamen
2655 5048 2802 5105 foras
2834 5048 2948 5119 jam
2999 5054 3287 5123 processit,
3331 5058 3463 5131 quid
3510 5059 3819 5130 signiﬁcat?

2228 5139 2446 5209 quando
2467 5142 2770 5197 contemnis
2788 5148 3037 5198 mortuus
3052 5142 3226 5212 jaces,
3248 5156 3304 5202 et
3323 5148 3368 5204 si
3400 5157 3548 5205 tanta
3573 5161 3820 5209 contem-

2228 5245 2349 5296 nas,
2374 5239 2580 5301 quanta
2607 5232 2748 5298 dixi,
2793 5234 3036 5305 sepultus
3072 5235 3247 5305 jaces,
3271 5242 3488 5311 quando
3535 5243 3816 5300 conﬁteris

2225 5321 2499 5392 procedis,
2527 5322 2623 5377 sed
2650 5332 2710 5377 ut
2726 5324 3037 5381 conﬁtearis
3066 5325 3208 5384 Deus
3231 5329 3380 5397 facit,
3406 5332 3641 5392 humana
3680 5350 3814 5392 voce

2225 5413 2530 5481 clamando,
2556 5415 2609 5471 id
2635 5423 2739 5482 est,
2775 5432 2970 5488 magna
2995 5422 3171 5491 gratia
3197 5426 3458 5501 vocando,
3486 5429 3580 5486 sed
3610 5437 3672 5484 ut
3697 5422 3812 5485 5014

2224 5514 2480 5563 verentur
2499 5517 2721 5580 peccata
2748 5511 2886 5582 ejus,
2911 5514 3175 5581 ministris
3203 5519 3309 5576 hoc
3337 5520 3473 5577 dixit
3499 5523 3765 5581 Dominus
3791 5539 3809 5580 :

2226 5596 2424 5653 Solvite
2450 5598 2599 5654 illum
2622 5611 2671 5656 et
2692 5601 2849 5658 sinite
2872 5605 3038 5675 abire,
3066 5607 3170 5665 hoc
3188 5617 3273 5666 est
3291 5651 3307 5677 ,
3335 5627 3672 5688 quaecunque
3693 5614 3808 5675 sol-

2221 5691 2411 5750 veritis
2439 5691 2496 5749 in
2523 5702 2693 5763 terra,
2713 5696 2889 5755 soluta
2926 5708 3088 5756 erunt
3114 5710 3171 5759 et
3201 5702 3253 5759 in
3284 5706 3443 5767 coelo.
