4110 6446
261 402 368 465 165

407 494 735 579 nominat
761 494 1014 582 QUINTA
1042 506 1112 566 IN
1141 493 1704 578 QUADRAGESIMA.

260 630 524 674 EPISTOLA
561 627 719 669 ΒΕΑΤΙ
754 624 907 669 PAULI
947 622 1205 664 APOSTOLI
1232 622 1299 661 AD
1329 618 1601 669 HEBREOS,
1628 608 1746 657 CAP.
1770 602 1847 656 ix.

342 728 363 761 (
403 695 655 765 Christus
674 702 935 758 assistens
958 696 1211 757 Pontifex
1232 699 1539 753 futurorum
1562 694 1848 757 hanorum,

269 822 290 856 ι
336 816 436 873 per
480 794 711 868 amplius
746 786 802 851 et
834 790 1129 866 perfectius
1157 784 1567 845 tabernaculum
1596 782 1705 839 'non
1734 794 1850 837 ma-

269 913 291 949 t
337 891 640 954 nufactum,
670 880 726 943 id
746 894 849 951 est,
885 900 997 940 non
1025 880 1185 953 hujus
1207 876 1525 943 creationis,
1554 891 1729 947 neque
1754 887 1853 945 per

268 1002 290 1035 ε
330 979 653 1053 sanguinem
687 972 965 1033 hircorum
1005 974 1099 1029 aut
1123 962 1437 1049 vitulorum,
1463 966 1557 1023 sed
1595 964 1693 1035 per
1725 968 1853 1035 pro-

269 1092 290 1126 s
333 1052 515 1147 prium
542 1067 861 1139 sanguinem
893 1059 1137 1120 introivit
1155 1061 1325 1119 Semel
1344 1059 1399 1117 in
1416 1056 1605 1116 sancta
1624 1052 1850 1121 aeterna,

269 1183 289 1216 t
336 1154 708 1232 redemptione
737 1156 975 1214 inventa.
1009 1153 1068 1212 Si
1103 1153 1250 1210 enim
1294 1146 1515 1224 sanguis
1552 1149 1849 1215 hircorum,

268 1277 288 1310 ι
336 1265 430 1313 aut
454 1264 755 1323 taurorum,
783 1258 839 1307 et
866 1249 1003 1305 cinis
1034 1244 1218 1304 vitula?
1253 1248 1511 1319 aspersus
1537 1238 1851 1312 induinatos

267 1371 288 1404 ι
336 1338 643 1409 sanctiﬁcat
671 1342 739 1401 ad
770 1340 1206 1423 emundationcm
1228 1334 1650 1421 carnis,'quanto
1679 1327 1853 1401 inagis

270 1461 290 1493 ι
339 1439 561 1511 sanguis
590 1418 827 1505 Christi,
858 1432 950 1506 qui
979 1434 1077 1507 per
1105 1414 1371 1502 Spiritum
1392 1424 1637 1484 sanctuni
1661 1420 1855 1511 Obtulit

274 1555 294 1587 ι
343 1510 701 1604 semetipsum
739 1524 1149 1589 immaculatum
1195 1526 1330 1589 De'o,
1370 1514 1684 1579 emundabit
1724 1510 1853 1571 coii-

271 1646 292 1680 t
340 1618 626 1683 scientiam
656 1629 902 1678 nostram
938 1616 1006 1675 ab
1058 1608 1316 1697 aperibus
1354 1611 1586 1669 mortuis
1632 1608 1701 1664 ad
1745 1618 1852 1663 ser-

272 1741 292 1775 t
338 1720 591 1778 viendum
645 1704 756 1772 Deo
804 1706 1033 1779 viventi,
1080 1719 1136 1767 et
1183 1706 1306 1765 ideo
1350 1704 1487 1762 Novi
1516 1698 1851 1760 Testa'menti

272 1833 292 1866 t
342 1809 610 1869 mediator
637 1814 750 1874 est,
782 1815 844 1863 ut
882 1810 1059 1860 morte
1100 1784 1496 1863 intercedente,
1528 1792 1585 1851 in
1632 1792 1849 1851 redem-

1066 390 1585 454 COLLECTIONES
1620 379 1689 448 in
1728 364 2110 448 Epistolas
2143 365 2234 442 es
2270 378 2684 443 EVANGELIA.

1873 503 1928 566 Α
1949 516 2192 571 aspersus
2210 498 2509 570 inquinatos
2544 497 2838 569 sanctiﬁcat
2864 496 2935 552 ad
2960 495 3387 552 multationem
3413 512 3535 553 car-

3426 375 3529 442 106

1952 591 2053 657 nis,
2080 595 2276 663 quanto
2299 588 2466 660 magis
2488 589 2702 659 sanguis
2733 586 2949 644 Christi.
2982 585 3080 660 (Es
3092 585 3268 660 Orig.)
3300 586 3361 644 Si
3386 588 3531 644 enim

1952 696 2196 749 carnem,
2218 681 2417 753 inquit,
2444 687 2624 752 potest
2649 680 2914 737 mundare
2954 679 3177 752 sanguis
3217 688 3496 737 taurorum
3520 719 3536 747 ,

1950 775 2122 832 multo
2141 772 2371 844 amplius
2392 772 2587 828 animas
2606 771 2820 829 sordem
2852 770 3051 829 delevit
3073 771 3291 845 sanguis
3309 771 3536 839 Christi,

1950 875 2007 924 et
2025 867 2079 922 in
2110 866 2213 922 hac
2232 866 2347 937 ipsa
2372 864 2673 922 hostiarum
2699 863 3040 930 diversitate,
3062 863 3170 922 illis
3197 865 3389 922 umbra
3410 864 3540 921 data

1953 966 2057 1016 est.
2082 958 2250 1015 Nobis
2274 968 2406 1014 vero
2443 970 2541 1029 per
2564 956 2750 1014 Iesum
2791 956 3075 1013 Christum
3114 959 3319 1015 veritas
3355 971 3537 1017 reser-

1952 1057 2076 1104 vata
2104 1058 2208 1116 est,
2234 1058 2336 1121 pro
2363 1048 2469 1105 illis
2494 1056 2677 1105 autem
2703 1049 2873 1105 boves
2897 1056 2953 1105 et
2972 1047 3111 1105 hirci
3129 1048 3541 1122 iugulabantur,

1951 1148 2006 1196 et
2028 1148 2249 1206 aves,et
2272 1140 2453 1196 simila
2494 1139 2985 1210 conspergebstur,
3014 1154 3113 1210 pro
3154 1140 3310 1197 nobis
3355 1148 3542 1197 autem

1953 1234 2048 1291 Dei
2071 1234 2238 1290 Filius
2263 1242 2347 1291 est
2374 1232 2707 1290 immolatus.
2734 1231 2871 1289 Nam
2908 1240 2965 1288 et
2984 1233 3283 1291 hostiarum
3311 1232 3539 1291 diversi-

1952 1335 2126 1384 tatum
2151 1336 2309 1400 typus
2334 1327 2625 1399 imaginem
2651 1326 2921 1398 passionis
2946 1325 3148 1385 Christi
3187 1324 3535 1397 praeferebat.

1952 1418 2090 1475 Nam
2126 1426 2414 1489 postquam
2452 1418 2568 1488 ipse
2599 1417 2815 1474 oblatus
2857 1423 2963 1482 est,
2989 1430 3182 1473 omnes
3206 1415 3311 1472 illa
3349 1414 3541 1473 hostia:

1952 1519 2319 1577 cessaverunt,
2332 1525 2453 1581 quae
2478 1512 2533 1566 in
2561 1518 2690 1582 typo
2716 1509 2800 1567 vel
2820 1508 3014 1565 umbra
3039 1507 3282 1578 ejusdem
3306 1521 3542 1578 praeces-

1952 1608 2151 1667 serant,
2174 1600 2589 1673 przeﬁgurantes
2618 1601 2750 1658 illud
2772 1599 3125 1667 sacriﬁcium,
3151 1598 3296 1671 quod
3324 1614 3465 1655 unus
3490 1604 3549 1654 et

1952 1709 2114 1751 verus
2141 1694 2399 1764 sacerdos
2443 1694 2660 1759 obtulit;
2700 1693 2966 1750 mediator
3001 1692 3100 1751 Dei
3138 1699 3196 1748 et
3236 1691 3542 1757 hominum,

1953 1785 2108 1857 cujus
2135 1785 2388 1842 sacriﬁcii
2413 1785 2769 1856 promissivas
2796 1784 2999 1856 ﬁguras
3038 1783 3095 1839 in
3144 1780 3386 1838 victimis
3425 1779 3549 1837 ani-

270 1924 292 1960 ι
339 1904 579 1983 ptionem
615 1915 801 1983 earum
831 1886 1345 1968 praevaricationum
1366 1930 1381 1955 ,
1413 1903 1533 1959 quae
1565 1884 1725 1942 erant
1753 1881 1853 1939 sub
1881 1862 1930 1929 Β
1958 1880 2184 1936 malium
2230 1877 2509 1935 celebrare
2548 1885 2675 1935 ante
2703 1877 3024 1948 oportebat,
3063 1883 3288 1947 propter
3321 1873 3552 1931 munda.

271 2015 291 2049 t
339 1973 509 2066 priori
540 1974 890 2048 étestamento
918 1980 1395 2067 repromissionern
1437 1976 1728 2049 accipiant,
1762 1973 1855 2045 qui

271 2106 292 2142 ι
338 2060 516 2143 vocati
544 2091 671 2143 sunt
713 2090 929 2137 aeterna:
965 2060 1300 2133 hereditatis
1348 2072 1406 2127 in
1454 2060 1675 2128 Christo
1725 2063 1853 2120 Jesu

272 2197 292 2232 ι
339 2160 569 2235 Domino
592 2170 804 2231 nostro.
839 2172 857 2225 ὸ
912 2240 917 2245 _

337 2264 580 2324 Christus
607 2264 856 2321 assistens
888 2240 1157 2330 Pontifex.
1175 2254 1277 2328 (Ex
1304 2248 1480 2324 Otig.)
1513 2242 1611 2304 Est
1640 2238 1859 2317 quidem

263 2374 407 2415 unus
426 2354 671 2429 pontifex
694 2356 923 2423 magnus
939 2347 1202 2405 Dominus
1216 2336 1400 2399 noster
1411 2338 1568 2395 Iesus
1587 2331 1856 2400 Christus,

265 2452 365 2522 qui
392 2425 502 2505 non
536 2444 710 2503 ’soluiii
735 2440 1081 2500 sacerdotum
1102 2438 1186 2493 est
1203 2431 1449 2505 pontifex
1467 2471 1482 2496 ,
1507 2425 1602 2485 'sed
1632 2434 1686 2481 et
1719 2426 1860 2499 pnn-

265 2521 481 2599 tiﬁcum
500 2524 775 2611 pantiftax,
805 2536 907 2589 ne‘c
948 2524 1292 2587 Sacerdotuni
1332 2521 1587 2594 prinbeps
1628 2522 1865 2572 tantbm-

262 2632 454 2699 modo,
486 2606 583 2687 sed
610 2618 666 2685 et
691 2627 944 2699 princeps
971 2621 1275 2696 principum
1322 2610 1679 2674 sacerdotum.
1720 2606 1864 2667 sicut

265 2735 323 2783 et
355 2698 473 2778 Rex
512 2698 793 2793 regum,et
835 2698 1085 2773 deminus
1109 2705 1601 2778 Dominorum,qui
1615 2702 1863 2760 velamen

272 2813 441 2890 (quod
461 2800 753 2885 Apostolus
770 2806 1163 2890 interpretatus
1185 2809 1269 2858 est
1290 2796 1504 2857 cmlum‘
1543 2803 1860 2890 penetrans,

271 2876 482 2965 assistit
504 2898 649 2959 nunc
677 2898 847 2958 vultui
875 2876 972 2955 Dei
1011 2894 1112 2968 pro
1139 2893 1316 2961 nabis,
1343 2904 1560 2961 semper
1580 2888 1771 2945 vivens
1795 2876 1864 2943 ad

271 2978 749 3070 interpellandum.

346 3084 678 3145 Futurorunt
702 3080 978 3143 bdnoruin.
1001 3074 1130 3140 Sive
1155 3076 1346 3139 eorum
1372 3062 1865 3149 diversorumpliai-

273 3178 580 3250 rismatum,
610 3176 704 3252 qui
750 3178 806 3235 in
846 3174 1023 3261 primo
1078 3168 1314 3230 adventu
1361 3160 1732 3233 credentibus,
1762 3180 1863 3227 per

275 3268 543 3348 Spiritum
566 3266 813 3333 sanctum
833 3254 959 3327 data
980 3266 1107 3326 sunt
1125 3254 1599 3345 hominibus,“‘6ive
1619 3254 1862 3315 omnium

267 3342 581 3431 futurorum
623 3354 910 3432 bonorum,
935 3362 1003 3418 de
1044 3360 1242 3434 quibus
1268 3342 1554 3412 Psalmista
1582 3342 1861 3407 obnﬁdcns

273 3452 456 3541 aiebat
482 3478 495 3515 :
533 3452 702 3515 Credo
731 3456 902 3512 videre
925 3453 1061 3509 bona
1085 3446 1301 3507 Domini
1324 3448 1545 3502 interra
1579 3440 1861 3498 viventium

272 3534 449 3631 (piat,
483 3544 676 3624 sxvtt).
769 3626 777 3631 .
922 3614 927 3619 Δ

347 3620 457 3700 Per
483 3606 709 3721 amplius
733 3626 781 3696 et
804 3614 1090 3722 perfectius
1113 3622 1531 3722 tabernaculum.
1563 3606 1665 3702 (Ex
1700 3624 1858 3683 Joan.

272 3734 496 3808 Chrys.)
526 3712 625 3790 llic
653 3730 871 3789 carnem
896 3712 1097 3787 Christi
1122 3723 1357 3800 appellat
1374 3712 1665 3805 Apostolus
1686 3718 1864 3774 taber-

273 3829 552 3909 naculum.
577 3820 1011 3909 Tabernaculum
1044 3816 1191 3878 enim
1220 3816 1349 3874 caro
1372 3812 1579 3909 dicitur:
1624 3808 1862 3893 Christi,

271 3929 486 4001 habens
511 3900 565 3981 in
587 3938 647 3981 se
676 3902 1036 3986 divinitatem,
1062 3918 1116 3973 in
1147 3915 1236 3975 illo
1262 3902 1525 3977 enim,ait
1550 3886 1861 3979 Apostolus,

274 3998 488 4077 habitat
514 4017 693 4075 omnis
720 4012 1000 4091 plenitudo
1036 4008 1337 4091 divinitatis
1378 3999 1752 4075 corporaliter.
1799 3996 1867 4052 Et

273 4114 416 4170 bene
444 4111 678 4181 amplius
696 4118 752 4165 et
778 4088 1070 4183 perfectius
1096 4088 1500 4162 tabernaculum
1522 4090 1722 4150 Christi
1746 4106 1867 4147 car-

276 4224 403 4266 nem
433 4180 591 4268 dixit,
618 4180 977 4275 siquidem,et
1014 4180 1157 4252 Deus
1176 4194 1425 4254 verbum.
1446 4198 1501 4249 et
1522 4184 1716 4253 cuncta
1742 4180 1867 4259 Spi—

274 4300 420 4357 ritus
449 4296 698 4370 operatio
720 4292 935 4350 habitat
960 4289 1017 4344 in
1051 4302 1136 4343 eo.
1383 4350 1389 4359 _
1433 4350 1441 4370 ί

354 4364 668 4446 Non-manu
696 4385 916 4461 factum.
942 4379 1056 4436 Hoc
1080 4384 1184 4442 est,
1215 4382 1324 4431 non
1347 4364 1489 4428 virili
1512 4364 1717 4425 semine
1737 4380 1869 4421 con-

278 4491 515 4547 cretum,
542 4479 637 4535 sed
668 4456 734 4533 de
764 4456 975 4546 Spiritu
1000 4479 1189 4528 sancto
1215 4484 1284 4523 ex
1328 4456 1496 4523 Maria
1540 4456 1751 4531 virgine
1779 4473 1869 4512 na-

278 4583 417 4629 tum.
461 4545 651 4647 Ipsum
686 4545 831 4625 enim
853 4564 1108 4635 lapidem,
1136 4560 1191 4614 id
1212 4551 1316 4621 est,
1342 4550 1639 4615 Christum,
1669 4545 1867 4603 Daniel

280 4666 349 4722 de
370 4640 575 4727 monte,
603 4640 657 4719 id
696 4665 779 4715 est
797 4698 812 4727 ,
841 4646 908 4718 de
938 4667 1104 4724 regno
1130 4640 1441 4707 Juda-‘eorum
1472 4642 1590 4701 sine
1617 4640 1869 4703 manibus

277 4754 417 4814 vidit
444 4754 730 4827 praecisum
762 4736 924 4825 (Dan.
953 4746 1038 4817 ιι),
1075 4736 1198 4815 quia
1249 4741 1368 4797 sine
1416 4751 1579 4809 opere
1622 4730 1868 4806 nuptiali,

278 4849 377 4922 qui
406 4825 579 4920 gratia
604 4860 703 4901 sua
732 4840 1050 4919 universum
1082 4830 1341 4897 mundum
1370 4825 1629 4900 implevit.

356 4912 483 4995 Non
508 4938 668 5009 hujus
704 4912 1007 4991 creationis.
1055 4928 1170 4984 Hoc
1215 4932 1320 4991 est,
1346 4938 1456 4977 non
1503 4919 1620 4975 sine
1667 4912 1874 4987 Spiritu

282 5047 404 5090 eam
428 5004 757 5107 construxit,
783 5038 960 5094 neque
990 5035 1058 5075 ex
1095 5019 1199 5075 hac
1224 5021 1479 5071 creatura
1509 5016 1614 5074 est,
1636 5008 1740 5063 hoc
1770 5004 1872 5070 est,

284 5140 399 5180 non
441 5101 525 5178 e‘st
561 5124 627 5176 ex
665 5093 752 5177 bis
794 5093 1083 5175 creaturis,
1116 5105 1213 5163 sed
1259 5098 1521 5175 spiritalis
1570 5108 1638 5152 ex
1669 5093 1876 5181 Spiritu

285 5222 500 5274 sancto.

364 5303 548 5381 Neque
573 5317 666 5374 per
700 5288 1011 5375 sanguinem
1047 5278 1316 5347 hircoruni
1342 5288 1432 5340 aut
1461 5279 1766 5346 vitulorum,
1786 5276 1877 5332 sed

284 5376 502 5475 proprio
520 5394 779 5466 sanguine
803 5387 1033 5444 introivit
1060 5378 1218 5440 seniel
1238 5383 1293 5437 in
1315 5384 1499 5435 sancta
1523 5376 1745 5443 caterua,
1768 5378 1875 5429 etc.

288 5466 485 5551 'Om—nia
540 5475 869 5562 permutavit
927 5474 1193 5544 Christus,
1244 5473 1337 5547 qui
1381 5476 1490 5528 non
1542 5466 1751 5562 alieno,
1782 5466 1878 5524 sed

288 5583 512 5658 proprio
538 5548 799 5651 sanguine
820 5570 988 5630 semel
1016 5565 1260 5625 introivit
1299 5564 1355 5621 iri
1399 5570 1585 5619 sancta
1604 5603 1618 5628 ,
1645 5548 1748 5616 hoc
1775 5560 1884 5626 est,

291 5678 349 5732 in
375 5676 596 5738 emtum,
628 5680 681 5729 et
701 5685 801 5742 per
825 5680 994 5725 unum
1020 5662 1347 5735 ingressum,
1374 5665 1636 5712 aeternam
1663 5651 1878 5708 redem—

289 5768 538 5842 ptionem
561 5762 788 5821 invenit.

367 5861 579 5923 Simius
590 5858 803 5933 sanguis
814 5848 1077 5910 hircorum
1090 5857 1182 5904 aut
1208 5855 1481 5902 taurorum
1501 5850 1548 5898 et
1566 5838 1695 5894 emis
1708 5834 1885 5893 vitula!

1902 1976 1903 1979 ‘
1958 1970 2164 2026 tionem
2194 1966 2456 2035 futuram,
2480 1969 2661 2025 carnis
2673 1976 2729 2025 et
2745 1968 3048 2039 sanguinis,
3068 1982 3167 2038 per
3186 1981 3351 2038 quam
3378 1979 3547 2022 unam

1956 2063 2253 2129 victimam,
2278 2061 2435 2117 ﬁeret
2460 2061 2710 2118 remissio
2750 2068 3121 2132 peccatorum,
3164 2057 3233 2118 de
3277 2072 3446 2114 carne
3488 2060 3548 2113 et

1959 2153 2220 2224 sanguine
2239 2159 2669 2217 contractorum‘,
2698 2165 2820 2223 quae
2839 2165 3064 2222 regnum
3084 2148 3181 2205 Dei
3217 2164 3327 2205 non
3367 2145 3546 2219 possi-

1958 2246 2184 2314 debunt,
2210 2262 2332 2317 qua
2374 2248 2568 2302 eadem
2601 2244 2908 2302 substantia
2948 2242 3248 2314 corporalis
3294 2241 3351 2297 in
3388 2239 3553 2297 catla-

1961 2344 2099 2395 s‘tem
2127 2336 2549 2393 commutabitur
2574 2336 2910 2407 qualitatem.
2938 2335 3059 2405 Ipse
3093 2334 3242 2390 enim
3272 2332 3329 2389 in
3356 2331 3549 2398 vitulo,

1960 2426 2187 2502 propter
2218 2430 2477 2484 virtutem
2531 2429 2713 2484 crucis
2762 2427 3114 2486 offerebatur.
3150 2426 3271 2495 ipse
3308 2425 3364 2481 in
3414 2437 3553 2494 agno

1962 2530 2186 2593 propter
2212 2521 2596 2576 innocentiam.
2623 2518 2684 2575 In
2704 2518 2898 2585 ariete,
2926 2524 3151 2588 propter
3167 2515 3552 2586 principatum,

1963 2613 2020 2668 in
2042 2612 2195 2668 hirco
2218 2620 2439 2683 propter
2466 2610 2876 2687 similitudinem
2913 2609 3098 2665 carnis
3124 2607 3355 2680 peccati,
3389 2615 3450 2675 ut
3483 2606 3551 2663 de

1960 2711 2188 2777 peccato
2210 2703 2499 2759 damnaret
2524 2712 2833 2773 peccatum.
2857 2701 2917 2756 ln
2942 2707 3155 2757 turture
3177 2706 3235 2756 et
3274 2697 3549 2765 columba,

1961 2806 2184 2871 propter
2213 2798 2383 2853 Deum
2424 2803 2480 2851 et
2521 2795 2818 2861 hominem,
2859 2794 2986 2866 quia
3038 2792 3307 2851 mediator
3352 2792 3452 2848 Dei
3499 2799 3555 2851 et

1963 2888 2201 2946 hominis
2222 2928 2239 2954 ,
2294 2887 2352 2942 in
2400 2886 2629 2943 duarum
2686 2886 3115 2945 substantiarum
3165 2884 3551 2956 conjunctione

1963 2981 2370 3038 ostendebatur.
2415 2980 2586 3038 Porro
2642 2980 2701 3037 in
2746 2978 3069 3052 similaginis
3120 2978 3512 3050 consparsione
3534 3017 3553 3044 ,

1964 3073 2302 3131 credentium
2336 3080 2437 3144 per
2480 3082 2681 3143 aquam
2727 3070 3101 3141 baptismatis,
3125 3069 3415 3127 collectam
3458 3066 3559 3125 Ec-

1964 3166 2206 3231 ciesiam,
2222 3179 2342 3235 quae
2369 3176 2568 3235 corpus
2586 3162 2789 3219 Christi
2812 3161 3096 3233 perspicue
3123 3160 3554 3218 demonstrabat.

1888 3212 1935 3301 ἓ
1965 3258 2076 3314 Nos
2095 3212 2279 3313 autem
2305 3212 2589 3312 moraliter
2622 3212 2970 3309 munus'Ded
2981 3251 3213 3307 vitulum

1962 3361 2087 3403 cum
2110 3343 2292 3401 carnis
2315 3342 2627 3413 superbiam
2646 3341 2917 3397 vincimus
2949 3354 2965 3394 :
3005 3355 3206 3411 agnum
3246 3355 3372 3395 cum
3415 3338 3556 3399 irra-

1962 3434 2252 3519 tionabiles
2271 3441 2475 3501 motus,
2496 3441 2552 3488 et
2573 3431 2893 3502 insipientes
2918 3429 3279 3502 corrigimus:
3312 3429 3552 3493 haedum,

1963 3530 2092 3587 dum
2129 3516 2410 3585 lasciviam
2436 3516 2756 3597 superamus
2791 3520 2803 3579 ὲ
2836 3521 3167 3591 calumbam,
3196 3520 3326 3579 dum
3355 3516 3561 3596 simpli-

1962 3622 2184 3679 citatem
2211 3608 2542 3691 proferimus
2568 3606 2767 3673 mentis
2799 3635 2812 3671 :
2862 3614 3128 3671 turturem
3150 3656 3165 3683 ,
3202 3610 3333 3691 dum
3379 3610 3562 3671 carnis

1964 3730 2247 3775 servamus
2272 3702 2580 3770 castitatem
2608 3729 2620 3764 :
2647 3705 2816 3783 panes
2844 3700 3091 3782 azymos,
3131 3702 3178 3764 si
3216 3686 3273 3767 in
3310 3702 3399 3763 via
3443 3705 3560 3762 sin-

1964 3807 2209 3869 ceritatis
2232 3814 2288 3862 et
2307 3802 2558 3865 veritatis
2585 3790 2947 3865 ambulemus.

2036 3925 2143 3993 Qui
2166 3939 2262 3996 per
2288 3922 2547 3993 Spiritum
2583 3926 2826 3975 sanctum
2870 3917 3206 3988 semetipsum
3246 3911 3435 3969 obtulit
3464 3911 3564 3967 im-

1964 4017 2290 4074 maculatum
2319 4014 2451 4071 Deo.
2485 4012 2601 4069 Hoc
2620 4019 2705 4068 est
2724 4051 2741 4078 ,
2765 4008 3095 4067 sacriﬁcium
3125 4004 3560 4075 immaculatum.

1930 4088 1937 4099 ’
1964 4110 2099 4167 Erat
2128 4106 2390 4163 mundum
2411 4120 2444 4159 a
2463 4102 2843 4182 peccatis,hoc
2866 4098 3014 4157 enim
3039 4105 3143 4182 est,
3167 4111 3266 4169 per
3293 4094 3559 4165 Spiritum

1966 4209 2219 4261 sanctum
2248 4214 2358 4255 non
2381 4211 2481 4267 per
2519 4178 2723 4268 ignem,
2768 4208 2877 4248 non
2922 4182 3021 4262 per
3067 4168 3244 4249 aliena
3290 4185 3560 4257 quaedam.

2039 4312 2112 4367 Et
2158 4308 2431 4367 mundavit
2484 4305 2861 4362 conscientiam
2914 4310 3152 4359 nostram
3204 4301 3269 4355 ab
3323 4296 3566 4371 operibus

1965 4409 2210 4474 mortuis,
2233 4406 2304 4461 a‘d
2330 4401 2658 4461 seruiendum
2699 4400 2811 4457 Deo
2850 4398 3058 4455 uiuenti.
3104 4394 3205 4453 llic
3230 4392 3563 4461 manifestat,

1968 4505 2099 4574 quia
2140 4516 2303 4574 opera
2350 4505 2564 4555 mortua
2615 4493 2919 4559 habentes,
2957 4492 3010 4548 id
3041 4499 3156 4558 est,
3184 4499 3412 4561 peccata
3456 4502 3566 4542 non

1892 4584 1947 4646 Β
1971 4605 2201 4668 possunt
2223 4592 2430 4649 servire
2457 4604 2591 4645 vero
2619 4594 2677 4667 et
2718 4586 2843 4642 vivo
2889 4585 3021 4659 Deo.
3076 4582 3233 4653 Sicut
3277 4580 3427 4636 enim
3474 4576 3567 4648 qui

1973 4662 2251 4747 mortuum
2274 4682 2534 4755 tangebat
2559 4662 2929 4751 polluebatur,
2952 4675 3032 4749 sic
3057 4681 3112 4729 et
3153 4672 3243 4743 qui
3283 4675 3568 4743 peccatum

1972 4788 2233 4849 operatur
2277 4775 2453 4844 magis
2488 4771 2768 4844 polluitur.
2802 4768 3071 4843 Mortuum
3113 4765 3311 4841 quippe
3341 4771 3568 4834 tangere

1977 4880 2085 4939 est,
2121 4886 2180 4925 tn
2220 4866 2465 4940 peccatis
2507 4870 2785 4919 mortuum
2823 4858 3134 4930 quempiam
3159 4854 3247 4913 vel
3284 4854 3439 4926 sequi
3483 4851 3569 4909 vel

1978 4963 2204 5022 imitari.

2051 5080 2123 5137 Et
2152 5079 2271 5134 ideo
2297 5075 2438 5132 Noui
2461 5069 2782 5128 Testamenti
2813 5066 3077 5123 mediator
3100 5071 3199 5131 est,
3216 5070 3276 5118 ut
3299 5068 3468 5117 morte
3492 5056 3570 5111 in-

1980 5172 2294 5237 tercedente,
2319 5171 2375 5224 in
2420 5163 2773 5236 redemptione
2820 5170 3005 5218 eorum
3052 5152 3567 5231 praevaricationum,

1978 5279 2097 5338 quin
2119 5271 2268 5317 erant
2286 5259 2380 5315 sub
2394 5256 2570 5324 priore
2585 5252 2937 5317 Testamento,
2959 5245 3408 5321 repromissionem
3430 5237 3571 5292 acci-

1983 5329 2132 5429 piant
2162 5353 2253 5425 qui
2279 5351 2447 5406 vocati
2474 5355 2618 5413 sunt,
2632 5355 2843 5401 interna:
2868 5339 3212 5400 hereditatis.
3244 5333 3347 5389 Hic
3372 5329 3572 5397 media-

1985 5422 2074 5505 tor
2099 5422 2245 5502 ﬁlius
2272 5443 2450 5499 factus
2490 5448 2577 5496 est
2599 5438 2773 5509 patris
2798 5444 2856 5493 et
2890 5442 3080 5493 noster
3108 5448 3123 5484 :
3164 5437 3444 5484 sermones
3472 5422 3570 5479 de-

1983 5542 2130 5609 tulit,
2150 5547 2206 5595 et
2226 5536 2407 5593 attulit
2429 5533 2586 5590 nobis
2609 5547 2639 5586 a
2662 5538 2815 5602 patre
2839 5525 3342 5598 pertransvectores
3370 5530 3387 5601 t
3425 5518 3574 5581 inor-

1984 5598 2226 5691 tuus'est
2248 5643 2349 5701 pro
2379 5624 2558 5689 nobis,
2588 5629 2646 5678 et
2662 5598 2817 5675 iecit
2852 5629 2954 5672 nos
3008 5611 3201 5681 dignos
3240 5598 3574 5670 testamenti,

1985 5731 2094 5786 hoc
2118 5724 2281 5783 modo
2307 5719 2523 5777 tinuum
2548 5714 2751 5779 factum
2776 5716 2863 5767 est
2887 5708 3287 5769 testamentum.
