4110 6468
567 353 672 410 167

872 480 1207 530 ενλυςειιωι
1242 479 1478 532 IOANNIS,
1516 478 1689 520 CAPUT
1725 476 1847 519 νιιι.

651 603 674 639 α
710 585 934 642 Dicebat
977 581 1133 637 Iesus
1180 579 1354 634 turbis
1388 579 1699 635 Iudzeorum
1732 585 1788 633 et
1815 576 2152 650 principibus

576 697 596 731 ι
643 679 984 735 sacerdotum
1011 693 1024 729 :
1050 674 1182 743 Quis
1206 689 1273 728 ex
1294 674 1448 728 vobis
1466 683 1659 746 arguet
1685 690 1771 729 me
1803 673 1868 729 de
1896 671 2152 743 peccato?

575 789 595 823 ι
642 770 700 827 Si
754 772 1036 826 veritatem
1085 768 1228 834 dico,
1257 783 1427 837 quare
1460 783 1557 823 vos
1583 784 1692 823 non
1722 767 1944 824 creditis
1985 765 2152 820 mihi?

576 881 596 914 ‹
639 860 741 930 Qui
768 871 850 917 est
868 877 934 917 ex
957 861 1089 925 Deo,
1113 860 1277 914 verba
1298 859 1393 914 Dei
1418 860 1589 924 audit,
1609 867 1892 929 propterea
1921 872 2019 912 vos
2042 872 2150 911 non

574 971 595 1005 ι
639 952 857 1014 auditis,
886 951 1013 1020 quia
1043 965 1111 1005 ex
1131 949 1242 1003 Deo
1273 965 1381 1004 non
1403 949 1557 1005 estis.
1585 949 2000 1020 Responderunt
2023 961 2152 1018 ergo

573 1060 592 1094 ‹
636 1041 804 1097 Iudaei
833 1048 888 1096 et
935 1040 1188 1095 dixerunt
1214 1039 1266 1094 ei
1298 1057 1310 1092 :
1345 1038 1703 1099 Nonne,bene
1743 1037 1972 1093 dicimus
2019 1051 2147 1101 nos,

572 1149 592 1184 ‹
636 1132 763 1203 quia
787 1131 1170 1186 Samaritanus
1191 1145 1251 1185 es
1274 1137 1354 1195 tu,
1381 1137 1437 1185 et
1464 1128 1792 1184 daemonium
1821 1127 2025 1183 habes?
2047 1127 2151 1181 Re-

570 1243 593 1278 t
639 1224 858 1296 spondit
889 1223 1046 1279 Iesus
1077 1237 1093 1276 :
1130 1221 1242 1292 Ego
1288 1220 1612 1276 daemonium
1663 1235 1773 1274 non
1823 1220 2025 1280 habeo,
2057 1219 2152 1274 sed

572 1338 590 1372 ‹
636 1318 935 1376 honorilieo
956 1326 1166 1388 patrem
1198 1331 1400 1382 meum,
1431 1324 1485 1371 et
1525 1331 1623 1370 vos
1647 1315 2017 1369 inhonorastis
2041 1329 2146 1380 me,

573 1431 591 1465 ι
637 1427 736 1483 ego
760 1421 937 1468 autem
961 1411 1190 1482 gloriam
1211 1423 1391 1464 meam
1422 1423 1527 1463 non
1558 1414 1862 1478 quaero,est
1887 1406 1977 1476 qui
2006 1422 2152 1476 qua:-

572 1520 592 1553 ‹
636 1511 721 1559 rat
743 1511 795 1557 et
817 1501 1040 1573 judicet.
1079 1501 1249 1556 Amen
1286 1515 1444 1555 amen
1479 1500 1600 1555 dico
1627 1498 1800 1564 vobis,
1827 1499 1873 1553 si
1895 1499 2016 1568 quis
2043 1514 2153 1554 ser-

569 1611 590 1646 t
637 1609 850 1649 monem
885 1608 1064 1649 meum
1091 1592 1415 1657 servaverit,
1443 1600 1674 1646 mortem
1712 1606 1818 1644 non
1859 1589 2063 1645 videbit
2093 1590 2148 1644 in

570 1703 589 1736 ε
632 1693 915 1740 aeternum.
939 1683 1203 1739 Dixerunt
1224 1697 1353 1753 ergo
1373 1681 1543 1737 Iudaei
1572 1700 1584 1736 :
1611 1681 1764 1737 Nunc
1776 1680 2144 1752 cognovimus,

569 1795 590 1830 ‹
633 1779 759 1849 quia
789 1778 1111 1834 damonium
1139 1777 1328 1831 habes.
1355 1776 1628 1831 Abraham
1678 1782 1923 1830 mortuus
1965 1780 2050 1828 est
2095 1780 2150 1827 et

569 1889 590 1923 ι
631 1871 931 1941 pr0phetze,
958 1877 1013 1924 et
1039 1876 1094 1922 tu
1124 1867 1259 1924 dicis
1299 1886 1311 1920 :
1352 1865 1408 1922 Si
1459 1866 1582 1936 quis
1621 1880 1926 1921 sermonem
1968 1881 2147 1920 meum

569 1981 589 2014 ι
635 1961 974 2025 servaverit,
1023 1975 1130 2015 non
1187 1959 1428 2030 gustabit
1479 1967 1709 2014 mortem
1761 1957 1816 2011 in
1863 1965 2143 2012 aeternum.

568 2073 588 2108 t
631 2054 882 2124 Nunquid
913 2061 968 2107 tu
998 2051 1171 2122 major
1193 2067 1252 2106 es
1289 2058 1444 2121 patre
1481 2057 1667 2106 nostro
1717 2049 1988 2104 Abraham
2010 2089 2024 2115 ,
2055 2049 2148 2118 qui

568 2165 589 2200 ‹
630 2155 877 2202 mortuus
906 2145 1022 2199 est?
1049 2150 1104 2197 et
1142 2142 1421 2213 prophetae
1444 2141 1644 2196 mortui
1687 2149 1836 2206 sunt,
1864 2155 2024 2210 quem
2074 2147 2150 2194 te-

570 2256 590 2289 (
637 2237 811 2308 ipsum
851 2235 1017 2290 facis?
1069 2232 1366 2303 Respondit
1413 2231 1619 2288 Iesus:
1655 2231 1713 2287 Si
1760 2247 1860 2303 ego
1907 2230 2147 2299 gloriﬁco

569 2348 590 2382 σ
633 2331 921 2400 meipsum,
942 2327 1111 2399 gloria
1143 2342 1259 2382 mea
1290 2327 1424 2382 nihil
1456 2337 1563 2382 est.
1593 2327 1691 2382 Est
1709 2333 1865 2396 pater
1891 2324 2146 2393 meusqui

566 2437 586 2473 ι
631 2418 898 2490 glorificat
925 2433 1031 2484 me,
1054 2432 1215 2488 quem
1243 2433 1341 2472 vos
1385 2418 1588 2482 dicitis,
1617 2417 1742 2486 quia
1779 2417 1920 2472 Deus
1960 2424 2147 2471 noster

565 2531 588 2566 ‹
630 2521 733 2579 est,
755 2525 808 2569 et
830 2529 937 2569 non
970 2512 1299 2585 coguovistis
1336 2527 1482 2567 eum.
1527 2511 1644 2580 Ego
1690 2520 1870 2566 autem
1919 2509 2145 2580 cognovi

567 2622 586 2657 ι
631 2620 773 2660 eum.
809 2605 876 2659 Et
899 2604 944 2660 si
968 2605 1179 2669 dixero,
1208 2602 1334 2672 quia
1363 2618 1471 2657 non
1502 2602 1630 2657 novi
1657 2616 1805 2667 eum,
1832 2616 1926 2656 ero
1953 2600 2145 2655 similis

566 2715 587 2749 ο
630 2695 784 2751 vobis
820 2697 1069 2751 mendax.
1115 2694 1220 2750 Sed
1262 2695 1376 2749 scio
1400 2710 1548 2760 eum,
1577 2702 1633 2748 et
1676 2708 1984 2749 sermonem
2028 2693 2146 2762 ejus

567 2807 588 2843 σ
630 2805 806 2846 servo.
834 2790 1106 2845 Abraham
1137 2797 1294 2859 pater
1333 2796 1512 2844 vester
1531 2787 1823 2843 exsultavit
1851 2796 1912 2842 ut
1937 2787 2146 2841 videret

567 2901 587 2935 ι
633 2883 775 2940 diem
799 2898 1000 2948 meum,
1030 2889 1086 2937 et
1112 2881 1264 2945 vidit,
1290 2887 1345 2934 et
1366 2881 1582 2951 gavisus
1599 2889 1698 2934 est.
1727 2879 1991 2934 Dixerunt
2015 2892 2144 2948 ergo

567 2991 588 3025 ‹
630 2972 799 3029 Iudaei
829 2974 898 3030 ad
925 2989 1087 3028 eum:
1127 2971 1529 3042 Quinquaginta
1560 2986 1729 3026 annos
1763 2971 2002 3026 nondum
2042 2968 2143 3024 ha-

570 3083 590 3117 t
631 3067 728 3121 bes
754 3073 808 3121 et
849 3064 1120 3120 Abraham
1151 3063 1378 3118 vidisti?
1433 3062 1576 3118 Dicit
1620 3062 1702 3117 eis
1741 3059 1900 3116 Iesus
1929 3061 2143 3116 :Amen

567 3174 586 3208 ‹
632 3172 788 3212 amen
815 3157 937 3213 dico
968 3157 1142 3222 vobis,
1171 3163 1459 3226 antequam
1506 3153 1782 3210 Abraham
1828 3152 2001 3221 fleret,
2041 3168 2142 3225 ego

565 3267 586 3302 ι
631 3264 771 3305 sum.
823 3248 1086 3304 Tulerunt
1129 3265 1259 3321 ergo
1297 3247 1522 3320 lapides,
1552 3256 1615 3304 ut
1636 3246 1883 3317 jacerent
1911 3247 1965 3302 in
1994 3263 2138 3303 eum.

564 3358 585 3392 ι
627 3337 784 3397 Iesus
813 3348 994 3396 autem
1020 3341 1302 3398 abscondit
1327 3355 1405 3408 se,
1429 3350 1485 3398 et
1519 3341 1691 3398 exivit
1732 3342 1800 3398 de
1846 3341 2066 3412 templo.
2118 3361 2137 3395 ι

637 3457 850 3514 Dicebat
876 3458 1035 3515 Iesus
1062 3461 1227 3516 turbis
1264 3459 1578 3516 Iudaeorum
1609 3470 1657 3516 et
1693 3462 2014 3534 principibus
2056 3478 2144 3520 sa-

567 3549 840 3603 cerdotum
865 3567 883 3604 :
917 3550 1046 3617 Quis
1069 3569 1134 3606 ea:
1158 3552 1301 3607 vobis
1333 3563 1516 3623 arguet
1547 3569 1628 3607 me
1655 3553 1720 3606 de
1744 3551 1997 3622 peccato?
2031 3551 2144 3621 (Ex

559 3636 744 3711 Greg.)
766 3639 997 3696 Pensate
1024 3642 1494 3697 mansuetudinem
1515 3641 1633 3706 Dei,
1649 3641 1895 3696 relaxare
1921 3647 2144 3710 peccata

559 3739 785 3782 venerat
809 3737 866 3784 et
898 3729 1151 3786 dicebat:
1181 3730 1310 3797 Quis
1340 3748 1404 3784 ea:
1431 3731 1571 3786 vobis
1612 3741 1796 3801 arguet
1832 3749 1912 3786 me
1936 3732 2000 3786 de
2022 3749 2144 3803 pec-

561 3818 718 3871 cato?
748 3817 863 3874 Non
886 3820 1209 3891 dedignatur
1231 3835 1300 3876 ex
1321 3821 1532 3876 ratione
1553 3821 1839 3877 ostendere
1869 3837 1927 3878 se
1954 3837 2147 3892 pecca-

561 3916 735 3963 torem
761 3925 867 3965 non
896 3911 1048 3977 esse,
1080 3912 1173 3983 qui
1220 3929 1288 3969 ex
1341 3912 1542 3970 virtute
1586 3913 1890 3972 divinitatis
1931 3923 2147 3987 poterat

559 4009 877 4071 peccatores
898 4004 1224 4076 justifieare.

634 4111 696 4170 Si
733 4116 1005 4172 veritatem
1048 4118 1185 4185 dico,
1210 4135 1378 4191 quare
1411 4135 1500 4176 vos
1549 4136 1654 4176 non
1711 4121 1923 4177 creditis
1978 4123 2106 4178 mihi
2121 4124 2146 4179 ?

561 4203 764 4273 Quare,
795 4207 898 4263 nisi
925 4209 1051 4280 quia
1078 4210 1174 4265 ﬁlii
1200 4211 1398 4268 diaboli
1419 4212 1553 4268 estis
1581 4227 1688 4269 non
1720 4215 2001 4271 veritatis?
2022 4215 2146 4271 Filii

483 4370 497 4389 ζ
559 4312 666 4352 non
703 4307 919 4365 natura,
962 4304 1057 4357 sed
1102 4303 1426 4360 imitatione.
1467 4303 1729 4361 Creatura
1786 4323 2022 4379 namque
2048 4307 2147 4364 Dei

482 4385 497 4418 ε’
560 4397 737 4454 erant,
767 4390 880 4460 ipse
905 4392 1049 4447 enim
1079 4401 1163 4449 est
1197 4405 1416 4452 creator
1443 4398 1625 4453 carnis
1663 4406 1720 4454 et
1763 4400 1978 4468 animae,
2011 4400 2146 4457 vitio

561 4477 864 4536 imitatores
889 4491 1046 4538 erant
1064 4483 1282 4540 diaboli.

636 4590 738 4656 Qui
758 4603 832 4648 est
861 4610 925 4648 ex
949 4594 1080 4661 Deo,
1109 4597 1263 4652 verba
1292 4597 1390 4653 Dei
1419 4599 1587 4655 audit.
1628 4598 1910 4672 Propterea
1933 4617 2019 4658 vos
2036 4619 2141 4659 non

562 4681 778 4750 auditis,
807 4687 929 4755 quia
969 4702 1033 4741 ea:
1077 4686 1186 4742 Deo
1221 4705 1325 4743 non
1354 4690 1497 4744 estis.
1552 4690 1610 4747 Si
1648 4693 1792 4748 enim
1831 4693 1945 4763 ipse
1973 4695 2141 4752 verba

562 4771 657 4827 Dei
682 4775 852 4840 audit,
881 4777 975 4846 qui
1012 4791 1079 4830 ex
1113 4777 1225 4832 Deo
1251 4789 1356 4846 est,
1379 4790 1435 4835 et
1466 4781 1654 4838 audire
1688 4783 1851 4838 verba
1876 4783 1994 4852 ejus
2032 4799 2139 4842 non

559 4874 740 4935 potest
768 4869 1012 4939 quisquis
1039 4887 1106 4926 ex
1149 4871 1238 4927 illo
1266 4889 1375 4929 non
1407 4883 1523 4941 est,
1566 4877 1864 4950 interroget
1896 4895 1954 4935 se
1981 4896 2141 4936 unus-

561 4957 813 5027 quisque,
837 4961 881 5015 si
908 4962 1073 5018 verba
1100 4963 1195 5018 Dei
1221 4965 1274 5020 in
1310 4981 1442 5022 aure
1482 4969 1662 5025 cordis
1688 4971 1936 5040 percipit,
1965 4980 2021 5028 et
2056 4973 2139 5028 in-

563 5047 756 5120 telligit
782 5052 923 5106 unde
947 5053 1038 5108 sit.
1061 5053 1348 5112 Caelestem
1378 5061 1615 5129 patriam
1657 5063 1966 5119 desiderare
2001 5065 2142 5119 veri-

564 5148 645 5196 tas
661 5141 835 5214 jubet,
858 5147 1037 5203 carnis
1064 5148 1329 5206 desideria
1369 5161 1668 5220 conterere,
1701 5156 1886 5211 mundi
1915 5156 2141 5228 gloriam

563 5233 859 5304 declinare,
882 5239 1054 5296 aliena
1076 5258 1182 5298 non
1202 5259 1419 5314 rapere,
1446 5249 1666 5317 propria
1689 5248 1896 5319 largiri.
1944 5247 2144 5304 Penset

534 5341 692 5399 'ergo
721 5331 861 5402 apud
887 5347 946 5389 se
976 5335 1347 5406 unusquisque
1385 5347 1643 5406 vestrum,
1679 5340 1724 5395 si
1754 5341 1870 5395 haec
1907 5355 2015 5395 vox
2043 5339 2139 5394 Dei

565 5417 621 5475 in
647 5423 824 5478 cordis
851 5423 968 5494 ejus
995 5440 1128 5483 aure
1167 5428 1462 5495 convaluit,
1509 5437 1566 5484 et
1601 5431 1725 5499 quia
1759 5429 1875 5499 jam
1919 5444 1988 5484 ex
2031 5430 2141 5484 Deo

565 5510 639 5566 sit
663 5515 926 5584 agnoscit.

636 5604 896 5664 Dixerunt
919 5628 1039 5683 ergo
1051 5611 1262 5668 Iudici:
1280 5612 1469 5668 Nonne
1490 5613 1615 5668 bene
1640 5614 1860 5669 dicimus
1889 5611 2143 5684 nos,quia

568 5698 932 5759 Samaritanus
945 5721 998 5759 es
1009 5718 1086 5771 tu,
1101 5715 1151 5762 et
1165 5705 1482 5761 dremonium
1494 5703 1649 5758 habes
1665 5704 1688 5757 Ρ
1707 5705 1942 5776 Accepta
1961 5711 2142 5760 autem

567 5797 715 5848 tanta
748 5795 1092 5862 contumelia,
1116 5796 1245 5868 quid
1269 5795 1528 5854 Dominus
1554 5798 1876 5869 respondeat
1903 5799 2141 5859 audiam.

1855 340 2211 401 SMARAGDI
2244 335 2540 400 ABBATIS

2177 461 2232 523 Α
2323 458 2437 529 Ego
2460 458 2775 513 daemonium
2803 471 2906 511 non
2941 455 3126 521 habeo,
3161 453 3252 510 sed
3301 453 3593 527 honoriﬁco
3635 471 3844 530 patrem

2172 4553 2225 4614 π)
2316 4553 2990 4665 ήυὶίεεηιηιῄέινᾶίι-Ίαάωὶ
3043 4609 3062 4649 .-

3735 346 3844 405 {68

2251 567 2444 614 meum,
2500 560 2549 604 et
2597 567 2686 604 vos
2723 549 3076 604 inhonorastis
3129 565 3231 602 me.
3273 547 3410 617 Quia
3454 551 3601 606 enim
3649 552 3847 610 Sama-

2253 642 2464 698 ritanus
2493 642 2887 712 interpretatur
2907 649 3109 705 custos,
3131 649 3187 695 et
3217 641 3332 710 ipse
3357 643 3627 698 veraciter
3653 655 3845 704 custos

2251 745 2353 801 est,
2380 738 2445 792 de
2479 754 2588 808 quo
2618 736 2904 792 Psalmista
2934 738 3009 791 ait
3045 755 3057 791 :
3094 736 3216 792 Nisi
3244 737 3504 792 Dominus
3531 739 3844 796 custodierit

2251 830 2533 894 civitatem,
2566 829 2621 882 in
2647 845 2837 882 vanum
2878 826 3113 898 vigilant,
3142 829 3231 899 qui
3282 812 3581 883 custOdiunt
3624 846 3764 897 eam,
3787 841 3850 888 ct

2251 920 2334 974 cui
2366 935 2463 991 per
2509 919 2734 984 lsaiam,
2759 917 2944 974 Custos
2963 918 3090 990 quid
3120 918 3184 972 de
3214 928 3387 981 nocte,
3414 929 3589 974 custos
3622 921 3750 991 quid
3779 921 3848 975 de

2251 1021 2398 1065 nocte
2442 1009 2628 1082 (Isaite
2656 1011 2770 1082 xxx)
2801 1029 2813 1065 :
2854 1010 3182 1081 respondere
3213 1011 3384 1066 noluit
3429 1011 3711 1075 Dominus,
3740 1009 3848 1068 Sa-

2250 1101 2550 1158 maritanus
2576 1117 2681 1157 non
2705 1118 2844 1167 sum,
2879 1104 2974 1159 sed
3007 1117 3109 1174 ego
3137 1103 3461 1159 daemonium
3490 1121 3600 1161 non
3639 1106 3842 1164 habeo.

2251 1193 2367 1247 Duo
2404 1192 2599 1262 quippe
2628 1193 2677 1248 ei
2707 1192 2872 1248 inlata
2904 1193 3138 1257 fuerant,
3166 1211 3333 1249 unum
3354 1195 3595 1266 negavit,
3624 1205 3681 1251 et
3715 1197 3850 1254 alto-

2250 1300 2374 1339 rum
2406 1285 2632 1340 tacendo
2657 1288 2952 1342 consensit.
2985 1287 3180 1343 Custos
3206 1304 3441 1360 namque
3489 1289 3713 1344 humani
3752 1305 3851 1360 ge-

2250 1378 2398 1432 neris
2422 1386 2664 1444 venerat,
2688 1387 2740 1434 et
2771 1381 2818 1435 si
2859 1379 3264 1436 Samaritanum
3305 1396 3365 1436 se
3391 1397 3500 1436 non
3538 1395 3661 1436 esse
3695 1381 3849 1437 dice—

2250 1478 2353 1536 ret,
2378 1486 2498 1526 esse
2525 1473 2806 1528 custodem
2834 1482 3074 1545 negaret,
3099 1474 3194 1529 sed
3225 1475 3396 1530 tacuit
3415 1475 3557 1546 quod
3587 1491 3852 1548 recogno-

2249 1559 2349 1626 vit,
2376 1568 2430 1614 et
2463 1561 2734 1630 patienter
2768 1563 2985 1634 repulit,
3013 1562 3157 1633 quod
3203 1564 3404 1620 dictum
3453 1564 3719 1622 fallaciter
3747 1583 3850 1622 au-

2250 1652 2387 1707 divit
2406 1652 2594 1709 dicens
2626 1669 2640 1708 :
2675 1655 2788 1726 Ego
2817 1655 3134 1709 daemonium
3167 1673 3270 1710 non
3317 1655 3500 1710 habeo.
3560 1655 3661 1713 Hic
3712 1673 3848 1715 vero

2250 1741 2304 1797 in
2329 1745 2620 1816 semetipso
2649 1745 2804 1801 nobis
2826 1747 3085 1802 Dominus
3109 1747 3381 1817 patientia
3405 1749 3638 1817 praebuit
3658 1765 3846 1806 exem-

2177 1831 2224 1891 B
2250 1834 2418 1905 plum.
2461 1835 2562 1901 Qui
2591 1835 2634 1890 si
2665 1837 2991 1905 respondere
3035 1837 3295 1894 voluisset
3340 1837 3564 1904 Iudaeis,
3595 1855 3692 1896 vos
3736 1841 3848 1898 dm-

2249 1928 2488 1982 monium
2515 1927 2751 1994 habetis,
2783 1943 2970 1983 verum
3017 1930 3203 2000 utique
3245 1931 3510 1998 dixisset,
3546 1933 3673 2003 quia
3737 1934 3847 1992 nisi

2247 2019 2453 2089 impleti
2482 2021 2779 2086 dmmonio,
2807 2030 2917 2075 tam
2961 2036 3220 2092 perverse
3281 2024 3335 2078 ie
3378 2023 3490 2081 Deo
3535 2024 3680 2096 loqui
3731 2042 3846 2085 non

2244 2117 2486 2182 posSent.
2511 2111 2619 2168 Sed
2643 2123 2866 2184 accepta
2888 2115 3106 2185 injuria,
3132 2125 3188 2170 et
3199 2114 3314 2184 jam
3338 2117 3482 2186 quod
3512 2131 3701 2172 verum
3724 2125 3851 2175 erat

2245 2203 2426 2259 dicere
2450 2205 2651 2261 veritas
2674 2206 2864 2272 noluit,
2893 2221 2960 2262 ne
3003 2222 3109 2262 non
3156 2209 3360 2264 dixisse
3403 2210 3716 2276 veritatem,
3743 2213 3843 2269 sed

2243 2307 2571 2366 provocatus
2586 2301 2966 2356 contumeliam
2987 2302 3289 2360 reddidisse
3311 2305 3606 2360 videretur.
3626 2307 3708 2362 Ex
3730 2322 3843 2377 qua

2244 2406 2306 2446 re
2331 2392 2458 2463 quid
2484 2394 2643 2449 nobis
2673 2393 2936 2461 innuitur,
2986 2396 3089 2450 nisi
3135 2405 3195 2451 ut
3234 2412 3300 2453 eo
3351 2405 3594 2468 tempore
3644 2414 3756 2468 quo
3807 2415 3843 2456 a

2243 2484 2508 2552 proximis
2536 2500 2603 2540 ex
2645 2484 2881 2541 falsitate
2921 2488 3276 2544 contumelias
3311 2490 3624 2559 accipimus,
3649 2506 3841 2548 eorum

2245 2575 2409 2630 etiam
2458 2592 2586 2633 vera
2633 2579 2772 2634 mala
2821 2586 3126 2647 taceamus,
3155 2597 3224 2636 ne
3271 2582 3634 2638 ministerium
3673 2583 3838 2653 iusta:

2243 2668 2603 2737 correptionis
2631 2669 2686 2724 in
2715 2685 2866 2724 arma
2895 2679 3171 2726 vertamus
3209 2671 3427 2728 furoris.

2315 2757 2429 2829 Ego
2459 2769 2633 2814 autem
2663 2777 2764 2814 non
2793 2778 2971 2832 qua’ro
3006 2761 3228 2833 gloriam
3251 2779 3438 2826 meum,
3466 2774 3542 2818 est
3572 2765 3664 2836 qui
3688 2781 3833 2836 qua:-

2247 2855 2330 2901 rat
2351 2857 2399 2900 et
2419 2847 2644 2916 judicet,
2679 2847 2955 2920 Scriptum
3001 2858 3086 2906 est
3121 2869 3134 2904 :
3173 2849 3312 2916 Quia
3340 2862 3492 2922 pater
3520 2869 3674 2908 omne
3694 2853 3841 2924 judi-

2246 2938 2381 2992 cium
2404 2939 2545 2992 dedit
2568 2938 2680 3009 ﬁlio
2708 2938 2889 3013 (Joan.
2913 2941 2993 3013 v),
3023 2950 3080 2998 et
3105 2958 3232 2998 ecce
3262 2943 3406 2998 idem
3442 2944 3586 2999 filius
3611 2944 3841 3014 injurias

2247 3030 2534 3100 accipiens,
2561 3031 2736 3087 illatas
2759 3035 3114 3091 contumelias
3145 3036 3314 3105 patris
3340 3036 3546 3107 judicio
3570 3047 3836 3106 reservat,

2245 3129 2306 3175 ut
2334 3122 2488 3178 nobis
2516 3123 2758 3192 profecto
2784 3125 3042 3194 insinuet,
3065 3138 3327 3197 quantum
3357 3145 3457 3184 nos
3478 3144 3598 3185 esse
3626 3131 3840 3201 patien-

2169 3198 2216 3262 C
2248 3219 2331 3267 tes
2357 3213 2670 3282 debeamus,
2694 3216 2821 3272 dum
2849 3219 3025 3273 adhuc
3051 3235 3109 3275 se
3133 3219 3323 3276 ulcisci
3343 3236 3450 3276 non
3477 3220 3609 3286 vult,
3627 3198 3695 3275 “et
3720 3223 3840 3293 ipse

2247 3304 2340 3384 qui
2380 3304 2603 3375 judicat.
2642 3306 2813 3374 Quem
2860 3309 2974 3364 vult
3001 3311 3225 3383 intelligi
3257 3328 3378 3368 cum
3409 3313 3580 3368 dicit?
3617 3313 3717 3368 Est
3743 3314 3838 3384 qui

2246 3381 2455 3468 quaerat
2475 3407 2531 3454 et
2553 3398 2780 3468 judicet,
2803 3401 2907 3456 nisi
2940 3381 3327 3476 patremiquid
3348 3413 3432 3462 est
3463 3405 3714 3476 iudicat?
3757 3381 3842 3463 di-

2247 3491 2466 3546 scernit.
2500 3491 2779 3559 Quomodo
2809 3503 2894 3550 est
2931 3495 3022 3565 qui
3051 3503 3262 3565 quaarat
3292 3505 3347 3552 et
3367 3496 3576 3566 iudicet
3596 3541 3612 3564 ,
3634 3505 3720 3554 est
3743 3513 3842 3569 pa-

2247 3591 2332 3638 ter
2355 3585 2446 3654 qui
2472 3585 2702 3655 gloriam
2746 3601 2924 3642 meam
2965 3602 2997 3643 a
3037 3597 3220 3643 vestra
3253 3589 3424 3661 gloria
3480 3591 3756 3647 discernat
3784 3597 3846 3649 et

2247 3684 2482 3746 separet,
2504 3692 2628 3731 nam
2649 3679 2945 3734 secundum
2975 3678 3207 3735 formam
3229 3683 3393 3749 servi,
3410 3681 3634 3737 multum
3667 3680 3843 3736 inter-

2246 3774 2349 3831 est,
2377 3767 2521 3822 inter
2553 3767 2778 3838 gloriam
2805 3768 3011 3825 Christi
3056 3780 3113 3827 et
3167 3782 3488 3830 caeterorum
3527 3772 3836 3828 hominum.

2316 3852 2484 3907 Amen
2511 3869 2666 3908 amen
2703 3853 2822 3908 dico
2850 3857 3014 3923 vobis,
3059 3858 3107 3911 si
3153 3859 3270 3929 quis
3322 3874 3612 3913 sermonem
3654 3873 3836 3912 meum

2246 3944 2546 4010 servaverit,
2574 3953 2680 4001 etc.
2721 3945 2796 4002 De
2838 3958 3012 4002 morte
3058 3949 3294 4004 secunda
3347 3950 3510 4013 dicit,
3542 3949 3608 4004 de
3655 3955 3840 4006 morte

2244 4044 2470 4103 aeterna,
2503 4037 2571 4092 de
2617 4046 2792 4094 morte
2848 4037 3233 4105 damnationis,
3264 4055 3387 4096 cum
3422 4039 3637 4096 diabolo
3665 4046 3720 4094 et
3740 4053 3843 4094 an-

2246 4127 2382 4198 gelis
2413 4126 2552 4196 ejus,
2577 4128 2693 4199 ipsa
2716 4137 2802 4185 est
2822 4145 2952 4186 vera
2987 4146 3155 4188 mors.
3188 4129 3470 4196 Nam,ista
3520 4147 3669 4192 mors
3712 4145 3840 4187 cor-

2245 4220 2415 4290 poris,
2445 4221 2676 4292 migrato
2698 4222 2944 4291 quasdam
2971 4232 3054 4280 est
3088 4225 3292 4282 sanctis
3331 4226 3399 4282 ad
3436 4227 3713 4285 meliorem
3754 4229 3841 4284 vi-

2247 4319 2378 4367 tam.
2405 4312 2590 4384 lmpiis
2619 4329 2751 4370 vero
2776 4316 2846 4371 ad
2865 4332 3055 4387 poenas
3073 4327 3381 4390 perpetuas.
3405 4319 3576 4388 Quam
3604 4331 3840 4379 mortem

2246 4403 2338 4460 hic
2369 4404 2574 4459 veritas
2598 4404 2887 4477 designare
2907 4407 3095 4476 voluit,
3119 4425 3242 4465 cum
3268 4411 3401 4467 dicit
3431 4429 3444 4466 :
3479 4411 3709 4469 Mortem
3727 4430 3841 4470 non

2251 4499 2454 4555 videbit
2483 4500 2539 4554 in
2562 4508 2846 4557 aeternum.

3122 4595 3304 4654 Nunc.
3333 4600 3666 4671 cognovimus
3708 4603 3842 4673 quia

2247 4686 2567 4742 daemonium
2618 4687 2798 4749 habes,
2855 4688 3120 4744 Abraham
3153 4701 3391 4748 mortuus
3441 4703 3550 4760 est,
3597 4701 3650 4748 et
3714 4711 3844 4766 pro-

2241 4777 2426 4847 pheta.
2479 4775 2548 4830 Et
2587 4786 2643 4831 tu
2673 4778 2838 4844 dicis,
2865 4780 2914 4834 si
2957 4782 3072 4851 quis
3116 4799 3407 4838 sermonem
3462 4801 3675 4852 meum,
3727 4793 3838 4842 etc.

2237 4868 2615 4924 lrascebantur
2653 4869 2779 4939 quia
2814 4868 2928 4939 jam
2966 4873 3166 4928 mortui
3197 4882 3355 4930 erant
3376 4875 3468 4931 illa
3504 4887 3684 4932 morte
3717 4892 3843 4948 quae

2238 4960 2456 5017 vitanda
2495 4970 2630 5017 erat.
2666 4961 2802 5018 Nam
2835 4964 2981 5020 illam
3014 4975 3244 5023 mortem
3299 4968 3476 5026 vitare
3527 4984 3635 5025 non
3684 4979 3843 5040 pote-

2245 5065 2410 5122 rant,
2463 5072 2569 5126 qua
2634 5067 2879 5114 mortuus
2930 5067 3016 5115 est
3078 5060 3351 5116 Abraham
3400 5070 3457 5117 et
3515 5063 3838 5134 prophetae,

2244 5147 2349 5203 hoc
2376 5158 2488 5214 est,
2519 5157 2749 5204 mortem
2778 5149 2978 5204 carnis.
3009 5149 3144 5206 Nam
3171 5151 3447 5208 Abraham
3472 5160 3528 5208 et
3561 5154 3842 5224 prophetae

2245 5241 2302 5296 in
2333 5243 2522 5312 spiritu
2551 5242 2827 5308 vivebant,
2859 5243 2926 5298 de
2955 5243 3152 5313 quibus
3175 5243 3290 5313 ipsa
3320 5242 3536 5299 Veritas
3559 5245 3635 5298 ait
3663 5261 3675 5298 :
3710 5243 3839 5298 Non

2245 5345 2323 5390 est
2383 5335 2521 5390 Deus
2573 5345 2944 5402 mortuorum,
2988 5335 3080 5391 sed
3140 5337 3371 5392 vivorum
3445 5335 3683 5409 (Matth.
3728 5335 3837 5408 ιι).

2320 5424 2606 5494 Respondit
2633 5425 2787 5480 Iesus
2811 5424 2911 5481 :Si
2955 5443 3048 5498 ego
3071 5427 3308 5499 glori/ica
3344 5430 3598 5501 meipsum
3619 5469 3635 5494 ,
3669 5428 3842 5499 gloria

2249 5537 2366 5575 mea
2396 5519 2526 5573 nihil
2556 5528 2630 5574 est
2655 5561 2670 5587 ,
2700 5529 2775 5577 est
2797 5531 2948 5593 pater
2973 5539 3118 5578 meus
3141 5523 3231 5595 qui
3259 5522 3521 5594 glori/ient
3543 5537 3626 5576 me
3647 5561 3661 5585 ,
3687 5536 3842 5590 quem

2249 5631 2338 5671 vos
2382 5615 2556 5670 dicitis
2584 5632 2603 5670 :
2636 5613 2775 5681 Quia
2811 5617 2953 5671 Deus
2997 5625 3173 5671 noster
3215 5625 3332 5681 est,
3375 5624 3423 5669 et
3453 5631 3558 5668 non
3597 5611 3843 5683 cognovi-

2251 5709 2343 5764 stis
2366 5725 2508 5775 eum,
2535 5726 2626 5780 ego
2655 5719 2829 5766 autem
2853 5710 2972 5765 novi
3000 5725 3140 5763 eum.
3165 5706 3235 5760 Et
3263 5707 3309 5760 si
3337 5706 3542 5771 dixero,
3573 5705 3701 5771 quia
3734 5718 3840 5756 non

2253 5803 2369 5858 novi
2383 5819 2522 5872 eum,
2535 5818 2625 5859 ero
2649 5802 2833 5859 similis
2854 5803 2995 5859 vobis
3008 5799 3269 5866 mendax;
3286 5796 3376 5854 sed
3389 5797 3497 5853 scio
3511 5811 3653 5862 eum,
3670 5805 3719 5850 et
3731 5809 3844 5868 ser.
