4030 6472
459 464 566 521 175

456 575 608 641 luna,
637 571 854 645 quando
878 580 1128 641 egressus

456 661 730 721 festivitas
751 673 1087 732 azymorum,
1120 669 1241 727 quae
1276 661 1482 725 septem
1507 651 1716 715 diebus,
1743 646 1795 702 id
1823 653 1925 710 est,
1954 659 2044 699 us-

457 771 567 828 que
595 755 664 811 ad
691 753 1008 809 vicesimum
1027 747 1267 818 primum
1294 746 1437 801 diem
1459 743 1701 812 ejusdem
1750 738 1950 793 mensis
1976 734 2045 789 ad

456 826 744 916 vesperam
771 850 855 897 est
879 847 1082 895 statuta
1113 836 1446 892 solemnitas.
1481 833 1680 889 Verum
1703 826 2047 898 evangelista:

458 933 848 1010 indiderenter,
879 939 933 985 et
960 931 1103 1002 diem
1126 941 1442 999 azymorum
1479 939 1576 994 pro
1603 921 1833 984 Pascha,
1865 924 1920 972 et
1947 931 2045 986 pro

458 1026 650 1082 diebus
680 1037 996 1095 azymorum
1018 1020 1226 1076 Pascha
1248 1033 1450 1089 ponere
1478 1015 1672 1071 solent.

530 1114 677 1169 Tunc
706 1113 1005 1183 congregati
1041 1120 1163 1165 sunt
1205 1109 1464 1180 principes
1517 1104 1848 1160 sacerdotum
1874 1111 1921 1155 et
1970 1116 2048 1154 se-

457 1205 632 1261 niores
667 1202 846 1275 pepuli
869 1203 926 1256 in
947 1202 1140 1254 atrium
1188 1199 1439 1270 principis
1482 1195 1833 1259 sacerdotum,
1855 1194 1943 1264 qui
1967 1191 2047 1246 di-

459 1297 678 1351 cebatur
699 1293 928 1365 Caiphas
944 1334 959 1358 ,
987 1303 1034 1347 et
1061 1291 1336 1346 comitium
1361 1290 1614 1359 fecerunt,
1638 1296 1694 1339 ut
1717 1284 1901 1338 Iesum
1925 1281 2046 1336 dolo

459 1395 693 1442 tenerent
729 1394 778 1439 et
808 1383 1120 1438 occiderent.
1153 1380 1404 1434 Dicebant
1451 1386 1627 1431 autem
1654 1391 1671 1429 :
1716 1373 1839 1427 Non
1880 1373 1936 1426 in
1963 1371 2049 1424 die

461 1478 617 1550 festo,
648 1494 710 1532 ne
732 1477 867 1546 forte
888 1471 1143 1528 tumultus
1179 1471 1325 1542 ﬁeret
1369 1469 1427 1523 in
1459 1465 1672 1538 populo.
1705 1463 2048 1534 Congregan-

461 1576 576 1634 tur,
601 1568 850 1622 ineuntes
879 1563 1163 1620 consilium
1194 1603 1208 1628 ,
1254 1559 1524 1630 quomodo
1564 1555 1814 1611 occidant
1865 1551 2048 1606 Domi-

459 1672 612 1722 num,
640 1672 749 1712 non
791 1656 1044 1710 timentes
1072 1650 1432 1714 seditionem,
1487 1653 1547 1700 ut
1601 1643 1827 1713 simplex
1871 1654 2050 1697 sermo

461 1747 823 1812 demonstrat,
848 1744 943 1800 sed
966 1749 1219 1799 caventes
1248 1755 1317 1795 ne
1360 1736 1561 1792 auxilio
1613 1733 1794 1804 populi
1821 1732 1886 1787 de
1938 1730 2050 1785 suis

460 1840 714 1895 manibus
743 1837 1043 1893 tolleretur.

1770 431 2124 500 SMARAGDI
2159 429 2452 491 ABBATIS

1177 571 1262 620 est
1287 564 1354 620 de
1393 561 1630 634 Egypto
1658 599 1673 624 ,
1721 554 2044 613 succedebat
2073 555 2125 612 Α
2147 546 2376 600 Domino
2396 536 2757 634 ministrantis
2785 535 2945 634 ﬁdem
2972 547 3037 634 ac
3062 530 3320 632 pietatem
3347 527 3596 634 designat
3621 528 3740 586 Ec-

3621 413 3742 472 H6

2144 635 2322 691 clesia:
2343 641 2564 695 sanctae,
2577 641 2696 699 quae
2716 627 2955 697 loquitur
2980 624 3036 679 in
3057 621 3259 678 amoris
3273 619 3489 675 cantico
3503 619 3693 676 dicens
3721 638 3740 675 :

2143 725 2283 780 Dum
2311 734 2439 779 esset
2464 739 2554 776 rea:
2576 722 2631 774 in
2653 718 2898 773 accubitu
2917 733 3032 780 suo,
3065 713 3264 768 nardus
3290 728 3406 766 mea
3427 710 3570 765 dedit
3601 711 3742 766 odo-

2146 818 2256 870 rem’
2277 832 2454 880 suum,
2480 828 2598 884 qua:
2625 825 2751 866 cum
2773 807 3071 880 potentiam
3117 805 3315 859 divinae
3336 803 3557 858 virtutis
3579 802 3746 858 Chri-

2145 906 2238 970 sti,
2265 921 2383 975 qua:
2407 905 2483 959 illi
2508 919 2615 957 una
2638 908 2722 957 est
2738 915 2860 956 cum
2882 896 3245 968 Patre,digna
3274 895 3582 951 reverentia
3609 910 3747 950 con-

2145 995 2348 1062 fitetur,
2383 1002 2544 1066 caput
2568 991 2813 1064 profecto
2843 990 2986 1046 illius
3015 997 3292 1060 unguento
3338 988 3583 1058 pretioso
3609 1003 3744 1059 per-

2145 1087 2338 1142 fundit.
2395 1085 2528 1142 Cum
2567 1100 2698 1140 vero
2742 1090 3034 1153 assumpta:
3078 1079 3433 1136 humanitatis
3476 1079 3746 1150 mysteria

2147 1177 2302 1250 digna
2327 1177 2632 1232 reverentia
2659 1175 2923 1246 SUSCIpil,
2968 1174 3026 1228 in
3065 1172 3232 1242 pedes
3283 1170 3472 1240 utique
3524 1169 3747 1224 Domini

2147 1278 2476 1338 unguentum
2512 1267 2669 1323 nardi
2715 1267 2969 1337 pisticum
2991 1306 3008 1332 ,
3053 1265 3108 1320 id
3133 1271 3240 1330 est,
3269 1261 3427 1318 fidele
3453 1277 3518 1317 ac
3545 1278 3742 1318 verum

2143 1359 2444 1431 profundit.

2230 1451 2469 1506 Videntes
2498 1458 2671 1504 autem
2697 1447 2943 1520 discipuli
3005 1444 3267 1518 indignati
3309 1452 3454 1510 sunt,
3483 1443 3743 1509 dicentes,

2147 1556 2203 1600 ut
2244 1543 2370 1616 quid
2401 1543 2624 1614 perditio
2665 1541 2826 1595 hac?
2871 1539 3040 1610 potuit
3083 1539 3222 1592 enim
3267 1535 3411 1590 istud
3440 1536 3743 1590 venundari

2147 1637 2334 1704 multo,
2365 1645 2412 1691 et
2439 1635 2558 1689 dari
2597 1634 2936 1705 pauperibus.
2977 1632 3094 1687 Hoc
3135 1631 3349 1686 Marcus
3387 1630 3657 1699 quomodo
3691 1638 3752 1685 et

2149 1730 2432 1785 Matthaeus
2461 1727 2880 1799 synecdochicos
2918 1725 3177 1796 loquitur,
3204 1723 3471 1793 pluralem
3491 1723 3754 1778 videlicet

2149 1836 2434 1878 numerum
2459 1835 2556 1890 pro
2587 1819 2846 1889 singulari
2879 1831 3104 1887 ponens.
3136 1815 3268 1870 Nam
3291 1814 3529 1871 Joannes
3551 1815 3752 1870 distin-

536 1927 670 1984 Cum
698 1936 872 1982 autem
894 1934 1025 1980 esset
1044 1923 1198 1980 Iesus
1239 1922 1294 1976 in
1313 1919 1597 1981 Bethania,
1618 1917 1674 1971 in
1695 1915 1848 1969 domo
1872 1911 2044 1968 Simo-
2070 1914 2118 1973 B
2145 1916 2286 1973 ctius
2314 1915 2562 1984 loquens,
2607 1912 2799 1968 Judam
2840 1913 2958 1968 hinc
3005 1911 3247 1966 locutum
3277 1909 3445 1966 fuisse
3483 1917 3748 1975 testatur,

462 2019 547 2074 nis
579 2018 789 2088 leprosi.
845 2015 963 2071 Non
1003 2029 1110 2084 quo
1161 2014 1405 2083 leprosus
1447 2023 1512 2064 eo
1544 2014 1786 2076 tempore
1838 2016 2052 2074 perma-

460 2119 638 2177 neret,
664 2110 761 2166 sed
814 2109 938 2180 quia
969 2117 1094 2163 ante
1139 2108 1383 2176 leprosus
1405 2143 1422 2169 ,
1473 2108 1664 2172 postea
1694 2114 1726 2152 a
1782 2097 2051 2153 salvatore

465 2204 763 2258 Inundatus
790 2210 894 2267 est,
927 2200 1143 2254 nomine
1164 2198 1396 2268 pristino
1440 2199 1810 2266 permanente.
1861 2189 2050 2244 Simon

465 2309 682 2364 quoque
711 2293 826 2362 ipse
853 2292 1111 2347 obediens
1148 2289 1363 2355 dicitur,
1394 2288 1486 2358 qui
1515 2287 1668 2358 juxta
1704 2285 1862 2338 aliam
1890 2282 2050 2338 intel-

462 2385 764 2457 ligentiam,
787 2385 1018 2438 mundus
1038 2382 1383 2451 interpretari
1411 2386 1609 2448 potest,
1636 2377 1692 2432 in
1717 2375 1871 2445 cujus
1893 2375 2051 2430 domo

465 2483 656 2530 curata
685 2483 770 2530 est
791 2473 1056 2529 Ecclesia.

535 2568 764 2621 Accessit
793 2566 861 2621 ad
885 2582 1003 2620 eum
1023 2563 1213 2618 mulier
1240 2562 1432 2617 habens
1455 2559 1775 2614 alabastrum
1801 2554 2051 2626 unguenti

461 2657 702 2727 pretiosi,
729 2664 777 2710 et
836 2655 1022 2724 e/fudit
1051 2670 1208 2723 super
1259 2661 1414 2722 caput
1459 2651 1624 2720 ipsius
1683 2646 2046 2702 recumbentis.

465 2745 659 2800 Mulier
679 2746 780 2802 ista
801 2745 969 2799 Maria
985 2751 1104 2798 erat
1127 2743 1458 2814 Magdalena,
1487 2755 1642 2796 soror
1660 2739 1874 2804 Lazari,
1889 2754 2051 2808 quem

467 2837 759 2892 suscitavit
777 2835 936 2891 Jesus
959 2849 990 2889 a
1019 2833 1269 2898 mortuis,
1290 2830 1594 2887 utJoannes
1615 2838 1800 2900 aperte
1815 2843 2052 2884 comme-

463 2939 646 2986 morat
667 2929 850 3002 (Joan.
868 2930 967 3000 χι).
995 2927 1096 2996 Qui
1123 2927 1287 2983 etiam
1309 2927 1412 2980 hoc
1440 2924 1644 2980 factum
1672 2930 1796 2976 ante
1816 2936 1910 2976 sex
1937 2921 2051 2976 dies

462 3022 691 3079 Pascha:
712 3031 960 3087 testatur,
977 3021 1295 3091 priusquam
1311 3019 1466 3074 asino
1491 3018 1684 3073 sedens
1705 3032 1827 3072 cum
1856 3015 2051 3086 palmis

465 3124 524 3171 et
549 3115 706 3170 laude
739 3116 1019 3169 turbarum
1067 3111 1495 3182 Hierosolymam
1533 3109 1763 3164 veniret.
1801 3107 1920 3179 lpsa
1969 3115 2054 3162 est

465 3218 650 3264 autem
687 3224 792 3262 non
822 3207 946 3271 alia,
985 3221 1105 3276 quae
1153 3204 1424 3274 quondam
1447 3244 1461 3268 ,
1496 3209 1556 3256 ut
1601 3201 1775 3256 Lucas
1827 3199 2048 3265 scribit,

2151 2014 2205 2064 et
2231 2007 2335 2062 hoc
2363 2006 2536 2076 gratia
2563 2004 2892 2075 cupiditatis,
2919 2019 2985 2059 eo
3013 2005 3165 2074 quod
3199 2001 3288 2057 fur
3315 2000 3523 2067 fuisset,
3566 2010 3623 2058 et
3664 2001 3752 2058 lo-

2149 2098 2300 2155 culos
2336 2097 2561 2162 habens,
2599 2111 2663 2150 ea
2706 2111 2827 2166 quae
2873 2095 3229 2150 mittebantur
3269 2100 3513 2164 portaret
3555 2091 3746 2163 (Joan.

2150 2191 2294 2265 xui).
2322 2191 2510 2246 Potest
2537 2191 2702 2245 etiam
2747 2189 2975 2259 intelligi
3005 2188 3148 2258 quod
3176 2195 3232 2243 et
3257 2187 3348 2241 alii
3374 2186 3621 2255 discipuli
3651 2194 3749 2240 aut

2151 2283 2443 2349 senserint,
2497 2283 2600 2338 hoc
2643 2289 2736 2336 aut
2774 2280 3032 2346 dixerint,
3085 2287 3179 2335 aut
3219 2279 3300 2334 eis
3353 2275 3486 2333 Juda
3529 2277 3752 2333 dicente

2149 2391 2468 2448 persuasum
2499 2375 2592 2439 sit,
2621 2382 2782 2444 atque
2818 2374 3060 2428 omnium
3085 2372 3419 2427 voluntatem
3457 2371 3751 2426 Matthmus

2150 2473 2205 2521 et
2228 2467 2439 2522 Marcus
2465 2466 2628 2521 etiam
2666 2467 2848 2522 verbis
2882 2466 3269 2538 expresserim.
3297 2464 3405 2519 Sed
3429 2462 3597 2518 Judas
3616 2478 3748 2534 pro-

2148 2569 2271 2628 pter
2295 2575 2358 2614 ea
2389 2558 2547 2624 dixit,
2576 2559 2704 2629 quia
2730 2559 2818 2614 fur
2846 2565 2988 2626 erat,
3017 2558 3202 2623 caeteri
3222 2571 3354 2614 vero
3375 2564 3600 2628 propter
3616 2571 3748 2627 pau-

2150 2667 2342 2721 perum
2366 2666 2575 2707 curam.

2222 2741 2404 2797 Sciens
2427 2751 2602 2796 autem
2624 2741 2804 2809 Iesus,
2827 2743 2901 2799 ait
2928 2743 3055 2798 illis.
3091 2741 3232 2809 Quid
3253 2741 3454 2797 molesti
3481 2741 3602 2796 estis
3621 2743 3746 2797 huic

2151 2833 2412 2888 mulieri?
2435 2831 2582 2903 Opus
2612 2833 2803 2889 bonum
2834 2843 3048 2905 operata
3079 2843 3155 2889 est
3192 2835 3245 2888 in
3267 2851 3368 2898 me,
3403 2851 3523 2888 nam
3545 2851 3749 2904 semper

2151 2939 2402 2996 pauperes
2454 2921 2706 2977 habebitis
2757 2923 3039 2990 vobiscum,
3088 2933 3369 2978 meantem
3398 2940 3500 2979 non
3547 2939 3750 2994 semper

2152 3015 2428 3070 habebitis.
2481 3015 2580 3089 (Ex
2606 3015 2853 3084 Hieron.)
2892 3017 3019 3072 Mihi
3049 3017 3262 3072 videtur
3295 3018 3350 3072 in
3387 3017 3490 3072 hoc
3533 3017 3653 3074 loco
3679 3017 3749 3074 de

2153 3110 2442 3180 praesentia
2487 3109 2668 3164 dicere
2709 3110 2999 3180 corporali,
3049 3111 3193 3180 quod
3230 3125 3571 3181 nequaquam
3617 3127 3745 3166 cum

2157 3204 2236 3259 eis
2282 3205 2356 3258 ita
2403 3202 2620 3258 futurus
2668 3203 2738 3258 sit
2785 3212 2910 3274 post
2956 3205 3431 3270 resurrectionem,
3475 3203 3748 3273 quomodo

464 3298 744 3368 peccatrix
771 3299 948 3352 adhuc
979 3296 1200 3351 veniens
1229 3296 1394 3366 pedes
1422 3293 1631 3350 Domini
1667 3292 1920 3362 lacrymis
1943 3307 2054 3362 poe-
2081 3277 2126 3341 C
2157 3311 2302 3350 nunc
2339 3295 2394 3349 in
2438 3294 2586 3349 omni
2629 3295 2900 3350 convictu.
2945 3304 3000 3350 et
3041 3296 3428 3360 familiaritate,
3470 3295 3625 3366 cujus
3666 3295 3748 3351 rei

465 3390 706 3444 nitentize
736 3389 950 3460 rigavit,
981 3398 1035 3444 et
1059 3398 1332 3460 unguento
1349 3387 1450 3458 piae
1478 3383 1834 3441 confessionis
1857 3381 2050 3436 linivit.

465 3483 534 3537 Et
554 3483 678 3552 quia
697 3483 922 3537 multum
944 3482 1133 3536 dilexit
1153 3481 1445 3535 multorum
1463 3477 1677 3532 veniam
1706 3483 2053 3544 peccatorum

465 3591 496 3629 a
527 3577 628 3646 pio,
639 3575 822 3644 judice
866 3574 1166 3644 promeruit
1193 3572 1343 3644 (Luc.
1374 3570 1493 3640 vu).
1543 3569 1697 3623 Nunc
1734 3583 1864 3622 vero
1895 3566 2057 3636 justi-

467 3668 629 3723 ficata
661 3676 716 3723 et
751 3667 1034 3722 familiaris
1063 3665 1252 3720 etl'ecta
1277 3663 1506 3718 Domino
1526 3677 1631 3716 non
1659 3668 1869 3715 tantum
1890 3661 2056 3731 pedes

465 3758 605 3830 ejus,
639 3766 699 3813 ut
752 3759 892 3814 idem
948 3758 1184 3813 Joannes
1232 3762 1419 3810 narrat
1442 3753 1623 3825 (Joan.
1672 3751 1815 3823 xu),
1870 3767 2056 3808 verum

467 3852 633 3906 etiam
663 3857 862 3922 caput,
919 3858 980 3904 ut
1028 3849 1312 3903 Matthaeus
1365 3846 1682 3916 Marcusque
1728 3845 2051 3915 perhibent,

467 3942 590 3997 oleo
618 3950 810 3997 sancto
857 3941 1114 4011 perfudit.
1162 3939 1260 3994 Est
1283 3946 1466 3994 autem
1509 3938 1838 3992 alabastrum
1885 3954 2055 4009 genus

468 4033 760 4087 marmoris
783 4032 997 4086 candidi
1020 4031 1188 4085 variis
1224 4029 1496 4084 coloribus
1519 4029 1816 4084 intertincti
1843 4070 1857 4095 ,
1913 4030 2057 4100 quod

467 4125 535 4180 ad
565 4141 693 4180 vasa
718 4123 1076 4194 unguentaria
1100 4123 1281 4178 cavari
1303 4122 1457 4187 solet,
1480 4137 1543 4177 eo
1562 4122 1707 4192 quod
1730 4121 1932 4191 optime
1954 4136 2063 4176 ser-

467 4229 600 4269 vare
629 4231 693 4270 ea
746 4215 1057 4285 incorrupta
1087 4214 1318 4269 dicatur.
1371 4212 1624 4266 Nascitur
1661 4212 1804 4265 circa
1846 4211 2059 4267 Thebas

468 4303 756 4374 Egyptias
784 4313 838 4358 et
882 4304 1206 4358 Damascum
1258 4303 1428 4373 Syrize
1475 4302 1686 4356 caeteris
1742 4302 2056 4369 candidius,

466 4395 913 4464 probatissimum
939 4409 1068 4449 vero
1101 4394 1154 4447 in
1180 4394 1349 4447 India.
1377 4393 1590 4447 Nardus
1615 4409 1744 4448 vero
1769 4402 1853 4449 est
1877 4391 2055 4449 frutex

471 4485 788 4550 aromatica,
817 4485 992 4556 gravi,
1019 4492 1078 4538 ut
1130 4485 1303 4549 aiunt,
1340 4494 1395 4540 et
1443 4501 1630 4540 crassa
1686 4486 1864 4542 radice
1893 4529 1906 4553 ,
1963 4489 2059 4542 sed

469 4578 622 4634 brevi
651 4592 714 4632 ac
737 4577 890 4648 nigra
918 4577 1221 4647 fragilique,
1254 4578 1502 4647 quamvis
1548 4579 1732 4650 pingui
1771 4580 1879 4635 situ
1903 4580 2060 4634 redo-

471 4666 642 4732 lente,
655 4681 972 4738 cypressum
989 4681 1184 4736 aspero
1197 4681 1408 4736 sapore,
1426 4667 1554 4722 folio
1569 4684 1738 4738 parvo
1761 4667 2057 4740 densoque,
2085 4643 2139 4703 D

473 4755 630 4825 cujus
658 4757 940 4812 cacumina
967 4758 1023 4812 in
1051 4759 1247 4815 aristas
1279 4776 1338 4815 se
1385 4769 1663 4831 spargunt.
1695 4760 1926 4831 Ideoque
1970 4778 2064 4831 ge-

475 4847 625 4902 mina
660 4849 804 4903 docti
842 4849 1185 4919 pigtnentarii
1239 4850 1394 4905 nardi
1443 4851 1619 4920 spicas
1644 4866 1709 4906 ac
1739 4850 1864 4905 folia
1919 4851 2064 4907 cele-

473 4941 656 4996 brant.
689 4939 756 4996 Et
780 4942 883 4997 hoc
910 4948 1014 5007 est,
1043 4941 1186 5012 quod
1225 4943 1301 4997 ait
1328 4941 1540 4998 Marcus
1571 4962 1582 4996 :
1618 4941 1882 5012 Unguenti
1912 4943 2066 4998 nardi

475 5031 666 5102 spicati
703 5030 866 5104 (Mar.
921 5031 1032 5104 le)
1055 5073 1069 5098 ,
1120 5033 1341 5103 pretiosi
1371 5034 1641 5099 videlicet,
1674 5033 1800 5103 quia
1829 5049 2068 5104 unguen-

477 5132 594 5180 tum
626 5123 757 5179 illud
796 5125 939 5194 quod
963 5124 1144 5180 attulit
1170 5124 1341 5180 Maria
1373 5126 1622 5190 Domino,
1661 5141 1767 5180 non
1798 5126 1971 5181 solum
2001 5127 2068 5182 de

477 5217 663 5272 radice
691 5214 997 5272 confecmm
1029 5217 1203 5283 nardi,
1249 5231 1436 5272 verum
1471 5217 1655 5278 etiam,
1683 5217 1838 5294 quod
1869 5219 2068 5287 pretio.

481 5307 595 5362 sius
625 5317 790 5372 esset,
821 5308 1092 5377 spicarum
1111 5301 1331 5377 quoque
1382 5316 1437 5361 et
1483 5307 1732 5360 foliorum
1765 5306 1882 5375 ejus
1929 5307 2070 5376 adje-

483 5399 662 5454 ctione
711 5399 923 5465 odoris,
972 5416 1037 5456 ac
1091 5399 1309 5454 virtutis
1364 5397 1508 5452 illius
1561 5408 1677 5452 erat
1731 5401 2066 5455 accumulata

483 5491 678 5560 gratia.
722 5490 926 5548 Ferunt
975 5501 1154 5546 autem
1197 5492 1262 5545 de
1319 5490 1488 5544 nardo
1538 5490 1860 5562 physiologi,
1927 5492 2070 5562 quod

483 5579 795 5652 principalis
823 5582 896 5638 sit
919 5583 971 5636 in
999 5580 1307 5651 unguentis,
1329 5579 1472 5634 unde
1495 5581 1690 5635 merito
1721 5583 1960 5636 unctioni
1983 5599 2073 5637 ca-

485 5671 615 5743 pitis
637 5681 689 5728 et
713 5673 908 5744 pedum
924 5671 1134 5727 Domini
1167 5669 1344 5726 oblata
1364 5679 1467 5725 est.
1497 5671 1634 5726 Sunt
1655 5671 1821 5726 multa
1853 5673 2070 5742 quidem

487 5761 606 5832 ejus
633 5780 851 5836 genera,
877 5763 972 5817 sed
1000 5762 1183 5817 omnia
1207 5762 1410 5829 herbae,
1435 5772 1633 5833 praeter
1654 5763 1892 5818 Indicum
1929 5765 2070 5834 quod

488 5851 782 5932 pretiosius
815 5864 914 5912 est.
969 5854 1208 5925 Mysticze
1248 5865 1428 5913 autem
1475 5858 1686 5915 devotio
1739 5859 1851 5913 lucc
1894 5857 2070 5913 Marte

2156 3403 2368 3442 memor
2393 3386 2681 3457 Apostolus
2703 3387 2814 3442 ait:
2852 3386 2923 3441 Et
2957 3388 3003 3442 si
3038 3405 3342 3444 noveramus
3370 3386 3552 3443 Iesum
3592 3385 3750 3442 Chri-

2156 3491 2294 3534 stum
2322 3479 2609 3534 secundum
2652 3496 2884 3546 carnem,
2929 3497 3066 3535 nunc
3101 3480 3219 3550 jam
3244 3496 3349 3535 non
3374 3480 3609 3536 novimus
3629 3497 3749 3535 eum

2159 3568 2246 3642 (II
2269 3569 2392 3624 Cor.
2425 3568 2502 3643 v).

2232 3663 2446 3718 Mittens
2473 3665 2613 3718 enim
2637 3664 2749 3720 Itth
2776 3673 3099 3736 unguentum
3141 3666 3237 3720 hoc
3265 3665 3320 3720 in
3359 3683 3548 3738 corpus
3573 3682 3748 3720 meum

2163 3755 2234 3810 ad
2268 3754 2622 3825 sepeliendum
2647 3772 2728 3809 me
2754 3757 2893 3826 fecit.
2932 3755 3086 3822 Quod
3110 3771 3208 3811 vos
3249 3756 3452 3825 putatis
3487 3755 3752 3827 perditio-

2159 3863 2284 3905 nem
2311 3863 2432 3905 esse
2467 3848 2751 3918 unguenti,
2781 3846 3011 3902 ollicium
3055 3847 3346 3918 sepultura:
3387 3856 3491 3913 est,
3521 3861 3622 3902 nec
3649 3845 3754 3901 mi-
3807 3852 3818 3862 '

2160 3955 2302 4004 rum,
2333 3939 2378 3993 si
2408 3939 2540 3993 mihi
2569 3940 2771 3993 bonum
2799 3938 3018 3994 odorem
3053 3938 3176 3994 fidei
3217 3954 3327 3994 suae
3365 3937 3596 4004 dederit,
3627 3952 3753 3992 cum

2161 4049 2260 4104 ego
2285 4048 2385 4103 pro
2409 4048 2473 4088 ea
2505 4031 2722 4086 fusurus
2743 4031 2844 4085 sim
2872 4033 3192 4100 sanguinem
3221 4045 3420 4086 meum.

2177 4158 2196 4181 α
2231 4129 2396 4181 Amen
2424 4127 2539 4180 dico
2566 4124 2728 4189 vobis,
2768 4123 3060 4196 ubicunque
3097 4123 3442 4196 prmdicatum
3467 4121 3627 4193 fuerit
3655 4121 3754 4175 hoc

2161 4214 2502 4285 Evangelium
2525 4215 2580 4268 in
2602 4221 2710 4266 toto
2741 4212 2958 4279 mundo,
3001 4213 3206 4268 dicetur
3236 4221 3284 4266 et
3315 4211 3454 4284 quod
3493 4212 3605 4265 hcce
3631 4209 3754 4278 fecit

2160 4306 2218 4360 in
2246 4306 2549 4360 memoriam
2580 4305 2716 4375 ejus.
2769 4302 2828 4358 In
2874 4311 2988 4358 toto
3017 4303 3217 4358 mundo
3261 4317 3366 4358 non
3412 4313 3519 4356 tam
3559 4299 3756 4354 mulier

2163 4399 2290 4464 ista,
2315 4414 2475 4470 quam
2518 4398 2759 4454 Ecclesia
2789 4398 3134 4468 praedicatur,
3164 4397 3306 4469 quod
3337 4395 3607 4467 sepelierit
3643 4394 3758 4450 Sal-

2162 4499 2429 4556 vatorem,
2457 4489 2599 4559 quod
2623 4489 2841 4543 unxerit
2867 4497 3028 4558 caput
3052 4487 3185 4557 ejus.

2239 4581 2382 4636 Tunc
2425 4581 2551 4636 abiit
2596 4597 2735 4635 unus
2763 4581 2828 4634 de
2879 4580 3176 4646 duodecim,
3221 4580 3311 4652 qui
3350 4578 3545 4632 dicitur
3584 4577 3757 4632 ludas

2165 4673 2465 4728 Iscltarioth
2492 4672 2561 4726 ad
2587 4673 2846 4742 principes
2872 4671 3220 4736 sacerdotum,
3251 4680 3298 4725 et
3325 4670 3399 4724 ait
3433 4667 3539 4723 illis
3566 4685 3585 4724 :
3617 4666 3759 4734 Quid

2166 4763 2323 4819 vultis
2373 4762 2502 4816 mihi
2553 4762 2702 4827 dare,
2752 4770 2801 4816 et
2854 4779 2946 4833 ego
3000 4762 3140 4816 vobis
3185 4777 3301 4815 eum
3353 4759 3613 4813 tradam?
3648 4767 3756 4813 etc.

2167 4852 2320 4907 Multi
2349 4851 2507 4907 hodie
2551 4851 2729 4907 scelus
2771 4851 2941 4918 Judae,
2989 4851 3117 4921 quia
3159 4851 3449 4906 Dominum
3495 4865 3559 4904 ac
3593 4848 3762 4918 Magi-

2166 4953 2340 5001 strum
2369 4945 2650 5016 Deumque
2687 4960 2841 5001 suum
2865 4945 3094 5017 pecunia
3118 4943 3439 5010 vendiderit,
3463 4943 3548 4998 vel
3576 4951 3636 4996 ut
3661 4943 3764 4997 im-

2169 5053 2347 5105 mane,
2397 5046 2454 5094 et
2500 5037 2769 5094 nefarium
2813 5039 3130 5102 exhorrent,
3175 5052 3277 5092 nec
3313 5045 3494 5090 tamen
3525 5043 3757 5090 cavent:

2170 5145 2298 5184 nam
2327 5145 2450 5184 cum
2490 5144 2591 5200 pro
2633 5129 2948 5184 muneribus
2991 5127 3186 5183 falsum
3232 5134 3418 5182 contra
3463 5124 3765 5195 quemlibet

2172 5222 2543 5278 testimonium
2565 5221 2771 5286 dicunt,
2795 5219 3057 5290 profecto,
3081 5220 3206 5289 quia
3229 5219 3510 5274 veritatem
3531 5214 3762 5286 pecunia

2172 5313 2577 5384 negant,Deum
2596 5311 2824 5382 pecunia
2849 5310 3109 5364 vendunt.
3140 5310 3260 5379 lpse
3280 5309 3424 5364 enim
3449 5307 3619 5362 dixit:
3646 5305 3763 5376 Ego

2173 5422 2288 5459 sum
2319 5407 2507 5459 veritas
2529 5403 2710 5475 (Joan.
2736 5402 2870 5473 xxv).
2902 5402 3036 5457 Cum
3063 5402 3376 5457 societatem
3405 5397 3765 5453 fraternitatis

2175 5495 2355 5564 aliqua
2381 5492 2665 5548 discordiae
2690 5501 2843 5563 peste
2869 5491 3286 5556 commaculant,
3320 5488 3608 5544 Dominum
3644 5500 3765 5556 pro-

2174 5587 2327 5649 dunt,
2363 5585 2490 5656 quia
2515 5585 2658 5639 Deus
2690 5585 2923 5639 Charitas
2962 5592 3057 5638 est.
3090 5581 3192 5650 Qui
3232 5596 3361 5652 ergo
3398 5577 3685 5634 charitatis
3709 5584 3768 5629 et

2172 5680 2418 5734 veritatis
2440 5679 2590 5750 jussa
2631 5685 2914 5748 spernunt,
2960 5677 3129 5731 Deum
3157 5675 3364 5743 utique,
3392 5672 3484 5741 qui
3511 5677 3596 5724 est
3633 5667 3766 5723 cha-
3807 5722 3810 5724 .

2173 5771 2308 5825 ritas
2338 5779 2392 5826 et
2423 5771 2648 5835 veritas,
2695 5769 2948 5839 produnt.
2997 5765 3199 5821 Scribit
3241 5765 3297 5817 in
3331 5760 3622 5832 Evangelio
3664 5772 3764 5813 suo

2173 5861 2410 5918 Joannes
2437 5877 2450 5916 :
2481 5861 2618 5928 Quia
2640 5877 2758 5914 cum
2786 5859 3079 5914 intinxisset
3102 5857 3358 5913 Dominus
3383 5868 3591 5928 panem,
3617 5850 3762 5906 dedit
3801 5917 3806 5922 _
