4030 6458
257 471 350 532 177

1052 451 1568 519 COLLECTIONES
1603 450 1670 504 IN
1711 451 2090 509 EPISTOLAS
2129 455 2218 510 ET
2261 455 2672 512 EVANGELIA.

3403 457 3507 514 178

257 583 409 643 Iuda:
435 578 667 636 Simonis
695 572 999 639 Iscariotis;
1043 584 1090 628 et
1128 583 1240 644 post
1269 571 1552 626 buccellam
1583 578 1704 623 tunc
1747 569 1829 622 in—
1855 568 1907 629 Α
1932 567 2097 621 steria
2125 545 2423 634 declarare,
2448 577 2713 637 quatenus
2746 575 2802 622 et
2839 567 3043 638 antiqui
3085 567 3380 640 legalisque
3414 570 3517 626 Pa-

260 675 422 733 troivit
447 673 502 725 in
526 669 677 724 illum
713 666 942 724 Satanas
968 666 1150 738 (Joan.
1179 665 1321 738 xm),
1355 664 1450 720 sed
1475 679 1582 719 non
1606 671 1689 718 εει
1715 677 1837 716 con-

258 765 478 824 trarium
502 759 680 827 Lucae,
723 760 815 830 qui
843 774 970 814 eum
1009 766 1064 814 et
1089 766 1213 813 ante
1239 756 1534 813 buccellam
1564 771 1596 809 a
1635 753 1834 809 Satana

261 861 500 917 invasam
538 851 652 922 jam
703 867 824 908 esse
870 859 1258 908 commemorat
1302 849 1453 916 (Luc.
1499 845 1660 920 xm),
1709 844 1836 915 quia

259 963 412 1022 quem
438 962 583 1002 nunc
613 946 860 1010 intravit,
896 952 959 1000 ut
985 944 1280 1014 deciperet,
1306 940 1650 1013 postmodum
1675 940 1841 994 intra-

258 1041 351 1106 vit,
377 1046 437 1092 ut
457 1037 560 1094 sibi
581 1035 694 1105 jam
725 1036 982 1091 traditum
1007 1035 1198 1105 plenus
1225 1035 1546 1104 possideret.

327 1129 512 1184 Prima
545 1136 720 1181 autem
763 1142 1092 1196 azymorum,
1129 1133 1458 1180 accesserunt
1495 1122 1740 1194 discipuli
1770 1122 1840 1175 ad

256 1223 456 1285 Jcsum,
481 1219 709 1272 dicentes
734 1233 753 1272 :
784 1214 883 1270 Ubi
913 1217 987 1271 vis
1022 1232 1268 1286 paremus
1305 1215 1400 1269 tibi
1442 1215 1706 1269 comedere
1735 1211 1844 1265 Pa-

255 1313 425 1370 scha?
459 1310 704 1366 Primum
756 1310 899 1364 diem
938 1323 1276 1379 azymorum,
1321 1305 1843 1376 quartumdecimum

257 1405 412 1477 primi
442 1402 649 1459 mensis
692 1400 947 1471 appellat,
980 1400 1198 1470 quando
1226 1399 1494 1454 fermento
1515 1398 1725 1468 abjecto
1749 1397 1845 1450 im-

258 1497 476 1560 molare,
509 1495 565 1549 id
595 1503 698 1560 est,
736 1508 936 1564 agnum
961 1493 1211 1547 occidere
1249 1491 1496 1547 solebant
1541 1491 1608 1545 ad
1650 1505 1844 1560 vespe-

258 1604 388 1643 ram.
418 1585 580 1653 Quod
601 1599 877 1655 exponens
918 1584 1210 1655 Apostolus
1235 1584 1349 1639 ait:
1401 1583 1611 1637 Etenim
1638 1580 1847 1636 Pascha

259 1690 492 1735 nostrum
535 1676 837 1733 immolatus
866 1687 942 1731 est
972 1675 1212 1731 Christus
1243 1675 1296 1747 (Ι
1328 1673 1451 1730 Cor.
1477 1675 1554 1747 v),
1589 1674 1682 1743 qui
1721 1673 1850 1728 licet

257 1774 340 1829 die
364 1772 636 1844 sequenti,
678 1772 784 1826 hoc
827 1778 934 1836 est,
964 1769 1368 1840 quintadecima
1405 1769 1557 1823 Luna
1585 1767 1656 1822 sit
1681 1765 1853 1822 cruci-

258 1865 411 1928 fixus,
446 1866 553 1920 hac
583 1873 763 1919 tamen
802 1870 982 1928 nocte,
1021 1878 1126 1934 qua
1157 1878 1328 1933 agnus
1371 1861 1771 1926 immolabatur,
1798 1865 1854 1914 et

1936 660 2079 714 schzc
2105 661 2362 728 probator
2389 661 2608 726 existat,
2635 669 2689 714 et
2719 662 2822 716 hoc
2851 661 2920 715 ad
2947 677 3058 716 sua:
3095 660 3518 732 dispensationis

1935 749 2162 820 ﬁguram
2191 749 2515 820 pertinuisse
2557 749 2820 816 docendo,
2868 749 3158 806 carnaliter
3193 748 3333 805 ultra
3369 757 3520 806 vetet
3587 787 3592 792 -

1936 845 2198 909 exhiberi,
2241 845 2350 899 imo
2397 845 2590 899 umbra
2624 851 2956 911 transeunte,
3010 845 3126 900 veri
3158 844 3273 916 jam
3299 842 3521 900 Pascha:

1938 936 2120 992 lumen
2150 936 2432 992 advenisse
2460 935 2810 990 demonstret.

2011 1027 2184 1082 Filius
2209 1028 2416 1099 quidem
2447 1028 2671 1082 hominis
2697 1027 2864 1093 vadit,
2891 1028 3027 1081 sicut
3055 1029 3307 1099 scriptum
3337 1036 3414 1083 est
3458 1026 3524 1082 de

1940 1123 2053 1178 illo.
2117 1121 2203 1178 Vw
2237 1132 2411 1177 autem
2437 1123 2635 1176 homini
2683 1121 2783 1189 illi,
2811 1140 2904 1193 per
2934 1139 3086 1195 quem
3120 1125 3264 1192 ﬁlius
3301 1124 3526 1179 hominis

1943 1215 2198 1270 tradetur.
2249 1213 2348 1286 (Ex
2379 1213 2624 1285 Hieron.)
2673 1213 2896 1269 Putnam
2946 1213 3212 1282 praedicit,
3260 1221 3320 1267 ut
3365 1228 3529 1285 quem

1942 1307 2116 1376 pudor
2159 1319 2268 1359 non
2313 1303 2521 1358 vicerat
2569 1303 2845 1375 corrigam
2897 1302 3211 1358 denuntiata
3245 1301 3528 1372 supplicia.

1948 1397 2054 1453 Sed
2092 1405 2146 1451 et
2175 1397 2332 1452 hodie
2359 1411 2574 1466 quoque
2602 1403 2658 1450 et
2691 1396 2745 1450 in
2789 1394 3177 1464 sempiternum
3219 1408 3300 1448 vae
3325 1393 3534 1448 homini

1949 1489 2047 1554 illi,
2088 1489 2179 1560 qui
2225 1489 2292 1544 ad
2320 1505 2562 1544 mensam
2605 1488 2816 1543 Domini
2860 1488 3127 1560 malignus
3169 1488 3399 1554 accedit,
3441 1489 3535 1556 qui

1949 1582 2161 1637 insidiis
2191 1590 2372 1636 mente
2402 1582 2732 1651 inquinatus,
2782 1581 2874 1650 qui
2905 1582 2960 1634 in
3002 1579 3312 1651 praecordiis
3351 1579 3534 1649 aliquo

1952 1673 2156 1729 scelere
2193 1672 2446 1742 pollutus,
2494 1673 2874 1744 mysteriorum
2919 1671 3123 1727 Christi
3165 1670 3534 1726 oblationibus

1953 1765 2315 1820 sacrosanctis
2342 1765 2667 1836 participare
2690 1780 2799 1819 non
2822 1764 3040 1819 meruit.

2023 1856 2232 1912 Bonum
2279 1867 2389 1912 erat
2438 1859 2508 1924 ei,
2555 1857 2602 1912 si
2645 1867 2800 1912 natus
2847 1875 2952 1912 non
3003 1857 3187 1928 fuisset
3235 1858 3389 1912 homo
3426 1857 3537 1911 ille.

257 1959 437 2013 carnis
459 1958 845 2029 sanguinisque
883 1958 996 2012 suis
1025 1933 1304 2028 discipulis
1331 1956 1553 2012 tradidit
1593 1955 1853 2027 mysteria
1878 1933 1927 1993 Β
1955 1951 2059 2023 (Ex
2094 1949 2340 2024 Hieron.)
2386 1951 2506 2006 Non
2556 1950 2678 2006 ideo
2722 1950 2995 2020 putandus
3045 1958 3150 2017 est,
3199 1957 3325 2005 ante
3370 1947 3543 2005 fuisse

259 2049 600 2116 celebranda,
630 2057 688 2105 et
723 2050 755 2104 εἰ
776 2048 978 2105 ⁴Ιιιᾶιιξὶε
1019 2058 1200 2105 tentus
1223 2058 1280 2105 et
1303 2050 1516 2121 ligatus,
1550 2050 1720 2119 ipsius
1747 2049 1850 2103 im-

259 2141 593 2209 molationis,
643 2142 748 2198 hoc
789 2150 893 2209 est,
937 2141 1210 2212 passionis
1263 2157 1375 2198 sua:
1426 2141 1664 2197 sacravit
1694 2155 1853 2196 exor-

261 2233 432 2287 dium.

328 2322 397 2376 At
423 2321 580 2377 Iesus
602 2324 736 2378 dixit
765 2325 839 2378 eis
863 2337 881 2375 :
907 2323 989 2377 Ite
1017 2325 1073 2377 in
1100 2322 1359 2378 civitatem
1382 2322 1452 2375 ad
1477 2321 1776 2392 quemdam,
1806 2329 1856 2376 et

257 2414 421 2467 dicite
455 2415 542 2467 ei:
584 2413 838 2484 Magister
880 2414 1046 2468 dicit:
1093 2413 1316 2484 Tempus
1350 2429 1523 2467 meum
1564 2429 1723 2482 prope
1758 2420 1854 2476 est,

261 2503 408 2574 apud
436 2512 486 2557 te
511 2503 652 2573 facio
675 2504 887 2558 Pascha
909 2520 1028 2558 cum
1047 2502 1318 2573 discipulis
1343 2503 1492 2568 meis,
1512 2510 1617 2558 etc.
1646 2501 1858 2557 Marcus

247 2594 430 2664 dicit:
465 2593 548 2648 Ite
574 2594 634 2650 in
663 2596 944 2660 civitatem,
988 2603 1036 2648 et
1075 2603 1312 2648 occurret
1349 2594 1493 2648 vobis
1529 2594 1684 2647 homo
1717 2591 1860 2662 lage-

261 2704 387 2742 nam
427 2703 581 2758 aqua:
624 2685 870 2757 bajulans
917 2684 1112 2756 (Marc.
1161 2684 1296 2757 xw).
1335 2685 1551 2756 Lagena
1587 2683 1857 2754 fragilita-

262 2785 372 2834 tem
423 2777 674 2849 designat
724 2775 1112 2847 apostolorum,
1165 2791 1263 2846 per
1310 2791 1448 2846 quos
1503 2776 1694 2832 eadem
1737 2786 1858 2833 erat

262 2869 441 2941 gratia
484 2867 689 2924 mundo
724 2867 1102 2922 ministranda.
1147 2866 1304 2923 Unde
1345 2867 1535 2923 aiunt:
1591 2867 1857 2924 Habemus

262 2969 437 3014 autem
467 2959 774 3013 thesaurum
802 2958 963 3012 istum
987 2958 1044 3012 in
1068 2958 1206 3012 vasis
1231 2957 1501 3028 ﬁctilibus.
1523 2957 1701 3014 Lucas
1729 2975 1859 3016 vero

258 3053 372 3108 ait:
406 3051 809 3107 Introeuntibus
838 3051 982 3105 vobis
1026 3051 1082 3104 in
1125 3051 1407 3118 civitatem,
1447 3061 1682 3106 occurret
1718 3051 1858 3107 vobis

258 3143 410 3197 homo
457 3143 768 3213 amphoram
799 3157 950 3212 aqua:
974 3151 1214 3211 portans,
1246 3149 1353 3197 etc.
1398 3141 1647 3198 Pulchra:
1675 3152 1858 3199 autem

1953 2063 2115 2118 quam
2141 2055 2482 2112 nasceretur,
2514 2060 2638 2100 cum
2660 2045 2792 2099 nulli
2817 2044 2991 2115 possit
3013 2058 3134 2100 esse
3160 2045 3319 2109 bene,
3347 2043 3454 2097 nisi
3483 2041 3537 2095 ei

1953 2144 2046 2212 qui
2075 2139 2256 2205 fuerit,
2286 2140 2381 2195 sed
2412 2139 2733 2210 simpliciter
2770 2138 2976 2192 dictum
3004 2144 3106 2201 est,
3148 2135 3320 2191 multo
3348 2134 3545 2189 melius

1953 2245 2073 2286 esse
2096 2246 2204 2285 non
2230 2231 2551 2296 subsistere,
2582 2243 2747 2299 quam
2777 2227 2918 2282 male
2946 2227 3263 2284 subsistere.

2027 2323 2363 2392 Respondens
2394 2332 2567 2376 autem
2601 2321 2772 2376 Judas
2801 2319 2974 2374 dixit:
3018 2317 3274 2391 Nunquid
3309 2333 3402 2388 ego
3430 2333 3550 2370 sum

1958 2413 2168 2468 Rabbi?
2201 2413 2289 2466 Ait
2317 2411 2397 2466 illi
2423 2413 2580 2466 Iesus
2609 2431 2622 2465 :
2658 2411 2738 2464 Tu
2765 2409 2970 2464 dixisti.
2996 2407 3333 2462 Blandientis
3370 2405 3552 2475 iunxit

1957 2503 2228 2568 affectum,
2279 2503 2391 2557 sive
2440 2501 2835 2559 incredulitatis
2878 2500 3111 2569 signum.
3161 2496 3357 2553 Caneri
3404 2496 3552 2552 enim

1957 2594 2049 2663 qui
2084 2609 2189 2649 non
2219 2599 2376 2648 erant
2414 2590 2682 2662 prodituri
2715 2590 2936 2646 dicunt:
2983 2587 3241 2658 Nunquid
3271 2602 3364 2657 ego
3406 2601 3550 2651 sum,

1957 2683 2181 2738 Domine
2201 2683 2227 2736 .9
2247 2683 2354 2737 Iste
2378 2682 2577 2753 quippe
2615 2682 2707 2751 qui
2737 2681 3054 2752 proditurus
3077 2686 3196 2732 erat
3229 2693 3338 2732 non
3365 2677 3554 2732 Domi-

1957 2791 2108 2840 num,
2136 2776 2231 2830 sed
2259 2775 2580 2844 magistrum
2603 2780 2783 2840 vocat,
2828 2770 2984 2843 quasi
3021 2769 3431 2826 excusationem
3455 2771 3556 2825 ha-

1957 2865 2102 2930 beat,
2135 2865 2178 2920 si
2225 2865 2456 2921 Domino
2500 2865 2785 2936 denegato,
2834 2862 3028 2919 saltem
3059 2860 3378 2933 magistrum
3421 2876 3555 2932 pro-

1961 2957 2174 3012 diderit.

2033 3047 2370 3103 Caenantibus
2411 3057 2587 3104 autem
2616 3065 2712 3115 ets,
2755 3051 2953 3121 accepit
2983 3049 3142 3107 Iesus
3167 3065 3354 3123 panem
3380 3056 3430 3103 et
3466 3047 3576 3124 be-_

1963 3139 2186 3206 nedixit,
2215 3156 2278 3193 ac
2321 3140 2474 3210 fregit
2505 3139 2749 3212 deditque
2775 3141 3049 3212 discipulis
3079 3143 3189 3197 suis
3215 3150 3266 3196 et
3293 3141 3403 3194 ait:
3445 3139 3553 3193 Ac-

257 3234 539 3306 paraturis
581 3233 790 3289 Pascha
836 3233 1117 3307 discipulis
1149 3234 1312 3289 homo
1345 3233 1664 3303 amphoram
1707 3249 1862 3304 aqua:
1905 3303 1932 3307 _
1962 3228 2118 3299 cipite
2141 3238 2188 3282 et
2228 3229 2504 3296 comedite,
2540 3230 2636 3284 hoc
2681 3241 2756 3286 est
2782 3249 2972 3303 corpus
3016 3251 3211 3288 meum.
3261 3232 3558 3301 Postquam

259 3303 492 3398 portans
519 3327 710 3392 currit,
740 3333 798 3380 ut
839 3303 1158 3382 ostendatur
1194 3326 1356 3397 hujus
1396 3326 1618 3382 Pascha:
1663 3303 1865 3398 myste-
1891 3303 1936 3366 Ο
1969 3320 2208 3390 typicum
2255 3320 2467 3376 Pascha
2514 3321 2696 3376 fuerat
2739 3323 3040 3393 impletum,
3093 3331 3149 3378 et
3196 3322 3322 3392 agni
3365 3336 3560 3377 carnes

260 3419 420 3486 rium,
458 3433 562 3489 pro
583 3417 859 3473 ablutione
891 3418 1130 3488 perfecta
1155 3417 1342 3472 mundi
1375 3417 1539 3472 totius
1568 3432 1688 3472 esse
1731 3417 1868 3472 cele-

263 3509 562 3566 brandum.
606 3509 763 3579 Aqua
811 3509 1010 3581 quippe
1053 3510 1329 3564 lavacrum
1363 3509 1572 3580 gratiae,
1602 3510 1864 3580 amphora

263 3616 588 3659 mensuram
614 3598 914 3677 perfectam
945 3599 1232 3671 significat.
1257 3599 1458 3654 Parant
1481 3613 1610 3668 ergo
1630 3599 1862 3665 Pascha,

263 3698 353 3754 ubi
393 3712 558 3768 aquae
589 3695 827 3752 infertur
851 3697 1137 3766 amphora,
1185 3697 1313 3766 quia
1359 3705 1572 3765 tempus
1615 3695 1866 3751 videlicet

266 3790 418 3847 adest
460 3806 574 3861 quo
601 3791 716 3846 veri
757 3790 978 3846 Pascha:
1014 3790 1313 3846 cultoribus
1340 3791 1552 3862 typicus
1577 3791 1643 3846 de
1681 3790 1866 3845 limine

266 3897 429 3938 cruor
457 3881 761 3949 auferatur,
789 3891 845 3939 et
869 3884 937 3939 ad
962 3882 1198 3939 tollenda
1216 3883 1447 3939 crimina
1471 3881 1672 3939 vivifici
1703 3882 1867 3938 fontis

265 3971 538 4044 baptisma
564 3983 935 4030 consecretur.
981 3973 1041 4030 In
1085 3974 1191 4029 alio
1233 3975 1566 4046 evangelista
1604 3975 1867 4043 scriptum

265 4074 370 4132 est,
403 4067 556 4136 quod
602 4067 927 4122 invenerunt
965 4066 1305 4122 ctenaculum
1337 4081 1593 4137 magnum
1638 4074 1868 4120 stratum

267 4166 434 4226 atque
470 4159 807 4220 mandatum,
837 4164 894 4212 et
940 4157 1013 4211 ibi
1044 4164 1366 4226 paraverunt
1412 4157 1482 4210 ei.
1520 4153 1868 4210 Cmuaculum

269 4261 534 4319 magnum
576 4246 664 4301 lex
703 4245 963 4316 spiritalis
990 4253 1093 4312 est,
1137 4261 1258 4315 qua:
1283 4244 1353 4300 de
1380 4245 1644 4315 angustiis
1676 4244 1871 4298 littera:

272 4340 584 4411 egrediens,
618 4339 673 4392 in
709 4336 927 4392 sublimi
962 4336 1081 4392 loco
1123 4336 1318 4406 recipit
1349 4335 1705 4390 Salvatorem.
1738 4332 1869 4388 Nam

274 4436 364 4505 qui
418 4435 599 4490 adhuc
641 4434 976 4488 occidentem
1003 4433 1239 4486 litteram
1283 4429 1604 4494 servaverit,
1643 4428 1736 4498 qui
1765 4443 1872 4481 nou

276 4525 421 4581 aliud
454 4527 508 4580 in
533 4541 692 4595 agno,
729 4541 890 4594 quam
918 4539 1083 4594 pecus
1111 4521 1456 4586 intellexerit,
1489 4520 1592 4575 iste
1617 4520 1871 4574 nimirum

277 4615 331 4671 in
353 4617 479 4672 imis
515 4616 720 4671 Pascha
750 4614 902 4682 facit,
943 4616 1069 4685 quia
1100 4615 1324 4684 spiritus
1362 4609 1700 4680 majestatem
1723 4627 1870 4667 com-

277 4710 614 4780 prehendere
659 4709 891 4764 necdum
940 4707 1148 4762 didicit.
1181 4705 1373 4776 Atqui
1411 4721 1565 4774 aqua:
1604 4703 1864 4775 bajulum,

279 4802 380 4857 hoc
410 4810 499 4857 est
522 4802 710 4873 gratia:
735 4815 1040 4871 prreconem
1072 4799 1126 4854 in
1159 4799 1380 4853 domum
1422 4796 1680 4853 Ecclesia:
1706 4794 1872 4850 fuerit

280 4902 517 4958 secutus,
545 4892 634 4947 hic
666 4907 763 4962 per
782 4890 1033 4960 spiritum
1059 4889 1421 4945 viviﬁcantem
1445 4894 1647 4942 tectum
1679 4887 1872 4941 littera:

282 4983 734 5049 transcendendo,
789 4983 844 5038 in
893 4983 1003 5038 alto
1055 4982 1252 5038 mentis
1304 4981 1602 5036 diversorio
1653 4979 1872 5035 Christo

283 5078 616 5132 mansionem
648 5084 935 5147 praeparat,
979 5076 1104 5146 quia
1147 5082 1364 5139 cuncta,
1395 5074 1480 5129 vel
1524 5073 1747 5128 Pascha:
1787 5087 1874 5127 sa-

285 5178 642 5236 cramentum,
666 5169 752 5225 vel
777 5177 974 5226 caetera
1011 5169 1145 5240 legis
1182 5169 1402 5225 decreta
1439 5168 1505 5224 de
1534 5169 1640 5224 hoc
1675 5166 1877 5236 scripta

285 5259 549 5334 intelligit.

366 5349 586 5424 Vespere
613 5362 789 5408 autem
817 5355 956 5423 facto
985 5353 1336 5407 discumbebat
1358 5368 1476 5407 cum
1498 5351 1773 5405 duodecim
1794 5349 1877 5403 di-

289 5443 520 5512 scipulis.
555 5443 626 5498 Et
667 5443 934 5498 edentibus
967 5443 1097 5509 illis,
1145 5444 1316 5498 dixit:
1359 5442 1522 5497 Amen
1561 5441 1678 5496 dico
1709 5441 1869 5507 vobis,

291 5531 414 5599 quia
441 5549 573 5588 unus
617 5541 846 5588 vestrum
885 5549 965 5588 me
993 5533 1287 5588 traditurus
1331 5543 1427 5600 est,
1464 5541 1570 5590 etc.
1613 5533 1789 5589 Lucas
1816 5533 1872 5588 in

294 5620 395 5676 hoc
440 5622 576 5692 loco,
608 5625 896 5681 Dominum
935 5625 1228 5680 introducit
1267 5626 1571 5681 dicentem:
1600 5625 1873 5680 Desiderio

294 5714 582 5774 desideravi
610 5719 707 5774 hoc
735 5719 942 5776 Pascha
959 5718 1280 5773 manducare
1305 5718 1566 5773 vobiscum
1593 5729 1872 5790 antequam

296 5810 488 5878 patiar.
534 5812 812 5870 Desiderat
838 5813 1014 5884 primo
1056 5812 1296 5884 typicum
1332 5814 1530 5882 pascha
1561 5827 1684 5866 cum
1713 5811 1872 5867 disci-

300 5899 440 5970 pulis
466 5905 812 5973 manducare,
843 5913 897 5962 et
943 5906 1022 5965 sic
1058 5903 1328 5977 passionis
1372 5920 1482 5961 sure
1521 5904 1720 5961 mundo
1759 5919 1873 5974 my-

1893 4665 1947 4724 D

1969 3426 2094 3466 cum
2144 3412 2404 3482 apostolis
2458 3414 2803 3481 comederat,
2858 3416 3153 3485 assumpsit
3201 3429 3418 3484 panem,
3469 3412 3561 3482 qui

1969 3501 2243 3558 confortat
2291 3519 2389 3558 cor
2417 3504 2674 3570 hominis,
2708 3513 2764 3560 et
2789 3505 2857 3560 ad
2908 3521 3095 3560 verum
3125 3504 3348 3561 Pascha:
3374 3513 3560 3559 trans-

1969 3594 2210 3664 greditur
2256 3602 2674 3650 sacramentum.
2723 3597 2794 3651 Ut
2825 3597 3094 3667 quomodo
3141 3598 3198 3652 in
3249 3596 3564 3669 praeﬁgura-

1970 3684 2118 3740 tione
2143 3683 2259 3754 ejus
2291 3685 2686 3741 Melchisedech
2714 3687 2914 3742 summi
2946 3687 3042 3743 Dei
3067 3688 3324 3743 sacerdos
3362 3702 3563 3758 panem

1968 3782 2024 3829 et
2051 3774 2238 3829 vinum
2279 3774 2514 3831 offerens
2560 3777 2782 3844 fecerat,
2826 3778 2942 3847 ipse
2983 3792 3200 3849 quoque
3231 3779 3287 3833 in
3331 3778 3564 3834 veritate

1971 3865 2056 3920 sui
2082 3866 2330 3936 corporis
2357 3875 2413 3921 et
2458 3868 2738 3938 sanguinis
2764 3878 3202 3939 repraesentaret.
3241 3869 3310 3924 Et
3331 3868 3386 3922 in
3416 3868 3564 3923 Luca

1970 3957 2198 4029 legimus
2228 3957 2364 4013 duos
2411 3959 2631 4026 calices,
2681 3961 2877 4031 quibus
2907 3961 3187 4032 discipulis
3231 3961 3562 4033 propinarit.

1971 4050 2152 4106 Unum
2174 4051 2336 4120 primi
2365 4053 2570 4108 mensis
2597 4061 2652 4107 et
2686 4053 2919 4109 alterum
2950 4057 3196 4121 secundi,
3217 4065 3276 4109 ut
3301 4056 3395 4124 qui
3425 4055 3566 4110 inter

1971 4151 2192 4198 sanctos
2219 4145 2394 4213 primo
2424 4160 2611 4199 mense
2647 4161 2845 4214 agnum
2868 4147 3155 4200 comedere
3175 4162 3282 4200 non
3304 4146 3566 4217 potuerit,

1977 4235 2221 4290 secundo
2262 4251 2452 4290 mense
2499 4237 2642 4290 inter
2670 4238 2997 4306 poenitentes
3040 4238 3252 4294 haedum
3293 4241 3564 4295 comedat.

1973 4325 2198 4397 Frangit
2225 4335 2405 4381 autem
2433 4328 2549 4398 ipse
2577 4345 2796 4399 panem,
2828 4345 2988 4401 quem
3020 4331 3297 4402 discipulis
3316 4333 3568 4403 porrigit,

1974 4427 2036 4474 ut
2059 4421 2311 4476 ostendat
2334 4423 2578 4492 corporis
2609 4425 2693 4479 sui
2739 4423 3061 4480 fractionem
3093 4443 3201 4482 non
3238 4427 3441 4496 absque
3469 4444 3568 4483 sua

1974 4518 2165 4580 sponte
2211 4527 2275 4566 ac
2317 4515 2700 4582 procuratione
2744 4524 3053 4583 venturam,
3103 4516 3218 4584 sed,
3269 4519 3411 4573 sicut
3440 4518 3568 4574 alibi

1977 4601 2130 4668 dicit,
2153 4612 2480 4673 potestatem
2526 4622 2586 4662 se
2627 4605 2828 4663 habere
2853 4607 3088 4678 ponendi
3119 4608 3354 4662 animam
3391 4623 3564 4674 suam,

1973 4700 2030 4748 et
2057 4703 2380 4763 potestatem
2408 4712 2467 4752 se
2490 4697 2693 4754 habere
2720 4698 2916 4753 iterum
2955 4698 3203 4754 sumendi
3227 4714 3368 4754 eam.
3396 4699 3570 4767 Quem

1973 4787 2265 4843 videlicet?
2311 4805 2508 4859 panem
2555 4792 2691 4846 certi
2738 4807 2954 4862 quoque
3009 4793 3183 4864 gratia
3238 4795 3570 4849 sacramenti

1974 4881 2290 4950 priusquam
2335 4881 2630 4953 frangeret,
2675 4883 2970 4941 benedixit.
3017 4885 3153 4952 Quia
3187 4896 3438 4942 naturam
3470 4889 3572 4942 bu-

1977 4987 2218 5037 manam,
2266 4988 2428 5042 quam
2461 4989 2722 5043 passurus
2765 4976 3080 5046 assumpsit,
3129 4977 3249 5046 ipse
3287 4993 3396 5031 una
3445 4991 3572 5030 cum

1977 5061 2141 5120 Patre
2185 5073 2239 5119 et
2273 5064 2481 5135 Spiritu
2525 5078 2714 5125 sancto
2753 5070 2927 5140 gratia
2973 5070 3168 5126 divinae
3211 5069 3431 5125 virtutis
3467 5068 3574 5122 im-

1985 5155 2151 5225 plevit
2174 5175 2186 5210 :
2226 5157 2502 5212 Benedixit
2529 5177 2718 5231 panem
2746 5170 2796 5215 et
2822 5162 2998 5233 fregit,
3040 5161 3165 5232 quia
3191 5160 3467 5217 hominem
3488 5173 3574 5214 as-

1984 5256 2278 5318 sumptum,
2309 5249 2382 5303 ita
2412 5251 2574 5305 morti
2599 5251 2830 5308 subdere
2852 5253 3102 5324 dignatus
3138 5257 3240 5317 est,
3269 5257 3332 5304 ut
3358 5248 3410 5304 ei
3433 5247 3572 5304 divi-

1981 5357 2066 5396 nae
2100 5341 2528 5399 immortalitatis
2573 5345 2845 5401 veraciter
2893 5346 3073 5401 inesse
3127 5340 3424 5412 potentiam
3473 5339 3572 5398 de-

1981 5440 2330 5488 monstraret.
2366 5434 2598 5504 ldeoque
2630 5434 2872 5492 velocius
2892 5449 3017 5491 eum
3054 5447 3088 5487 a
3124 5437 3300 5486 morte
3340 5429 3572 5490 resusci-

1979 5525 2202 5580 tandum
2229 5511 2348 5580 esse
2374 5526 2610 5582 doceret.

2050 5617 2121 5672 Et
2163 5618 2421 5689 accipiens
2451 5617 2665 5674 calicem
2705 5619 2905 5690 gratias
2928 5617 3051 5688 egit,
3084 5622 3133 5669 et
3156 5614 3302 5670 dedit
3343 5615 3452 5672 illis
3484 5614 3570 5672 di-

1981 5802 2117 5858 Novi
2150 5801 2484 5870 Testamenti,
2514 5809 2617 5856 etc.
2651 5801 2788 5869 Quia
2832 5800 2988 5871 panis
3011 5816 3207 5872 corpus
3255 5800 3562 5866 confirmat,

1978 5899 2163 5954 vinum
2203 5914 2332 5954 vero
2377 5895 2693 5966 sanguinem
2737 5905 2994 5968 operatur
3031 5897 3086 5952 in
3129 5913 3313 5964 carne,
3362 5895 3447 5949 hic
3494 5894 3562 5952 ad

3627 5635 3640 5656 Ι

3625 5661 3642 5678 η

1980 5726 2100 5765 cens
2129 5729 2140 5763 :
2177 5709 2348 5765 Bibite
2376 5728 2440 5766 ea:
2470 5711 2566 5765 hoc
2589 5727 2787 5776 omnes,
2815 5709 2901 5762 hic
2927 5717 3003 5764 est
3024 5709 3163 5762 enim
3183 5709 3400 5780 sanguis
3420 5723 3566 5763 meus
3631 5737 3636 5741 -
