4030 6506
304 464 408 525 tst
709 451 712 454 ‘
1125 453 1646 517 COLLECTIONES
1684 452 1751 508 lN
1793 448 2174 505 EPISTOLAS
2214 446 2300 499 nr
2341 441 2756 501 EVANGELIA.
3461 433 3566 497 ise

301 581 506 655 lapide,
549 591 722 651 usque
765 575 831 633 ad
869 574 1016 631 illum
1056 574 1200 630 enim
1243 579 1424 643 potest
1467 568 1752 640 pervenire
1795 563 1884 618 ille
1910 563 1965 626 Α
2059 560 2288 630 Surgite,
2325 569 2528 624 cornus,
2555 575 2671 655 ecce
2713 557 3095 628 appropinquat
3124 555 3325 626 quinte
3351 554 3564 623 tradet,

301 647 466 746 lapis,
494 647 749 745 quoniam
794 670 916 741 ﬁnis
957 667 1083 738 legis
1123 673 1199 722 est
1237 662 1475 719 Christus
1521 660 1589 714 ad
1626 656 1889 730 justitiam
1967 663 2095 710 -etc.
2131 653 2208 708 Ac
2249 652 2297 707 si
2341 652 2582 707 diceret:
2623 648 2742 705 Non
2795 665 2896 706 nos
2938 648 3252 714 inveniant,
3299 648 3455 718 quasi
3501 647 3571 704 tiv

305 741 452 822 omni
481 741 708 818 credenti
732 759 911 833 (Rom.
934 755 1016 831 ι).
1963 756 2199 805 mentes
2224 755 2283 803 et
2307 753 2695 815 retractantes,
2725 743 2869 798 ultro
2911 756 3199 813 pergamus
3219 741 3289 806 ad
3309 748 3564 806 mortem,

380 859 451 913 Et
480 857 695 912 dicens:
739 853 817 909 Mi
855 850 1039 918 Pater,
1082 850 1130 904 si
1170 846 1415 920 possibile
1457 853 1549 909 est,
1591 848 1824 898 transeat
1853 855 1891 894 α
1989 851 2052 899 ut
2073 841 2457 898 conﬁdentiam
2484 846 2540 894 et
2563 837 2814 910 gaudium
2835 837 3050 907 passuri
3076 836 3317 900 videant.

305 969 393 1006 me
420 950 560 1006 εαιξπ
579 949 695 1014 iste,
725 951 828 1002 etc.
857 944 1010 1012 Quod
1027 913 1233 1008 autem,
1256 947 1465 1011 patrem
1493 938 1767 1000 invocans,
1796 933 1893 988 du—
2061 933 2288 990 Accessit
2312 931 2486 986 Iudas
2513 928 2584 1002 a’d
2629 929 2836 994 desum,
2855 935 2903 981 et
2939 927 3070 984 dixit
3091 943 3110 981 .-
3145 924 3273 993 Ave,
3301 923 3494 990 Rob-bi,
3522 913 3573 978 et

273 1043 435 1113 'plici
473 1041 768 1097 secundum
811 1037 1048 1092 Marcum
1091 1035 1308 1090 nomine
1343 1031 1508 1086 dicit:
1541 1029 1686 1083 Abba
1723 1035 1890 1097 pater,
1991 1026 2256 1082 osculatus
2300 1033 2377 1079 est
2431 1039 2568 1078 eum.
2615 1020 2900 1092 impudens
2934 1019 3154 1092 quidem
3206 1026 3263 1076 et
3309 1017 3576 1074 scelerata

307 1109 598 1201 utriusque
626 1129 810 1201 populi
839 1129 1008 1192 illum,
1053 1134 1107 1181 et
1138 1124 1360 1189 ludatis,
1408 1121 1634 1185 scilicet,
1685 1124 1739 1172 et
1765 1131 1895 1188 gen-
1993 1123 2342 1186 conﬁdenua,
2364 1119 2682 1187 magistrum
2711 1132 2835 1172 eum
2859 1128 3055 1171 vocare
3074 1145 3095 1180 ι,
3147 1120 3206 1169 οι
3245 1111 3494 1178 osculum
3521 1109 3578 1180 ei

268 1259 270 1262 -
307 1224 457 1277 tibus
483 1223 651 1277 Deum
673 1236 815 1286 esse,
837 1233 900 1274 ac
927 1218 1262 1274 Salvatorem
1287 1213 1543 1270 ostendit.
1569 1211 1716 1266 Idem
1742 1223 1896 1263 nam—
1993 1216 2242 1286 ingerere
2270 1229 2433 1283 quem
2453 1213 2718 1267 tradebat.
3364 1269 3366 1271 ,
3469 1241 3475 1260 -.

304 1329 417 1382 que
457 1312 610 1367 Abba
655 1312 794 1381 quod
825 1317 883 1367 et
918 1317 1074 1380 pater
1115 1307 1405 1379 signiﬁcat.
1451 1303 1559 1359 Sed
1591 1313 1746 1364 unus
1785 1301 1892 1356 He-
2063 1304 2203 1360 Dicit
2229 1305 2309 1359 illi
2339 1304 2528 1360 Iesus:
2556 1303 2751 1367 Amice,
2779 1301 2849 1358 ad
2900 1299 3040 1372 quod
3087 1299 3309 1356 uenisti?
3354 1298 3575 1362 Duobus

305 1408 539 1471 brutum,
593 1410 762 1482 πατὴρ
799 1404 1047 1458 Grs‘cum
1095 1408 1178 1456 est
1228 1407 1282 1454 et
1318 1397 1588 1452 Latinum.
1643 1395 1716 1450 Ut
1767 1407 1895 1462 ergo
1993 1398 2168 1455 modis
2194 1399 2298 1452 hoc
2319 1396 2723 1468 intelligendum
2748 1402 2852 1451 est.
2881 1393 2964 1449 Ad
2989 1392 3126 1464 quod
3159 1391 3367 1457 venisti,
3387 1391 3444 1446 id
3467 1399 3577 1455 est,

305 1506 603 1566 utrumque
625 1496 886 1567 populum
907 1495 960 1548 in
981 1507 1105 1549 eum
1129 1491 1480 1552 crediturum,
1505 1497 1560 1542 et
1578 1489 1646 1542 ab
1665 1495 1896 1554 utroque
1994 1492 2063 1546 ad
2091 1491 2234 1560 quod
2258 1489 2433 1545 scelus
2461 1489 2708 1558 delapsus
2733 1502 2794 1542 es
2815 1527 2831 1551 ,
2885 1492 2946 1542 ut
2989 1484 3285 1554 discipulus
3334 1482 3578 1537 traderes

304 1607 434 1644 eum
480 1590 839 1645 invocandum
867 1603 987 1644 esse
1030 1586 1272 1651 doceret,
1303 1591 1536 1654 utraque
1562 1581 1743 1652 lingua
1769 1593 1893 1636 eum
1994 1585 2334 1656 magistrum,
2358 1591 2415 1636 et
2455 1581 2585 1636 dum
2611 1595 2762 1636 esses
2806 1577 3101 1649 apostolus,
3129 1576 3351 1633 eli'ectus
3373 1589 3434 1630 es
3459 1582 3576 1629 tra-

306 1683 516 1753 primus
545 1682 659 1751 ipse
695 1681 929 1734 invocat.
1855 1711 1860 1716 ι
1972 1668 2171 1730 ’όίιοιιῗ
2199 1674 2324 1729 Sive
2349 1673 2417 1727 ad
2437 1673 2580 1743 quod
2607 1671 2840 1740 venisti?
2879 1671 3253 1735 subaudiatur,
3306 1669 3412 1728 hoc
3434 1679 3535 1738 age
3550 1705 3575 1732 -,

381 1774 606 1844 Spiritus
633 1771 841 1843 quidem
866 1777 1137 1840 promptus
1165 1775 1260 1832 est,
1288 1779 1412 1820 caro
1439 1771 1616 1818 autem
1655 1761 1892 1831 inﬁrma,
1993 1765 2238 1835 relinque
2256 1763 2498 1820 osculum
2527 1771 2584 1818 et
2611 1763 2774 1833 imple
2802 1763 3080 1819 traditoris
3105 1760 3360 1818 ollicium.

270 1901 278 1903 --
300 1875 414 1920 etc.
448 1865 564 1920 Hoc
589 1865 850 1919 adversus
880 1861 1214 1923 temerarios,
1243 1858 1357 1928 qui.
1380 1856 1524 1927 quod
1543 1853 1891 1918 crediderint,
2067 1853 2139 1909 Et
2169 1871 2283 1909 ecce
2301 1871 2439 1908 unus
2457 1871 2522 1909 ex
2539 1854 2620 1909 his
2641 1855 2734 1924 qui
2781 1862 2932 1909 erant
2958 1869 3075 1910 cum
3109 1851 3261 1917 Iesu,
3295 1849 3581 1912 extendens

305 1964 501 2027 putant
527 1971 584 2011 se
610 1969 772 2025 posse
792 1951 1066 2021 consequi.
1105 1950 1291 2019 Itaque
1316 1954 1578 2017 quantum
1613 1946 1678 2000 de
1701 1930 1971 1998 ardore—3
1998 1963 2212 2001 manum
2248 1946 2434 2013 exemit
2455 1945 2690 2016 gladium
2732 1962 2886 2000 suum
2910 1987 2924 2012 ,
2964 1955 3024 2005 et
3073 1944 3324 2025 percussit
3374 1954 3585 1997 seruum

306 2047 505 2101 mentis
541 2045 882 2110 conﬁdimus,
929 2049 1136 2097 tantum
1167 2041 1236 2098 de
1268 2039 1452 2095 carnis
1496 2036 1788 2109 fragilitate
1823 2035 1893 2090 ti—
1975 2037 2246 2108 principis
2269 2036 2596 2091 sacerdotum
2621 2077 2637 2102 ,
2680 2046 2729 2090 et
2757 2037 3045 2107 amputauit
3099 2036 3397 2100 auriculam
3439 2033 3575 2103 ejus.

307 2154 575 2194 meamus.
1996 2129 2055 2184 In
2080 2128 2184 2186 alio
2217 2130 2509 2201 Evangelia
2531 2131 2790 2200 scriptum
2825 2129 3072 2198 legimus,
3088 2131 3233 2199 quod
3251 2128 3455 2193 Petrus
3477 2126 3583 2194 hoc

379 2229 543 2284 Pater
578 2231 672 2295 mi,
703 2230 749 2283 si
775 2244 880 2283 non
918 2233 1081 2298 potest
1127 2225 1211 2279 hic
1237 2222 1378 2278 calix
1407 2222 1653 2285 transire,
1691 2221 1793 2275 nisi
1821 2220 1898 2274 ὁὶ·-
1972 2219 2190 2276 iecerit
2212 2222 2401 2277 eodem
2428 2221 2622 2276 mentis
2649 2221 2862 2287 anteire,
2883 2238 2995 2291 quo
3014 2229 3076 2280 ct
3101 2228 3320 2284 caetera.
3375 2218 3582 2284 Servus

306 2319 429 2374 iam
448 2320 620 2386 illum,
645 2320 740 2388 ﬁat
760 2317 1000 2372 voluntas
1030 2326 1146 2381 tua,
1175 2323 1279 2370 etc.
1308 2313 1428 2369 Non
1455 2313 1650 2382 inquit,
1678 2312 1774 2367 ﬁat
1792 2313 1897 2367 hoc
1977 2327 2213 2383 quoque
2239 2314 2502 2384 principis
2525 2313 2890 2376 sacerdotum,
2923 2313 3017 2383 qui
3049 2311 3292 2370 Malchus
3313 2351 3328 2377 ,
3372 2309 3427 2366 id
3450 2315 3537 2364 est
3563 2347 3582 2372 ,

307 2410 461 2479 quod
485 2410 726 2463 humano
755 2407 950 2462 all'eetu
998 2407 1210 2476 loquor,
1259 2406 1354 2459 sed
1395 2412 1618 2474 propter
1655 2403 1800 2472 quod
1833 2406 1900 2459 ad
1997 2416 2096 2457 rex
2133 2403 2454 2472 appellatur,
2485 2404 2716 2473 populus
2752 2402 3058 2460 Iudaeorum
3087 2411 3190 2465 est,
3220 2402 3314 2472 qui
3362 2417 3460 2472 per
3497 2401 3580 2455 in-

305 2506 489 2554 terras
514 2505 604 2553 tua
631 2498 910 2553 voluntate
939 2495 1191 2552 descendi
1217 2515 1229 2549 :
1277 2493 1334 2550 Si
1377 2509 1527 2566 ergo,
1558 2495 1749 2564 inquit,
1775 2494 1900 2549 ﬁeri
1971 2521 1987 2539 κ
2009 2496 2381 2552 credulitatem
2430 2510 2622 2551 servus
2649 2496 2824 2566 factus
2871 2505 2957 2552 est
2992 2497 3303 2566 impietatis.
3331 2493 3431 2561 Qui
3460 2509 3584 2563 pcr-

305 2598 510 2660 potest,
552 2598 613 2645 ut
650 2591 769 2645 sine
816 2590 1036 2645 interitu
1077 2587 1386 2644 Judteorum
1428 2588 1614 2641 credat
1657 2586 1900 2657 gentium
2001 2588 2136 2642 didit
2162 2589 2458 2646 auriculam
2487 2588 2755 2655 dextram,
2783 2597 2842 2643 ut
2873 2596 3042 2644 totam
3073 2589 3264 2645 litterae
3289 2588 3583 2648 utilitatem

305 2682 614 2747 multitudo,
661 2682 968 2751 passionem
1013 2693 1225 2735 recuso.
1274 2677 1333 2732 Si
1379 2685 1561 2732 autem
1598 2677 1672 2732 illi
1707 2691 1896 2731 excat-
1997 2681 2182 2734 audiat
2201 2682 2258 2736 in
2279 2682 2522 2736 sinistra.
2559 2682 2665 2737 Sed
2693 2683 2954 2738 Dominus
2992 2681 3150 2737 Iesus
3188 2683 3242 2736 in
3268 2682 3355 2736 his
3376 2681 3469 2751 qui
3515 2697 3583 2736 ex

274 2799 285 2810 -ι
303 2773 466 2827 candi
496 2779 717 2836 sunt,ut
744 2785 933 2826 omnes
954 2769 1154 2826 Gentes
1173 2769 1406 2833 videant,
1421 2782 1530 2822 non
1553 2781 1693 2832 mea,
1709 2764 1894 2835 Pater,
1996 2769 2197 2827 Iudaeis
2225 2773 2447 2828 credere
2463 2774 2772 2841 voluerunt,
2798 2775 2982 2832 reddit
3003 2788 3191 2829 aurem
3225 2775 3494 2837 dextram,
3523 2786 3581 2829 et

305 2864 575 2929 voluntas,
598 2863 694 2919 sed
723 2872 814 2918 tua
845 2862 962 2918 ﬁat.
1966 2863 2128 2917 \fecit
2153 2879 2370 2919 servum
2399 2879 2570 2935 genus
2589 2853 2777 2936 regale
2824 2874 2880 2920 et
2917 2864 3267 2922 sacerdotale.
3295 2863 3467 2922 Aliter
3490 2881 3583 2920 au-

380 2960 584 3014 Iterum
627 2959 755 3014 abiit
787 2967 835 3013 et
887 2959 1076 3024 oravit,
1117 2958 1274 3012 tertio
1313 2955 1553 3010 eumdem
1579 2968 1894 3018 sermonem,
1966 2955 2192 3024 ris-pro
2219 2955 2446 3011 Domino
2471 2961 2747 3026 amputata
2773 2958 2887 3013 et'a
2925 2958 3155 3014 Domino
3179 2964 3394 3023 sanata,
3417 2957 3584 3028 signi-

305 3059 412 3106 etc.
440 3051 616 3106 Lucas
644 3059 825 3105 autem
853 3050 967 3104 ait:
999 3047 1256 3120 Apparuit
1282 3046 1363 3102 illi
1403 3045 1622 3117 angelus
1643 3045 1709 3099 de
1742 3043 1891 3108 creto,
1966 3048 2124 3103 ---licat
2142 3047 2400 3115 andi-tum,
2431 3049 2608 3104 ablata
2630 3058 2903 3113 vetustate
2943 3058 3289 3116 renovatum,
3328 3059 3389 3106 ut
3410 3051 3484 3114 sit
3525 3051 3582 3108 in

306 3143 609 3213 confortans
645 3160 784 3197 eum.
833 3141 976 3196 Alibi
1004 3139 1237 3212 legimus
1277 3158 1297 3194 :.
1328 3139 1468 3205 Quia
1512 3136 1684 3208 angeli
1724 3141 1897 3191 acces-
1964 3132 1974 3176 ’-
1995 3144 2232 3198 novitate
2260 3144 2502 3214 Spiritus,
2534 3153 2589 3198 ct
2627 3160 2734 3199 non
2766 3146 2821 3199 in
2847 3152 3115 3209 vetustate
3157 3145 3352 3199 littera:
3376 3186 3391 3212 ,
3440 3145 3583 3214 quod

306 3244 508 3300 serunt,
547 3243 596 3289 et
615 3233 985 3289 ministrabant
1010 3234 1058 3286 ei
1079 3233 1292 3304 (Matth.
1318 3231 1426 3303 tv):
1467 3230 1526 3286 In
1568 3231 1892 3285 documento
1997 3235 2082 3289 cui
2108 3235 2407 3304 praestitum
2457 3233 2621 3290 fuerit
2649 3236 2926 3300 aChristo
2950 3277 2966 3303 ,
3009 3237 3357 3307 praestabitur
3392 3245 3447 3292 et
3494 3251 3585 3290 rev

311 3343 444 3399 ergo
469 3329 752 3398 utriusque
795 3335 1002 3384 natura:
1046 3334 1101 3380 et
1142 3326 1193 3380 ei
1224 3324 1398 3396 angeli
1441 3324 1803 3388 ministrasse,
1843 3311 1972 3378 etC
2003 3343 2167 3397 gnam
2197 3343 2319 3383 cum
2341 3329 2574 3386 Christo.

307 3437 433 3478 eum
487 3422 662 3492 angeli
714 3421 1053 3477 confotkasse
1096 3418 1442 3481 describitur,
1499 3415 1754 3485 quoniam
1806 3416 1900 3484 qui
2074 3418 2218 3472 Tunc
2245 3421 2319 3472 ait
2338 3419 2880 3476 illiJesus:Converte
2900 3422 3134 3492 gladium
3160 3431 3310 3478 tuum
3336 3427 3392 3479 in
3410 3423 3582 3480 locum

285 3517 452 3571 ‘Deus
499 3523 623 3570 ante
667 3513 862 3570 stecula
903 3512 1132 3577 exstitit,
1155 3510 1317 3564 homo
1360 3507 1534 3562 factus
1567 3515 1650 3561 est
1690 3507 1745 3561 in
1795 3507 1899 3561 ﬁne
1999 3529 2176 3577 suum,
2219 3521 2323 3567 etc.
2369 3513 2502 3579 Quia
2535 3531 2632 3584 per
2673 3514 2909 3584 gladium
2956 3514 3194 3569 vindicta
3241 3515 3579 3586 intelligitur,

311 3607 649 3664 saeculorum.
681 3607 748 3661 Et
771 3605 976 3661 addidit
1000 3605 1176 3659 Lucas
1201 3603 1424 3658 dicens:
1460 3599 1660 3654 Factus
1696 3602 1750 3654 in
1774 3618 1900 3671 ago-
2000 3602 2138 3657 sicut
2161 3602 2449 3673 Apostolus
2475 3604 2541 3659 de
2581 3603 2763 3672 judice
2799 3605 2875 3658 ait
2909 3623 2922 3658 :
2956 3604 3077 3659 Non
3107 3606 3245 3660 enim
3270 3607 3383 3661 sine
3419 3625 3582 3663 causa

278 3725 280 3727 -
310 3702 398 3754 nia
426 3700 681 3770 prolixius
703 3699 907 3754 orabat.
937 3698 1165 3770 Agonia,
1193 3696 1444 3752 alacritas
1466 3693 1550 3748 vel
1566 3693 1897 3747 confidentia
1997 3693 2232 3764 gladium
2255 3703 2426 3766 portat
2452 3695 2626 3767 (Rom.
2668 3695 2789 3766 xm)
2816 3736 2830 3760 ,
2885 3704 3031 3751 recte
3089 3697 3179 3752 hic
3207 3714 3304 3769 per
3345 3699 3580 3770 gladium

279 3791 647 3863 intelligitur.
677 3791 829 3858 Quod
856 3796 1038 3845 autem
1067 3788 1312 3859 sequitur
1333 3786 1629 3841 secundum
1649 3786 1897 3849 eumdem
1995 3787 2232 3840 vindicta
2260 3787 2596 3857 intelligitur.
2631 3786 2880 3842 Reconde
2898 3788 3166 3858 gladium,
3193 3805 3256 3845 ac
3278 3791 3323 3845 si
3353 3791 3580 3859 diceret,

283 3883 726 3955 evangelistam:
1971 3919 1980 3922 ι-
1996 3881 2241 3950 quiescat
2264 3881 2524 3936 vindicta.
2549 3880 2740 3935 Aliter.
2773 3880 3041 3950 Converte
3061 3882 3294 3952 gladium
3319 3885 3373 3939 in
3403 3885 3580 3946 locum

277 4000 296 4008 ν
381 3978 450 4032 Et
486 3979 656 4048 factus
681 3986 752 4031 est
783 3977 948 4031 sudor
973 3976 1088 4047 ejus
1128 3975 1262 4029 sicut
1294 3982 1440 4045 gutta
1469 3973 1757 4044 sanguinis.
1778 3971 1894 4026 Non

285 4065 565 4123 sudorem
593 4066 928 4121 inﬁrmitatis
962 4067 1248 4136 deputans,
1278 4066 1404 4135 quia
1429 4072 1484 4119 et
1505 4073 1692 4118 contra
1738 4074 1896 4118 natu-

307 4174 430 4213 ram
461 4165 544 4211 est
569 4157 764 4211 sudare
811 4157 1148 4227 sanguinem,
1171 4155 1266 4210 sed
1294 4155 1478 4224 potius
1503 4154 1729 4223 intelligi
1757 4154 1891 4220 vult,

307 4249 616 4319 irrigatum,
647 4254 1024 4316 sacratamque
1051 4245 1167 4314 ejus
1217 4245 1479 4315 sanguine
1505 4253 1706 4299 terram
1731 4286 1744 4308 ,
1785 4261 1894 4300 non

280 4340 439 4406 'sibi,
470 4338 562 4408 qui
618 4348 873 4402 noverat,
925 4336 1019 4392 sed
1077 4334 1234 4390 nobis
1291 4342 1476 4404 aperte
1529 4334 1890 4400 declaratum,

285 4432 456 4503 quod
485 4431 732 4488 ell‘ectnm
752 4432 864 4502 jam
895 4445 1006 4486 sum
1028 4429 1208 4499 procis
1235 4428 1527 4491 obtineret,
1551 4436 1611 4481 ut
1631 4425 1790 4482 ﬁdem
1812 4427 1894 4480 vi-

279 4523 506 4579 "delicet
555 4523 972 4595 discipulorum,
1013 4535 1175 4591 quam
1211 4527 1428 4576 terrena
1472 4519 1646 4574 adhuc
1690 4516 1896 4588 fragili-

1974 3986 2172 4034 .suum,
2225 3971 2278 4025 id
2307 3980 2391 4026 est
2415 4012 2429 4037 ,
2492 3972 2715 4027 verbum
2755 3972 3155 4042 praedicationis
3190 3983 3448 4030 converte
3509 3978 3580 4032 ad

1977 4073 2207 4135 gentes,
2244 4064 2334 4121 ubi
2369 4065 2664 4130 secundum
2719 4060 2971 4129 Paulum,
3001 4065 3199 4119 ostium
3237 4075 3486 4134 apertum
3523 4077 3580 4123 et

1968 4157 2186 4227 “ingens
2203 4155 2460 4210 inveniat.
2491 4153 2684 4208 Aliter.
2713 4153 3004 4222 Postquam
3030 4155 3307 4223 plenitudo
3331 4157 3576 4225 gentium

1996 4247 2300 4311 intraverit,
2326 4245 2456 4300 dicit
2477 4246 2654 4308 Petro,
2681 4261 2778 4315 per
2803 4261 2962 4314 quem
2991 4253 3136 4302 totus
3159 4246 3575 4315 praedicatorum

1997 4340 2241 4410 signatur
2287 4336 2424 4391 ordo
2451 4354 2468 4405 :_
2495 4334 2759 4393 Converte
2784 4335 3021 4406 gladium
3054 4335 3207 4391 verbi
3239 4317 3579 4407 praedicatio-

1979 4430 2080 4485 .nis
2110 4430 2176 4484 ad
2199 4427 2384 4485 Israel.
2427 4426 2625 4483 Omnes
2678 4430 2816 4486 enim
2866 4429 2957 4500 qui
2977 4428 3218 4500 gladium
3261 4431 3579 4501 acceperint,

1994 4523 2172 4594 gladio
2219 4523 2460 4594 peribunt
2489 4521 2643 4595 (Gen.
2668 4523 2774 4594 ιιι).
2823 4522 2941 4590 Quo
2977 4523 3190 4596 gladio?
3218 4523 3308 4580 illo
3342 4539 3536 4595 nempe
3561 4565 3575 4589 ,

312 4624 399 4672 tas
426 4616 704 4688 arguebat,
729 4631 838 4690 suo
859 4615 1117 4685 sanguine
1133 4619 1408 4684 purgaret,
1441 4617 1496 4665 et
1513 4610 1776 4680 quidquid
1799 4609 1892 4664 illa
1919 4647 1970 4690 ἢ
1998 4617 2088 4686 qui
2122 4616 2312 4686 igneus
2338 4616 2571 4674 vertitur
2595 4625 2720 4669 ante
2742 4616 3161 4686 paradisum,‘et
3191 4616 3369 4688 gladio
3412 4617 3578 4687 spiri-

313 4708 555 4764 scandali
594 4706 658 4762 de
682 4697 798 4776 ejus
828 4714 1004 4760 morte
1023 4703 1335 4774 pertulisset
1357 4741 1370 4767 ,
1415 4701 1520 4756 hoc
1568 4699 1682 4769 ipse
1721 4708 1893 4754 totum

315 4893 437 4946 bem
463 4891 702 4960 peccatis
727 4897 1130 4953 mortuum,sua
1152 4894 1326 4941 morte
1347 4883 1591 4949 innoxia,
1613 4883 1890 4938 ctelestem

313 4982 663 5036 resuscitat-et
692 4981 759 5035 ad
796 4979 985 5034 vitam.

388 5073 532 5128 Tunc
557 5074 695 5128 uini!
723 5073 790 5126 ad
821 5069 1104 5142 discipulos
1138 5085 1284 5134 suos,
1315 5077 1362 5122 et
1412 5067 1539 5120 dicit
1573 5065 1718 5120 illis:
1747 5064 1889 5120 Dor-

291 5157 437 5223 lmite
477 5169 593 5236 jam
619 5177 666 5222 et
701 5167 1004 5238 requiescite
1027 5205 1043 5231 ,
1093 5170 1198 5219 etc.
1230 5163 1366 5217 Cum
1391 5160 1618 5216 dixisset
1660 5158 1891 5230 dormite

310 5264 426 5334 jam
457 5271 510 5316 et
530 5261 876 5333 requiescite,
907 5268 962 5315 et
988 5258 1328 5329 adiungeret,
1355 5252 1570 5319 sullicit,
1599 5270 1663 5309 ac
1700 5253 1893 5309 deinde

277 5353 282 5358 ’
314 5354 578 5409 inferret:
621 5350 770 5406 Venit
823 5352 952 5405 hora
979 5392 992 5417 ,
1038 5365 1152 5404 ecce
1201 5348 1442 5403 tradetur
1467 5347 1610 5415 ﬁlius
1637 5345 1889 5410 hominis,

314 5447 500 5515 utique
530 5441 848 5515 intelligitur
873 5451 994 5512 post
1021 5441 1150 5495 illud
1168 5481 1182 5505 ,
1228 5439 1373 5509 quod
1399 5438 1480 5494 eis
1519 5437 1724 5492 dictum
1767 5445 1849 5491 est
1873 5455 1885 5490 :

285 5524 287 5527 ’
312 5525 552 5591 Dormite
566 5545 624 5591 et
650 5534 974 5606 requiescite,
992 5532 1204 5587 siluisse
1224 5531 1512 5585 Dominum
1532 5529 1884 5598 aliquantum,

313 5640 373 5685 ut
407 5631 511 5687 hoc
561 5629 714 5685 ﬁeret
741 5628 882 5700 quod
936 5626 1281 5696 promiserat,
1319 5631 1374 5679 et
1417 5631 1560 5678 mne.
1594 5622 1885 5689 intulisse;

271 5721 276 5728 ’
315 5719 452 5775 Ecce
473 5719 900 5793 apprOpinquabit
930 5719 1081 5783 hora,
1103 5716 1219 5770 sive
1245 5717 1382 5770 venit
1412 5716 1562 5769 hom.
1599 5713 1724 5767 Ideo
1767 5719 1895 5782 post

318 5803 407 5866 illa
435 5813 597 5866 verba
622 5811 853 5881 positum
877 5818 980 5877 est,
1009 5808 1230 5875 sumcit,
1263 5808 1317 5863 id
1355 5814 1459 5873 est,
1488 5805 1629 5875 quod
1673 5805 1892 5874 requie-

273 5907 282 5922 "
318 5906 477 5958 vistis
499 5905 609 5972 jam
638 5904 851 5959 sullicit.

1919 4663 1972 4727 ἰ)

313 4799 593 4854 moriendo
622 4799 844 4853 deleret.
884 4793 998 4850 l-mo
1030 4794 1345 4849 universum
1374 4790 1483 4846 late
1513 4799 1778 4845 terrarum
1805 4805 1895 4847 or-
1969 4828 1978 4836 ι

1993 4711 2106 4774 tus,
2130 4708 2219 4778 qui
2244 4708 2297 4760 in
2324 4707 2418 4760 Dei
2447 4706 2773 4760 describitur
2793 4714 3070 4761 armatura
3095 4706 3309 4778 (Ep/tes.
3333 4706 3431 4779 v1).

2066 4800 2143 4852 An
2166 4799 2362 4869 putatis
2399 4799 2522 4868 quia
2564 4813 2666 4850 non
2691 4813 2900 4867 possum
2941 4814 3124 4868 rogare
3152 4807 3353 4868 patrem
3375 4814 3571 4862 meum,

1992 4901 2039 4948 et
2064 4891 2317 4946 exhibebit
2355 4889 2484 4944 mihi
2517 4888 2673 4944 modo
2711 4887 2989 4960 plusquam
3031 4887 3308 4943 duodecim
3347 4887 3574 4959 legiones

1994 4984 2340 5057 angelorum?
2377 4983 2654 5051 Quomodo
2681 4996 2810 5052 ergo
2865 4981 3229 5052 implebantur
3259 4982 3570 5051 scripturas,

1993 5079 2115 5148 quia
2145 5079 2224 5133 sic
2247 5083 2462 5147 oportet
2488 5075 2640 5129 ﬁeri?
2668 5073 2783 5128 Non
2811 5073 3022 5145 indigeo
3043 5073 3325 5129 duodecim
3351 5080 3570 5142 aposto-

1970 5169 2165 5224 "lorum
2195 5167 2414 5232 auxilio,
2453 5167 2618 5222 etiam
2659 5165 2704 5219 si
2733 5179 2923 5220 omnes
2958 5179 3044 5220 me
3083 5164 3447 5226 defenderint,
3478 5164 3571 5231 qui

1975 5259 2194 5330 possim
2223 5257 2422 5314 habere
2473 5256 2757 5312 duodecim
2807 5255 3048 5326 legiones
3075 5255 3408 5325 angelorum.
3451 5251 3573 5310 Una
3649 5283 3657 5289 ~

1976 5349 2132 5420 .legio
2163 5348 2301 5419 apud
2335 5356 2544 5403 veteres
2570 5362 2665 5402 sex
2705 5345 2946 5401 millibus
2975 5345 3343 5412 complebatur
3399 5343 3573 5398 bomi-
3647 5348 3656 5409 _'

1978 5455 2139 5495 num.
2172 5441 2276 5495 Pro
2323 5439 2590 5494 brevitate
2617 5438 2876 5507 temporis
2905 5448 3185 5491 numam
3223 5445 3331 5489 non
3373 5445 3569 5488 oecur-

1972 5533 2164 5587 ~rimus
2190 5529 2477 5600 explicare.
2509 5537 2666 5601 typos
2691 5535 2899 5584 tantum
2947 5524 3150 5579 dixisse
3190 5520 3450 5580 suﬁciat:
3478 5539 3570 5587 se-

1969 5623 2271 5694 ptuaginta
2283 5622 2392 5680 duo
2405 5619 2571 5675 millia
2595 5619 2930 5689 angelorum,
2952 5616 3006 5670 in
3027 5621 3160 5684 quot
3175 5621 3369 5686 gentes
3391 5615 3571 5677 ιιοωί.

1974 5726 2230 5786 itumque
2253 5713 2432 5787 lingua
2462 5715 2632 5770 divisa
2654 5719 2761 5776 est,
2788 5707 3069 5766 duodecim
3104 5707 3405 5780 legionibus
3426 5707 3562 5764 ﬁeri.

2069 5806 2180 5860 Hoc
2209 5817 2382 5860 autem
2402 5814 2564 5858 totum
2593 5804 2790 5871 factum
2816 5807 2926 5866 est,
2963 5807 3018 5854 ut
3053 5797 3394 5870 implerentttr
3437 5797 3568 5854 scri-

1985 5908 2164 5970 pturis
2206 5897 2592 5968 prophetarum,
2623 5901 2729 5947 etc.
2768 5891 2899 5958 Quae
2935 5899 3062 5950 sunt
3105 5889 3389 5958 scriptum
3432 5901 3557 5957 pro-
