  <div class='ocr_page' id='page_1' title='image "/cluster/home/n/w/nwhite01/storage/ocr_20150623/102/hvd.32044015466808/097.png"; bbox 0 0 4030 6464; ppageno 0'>
   <div class='ocr_carea' id='block_1_1' title="bbox 510 397 618 459">
    <p class='ocr_par' dir='ltr' id='par_1_1' title="bbox 510 397 618 459">
     <span class='ocr_line' id='line_1_1' title="bbox 510 397 618 459; baseline 0.028 -3"><span class='ocrx_word' id='word_1_1' title='bbox 510 397 618 459; x_wconf 63' lang='grc' dir='ltr'><strong><em>ΞΒῩ)</em></strong></span> 
     </span>
    </p>
   </div>
   <div class='ocr_carea' id='block_1_2' title="bbox 1803 399 2486 461">
    <p class='ocr_par' dir='ltr' id='par_1_2' title="bbox 1803 399 2486 461">
     <span class='ocr_line' id='line_1_2' title="bbox 1803 399 2486 461; baseline 0.007 -5"><span class='ocrx_word' id='word_1_2' title='bbox 1803 399 2157 460; x_wconf 81' lang='lat' dir='ltr'><strong><em>SMARAGDI</em></strong></span> <span class='ocrx_word' id='word_1_3' title='bbox 2195 401 2486 461; x_wconf 79' lang='lat' dir='ltr'><strong><em>ABBATIS</em></strong></span> 
     </span>
    </p>
   </div>
   <div class='ocr_carea' id='block_1_3' title="bbox 3685 409 3789 468">
    <p class='ocr_par' dir='ltr' id='par_1_3' title="bbox 3685 409 3789 468">
     <span class='ocr_line' id='line_1_3' title="bbox 3685 409 3789 468; baseline 0.019 -2"><span class='ocrx_word' id='word_1_4' title='bbox 3685 409 3789 468; x_wconf 72' lang='grc'><strong><em>184</em></strong></span> 
     </span>
    </p>
   </div>
   <div class='ocr_carea' id='block_1_4' title="bbox 497 513 3796 590">
    <p class='ocr_par' dir='ltr' id='par_1_4' title="bbox 497 513 3796 590">
     <span class='ocr_line' id='line_1_4' title="bbox 497 513 3796 590; baseline 0.002 -17"><span class='ocrx_word' id='word_1_5' title='bbox 497 515 831 590; x_wconf 75' lang='lat' dir='ltr'><strong><em>phetarum?</em></strong></span> <span class='ocrx_word' id='word_1_6' title='bbox 867 513 1141 569; x_wconf 85' lang='lat' dir='ltr'><strong><em>Foderunt</em></strong></span> <span class='ocrx_word' id='word_1_7' title='bbox 1185 529 1373 568; x_wconf 88' lang='lat' dir='ltr'><strong><em>manus</em></strong></span> <span class='ocrx_word' id='word_1_8' title='bbox 1425 529 1568 568; x_wconf 83' lang='lat' dir='ltr'><strong><em>meas</em></strong></span> <span class='ocrx_word' id='word_1_9' title='bbox 1591 552 1607 580; x_wconf 93' lang='lat'><strong><em>,</em></strong></span> <span class='ocrx_word' id='word_1_10' title='bbox 1657 522 1706 568; x_wconf 84' lang='lat' dir='ltr'><strong><em>et</em></strong></span> <span class='ocrx_word' id='word_1_11' title='bbox 1742 516 1896 586; x_wconf 87' lang='lat' dir='ltr'><strong><em>pedes</em></strong></span> <span class='ocrx_word' id='word_1_12' title='bbox 1949 533 2090 572; x_wconf 86' lang='lat' dir='ltr'><strong><em>meos</em></strong></span> <span class='ocrx_word' id='word_1_13' title='bbox 2115 522 2171 584; x_wconf 75' lang='grc' dir='ltr'><strong>Α</strong></span> <span class='ocrx_word' id='word_1_14' title='bbox 2193 519 2359 576; x_wconf 86' lang='lat' dir='ltr'><strong><em>Deum</em></strong></span> <span class='ocrx_word' id='word_1_15' title='bbox 2406 521 2597 586; x_wconf 90' lang='lat' dir='ltr'><strong><em>vivum,</em></strong></span> <span class='ocrx_word' id='word_1_16' title='bbox 2636 527 2693 575; x_wconf 86' lang='lat' dir='ltr'><strong><em>ut</em></strong></span> <span class='ocrx_word' id='word_1_17' title='bbox 2727 520 2875 575; x_wconf 88' lang='lat' dir='ltr'><strong><em>dicas</em></strong></span> <span class='ocrx_word' id='word_1_18' title='bbox 2910 519 3080 586; x_wconf 88' lang='lat' dir='ltr'><strong><em>nobis,</em></strong></span> <span class='ocrx_word' id='word_1_19' title='bbox 3102 519 3149 574; x_wconf 89' lang='lat' dir='ltr'><strong><em>si</em></strong></span> <span class='ocrx_word' id='word_1_20' title='bbox 3173 526 3232 574; x_wconf 84' lang='lat' dir='ltr'><strong><em>tu</em></strong></span> <span class='ocrx_word' id='word_1_21' title='bbox 3260 535 3314 575; x_wconf 90' lang='lat' dir='ltr'><strong><em>es</em></strong></span> <span class='ocrx_word' id='word_1_22' title='bbox 3343 518 3586 578; x_wconf 79' lang='lat' dir='ltr'><strong><em>Christus</em></strong></span> <span class='ocrx_word' id='word_1_23' title='bbox 3611 521 3796 586; x_wconf 76' lang='lat' dir='ltr'><strong><em>Filius</em></strong></span> 
     </span>
    </p>
   </div>
   <div class='ocr_carea' id='block_1_5' title="bbox 495 603 2091 681">
    <p class='ocr_par' dir='ltr' id='par_1_5' title="bbox 495 603 2091 681">
     <span class='ocr_line' id='line_1_5' title="bbox 495 603 2091 681; baseline 0.001 -21"><span class='ocrx_word' id='word_1_24' title='bbox 495 607 692 681; x_wconf 56' lang='lat' dir='ltr'><strong><em>(Psal!</em></strong></span> <span class='ocrx_word' id='word_1_25' title='bbox 711 607 827 680; x_wconf 75' lang='lat' dir='ltr'><strong><em>xxi)</em></strong></span> <span class='ocrx_word' id='word_1_26' title='bbox 853 625 866 661; x_wconf 91' lang='lat'><strong>:</strong></span> <span class='ocrx_word' id='word_1_27' title='bbox 895 614 951 662; x_wconf 89' lang='lat' dir='ltr'><strong><em>et</em></strong></span> <span class='ocrx_word' id='word_1_28' title='bbox 981 605 1106 661; x_wconf 88' lang='lat' dir='ltr'><strong>alibi</strong></span> <span class='ocrx_word' id='word_1_29' title='bbox 1135 621 1149 658; x_wconf 91' lang='lat'>:</span> <span class='ocrx_word' id='word_1_30' title='bbox 1179 603 1330 660; x_wconf 88' lang='lat' dir='ltr'><strong><em>Sicut</em></strong></span> <span class='ocrx_word' id='word_1_31' title='bbox 1359 606 1466 660; x_wconf 88' lang='lat' dir='ltr'><strong><em>ovis</em></strong></span> <span class='ocrx_word' id='word_1_32' title='bbox 1507 605 1577 658; x_wconf 86' lang='lat' dir='ltr'><strong><em>ad</em></strong></span> <span class='ocrx_word' id='word_1_33' title='bbox 1597 605 1861 660; x_wconf 76' lang='lat' dir='ltr'><strong><em>victimam</em></strong></span> <span class='ocrx_word' id='word_1_34' title='bbox 1904 606 2091 663; x_wconf 87' lang='lat' dir='ltr'><strong><em>ductus</em></strong></span> 
     </span>
    </p>
   </div>
   <div class='ocr_carea' id='block_1_6' title="bbox 2193 609 3792 687">
    <p class='ocr_par' dir='ltr' id='par_1_6' title="bbox 2193 609 3792 687">
     <span class='ocr_line' id='line_1_6' title="bbox 2193 609 3792 687; baseline 0.006 -23"><span class='ocrx_word' id='word_1_35' title='bbox 2193 609 2312 664; x_wconf 91' lang='lat' dir='ltr'><strong><em>Dei.</em></strong></span> <span class='ocrx_word' id='word_1_36' title='bbox 2340 610 2479 665; x_wconf 90' lang='lat' dir='ltr'><strong><em>Dicit</em></strong></span> <span class='ocrx_word' id='word_1_37' title='bbox 2515 610 2594 664; x_wconf 92' lang='lat' dir='ltr'><strong><em>illi</em></strong></span> <span class='ocrx_word' id='word_1_38' title='bbox 2621 610 2776 665; x_wconf 75' lang='lat' dir='ltr'><strong><em>Iesus</em></strong></span> <span class='ocrx_word' id='word_1_39' title='bbox 2800 625 2818 665; x_wconf 89' lang='lat'><strong><em>:</em></strong></span> <span class='ocrx_word' id='word_1_40' title='bbox 2849 609 2927 663; x_wconf 84' lang='lat' dir='ltr'><strong><em>Tu</em></strong></span> <span class='ocrx_word' id='word_1_41' title='bbox 2949 609 3148 664; x_wconf 74' lang='lat' dir='ltr'><strong><em>dixisti.</em></strong></span> <span class='ocrx_word' id='word_1_42' title='bbox 3179 609 3324 666; x_wconf 86' lang='lat' dir='ltr'><strong><em>Tunc</em></strong></span> <span class='ocrx_word' id='word_1_43' title='bbox 3348 613 3587 687; x_wconf 81' lang='lat' dir='ltr'><strong><em>princeps</em></strong></span> <span class='ocrx_word' id='word_1_44' title='bbox 3608 633 3792 674; x_wconf 82' lang='lat' dir='ltr'><strong><em>sacer-</em></strong></span> 
     </span>
    </p>
   </div>
   <div class='ocr_carea' id='block_1_7' title="bbox 493 699 3789 779">
    <p class='ocr_par' dir='ltr' id='par_1_7' title="bbox 493 699 3789 779">
     <span class='ocr_line' id='line_1_7' title="bbox 493 699 3789 779; baseline 0.003 -21"><span class='ocrx_word' id='word_1_45' title='bbox 493 711 582 758; x_wconf 72' lang='lat' dir='ltr'><strong><em>est</em></strong></span> <span class='ocrx_word' id='word_1_46' title='bbox 611 702 747 776; x_wconf 87' lang='lat' dir='ltr'><strong><em>(Isa.</em></strong></span> <span class='ocrx_word' id='word_1_47' title='bbox 777 701 918 774; x_wconf 79' lang='lat' dir='ltr'><strong><em>un).</em></strong></span> <span class='ocrx_word' id='word_1_48' title='bbox 947 700 1016 754; x_wconf 86' lang='lat' dir='ltr'><strong><em>Et</em></strong></span> <span class='ocrx_word' id='word_1_49' title='bbox 1060 700 1118 754; x_wconf 86' lang='lat' dir='ltr'><strong><em>in</em></strong></span> <span class='ocrx_word' id='word_1_50' title='bbox 1163 699 1268 754; x_wconf 88' lang='lat' dir='ltr'><strong><em>alio</em></strong></span> <span class='ocrx_word' id='word_1_51' title='bbox 1296 699 1416 756; x_wconf 85' lang='lat' dir='ltr'><strong><em>loco</em></strong></span> <span class='ocrx_word' id='word_1_52' title='bbox 1439 719 1452 754; x_wconf 90' lang='lat'><strong>:</strong></span> <span class='ocrx_word' id='word_1_53' title='bbox 1478 699 1556 754; x_wconf 80' lang='lat' dir='ltr'><strong><em>Ab</em></strong></span> <span class='ocrx_word' id='word_1_54' title='bbox 1594 700 1960 771; x_wconf 69' lang='lat' dir='ltr'><strong><em>iniquitatibus</em></strong></span> <span class='ocrx_word' id='word_1_55' title='bbox 1999 718 2094 771; x_wconf 86' lang='lat' dir='ltr'><strong><em>po-</em></strong></span> <span class='ocrx_word' id='word_1_56' title='bbox 2129 743 2138 748; x_wconf 78' lang='lat'><strong><em>.</em></strong></span> <span class='ocrx_word' id='word_1_57' title='bbox 2193 701 2374 756; x_wconf 88' lang='lat' dir='ltr'><strong><em>datum</em></strong></span> <span class='ocrx_word' id='word_1_58' title='bbox 2401 703 2552 758; x_wconf 89' lang='lat' dir='ltr'><strong><em>scidit</em></strong></span> <span class='ocrx_word' id='word_1_59' title='bbox 2578 704 2879 758; x_wconf 87' lang='lat' dir='ltr'><strong><em>vestimenta</em></strong></span> <span class='ocrx_word' id='word_1_60' title='bbox 2915 719 3035 758; x_wconf 88' lang='lat' dir='ltr'><strong><em>sua.</em></strong></span> <span class='ocrx_word' id='word_1_61' title='bbox 3073 703 3176 774; x_wconf 86' lang='lat' dir='ltr'><strong><em>(Ex</em></strong></span> <span class='ocrx_word' id='word_1_62' title='bbox 3201 704 3450 779; x_wconf 81' lang='lat' dir='ltr'><strong><em>Hieron.)</em></strong></span> <span class='ocrx_word' id='word_1_63' title='bbox 3498 708 3672 776; x_wconf 84' lang='lat' dir='ltr'><strong><em>Quem</em></strong></span> <span class='ocrx_word' id='word_1_64' title='bbox 3719 713 3789 770; x_wconf 84' lang='lat' dir='ltr'><strong><em>de</em></strong></span> 
     </span>
    </p>
   </div>
   <div class='ocr_carea' id='block_1_8' title="bbox 499 796 1564 870">
    <p class='ocr_par' dir='ltr' id='par_1_8' title="bbox 499 796 1564 870">
     <span class='ocr_line' id='line_1_8' title="bbox 499 796 1564 870; baseline -0.003 -17"><span class='ocrx_word' id='word_1_65' title='bbox 499 797 620 870; x_wconf 78' lang='lat' dir='ltr'><strong><em>puli</em></strong></span> <span class='ocrx_word' id='word_1_66' title='bbox 659 800 760 853; x_wconf 86' lang='lat' dir='ltr'><strong><em>mei</em></strong></span> <span class='ocrx_word' id='word_1_67' title='bbox 784 798 973 851; x_wconf 87' lang='lat' dir='ltr'><strong><em>ductus</em></strong></span> <span class='ocrx_word' id='word_1_68' title='bbox 1011 812 1127 851; x_wconf 88' lang='lat' dir='ltr'><strong><em>sum</em></strong></span> <span class='ocrx_word' id='word_1_69' title='bbox 1159 796 1228 849; x_wconf 89' lang='lat' dir='ltr'><strong><em>ad</em></strong></span> <span class='ocrx_word' id='word_1_70' title='bbox 1252 805 1491 851; x_wconf 90' lang='lat' dir='ltr'><strong><em>mortem.</em></strong></span> <span class='ocrx_word' id='word_1_71' title='bbox 1562 835 1564 837; x_wconf 59' lang='grc'><strong>›</strong></span> 
     </span>
    </p>
   </div>
   <div class='ocr_carea' id='block_1_9' title="bbox 579 886 2085 960">
    <p class='ocr_par' dir='ltr' id='par_1_9' title="bbox 579 886 2085 960">
     <span class='ocr_line' id='line_1_9' title="bbox 579 886 2085 960; baseline -0.003 -14"><span class='ocrx_word' id='word_1_72' title='bbox 579 889 724 946; x_wconf 88' lang='lat' dir='ltr'><strong><em>Tunc</em></strong></span> <span class='ocrx_word' id='word_1_73' title='bbox 747 887 990 960; x_wconf 80' lang='lat' dir='ltr'><strong><em>discipuli</em></strong></span> <span class='ocrx_word' id='word_1_74' title='bbox 1003 905 1179 943; x_wconf 89' lang='lat' dir='ltr'><strong><em>omnes</em></strong></span> <span class='ocrx_word' id='word_1_75' title='bbox 1203 886 1383 942; x_wconf 88' lang='lat' dir='ltr'><strong><em>relicto</em></strong></span> <span class='ocrx_word' id='word_1_76' title='bbox 1397 904 1457 942; x_wconf 93' lang='lat' dir='ltr'><strong><em>eo</em></strong></span> <span class='ocrx_word' id='word_1_77' title='bbox 1481 887 1746 958; x_wconf 84' lang='lat' dir='ltr'><strong><em>fugerunt.</em></strong></span> <span class='ocrx_word' id='word_1_78' title='bbox 1773 886 1919 942; x_wconf 83' lang='lat' dir='ltr'><strong><em>Inter</em></strong></span> <span class='ocrx_word' id='word_1_79' title='bbox 1930 900 2085 956; x_wconf 89' lang='lat' dir='ltr'><strong><em>quos,</em></strong></span> 
     </span>
    </p>
   </div>
   <div class='ocr_carea' id='block_1_10' title="bbox 499 975 2089 1049">
    <p class='ocr_par' dir='ltr' id='par_1_10' title="bbox 499 975 2089 1049">
     <span class='ocr_line' id='line_1_10' title="bbox 499 975 2089 1049; baseline -0.003 -15"><span class='ocrx_word' id='word_1_80' title='bbox 499 987 562 1034; x_wconf 90' lang='lat' dir='ltr'><strong><em>ut</em></strong></span> <span class='ocrx_word' id='word_1_81' title='bbox 588 978 802 1034; x_wconf 74' lang='lat' dir='ltr'><strong><em>Marcus</em></strong></span> <span class='ocrx_word' id='word_1_82' title='bbox 829 977 930 1044; x_wconf 96' lang='lat' dir='ltr'><strong><em>ait,</em></strong></span> <span class='ocrx_word' id='word_1_83' title='bbox 977 975 1289 1032; x_wconf 77' lang='lat' dir='ltr'><strong><em>Adolescens</em></strong></span> <span class='ocrx_word' id='word_1_84' title='bbox 1307 978 1523 1049; x_wconf 89' lang='lat' dir='ltr'><strong><em>quidam</em></strong></span> <span class='ocrx_word' id='word_1_85' title='bbox 1573 977 1885 1048; x_wconf 83' lang='lat' dir='ltr'><strong><em>sequebatur</em></strong></span> <span class='ocrx_word' id='word_1_86' title='bbox 1905 976 2089 1030; x_wconf 86' lang='lat' dir='ltr'><strong><em>Domi-</em></strong></span> 
     </span>
    </p>
   </div>
   <div class='ocr_carea' id='block_1_11' title="bbox 498 1071 1982 1143">
    <p class='ocr_par' dir='ltr' id='par_1_11' title="bbox 498 1071 1982 1143">
     <span class='ocr_line' id='line_1_11' title="bbox 498 1071 1982 1143; baseline -0.005 -14"><span class='ocrx_word' id='word_1_87' title='bbox 498 1091 626 1129; x_wconf 86' lang='lat' dir='ltr'><strong><em>num</em></strong></span> <span class='ocrx_word' id='word_1_88' title='bbox 656 1075 879 1129; x_wconf 85' lang='lat' dir='ltr'><strong><em>amictus</em></strong></span> <span class='ocrx_word' id='word_1_89' title='bbox 901 1073 1121 1128; x_wconf 82' lang='lat' dir='ltr'><strong><em>sindone</em></strong></span> <span class='ocrx_word' id='word_1_90' title='bbox 1144 1089 1299 1143; x_wconf 83' lang='lat' dir='ltr'><strong><em>super</em></strong></span> <span class='ocrx_word' id='word_1_91' title='bbox 1325 1073 1486 1138; x_wconf 87' lang='lat' dir='ltr'><strong><em>nudo,</em></strong></span> <span class='ocrx_word' id='word_1_92' title='bbox 1523 1071 1576 1126; x_wconf 95' lang='lat' dir='ltr'><strong><em>id</em></strong></span> <span class='ocrx_word' id='word_1_93' title='bbox 1603 1079 1710 1138; x_wconf 87' lang='lat' dir='ltr'><strong><em>est,</em></strong></span> <span class='ocrx_word' id='word_1_94' title='bbox 1737 1084 1982 1140; x_wconf 91' lang='lat' dir='ltr'><strong><em>corpore.</em></strong></span> 
     </span>
    </p>
   </div>
   <div class='ocr_carea' id='block_1_12' title="bbox 571 1162 2086 1238">
    <p class='ocr_par' dir='ltr' id='par_1_12' title="bbox 571 1162 2086 1238">
     <span class='ocr_line' id='line_1_12' title="bbox 571 1162 2086 1238; baseline -0.002 -16"><span class='ocrx_word' id='word_1_95' title='bbox 571 1167 694 1235; x_wconf 86' lang='lat' dir='ltr'><strong><em>Qua</em></strong></span> <span class='ocrx_word' id='word_1_96' title='bbox 723 1172 918 1238; x_wconf 86' lang='lat' dir='ltr'><strong><em>rejecta</em></strong></span> <span class='ocrx_word' id='word_1_97' title='bbox 944 1166 1116 1222; x_wconf 84' lang='lat' dir='ltr'><strong><em>nudus</em></strong></span> <span class='ocrx_word' id='word_1_98' title='bbox 1144 1165 1395 1238; x_wconf 82' lang='lat' dir='ltr'><strong><em>profugit.</em></strong></span> <span class='ocrx_word' id='word_1_99' title='bbox 1430 1165 1690 1221; x_wconf 85' lang='lat' dir='ltr'><strong><em>Joannem</em></strong></span> <span class='ocrx_word' id='word_1_100' title='bbox 1739 1164 1885 1220; x_wconf 84' lang='lat' dir='ltr'><strong><em>hunc</em></strong></span> <span class='ocrx_word' id='word_1_101' title='bbox 1916 1162 2086 1219; x_wconf 88' lang='lat' dir='ltr'><strong><em>fuisse</em></strong></span> 
     </span>
    </p>
   </div>
   <div class='ocr_carea' id='block_1_13' title="bbox 492 1254 2085 1330">
    <p class='ocr_par' dir='ltr' id='par_1_13' title="bbox 492 1254 2085 1330">
     <span class='ocr_line' id='line_1_13' title="bbox 492 1254 2085 1330; baseline -0.004 -14"><span class='ocrx_word' id='word_1_102' title='bbox 492 1259 900 1316; x_wconf 76' lang='lat' dir='ltr'><strong><em>adolescentem</em></strong></span> <span class='ocrx_word' id='word_1_103' title='bbox 925 1259 1293 1330; x_wconf 76' lang='lat' dir='ltr'><strong><em>intelligimus,</em></strong></span> <span class='ocrx_word' id='word_1_104' title='bbox 1321 1259 1468 1328; x_wconf 90' lang='lat' dir='ltr'><strong><em>quod</em></strong></span> <span class='ocrx_word' id='word_1_105' title='bbox 1494 1273 1624 1314; x_wconf 91' lang='lat' dir='ltr'><strong><em>vero</em></strong></span> <span class='ocrx_word' id='word_1_106' title='bbox 1653 1257 1829 1312; x_wconf 90' lang='lat' dir='ltr'><strong><em>nudus</em></strong></span> <span class='ocrx_word' id='word_1_107' title='bbox 1847 1254 2085 1326; x_wconf 77' lang='lat' dir='ltr'><strong><em>profugit</em></strong></span> 
     </span>
    </p>
   </div>
   <div class='ocr_carea' id='block_1_14' title="bbox 488 1347 2081 1422">
    <p class='ocr_par' dir='ltr' id='par_1_14' title="bbox 488 1347 2081 1422">
     <span class='ocr_line' id='line_1_14' title="bbox 488 1347 2081 1422; baseline -0.001 -17"><span class='ocrx_word' id='word_1_108' title='bbox 488 1351 566 1405; x_wconf 80' lang='lat' dir='ltr'><strong><em>ab</em></strong></span> <span class='ocrx_word' id='word_1_109' title='bbox 594 1351 794 1422; x_wconf 88' lang='lat' dir='ltr'><strong><em>impiis,</em></strong></span> <span class='ocrx_word' id='word_1_110' title='bbox 825 1350 1042 1406; x_wconf 88' lang='lat' dir='ltr'><strong><em>illorum</em></strong></span> <span class='ocrx_word' id='word_1_111' title='bbox 1072 1359 1127 1405; x_wconf 92' lang='lat' dir='ltr'><strong><em>et</em></strong></span> <span class='ocrx_word' id='word_1_112' title='bbox 1153 1367 1289 1420; x_wconf 89' lang='lat' dir='ltr'><strong><em>opus</em></strong></span> <span class='ocrx_word' id='word_1_113' title='bbox 1323 1349 1572 1422; x_wconf 75' lang='lat' dir='ltr'><strong><em>designat</em></strong></span> <span class='ocrx_word' id='word_1_114' title='bbox 1619 1358 1674 1406; x_wconf 92' lang='lat' dir='ltr'><strong><em>et</em></strong></span> <span class='ocrx_word' id='word_1_115' title='bbox 1701 1349 1956 1413; x_wconf 89' lang='lat' dir='ltr'><strong><em>animam,</em></strong></span> <span class='ocrx_word' id='word_1_116' title='bbox 1989 1347 2081 1418; x_wconf 86' lang='lat' dir='ltr'><strong><em>qui</em></strong></span> 
     </span>
    </p>
   </div>
   <div class='ocr_carea' id='block_1_15' title="bbox 488 1437 2082 1509">
    <p class='ocr_par' dir='ltr' id='par_1_15' title="bbox 488 1437 2082 1509">
     <span class='ocr_line' id='line_1_15' title="bbox 488 1437 2082 1509; baseline -0.002 -12"><span class='ocrx_word' id='word_1_117' title='bbox 488 1450 556 1497; x_wconf 81' lang='lat' dir='ltr'><strong><em>ut</em></strong></span> <span class='ocrx_word' id='word_1_118' title='bbox 591 1441 896 1497; x_wconf 81' lang='lat' dir='ltr'><strong><em>securiores</em></strong></span> <span class='ocrx_word' id='word_1_119' title='bbox 922 1443 991 1497; x_wconf 92' lang='lat' dir='ltr'><strong><em>ab</em></strong></span> <span class='ocrx_word' id='word_1_120' title='bbox 1017 1439 1326 1496; x_wconf 89' lang='lat' dir='ltr'><strong><em>incursibus</em></strong></span> <span class='ocrx_word' id='word_1_121' title='bbox 1353 1440 1590 1496; x_wconf 90' lang='lat' dir='ltr'><strong><em>hostium</em></strong></span> <span class='ocrx_word' id='word_1_122' title='bbox 1638 1439 1790 1505; x_wconf 86' lang='lat' dir='ltr'><strong><em>fiant,</em></strong></span> <span class='ocrx_word' id='word_1_123' title='bbox 1820 1437 2082 1509; x_wconf 85' lang='lat' dir='ltr'><strong><em>quidquid</em></strong></span> 
     </span>
    </p>
   </div>
   <div class='ocr_carea' id='block_1_16' title="bbox 484 1529 2080 1603">
    <p class='ocr_par' dir='ltr' id='par_1_16' title="bbox 484 1529 2080 1603">
     <span class='ocr_line' id='line_1_16' title="bbox 484 1529 2080 1603; baseline -0.002 -16"><span class='ocrx_word' id='word_1_124' title='bbox 484 1532 550 1587; x_wconf 83' lang='lat' dir='ltr'><strong><em>in</em></strong></span> <span class='ocrx_word' id='word_1_125' title='bbox 580 1533 684 1587; x_wconf 88' lang='lat' dir='ltr'><strong><em>hoc</em></strong></span> <span class='ocrx_word' id='word_1_126' title='bbox 708 1532 910 1587; x_wconf 88' lang='lat' dir='ltr'><strong><em>mundo</em></strong></span> <span class='ocrx_word' id='word_1_127' title='bbox 940 1531 1218 1603; x_wconf 89' lang='lat' dir='ltr'><strong><em>possidere</em></strong></span> <span class='ocrx_word' id='word_1_128' title='bbox 1242 1530 1493 1586; x_wconf 88' lang='lat' dir='ltr'><strong><em>videntur</em></strong></span> <span class='ocrx_word' id='word_1_129' title='bbox 1543 1529 1825 1601; x_wconf 89' lang='lat' dir='ltr'><strong><em>abjiciunt,</em></strong></span> <span class='ocrx_word' id='word_1_130' title='bbox 1863 1545 1927 1585; x_wconf 90' lang='lat' dir='ltr'><strong><em>ac</em></strong></span> <span class='ocrx_word' id='word_1_131' title='bbox 1951 1529 2080 1585; x_wconf 90' lang='lat' dir='ltr'><strong><em>nudi</em></strong></span> 
     </span>
    </p>
   </div>
   <div class='ocr_carea' id='block_1_17' title="bbox 483 1623 2080 1696">
    <p class='ocr_par' dir='ltr' id='par_1_17' title="bbox 483 1623 2080 1696">
     <span class='ocr_line' id='line_1_17' title="bbox 483 1623 2080 1696; baseline 0 -16"><span class='ocrx_word' id='word_1_132' title='bbox 483 1627 672 1696; x_wconf 80' lang='lat' dir='ltr'><strong><em>potius</em></strong></span> <span class='ocrx_word' id='word_1_133' title='bbox 715 1625 940 1681; x_wconf 88' lang='lat' dir='ltr'><strong><em>Domino</em></strong></span> <span class='ocrx_word' id='word_1_134' title='bbox 973 1624 1264 1691; x_wconf 89' lang='lat' dir='ltr'><strong><em>famulari,</em></strong></span> <span class='ocrx_word' id='word_1_135' title='bbox 1314 1639 1478 1694; x_wconf 90' lang='lat' dir='ltr'><strong><em>quam</em></strong></span> <span class='ocrx_word' id='word_1_136' title='bbox 1517 1623 1844 1680; x_wconf 70' lang='lat' dir='ltr'><strong><em>adhzerendo</em></strong></span> <span class='ocrx_word' id='word_1_137' title='bbox 1893 1623 2080 1680; x_wconf 88' lang='lat' dir='ltr'><strong><em>mundi</em></strong></span> 
     </span>
    </p>
   </div>
   <div class='ocr_carea' id='block_1_18' title="bbox 484 1714 2078 1785">
    <p class='ocr_par' dir='ltr' id='par_1_18' title="bbox 484 1714 2078 1785">
     <span class='ocr_line' id='line_1_18' title="bbox 484 1714 2078 1785; baseline -0.001 -13"><span class='ocrx_word' id='word_1_138' title='bbox 484 1718 653 1772; x_wconf 82' lang='lat' dir='ltr'><strong><em>rebus</em></strong></span> <span class='ocrx_word' id='word_1_139' title='bbox 687 1716 974 1773; x_wconf 89' lang='lat' dir='ltr'><strong><em>materiam</em></strong></span> <span class='ocrx_word' id='word_1_140' title='bbox 1021 1716 1286 1781; x_wconf 83' lang='lat' dir='ltr'><strong><em>tentandi,</em></strong></span> <span class='ocrx_word' id='word_1_141' title='bbox 1317 1723 1479 1785; x_wconf 92' lang='lat' dir='ltr'><strong><em>atque</em></strong></span> <span class='ocrx_word' id='word_1_142' title='bbox 1542 1729 1572 1768; x_wconf 91' lang='lat' dir='ltr'><strong><em>a</em></strong></span> <span class='ocrx_word' id='word_1_143' title='bbox 1627 1714 1738 1770; x_wconf 91' lang='lat' dir='ltr'><strong><em>Deo</em></strong></span> <span class='ocrx_word' id='word_1_144' title='bbox 1791 1715 2078 1771; x_wconf 79' lang='lat' dir='ltr'><strong><em>revocandi</em></strong></span> 
     </span>
    </p>
   </div>
   <div class='ocr_carea' id='block_1_19' title="bbox 478 1805 2078 1878">
    <p class='ocr_par' dir='ltr' id='par_1_19' title="bbox 478 1805 2078 1878">
     <span class='ocr_line' id='line_1_19' title="bbox 478 1805 2078 1878; baseline -0.001 -14"><span class='ocrx_word' id='word_1_145' title='bbox 478 1809 816 1866; x_wconf 74' lang='lat' dir='ltr'><strong><em>adversariis</em></strong></span> <span class='ocrx_word' id='word_1_146' title='bbox 842 1810 972 1866; x_wconf 89' lang='lat' dir='ltr'><strong><em>dare</em></strong></span> <span class='ocrx_word' id='word_1_147' title='bbox 1018 1809 1348 1872; x_wconf 79' lang='lat' dir='ltr'><strong><em>didicerunt,</em></strong></span> <span class='ocrx_word' id='word_1_148' title='bbox 1373 1807 1526 1878; x_wconf 81' lang='lat' dir='ltr'><strong><em>juxta</em></strong></span> <span class='ocrx_word' id='word_1_149' title='bbox 1579 1805 1885 1876; x_wconf 83' lang='lat' dir='ltr'><strong><em>exemplum</em></strong></span> <span class='ocrx_word' id='word_1_150' title='bbox 1932 1805 2078 1862; x_wconf 88' lang='lat' dir='ltr'><strong><em>beati</em></strong></span> 
     </span>
    </p>
   </div>
   <div class='ocr_carea' id='block_1_20' title="bbox 2191 794 3787 866">
    <p class='ocr_par' dir='ltr' id='par_1_20' title="bbox 2191 794 3787 866">
     <span class='ocr_line' id='line_1_20' title="bbox 2191 794 3787 866; baseline 0.007 -17"><span class='ocrx_word' id='word_1_151' title='bbox 2191 794 2328 849; x_wconf 89' lang='lat' dir='ltr'><strong><em>solio</em></strong></span> <span class='ocrx_word' id='word_1_152' title='bbox 2349 795 2672 851; x_wconf 86' lang='lat' dir='ltr'><strong><em>sacerdotali</em></strong></span> <span class='ocrx_word' id='word_1_153' title='bbox 2698 794 2851 852; x_wconf 91' lang='lat' dir='ltr'><strong><em>furor</em></strong></span> <span class='ocrx_word' id='word_1_154' title='bbox 2875 807 3212 866; x_wconf 82' lang='lat' dir='ltr'><strong><em>excusserat,</em></strong></span> <span class='ocrx_word' id='word_1_155' title='bbox 3227 799 3479 855; x_wconf 89' lang='lat' dir='ltr'><strong><em>eumdem</em></strong></span> <span class='ocrx_word' id='word_1_156' title='bbox 3507 802 3692 858; x_wconf 81' lang='lat' dir='ltr'><strong><em>rabies</em></strong></span> <span class='ocrx_word' id='word_1_157' title='bbox 3713 804 3787 860; x_wconf 91' lang='lat' dir='ltr'><strong><em>ad</em></strong></span> 
     </span>
    </p>
   </div>
   <div class='ocr_carea' id='block_1_21' title="bbox 2189 886 3782 959">
    <p class='ocr_par' dir='ltr' id='par_1_21' title="bbox 2189 886 3782 959">
     <span class='ocr_line' id='line_1_21' title="bbox 2189 886 3782 959; baseline 0.008 -19"><span class='ocrx_word' id='word_1_158' title='bbox 2189 886 2514 944; x_wconf 86' lang='lat' dir='ltr'><strong><em>scindendas</em></strong></span> <span class='ocrx_word' id='word_1_159' title='bbox 2541 897 2720 944; x_wconf 81' lang='lat' dir='ltr'><strong><em>vestes</em></strong></span> <span class='ocrx_word' id='word_1_160' title='bbox 2731 897 3009 959; x_wconf 76' lang='lat' dir='ltr'><strong><em>provocat.</em></strong></span> <span class='ocrx_word' id='word_1_161' title='bbox 3041 888 3215 946; x_wconf 90' lang='lat' dir='ltr'><strong><em>Scidit</em></strong></span> <span class='ocrx_word' id='word_1_162' title='bbox 3241 899 3423 948; x_wconf 89' lang='lat' dir='ltr'><strong><em>autem</em></strong></span> <span class='ocrx_word' id='word_1_163' title='bbox 3447 895 3782 953; x_wconf 83' lang='lat' dir='ltr'><strong><em>vestimenta</em></strong></span> 
     </span>
    </p>
   </div>
   <div class='ocr_carea' id='block_1_22' title="bbox 2189 977 3790 1055">
    <p class='ocr_par' dir='ltr' id='par_1_22' title="bbox 2189 977 3790 1055">
     <span class='ocr_line' id='line_1_22' title="bbox 2189 977 3790 1055; baseline 0.006 -22"><span class='ocrx_word' id='word_1_164' title='bbox 2189 993 2286 1033; x_wconf 91' lang='lat' dir='ltr'><strong><em>sua</em></strong></span> <span class='ocrx_word' id='word_1_165' title='bbox 2311 1018 2325 1043; x_wconf 90' lang='lat'><strong><em>,</em></strong></span> <span class='ocrx_word' id='word_1_166' title='bbox 2353 986 2413 1032; x_wconf 93' lang='lat' dir='ltr'><strong><em>ut</em></strong></span> <span class='ocrx_word' id='word_1_167' title='bbox 2451 979 2704 1035; x_wconf 89' lang='lat' dir='ltr'><strong><em>ostendat</em></strong></span> <span class='ocrx_word' id='word_1_168' title='bbox 2730 977 2946 1035; x_wconf 68' lang='lat' dir='ltr'><strong><em>Iudaeos</em></strong></span> <span class='ocrx_word' id='word_1_169' title='bbox 2999 980 3286 1037; x_wconf 86' lang='lat' dir='ltr'><strong><em>sacerdotii</em></strong></span> <span class='ocrx_word' id='word_1_170' title='bbox 3319 982 3548 1054; x_wconf 75' lang='lat' dir='ltr'><strong><em>gloriam</em></strong></span> <span class='ocrx_word' id='word_1_171' title='bbox 3601 988 3790 1055; x_wconf 88' lang='lat' dir='ltr'><strong><em>perdi-</em></strong></span> 
     </span>
    </p>
   </div>
   <div class='ocr_carea' id='block_1_23' title="bbox 2187 1069 3787 1144">
    <p class='ocr_par' dir='ltr' id='par_1_23' title="bbox 2187 1069 3787 1144">
     <span class='ocr_line' id='line_1_23' title="bbox 2187 1069 3787 1144; baseline 0.008 -20"><span class='ocrx_word' id='word_1_172' title='bbox 2187 1069 2350 1136; x_wconf 89' lang='lat' dir='ltr'><strong><em>disse,</em></strong></span> <span class='ocrx_word' id='word_1_173' title='bbox 2380 1081 2435 1128; x_wconf 92' lang='lat' dir='ltr'><strong><em>et</em></strong></span> <span class='ocrx_word' id='word_1_174' title='bbox 2471 1088 2698 1128; x_wconf 82' lang='lat' dir='ltr'><strong><em>vacuam</em></strong></span> <span class='ocrx_word' id='word_1_175' title='bbox 2753 1073 2936 1129; x_wconf 84' lang='lat' dir='ltr'><strong><em>sedem</em></strong></span> <span class='ocrx_word' id='word_1_176' title='bbox 2981 1073 3185 1129; x_wconf 89' lang='lat' dir='ltr'><strong><em>habere</em></strong></span> <span class='ocrx_word' id='word_1_177' title='bbox 3235 1076 3530 1144; x_wconf 85' lang='lat' dir='ltr'><strong><em>pontificis.</em></strong></span> <span class='ocrx_word' id='word_1_178' title='bbox 3581 1077 3693 1135; x_wconf 87' lang='lat' dir='ltr'><strong><em>Sed</em></strong></span> <span class='ocrx_word' id='word_1_179' title='bbox 3728 1088 3787 1136; x_wconf 92' lang='lat' dir='ltr'><strong><em>et</em></strong></span> 
     </span>
    </p>
   </div>
   <div class='ocr_carea' id='block_1_24' title="bbox 2186 1162 3780 1240">
    <p class='ocr_par' dir='ltr' id='par_1_24' title="bbox 2186 1162 3780 1240">
     <span class='ocr_line' id='line_1_24' title="bbox 2186 1162 3780 1240; baseline 0.008 -25"><span class='ocrx_word' id='word_1_180' title='bbox 2186 1164 2594 1234; x_wconf 78' lang='lat' dir='ltr'><strong><em>consuetudinis</em></strong></span> <span class='ocrx_word' id='word_1_181' title='bbox 2610 1162 2850 1220; x_wconf 82' lang='lat' dir='ltr'><strong><em>Judaicae</em></strong></span> <span class='ocrx_word' id='word_1_182' title='bbox 2877 1171 2982 1229; x_wconf 86' lang='lat' dir='ltr'><strong><em>est,</em></strong></span> <span class='ocrx_word' id='word_1_183' title='bbox 3001 1179 3125 1220; x_wconf 91' lang='lat' dir='ltr'><strong><em>cum</em></strong></span> <span class='ocrx_word' id='word_1_184' title='bbox 3149 1163 3352 1236; x_wconf 85' lang='lat' dir='ltr'><strong><em>aliquid</em></strong></span> <span class='ocrx_word' id='word_1_185' title='bbox 3376 1166 3780 1240; x_wconf 87' lang='lat' dir='ltr'><strong><em>blasphemum,</em></strong></span> 
     </span>
    </p>
   </div>
   <div class='ocr_carea' id='block_1_25' title="bbox 2184 1255 3781 1324">
    <p class='ocr_par' dir='ltr' id='par_1_25' title="bbox 2184 1255 3781 1324">
     <span class='ocr_line' id='line_1_25' title="bbox 2184 1255 3781 1324; baseline 0.006 -14"><span class='ocrx_word' id='word_1_186' title='bbox 2184 1264 2240 1310; x_wconf 92' lang='lat' dir='ltr'><strong><em>et</em></strong></span> <span class='ocrx_word' id='word_1_187' title='bbox 2267 1255 2421 1324; x_wconf 92' lang='lat' dir='ltr'><strong><em>quasi</em></strong></span> <span class='ocrx_word' id='word_1_188' title='bbox 2450 1265 2640 1312; x_wconf 87' lang='lat' dir='ltr'><strong><em>contra</em></strong></span> <span class='ocrx_word' id='word_1_189' title='bbox 2660 1257 2829 1313; x_wconf 90' lang='lat' dir='ltr'><strong><em>Deum</em></strong></span> <span class='ocrx_word' id='word_1_190' title='bbox 2851 1256 3142 1322; x_wconf 86' lang='lat' dir='ltr'><strong><em>audierint,</em></strong></span> <span class='ocrx_word' id='word_1_191' title='bbox 3174 1258 3422 1315; x_wconf 86' lang='lat' dir='ltr'><strong><em>scindere</em></strong></span> <span class='ocrx_word' id='word_1_192' title='bbox 3449 1262 3781 1320; x_wconf 87' lang='lat' dir='ltr'><strong><em>vestimenta</em></strong></span> 
     </span>
    </p>
   </div>
   <div class='ocr_carea' id='block_1_26' title="bbox 2184 1347 3776 1424">
    <p class='ocr_par' dir='ltr' id='par_1_26' title="bbox 2184 1347 3776 1424">
     <span class='ocr_line' id='line_1_26' title="bbox 2184 1347 3776 1424; baseline 0.006 -22"><span class='ocrx_word' id='word_1_193' title='bbox 2184 1361 2300 1411; x_wconf 91' lang='lat' dir='ltr'><strong><em>sua,</em></strong></span> <span class='ocrx_word' id='word_1_194' title='bbox 2325 1348 2470 1416; x_wconf 91' lang='lat' dir='ltr'><strong><em>quod</em></strong></span> <span class='ocrx_word' id='word_1_195' title='bbox 2492 1347 2718 1403; x_wconf 90' lang='lat' dir='ltr'><strong><em>Paulum</em></strong></span> <span class='ocrx_word' id='word_1_196' title='bbox 2749 1363 2964 1419; x_wconf 92' lang='lat' dir='ltr'><strong><em>quoque</em></strong></span> <span class='ocrx_word' id='word_1_197' title='bbox 2983 1357 3038 1404; x_wconf 88' lang='lat' dir='ltr'><strong><em>et</em></strong></span> <span class='ocrx_word' id='word_1_198' title='bbox 3060 1348 3370 1406; x_wconf 86' lang='lat' dir='ltr'><strong><em>Barnabam</em></strong></span> <span class='ocrx_word' id='word_1_199' title='bbox 3389 1391 3405 1416; x_wconf 96' lang='lat'><strong><em>,</em></strong></span> <span class='ocrx_word' id='word_1_200' title='bbox 3462 1355 3683 1424; x_wconf 89' lang='lat' dir='ltr'><strong><em>quando</em></strong></span> <span class='ocrx_word' id='word_1_201' title='bbox 3716 1356 3776 1412; x_wconf 91' lang='lat' dir='ltr'><strong><em>in</em></strong></span> 
     </span>
    </p>
   </div>
   <div class='ocr_carea' id='block_1_27' title="bbox 2181 1437 3780 1518">
    <p class='ocr_par' dir='ltr' id='par_1_27' title="bbox 2181 1437 3780 1518">
     <span class='ocr_line' id='line_1_27' title="bbox 2181 1437 3780 1518; baseline 0.004 -24"><span class='ocrx_word' id='word_1_202' title='bbox 2181 1437 2453 1510; x_wconf 86' lang='lat' dir='ltr'><strong><em>Lycaonia</em></strong></span> <span class='ocrx_word' id='word_1_203' title='bbox 2481 1440 2704 1496; x_wconf 92' lang='lat' dir='ltr'><strong><em>deorum</em></strong></span> <span class='ocrx_word' id='word_1_204' title='bbox 2733 1440 2880 1495; x_wconf 91' lang='lat' dir='ltr'><strong><em>cultu</em></strong></span> <span class='ocrx_word' id='word_1_205' title='bbox 2915 1441 3356 1508; x_wconf 88' lang='lat' dir='ltr'><strong><em>honorabautur,</em></strong></span> <span class='ocrx_word' id='word_1_206' title='bbox 3406 1442 3600 1500; x_wconf 83' lang='lat' dir='ltr'><strong><em>fecisse</em></strong></span> <span class='ocrx_word' id='word_1_207' title='bbox 3649 1445 3780 1518; x_wconf 85' lang='lat' dir='ltr'><strong><em>legi-</em></strong></span> 
     </span>
    </p>
   </div>
   <div class='ocr_carea' id='block_1_28' title="bbox 2181 1528 3776 1603">
    <p class='ocr_par' dir='ltr' id='par_1_28' title="bbox 2181 1528 3776 1603">
     <span class='ocr_line' id='line_1_28' title="bbox 2181 1528 3776 1603; baseline 0.005 -19"><span class='ocrx_word' id='word_1_208' title='bbox 2181 1545 2304 1584; x_wconf 89' lang='lat' dir='ltr'><strong><em>mus</em></strong></span> <span class='ocrx_word' id='word_1_209' title='bbox 2328 1528 2467 1601; x_wconf 81' lang='lat' dir='ltr'><strong><em>(Act.</em></strong></span> <span class='ocrx_word' id='word_1_210' title='bbox 2491 1528 2626 1602; x_wconf 71' lang='lat' dir='ltr'><strong><em>xxv).</em></strong></span> <span class='ocrx_word' id='word_1_211' title='bbox 2656 1529 2895 1586; x_wconf 81' lang='lat' dir='ltr'><strong><em>Herodes</em></strong></span> <span class='ocrx_word' id='word_1_212' title='bbox 2915 1539 3118 1597; x_wconf 82' lang='lat' dir='ltr'><strong><em>autem,</em></strong></span> <span class='ocrx_word' id='word_1_213' title='bbox 3143 1533 3272 1603; x_wconf 88' lang='lat' dir='ltr'><strong><em>quia</em></strong></span> <span class='ocrx_word' id='word_1_214' title='bbox 3291 1548 3402 1589; x_wconf 90' lang='lat' dir='ltr'><strong><em>non</em></strong></span> <span class='ocrx_word' id='word_1_215' title='bbox 3427 1535 3576 1591; x_wconf 88' lang='lat' dir='ltr'><strong><em>dedit</em></strong></span> <span class='ocrx_word' id='word_1_216' title='bbox 3599 1536 3776 1592; x_wconf 89' lang='lat' dir='ltr'><strong><em>bono-</em></strong></span> 
     </span>
    </p>
   </div>
   <div class='ocr_carea' id='block_1_29' title="bbox 2181 1622 3773 1700">
    <p class='ocr_par' dir='ltr' id='par_1_29' title="bbox 2181 1622 3773 1700">
     <span class='ocr_line' id='line_1_29' title="bbox 2181 1622 3773 1700; baseline 0.006 -24"><span class='ocrx_word' id='word_1_217' title='bbox 2181 1635 2296 1676; x_wconf 90' lang='lat' dir='ltr'><strong><em>rem</em></strong></span> <span class='ocrx_word' id='word_1_218' title='bbox 2321 1622 2450 1689; x_wconf 87' lang='lat' dir='ltr'><strong><em>Deo,</em></strong></span> <span class='ocrx_word' id='word_1_219' title='bbox 2479 1623 2574 1679; x_wconf 91' lang='lat' dir='ltr'><strong><em>sed</em></strong></span> <span class='ocrx_word' id='word_1_220' title='bbox 2600 1632 2663 1678; x_wconf 91' lang='lat' dir='ltr'><strong><em>ut</em></strong></span> <span class='ocrx_word' id='word_1_221' title='bbox 2680 1622 2888 1694; x_wconf 89' lang='lat' dir='ltr'><strong><em>quievit</em></strong></span> <span class='ocrx_word' id='word_1_222' title='bbox 2929 1623 3285 1682; x_wconf 89' lang='lat' dir='ltr'><strong><em>immoderato</em></strong></span> <span class='ocrx_word' id='word_1_223' title='bbox 3322 1625 3495 1682; x_wconf 79' lang='lat' dir='ltr'><strong><em>favori</em></strong></span> <span class='ocrx_word' id='word_1_224' title='bbox 3552 1629 3773 1700; x_wconf 91' lang='lat' dir='ltr'><strong><em>populi,</em></strong></span> 
     </span>
    </p>
   </div>
   <div class='ocr_carea' id='block_1_30' title="bbox 2179 1714 3777 1792">
    <p class='ocr_par' dir='ltr' id='par_1_30' title="bbox 2179 1714 3777 1792">
     <span class='ocr_line' id='line_1_30' title="bbox 2179 1714 3777 1792; baseline 0.003 -21"><span class='ocrx_word' id='word_1_225' title='bbox 2179 1714 2365 1771; x_wconf 86' lang='lat' dir='ltr'><strong><em>statim</em></strong></span> <span class='ocrx_word' id='word_1_226' title='bbox 2387 1716 2454 1771; x_wconf 89' lang='lat' dir='ltr'><strong><em>ab</em></strong></span> <span class='ocrx_word' id='word_1_227' title='bbox 2488 1715 2680 1786; x_wconf 88' lang='lat' dir='ltr'><strong><em>angelo</em></strong></span> <span class='ocrx_word' id='word_1_228' title='bbox 2730 1729 3023 1788; x_wconf 89' lang='lat' dir='ltr'><strong><em>percussus</em></strong></span> <span class='ocrx_word' id='word_1_229' title='bbox 3071 1724 3176 1772; x_wconf 90' lang='lat' dir='ltr'><strong><em>est.</em></strong></span> <span class='ocrx_word' id='word_1_230' title='bbox 3212 1716 3410 1774; x_wconf 87' lang='lat' dir='ltr'><strong><em>Altiori</em></strong></span> <span class='ocrx_word' id='word_1_231' title='bbox 3442 1725 3628 1774; x_wconf 89' lang='lat' dir='ltr'><strong><em>autem</em></strong></span> <span class='ocrx_word' id='word_1_232' title='bbox 3654 1736 3777 1792; x_wconf 84' lang='lat' dir='ltr'><strong><em>my-</em></strong></span> 
     </span>
    </p>
   </div>
   <div class='ocr_carea' id='block_1_31' title="bbox 2181 1805 3773 1884">
    <p class='ocr_par' dir='ltr' id='par_1_31' title="bbox 2181 1805 3773 1884">
     <span class='ocr_line' id='line_1_31' title="bbox 2181 1805 3773 1884; baseline 0.005 -23"><span class='ocrx_word' id='word_1_233' title='bbox 2181 1807 2348 1862; x_wconf 88' lang='lat' dir='ltr'><strong><em>sterio</em></strong></span> <span class='ocrx_word' id='word_1_234' title='bbox 2374 1805 2576 1863; x_wconf 90' lang='lat' dir='ltr'><strong><em>factum</em></strong></span> <span class='ocrx_word' id='word_1_235' title='bbox 2622 1817 2730 1876; x_wconf 90' lang='lat' dir='ltr'><strong><em>est,</em></strong></span> <span class='ocrx_word' id='word_1_236' title='bbox 2773 1808 2917 1864; x_wconf 92' lang='lat' dir='ltr'><strong><em>utin</em></strong></span> <span class='ocrx_word' id='word_1_237' title='bbox 2959 1809 3211 1881; x_wconf 84' lang='lat' dir='ltr'><strong><em>passione</em></strong></span> <span class='ocrx_word' id='word_1_238' title='bbox 3263 1811 3478 1868; x_wconf 88' lang='lat' dir='ltr'><strong><em>Domini</em></strong></span> <span class='ocrx_word' id='word_1_239' title='bbox 3528 1813 3773 1884; x_wconf 82' lang='lat' dir='ltr'><strong><em>pontifex</em></strong></span> 
     </span>
    </p>
   </div>
   <div class='ocr_carea' id='block_1_32' title="bbox 478 1886 3775 1977">
    <p class='ocr_par' dir='ltr' id='par_1_32' title="bbox 478 1886 3775 1977">
     <span class='ocr_line' id='line_1_32' title="bbox 478 1886 3775 1977; baseline -0 -16"><span class='ocrx_word' id='word_1_240' title='bbox 478 1905 707 1976; x_wconf 75' lang='lat' dir='ltr'><strong><em>Joseph,</em></strong></span> <span class='ocrx_word' id='word_1_241' title='bbox 731 1907 824 1977; x_wconf 85' lang='lat' dir='ltr'><strong><em>qui</em></strong></span> <span class='ocrx_word' id='word_1_242' title='bbox 854 1905 1045 1961; x_wconf 85' lang='lat' dir='ltr'><strong><em>relicto</em></strong></span> <span class='ocrx_word' id='word_1_243' title='bbox 1074 1904 1128 1958; x_wconf 91' lang='lat' dir='ltr'><strong><em>in</em></strong></span> <span class='ocrx_word' id='word_1_244' title='bbox 1151 1902 1402 1959; x_wconf 89' lang='lat' dir='ltr'><strong><em>manibus</em></strong></span> <span class='ocrx_word' id='word_1_245' title='bbox 1443 1899 1700 1955; x_wconf 66' lang='lat' dir='ltr'><strong><em>adultera:</em></strong></span> <span class='ocrx_word' id='word_1_246' title='bbox 1723 1898 1906 1970; x_wconf 89' lang='lat' dir='ltr'><strong><em>pallio,</em></strong></span> <span class='ocrx_word' id='word_1_247' title='bbox 1932 1896 2078 1954; x_wconf 89' lang='lat' dir='ltr'><strong><em>foras</em></strong></span> <span class='ocrx_word' id='word_1_248' title='bbox 2104 1886 2153 1948; x_wconf 89' lang='grc' dir='ltr'><strong>Β</strong></span> <span class='ocrx_word' id='word_1_249' title='bbox 2179 1895 2488 1954; x_wconf 79' lang='lat' dir='ltr'><strong><em>Judzeorum</em></strong></span> <span class='ocrx_word' id='word_1_250' title='bbox 2517 1914 2614 1955; x_wconf 91' lang='lat' dir='ltr'><strong><em>sua</em></strong></span> <span class='ocrx_word' id='word_1_251' title='bbox 2660 1899 2776 1970; x_wconf 88' lang='lat' dir='ltr'><strong><em>ipse</em></strong></span> <span class='ocrx_word' id='word_1_252' title='bbox 2799 1899 3123 1956; x_wconf 88' lang='lat' dir='ltr'><strong><em>vestimenta</em></strong></span> <span class='ocrx_word' id='word_1_253' title='bbox 3153 1901 3504 1970; x_wconf 83' lang='lat' dir='ltr'><strong><em>discluderet,</em></strong></span> <span class='ocrx_word' id='word_1_254' title='bbox 3532 1919 3657 1960; x_wconf 91' lang='lat' dir='ltr'><strong><em>cum</em></strong></span> <span class='ocrx_word' id='word_1_255' title='bbox 3688 1915 3775 1960; x_wconf 84' lang='lat' dir='ltr'><strong><em>tu-</em></strong></span> 
     </span>
    </p>
   </div>
   <div class='ocr_carea' id='block_1_33' title="bbox 474 1987 2073 2063">
    <p class='ocr_par' dir='ltr' id='par_1_33' title="bbox 474 1987 2073 2063">
     <span class='ocr_line' id='line_1_33' title="bbox 474 1987 2073 2063; baseline -0.004 -13"><span class='ocrx_word' id='word_1_256' title='bbox 474 1997 743 2060; x_wconf 74' lang='lat' dir='ltr'><strong><em>exsilivit,</em></strong></span> <span class='ocrx_word' id='word_1_257' title='bbox 770 1997 982 2051; x_wconf 81' lang='lat' dir='ltr'><strong><em>malens</em></strong></span> <span class='ocrx_word' id='word_1_258' title='bbox 1003 1995 1115 2050; x_wconf 90' lang='lat' dir='ltr'><strong><em>Deo</em></strong></span> <span class='ocrx_word' id='word_1_259' title='bbox 1139 1993 1316 2049; x_wconf 90' lang='lat' dir='ltr'><strong><em>nudus</em></strong></span> <span class='ocrx_word' id='word_1_260' title='bbox 1335 2007 1495 2063; x_wconf 89' lang='lat' dir='ltr'><strong><em>quam</em></strong></span> <span class='ocrx_word' id='word_1_261' title='bbox 1519 1990 1740 2046; x_wconf 91' lang='lat' dir='ltr'><strong><em>indutus</em></strong></span> <span class='ocrx_word' id='word_1_262' title='bbox 1763 1987 2073 2060; x_wconf 87' lang='lat' dir='ltr'><strong><em>cupiditati-</em></strong></span> 
     </span>
    </p>
   </div>
   <div class='ocr_carea' id='block_1_34' title="bbox 473 2082 2072 2158">
    <p class='ocr_par' dir='ltr' id='par_1_34' title="bbox 473 2082 2072 2158">
     <span class='ocr_line' id='line_1_34' title="bbox 473 2082 2072 2158; baseline -0.003 -15"><span class='ocrx_word' id='word_1_263' title='bbox 473 2087 587 2144; x_wconf 65' lang='lat' dir='ltr'><strong><em>laus</em></strong></span> <span class='ocrx_word' id='word_1_264' title='bbox 615 2088 798 2144; x_wconf 89' lang='lat' dir='ltr'><strong><em>mundi</em></strong></span> <span class='ocrx_word' id='word_1_265' title='bbox 825 2087 1102 2146; x_wconf 90' lang='lat' dir='ltr'><strong><em>meretrici</em></strong></span> <span class='ocrx_word' id='word_1_266' title='bbox 1125 2087 1330 2143; x_wconf 89' lang='lat' dir='ltr'><strong><em>servire</em></strong></span> <span class='ocrx_word' id='word_1_267' title='bbox 1351 2082 1502 2158; x_wconf 89' lang='lat' dir='ltr'><strong><em>(Gen.</em></strong></span> <span class='ocrx_word' id='word_1_268' title='bbox 1527 2082 1737 2156; x_wconf 78' lang='lat' dir='ltr'><strong><em>xxxix).</em></strong></span> <span class='ocrx_word' id='word_1_269' title='bbox 1787 2125 1794 2147; x_wconf 79' lang='lat'><strong><em>,</em></strong></span> <span class='ocrx_word' id='word_1_270' title='bbox 1953 2099 1958 2104; x_wconf 93' lang='grc'>·</span> <span class='ocrx_word' id='word_1_271' title='bbox 2037 2088 2072 2119; x_wconf 61' lang='grc' dir='ltr'><strong><em>ῖλ</em></strong></span> 
     </span>
    </p>
   </div>
   <div class='ocr_carea' id='block_1_35' title="bbox 556 2171 2070 2245">
    <p class='ocr_par' dir='ltr' id='par_1_35' title="bbox 556 2171 2070 2245">
     <span class='ocr_line' id='line_1_35' title="bbox 556 2171 2070 2245; baseline -0.004 -11"><span class='ocrx_word' id='word_1_272' title='bbox 556 2181 624 2234; x_wconf 80' lang='lat' dir='ltr'><strong><em>At</em></strong></span> <span class='ocrx_word' id='word_1_273' title='bbox 652 2180 732 2235; x_wconf 86' lang='lat' dir='ltr'><strong><em>illi</em></strong></span> <span class='ocrx_word' id='word_1_274' title='bbox 757 2190 984 2236; x_wconf 85' lang='lat' dir='ltr'><strong><em>tenentes</em></strong></span> <span class='ocrx_word' id='word_1_275' title='bbox 1003 2178 1209 2245; x_wconf 75' lang='lat' dir='ltr'><strong><em>Iesum,</em></strong></span> <span class='ocrx_word' id='word_1_276' title='bbox 1240 2179 1502 2232; x_wconf 75' lang='lat' dir='ltr'><strong><em>duxerunt</em></strong></span> <span class='ocrx_word' id='word_1_277' title='bbox 1523 2177 1592 2230; x_wconf 85' lang='lat' dir='ltr'><strong><em>ad</em></strong></span> <span class='ocrx_word' id='word_1_278' title='bbox 1621 2174 1877 2245; x_wconf 80' lang='lat' dir='ltr'><strong><em>Caipham</em></strong></span> <span class='ocrx_word' id='word_1_279' title='bbox 1921 2171 2070 2243; x_wconf 83' lang='lat' dir='ltr'><strong><em>prin-</em></strong></span> 
     </span>
    </p>
   </div>
   <div class='ocr_carea' id='block_1_36' title="bbox 471 2263 2069 2342">
    <p class='ocr_par' dir='ltr' id='par_1_36' title="bbox 471 2263 2069 2342">
     <span class='ocr_line' id='line_1_36' title="bbox 471 2263 2069 2342; baseline -0.006 -17"><span class='ocrx_word' id='word_1_280' title='bbox 471 2271 651 2342; x_wconf 53' lang='lat' dir='ltr'><strong><em>cipem</em></strong></span> <span class='ocrx_word' id='word_1_281' title='bbox 675 2271 1008 2326; x_wconf 87' lang='lat' dir='ltr'><strong><em>sacerdotum</em></strong></span> <span class='ocrx_word' id='word_1_282' title='bbox 1031 2311 1047 2338; x_wconf 88' lang='lat'><strong><em>,</em></strong></span> <span class='ocrx_word' id='word_1_283' title='bbox 1097 2278 1202 2325; x_wconf 90' lang='lat' dir='ltr'><strong><em>etc.</em></strong></span> <span class='ocrx_word' id='word_1_284' title='bbox 1236 2268 1422 2324; x_wconf 77' lang='lat' dir='ltr'><strong><em>Refert</em></strong></span> <span class='ocrx_word' id='word_1_285' title='bbox 1447 2265 1712 2337; x_wconf 68' lang='lat' dir='ltr'><strong><em>Iosephus</em></strong></span> <span class='ocrx_word' id='word_1_286' title='bbox 1762 2265 1906 2336; x_wconf 83' lang='lat' dir='ltr'><strong><em>(Ant.</em></strong></span> <span class='ocrx_word' id='word_1_287' title='bbox 1936 2263 2069 2318; x_wconf 73' lang='lat' dir='ltr'><strong><em>Iud.</em></strong></span> 
     </span>
    </p>
   </div>
   <div class='ocr_carea' id='block_1_37' title="bbox 470 2353 2072 2433">
    <p class='ocr_par' dir='ltr' id='par_1_37' title="bbox 470 2353 2072 2433">
     <span class='ocr_line' id='line_1_37' title="bbox 470 2353 2072 2433; baseline -0.002 -23"><span class='ocrx_word' id='word_1_288' title='bbox 470 2361 579 2416; x_wconf 74' lang='lat' dir='ltr'><strong><em>rlib.</em></strong></span> <span class='ocrx_word' id='word_1_289' title='bbox 620 2378 777 2428; x_wconf 88' lang='lat' dir='ltr'><strong><em>xvm,</em></strong></span> <span class='ocrx_word' id='word_1_290' title='bbox 802 2377 922 2432; x_wconf 90' lang='lat' dir='ltr'><strong><em>cap.</em></strong></span> <span class='ocrx_word' id='word_1_291' title='bbox 946 2361 1002 2433; x_wconf 89' lang='lat'><strong><em>8)</em></strong></span> <span class='ocrx_word' id='word_1_292' title='bbox 1030 2362 1195 2416; x_wconf 86' lang='lat' dir='ltr'><strong><em>istum</em></strong></span> <span class='ocrx_word' id='word_1_293' title='bbox 1214 2359 1474 2428; x_wconf 90' lang='lat' dir='ltr'><strong><em>Caipham</em></strong></span> <span class='ocrx_word' id='word_1_294' title='bbox 1513 2357 1672 2412; x_wconf 89' lang='lat' dir='ltr'><strong><em>unius</em></strong></span> <span class='ocrx_word' id='word_1_295' title='bbox 1703 2362 1914 2410; x_wconf 87' lang='lat' dir='ltr'><strong><em>tantum</em></strong></span> <span class='ocrx_word' id='word_1_296' title='bbox 1944 2353 2072 2408; x_wconf 91' lang='lat' dir='ltr'><strong><em>anni</em></strong></span> 
     </span>
    </p>
   </div>
   <div class='ocr_carea' id='block_1_38' title="bbox 471 2443 2072 2524">
    <p class='ocr_par' dir='ltr' id='par_1_38' title="bbox 471 2443 2072 2524">
     <span class='ocr_line' id='line_1_38' title="bbox 471 2443 2072 2524; baseline -0.006 -15"><span class='ocrx_word' id='word_1_297' title='bbox 471 2452 860 2524; x_wconf 76' lang='lat' dir='ltr'><strong><em>pontificatum</em></strong></span> <span class='ocrx_word' id='word_1_298' title='bbox 899 2453 967 2507; x_wconf 91' lang='lat' dir='ltr'><strong><em>ab</em></strong></span> <span class='ocrx_word' id='word_1_299' title='bbox 993 2450 1206 2507; x_wconf 80' lang='lat' dir='ltr'><strong><em>Herode</em></strong></span> <span class='ocrx_word' id='word_1_300' title='bbox 1251 2449 1424 2521; x_wconf 88' lang='lat' dir='ltr'><strong><em>pretio</em></strong></span> <span class='ocrx_word' id='word_1_301' title='bbox 1453 2446 1767 2504; x_wconf 87' lang='lat' dir='ltr'><strong><em>redemisse.</em></strong></span> <span class='ocrx_word' id='word_1_302' title='bbox 1799 2443 1917 2500; x_wconf 85' lang='lat' dir='ltr'><strong><em>Non</em></strong></span> <span class='ocrx_word' id='word_1_303' title='bbox 1941 2457 2072 2517; x_wconf 91' lang='lat' dir='ltr'><strong><em>ergo</em></strong></span> 
     </span>
    </p>
   </div>
   <div class='ocr_carea' id='block_1_39' title="bbox 466 2539 1843 2614">
    <p class='ocr_par' dir='ltr' id='par_1_39' title="bbox 466 2539 1843 2614">
     <span class='ocr_line' id='line_1_39' title="bbox 466 2539 1843 2614; baseline -0.005 -15"><span class='ocrx_word' id='word_1_304' title='bbox 466 2546 680 2600; x_wconf 63' lang='lat' dir='ltr'><strong><em>‘mirum</em></strong></span> <span class='ocrx_word' id='word_1_305' title='bbox 718 2553 802 2601; x_wconf 91' lang='lat' dir='ltr'><strong><em>est</em></strong></span> <span class='ocrx_word' id='word_1_306' title='bbox 828 2544 873 2600; x_wconf 89' lang='lat' dir='ltr'><strong><em>si</em></strong></span> <span class='ocrx_word' id='word_1_307' title='bbox 897 2544 1116 2614; x_wconf 89' lang='lat' dir='ltr'><strong><em>iniquus</em></strong></span> <span class='ocrx_word' id='word_1_308' title='bbox 1141 2540 1387 2613; x_wconf 74' lang='lat' dir='ltr'><strong><em>pontifex</em></strong></span> <span class='ocrx_word' id='word_1_309' title='bbox 1417 2541 1601 2612; x_wconf 89' lang='lat' dir='ltr'><strong><em>inique</em></strong></span> <span class='ocrx_word' id='word_1_310' title='bbox 1619 2539 1843 2609; x_wconf 88' lang='lat' dir='ltr'><strong><em>judicet.</em></strong></span> 
     </span>
    </p>
   </div>
   <div class='ocr_carea' id='block_1_40' title="bbox 551 2627 2075 2706">
    <p class='ocr_par' dir='ltr' id='par_1_40' title="bbox 551 2627 2075 2706">
     <span class='ocr_line' id='line_1_40' title="bbox 551 2627 2075 2706; baseline -0.003 -18"><span class='ocrx_word' id='word_1_311' title='bbox 551 2634 744 2690; x_wconf 87' lang='lat' dir='ltr'><strong><em>Petrus</em></strong></span> <span class='ocrx_word' id='word_1_312' title='bbox 775 2644 952 2690; x_wconf 82' lang='lat' dir='ltr'><strong><em>autem</em></strong></span> <span class='ocrx_word' id='word_1_313' title='bbox 996 2633 1310 2706; x_wconf 75' lang='lat' dir='ltr'><strong><em>sequebatur</em></strong></span> <span class='ocrx_word' id='word_1_314' title='bbox 1336 2632 1522 2688; x_wconf 72' lang='lat' dir='ltr'><strong><em>Iesum</em></strong></span> <span class='ocrx_word' id='word_1_315' title='bbox 1550 2649 1584 2685; x_wconf 91' lang='lat' dir='ltr'><strong><em>a</em></strong></span> <span class='ocrx_word' id='word_1_316' title='bbox 1624 2630 1795 2702; x_wconf 88' lang='lat' dir='ltr'><strong><em>longe,</em></strong></span> <span class='ocrx_word' id='word_1_317' title='bbox 1815 2638 1921 2686; x_wconf 88' lang='lat' dir='ltr'><strong><em>etc.</em></strong></span> <span class='ocrx_word' id='word_1_318' title='bbox 1967 2627 2075 2684; x_wconf 82' lang='lat' dir='ltr'><strong><em>Me-</em></strong></span> 
     </span>
    </p>
   </div>
   <div class='ocr_carea' id='block_1_41' title="bbox 471 2720 2073 2796">
    <p class='ocr_par' dir='ltr' id='par_1_41' title="bbox 471 2720 2073 2796">
     <span class='ocr_line' id='line_1_41' title="bbox 471 2720 2073 2796; baseline -0.005 -15"><span class='ocrx_word' id='word_1_319' title='bbox 471 2726 588 2781; x_wconf 77' lang='lat' dir='ltr'><strong><em>rito</em></strong></span> <span class='ocrx_word' id='word_1_320' title='bbox 623 2741 653 2780; x_wconf 90' lang='lat' dir='ltr'><strong><em>a</em></strong></span> <span class='ocrx_word' id='word_1_321' title='bbox 702 2724 861 2796; x_wconf 89' lang='lat' dir='ltr'><strong><em>longe</em></strong></span> <span class='ocrx_word' id='word_1_322' title='bbox 887 2725 1243 2794; x_wconf 88' lang='lat' dir='ltr'><strong><em>sequebatur,</em></strong></span> <span class='ocrx_word' id='word_1_323' title='bbox 1303 2723 1430 2794; x_wconf 89' lang='lat' dir='ltr'><strong><em>quia</em></strong></span> <span class='ocrx_word' id='word_1_324' title='bbox 1476 2720 1725 2793; x_wconf 78' lang='lat' dir='ltr'><strong><em>proximo</em></strong></span> <span class='ocrx_word' id='word_1_325' title='bbox 1777 2726 2073 2790; x_wconf 76' lang='lat' dir='ltr'><strong><em>negaturus</em></strong></span> 
     </span>
    </p>
   </div>
   <div class='ocr_carea' id='block_1_42' title="bbox 479 2811 2071 2888">
    <p class='ocr_par' dir='ltr' id='par_1_42' title="bbox 479 2811 2071 2888">
     <span class='ocr_line' id='line_1_42' title="bbox 479 2811 2071 2888; baseline -0.006 -13"><span class='ocrx_word' id='word_1_326' title='bbox 479 2826 619 2884; x_wconf 89' lang='lat' dir='ltr'><strong><em>erat,</em></strong></span> <span class='ocrx_word' id='word_1_327' title='bbox 647 2833 822 2888; x_wconf 84' lang='lat' dir='ltr'><strong><em>neque</em></strong></span> <span class='ocrx_word' id='word_1_328' title='bbox 850 2817 996 2874; x_wconf 91' lang='lat' dir='ltr'><strong><em>enim</em></strong></span> <span class='ocrx_word' id='word_1_329' title='bbox 1019 2831 1220 2888; x_wconf 86' lang='lat' dir='ltr'><strong><em>negare</em></strong></span> <span class='ocrx_word' id='word_1_330' title='bbox 1247 2823 1454 2887; x_wconf 90' lang='lat' dir='ltr'><strong><em>posset,</em></strong></span> <span class='ocrx_word' id='word_1_331' title='bbox 1480 2814 1526 2870; x_wconf 89' lang='lat' dir='ltr'><strong><em>si</em></strong></span> <span class='ocrx_word' id='word_1_332' title='bbox 1551 2812 1769 2870; x_wconf 88' lang='lat' dir='ltr'><strong><em>Christo</em></strong></span> <span class='ocrx_word' id='word_1_333' title='bbox 1790 2811 2071 2882; x_wconf 87' lang='lat' dir='ltr'><strong><em>proximus</em></strong></span> 
     </span>
    </p>
   </div>
   <div class='ocr_carea' id='block_1_43' title="bbox 478 2902 2072 2966">
    <p class='ocr_par' dir='ltr' id='par_1_43' title="bbox 478 2902 2072 2966">
     <span class='ocr_line' id='line_1_43' title="bbox 478 2902 2072 2966; baseline -0.005 -2"><span class='ocrx_word' id='word_1_334' title='bbox 478 2909 820 2966; x_wconf 78' lang='lat' dir='ltr'><strong><em>adhaesisset.</em></strong></span> <span class='ocrx_word' id='word_1_335' title='bbox 863 2908 1074 2964; x_wconf 84' lang='lat' dir='ltr'><strong><em>Marcus</em></strong></span> <span class='ocrx_word' id='word_1_336' title='bbox 1113 2915 1294 2964; x_wconf 91' lang='lat' dir='ltr'><strong><em>autem</em></strong></span> <span class='ocrx_word' id='word_1_337' title='bbox 1323 2906 1492 2963; x_wconf 87' lang='lat' dir='ltr'><strong><em>dicit:</em></strong></span> <span class='ocrx_word' id='word_1_338' title='bbox 1530 2904 1755 2962; x_wconf 87' lang='lat' dir='ltr'><strong><em>Sedebat</em></strong></span> <span class='ocrx_word' id='word_1_339' title='bbox 1777 2920 1896 2959; x_wconf 88' lang='lat' dir='ltr'><strong><em>cum</em></strong></span> <span class='ocrx_word' id='word_1_340' title='bbox 1916 2902 2072 2958; x_wconf 86' lang='lat' dir='ltr'><strong><em>mini-</em></strong></span> 
     </span>
    </p>
   </div>
   <div class='ocr_carea' id='block_1_44' title="bbox 471 2993 2071 3070">
    <p class='ocr_par' dir='ltr' id='par_1_44' title="bbox 471 2993 2071 3070">
     <span class='ocr_line' id='line_1_44' title="bbox 471 2993 2071 3070; baseline -0.004 -13"><span class='ocrx_word' id='word_1_341' title='bbox 471 3003 626 3068; x_wconf 74' lang='lat' dir='ltr'><strong><em>stris,</em></strong></span> <span class='ocrx_word' id='word_1_342' title='bbox 653 3009 702 3056; x_wconf 90' lang='lat' dir='ltr'><strong><em>et</em></strong></span> <span class='ocrx_word' id='word_1_343' title='bbox 724 2999 1065 3070; x_wconf 84' lang='lat' dir='ltr'><strong><em>calefaciebat</em></strong></span> <span class='ocrx_word' id='word_1_344' title='bbox 1086 3016 1142 3055; x_wconf 87' lang='lat' dir='ltr'><strong><em>se</em></strong></span> <span class='ocrx_word' id='word_1_345' title='bbox 1174 2999 1244 3054; x_wconf 87' lang='lat' dir='ltr'><strong><em>ad</em></strong></span> <span class='ocrx_word' id='word_1_346' title='bbox 1264 3000 1456 3070; x_wconf 85' lang='lat' dir='ltr'><strong><em>ignem.</em></strong></span> <span class='ocrx_word' id='word_1_347' title='bbox 1480 2997 1578 3053; x_wconf 86' lang='lat' dir='ltr'><strong><em>Est</em></strong></span> <span class='ocrx_word' id='word_1_348' title='bbox 1599 2995 1745 3053; x_wconf 90' lang='lat' dir='ltr'><strong><em>enim</em></strong></span> <span class='ocrx_word' id='word_1_349' title='bbox 1765 2993 2071 3051; x_wconf 79' lang='lat' dir='ltr'><strong><em>dilectionis</em></strong></span> 
     </span>
    </p>
   </div>
   <div class='ocr_carea' id='block_1_45' title="bbox 469 3085 2070 3166">
    <p class='ocr_par' dir='ltr' id='par_1_45' title="bbox 469 3085 2070 3166">
     <span class='ocr_line' id='line_1_45' title="bbox 469 3085 2070 3166; baseline -0.006 -17"><span class='ocrx_word' id='word_1_350' title='bbox 469 3093 642 3166; x_wconf 82' lang='lat' dir='ltr'><strong><em>ignis,</em></strong></span> <span class='ocrx_word' id='word_1_351' title='bbox 665 3099 826 3149; x_wconf 90' lang='lat' dir='ltr'><strong><em>estet</em></strong></span> <span class='ocrx_word' id='word_1_352' title='bbox 849 3091 1186 3162; x_wconf 90' lang='lat' dir='ltr'><strong><em>cupiditatis,</em></strong></span> <span class='ocrx_word' id='word_1_353' title='bbox 1221 3091 1289 3146; x_wconf 90' lang='lat' dir='ltr'><strong><em>de</em></strong></span> <span class='ocrx_word' id='word_1_354' title='bbox 1325 3091 1432 3145; x_wconf 87' lang='lat' dir='ltr'><strong><em>hoc</em></strong></span> <span class='ocrx_word' id='word_1_355' title='bbox 1468 3089 1708 3145; x_wconf 90' lang='lat' dir='ltr'><strong><em>dicitur:</em></strong></span> <span class='ocrx_word' id='word_1_356' title='bbox 1752 3085 1934 3158; x_wconf 78' lang='lat' dir='ltr'><strong><em>Ignem</em></strong></span> <span class='ocrx_word' id='word_1_357' title='bbox 1955 3085 2070 3141; x_wconf 83' lang='lat' dir='ltr'><strong><em>veni</em></strong></span> 
     </span>
    </p>
   </div>
   <div class='ocr_carea' id='block_1_46' title="bbox 464 3176 2063 3255">
    <p class='ocr_par' dir='ltr' id='par_1_46' title="bbox 464 3176 2063 3255">
     <span class='ocr_line' id='line_1_46' title="bbox 464 3176 2063 3255; baseline -0.005 -16"><span class='ocrx_word' id='word_1_358' title='bbox 464 3187 683 3240; x_wconf 70' lang='lat' dir='ltr'><strong><em>onittere</em></strong></span> <span class='ocrx_word' id='word_1_359' title='bbox 703 3187 768 3240; x_wconf 79' lang='lat' dir='ltr'><strong><em>in</em></strong></span> <span class='ocrx_word' id='word_1_360' title='bbox 812 3193 1029 3250; x_wconf 89' lang='lat' dir='ltr'><strong><em>terram,</em></strong></span> <span class='ocrx_word' id='word_1_361' title='bbox 1053 3194 1102 3239; x_wconf 93' lang='lat' dir='ltr'><strong><em>et</em></strong></span> <span class='ocrx_word' id='word_1_362' title='bbox 1133 3183 1259 3255; x_wconf 85' lang='lat' dir='ltr'><strong><em>quid</em></strong></span> <span class='ocrx_word' id='word_1_363' title='bbox 1300 3181 1434 3248; x_wconf 88' lang='lat' dir='ltr'><strong><em>volo,</em></strong></span> <span class='ocrx_word' id='word_1_364' title='bbox 1461 3182 1566 3236; x_wconf 86' lang='lat' dir='ltr'><strong><em>nisi</em></strong></span> <span class='ocrx_word' id='word_1_365' title='bbox 1617 3191 1675 3234; x_wconf 91' lang='lat' dir='ltr'><strong><em>ut</em></strong></span> <span class='ocrx_word' id='word_1_366' title='bbox 1703 3179 1888 3234; x_wconf 85' lang='lat' dir='ltr'><strong><em>ardeat</em></strong></span> <span class='ocrx_word' id='word_1_367' title='bbox 1909 3176 2063 3250; x_wconf 84' lang='lat' dir='ltr'><strong><em>(Luc.</em></strong></span> 
     </span>
    </p>
   </div>
   <div class='ocr_carea' id='block_1_47' title="bbox 473 3248 2138 3352">
    <p class='ocr_par' dir='ltr' id='par_1_47' title="bbox 473 3248 2138 3352">
     <span class='ocr_line' id='line_1_47' title="bbox 473 3248 2138 3352; baseline -0.008 -15"><span class='ocrx_word' id='word_1_368' title='bbox 473 3281 604 3352; x_wconf 76' lang='lat' dir='ltr'><strong><em>xu),</em></strong></span> <span class='ocrx_word' id='word_1_369' title='bbox 641 3281 707 3337; x_wconf 89' lang='lat' dir='ltr'><strong><em>de</em></strong></span> <span class='ocrx_word' id='word_1_370' title='bbox 737 3281 868 3336; x_wconf 88' lang='lat' dir='ltr'><strong><em>illo:</em></strong></span> <span class='ocrx_word' id='word_1_371' title='bbox 900 3279 1036 3333; x_wconf 84' lang='lat' dir='ltr'><strong><em>Ecce</em></strong></span> <span class='ocrx_word' id='word_1_372' title='bbox 1081 3294 1169 3333; x_wconf 88' lang='lat' dir='ltr'><strong><em>vos</em></strong></span> <span class='ocrx_word' id='word_1_373' title='bbox 1207 3293 1382 3332; x_wconf 88' lang='lat' dir='ltr'><strong><em>omnes</em></strong></span> <span class='ocrx_word' id='word_1_374' title='bbox 1405 3273 1743 3329; x_wconf 85' lang='lat' dir='ltr'><strong><em>accendentes</em></strong></span> <span class='ocrx_word' id='word_1_375' title='bbox 1775 3272 1968 3343; x_wconf 87' lang='lat' dir='ltr'><strong><em>ignem,</em></strong></span> <span class='ocrx_word' id='word_1_376' title='bbox 2000 3286 2063 3325; x_wconf 90' lang='lat' dir='ltr'><strong><em>ac</em></strong></span> <span class='ocrx_word' id='word_1_377' title='bbox 2093 3248 2138 3312; x_wconf 83' lang='lat' dir='ltr'><strong><em>C</em></strong></span> 
     </span>
    </p>
   </div>
   <div class='ocr_carea' id='block_1_48' title="bbox 464 3365 2065 3446">
    <p class='ocr_par' dir='ltr' id='par_1_48' title="bbox 464 3365 2065 3446">
     <span class='ocr_line' id='line_1_48' title="bbox 464 3365 2065 3446; baseline -0.008 -16"><span class='ocrx_word' id='word_1_378' title='bbox 464 3376 632 3431; x_wconf 65' lang='lat' dir='ltr'><strong><em>cincti</em></strong></span> <span class='ocrx_word' id='word_1_379' title='bbox 646 3375 878 3446; x_wconf 65' lang='lat' dir='ltr'><strong><em>ﬂammis</em></strong></span> <span class='ocrx_word' id='word_1_380' title='bbox 900 3372 1166 3428; x_wconf 88' lang='lat' dir='ltr'><strong><em>ambulate</em></strong></span> <span class='ocrx_word' id='word_1_381' title='bbox 1187 3372 1244 3425; x_wconf 89' lang='lat' dir='ltr'><strong><em>in</em></strong></span> <span class='ocrx_word' id='word_1_382' title='bbox 1267 3369 1464 3424; x_wconf 87' lang='lat' dir='ltr'><strong><em>lumine</em></strong></span> <span class='ocrx_word' id='word_1_383' title='bbox 1480 3367 1617 3440; x_wconf 87' lang='lat' dir='ltr'><strong><em>ignis</em></strong></span> <span class='ocrx_word' id='word_1_384' title='bbox 1645 3366 1816 3433; x_wconf 88' lang='lat' dir='ltr'><strong><em>vestri,</em></strong></span> <span class='ocrx_word' id='word_1_385' title='bbox 1841 3374 1890 3420; x_wconf 92' lang='lat' dir='ltr'><strong><em>et</em></strong></span> <span class='ocrx_word' id='word_1_386' title='bbox 1909 3365 2065 3434; x_wconf 84' lang='lat' dir='ltr'><strong><em>flam-</em></strong></span> 
     </span>
    </p>
   </div>
   <div class='ocr_carea' id='block_1_49' title="bbox 461 3456 2064 3538">
    <p class='ocr_par' dir='ltr' id='par_1_49' title="bbox 461 3456 2064 3538">
     <span class='ocr_line' id='line_1_49' title="bbox 461 3456 2064 3538; baseline -0.006 -17"><span class='ocrx_word' id='word_1_387' title='bbox 461 3483 681 3521; x_wconf 77' lang='lat' dir='ltr'><strong><em>enarum</em></strong></span> <span class='ocrx_word' id='word_1_388' title='bbox 737 3483 868 3538; x_wconf 87' lang='lat' dir='ltr'><strong><em>quas</em></strong></span> <span class='ocrx_word' id='word_1_389' title='bbox 917 3465 1294 3529; x_wconf 83' lang='lat' dir='ltr'><strong><em>succendistis;</em></strong></span> <span class='ocrx_word' id='word_1_390' title='bbox 1339 3463 1440 3519; x_wconf 89' lang='lat' dir='ltr'><strong><em>iste</em></strong></span> <span class='ocrx_word' id='word_1_391' title='bbox 1485 3475 1650 3531; x_wconf 89' lang='lat' dir='ltr'><strong><em>super</em></strong></span> <span class='ocrx_word' id='word_1_392' title='bbox 1691 3459 1975 3514; x_wconf 89' lang='lat' dir='ltr'><strong><em>credentes</em></strong></span> <span class='ocrx_word' id='word_1_393' title='bbox 2006 3456 2064 3511; x_wconf 92' lang='lat' dir='ltr'><strong><em>in</em></strong></span> 
     </span>
    </p>
   </div>
   <div class='ocr_carea' id='block_1_50' title="bbox 460 3549 2064 3622">
    <p class='ocr_par' dir='ltr' id='par_1_50' title="bbox 460 3549 2064 3622">
     <span class='ocr_line' id='line_1_50' title="bbox 460 3549 2064 3622; baseline -0.002 -13"><span class='ocrx_word' id='word_1_394' title='bbox 460 3557 752 3612; x_wconf 67' lang='lat' dir='ltr'><strong><em>menacqu</em></strong></span> <span class='ocrx_word' id='word_1_395' title='bbox 797 3556 926 3611; x_wconf 89' lang='lat' dir='ltr'><strong><em>Sion</em></strong></span> <span class='ocrx_word' id='word_1_396' title='bbox 971 3557 1040 3612; x_wconf 90' lang='lat' dir='ltr'><strong><em>de</em></strong></span> <span class='ocrx_word' id='word_1_397' title='bbox 1087 3555 1226 3611; x_wconf 75' lang='lat' dir='ltr'><strong><em>cmlo</em></strong></span> <span class='ocrx_word' id='word_1_398' title='bbox 1253 3555 1584 3611; x_wconf 82' lang='lat' dir='ltr'><strong><em>descendens</em></strong></span> <span class='ocrx_word' id='word_1_399' title='bbox 1644 3551 1814 3607; x_wconf 90' lang='lat' dir='ltr'><strong><em>variis</em></strong></span> <span class='ocrx_word' id='word_1_400' title='bbox 1863 3549 2064 3622; x_wconf 76' lang='lat' dir='ltr'><strong><em>linguis</em></strong></span> 
     </span>
    </p>
   </div>
   <div class='ocr_carea' id='block_1_51' title="bbox 459 3640 2063 3714">
    <p class='ocr_par' dir='ltr' id='par_1_51' title="bbox 459 3640 2063 3714">
     <span class='ocr_line' id='line_1_51' title="bbox 459 3640 2063 3714; baseline -0.004 -13"><span class='ocrx_word' id='word_1_401' title='bbox 459 3651 642 3704; x_wconf 68' lang='lat' dir='ltr'><strong><em>:Deum</em></strong></span> <span class='ocrx_word' id='word_1_402' title='bbox 673 3649 895 3703; x_wconf 88' lang='lat' dir='ltr'><strong><em>laudare</em></strong></span> <span class='ocrx_word' id='word_1_403' title='bbox 927 3647 1132 3714; x_wconf 91' lang='lat' dir='ltr'><strong><em>docuit,</em></strong></span> <span class='ocrx_word' id='word_1_404' title='bbox 1167 3648 1255 3703; x_wconf 90' lang='lat' dir='ltr'><strong><em>ille</em></strong></span> <span class='ocrx_word' id='word_1_405' title='bbox 1282 3657 1510 3703; x_wconf 64' lang='lat' dir='ltr'><strong><em>terrenae</em></strong></span> <span class='ocrx_word' id='word_1_406' title='bbox 1563 3644 1805 3700; x_wconf 70' lang='lat' dir='ltr'><strong><em>materiae</em></strong></span> <span class='ocrx_word' id='word_1_407' title='bbox 1841 3640 2063 3711; x_wconf 68' lang='lat' dir='ltr'><strong><em>Caiphae</em></strong></span> 
     </span>
    </p>
   </div>
   <div class='ocr_carea' id='block_1_52' title="bbox 460 3737 2062 3814">
    <p class='ocr_par' dir='ltr' id='par_1_52' title="bbox 460 3737 2062 3814">
     <span class='ocr_line' id='line_1_52' title="bbox 460 3737 2062 3814; baseline -0.002 -22"><span class='ocrx_word' id='word_1_408' title='bbox 460 3743 626 3798; x_wconf 83' lang='lat' dir='ltr'><strong><em>.focus</em></strong></span> <span class='ocrx_word' id='word_1_409' title='bbox 656 3742 709 3796; x_wconf 93' lang='lat' dir='ltr'><strong><em>in</em></strong></span> <span class='ocrx_word' id='word_1_410' title='bbox 735 3740 875 3795; x_wconf 88' lang='lat' dir='ltr'><strong><em>atrio</em></strong></span> <span class='ocrx_word' id='word_1_411' title='bbox 906 3740 1137 3797; x_wconf 87' lang='lat' dir='ltr'><strong><em>ﬂammis</em></strong></span> <span class='ocrx_word' id='word_1_412' title='bbox 1166 3739 1396 3814; x_wconf 89' lang='lat' dir='ltr'><strong><em>negandi</em></strong></span> <span class='ocrx_word' id='word_1_413' title='bbox 1439 3742 1607 3796; x_wconf 91' lang='lat' dir='ltr'><strong><em>Deum</em></strong></span> <span class='ocrx_word' id='word_1_414' title='bbox 1639 3737 1827 3793; x_wconf 86' lang='lat' dir='ltr'><strong><em>turbas</em></strong></span> <span class='ocrx_word' id='word_1_415' title='bbox 1867 3749 2062 3791; x_wconf 89' lang='lat' dir='ltr'><strong><em>accen—</em></strong></span> 
     </span>
    </p>
   </div>
   <div class='ocr_carea' id='block_1_53' title="bbox 458 3833 2060 3906">
    <p class='ocr_par' dir='ltr' id='par_1_53' title="bbox 458 3833 2060 3906">
     <span class='ocr_line' id='line_1_53' title="bbox 458 3833 2060 3906; baseline -0.003 -17"><span class='ocrx_word' id='word_1_416' title='bbox 458 3834 569 3900; x_wconf 74' lang='lat' dir='ltr'><strong><em>-d&#39;.&#39;t,</em></strong></span> <span class='ocrx_word' id='word_1_417' title='bbox 596 3849 722 3888; x_wconf 90' lang='lat' dir='ltr'><strong><em>nam</em></strong></span> <span class='ocrx_word' id='word_1_418' title='bbox 750 3835 818 3888; x_wconf 87' lang='lat' dir='ltr'><strong><em>ab</em></strong></span> <span class='ocrx_word' id='word_1_419' title='bbox 846 3835 1042 3890; x_wconf 92' lang='lat' dir='ltr'><strong><em>horum</em></strong></span> <span class='ocrx_word' id='word_1_420' title='bbox 1079 3833 1351 3906; x_wconf 88' lang='lat' dir='ltr'><strong><em>apostolus</em></strong></span> <span class='ocrx_word' id='word_1_421' title='bbox 1397 3833 1592 3888; x_wconf 87' lang='lat' dir='ltr'><strong><em>Petrus</em></strong></span> <span class='ocrx_word' id='word_1_422' title='bbox 1645 3835 2060 3902; x_wconf 89' lang='lat' dir='ltr'><strong><em>persecutorum</em></strong></span> 
     </span>
    </p>
   </div>
   <div class='ocr_carea' id='block_1_54' title="bbox 465 3919 2059 3998">
    <p class='ocr_par' dir='ltr' id='par_1_54' title="bbox 465 3919 2059 3998">
     <span class='ocr_line' id='line_1_54' title="bbox 465 3919 2059 3998; baseline -0.003 -19"><span class='ocrx_word' id='word_1_423' title='bbox 465 3926 660 3996; x_wconf 80' lang='lat' dir='ltr'><strong><em>prunis</em></strong></span> <span class='ocrx_word' id='word_1_424' title='bbox 684 3925 923 3984; x_wconf 86' lang='lat' dir='ltr'><strong><em>caleﬁeri</em></strong></span> <span class='ocrx_word' id='word_1_425' title='bbox 975 3927 1243 3998; x_wconf 91' lang='lat' dir='ltr'><strong><em>cupiebat,</em></strong></span> <span class='ocrx_word' id='word_1_426' title='bbox 1275 3926 1402 3996; x_wconf 90' lang='lat' dir='ltr'><strong><em>quia</em></strong></span> <span class='ocrx_word' id='word_1_427' title='bbox 1428 3923 1746 3994; x_wconf 89' lang='lat' dir='ltr'><strong><em>temporalis</em></strong></span> <span class='ocrx_word' id='word_1_428' title='bbox 1787 3919 2059 3977; x_wconf 87' lang='lat' dir='ltr'><strong><em>commodi</em></strong></span> 
     </span>
    </p>
   </div>
   <div class='ocr_carea' id='block_1_55' title="bbox 460 4014 2060 4090">
    <p class='ocr_par' dir='ltr' id='par_1_55' title="bbox 460 4014 2060 4090">
     <span class='ocr_line' id='line_1_55' title="bbox 460 4014 2060 4090; baseline -0.004 -15"><span class='ocrx_word' id='word_1_429' title='bbox 460 4019 724 4075; x_wconf 71' lang='lat' dir='ltr'><strong><em>solatium</em></strong></span> <span class='ocrx_word' id='word_1_430' title='bbox 776 4019 1106 4090; x_wconf 81' lang='lat' dir='ltr'><strong><em>perfidorum</em></strong></span> <span class='ocrx_word' id='word_1_431' title='bbox 1153 4021 1414 4076; x_wconf 88' lang='lat' dir='ltr'><strong><em>societate</em></strong></span> <span class='ocrx_word' id='word_1_432' title='bbox 1443 4016 1762 4088; x_wconf 82' lang='lat' dir='ltr'><strong><em>quaerebat,</em></strong></span> <span class='ocrx_word' id='word_1_433' title='bbox 1816 4014 1910 4070; x_wconf 89' lang='lat' dir='ltr'><strong><em>sed</em></strong></span> <span class='ocrx_word' id='word_1_434' title='bbox 1949 4028 2060 4069; x_wconf 90' lang='lat' dir='ltr'><strong><em>non</em></strong></span> 
     </span>
    </p>
   </div>
   <div class='ocr_carea' id='block_1_56' title="bbox 465 4111 2060 4186">
    <p class='ocr_par' dir='ltr' id='par_1_56' title="bbox 465 4111 2060 4186">
     <span class='ocr_line' id='line_1_56' title="bbox 465 4111 2060 4186; baseline -0.006 -17"><span class='ocrx_word' id='word_1_435' title='bbox 465 4128 643 4180; x_wconf 88' lang='lat' dir='ltr'><strong><em>mora,</em></strong></span> <span class='ocrx_word' id='word_1_436' title='bbox 674 4124 1000 4186; x_wconf 88' lang='lat' dir='ltr'><strong><em>respectusa</em></strong></span> <span class='ocrx_word' id='word_1_437' title='bbox 1026 4114 1272 4179; x_wconf 90' lang='lat' dir='ltr'><strong><em>Domino,</em></strong></span> <span class='ocrx_word' id='word_1_438' title='bbox 1303 4127 1428 4168; x_wconf 93' lang='lat' dir='ltr'><strong><em>cum</em></strong></span> <span class='ocrx_word' id='word_1_439' title='bbox 1474 4111 1656 4181; x_wconf 89' lang='lat' dir='ltr'><strong><em>ignem</em></strong></span> <span class='ocrx_word' id='word_1_440' title='bbox 1701 4121 1893 4165; x_wconf 92' lang='lat' dir='ltr'><strong><em>eorum</em></strong></span> <span class='ocrx_word' id='word_1_441' title='bbox 1935 4119 2060 4162; x_wconf 88' lang='lat' dir='ltr'><strong><em>cor-</em></strong></span> 
     </span>
    </p>
   </div>
   <div class='ocr_carea' id='block_1_57' title="bbox 466 4201 1736 4276">
    <p class='ocr_par' dir='ltr' id='par_1_57' title="bbox 466 4201 1736 4276">
     <span class='ocr_line' id='line_1_57' title="bbox 466 4201 1736 4276; baseline -0.006 -14"><span class='ocrx_word' id='word_1_442' title='bbox 466 4221 618 4276; x_wconf 87' lang='lat' dir='ltr'><strong><em>pore,</em></strong></span> <span class='ocrx_word' id='word_1_443' title='bbox 647 4215 780 4264; x_wconf 89' lang='lat' dir='ltr'><strong><em>tunc</em></strong></span> <span class='ocrx_word' id='word_1_444' title='bbox 825 4215 878 4265; x_wconf 91' lang='lat' dir='ltr'><strong><em>et</em></strong></span> <span class='ocrx_word' id='word_1_445' title='bbox 899 4206 1270 4263; x_wconf 81' lang='lat' dir='ltr'><strong><em>infidelitatem</em></strong></span> <span class='ocrx_word' id='word_1_446' title='bbox 1300 4203 1465 4260; x_wconf 90' lang='lat' dir='ltr'><strong><em>corde</em></strong></span> <span class='ocrx_word' id='word_1_447' title='bbox 1499 4201 1736 4271; x_wconf 89' lang='lat' dir='ltr'><strong><em>reliquit.</em></strong></span> 
     </span>
    </p>
   </div>
   <div class='ocr_carea' id='block_1_58' title="bbox 542 4293 2059 4367">
    <p class='ocr_par' dir='ltr' id='par_1_58' title="bbox 542 4293 2059 4367">
     <span class='ocr_line' id='line_1_58' title="bbox 542 4293 2059 4367; baseline -0.004 -14"><span class='ocrx_word' id='word_1_448' title='bbox 542 4299 834 4354; x_wconf 78' lang='lat' dir='ltr'><strong><em>Novissime</em></strong></span> <span class='ocrx_word' id='word_1_449' title='bbox 883 4309 1075 4364; x_wconf 89' lang='lat' dir='ltr'><strong><em>autem,</em></strong></span> <span class='ocrx_word' id='word_1_450' title='bbox 1107 4307 1358 4354; x_wconf 88' lang='lat' dir='ltr'><strong><em>venerunt</em></strong></span> <span class='ocrx_word' id='word_1_451' title='bbox 1397 4295 1504 4351; x_wconf 87' lang='lat' dir='ltr'><strong><em>duo</em></strong></span> <span class='ocrx_word' id='word_1_452' title='bbox 1555 4294 1679 4367; x_wconf 90' lang='lat' dir='ltr'><strong><em>falsi</em></strong></span> <span class='ocrx_word' id='word_1_453' title='bbox 1703 4303 1855 4350; x_wconf 89' lang='lat' dir='ltr'><strong><em>testes</em></strong></span> <span class='ocrx_word' id='word_1_454' title='bbox 1894 4301 1943 4349; x_wconf 91' lang='lat' dir='ltr'><strong><em>et</em></strong></span> <span class='ocrx_word' id='word_1_455' title='bbox 1975 4293 2059 4347; x_wconf 91' lang='lat' dir='ltr'><strong><em>di-</em></strong></span> 
     </span>
    </p>
   </div>
   <div class='ocr_carea' id='block_1_59' title="bbox 455 4385 2056 4462">
    <p class='ocr_par' dir='ltr' id='par_1_59' title="bbox 455 4385 2056 4462">
     <span class='ocr_line' id='line_1_59' title="bbox 455 4385 2056 4462; baseline -0.006 -14"><span class='ocrx_word' id='word_1_456' title='bbox 455 4402 690 4448; x_wconf 73' lang='lat' dir='ltr'><strong><em>sserunt:</em></strong></span> <span class='ocrx_word' id='word_1_457' title='bbox 719 4391 823 4446; x_wconf 87' lang='lat' dir='ltr'><strong><em>Hic</em></strong></span> <span class='ocrx_word' id='word_1_458' title='bbox 852 4391 1006 4457; x_wconf 75' lang='lat' dir='ltr'><strong><em>dixit,</em></strong></span> <span class='ocrx_word' id='word_1_459' title='bbox 1040 4407 1250 4462; x_wconf 89' lang='lat' dir='ltr'><strong><em>possum</em></strong></span> <span class='ocrx_word' id='word_1_460' title='bbox 1289 4391 1555 4444; x_wconf 88' lang='lat' dir='ltr'><strong><em>destruere</em></strong></span> <span class='ocrx_word' id='word_1_461' title='bbox 1588 4387 1837 4458; x_wconf 89' lang='lat' dir='ltr'><strong><em>templum</em></strong></span> <span class='ocrx_word' id='word_1_462' title='bbox 1867 4385 1985 4451; x_wconf 91' lang='lat' dir='ltr'><strong><em>Dei,</em></strong></span> <span class='ocrx_word' id='word_1_463' title='bbox 2007 4393 2056 4439; x_wconf 89' lang='lat' dir='ltr'><strong><em>et</em></strong></span> 
     </span>
    </p>
   </div>
   <div class='ocr_carea' id='block_1_60' title="bbox 456 4476 2057 4556">
    <p class='ocr_par' dir='ltr' id='par_1_60' title="bbox 456 4476 2057 4556">
     <span class='ocr_line' id='line_1_60' title="bbox 456 4476 2057 4556; baseline -0.004 -18"><span class='ocrx_word' id='word_1_464' title='bbox 456 4494 580 4556; x_wconf 66' lang='lat' dir='ltr'><strong><em>post</em></strong></span> <span class='ocrx_word' id='word_1_465' title='bbox 609 4485 841 4538; x_wconf 87' lang='lat' dir='ltr'><strong><em>triduum</em></strong></span> <span class='ocrx_word' id='word_1_466' title='bbox 868 4482 1191 4551; x_wconf 74' lang='lat' dir='ltr'><strong><em>rewdificare</em></strong></span> <span class='ocrx_word' id='word_1_467' title='bbox 1222 4479 1376 4534; x_wconf 92' lang='lat' dir='ltr'><strong><em>illud.</em></strong></span> <span class='ocrx_word' id='word_1_468' title='bbox 1409 4479 1692 4545; x_wconf 85' lang='lat' dir='ltr'><strong><em>Quomodo</em></strong></span> <span class='ocrx_word' id='word_1_469' title='bbox 1741 4476 1864 4532; x_wconf 83' lang='lat' dir='ltr'><strong><em>falsi</em></strong></span> <span class='ocrx_word' id='word_1_470' title='bbox 1892 4485 2057 4532; x_wconf 87' lang='lat' dir='ltr'><strong><em>testes</em></strong></span> 
     </span>
    </p>
   </div>
   <div class='ocr_carea' id='block_1_61' title="bbox 2176 1990 3776 2064">
    <p class='ocr_par' dir='ltr' id='par_1_61' title="bbox 2176 1990 3776 2064">
     <span class='ocr_line' id='line_1_61' title="bbox 2176 1990 3776 2064; baseline 0.004 -18"><span class='ocrx_word' id='word_1_471' title='bbox 2176 1991 2302 2046; x_wconf 89' lang='lat' dir='ltr'><strong><em>nica</em></strong></span> <span class='ocrx_word' id='word_1_472' title='bbox 2333 1990 2548 2047; x_wconf 90' lang='lat' dir='ltr'><strong><em>Domini</em></strong></span> <span class='ocrx_word' id='word_1_473' title='bbox 2578 2006 2678 2048; x_wconf 92' lang='lat' dir='ltr'><strong><em>nec</em></strong></span> <span class='ocrx_word' id='word_1_474' title='bbox 2703 1991 2771 2048; x_wconf 88' lang='lat' dir='ltr'><strong><em>ab</em></strong></span> <span class='ocrx_word' id='word_1_475' title='bbox 2796 1991 2948 2064; x_wconf 90' lang='lat' dir='ltr'><strong><em>ipsis,</em></strong></span> <span class='ocrx_word' id='word_1_476' title='bbox 2974 1993 3066 2063; x_wconf 90' lang='lat' dir='ltr'><strong><em>qui</em></strong></span> <span class='ocrx_word' id='word_1_477' title='bbox 3088 2008 3216 2050; x_wconf 91' lang='lat' dir='ltr'><strong><em>eum</em></strong></span> <span class='ocrx_word' id='word_1_478' title='bbox 3239 1994 3559 2052; x_wconf 85' lang='lat' dir='ltr'><strong><em>cruciﬁxere</em></strong></span> <span class='ocrx_word' id='word_1_479' title='bbox 3584 1997 3776 2052; x_wconf 89' lang='lat' dir='ltr'><strong><em>militi-</em></strong></span> 
     </span>
    </p>
   </div>
   <div class='ocr_carea' id='block_1_62' title="bbox 2175 2084 3775 2158">
    <p class='ocr_par' dir='ltr' id='par_1_62' title="bbox 2175 2084 3775 2158">
     <span class='ocr_line' id='line_1_62' title="bbox 2175 2084 3775 2158; baseline 0.003 -17"><span class='ocrx_word' id='word_1_480' title='bbox 2175 2085 2278 2142; x_wconf 88' lang='lat' dir='ltr'><strong><em>bus</em></strong></span> <span class='ocrx_word' id='word_1_481' title='bbox 2301 2084 2473 2141; x_wconf 90' lang='lat' dir='ltr'><strong><em>scindi</em></strong></span> <span class='ocrx_word' id='word_1_482' title='bbox 2501 2085 2759 2154; x_wconf 91' lang='lat' dir='ltr'><strong><em>potuerit.</em></strong></span> <span class='ocrx_word' id='word_1_483' title='bbox 2807 2084 3172 2157; x_wconf 85' lang='lat' dir='ltr'><strong><em>Figurabatur</em></strong></span> <span class='ocrx_word' id='word_1_484' title='bbox 3199 2086 3367 2154; x_wconf 90' lang='lat' dir='ltr'><strong><em>enim,</em></strong></span> <span class='ocrx_word' id='word_1_485' title='bbox 3401 2089 3548 2158; x_wconf 85' lang='lat' dir='ltr'><strong><em>quod</em></strong></span> <span class='ocrx_word' id='word_1_486' title='bbox 3593 2104 3775 2145; x_wconf 88' lang='lat' dir='ltr'><strong><em>sacer-</em></strong></span> 
     </span>
    </p>
   </div>
   <div class='ocr_carea' id='block_1_63' title="bbox 2176 2175 3771 2251">
    <p class='ocr_par' dir='ltr' id='par_1_63' title="bbox 2176 2175 3771 2251">
     <span class='ocr_line' id='line_1_63' title="bbox 2176 2175 3771 2251; baseline 0.001 -17"><span class='ocrx_word' id='word_1_487' title='bbox 2176 2177 2382 2234; x_wconf 89' lang='lat' dir='ltr'><strong><em>dotium</em></strong></span> <span class='ocrx_word' id='word_1_488' title='bbox 2407 2175 2718 2234; x_wconf 76' lang='lat' dir='ltr'><strong><em>Judzeorum</em></strong></span> <span class='ocrx_word' id='word_1_489' title='bbox 2738 2193 2838 2250; x_wconf 91' lang='lat' dir='ltr'><strong><em>pro</em></strong></span> <span class='ocrx_word' id='word_1_490' title='bbox 2862 2176 3160 2234; x_wconf 86' lang='lat' dir='ltr'><strong><em>sceleribus</em></strong></span> <span class='ocrx_word' id='word_1_491' title='bbox 3179 2178 3422 2250; x_wconf 90' lang='lat' dir='ltr'><strong><em>ipsorum</em></strong></span> <span class='ocrx_word' id='word_1_492' title='bbox 3443 2181 3771 2251; x_wconf 84' lang='lat' dir='ltr'><strong><em>pontificum</em></strong></span> 
     </span>
    </p>
   </div>
   <div class='ocr_carea' id='block_1_64' title="bbox 2175 2267 3774 2332">
    <p class='ocr_par' dir='ltr' id='par_1_64' title="bbox 2175 2267 3774 2332">
     <span class='ocr_line' id='line_1_64' title="bbox 2175 2267 3774 2332; baseline 0.003 -8"><span class='ocrx_word' id='word_1_493' title='bbox 2175 2278 2321 2326; x_wconf 87' lang='lat' dir='ltr'><strong><em>esset</em></strong></span> <span class='ocrx_word' id='word_1_494' title='bbox 2367 2267 2740 2326; x_wconf 90' lang='lat' dir='ltr'><strong><em>scindendum.</em></strong></span> <span class='ocrx_word' id='word_1_495' title='bbox 2798 2268 3068 2332; x_wconf 84' lang='lat' dir='ltr'><strong><em>Soliditas</em></strong></span> <span class='ocrx_word' id='word_1_496' title='bbox 3087 2284 3218 2326; x_wconf 89' lang='lat' dir='ltr'><strong><em>vero</em></strong></span> <span class='ocrx_word' id='word_1_497' title='bbox 3265 2278 3465 2326; x_wconf 70' lang='lat' dir='ltr'><strong><em>sancta:</em></strong></span> <span class='ocrx_word' id='word_1_498' title='bbox 3489 2271 3774 2328; x_wconf 83' lang='lat' dir='ltr'><strong><em>universa-</em></strong></span> 
     </span>
    </p>
   </div>
   <div class='ocr_carea' id='block_1_65' title="bbox 2174 2360 3771 2433">
    <p class='ocr_par' dir='ltr' id='par_1_65' title="bbox 2174 2360 3771 2433">
     <span class='ocr_line' id='line_1_65' title="bbox 2174 2360 3771 2433; baseline 0.001 -18"><span class='ocrx_word' id='word_1_499' title='bbox 2174 2360 2242 2416; x_wconf 88' lang='lat' dir='ltr'><strong><em>lis</em></strong></span> <span class='ocrx_word' id='word_1_500' title='bbox 2267 2360 2544 2426; x_wconf 71' lang='lat' dir='ltr'><strong><em>Ecclesiae,</em></strong></span> <span class='ocrx_word' id='word_1_501' title='bbox 2573 2375 2695 2431; x_wconf 59' lang='lat' dir='ltr'><strong><em>quas</em></strong></span> <span class='ocrx_word' id='word_1_502' title='bbox 2716 2361 2884 2417; x_wconf 85' lang='lat' dir='ltr'><strong><em>vestis</em></strong></span> <span class='ocrx_word' id='word_1_503' title='bbox 2917 2361 3003 2417; x_wconf 93' lang='lat' dir='ltr'><strong><em>sui</em></strong></span> <span class='ocrx_word' id='word_1_504' title='bbox 3035 2361 3394 2432; x_wconf 87' lang='lat' dir='ltr'><strong><em>redemptoris</em></strong></span> <span class='ocrx_word' id='word_1_505' title='bbox 3422 2361 3557 2418; x_wconf 89' lang='lat' dir='ltr'><strong><em>solet</em></strong></span> <span class='ocrx_word' id='word_1_506' title='bbox 3577 2362 3771 2433; x_wconf 81' lang='lat' dir='ltr'><strong><em>appel-</em></strong></span> 
     </span>
    </p>
   </div>
   <div class='ocr_carea' id='block_1_66' title="bbox 2172 2451 3764 2524">
    <p class='ocr_par' dir='ltr' id='par_1_66' title="bbox 2172 2451 3764 2524">
     <span class='ocr_line' id='line_1_66' title="bbox 2172 2451 3764 2524; baseline 0.001 -18"><span class='ocrx_word' id='word_1_507' title='bbox 2172 2451 2308 2518; x_wconf 91' lang='lat' dir='ltr'><strong><em>lari,</em></strong></span> <span class='ocrx_word' id='word_1_508' title='bbox 2343 2467 2619 2524; x_wconf 87' lang='lat' dir='ltr'><strong><em>nunquam</em></strong></span> <span class='ocrx_word' id='word_1_509' title='bbox 2651 2451 2829 2508; x_wconf 87' lang='lat' dir='ltr'><strong><em>valeat</em></strong></span> <span class='ocrx_word' id='word_1_510' title='bbox 2849 2451 3132 2524; x_wconf 85' lang='lat' dir='ltr'><strong><em>disrumpi,</em></strong></span> <span class='ocrx_word' id='word_1_511' title='bbox 3156 2453 3286 2524; x_wconf 92' lang='lat' dir='ltr'><strong><em>quin</em></strong></span> <span class='ocrx_word' id='word_1_512' title='bbox 3313 2453 3493 2524; x_wconf 89' lang='lat' dir='ltr'><strong><em>potius</em></strong></span> <span class='ocrx_word' id='word_1_513' title='bbox 3512 2461 3568 2508; x_wconf 87' lang='lat' dir='ltr'><strong><em>et</em></strong></span> <span class='ocrx_word' id='word_1_514' title='bbox 3595 2453 3641 2508; x_wconf 91' lang='lat' dir='ltr'><strong><em>si</em></strong></span> <span class='ocrx_word' id='word_1_515' title='bbox 3664 2452 3764 2508; x_wconf 83' lang='lat' dir='ltr'><strong><em>Ju-</em></strong></span> 
     </span>
    </p>
   </div>
   <div class='ocr_carea' id='block_1_67' title="bbox 2173 2543 3768 2615">
    <p class='ocr_par' dir='ltr' id='par_1_67' title="bbox 2173 2543 3768 2615">
     <span class='ocr_line' id='line_1_67' title="bbox 2173 2543 3768 2615; baseline 0.003 -17"><span class='ocrx_word' id='word_1_516' title='bbox 2173 2543 2274 2598; x_wconf 70' lang='lat' dir='ltr'><strong><em>daei</em></strong></span> <span class='ocrx_word' id='word_1_517' title='bbox 2302 2543 2348 2598; x_wconf 89' lang='lat' dir='ltr'><strong><em>si</em></strong></span> <span class='ocrx_word' id='word_1_518' title='bbox 2369 2543 2622 2615; x_wconf 87' lang='lat' dir='ltr'><strong><em>gentiles,</em></strong></span> <span class='ocrx_word' id='word_1_519' title='bbox 2646 2543 2691 2598; x_wconf 91' lang='lat' dir='ltr'><strong><em>si</em></strong></span> <span class='ocrx_word' id='word_1_520' title='bbox 2717 2544 2980 2612; x_wconf 65' lang='lat' dir='ltr'><strong><em>haeretici,</em></strong></span> <span class='ocrx_word' id='word_1_521' title='bbox 3008 2546 3054 2601; x_wconf 91' lang='lat' dir='ltr'><strong><em>si</em></strong></span> <span class='ocrx_word' id='word_1_522' title='bbox 3090 2545 3215 2600; x_wconf 89' lang='lat' dir='ltr'><strong><em>mali</em></strong></span> <span class='ocrx_word' id='word_1_523' title='bbox 3245 2545 3521 2610; x_wconf 86' lang='lat' dir='ltr'><strong><em>catholici,</em></strong></span> <span class='ocrx_word' id='word_1_524' title='bbox 3548 2545 3768 2602; x_wconf 84' lang='lat' dir='ltr'><strong><em>humili-</em></strong></span> 
     </span>
    </p>
   </div>
   <div class='ocr_carea' id='block_1_68' title="bbox 2173 2635 3765 2714">
    <p class='ocr_par' dir='ltr' id='par_1_68' title="bbox 2173 2635 3765 2714">
     <span class='ocr_line' id='line_1_68' title="bbox 2173 2635 3765 2714; baseline 0.003 -23"><span class='ocrx_word' id='word_1_525' title='bbox 2173 2643 2342 2691; x_wconf 88' lang='lat' dir='ltr'><strong><em>tatem</em></strong></span> <span class='ocrx_word' id='word_1_526' title='bbox 2371 2635 2588 2714; x_wconf 77' lang='lat' dir='ltr'><strong><em>Domini</em></strong></span> <span class='ocrx_word' id='word_1_527' title='bbox 2609 2635 2896 2693; x_wconf 88' lang='lat' dir='ltr'><strong><em>salvatoris</em></strong></span> <span class='ocrx_word' id='word_1_528' title='bbox 2926 2644 3292 2702; x_wconf 88' lang='lat' dir='ltr'><strong><em>contemnant,</em></strong></span> <span class='ocrx_word' id='word_1_529' title='bbox 3324 2636 3441 2707; x_wconf 86' lang='lat' dir='ltr'><strong><em>ejus</em></strong></span> <span class='ocrx_word' id='word_1_530' title='bbox 3468 2646 3648 2695; x_wconf 86' lang='lat' dir='ltr'><strong><em>tamen</em></strong></span> <span class='ocrx_word' id='word_1_531' title='bbox 3673 2655 3765 2696; x_wconf 86' lang='lat' dir='ltr'><strong><em>us-</em></strong></span> 
     </span>
    </p>
   </div>
   <div class='ocr_carea' id='block_1_69' title="bbox 2172 2725 3761 2800">
    <p class='ocr_par' dir='ltr' id='par_1_69' title="bbox 2172 2725 3761 2800">
     <span class='ocr_line' id='line_1_69' title="bbox 2172 2725 3761 2800; baseline 0.003 -19"><span class='ocrx_word' id='word_1_532' title='bbox 2172 2741 2278 2797; x_wconf 91' lang='lat' dir='ltr'><strong><em>que</em></strong></span> <span class='ocrx_word' id='word_1_533' title='bbox 2304 2725 2373 2780; x_wconf 92' lang='lat' dir='ltr'><strong><em>ad</em></strong></span> <span class='ocrx_word' id='word_1_534' title='bbox 2402 2727 2925 2783; x_wconf 90' lang='lat' dir='ltr'><strong><em>consummationem</em></strong></span> <span class='ocrx_word' id='word_1_535' title='bbox 2962 2727 3143 2784; x_wconf 69' lang='lat' dir='ltr'><strong><em>saeculi</em></strong></span> <span class='ocrx_word' id='word_1_536' title='bbox 3171 2770 3187 2796; x_wconf 89' lang='lat'><strong><em>,</em></strong></span> <span class='ocrx_word' id='word_1_537' title='bbox 3237 2729 3294 2784; x_wconf 89' lang='lat' dir='ltr'><strong><em>in</em></strong></span> <span class='ocrx_word' id='word_1_538' title='bbox 3324 2728 3432 2785; x_wconf 91' lang='lat' dir='ltr'><strong><em>illis</em></strong></span> <span class='ocrx_word' id='word_1_539' title='bbox 3463 2744 3602 2800; x_wconf 90' lang='lat' dir='ltr'><strong><em>quos</em></strong></span> <span class='ocrx_word' id='word_1_540' title='bbox 3637 2745 3761 2786; x_wconf 80' lang='lat' dir='ltr'><strong><em>sors</em></strong></span> 
     </span>
    </p>
   </div>
   <div class='ocr_carea' id='block_1_70' title="bbox 2173 2817 3757 2890">
    <p class='ocr_par' dir='ltr' id='par_1_70' title="bbox 2173 2817 3757 2890">
     <span class='ocr_line' id='line_1_70' title="bbox 2173 2817 3757 2890; baseline 0.001 -18"><span class='ocrx_word' id='word_1_541' title='bbox 2173 2817 2453 2874; x_wconf 89' lang='lat' dir='ltr'><strong><em>electionis</em></strong></span> <span class='ocrx_word' id='word_1_542' title='bbox 2479 2819 2748 2879; x_wconf 86' lang='lat' dir='ltr'><strong><em>invenerit</em></strong></span> <span class='ocrx_word' id='word_1_543' title='bbox 2768 2819 3022 2875; x_wconf 89' lang='lat' dir='ltr'><strong><em>inviolata</em></strong></span> <span class='ocrx_word' id='word_1_544' title='bbox 3047 2820 3120 2877; x_wconf 90' lang='lat' dir='ltr'><strong><em>sit</em></strong></span> <span class='ocrx_word' id='word_1_545' title='bbox 3133 2835 3490 2890; x_wconf 88' lang='lat' dir='ltr'><strong><em>permansura</em></strong></span> <span class='ocrx_word' id='word_1_546' title='bbox 3510 2821 3757 2878; x_wconf 89' lang='lat' dir='ltr'><strong><em>castitas.</em></strong></span> 
     </span>
    </p>
   </div>
   <div class='ocr_carea' id='block_1_71' title="bbox 2253 2908 3762 2984">
    <p class='ocr_par' dir='ltr' id='par_1_71' title="bbox 2253 2908 3762 2984">
     <span class='ocr_line' id='line_1_71' title="bbox 2253 2908 3762 2984; baseline 0.004 -21"><span class='ocrx_word' id='word_1_547' title='bbox 2253 2908 2622 2966; x_wconf 85' lang='lat' dir='ltr'><strong><em>Verumtamen</em></strong></span> <span class='ocrx_word' id='word_1_548' title='bbox 2665 2912 2784 2967; x_wconf 86' lang='lat' dir='ltr'><strong><em>dico</em></strong></span> <span class='ocrx_word' id='word_1_549' title='bbox 2838 2911 3001 2980; x_wconf 88' lang='lat' dir='ltr'><strong><em>vobis,</em></strong></span> <span class='ocrx_word' id='word_1_550' title='bbox 3063 2913 3253 2968; x_wconf 89' lang='lat' dir='ltr'><strong><em>amodo</em></strong></span> <span class='ocrx_word' id='word_1_551' title='bbox 3315 2913 3550 2970; x_wconf 82' lang='lat' dir='ltr'><strong><em>videbitis</em></strong></span> <span class='ocrx_word' id='word_1_552' title='bbox 3589 2914 3762 2984; x_wconf 78' lang='lat' dir='ltr'><strong><em>ﬁlium</em></strong></span> 
     </span>
    </p>
   </div>
   <div class='ocr_carea' id='block_1_72' title="bbox 2171 3001 3762 3072">
    <p class='ocr_par' dir='ltr' id='par_1_72' title="bbox 2171 3001 3762 3072">
     <span class='ocr_line' id='line_1_72' title="bbox 2171 3001 3762 3072; baseline 0.001 -14"><span class='ocrx_word' id='word_1_553' title='bbox 2171 3002 2395 3058; x_wconf 76' lang='lat' dir='ltr'><strong><em>hominis</em></strong></span> <span class='ocrx_word' id='word_1_554' title='bbox 2420 3001 2682 3058; x_wconf 83' lang='lat' dir='ltr'><strong><em>sedentem</em></strong></span> <span class='ocrx_word' id='word_1_555' title='bbox 2709 3021 2744 3059; x_wconf 90' lang='lat' dir='ltr'><strong><em>a</em></strong></span> <span class='ocrx_word' id='word_1_556' title='bbox 2773 3004 2972 3060; x_wconf 68' lang='lat' dir='ltr'><strong><em>dextris</em></strong></span> <span class='ocrx_word' id='word_1_557' title='bbox 2997 3004 3202 3060; x_wconf 86' lang='lat' dir='ltr'><strong><em>virtutis</em></strong></span> <span class='ocrx_word' id='word_1_558' title='bbox 3230 3004 3354 3072; x_wconf 88' lang='lat' dir='ltr'><strong><em>Dei,</em></strong></span> <span class='ocrx_word' id='word_1_559' title='bbox 3394 3013 3444 3061; x_wconf 88' lang='lat' dir='ltr'><strong><em>et</em></strong></span> <span class='ocrx_word' id='word_1_560' title='bbox 3473 3006 3762 3060; x_wconf 87' lang='lat' dir='ltr'><strong><em>venientem</em></strong></span> 
     </span>
    </p>
   </div>
   <div class='ocr_carea' id='block_1_73' title="bbox 2171 3094 3762 3169">
    <p class='ocr_par' dir='ltr' id='par_1_73' title="bbox 2171 3094 3762 3169">
     <span class='ocr_line' id='line_1_73' title="bbox 2171 3094 3762 3169; baseline 0.001 -17"><span class='ocrx_word' id='word_1_561' title='bbox 2171 3096 2228 3152; x_wconf 90' lang='lat' dir='ltr'><strong><em>in</em></strong></span> <span class='ocrx_word' id='word_1_562' title='bbox 2255 3095 2499 3151; x_wconf 87' lang='lat' dir='ltr'><strong><em>nubibus.</em></strong></span> <span class='ocrx_word' id='word_1_563' title='bbox 2533 3094 2594 3152; x_wconf 90' lang='lat' dir='ltr'><strong><em>Si</em></strong></span> <span class='ocrx_word' id='word_1_564' title='bbox 2615 3111 2747 3169; x_wconf 90' lang='lat' dir='ltr'><strong><em>ergo</em></strong></span> <span class='ocrx_word' id='word_1_565' title='bbox 2773 3097 2871 3153; x_wconf 89' lang='lat' dir='ltr'><strong><em>tibi</em></strong></span> <span class='ocrx_word' id='word_1_566' title='bbox 2900 3098 2956 3154; x_wconf 91' lang='lat' dir='ltr'><strong><em>in</em></strong></span> <span class='ocrx_word' id='word_1_567' title='bbox 2981 3097 3219 3164; x_wconf 87' lang='lat' dir='ltr'><strong><em>Christo,</em></strong></span> <span class='ocrx_word' id='word_1_568' title='bbox 3250 3113 3285 3154; x_wconf 94' lang='lat' dir='ltr'><strong><em>o</em></strong></span> <span class='ocrx_word' id='word_1_569' title='bbox 3312 3097 3515 3164; x_wconf 71' lang='lat' dir='ltr'><strong><em>Judaae,</em></strong></span> <span class='ocrx_word' id='word_1_570' title='bbox 3552 3113 3762 3169; x_wconf 84' lang='lat' dir='ltr'><strong><em>pagane</em></strong></span> 
     </span>
    </p>
   </div>
   <div class='ocr_carea' id='block_1_74' title="bbox 2171 3186 3762 3259">
    <p class='ocr_par' dir='ltr' id='par_1_74' title="bbox 2171 3186 3762 3259">
     <span class='ocr_line' id='line_1_74' title="bbox 2171 3186 3762 3259; baseline 0 -17"><span class='ocrx_word' id='word_1_571' title='bbox 2171 3193 2226 3242; x_wconf 88' lang='lat' dir='ltr'><strong><em>et</em></strong></span> <span class='ocrx_word' id='word_1_572' title='bbox 2252 3186 2528 3254; x_wconf 67' lang='lat' dir='ltr'><strong><em>haeretice,</em></strong></span> <span class='ocrx_word' id='word_1_573' title='bbox 2558 3195 2924 3259; x_wconf 86' lang='lat' dir='ltr'><strong><em>contemptus,</em></strong></span> <span class='ocrx_word' id='word_1_574' title='bbox 2967 3187 3277 3253; x_wconf 81' lang='lat' dir='ltr'><strong><em>infirmitas,</em></strong></span> <span class='ocrx_word' id='word_1_575' title='bbox 3322 3195 3378 3243; x_wconf 90' lang='lat' dir='ltr'><strong><em>et</em></strong></span> <span class='ocrx_word' id='word_1_576' title='bbox 3405 3203 3539 3243; x_wconf 79' lang='lat' dir='ltr'><strong><em>crux</em></strong></span> <span class='ocrx_word' id='word_1_577' title='bbox 3569 3196 3762 3244; x_wconf 85' lang='lat' dir='ltr'><strong><em>contu-</em></strong></span> 
     </span>
    </p>
   </div>
   <div class='ocr_carea' id='block_1_75' title="bbox 2168 3276 3760 3350">
    <p class='ocr_par' dir='ltr' id='par_1_75' title="bbox 2168 3276 3760 3350">
     <span class='ocr_line' id='line_1_75' title="bbox 2168 3276 3760 3350; baseline 0.001 -17"><span class='ocrx_word' id='word_1_578' title='bbox 2168 3276 2330 3333; x_wconf 90' lang='lat' dir='ltr'><strong><em>melia</em></strong></span> <span class='ocrx_word' id='word_1_579' title='bbox 2360 3286 2473 3345; x_wconf 90' lang='lat' dir='ltr'><strong><em>est,</em></strong></span> <span class='ocrx_word' id='word_1_580' title='bbox 2505 3278 2630 3335; x_wconf 91' lang='lat' dir='ltr'><strong><em>vide</em></strong></span> <span class='ocrx_word' id='word_1_581' title='bbox 2661 3279 2805 3349; x_wconf 91' lang='lat' dir='ltr'><strong><em>quod</em></strong></span> <span class='ocrx_word' id='word_1_582' title='bbox 2831 3295 2929 3350; x_wconf 91' lang='lat' dir='ltr'><strong><em>per</em></strong></span> <span class='ocrx_word' id='word_1_583' title='bbox 2956 3279 3071 3334; x_wconf 66' lang='lat' dir='ltr'><strong><em>haec</em></strong></span> <span class='ocrx_word' id='word_1_584' title='bbox 3099 3279 3241 3334; x_wconf 85' lang='lat' dir='ltr'><strong><em>filius</em></strong></span> <span class='ocrx_word' id='word_1_585' title='bbox 3267 3279 3506 3335; x_wconf 89' lang='lat' dir='ltr'><strong><em>hominis</em></strong></span> <span class='ocrx_word' id='word_1_586' title='bbox 3533 3280 3603 3334; x_wconf 88' lang='lat' dir='ltr'><strong><em>ad</em></strong></span> <span class='ocrx_word' id='word_1_587' title='bbox 3631 3278 3760 3334; x_wconf 76' lang='lat' dir='ltr'><strong><em>dex-</em></strong></span> 
     </span>
    </p>
   </div>
   <div class='ocr_carea' id='block_1_76' title="bbox 2169 3371 3757 3443">
    <p class='ocr_par' dir='ltr' id='par_1_76' title="bbox 2169 3371 3757 3443">
     <span class='ocr_line' id='line_1_76' title="bbox 2169 3371 3757 3443; baseline -0.001 -16"><span class='ocrx_word' id='word_1_588' title='bbox 2169 3381 2309 3427; x_wconf 90' lang='lat' dir='ltr'><strong><em>tram</em></strong></span> <span class='ocrx_word' id='word_1_589' title='bbox 2350 3371 2446 3428; x_wconf 89' lang='lat' dir='ltr'><strong><em>Dei</em></strong></span> <span class='ocrx_word' id='word_1_590' title='bbox 2485 3373 2659 3443; x_wconf 89' lang='lat' dir='ltr'><strong><em>patris</em></strong></span> <span class='ocrx_word' id='word_1_591' title='bbox 2701 3387 2972 3438; x_wconf 89' lang='lat' dir='ltr'><strong><em>sessurus,</em></strong></span> <span class='ocrx_word' id='word_1_592' title='bbox 3019 3386 3088 3426; x_wconf 83' lang='lat' dir='ltr'><strong><em>ex</em></strong></span> <span class='ocrx_word' id='word_1_593' title='bbox 3126 3381 3286 3442; x_wconf 92' lang='lat' dir='ltr'><strong><em>partu</em></strong></span> <span class='ocrx_word' id='word_1_594' title='bbox 3325 3371 3555 3443; x_wconf 88' lang='lat' dir='ltr'><strong><em>virginis</em></strong></span> <span class='ocrx_word' id='word_1_595' title='bbox 3595 3371 3757 3426; x_wconf 87' lang='lat' dir='ltr'><strong><em>homo</em></strong></span> 
     </span>
    </p>
   </div>
   <div class='ocr_carea' id='block_1_77' title="bbox 2166 3460 3754 3539">
    <p class='ocr_par' dir='ltr' id='par_1_77' title="bbox 2166 3460 3754 3539">
     <span class='ocr_line' id='line_1_77' title="bbox 2166 3460 3754 3539; baseline -0.003 -21"><span class='ocrx_word' id='word_1_596' title='bbox 2166 3471 2348 3539; x_wconf 80' lang='lat' dir='ltr'><strong><em>natus,</em></strong></span> <span class='ocrx_word' id='word_1_597' title='bbox 2365 3463 2420 3518; x_wconf 92' lang='lat' dir='ltr'><strong><em>in</em></strong></span> <span class='ocrx_word' id='word_1_598' title='bbox 2442 3478 2560 3529; x_wconf 90' lang='lat' dir='ltr'><strong><em>sua,</em></strong></span> <span class='ocrx_word' id='word_1_599' title='bbox 2577 3463 2632 3518; x_wconf 93' lang='lat' dir='ltr'><strong><em>in</em></strong></span> <span class='ocrx_word' id='word_1_600' title='bbox 2655 3463 2781 3519; x_wconf 59' lang='lat' dir='ltr'><strong><em>caeli</em></strong></span> <span class='ocrx_word' id='word_1_601' title='bbox 2803 3463 3054 3528; x_wconf 88' lang='lat' dir='ltr'><strong><em>nubibus,</em></strong></span> <span class='ocrx_word' id='word_1_602' title='bbox 3071 3470 3153 3516; x_wconf 92' lang='lat' dir='ltr'><strong><em>est</em></strong></span> <span class='ocrx_word' id='word_1_603' title='bbox 3172 3460 3459 3530; x_wconf 87' lang='lat' dir='ltr'><strong><em>majestate</em></strong></span> <span class='ocrx_word' id='word_1_604' title='bbox 3471 3469 3754 3517; x_wconf 85' lang='lat' dir='ltr'><strong><em>venturus.</em></strong></span> 
     </span>
    </p>
   </div>
   <div class='ocr_carea' id='block_1_78' title="bbox 2239 3551 3757 3624">
    <p class='ocr_par' dir='ltr' id='par_1_78' title="bbox 2239 3551 3757 3624">
     <span class='ocr_line' id='line_1_78' title="bbox 2239 3551 3757 3624; baseline 0.001 -17"><span class='ocrx_word' id='word_1_605' title='bbox 2239 3553 2384 3608; x_wconf 86' lang='lat' dir='ltr'><strong><em>Tunc</em></strong></span> <span class='ocrx_word' id='word_1_606' title='bbox 2419 3563 2707 3624; x_wconf 75' lang='lat' dir='ltr'><strong><em>expuerunt</em></strong></span> <span class='ocrx_word' id='word_1_607' title='bbox 2739 3555 2795 3608; x_wconf 89' lang='lat' dir='ltr'><strong><em>in</em></strong></span> <span class='ocrx_word' id='word_1_608' title='bbox 2822 3553 3012 3623; x_wconf 86' lang='lat' dir='ltr'><strong><em>faciem</em></strong></span> <span class='ocrx_word' id='word_1_609' title='bbox 3037 3553 3174 3623; x_wconf 89' lang='lat' dir='ltr'><strong><em>ejus,</em></strong></span> <span class='ocrx_word' id='word_1_610' title='bbox 3209 3561 3265 3608; x_wconf 88' lang='lat' dir='ltr'><strong><em>et</em></strong></span> <span class='ocrx_word' id='word_1_611' title='bbox 3287 3553 3586 3608; x_wconf 89' lang='lat' dir='ltr'><strong><em>secundum</em></strong></span> <span class='ocrx_word' id='word_1_612' title='bbox 3615 3551 3757 3608; x_wconf 81' lang='lat' dir='ltr'><strong><em>Mar-</em></strong></span> 
     </span>
    </p>
   </div>
   <div class='ocr_carea' id='block_1_79' title="bbox 2165 3641 3758 3717">
    <p class='ocr_par' dir='ltr' id='par_1_79' title="bbox 2165 3641 3758 3717">
     <span class='ocr_line' id='line_1_79' title="bbox 2165 3641 3758 3717; baseline -0.001 -16"><span class='ocrx_word' id='word_1_613' title='bbox 2165 3660 2327 3701; x_wconf 88' lang='lat' dir='ltr'><strong><em>cum:</em></strong></span> <span class='ocrx_word' id='word_1_614' title='bbox 2374 3643 2685 3700; x_wconf 83' lang='lat' dir='ltr'><strong><em>Velaverunt</em></strong></span> <span class='ocrx_word' id='word_1_615' title='bbox 2726 3646 2916 3717; x_wconf 88' lang='lat' dir='ltr'><strong><em>faciem</em></strong></span> <span class='ocrx_word' id='word_1_616' title='bbox 2947 3645 3083 3716; x_wconf 87' lang='lat' dir='ltr'><strong><em>ejus.</em></strong></span> <span class='ocrx_word' id='word_1_617' title='bbox 3120 3645 3190 3701; x_wconf 90' lang='lat' dir='ltr'><strong><em>Ut</em></strong></span> <span class='ocrx_word' id='word_1_618' title='bbox 3217 3643 3581 3714; x_wconf 90' lang='lat' dir='ltr'><strong><em>compleretur</em></strong></span> <span class='ocrx_word' id='word_1_619' title='bbox 3610 3641 3758 3714; x_wconf 86' lang='lat' dir='ltr'><strong><em>quod</em></strong></span> 
     </span>
    </p>
   </div>
   <div class='ocr_carea' id='block_1_80' title="bbox 2162 3737 3754 3811">
    <p class='ocr_par' dir='ltr' id='par_1_80' title="bbox 2162 3737 3754 3811">
     <span class='ocr_line' id='line_1_80' title="bbox 2162 3737 3754 3811; baseline -0.004 -15"><span class='ocrx_word' id='word_1_620' title='bbox 2162 3741 2425 3811; x_wconf 87' lang='lat' dir='ltr'><strong><em>scriptum</em></strong></span> <span class='ocrx_word' id='word_1_621' title='bbox 2455 3748 2581 3796; x_wconf 86' lang='lat' dir='ltr'><strong><em>est:</em></strong></span> <span class='ocrx_word' id='word_1_622' title='bbox 2613 3739 2748 3796; x_wconf 84' lang='lat' dir='ltr'><strong><em>Dedi</em></strong></span> <span class='ocrx_word' id='word_1_623' title='bbox 2789 3739 3034 3795; x_wconf 71' lang='lat' dir='ltr'><strong><em>maxillas</em></strong></span> <span class='ocrx_word' id='word_1_624' title='bbox 3063 3756 3205 3794; x_wconf 89' lang='lat' dir='ltr'><strong><em>meas</em></strong></span> <span class='ocrx_word' id='word_1_625' title='bbox 3244 3737 3434 3809; x_wconf 86' lang='lat' dir='ltr'><strong><em>alapis,</em></strong></span> <span class='ocrx_word' id='word_1_626' title='bbox 3477 3746 3524 3792; x_wconf 91' lang='lat' dir='ltr'><strong><em>et</em></strong></span> <span class='ocrx_word' id='word_1_627' title='bbox 3563 3737 3754 3808; x_wconf 87' lang='lat' dir='ltr'><strong><em>faciem</em></strong></span> 
     </span>
    </p>
   </div>
   <div class='ocr_carea' id='block_1_81' title="bbox 2161 3827 3750 3901">
    <p class='ocr_par' dir='ltr' id='par_1_81' title="bbox 2161 3827 3750 3901">
     <span class='ocr_line' id='line_1_81' title="bbox 2161 3827 3750 3901; baseline -0.003 -15"><span class='ocrx_word' id='word_1_628' title='bbox 2161 3846 2332 3886; x_wconf 87' lang='lat' dir='ltr'><strong><em>meam</em></strong></span> <span class='ocrx_word' id='word_1_629' title='bbox 2360 3847 2464 3886; x_wconf 90' lang='lat' dir='ltr'><strong><em>non</em></strong></span> <span class='ocrx_word' id='word_1_630' title='bbox 2499 3831 2664 3886; x_wconf 87' lang='lat' dir='ltr'><strong><em>averti</em></strong></span> <span class='ocrx_word' id='word_1_631' title='bbox 2693 3848 2725 3885; x_wconf 92' lang='lat' dir='ltr'><strong><em>a</em></strong></span> <span class='ocrx_word' id='word_1_632' title='bbox 2760 3830 3066 3900; x_wconf 80' lang='lat' dir='ltr'><strong><em>confusione</em></strong></span> <span class='ocrx_word' id='word_1_633' title='bbox 3100 3838 3372 3901; x_wconf 90' lang='lat' dir='ltr'><strong><em>sputorum</em></strong></span> <span class='ocrx_word' id='word_1_634' title='bbox 3399 3827 3615 3901; x_wconf 81' lang='lat' dir='ltr'><strong><em>(Thren.</em></strong></span> <span class='ocrx_word' id='word_1_635' title='bbox 3643 3828 3750 3900; x_wconf 86' lang='lat' dir='ltr'><strong><em>Ill).</em></strong></span> 
     </span>
    </p>
   </div>
   <div class='ocr_carea' id='block_1_82' title="bbox 2233 3921 3752 3995">
    <p class='ocr_par' dir='ltr' id='par_1_82' title="bbox 2233 3921 3752 3995">
     <span class='ocr_line' id='line_1_82' title="bbox 2233 3921 3752 3995; baseline -0.003 -13"><span class='ocrx_word' id='word_1_636' title='bbox 2233 3926 2564 3982; x_wconf 82' lang='lat' dir='ltr'><strong><em>Velaverunt</em></strong></span> <span class='ocrx_word' id='word_1_637' title='bbox 2589 3935 2772 3984; x_wconf 90' lang='lat' dir='ltr'><strong><em>autem</em></strong></span> <span class='ocrx_word' id='word_1_638' title='bbox 2812 3926 3008 3982; x_wconf 90' lang='lat' dir='ltr'><strong><em>faciem</em></strong></span> <span class='ocrx_word' id='word_1_639' title='bbox 3037 3923 3174 3995; x_wconf 88' lang='lat' dir='ltr'><strong><em>ejus,</em></strong></span> <span class='ocrx_word' id='word_1_640' title='bbox 3207 3939 3316 3980; x_wconf 92' lang='lat' dir='ltr'><strong><em>non</em></strong></span> <span class='ocrx_word' id='word_1_641' title='bbox 3343 3933 3405 3979; x_wconf 91' lang='lat' dir='ltr'><strong><em>ut</em></strong></span> <span class='ocrx_word' id='word_1_642' title='bbox 3439 3937 3630 3978; x_wconf 89' lang='lat' dir='ltr'><strong><em>eorum</em></strong></span> <span class='ocrx_word' id='word_1_643' title='bbox 3659 3921 3752 3977; x_wconf 88' lang='lat' dir='ltr'><strong><em>ille</em></strong></span> 
     </span>
    </p>
   </div>
   <div class='ocr_carea' id='block_1_83' title="bbox 2160 4014 3750 4088">
    <p class='ocr_par' dir='ltr' id='par_1_83' title="bbox 2160 4014 3750 4088">
     <span class='ocr_line' id='line_1_83' title="bbox 2160 4014 3750 4088; baseline -0.003 -13"><span class='ocrx_word' id='word_1_644' title='bbox 2160 4019 2370 4077; x_wconf 90' lang='lat' dir='ltr'><strong><em>scelera</em></strong></span> <span class='ocrx_word' id='word_1_645' title='bbox 2397 4035 2507 4075; x_wconf 89' lang='lat' dir='ltr'><strong><em>non</em></strong></span> <span class='ocrx_word' id='word_1_646' title='bbox 2543 4019 2754 4087; x_wconf 89' lang='lat' dir='ltr'><strong><em>videat,</em></strong></span> <span class='ocrx_word' id='word_1_647' title='bbox 2791 4020 2889 4075; x_wconf 91' lang='lat' dir='ltr'><strong><em>sed</em></strong></span> <span class='ocrx_word' id='word_1_648' title='bbox 2914 4025 2975 4074; x_wconf 94' lang='lat' dir='ltr'><strong><em>ut</em></strong></span> <span class='ocrx_word' id='word_1_649' title='bbox 3001 4034 3033 4073; x_wconf 91' lang='lat' dir='ltr'><strong><em>a</em></strong></span> <span class='ocrx_word' id='word_1_650' title='bbox 3062 4017 3279 4088; x_wconf 89' lang='lat' dir='ltr'><strong><em>seipsis,</em></strong></span> <span class='ocrx_word' id='word_1_651' title='bbox 3307 4016 3450 4073; x_wconf 91' lang='lat' dir='ltr'><strong><em>sicut</em></strong></span> <span class='ocrx_word' id='word_1_652' title='bbox 3476 4014 3750 4086; x_wconf 88' lang='lat' dir='ltr'><strong><em>quondam</em></strong></span> 
     </span>
    </p>
   </div>
   <div class='ocr_carea' id='block_1_84' title="bbox 2159 4109 3746 4185">
    <p class='ocr_par' dir='ltr' id='par_1_84' title="bbox 2159 4109 3746 4185">
     <span class='ocr_line' id='line_1_84' title="bbox 2159 4109 3746 4185; baseline -0.004 -17"><span class='ocrx_word' id='word_1_653' title='bbox 2159 4112 2297 4168; x_wconf 80' lang='lat' dir='ltr'><strong><em>Mosi</em></strong></span> <span class='ocrx_word' id='word_1_654' title='bbox 2321 4112 2597 4180; x_wconf 88' lang='lat' dir='ltr'><strong><em>fecerunt,</em></strong></span> <span class='ocrx_word' id='word_1_655' title='bbox 2631 4113 2863 4185; x_wconf 87' lang='lat' dir='ltr'><strong><em>gratiam</em></strong></span> <span class='ocrx_word' id='word_1_656' title='bbox 2888 4111 3214 4183; x_wconf 87' lang='lat' dir='ltr'><strong><em>cognitionis</em></strong></span> <span class='ocrx_word' id='word_1_657' title='bbox 3246 4110 3365 4182; x_wconf 90' lang='lat' dir='ltr'><strong><em>ejus</em></strong></span> <span class='ocrx_word' id='word_1_658' title='bbox 3389 4109 3746 4164; x_wconf 87' lang='lat' dir='ltr'><strong><em>abscondant.</em></strong></span> 
     </span>
    </p>
   </div>
   <div class='ocr_carea' id='block_1_85' title="bbox 2160 4197 3748 4270">
    <p class='ocr_par' dir='ltr' id='par_1_85' title="bbox 2160 4197 3748 4270">
     <span class='ocr_line' id='line_1_85' title="bbox 2160 4197 3748 4270; baseline -0.005 -10"><span class='ocrx_word' id='word_1_659' title='bbox 2160 4205 2219 4260; x_wconf 88' lang='lat' dir='ltr'><strong><em>Si</em></strong></span> <span class='ocrx_word' id='word_1_660' title='bbox 2247 4205 2394 4261; x_wconf 89' lang='lat' dir='ltr'><strong><em>enim</em></strong></span> <span class='ocrx_word' id='word_1_661' title='bbox 2422 4205 2710 4261; x_wconf 87' lang='lat' dir='ltr'><strong><em>crederent</em></strong></span> <span class='ocrx_word' id='word_1_662' title='bbox 2750 4203 2914 4270; x_wconf 78' lang='lat' dir='ltr'><strong><em>Mosi,</em></strong></span> <span class='ocrx_word' id='word_1_663' title='bbox 2957 4203 3242 4258; x_wconf 90' lang='lat' dir='ltr'><strong><em>crederent</em></strong></span> <span class='ocrx_word' id='word_1_664' title='bbox 3279 4199 3511 4257; x_wconf 88' lang='lat' dir='ltr'><strong><em>forsitan</em></strong></span> <span class='ocrx_word' id='word_1_665' title='bbox 3539 4205 3597 4254; x_wconf 91' lang='lat' dir='ltr'><strong><em>et</em></strong></span> <span class='ocrx_word' id='word_1_666' title='bbox 3637 4197 3748 4252; x_wconf 93' lang='lat' dir='ltr'><strong><em>Do-</em></strong></span> 
     </span>
    </p>
   </div>
   <div class='ocr_carea' id='block_1_86' title="bbox 2159 4288 3747 4368">
    <p class='ocr_par' dir='ltr' id='par_1_86' title="bbox 2159 4288 3747 4368">
     <span class='ocr_line' id='line_1_86' title="bbox 2159 4288 3747 4368; baseline -0.005 -17"><span class='ocrx_word' id='word_1_667' title='bbox 2159 4295 2311 4351; x_wconf 92' lang='lat' dir='ltr'><strong><em>mino</em></strong></span> <span class='ocrx_word' id='word_1_668' title='bbox 2337 4295 2518 4368; x_wconf 81' lang='lat' dir='ltr'><strong><em>(Joan.</em></strong></span> <span class='ocrx_word' id='word_1_669' title='bbox 2550 4298 2628 4366; x_wconf 90' lang='lat' dir='ltr'><strong><em>v).</em></strong></span> <span class='ocrx_word' id='word_1_670' title='bbox 2668 4295 2822 4364; x_wconf 85' lang='lat' dir='ltr'><strong><em>Quod</em></strong></span> <span class='ocrx_word' id='word_1_671' title='bbox 2845 4293 3210 4349; x_wconf 90' lang='lat' dir='ltr'><strong><em>velamentum</em></strong></span> <span class='ocrx_word' id='word_1_672' title='bbox 3237 4307 3410 4360; x_wconf 90' lang='lat' dir='ltr'><strong><em>usque</em></strong></span> <span class='ocrx_word' id='word_1_673' title='bbox 3435 4288 3595 4344; x_wconf 88' lang='lat' dir='ltr'><strong><em>hodie</em></strong></span> <span class='ocrx_word' id='word_1_674' title='bbox 3624 4303 3747 4343; x_wconf 85' lang='lat' dir='ltr'><strong><em>ma-</em></strong></span> 
     </span>
    </p>
   </div>
   <div class='ocr_carea' id='block_1_87' title="bbox 2158 4377 3750 4456">
    <p class='ocr_par' dir='ltr' id='par_1_87' title="bbox 2158 4377 3750 4456">
     <span class='ocr_line' id='line_1_87' title="bbox 2158 4377 3750 4456; baseline -0.004 -16"><span class='ocrx_word' id='word_1_675' title='bbox 2158 4395 2252 4440; x_wconf 88' lang='lat' dir='ltr'><strong><em>net</em></strong></span> <span class='ocrx_word' id='word_1_676' title='bbox 2277 4401 2440 4456; x_wconf 88' lang='lat' dir='ltr'><strong><em>super</em></strong></span> <span class='ocrx_word' id='word_1_677' title='bbox 2469 4400 2564 4441; x_wconf 92' lang='lat' dir='ltr'><strong><em>cor</em></strong></span> <span class='ocrx_word' id='word_1_678' title='bbox 2590 4400 2779 4440; x_wconf 84' lang='lat' dir='ltr'><strong><em>eorum</em></strong></span> <span class='ocrx_word' id='word_1_679' title='bbox 2805 4400 2913 4440; x_wconf 90' lang='lat' dir='ltr'><strong><em>non</em></strong></span> <span class='ocrx_word' id='word_1_680' title='bbox 2943 4383 3258 4438; x_wconf 89' lang='lat' dir='ltr'><strong><em>revelatum.</em></strong></span> <span class='ocrx_word' id='word_1_681' title='bbox 3294 4380 3460 4436; x_wconf 83' lang='lat' dir='ltr'><strong><em>Nobis</em></strong></span> <span class='ocrx_word' id='word_1_682' title='bbox 3485 4387 3667 4434; x_wconf 91' lang='lat' dir='ltr'><strong><em>autem</em></strong></span> <span class='ocrx_word' id='word_1_683' title='bbox 3692 4377 3750 4433; x_wconf 91' lang='lat' dir='ltr'><strong><em>in</em></strong></span> 
     </span>
    </p>
   </div>
   <div class='ocr_carea' id='block_1_88' title="bbox 2157 4469 3748 4543">
    <p class='ocr_par' dir='ltr' id='par_1_88' title="bbox 2157 4469 3748 4543">
     <span class='ocr_line' id='line_1_88' title="bbox 2157 4469 3748 4543; baseline -0.008 -8"><span class='ocrx_word' id='word_1_684' title='bbox 2157 4478 2432 4536; x_wconf 89' lang='lat' dir='ltr'><strong><em>Christum</em></strong></span> <span class='ocrx_word' id='word_1_685' title='bbox 2461 4477 2807 4536; x_wconf 88' lang='lat' dir='ltr'><strong><em>credentibus</em></strong></span> <span class='ocrx_word' id='word_1_686' title='bbox 2831 4476 3067 4531; x_wconf 89' lang='lat' dir='ltr'><strong><em>ablatum</em></strong></span> <span class='ocrx_word' id='word_1_687' title='bbox 3097 4483 3200 4531; x_wconf 91' lang='lat' dir='ltr'><strong><em>est.</em></strong></span> <span class='ocrx_word' id='word_1_688' title='bbox 3238 4473 3425 4543; x_wconf 87' lang='lat' dir='ltr'><strong><em>Neque</em></strong></span> <span class='ocrx_word' id='word_1_689' title='bbox 3448 4473 3596 4528; x_wconf 90' lang='lat' dir='ltr'><strong><em>enim</em></strong></span> <span class='ocrx_word' id='word_1_690' title='bbox 3627 4469 3748 4524; x_wconf 85' lang='lat' dir='ltr'><strong><em>fru-</em></strong></span> 
     </span>
    </p>
   </div>
   <div class='ocr_carea' id='block_1_89' title="bbox 458 4560 3747 4659">
    <p class='ocr_par' dir='ltr' id='par_1_89' title="bbox 458 4560 3747 4659">
     <span class='ocr_line' id='line_1_89' title="bbox 458 4560 3747 4659; baseline -0.006 -22"><span class='ocrx_word' id='word_1_691' title='bbox 458 4577 617 4635; x_wconf 60' lang='lat' dir='ltr'><strong><em>sum,</em></strong></span> <span class='ocrx_word' id='word_1_692' title='bbox 659 4568 706 4624; x_wconf 79' lang='grc' dir='ltr'><strong><em>εί</em></strong></span> <span class='ocrx_word' id='word_1_693' title='bbox 743 4583 807 4623; x_wconf 71' lang='grc' dir='ltr'><strong><em>ει</em></strong></span> <span class='ocrx_word' id='word_1_694' title='bbox 841 4568 1028 4623; x_wconf 61' lang='lat' dir='ltr'><strong><em>dicunt</em></strong></span> <span class='ocrx_word' id='word_1_695' title='bbox 1060 4580 1180 4634; x_wconf 75' lang='grc' dir='ltr'><strong><em>(ιυεε</em></strong></span> <span class='ocrx_word' id='word_1_696' title='bbox 1208 4563 1500 4619; x_wconf 70' lang='lat' dir='ltr'><strong><em>Dominum</em></strong></span> <span class='ocrx_word' id='word_1_697' title='bbox 1543 4577 1708 4632; x_wconf 64' lang='lat' dir='ltr'><strong>supra</strong></span> <span class='ocrx_word' id='word_1_698' title='bbox 1731 4561 1933 4617; x_wconf 68' lang='grc' dir='ltr'><strong><em>ἀίιίεεθ</em></strong></span> <span class='ocrx_word' id='word_1_699' title='bbox 1979 4560 2056 4616; x_wconf 70' lang='lat'><strong><em>10-</em></strong></span> <span class='ocrx_word' id='word_1_700' title='bbox 2079 4597 2136 4659; x_wconf 78' lang='lat' dir='ltr'><strong>D</strong></span> <span class='ocrx_word' id='word_1_701' title='bbox 2161 4581 2297 4639; x_wconf 90' lang='lat' dir='ltr'><strong><em>stra,</em></strong></span> <span class='ocrx_word' id='word_1_702' title='bbox 2320 4587 2386 4628; x_wconf 90' lang='lat' dir='ltr'><strong><em>eo</em></strong></span> <span class='ocrx_word' id='word_1_703' title='bbox 2410 4571 2696 4637; x_wconf 89' lang='lat' dir='ltr'><strong><em>moriente,</em></strong></span> <span class='ocrx_word' id='word_1_704' title='bbox 2721 4571 2899 4626; x_wconf 91' lang='lat' dir='ltr'><strong><em>velum</em></strong></span> <span class='ocrx_word' id='word_1_705' title='bbox 2927 4568 3112 4639; x_wconf 88' lang='lat' dir='ltr'><strong><em>templi</em></strong></span> <span class='ocrx_word' id='word_1_706' title='bbox 3126 4569 3358 4624; x_wconf 90' lang='lat' dir='ltr'><strong><em>scissum</em></strong></span> <span class='ocrx_word' id='word_1_707' title='bbox 3375 4574 3459 4622; x_wconf 91' lang='lat' dir='ltr'><strong><em>est</em></strong></span> <span class='ocrx_word' id='word_1_708' title='bbox 3483 4563 3747 4629; x_wconf 77' lang='lat' dir='ltr'><strong><em>medium,</em></strong></span> 
     </span>
    </p>
   </div>
   <div class='ocr_carea' id='block_1_90' title="bbox 462 4653 2067 4733">
    <p class='ocr_par' dir='ltr' id='par_1_90' title="bbox 462 4653 2054 4732">
     <span class='ocr_line' id='line_1_90' title="bbox 462 4653 2054 4732; baseline -0.003 -18"><span class='ocrx_word' id='word_1_709' title='bbox 462 4659 673 4732; x_wconf 76' lang='lat' dir='ltr'><strong><em>gimus?</em></strong></span> <span class='ocrx_word' id='word_1_710' title='bbox 703 4657 809 4714; x_wconf 87' lang='lat' dir='ltr'><strong><em>Sed</em></strong></span> <span class='ocrx_word' id='word_1_711' title='bbox 831 4658 998 4713; x_wconf 85' lang='lat' dir='ltr'><strong><em>falsus</em></strong></span> <span class='ocrx_word' id='word_1_712' title='bbox 1018 4656 1172 4711; x_wconf 89' lang='lat' dir='ltr'><strong><em>testis</em></strong></span> <span class='ocrx_word' id='word_1_713' title='bbox 1207 4663 1332 4722; x_wconf 88' lang='lat' dir='ltr'><strong><em>est,</em></strong></span> <span class='ocrx_word' id='word_1_714' title='bbox 1379 4654 1472 4725; x_wconf 91' lang='lat' dir='ltr'><strong><em>qui</em></strong></span> <span class='ocrx_word' id='word_1_715' title='bbox 1515 4669 1624 4709; x_wconf 89' lang='lat' dir='ltr'><strong><em>non</em></strong></span> <span class='ocrx_word' id='word_1_716' title='bbox 1672 4653 1862 4710; x_wconf 89' lang='lat' dir='ltr'><strong><em>eodem</em></strong></span> <span class='ocrx_word' id='word_1_717' title='bbox 1909 4653 2054 4710; x_wconf 84' lang='lat' dir='ltr'><strong><em>dicta</em></strong></span> 
     </span>
    </p>
   </div>
   <div class='ocr_carea' id='block_1_91' title="bbox 2174 4653 3752 4733">
    <p class='ocr_par' dir='ltr' id='par_1_91' title="bbox 2174 4653 3752 4733">
     <span class='ocr_line' id='line_1_91' title="bbox 2174 4653 3752 4733; baseline -0.009 -13"><span class='ocrx_word' id='word_1_718' title='bbox 2174 4663 2254 4720; x_wconf 65' lang='lat' dir='ltr'><strong><em>sed</em></strong></span> <span class='ocrx_word' id='word_1_719' title='bbox 2283 4671 2338 4719; x_wconf 91' lang='lat' dir='ltr'><strong><em>et</em></strong></span> <span class='ocrx_word' id='word_1_720' title='bbox 2371 4679 2434 4719; x_wconf 88' lang='lat' dir='ltr'><strong><em>ea</em></strong></span> <span class='ocrx_word' id='word_1_721' title='bbox 2465 4678 2586 4733; x_wconf 85' lang='lat' dir='ltr'><strong><em>quae</em></strong></span> <span class='ocrx_word' id='word_1_722' title='bbox 2611 4669 2726 4718; x_wconf 88' lang='lat' dir='ltr'><strong><em>toto</em></strong></span> <span class='ocrx_word' id='word_1_723' title='bbox 2763 4661 2896 4732; x_wconf 90' lang='lat' dir='ltr'><strong><em>legis</em></strong></span> <span class='ocrx_word' id='word_1_724' title='bbox 2936 4668 3178 4730; x_wconf 87' lang='lat' dir='ltr'><strong><em>tempore</em></strong></span> <span class='ocrx_word' id='word_1_725' title='bbox 3218 4658 3510 4723; x_wconf 88' lang='lat' dir='ltr'><strong><em>latuerant,</em></strong></span> <span class='ocrx_word' id='word_1_726' title='bbox 3550 4661 3608 4711; x_wconf 90' lang='lat' dir='ltr'><strong><em>et</em></strong></span> <span class='ocrx_word' id='word_1_727' title='bbox 3627 4653 3752 4708; x_wconf 89' lang='lat' dir='ltr'><strong><em>abs-</em></strong></span> 
     </span>
    </p>
   </div>
   <div class='ocr_carea' id='block_1_92' title="bbox 460 4742 2056 4818">
    <p class='ocr_par' dir='ltr' id='par_1_92' title="bbox 460 4742 2056 4818">
     <span class='ocr_line' id='line_1_92' title="bbox 460 4742 2056 4818; baseline -0.004 -12"><span class='ocrx_word' id='word_1_728' title='bbox 460 4763 625 4806; x_wconf 83' lang='lat' dir='ltr'><strong><em>sensu</em></strong></span> <span class='ocrx_word' id='word_1_729' title='bbox 651 4747 925 4818; x_wconf 90' lang='lat' dir='ltr'><strong><em>intelligit,</em></strong></span> <span class='ocrx_word' id='word_1_730' title='bbox 955 4761 1064 4816; x_wconf 89' lang='lat' dir='ltr'><strong><em>quo</em></strong></span> <span class='ocrx_word' id='word_1_731' title='bbox 1082 4745 1352 4801; x_wconf 91' lang='lat' dir='ltr'><strong><em>dicuntur.</em></strong></span> <span class='ocrx_word' id='word_1_732' title='bbox 1365 4743 1628 4800; x_wconf 90' lang='lat' dir='ltr'><strong><em>Dominus</em></strong></span> <span class='ocrx_word' id='word_1_733' title='bbox 1649 4751 1827 4800; x_wconf 89' lang='lat' dir='ltr'><strong><em>autem</em></strong></span> <span class='ocrx_word' id='word_1_734' title='bbox 1842 4742 2056 4800; x_wconf 82' lang='lat' dir='ltr'><strong><em>dixerat</em></strong></span> 
     </span>
    </p>
   </div>
   <div class='ocr_carea' id='block_1_93' title="bbox 456 4837 2056 4909">
    <p class='ocr_par' dir='ltr' id='par_1_93' title="bbox 456 4837 2056 4909">
     <span class='ocr_line' id='line_1_93' title="bbox 456 4837 2056 4909; baseline -0.002 -13"><span class='ocrx_word' id='word_1_735' title='bbox 456 4841 532 4896; x_wconf 85' lang='lat' dir='ltr'><strong><em>de</em></strong></span> <span class='ocrx_word' id='word_1_736' title='bbox 561 4838 758 4909; x_wconf 88' lang='lat' dir='ltr'><strong><em>templo</em></strong></span> <span class='ocrx_word' id='word_1_737' title='bbox 785 4839 1030 4908; x_wconf 91' lang='lat' dir='ltr'><strong><em>corporis</em></strong></span> <span class='ocrx_word' id='word_1_738' title='bbox 1055 4839 1164 4898; x_wconf 85' lang='lat' dir='ltr'><strong><em>sui.</em></strong></span> <span class='ocrx_word' id='word_1_739' title='bbox 1186 4837 1281 4894; x_wconf 91' lang='lat' dir='ltr'><strong><em>sed</em></strong></span> <span class='ocrx_word' id='word_1_740' title='bbox 1307 4847 1364 4893; x_wconf 91' lang='lat' dir='ltr'><strong><em>et</em></strong></span> <span class='ocrx_word' id='word_1_741' title='bbox 1404 4837 1458 4892; x_wconf 92' lang='lat' dir='ltr'><strong><em>iu</em></strong></span> <span class='ocrx_word' id='word_1_742' title='bbox 1481 4837 1614 4908; x_wconf 91' lang='lat' dir='ltr'><strong><em>ipsis</em></strong></span> <span class='ocrx_word' id='word_1_743' title='bbox 1634 4837 1814 4893; x_wconf 90' lang='lat' dir='ltr'><strong><em>verbis</em></strong></span> <span class='ocrx_word' id='word_1_744' title='bbox 1855 4837 2056 4893; x_wconf 86' lang='lat' dir='ltr'><strong><em>calum-</em></strong></span> 
     </span>
    </p>
   </div>
   <div class='ocr_carea' id='block_1_94' title="bbox 457 4927 2052 5002">
    <p class='ocr_par' dir='ltr' id='par_1_94' title="bbox 457 4927 2052 5002">
     <span class='ocr_line' id='line_1_94' title="bbox 457 4927 2052 5002; baseline -0.002 -16"><span class='ocrx_word' id='word_1_745' title='bbox 457 4930 706 4995; x_wconf 82' lang='lat' dir='ltr'><strong><em>niantur,</em></strong></span> <span class='ocrx_word' id='word_1_746' title='bbox 732 4940 786 4986; x_wconf 91' lang='lat' dir='ltr'><strong><em>et</em></strong></span> <span class='ocrx_word' id='word_1_747' title='bbox 804 4931 991 5002; x_wconf 90' lang='lat' dir='ltr'><strong><em>paucis</em></strong></span> <span class='ocrx_word' id='word_1_748' title='bbox 1028 4929 1226 4984; x_wconf 91' lang='lat' dir='ltr'><strong><em>additis</em></strong></span> <span class='ocrx_word' id='word_1_749' title='bbox 1249 4927 1334 4984; x_wconf 91' lang='lat' dir='ltr'><strong><em>vel</em></strong></span> <span class='ocrx_word' id='word_1_750' title='bbox 1357 4929 1579 4984; x_wconf 89' lang='lat' dir='ltr'><strong><em>mutatis</em></strong></span> <span class='ocrx_word' id='word_1_751' title='bbox 1602 4969 1617 4996; x_wconf 98' lang='lat'><strong><em>,</em></strong></span> <span class='ocrx_word' id='word_1_752' title='bbox 1674 4929 1827 4998; x_wconf 90' lang='lat' dir='ltr'><strong><em>quasi</em></strong></span> <span class='ocrx_word' id='word_1_753' title='bbox 1847 4929 2052 5000; x_wconf 89' lang='lat' dir='ltr'><strong><em>justam</em></strong></span> 
     </span>
    </p>
   </div>
   <div class='ocr_carea' id='block_1_95' title="bbox 454 5019 2054 5078">
    <p class='ocr_par' dir='ltr' id='par_1_95' title="bbox 454 5019 2054 5078">
     <span class='ocr_line' id='line_1_95' title="bbox 454 5019 2054 5078; baseline 0 0"><span class='ocrx_word' id='word_1_754' title='bbox 454 5023 790 5078; x_wconf 82' lang='lat' dir='ltr'><strong><em>calumniam</em></strong></span> <span class='ocrx_word' id='word_1_755' title='bbox 827 5022 1050 5078; x_wconf 89' lang='lat' dir='ltr'><strong><em>faciunt.</em></strong></span> <span class='ocrx_word' id='word_1_756' title='bbox 1106 5019 1358 5077; x_wconf 88' lang='lat' dir='ltr'><strong><em>Salvator</em></strong></span> <span class='ocrx_word' id='word_1_757' title='bbox 1392 5022 1606 5078; x_wconf 84' lang='lat' dir='ltr'><strong><em>dixerat</em></strong></span> <span class='ocrx_word' id='word_1_758' title='bbox 1640 5038 1655 5077; x_wconf 91' lang='lat'><strong>:</strong></span> <span class='ocrx_word' id='word_1_759' title='bbox 1694 5021 1888 5077; x_wconf 86' lang='lat' dir='ltr'><strong><em>Solvite</em></strong></span> <span class='ocrx_word' id='word_1_760' title='bbox 1923 5032 2054 5078; x_wconf 90' lang='lat' dir='ltr'><strong><em>tem-</em></strong></span> 
     </span>
    </p>
   </div>
   <div class='ocr_carea' id='block_1_96' title="bbox 453 5115 2054 5190">
    <p class='ocr_par' dir='ltr' id='par_1_96' title="bbox 453 5115 2054 5190">
     <span class='ocr_line' id='line_1_96' title="bbox 453 5115 2054 5190; baseline -0.001 -18"><span class='ocrx_word' id='word_1_761' title='bbox 453 5118 604 5190; x_wconf 82' lang='lat' dir='ltr'><strong><em>plum</em></strong></span> <span class='ocrx_word' id='word_1_762' title='bbox 659 5120 756 5172; x_wconf 79' lang='lat' dir='ltr'><strong><em>hoc</em></strong></span> <span class='ocrx_word' id='word_1_763' title='bbox 783 5159 796 5183; x_wconf 96' lang='lat'><strong><em>,</em></strong></span> <span class='ocrx_word' id='word_1_764' title='bbox 855 5117 945 5172; x_wconf 87' lang='lat' dir='ltr'><strong><em>isti</em></strong></span> <span class='ocrx_word' id='word_1_765' title='bbox 1000 5125 1338 5172; x_wconf 86' lang='lat' dir='ltr'><strong><em>commutant</em></strong></span> <span class='ocrx_word' id='word_1_766' title='bbox 1385 5125 1441 5174; x_wconf 94' lang='lat' dir='ltr'><strong><em>et</em></strong></span> <span class='ocrx_word' id='word_1_767' title='bbox 1474 5118 1666 5173; x_wconf 92' lang='lat' dir='ltr'><strong><em>aiunt:</em></strong></span> <span class='ocrx_word' id='word_1_768' title='bbox 1705 5115 1930 5172; x_wconf 90' lang='lat' dir='ltr'><strong><em>Possum</em></strong></span> <span class='ocrx_word' id='word_1_769' title='bbox 1961 5117 2054 5171; x_wconf 85' lang='lat' dir='ltr'><strong><em>de-</em></strong></span> 
     </span>
    </p>
   </div>
   <div class='ocr_carea' id='block_1_97' title="bbox 457 5207 2046 5281">
    <p class='ocr_par' dir='ltr' id='par_1_97' title="bbox 457 5207 2046 5281">
     <span class='ocr_line' id='line_1_97' title="bbox 457 5207 2046 5281; baseline -0.001 -17"><span class='ocrx_word' id='word_1_770' title='bbox 457 5221 661 5264; x_wconf 78' lang='lat' dir='ltr'><strong><em>struere</em></strong></span> <span class='ocrx_word' id='word_1_771' title='bbox 685 5207 932 5279; x_wconf 87' lang='lat' dir='ltr'><strong><em>templum</em></strong></span> <span class='ocrx_word' id='word_1_772' title='bbox 963 5207 1080 5264; x_wconf 89' lang='lat' dir='ltr'><strong><em>Dei.</em></strong></span> <span class='ocrx_word' id='word_1_773' title='bbox 1117 5209 1226 5265; x_wconf 78' lang='lat' dir='ltr'><strong><em>Vos</em></strong></span> <span class='ocrx_word' id='word_1_774' title='bbox 1252 5251 1267 5276; x_wconf 91' lang='lat'><strong><em>,</em></strong></span> <span class='ocrx_word' id='word_1_775' title='bbox 1316 5210 1509 5281; x_wconf 88' lang='lat' dir='ltr'><strong><em>inquit,</em></strong></span> <span class='ocrx_word' id='word_1_776' title='bbox 1539 5208 1751 5275; x_wconf 88' lang='lat' dir='ltr'><strong><em>solvite,</em></strong></span> <span class='ocrx_word' id='word_1_777' title='bbox 1773 5224 1881 5264; x_wconf 90' lang='lat' dir='ltr'><strong><em>non</em></strong></span> <span class='ocrx_word' id='word_1_778' title='bbox 1911 5223 2046 5279; x_wconf 88' lang='lat' dir='ltr'><strong><em>ego,</em></strong></span> 
     </span>
    </p>
   </div>
   <div class='ocr_carea' id='block_1_98' title="bbox 454 5297 2044 5371">
    <p class='ocr_par' dir='ltr' id='par_1_98' title="bbox 454 5297 2044 5371">
     <span class='ocr_line' id='line_1_98' title="bbox 454 5297 2044 5371; baseline 0 -18"><span class='ocrx_word' id='word_1_779' title='bbox 454 5301 585 5369; x_wconf 83' lang='lat' dir='ltr'><strong><em>quia</em></strong></span> <span class='ocrx_word' id='word_1_780' title='bbox 617 5299 865 5354; x_wconf 91' lang='lat' dir='ltr'><strong><em>illicitum</em></strong></span> <span class='ocrx_word' id='word_1_781' title='bbox 917 5310 1016 5365; x_wconf 89' lang='lat' dir='ltr'><strong><em>est,</em></strong></span> <span class='ocrx_word' id='word_1_782' title='bbox 1046 5308 1108 5355; x_wconf 92' lang='lat' dir='ltr'><strong><em>ut</em></strong></span> <span class='ocrx_word' id='word_1_783' title='bbox 1153 5300 1255 5371; x_wconf 90' lang='lat' dir='ltr'><strong><em>ipsi</em></strong></span> <span class='ocrx_word' id='word_1_784' title='bbox 1284 5297 1440 5356; x_wconf 86' lang='lat' dir='ltr'><strong><em>nobis</em></strong></span> <span class='ocrx_word' id='word_1_785' title='bbox 1489 5299 1786 5355; x_wconf 89' lang='lat' dir='ltr'><strong><em>inferamus</em></strong></span> <span class='ocrx_word' id='word_1_786' title='bbox 1831 5313 2044 5355; x_wconf 88' lang='lat' dir='ltr'><strong><em>manus.</em></strong></span> 
     </span>
    </p>
   </div>
   <div class='ocr_carea' id='block_1_99' title="bbox 459 5387 2040 5462">
    <p class='ocr_par' dir='ltr' id='par_1_99' title="bbox 459 5387 2040 5462">
     <span class='ocr_line' id='line_1_99' title="bbox 459 5387 2040 5462; baseline -0.001 -18"><span class='ocrx_word' id='word_1_787' title='bbox 459 5391 665 5447; x_wconf 88' lang='lat' dir='ltr'><strong><em>Deinde</em></strong></span> <span class='ocrx_word' id='word_1_788' title='bbox 697 5391 771 5446; x_wconf 89' lang='lat' dir='ltr'><strong><em>illi</em></strong></span> <span class='ocrx_word' id='word_1_789' title='bbox 809 5400 1052 5458; x_wconf 91' lang='lat' dir='ltr'><strong><em>vertunt,</em></strong></span> <span class='ocrx_word' id='word_1_790' title='bbox 1084 5399 1139 5446; x_wconf 92' lang='lat' dir='ltr'><strong><em>et</em></strong></span> <span class='ocrx_word' id='word_1_791' title='bbox 1167 5401 1290 5462; x_wconf 90' lang='lat' dir='ltr'><strong><em>post</em></strong></span> <span class='ocrx_word' id='word_1_792' title='bbox 1318 5392 1557 5447; x_wconf 88' lang='lat' dir='ltr'><strong><em>triduum</em></strong></span> <span class='ocrx_word' id='word_1_793' title='bbox 1582 5389 1854 5446; x_wconf 68' lang='lat' dir='ltr'><strong><em>aedificare</em></strong></span> <span class='ocrx_word' id='word_1_794' title='bbox 1881 5387 2040 5454; x_wconf 92' lang='lat' dir='ltr'><strong><em>illud,</em></strong></span> 
     </span>
    </p>
   </div>
   <div class='ocr_carea' id='block_1_100' title="bbox 453 5481 2047 5555">
    <p class='ocr_par' dir='ltr' id='par_1_100' title="bbox 453 5481 2047 5555">
     <span class='ocr_line' id='line_1_100' title="bbox 453 5481 2047 5555; baseline 0 -19"><span class='ocrx_word' id='word_1_795' title='bbox 453 5491 520 5537; x_wconf 87' lang='lat' dir='ltr'><strong><em>ut</em></strong></span> <span class='ocrx_word' id='word_1_796' title='bbox 552 5483 770 5553; x_wconf 89' lang='lat' dir='ltr'><strong><em>proprie</em></strong></span> <span class='ocrx_word' id='word_1_797' title='bbox 812 5483 880 5539; x_wconf 91' lang='lat' dir='ltr'><strong><em>de</em></strong></span> <span class='ocrx_word' id='word_1_798' title='bbox 909 5485 1110 5555; x_wconf 92' lang='lat' dir='ltr'><strong><em>templo</em></strong></span> <span class='ocrx_word' id='word_1_799' title='bbox 1135 5481 1361 5538; x_wconf 71' lang='lat' dir='ltr'><strong><em>Iudaico</em></strong></span> <span class='ocrx_word' id='word_1_800' title='bbox 1409 5483 1610 5538; x_wconf 81' lang='lat' dir='ltr'><strong><em>dixisse</em></strong></span> <span class='ocrx_word' id='word_1_801' title='bbox 1635 5482 1902 5537; x_wconf 89' lang='lat' dir='ltr'><strong><em>videatur.</em></strong></span> <span class='ocrx_word' id='word_1_802' title='bbox 1941 5481 2047 5536; x_wconf 91' lang='lat' dir='ltr'><strong><em>Do-</em></strong></span> 
     </span>
    </p>
   </div>
   <div class='ocr_carea' id='block_1_101' title="bbox 2157 4741 3750 4814">
    <p class='ocr_par' dir='ltr' id='par_1_101' title="bbox 2157 4741 3750 4814">
     <span class='ocr_line' id='line_1_101' title="bbox 2157 4741 3750 4814; baseline -0.008 -4"><span class='ocrx_word' id='word_1_803' title='bbox 2157 4754 2375 4810; x_wconf 90' lang='lat' dir='ltr'><strong><em>condita</em></strong></span> <span class='ocrx_word' id='word_1_804' title='bbox 2399 4751 2606 4808; x_wconf 90' lang='lat' dir='ltr'><strong><em>carnali</em></strong></span> <span class='ocrx_word' id='word_1_805' title='bbox 2631 4750 2796 4807; x_wconf 88' lang='lat' dir='ltr'><strong><em>Israel</em></strong></span> <span class='ocrx_word' id='word_1_806' title='bbox 2821 4751 3065 4814; x_wconf 89' lang='lat' dir='ltr'><strong><em>fuerant,</em></strong></span> <span class='ocrx_word' id='word_1_807' title='bbox 3111 4747 3245 4803; x_wconf 85' lang='lat' dir='ltr'><strong><em>Novi</em></strong></span> <span class='ocrx_word' id='word_1_808' title='bbox 3271 4743 3606 4802; x_wconf 87' lang='lat' dir='ltr'><strong><em>Testamenti</em></strong></span> <span class='ocrx_word' id='word_1_809' title='bbox 3633 4741 3750 4798; x_wconf 84' lang='lat' dir='ltr'><strong><em>cul-</em></strong></span> 
     </span>
    </p>
   </div>
   <div class='ocr_carea' id='block_1_102' title="bbox 2157 4843 3611 4915">
    <p class='ocr_par' dir='ltr' id='par_1_102' title="bbox 2157 4843 3611 4915">
     <span class='ocr_line' id='line_1_102' title="bbox 2157 4843 3611 4915; baseline -0.009 -12"><span class='ocrx_word' id='word_1_810' title='bbox 2157 4847 2366 4903; x_wconf 86' lang='lat' dir='ltr'><strong><em>toribus</em></strong></span> <span class='ocrx_word' id='word_1_811' title='bbox 2390 4853 2516 4901; x_wconf 87' lang='lat' dir='ltr'><strong><em>sunt</em></strong></span> <span class='ocrx_word' id='word_1_812' title='bbox 2545 4843 2813 4915; x_wconf 87' lang='lat' dir='ltr'><strong><em>patefacta</em></strong></span> <span class='ocrx_word' id='word_1_813' title='bbox 2841 4850 3028 4900; x_wconf 85' lang='lat' dir='ltr'><strong><em>sancta</em></strong></span> <span class='ocrx_word' id='word_1_814' title='bbox 3053 4849 3364 4898; x_wconf 88' lang='lat' dir='ltr'><strong><em>sanctorum</em></strong></span> <span class='ocrx_word' id='word_1_815' title='bbox 3389 4852 3611 4894; x_wconf 92' lang='lat' dir='ltr'><strong><em>arcana.</em></strong></span> 
     </span>
    </p>
   </div>
   <div class='ocr_carea' id='block_1_103' title="bbox 2229 4928 3747 4992">
    <p class='ocr_par' dir='ltr' id='par_1_103' title="bbox 2229 4928 3747 4992">
     <span class='ocr_line' id='line_1_103' title="bbox 2229 4928 3747 4992; baseline -0.008 0"><span class='ocrx_word' id='word_1_816' title='bbox 2229 4937 2298 4992; x_wconf 89' lang='lat' dir='ltr'><strong><em>Et</em></strong></span> <span class='ocrx_word' id='word_1_817' title='bbox 2328 4937 2543 4992; x_wconf 87' lang='lat' dir='ltr'><strong><em>accessit</em></strong></span> <span class='ocrx_word' id='word_1_818' title='bbox 2576 4936 2646 4990; x_wconf 85' lang='lat' dir='ltr'><strong><em>ad</em></strong></span> <span class='ocrx_word' id='word_1_819' title='bbox 2670 4953 2789 4991; x_wconf 89' lang='lat' dir='ltr'><strong><em>eum</em></strong></span> <span class='ocrx_word' id='word_1_820' title='bbox 2818 4953 2926 4990; x_wconf 87' lang='lat' dir='ltr'><strong><em>una</em></strong></span> <span class='ocrx_word' id='word_1_821' title='bbox 2954 4933 3150 4989; x_wconf 88' lang='lat' dir='ltr'><strong><em>ancilla</em></strong></span> <span class='ocrx_word' id='word_1_822' title='bbox 3176 4934 3352 4988; x_wconf 88' lang='lat' dir='ltr'><strong><em>dicens</em></strong></span> <span class='ocrx_word' id='word_1_823' title='bbox 3383 4948 3402 4987; x_wconf 89' lang='lat'><strong><em>:</em></strong></span> <span class='ocrx_word' id='word_1_824' title='bbox 3435 4928 3505 4984; x_wconf 87' lang='lat' dir='ltr'><strong><em>Et</em></strong></span> <span class='ocrx_word' id='word_1_825' title='bbox 3537 4937 3595 4983; x_wconf 87' lang='lat' dir='ltr'><strong><em>tu</em></strong></span> <span class='ocrx_word' id='word_1_826' title='bbox 3625 4943 3747 4982; x_wconf 85' lang='lat' dir='ltr'><strong><em>cum</em></strong></span> 
     </span>
    </p>
   </div>
   <div class='ocr_carea' id='block_1_104' title="bbox 2155 5023 3746 5095">
    <p class='ocr_par' dir='ltr' id='par_1_104' title="bbox 2155 5023 3746 5095">
     <span class='ocr_line' id='line_1_104' title="bbox 2155 5023 3746 5095; baseline -0.006 -9"><span class='ocrx_word' id='word_1_827' title='bbox 2155 5030 2285 5086; x_wconf 81' lang='lat' dir='ltr'><strong><em>Jesu</em></strong></span> <span class='ocrx_word' id='word_1_828' title='bbox 2312 5027 2534 5085; x_wconf 73' lang='lat' dir='ltr'><strong><em>Galilazo</em></strong></span> <span class='ocrx_word' id='word_1_829' title='bbox 2564 5045 2701 5084; x_wconf 86' lang='lat' dir='ltr'><strong><em>eras.</em></strong></span> <span class='ocrx_word' id='word_1_830' title='bbox 2745 5026 2885 5094; x_wconf 87' lang='lat' dir='ltr'><strong><em>Quid</em></strong></span> <span class='ocrx_word' id='word_1_831' title='bbox 2924 5026 3027 5082; x_wconf 92' lang='lat' dir='ltr'><strong><em>sibi</em></strong></span> <span class='ocrx_word' id='word_1_832' title='bbox 3055 5025 3199 5092; x_wconf 87' lang='lat' dir='ltr'><strong><em>vult,</em></strong></span> <span class='ocrx_word' id='word_1_833' title='bbox 3229 5024 3374 5095; x_wconf 91' lang='lat' dir='ltr'><strong><em>quod</em></strong></span> <span class='ocrx_word' id='word_1_834' title='bbox 3411 5023 3590 5094; x_wconf 91' lang='lat' dir='ltr'><strong><em>primo</em></strong></span> <span class='ocrx_word' id='word_1_835' title='bbox 3617 5033 3746 5077; x_wconf 82' lang='lat' dir='ltr'><strong><em>eum</em></strong></span> 
     </span>
    </p>
   </div>
   <div class='ocr_carea' id='block_1_105' title="bbox 2151 5116 3748 5194">
    <p class='ocr_par' dir='ltr' id='par_1_105' title="bbox 2151 5116 3748 5194">
     <span class='ocr_line' id='line_1_105' title="bbox 2151 5116 3748 5194; baseline -0.009 -14"><span class='ocrx_word' id='word_1_836' title='bbox 2151 5122 2334 5194; x_wconf 85' lang='lat' dir='ltr'><strong><em>prodit</em></strong></span> <span class='ocrx_word' id='word_1_837' title='bbox 2361 5121 2580 5188; x_wconf 91' lang='lat' dir='ltr'><strong><em>ancilla,</em></strong></span> <span class='ocrx_word' id='word_1_838' title='bbox 2606 5135 2730 5177; x_wconf 91' lang='lat' dir='ltr'><strong><em>cum</em></strong></span> <span class='ocrx_word' id='word_1_839' title='bbox 2751 5119 2856 5174; x_wconf 91' lang='lat' dir='ltr'><strong><em>viri</em></strong></span> <span class='ocrx_word' id='word_1_840' title='bbox 2885 5117 3074 5190; x_wconf 90' lang='lat' dir='ltr'><strong><em>utique</em></strong></span> <span class='ocrx_word' id='word_1_841' title='bbox 3100 5116 3272 5188; x_wconf 88' lang='lat' dir='ltr'><strong><em>magis</em></strong></span> <span class='ocrx_word' id='word_1_842' title='bbox 3297 5129 3421 5170; x_wconf 93' lang='lat' dir='ltr'><strong><em>eum</em></strong></span> <span class='ocrx_word' id='word_1_843' title='bbox 3448 5117 3748 5184; x_wconf 82' lang='lat' dir='ltr'><strong><em>potuerunt</em></strong></span> 
     </span>
    </p>
   </div>
   <div class='ocr_carea' id='block_1_106' title="bbox 2150 5204 3748 5286">
    <p class='ocr_par' dir='ltr' id='par_1_106' title="bbox 2150 5204 3748 5286">
     <span class='ocr_line' id='line_1_106' title="bbox 2150 5204 3748 5286; baseline -0.009 -15"><span class='ocrx_word' id='word_1_844' title='bbox 2150 5213 2581 5286; x_wconf 86' lang='lat' dir='ltr'><strong><em>recognoscere?</em></strong></span> <span class='ocrx_word' id='word_1_845' title='bbox 2628 5211 2734 5268; x_wconf 90' lang='lat' dir='ltr'><strong><em>nisi</em></strong></span> <span class='ocrx_word' id='word_1_846' title='bbox 2775 5219 2834 5266; x_wconf 93' lang='lat' dir='ltr'><strong><em>ut</em></strong></span> <span class='ocrx_word' id='word_1_847' title='bbox 2876 5209 2981 5265; x_wconf 91' lang='lat' dir='ltr'><strong><em>iste</em></strong></span> <span class='ocrx_word' id='word_1_848' title='bbox 3025 5223 3186 5264; x_wconf 85' lang='lat' dir='ltr'><strong><em>sexus</em></strong></span> <span class='ocrx_word' id='word_1_849' title='bbox 3217 5219 3476 5278; x_wconf 89' lang='lat' dir='ltr'><strong><em>peccasse</em></strong></span> <span class='ocrx_word' id='word_1_850' title='bbox 3510 5204 3566 5258; x_wconf 91' lang='lat' dir='ltr'><strong><em>in</em></strong></span> <span class='ocrx_word' id='word_1_851' title='bbox 3608 5215 3748 5258; x_wconf 88' lang='lat' dir='ltr'><strong><em>nece</em></strong></span> 
     </span>
    </p>
   </div>
   <div class='ocr_carea' id='block_1_107' title="bbox 2149 5292 3746 5370">
    <p class='ocr_par' dir='ltr' id='par_1_107' title="bbox 2149 5292 3746 5370">
     <span class='ocr_line' id='line_1_107' title="bbox 2149 5292 3746 5370; baseline -0.007 -10"><span class='ocrx_word' id='word_1_852' title='bbox 2149 5303 2364 5360; x_wconf 91' lang='lat' dir='ltr'><strong><em>Domini</em></strong></span> <span class='ocrx_word' id='word_1_853' title='bbox 2385 5304 2687 5370; x_wconf 89' lang='lat' dir='ltr'><strong><em>videretur,</em></strong></span> <span class='ocrx_word' id='word_1_854' title='bbox 2713 5310 2770 5358; x_wconf 92' lang='lat' dir='ltr'><strong><em>et</em></strong></span> <span class='ocrx_word' id='word_1_855' title='bbox 2795 5301 2898 5357; x_wconf 88' lang='lat' dir='ltr'><strong><em>iste</em></strong></span> <span class='ocrx_word' id='word_1_856' title='bbox 2935 5315 3100 5357; x_wconf 83' lang='lat' dir='ltr'><strong><em>sexus</em></strong></span> <span class='ocrx_word' id='word_1_857' title='bbox 3126 5297 3488 5355; x_wconf 90' lang='lat' dir='ltr'><strong><em>redimeretur</em></strong></span> <span class='ocrx_word' id='word_1_858' title='bbox 3509 5309 3611 5365; x_wconf 91' lang='lat' dir='ltr'><strong><em>per</em></strong></span> <span class='ocrx_word' id='word_1_859' title='bbox 3635 5292 3746 5349; x_wconf 86' lang='lat' dir='ltr'><strong><em>Do—</em></strong></span> 
     </span>
    </p>
   </div>
   <div class='ocr_carea' id='block_1_108' title="bbox 2149 5384 3747 5464">
    <p class='ocr_par' dir='ltr' id='par_1_108' title="bbox 2149 5384 3747 5464">
     <span class='ocr_line' id='line_1_108' title="bbox 2149 5384 3747 5464; baseline -0.007 -13"><span class='ocrx_word' id='word_1_860' title='bbox 2149 5395 2282 5451; x_wconf 92' lang='lat' dir='ltr'><strong><em>mini</em></strong></span> <span class='ocrx_word' id='word_1_861' title='bbox 2307 5393 2654 5464; x_wconf 84' lang='lat' dir='ltr'><strong><em>passionem?</em></strong></span> <span class='ocrx_word' id='word_1_862' title='bbox 2677 5401 2734 5449; x_wconf 92' lang='lat' dir='ltr'><strong><em>et</em></strong></span> <span class='ocrx_word' id='word_1_863' title='bbox 2760 5391 2881 5448; x_wconf 91' lang='lat' dir='ltr'><strong><em>ideo</em></strong></span> <span class='ocrx_word' id='word_1_864' title='bbox 2902 5391 3098 5447; x_wconf 89' lang='lat' dir='ltr'><strong><em>mulier</em></strong></span> <span class='ocrx_word' id='word_1_865' title='bbox 3121 5385 3540 5446; x_wconf 81' lang='lat' dir='ltr'><strong><em>resurrectiunis</em></strong></span> <span class='ocrx_word' id='word_1_866' title='bbox 3564 5384 3747 5454; x_wconf 89' lang='lat' dir='ltr'><strong><em>prima</em></strong></span> 
     </span>
    </p>
   </div>
   <div class='ocr_carea' id='block_1_109' title="bbox 2148 5482 3746 5559">
    <p class='ocr_par' dir='ltr' id='par_1_109' title="bbox 2148 5482 3746 5559">
     <span class='ocr_line' id='line_1_109' title="bbox 2148 5482 3746 5559; baseline -0.007 -16"><span class='ocrx_word' id='word_1_867' title='bbox 2148 5487 2358 5557; x_wconf 86' lang='lat' dir='ltr'><strong><em>accepit</em></strong></span> <span class='ocrx_word' id='word_1_868' title='bbox 2399 5487 2682 5559; x_wconf 88' lang='lat' dir='ltr'><strong><em>mysteria,</em></strong></span> <span class='ocrx_word' id='word_1_869' title='bbox 2715 5493 2772 5542; x_wconf 93' lang='lat' dir='ltr'><strong><em>et</em></strong></span> <span class='ocrx_word' id='word_1_870' title='bbox 2802 5485 3059 5541; x_wconf 88' lang='lat' dir='ltr'><strong><em>mandata</em></strong></span> <span class='ocrx_word' id='word_1_871' title='bbox 3099 5482 3356 5546; x_wconf 87' lang='lat' dir='ltr'><strong><em>custodit,</em></strong></span> <span class='ocrx_word' id='word_1_872' title='bbox 3396 5485 3462 5534; x_wconf 87' lang='lat' dir='ltr'><strong><em>ut</em></strong></span> <span class='ocrx_word' id='word_1_873' title='bbox 3501 5484 3746 5532; x_wconf 89' lang='lat' dir='ltr'><strong><em>veterem</em></strong></span> 
     </span>
    </p>
   </div>
   <div class='ocr_carea' id='block_1_110' title="bbox 454 5573 3201 5648">
    <p class='ocr_par' dir='ltr' id='par_1_110' title="bbox 454 5573 3201 5648">
     <span class='ocr_line' id='line_1_110' title="bbox 454 5573 3201 5648; baseline -0.001 -19"><span class='ocrx_word' id='word_1_874' title='bbox 454 5576 642 5630; x_wconf 89' lang='lat' dir='ltr'><strong><em>minus</em></strong></span> <span class='ocrx_word' id='word_1_875' title='bbox 667 5583 847 5631; x_wconf 88' lang='lat' dir='ltr'><strong><em>autem</em></strong></span> <span class='ocrx_word' id='word_1_876' title='bbox 880 5586 942 5632; x_wconf 90' lang='lat' dir='ltr'><strong><em>ut</em></strong></span> <span class='ocrx_word' id='word_1_877' title='bbox 975 5577 1290 5634; x_wconf 90' lang='lat' dir='ltr'><strong><em>ostenderet</em></strong></span> <span class='ocrx_word' id='word_1_878' title='bbox 1315 5573 1548 5628; x_wconf 88' lang='lat' dir='ltr'><strong><em>animale</em></strong></span> <span class='ocrx_word' id='word_1_879' title='bbox 1598 5580 1652 5629; x_wconf 92' lang='lat' dir='ltr'><strong><em>et</em></strong></span> <span class='ocrx_word' id='word_1_880' title='bbox 1677 5573 1891 5642; x_wconf 90' lang='lat' dir='ltr'><strong><em>spirans</em></strong></span> <span class='ocrx_word' id='word_1_881' title='bbox 1916 5584 2049 5630; x_wconf 87' lang='lat' dir='ltr'><strong><em>tem-</em></strong></span> <span class='ocrx_word' id='word_1_882' title='bbox 2145 5577 2612 5648; x_wconf 73' lang='lat' dir='ltr'><strong><em>przevaricatiouis</em></strong></span> <span class='ocrx_word' id='word_1_883' title='bbox 2641 5575 2886 5633; x_wconf 87' lang='lat' dir='ltr'><strong><em>aboleret</em></strong></span> <span class='ocrx_word' id='word_1_884' title='bbox 2916 5583 3201 5631; x_wconf 89' lang='lat' dir='ltr'><strong><em>terrorem.</em></strong></span> 
     </span>
    </p>
   </div>
   <div class='ocr_carea' id='block_1_111' title="bbox 457 5663 2046 5738">
    <p class='ocr_par' dir='ltr' id='par_1_111' title="bbox 457 5663 2046 5738">
     <span class='ocr_line' id='line_1_111' title="bbox 457 5663 2046 5738; baseline 0 -18"><span class='ocrx_word' id='word_1_885' title='bbox 457 5666 631 5736; x_wconf 88' lang='lat' dir='ltr'><strong><em>plum,</em></strong></span> <span class='ocrx_word' id='word_1_886' title='bbox 661 5663 905 5735; x_wconf 82' lang='lat' dir='ltr'><strong><em>dixerat,</em></strong></span> <span class='ocrx_word' id='word_1_887' title='bbox 925 5678 974 5723; x_wconf 89' lang='lat' dir='ltr'><strong><em>et</em></strong></span> <span class='ocrx_word' id='word_1_888' title='bbox 1011 5685 1105 5738; x_wconf 86' lang='lat' dir='ltr'><strong><em>ego</em></strong></span> <span class='ocrx_word' id='word_1_889' title='bbox 1129 5668 1185 5721; x_wconf 90' lang='lat' dir='ltr'><strong><em>in</em></strong></span> <span class='ocrx_word' id='word_1_890' title='bbox 1210 5665 1386 5721; x_wconf 88' lang='lat' dir='ltr'><strong><em>triduo</em></strong></span> <span class='ocrx_word' id='word_1_891' title='bbox 1417 5665 1680 5722; x_wconf 88' lang='lat' dir='ltr'><strong><em>suscitabo</em></strong></span> <span class='ocrx_word' id='word_1_892' title='bbox 1706 5664 1860 5719; x_wconf 87' lang='lat' dir='ltr'><strong><em>illud.</em></strong></span> <span class='ocrx_word' id='word_1_893' title='bbox 1884 5663 2046 5720; x_wconf 81' lang='lat' dir='ltr'><strong><em>Aliud</em></strong></span> 
     </span>
    </p>
   </div>
   <div class='ocr_carea' id='block_1_112' title="bbox 447 5761 1363 5830">
    <p class='ocr_par' dir='ltr' id='par_1_112' title="bbox 447 5761 1363 5830">
     <span class='ocr_line' id='line_1_112' title="bbox 447 5761 1363 5830; baseline 0 -14"><span class='ocrx_word' id='word_1_894' title='bbox 447 5770 544 5830; x_wconf 85' lang='lat' dir='ltr'><strong><em>est</em></strong></span> <span class='ocrx_word' id='word_1_895' title='bbox 581 5762 872 5829; x_wconf 73' lang='lat' dir='ltr'><strong><em>aedificare,</em></strong></span> <span class='ocrx_word' id='word_1_896' title='bbox 904 5763 1048 5817; x_wconf 89' lang='lat' dir='ltr'><strong><em>aliud</em></strong></span> <span class='ocrx_word' id='word_1_897' title='bbox 1079 5761 1363 5817; x_wconf 90' lang='lat' dir='ltr'><strong><em>suscitare.</em></strong></span> 
     </span>
    </p>
   </div>
   <div class='ocr_carea' id='block_1_113' title="bbox 439 5847 2047 5935">
    <p class='ocr_par' dir='ltr' id='par_1_113' title="bbox 439 5847 2047 5935">
     <span class='ocr_line' id='line_1_113' title="bbox 439 5847 2047 5935; baseline 0.002 -31"><span class='ocrx_word' id='word_1_898' title='bbox 439 5920 446 5935; x_wconf 34' lang='lat'><em>.</em></span> <span class='ocrx_word' id='word_1_899' title='bbox 531 5847 780 5924; x_wconf 86' lang='lat' dir='ltr'><strong><em>Princeps</em></strong></span> <span class='ocrx_word' id='word_1_900' title='bbox 801 5859 973 5907; x_wconf 88' lang='lat' dir='ltr'><strong><em>autem</em></strong></span> <span class='ocrx_word' id='word_1_901' title='bbox 1000 5852 1327 5908; x_wconf 82' lang='lat' dir='ltr'><strong><em>sacerdotum</em></strong></span> <span class='ocrx_word' id='word_1_902' title='bbox 1355 5853 1429 5911; x_wconf 86' lang='lat' dir='ltr'><strong><em>ait</em></strong></span> <span class='ocrx_word' id='word_1_903' title='bbox 1467 5853 1548 5911; x_wconf 90' lang='lat' dir='ltr'><strong><em>illi</em></strong></span> <span class='ocrx_word' id='word_1_904' title='bbox 1572 5867 1588 5910; x_wconf 89' lang='lat'><em>:</em></span> <span class='ocrx_word' id='word_1_905' title='bbox 1612 5853 1814 5923; x_wconf 81' lang='lat' dir='ltr'><strong><em>Adjuro</em></strong></span> <span class='ocrx_word' id='word_1_906' title='bbox 1857 5860 1907 5908; x_wconf 82' lang='lat' dir='ltr'><strong><em>te</em></strong></span> <span class='ocrx_word' id='word_1_907' title='bbox 1955 5867 2047 5924; x_wconf 86' lang='lat' dir='ltr'><strong><em>per</em></strong></span> 
     </span>
    </p>
   </div>
   <div class='ocr_carea' id='block_1_114' title="bbox 1503 5969 1624 6035">
    <p class='ocr_par' dir='ltr' id='par_1_114' title="bbox 1503 5969 1624 6035">
     <span class='ocr_line' id='line_1_114' title="bbox 1503 5969 1624 6035; baseline 0.008 -1"><span class='ocrx_word' id='word_1_908' title='bbox 1503 5969 1624 6035; x_wconf 53' lang='grc' dir='ltr'><em>ι,</em></span> 
     </span>
    </p>
   </div>
   <div class='ocr_carea' id='block_1_115' title="bbox 2219 5657 3748 5744">
    <p class='ocr_par' dir='ltr' id='par_1_115' title="bbox 2219 5657 3748 5744">
     <span class='ocr_line' id='line_1_115' title="bbox 2219 5657 3748 5744; baseline -0.01 -18"><span class='ocrx_word' id='word_1_909' title='bbox 2219 5669 2289 5726; x_wconf 86' lang='lat' dir='ltr'><strong><em>Et</em></strong></span> <span class='ocrx_word' id='word_1_910' title='bbox 2317 5682 2431 5743; x_wconf 85' lang='lat' dir='ltr'><strong><em>post</em></strong></span> <span class='ocrx_word' id='word_1_911' title='bbox 2464 5670 2714 5744; x_wconf 87' lang='lat' dir='ltr'><strong><em>pusillum</em></strong></span> <span class='ocrx_word' id='word_1_912' title='bbox 2743 5677 3074 5727; x_wconf 88' lang='lat' dir='ltr'><strong><em>accesserunt</em></strong></span> <span class='ocrx_word' id='word_1_913' title='bbox 3111 5665 3202 5738; x_wconf 88' lang='lat' dir='ltr'><strong><em>qui</em></strong></span> <span class='ocrx_word' id='word_1_914' title='bbox 3241 5662 3484 5726; x_wconf 89' lang='lat' dir='ltr'><strong><em>stabant,</em></strong></span> <span class='ocrx_word' id='word_1_915' title='bbox 3511 5667 3560 5713; x_wconf 89' lang='lat' dir='ltr'><strong><em>et</em></strong></span> <span class='ocrx_word' id='word_1_916' title='bbox 3587 5657 3748 5712; x_wconf 74' lang='lat' dir='ltr'><strong><em>dixe-</em></strong></span> 
     </span>
    </p>
   </div>
   <div class='ocr_carea' id='block_1_116' title="bbox 2147 5749 3746 5822">
    <p class='ocr_par' dir='ltr' id='par_1_116' title="bbox 2147 5749 3746 5822">
     <span class='ocr_line' id='line_1_116' title="bbox 2147 5749 3746 5822; baseline -0.007 -7"><span class='ocrx_word' id='word_1_917' title='bbox 2147 5771 2272 5816; x_wconf 90' lang='lat' dir='ltr'><strong><em>runt</em></strong></span> <span class='ocrx_word' id='word_1_918' title='bbox 2303 5761 2460 5818; x_wconf 87' lang='lat' dir='ltr'><strong><em>Petro</em></strong></span> <span class='ocrx_word' id='word_1_919' title='bbox 2493 5777 2511 5816; x_wconf 89' lang='lat'><strong><em>:</em></strong></span> <span class='ocrx_word' id='word_1_920' title='bbox 2552 5761 2682 5819; x_wconf 70' lang='lat' dir='ltr'><strong><em>Vere</em></strong></span> <span class='ocrx_word' id='word_1_921' title='bbox 2705 5773 2755 5818; x_wconf 88' lang='lat' dir='ltr'><strong><em>et</em></strong></span> <span class='ocrx_word' id='word_1_922' title='bbox 2779 5773 2837 5817; x_wconf 91' lang='lat' dir='ltr'><strong><em>tu</em></strong></span> <span class='ocrx_word' id='word_1_923' title='bbox 2861 5779 2926 5817; x_wconf 75' lang='lat' dir='ltr'><strong><em>ex</em></strong></span> <span class='ocrx_word' id='word_1_924' title='bbox 2952 5760 3060 5815; x_wconf 90' lang='lat' dir='ltr'><strong><em>illis</em></strong></span> <span class='ocrx_word' id='word_1_925' title='bbox 3085 5775 3161 5822; x_wconf 86' lang='lat' dir='ltr'><strong><em>es,</em></strong></span> <span class='ocrx_word' id='word_1_926' title='bbox 3189 5769 3312 5810; x_wconf 90' lang='lat' dir='ltr'><strong><em>nam</em></strong></span> <span class='ocrx_word' id='word_1_927' title='bbox 3337 5762 3387 5807; x_wconf 89' lang='lat' dir='ltr'><strong><em>et</em></strong></span> <span class='ocrx_word' id='word_1_928' title='bbox 3417 5749 3624 5822; x_wconf 83' lang='lat' dir='ltr'><strong><em>loquela</em></strong></span> <span class='ocrx_word' id='word_1_929' title='bbox 3649 5760 3746 5804; x_wconf 91' lang='lat' dir='ltr'><strong><em>tua</em></strong></span> 
     </span>
    </p>
   </div>
   <div class='ocr_carea' id='block_1_117' title="bbox 2150 5841 3846 5934">
    <p class='ocr_par' dir='ltr' id='par_1_117' title="bbox 2150 5841 3846 5934">
     <span class='ocr_line' id='line_1_117' title="bbox 2150 5841 3846 5934; baseline -0.006 -26"><span class='ocrx_word' id='word_1_930' title='bbox 2150 5853 2483 5934; x_wconf 84' lang='lat' dir='ltr'><strong><em>manifestum</em></strong></span> <span class='ocrx_word' id='word_1_931' title='bbox 2508 5863 2558 5912; x_wconf 89' lang='lat' dir='ltr'><strong><em>te</em></strong></span> <span class='ocrx_word' id='word_1_932' title='bbox 2580 5855 2728 5926; x_wconf 85' lang='lat' dir='ltr'><strong><em>facit.</em></strong></span> <span class='ocrx_word' id='word_1_933' title='bbox 2753 5853 2873 5912; x_wconf 84' lang='lat' dir='ltr'><strong><em>Non</em></strong></span> <span class='ocrx_word' id='word_1_934' title='bbox 2895 5851 3044 5929; x_wconf 87' lang='lat' dir='ltr'><strong><em>quod</em></strong></span> <span class='ocrx_word' id='word_1_935' title='bbox 3067 5847 3289 5906; x_wconf 90' lang='lat' dir='ltr'><strong><em>alterius</em></strong></span> <span class='ocrx_word' id='word_1_936' title='bbox 3311 5841 3578 5900; x_wconf 88' lang='lat' dir='ltr'><strong><em>sermonis</em></strong></span> <span class='ocrx_word' id='word_1_937' title='bbox 3598 5846 3748 5898; x_wconf 87' lang='lat' dir='ltr'><strong><em>esset</em></strong></span> <span class='ocrx_word' id='word_1_938' title='bbox 3821 5851 3846 5920; x_wconf 62' lang='grc' dir='ltr'>έ</span> 
     </span>
    </p>
   </div>
  </div>
