4030 6502
549 385 584 416 είς

216 432 320 494 185

1040 421 1559 483 COLLECTIONES
1596 420 1664 478 IN
1699 416 2076 475 EPISTULAS
2115 418 2203 473 ET
2243 421 2657 488 EVANGELIA.

3361 430 3468 500 186

214 547 426 609 Petrus,
449 547 547 599 aut
569 537 746 613 gentis
772 543 1088 605 extraneus,
1109 553 1299 594 omnes
1328 539 1524 610 quippe
1548 535 1780 604 Hebraei,
1810 540 1865 602 Α
1886 553 2064 595 causae
2101 555 2262 610 quam
2301 542 2582 599 damnaret
2623 546 2847 604 invenit.
2887 546 3039 617 Quod
3061 565 3188 608 vero
3207 554 3469 628 principi-

215 649 270 697 et
296 643 456 694 erant
477 634 570 705 qui
597 632 914 704 arguebant,
939 639 994 688 et
1013 631 1106 701 qui
1125 631 1506 702 arguebantur,
1532 631 1625 686 sed
1645 631 1788 701 quod

214 741 550 800 unaquaeque
581 724 860 796 provincia
901 731 957 780 et
999 724 1149 796 regio
1192 724 1391 779 habeat
1430 723 1789 794 proprietates

215 839 357 888 suas,
389 829 448 877 et
469 819 818 875 vernaculum
845 817 1096 889 loquendi
1119 833 1309 874 sonum
1335 817 1506 872 vitare
1530 832 1636 872 non
1660 833 1788 888 pos-

214 918 276 972 sit
295 957 310 981 ,
343 915 487 968 unde
516 922 570 969 et
607 912 865 983 Ephratei
893 913 949 969 in
984 911 1233 970 Iudicum
1259 912 1398 968 libro
1426 927 1535 967 non
1562 919 1787 983 possunt

211 1007 438 1075 σύνθημα
466 1003 648 1060 dicere
677 1002 830 1073 (Iud.
863 1004 1006 1076 xm).

276 1097 344 1152 Et
363 1097 616 1152 continuo
636 1095 807 1168 gallus
829 1097 1076 1162 cantavit,
1099 1106 1148 1152 et
1172 1098 1475 1153 recordatus
1495 1105 1569 1152 est
1601 1097 1786 1153 Petrus

209 1189 341 1244 verbi
370 1188 609 1253 Domini,
639 1188 723 1243 vel
746 1187 1041 1244 secundum
1059 1187 1262 1244 Lucam
1291 1207 1304 1243 :
1334 1185 1575 1260 Respexit
1605 1187 1787 1243 Domi-

208 1297 298 1333 nus
323 1276 570 1333 Petrum.
615 1279 961 1350 Respiciente
989 1281 1238 1345 Domino,
1268 1280 1462 1337 Petrus
1487 1281 1553 1336 ad
1581 1297 1676 1336 cor
1700 1296 1788 1336 re-

205 1385 412 1434 versus,
464 1369 739 1426 maculam
779 1373 1116 1443 negationis,
1161 1373 1490 1444 pmnitentize
1533 1373 1786 1444 lacrymis

205 1462 376 1534 tergit.
419 1460 566 1530 Quia
594 1479 703 1520 non
731 1463 906 1520 solum
946 1481 1070 1520 cum
1109 1464 1288 1537 agitur
1327 1465 1663 1536 poenitentia,
1694 1479 1786 1519 ve-

204 1571 313 1611 rum
337 1557 503 1614 etiam
541 1564 601 1611 ut
625 1567 818 1629 agatur
831 1557 925 1614 Dei
952 1558 1326 1615 misericordia
1349 1557 1656 1614 necessaria
1677 1564 1780 1612 est.

201 1645 487 1717 Respicere
523 1661 756 1717 namque
783 1646 899 1717 ejus
926 1649 1169 1704 misereri
1198 1655 1301 1704 est.

266 1737 420 1793 Mane
447 1747 630 1794 autem
657 1739 819 1809 facto,
846 1737 1126 1794 consilium
1150 1739 1386 1809 fecerunt
1412 1739 1672 1809 principes
1698 1755 1784 1793 sa-

1887 631 1988 689 bus
2027 649 2133 689 non
2170 637 2468 706 respondit,
2496 637 2621 693 data
2655 648 2737 695 est
2777 642 2842 698 de
2880 658 3020 714 agno
3058 645 3368 714 similitudo,
3406 657 3468 708 ut

1887 723 1944 779 in
1966 740 2064 780 suo
2085 725 2300 782 silentio
2319 743 2428 783 non
2451 744 2596 796 reus,
2622 732 2718 786 sed
2748 732 3003 790 innocens
3025 737 3333 795 haberetur.
3361 739 3465 798 Ubi

1888 815 2032 870 enim
2061 818 2300 883 tacebat,
2334 819 2491 888 quasi
2533 835 2704 890 agnus
2733 829 2847 878 toto
2873 839 2971 892 pro
2998 842 3160 898 grege
3184 827 3467 884 immolan-

1887 905 1988 962 dus
2024 908 2339 977 patientiam
2375 916 2668 980 praestabat
2712 929 2726 965 :
2771 911 2874 968 Ubi
2913 930 3042 970 vero
3079 919 3463 989 respondebat,

1886 999 2037 1068 quasi
2067 1009 2255 1070 pastor
2281 999 2473 1065 bonus,
2502 1017 2601 1072 pro
2630 1003 2851 1058 creditis
2888 1004 2990 1060 sibi
3026 1008 3235 1073 ovibus,
3276 1019 3468 1066 contra

1886 1089 2134 1160 luporum
2159 1091 2535 1163 latronumque
2557 1094 2780 1150 insidias
2802 1097 3090 1167 pugnabat.

1955 1181 2291 1253 Congregatis
2313 1201 2433 1255 ergo
2455 1185 2584 1252 illis,
2609 1186 2743 1240 dixit
2771 1185 3001 1256 Pilatus,
3023 1207 3176 1261 quem
3204 1192 3357 1247 vultis
3385 1194 3468 1248 di-

1884 1273 2088 1328 mittam
2115 1276 2277 1342 vobis,
2305 1277 2595 1332 Barrabam
2631 1297 2702 1334 an
2728 1279 2942 1347 Iesum,
2973 1282 3062 1354 qui
3090 1283 3286 1337 dicitur
3314 1283 3469 1339 Chri-

1885 1365 2040 1418 stus?
2075 1365 2240 1422 Latro
2280 1367 2569 1425 seditiosus
2619 1378 2675 1426 et
2712 1371 3128 1428 homicidiorum
3157 1381 3347 1429 auctor
3388 1376 3469 1430 di-

1885 1455 2084 1512 missus
2111 1465 2194 1512 est
2223 1459 2420 1529 populo
2456 1459 2767 1517 Iudaeorum
2788 1503 2802 1528 ,
2846 1461 2902 1518 id
2941 1471 3027 1519 est
3063 1463 3329 1530 diabolus,
3374 1463 3466 1534 qui

1877 1547 1992 1618 jam
2016 1551 2144 1606 olim
2163 1539 2344 1623 patria
2373 1553 2492 1610 luce
2527 1556 2596 1610 ob
2630 1555 2844 1628 culpam
2886 1558 3150 1628 superbiae
3191 1559 3466 1629 depulsus,

1885 1652 1940 1698 et
1964 1643 2018 1698 in
2045 1644 2389 1701 tenebrarum
2415 1645 2593 1702 fuerat
2611 1662 2886 1704 carcerem
2908 1649 3129 1706 missus.
3149 1650 3324 1720 Atque
3346 1649 3469 1706 ideo

1884 1732 2054 1789 Judaei
2093 1751 2282 1805 pacem
2311 1738 2512 1794 habere
2539 1754 2648 1794 non
2677 1749 2934 1810 possunt,
2971 1741 3098 1812 quia
3137 1741 3468 1797 seditionum

200 1831 458 1886 cerdotum
479 1872 495 1898 ,
537 1841 586 1886 et
621 1833 849 1887 vinctum
879 1831 1060 1887 Jesum
1099 1831 1428 1886 tradiderunt
1457 1831 1648 1886 Pontio
1689 1831 1784 1886 Pi-
1811 1891 1856 1904 __
1884 1827 2184 1897 principem
2209 1844 2371 1898 quam
2410 1830 2697 1886 Dominum
2722 1832 2922 1904 eligere
2959 1832 3287 1889 maluerunt.
3331 1832 3470 1901 Quia

199 1921 320 1976 lato.
348 1891 676 1980 Non'solum
703 1923 770 1980 ad
795 1922 1028 1978 Pilatum
1046 1963 1061 1989 ,
1105 1923 1199 1978 sed
1224 1921 1387 1978 etiam
1416 1923 1485 1977 ad
1511 1921 1780 1978 Herodem
1809 1891 1858 1952 Β
1883 1891 2014 1975 vero
2038 1891 2303 1978 Harrabas
2331 1921 2474 1978 ﬁlius
2507 1923 2696 1993 patris,
2732 1891 2825 1979 vel
2844 1923 2986 1980 ﬁlius
3011 1924 3255 1997 magistri
3281 1891 3468 1980 eorum

197 2012 382 2069 ductus
407 2022 520 2080 est,
567 2022 624 2069 ut
666 2022 895 2086 uterque
928 2013 1158 2069 Domino
1200 2013 1467 2069 illuderet.
1512 2013 1580 2068 Et
1619 2016 1782 2069 cerne

198 2104 620 2162 sollicitudinem
655 2106 1021 2161 sacerdotum.
1065 2104 1121 2159 ln
1152 2104 1293 2160 malo
1320 2111 1433 2160 tota
1462 2112 1621 2160 nocte
1645 2105 1783 2174 vigi-

195 2195 458 2262 laverunt,
489 2207 550 2254 ut
577 2198 928 2256 homicidium
957 2198 1221 2264 facerent,
1250 2207 1304 2253 et
1329 2198 1570 2254 vinctum
1605 2197 1779 2252 trade-

194 2298 311 2342 rent
345 2289 545 2347 Pilato.
579 2290 861 2347 Habebant
887 2292 1029 2347 enim
1069 2274 1214 2346 hunc
1251 2307 1492 2356 morem,
1534 2297 1596 2346 ut
1621 2305 1783 2361 quem

193 2383 600 2451 adjudicassent
625 2385 809 2449 morti,
835 2384 1060 2455 ligatum
1080 2383 1249 2453 judiei
1281 2385 1576 2440 traderent.

263 2476 414 2530 Tunc
442 2477 621 2530 videns
649 2476 842 2543 ludas,
866 2479 957 2548 qui
985 2495 1102 2533 eum
1129 2478 1365 2542 tradidit,
1399 2479 1538 2549 quod
1563 2478 1786 2533 damna-

191 2579 272 2623 tus
304 2579 460 2634 esset,
489 2571 735 2640 projectis
764 2573 1025 2641 argenteis
1060 2573 1115 2625 in
1145 2570 1358 2641 templo,
1390 2570 1595 2626 recessit
1629 2579 1678 2625 et
1705 2569 1784 2624 la-

194 2677 318 2730 queo
346 2677 402 2714 se
429 2661 720 2731 suspendit.
746 2661 1006 2718 Avaritiae
1033 2662 1462 2734 magnitudinem
1489 2663 1783 2733 impietatis

197 2752 404 2820 pondus
445 2751 694 2808 exclusit.
742 2750 942 2808 Videns
976 2750 1143 2810 Judas
1183 2753 1470 2810 Dominum
1509 2751 1783 2822 adiudica-

197 2851 302 2897 tum
328 2844 509 2906 morti,
542 2845 775 2914 pretium
804 2845 990 2901 retulit
1013 2847 1402 2926 sacerdotibus,
1425 2849 1582 2918 quasi
1606 2847 1661 2903 in
1684 2863 1783 2919 po-

199 2943 387 2991 testate
427 2953 522 2992 sua
552 2945 697 2992 esset
741 2945 1152 3008 persecutorum
1191 2947 1400 2994 mutare
1428 2939 1777 2996 sententiam.

199 3027 373 3099 itaque
415 3029 547 3084 licet
587 3030 880 3085 mutaverit
901 3030 1235 3087 voluntatem
1264 3045 1441 3096 suam,
1482 3039 1663 3087 tamen
1689 3047 1783 3087 vo-

200 3119 414 3178 luntatis
459 3121 649 3192 primae
695 3122 904 3176 exitum
945 3136 1054 3178 non
1090 3123 1340 3178 mutavit.
1386 3121 1530 3177 Nihil
1575 3122 1782 3194 profuit

198 3213 363 3284 egisse
380 3211 770 3284 paenitentiam
789 3251 806 3280 ,
845 3227 945 3284 per
978 3227 1142 3284 quam
1170 3211 1346 3270 scelus
1372 3212 1644 3285 corrigere
1670 3227 1778 3270 non
1805 3253 1851 3318 Ο

196 3304 377 3374 potuit.

256 3397 536 3470 Principes
565 3406 740 3454 autem
768 3397 1104 3455 sacerdotum
1131 3401 1356 3470 acceptis
1391 3401 1668 3470 argenteis,
1699 3399 1782 3453 di-

190 3500 364 3545 xerunt
389 3507 406 3546 :
436 3488 580 3545 L'Von
605 3490 724 3546 licet
751 3491 956 3546 mittere
986 3508 1074 3546 eos
1101 3493 1156 3546 in
1187 3491 1487 3556 corbonam,
1518 3491 1642 3561 quia
1664 3506 1784 3561 pre-

193 3583 308 3636 tium
349 3583 637 3656 sanguinis
681 3592 778 3638 est.
823 3584 924 3655 (Ex
966 3583 1213 3656 Hieron.)
1262 3584 1400 3639 Vere
1446 3583 1674 3638 culicem
1719 3581 1784 3637 li-

195 3683 430 3742 quantes,
469 3683 530 3731 et
556 3675 821 3731 camelum
852 3674 1165 3747 glutientes.
1211 3672 1267 3728 Si
1297 3673 1474 3738 enim,
1515 3673 1635 3728 ideo
1673 3688 1780 3727 non

196 3766 404 3822 mittunt
425 3767 724 3838 pecuniam
759 3766 814 3822 in
839 3767 1156 3832 corbonam,
1186 3766 1291 3821 hoc
1323 3773 1409 3821 est
1433 3766 1486 3819 in
1515 3766 1783 3836 gazophy-

199 3859 382 3916 lacium
402 3871 462 3918 et
497 3861 634 3916 dona
661 3860 790 3926 Dei,
817 3859 944 3931 quia
969 3858 1202 3930 pretium
1231 3857 1513 3929 sanguinis
1533 3865 1648 3922 est,
1685 3871 1783 3911 cur

202 3952 304 4022 ipse
330 3953 556 4026 sanguis
583 3951 908 4009 effunditur?

264 4046 500 4103 Consilio
529 4055 702 4104 autem
729 4047 880 4111 inito,
911 4054 1144 4100 emerunt
1184 4062 1250 4101 ea:
1273 4044 1380 4100 illis
1418 4061 1604 4115 agrum
1631 4043 1782 4114 ﬁguli

206 4134 252 4188 in
272 4135 602 4205 sepulturam
626 4135 1035 4206 peregrinorum.
1065 4134 1144 4189 llli
1165 4135 1383 4204 quidem
1411 4133 1653 4188 fecerunt
1680 4133 1782 4188 alia

207 4224 496 4291 voluntate,
541 4233 601 4279 ut
638 4232 898 4280 aeternum
938 4225 1230 4294 impietatis
1272 4239 1383 4278 sum
1419 4222 1786 4292 relinquerent

209 4332 266 4372 ex
306 4319 419 4389 agri
466 4318 740 4388 emptione
781 4317 1190 4372 monimentum.
1235 4315 1504 4372 Caeterum
1547 4331 1648 4370 nos
1692 4315 1784 4385 qui

209 4411 468 4481 peregrini
498 4425 714 4465 eramus
751 4425 782 4464 a
816 4409 930 4480 lege
970 4415 1026 4464 et
1054 4407 1354 4480 prophetis,
1392 4423 1558 4477 prava
1596 4422 1784 4461 eorum

212 4499 373 4555 studia
398 4500 736 4570 suscepimus
763 4500 817 4554 in
853 4499 1107 4566 salutem,
1137 4507 1192 4555 et
1221 4499 1274 4554 in
1303 4499 1482 4570 pretio
1507 4496 1786 4567 sanguinis

213 4587 319 4657 ejus
369 4592 774 4662 requiescimus.
822 4589 1000 4662 Figuli
1054 4599 1233 4646 autem
1285 4604 1414 4660 ager
1461 4588 1780 4659 appellatur,

215 4680 326 4747 quia
350 4680 545 4752 ﬁgulus
575 4688 760 4736 noster
789 4689 873 4735 est
899 4679 1167 4736 Christus.
1198 4680 1349 4734 Tunc
1389 4679 1665 4750 impletum
1701 4687 1788 4735 est

214 4770 343 4836 quod
371 4773 573 4827 dictum
598 4777 681 4826 est
714 4787 813 4841 per
839 4770 1167 4826 Hieremiam
1198 4783 1222 4811 α
1252 4769 1573 4840 pr0phetam
1606 4770 1787 4824 dicen-

216 4865 313 4914 tem
341 4881 353 4916 :
383 4863 449 4919 Et
477 4871 804 4933 acceperunt
833 4862 1053 4933 triginta
1083 4868 1387 4932 argenteos,
1428 4861 1662 4931 pretium
1692 4876 1787 4930 ap-

215 4953 442 5019 pretiati,
483 4954 624 5024 quod
660 4953 1101 5024 appretiaverunt
1139 4966 1168 5004 a
1209 4950 1335 5006 ﬁliis
1361 4949 1558 5016 Israel,
1603 4957 1659 5004 et
1700 4950 1790 5005 de—

220 5042 398 5099 derunt
424 5061 520 5101 eos
545 5046 600 5100 in
625 5059 812 5115 agrum
839 5042 1017 5114 ﬁguli,
1051 5042 1191 5098 sicut
1214 5042 1496 5098 constituit
1518 5041 1649 5096 mihi
1682 5041 1788 5097 Do-

220 5134 404 5192 minus.

284 5225 346 5280 Et
374 5247 489 5284 cum
518 5238 852 5284 accusaretur
878 5247 910 5282 a
936 5228 1258 5300 principibus
1296 5226 1626 5281 sacerdotum
1656 5225 1789 5280 nihil

224 5321 490 5385 respondit.
520 5320 657 5376 Hinc
681 5320 855 5374 Lucas
875 5319 951 5372 ait
989 5337 1002 5372 :
1044 5317 1278 5372 Pilatum
1303 5317 1372 5371 ad
1408 5317 1669 5389 principes
1705 5333 1794 5371 sa-

225 5409 474 5464 cerdotum
515 5411 728 5474 dixisse,
771 5407 900 5462 nihil
939 5407 1141 5461 invenio
1180 5407 1236 5460 in
1276 5406 1372 5460 hoc
1412 5406 1636 5460 homine.
1679 5405 1795 5460 Hoc

227 5503 321 5560 est,
347 5502 483 5570 quod
514 5503 627 5572 ipse
651 5499 822 5572 pridie
844 5514 1006 5569 quam
1028 5505 1304 5568 pateretur
1331 5498 1470 5552 inter
1499 5497 1602 5552 alia
1630 5496 1789 5551 disci-

228 5584 356 5650 pulis
385 5592 457 5646 ait
483 5611 498 5648 :
541 5591 687 5646 Venit
712 5591 849 5646 enim
876 5589 1114 5661 princeps
1138 5589 1320 5643 mundi
1347 5589 1528 5659 hujus,
1559 5598 1605 5642 et
1627 5589 1684 5642 in
1708 5604 1788 5642 me

235 5691 324 5730 non
356 5681 500 5737 habet
537 5683 819 5756 quidquam
849 5679 1030 5753 (Joan.
1063 5678 1197 5749 xiv),
1237 5679 1332 5734 sed
1373 5679 1498 5748 quia
1538 5678 1790 5747 princeps

237 5773 422 5838 mundi,
450 5777 551 5832 hoc
591 5785 693 5841 est,
735 5775 940 5830 Pilatus
977 5788 1101 5828 eum
1143 5771 1392 5837 absolvit,
1433 5770 1488 5825 in
1514 5786 1620 5841 quo
1656 5769 1792 5824 nihil

1809 4635 1863 4694 D

1881 2013 2289 2084 interpretatur,
2314 2023 2493 2086 potest
2514 2017 2832 2073 Antichristi
2855 2025 3040 2088 typum
3062 2033 3272 2090 gerere,
3306 2032 3470 2088 quem

1880 2104 1978 2171 illi,
2004 2106 2200 2177 quibus
2223 2107 2354 2163 dicit
2378 2126 2390 2161 :
2416 2124 2514 2165 vos
2544 2124 2611 2164 ex
2630 2117 2786 2179 patre
2808 2111 3022 2168 diabolo
3042 2111 3193 2177 estis,
3219 2126 3348 2167 vero
3370 2109 3468 2166 Dei

1881 2197 1994 2253 ﬁlio
2032 2207 2157 2255 sunt
2194 2200 2494 2270 praelaturi.
2531 2201 2700 2259 Filius
2741 2210 2921 2260 autem
2960 2203 3158 2260 diaboli
3196 2202 3470 2259 Antichri-

1880 2296 2016 2355 stus,
2040 2307 2150 2348 non
2171 2294 2239 2348 ab
2260 2294 2377 2364 ipso
2398 2297 2688 2363 nascendo,
2725 2298 2820 2354 sed
2850 2298 3114 2354 imitando
3145 2306 3392 2354 vocatur.

1955 2379 2176 2438 Sedente
2221 2393 2396 2438 autem
2433 2385 2527 2440 illo
2564 2403 2660 2457 pro
2697 2386 2985 2453 tribunali,
3025 2388 3167 2442 misit
3209 2388 3278 2442 ad
3318 2386 3469 2442 illum

1882 2486 2019 2524 uxor
2045 2472 2160 2541 ejus
2187 2471 2364 2527 dicens
2400 2487 2419 2525 :
2451 2474 2604 2528 Nihil
2632 2475 2725 2528 tibi
2754 2484 2803 2529 et
2823 2477 2972 2546 justo
2996 2476 3098 2530 illi.
3134 2475 3305 2530 Multa
3332 2477 3473 2531 enim

1880 2575 2039 2629 passa
2070 2576 2186 2614 sum
2217 2561 2372 2616 hodie
2398 2579 2492 2633 per
2517 2563 2682 2618 visum
2705 2573 2916 2634 propter
2941 2563 3112 2620 illum.
3148 2565 3307 2632 Nota,
3329 2567 3472 2636 quod

1881 2649 2174 2719 gentilibus
2194 2665 2336 2720 saepe
2361 2666 2392 2705 a
2427 2652 2540 2707 Deo
2573 2654 2783 2709 somnia
2804 2654 3128 2720 revelentur,
3155 2664 3210 2710 et
3241 2655 3385 2726 quod
3416 2656 3473 2710 in

1881 2738 2055 2796 Pilato
2074 2749 2129 2796 et
2149 2757 2320 2797 uxore
2349 2740 2482 2811 ejus,
2507 2743 2716 2814 justum
2750 2744 3038 2800 Dominum
3060 2745 3470 2814 conﬁtentibus,

1881 2835 2099 2906 gentilis
2116 2835 2300 2906 populi
2323 2837 2706 2894 testimonium
2716 2838 2804 2894 sit.

1950 2926 2095 2982 Dicit
2120 2929 2309 2983 iterum
2334 2928 2442 2984 illis
2464 2927 2694 2997 Pilatus,
2717 2931 2844 3002 quid
2866 2931 3060 3002 faciam
3085 2933 3150 2988 de
3191 2932 3344 2999 Iesu,
3383 2934 3475 3005 qui

1879 3016 2076 3073 dicitur
2101 3015 2381 3074 Christus?
2401 3018 2596 3074 Dicunt
2624 3037 2824 3088 omnes,
2855 3023 3216 3095 cruci/igatur.
3258 3021 3331 3079 Ut
3369 3022 3475 3077 im-

1879 3110 2124 3182 pleretur
2154 3113 2298 3182 quod
2333 3113 2537 3169 dictum
2575 3122 2660 3171 est
2696 3116 2753 3170 in
2793 3115 3009 3172 Psalmo
3046 3133 3060 3170 :
3097 3116 3471 3172 Circumdede-

1883 3210 2005 3257 runt
2029 3219 2111 3257 me
2139 3220 2292 3259 canes
2322 3205 2474 3259 multi
2502 3204 2676 3278 (Psal.
2706 3207 2846 3278 xxi),
2882 3214 2938 3262 et
2974 3208 3104 3264 illud
3141 3207 3429 3264 Hieremiae
3454 3222 3469 3262 ;

1882 3292 2053 3348 Facta
2081 3303 2155 3349 est
2178 3296 2307 3349 mihi
2337 3297 2614 3352 haereditas
2653 3314 2791 3366 mea,
2831 3300 2966 3354 sicut
2994 3299 3074 3354 leo
3105 3301 3160 3354 in
3188 3299 3342 3367 silva,
3377 3300 3470 3354 de-

1881 3384 2072 3439 derunt
2099 3402 2256 3456 super
2279 3403 2361 3440 me
2383 3404 2559 3441 vocem
2585 3405 2737 3443 suam
2768 3389 2944 3461 (Hier.
2971 3390 3095 3461 xu).

1963 3474 2156 3531 Videns
2177 3487 2352 3532 autem
2383 3476 2610 3546 Pilatus,
2640 3481 2766 3551 quia
2791 3480 2923 3535 nihil
2941 3482 3236 3554 proliceret,
3260 3490 3474 3551 accepta

1882 3585 2021 3640 aqua
2067 3567 2191 3623 lavit
2238 3585 2426 3625 manus
2470 3588 2650 3626 coram
2693 3573 2910 3644 populo,
2938 3574 3117 3628 dicens
3159 3587 3178 3626 .°
3215 3573 3474 3629 Innocens

1881 3676 1974 3730 ego
2015 3675 2134 3712 sum
2166 3676 2199 3712 a
2227 3660 2482 3731 sanguine
2509 3661 2669 3732 hujus
2695 3662 2864 3732 justi,
2896 3671 3002 3719 etc.
3047 3662 3254 3718 Pilatus
3295 3669 3476 3718 autem

1883 3751 2094 3821 accepit
2113 3765 2308 3820 aquam
2335 3750 2491 3820 juxta
2512 3753 2640 3808 illud
2661 3755 3034 3826 propheticum
3062 3774 3075 3810 :
3102 3755 3310 3810 Lavabo
3338 3755 3477 3809 inter

1881 3841 2178 3896 innocentes
2217 3859 2405 3897 manus
2435 3860 2578 3898 meas
2608 3843 2780 3916 (Psal.
2823 3844 3016 3919 Lxxu),
3057 3854 3116 3901 ut
3157 3845 3214 3900 in
3253 3844 3475 3901 lavacro

1881 3949 2140 3989 manuum
2183 3933 2328 4004 ejus,
2369 3935 2647 4005 gentilium
2688 3950 2853 4006 opera
2893 3943 3276 4008 purgarentur,
3315 3944 3369 3991 et
3407 3934 3474 3990 ab

1882 4024 2160 4095 impietate
2180 4022 2508 4090 Iudaeorum,
2527 4027 2620 4095 qui
2635 4026 3024 4092 clamayerunt,
3049 4025 3306 4096 cruciﬁge
3327 4041 3474 4091 eum,

1884 4133 1985 4173 nos
2004 4118 2208 4173 alienos
2230 4117 2454 4183 faceret,
2491 4119 2724 4188 quodam
2761 4119 2922 4174 modo
2942 4120 3046 4174 hoc
3077 4125 3390 4173 contestans
3421 4126 3477 4173 et

1885 4210 2072 4265 dicens
2106 4229 2118 4263 :
2153 4210 2264 4281 Ego
2297 4211 2516 4279 quidem
2550 4210 2894 4265 innocentem
2927 4209 3071 4264 volui
3100 4209 3352 4273 liberare,
3382 4207 3475 4263 sed

1885 4300 2140 4369 quoniam
2191 4300 2385 4354 seditio
2423 4300 2619 4366 oritur,
2663 4307 2717 4355 et
2761 4316 2858 4371 per
2899 4300 2952 4355 id
2990 4298 3302 4354 rebellionis
3342 4297 3476 4354 mihi

1885 4398 2073 4446 contra
2097 4390 2365 4446 Caesarem
2401 4390 2610 4446 crimen
2644 4390 2980 4462 impingitur,
3017 4389 3264 4445 innocens
3297 4404 3411 4444 sum
3443 4403 3476 4442 a

1884 4482 2140 4551 sanguine
2166 4481 2328 4552 hujus
2351 4482 2486 4552 justi
2517 4480 2698 4554 (Joan.
2732 4481 2868 4553 xu).

1959 4572 2245 4644 Respondit
2276 4574 2550 4628 universus
2582 4573 2806 4645 populus
2838 4573 3015 4628 dicens
3049 4586 3069 4625 .‘
3106 4571 3337 4644 Sanguis
3360 4573 3474 4643 ejus

1887 4680 2043 4735 super
2074 4682 2168 4720 nos
2201 4674 2250 4720 et
2270 4682 2427 4736 super
2445 4664 2586 4735 ﬁlios
2617 4675 2842 4720 nostros.
2877 4665 3195 4720 Perseverat
3215 4680 3384 4736 usque
3421 4665 3476 4720 in

1887 4769 2213 4832 prmscntem
2249 4760 2392 4815 diem
2435 4760 2552 4814 haec
2588 4759 2907 4830 imprecatio
2945 4774 3108 4830 super
3136 4756 3351 4814 Judseos
3373 4800 3387 4824 ,
3422 4765 3479 4814 et

1887 4851 2108 4922 sanguis
2127 4851 2340 4906 Domini
2362 4866 2472 4906 non
2506 4849 2750 4905 aufertur
2779 4849 2847 4904 ab
2866 4850 2966 4916 eis,
2991 4849 3133 4904 unde
3162 4863 3261 4919 per
3279 4848 3476 4904 Isaiam

1884 4943 2124 5014 loquitur
2149 4961 2161 4996 :
2190 4940 2248 4998 Si
2279 4941 2569 4998 levaveritis
2601 4942 2671 4996 ad
2702 4957 2784 4995 me
2814 4958 3024 5007 manus,
3057 4957 3162 4996 non
3193 4940 3477 4996 exaudiam

1885 5050 1994 5097 vos,
2020 5050 2208 5088 manus
2227 5042 2412 5088 vestrae
2431 5033 2685 5102 sanguine
2705 5031 2872 5103 plena:
2893 5041 3035 5087 sunt.

1961 5125 2108 5180 Tunc
2132 5125 2322 5180 milites
2349 5133 2592 5179 exuentes
2620 5122 2824 5190 Iesum,
2846 5121 3157 5178 chlamidem
3183 5121 3476 5178 coccineum

1889 5216 2343 5272 circumdederunt
2373 5215 2442 5269 ei.
2483 5212 2573 5268 Vel
2607 5214 2895 5270 secundum
2937 5213 3210 5279 Marcum,
3250 5212 3476 5266 induunt

1891 5327 2010 5364 eum
2037 5325 2291 5380 purpura.
2319 5305 2426 5362 Pro
2464 5306 2614 5378 regia
2653 5307 2796 5360 enim
2837 5320 3080 5376 purpura
3118 5301 3345 5359 chlamis
3383 5299 3475 5353 illa

1893 5401 2145 5458 coccinea
2171 5400 2240 5455 ab
2266 5397 2615 5454 illudentibus
2655 5395 2897 5451 adhibita
2940 5402 3080 5459 erat,
3117 5399 3173 5446 et
3201 5398 3283 5445 est
3311 5388 3473 5444 rubra

1895 5493 2140 5565 quaedam
2166 5505 2404 5562 purpura
2433 5505 2596 5546 cocco
2625 5487 2918 5545 simillima.
2942 5485 3125 5539 Potest
3146 5482 3310 5536 etiam
3331 5480 3473 5548 ﬁeri,

1893 5592 1954 5640 ut
1980 5598 2271 5656 purpuram
2305 5583 2470 5637 etiam
2500 5581 2712 5636 Marcus
2746 5573 3279 5649 commemoraverit,
3311 5587 3473 5643 quam

1895 5674 2121 5732 chlamis
2159 5674 2430 5738 habebat,
2475 5671 2723 5744 quamvis
2763 5673 2908 5723 esset
2933 5665 3204 5721 coccinea.
3254 5664 3476 5736 Mystice

1897 5784 2028 5840 ergo
2061 5767 2117 5823 in
2142 5781 2379 5838 purpura
2408 5778 2516 5834 qua
2541 5761 2760 5819 indutus
2784 5764 2868 5812 est
2893 5755 3174 5826 Dominus,
3206 5757 3319 5828 ipsa
3355 5753 3472 5824 ejus

304 5885 326 5914 ι
363 5877 481 5936 Haec
518 5882 572 5936 in
603 5879 872 5937 Hieremia
901 5894 1007 5936 non
1039 5877 1404 5944 inveniuntur,
1445 5884 1582 5932 teste
1619 5875 1966 5950 Hieronymo.
