4030 6458
528 408 645 519 ἰε-ι

1842 454 2198 531 SMARAGDJ
2233 458 2527 517 ABBATlS

3700 454 3835 517 ⁷188

542 592 673 638 caro
713 592 876 650 quam
916 573 1258 648 passionibus
1294 573 1496 648 objecit
1544 576 1871 644 insinuatur,
1911 578 1975 635 de
2017 591 2124 650 qua
2150 577 2203 640 Α
2227 576 2402 633 haeres
2424 575 2833 646 interpretatur.
2866 571 3441 642 Necpraetereundum
3476 571 3622 645 quod
3669 572 3841 633 idem

542 670 823 748 prtemissa
853 670 1063 725 dixerat
1090 667 1366 740 ‘Propheta
1397 687 1409 723 :
1443 668 1621 736 Quare
1658 686 1780 742 ergo
1811 669 2027 724 rubrum
2052 676 2128 724 est

542 762 905 820 indumentum
934 768 1101 825 tuum,
1144 768 1193 814 et
1234 761 1536 816 vestimenta
1564 771 1678 827 tua,
1721 762 1871 832 quasi
1912 760 2129 816 calcan-

543 853 672 909 tium
694 853 748 906 in
777 849 1049 905 torculari.
1071 850 1131 907 In
1153 865 1353 908 corona
1381 868 1511 908 vero
1537 868 1701 925 quam
1723 854 1991 926 portabat,
2023 853 2131 925 spi-

544 962 644 1005 nea
674 954 983 1002 nostrorum
1013 945 1283 1016 susceptio
1308 955 1688 1016 peccatorum,
1722 964 1823 1021 pro
1852 962 1958 1019 qua
1987 963 2131 1003 mor-

544 1040 669 1096 talis
706 1039 823 1093 ﬁeri
854 1038 1103 1108 dignatus
1150 1044 1234 1093 est
1260 1039 1583 1104 ostenditur,
1621 1037 1780 1108 juxta
1814 1038 1956 1110 quod
1990 1054 2133 1109 pra:-

542 1148 734 1191 cursor
772 1132 943 1201 ipsius
990 1129 1360 1205 testimonium
1387 1132 1438 1187 ei
1482 1132 1773 1202 perhibens
1818 1132 1895 1188 ait
1936 1149 1949 1185 :
1996 1130 2132 1185 Ecce

544 1243 712 1299 agnus
757 1224 877 1289 Dei,
920 1241 1035 1280 ecce
1085 1225 1175 1296 qui
1219 1223 1350 1279 tollit
1376 1234 1590 1295 peccata
1634 1226 1817 1281 mundi
1852 1224 2035 1299 (Joan.
2067 1225 2129 1293 ι).

543 1318 790 1388 Namque
815 1316 1001 1388 spinas
1030 1315 1083 1372 'm
1105 1316 1502 1388 signiﬁcatione
1520 1326 1871 1389 peccatorum
1892 1317 2018 1388 poni
2046 1332 2134 1373 so-

546 1407 659 1464 lere
690 1415 922 1463 testatur
953 1408 1067 1479 ipse
1096 1408 1376 1472 Dominus,
1404 1408 1497 1478 qui
1536 1406 1899 1479 rprotoplasto,
1928 1408 1982 1462 in
2009 1422 2135 1477 pee-

544 1486 729 1556 catum
753 1501 1005 1575 prolapso
1034 1499 1253 1557 diccbat
1283 1519 1295 1555 :
1332 1499 1493 1555 Terra
1518 1509 1609 1555 tua
1628 1500 1815 1571 spinas
1838 1510 1887 1555 et
1911 1499 2133 1555 tribulos

543 1595 853 1669 geminabit
898 1596 991 1661 tibi
1034 1593 1190 1668 (,Gen.
1220 1590 1326 1669 ιιι),
1376 1593 1520 1664 quod
1561 1603 1646 1647 est
1688 1599 1873 1664 aperte
1901 1592 2130 1647 dicere:

546 1689 888 1747 Conscientia
920 1698 1010 1746 tua
1043 1690 1362 1760 punctiones
1404 1688 1526 1754 tibi,
1550 1696 1608 1744 et
1640 1687 1855 1743 aculeos
1878 1688 2134 1743 vitiorum

542 1798 833 1855 procreare
860 1799 966 1839 non
995 1783 1237 1841 desistet.
1269 1781 1423 1848 Quod
1450 1795 1582 1836 vero
1600 1778 1757 1849 juxta
1785 1779 2135 1851 Evangelium

542 1876 706 1933 Luca:
728 1875 1004 1947 Dominus
1032 1874 1178 1944 apud
1217 1873 1487 1928 Herodem
1531 1871 1653 1927 alba
1692 1879 1840 1927 veste
1870 1870 2129 1935 induitur,

2233 669 2419 725 Simon
2435 669 2501 725 de
2513 667 2638 724 villa
2654 667 2866 724 venisse
2880 666 3086 734 fertur;
3101 667 3229 723 villa
3243 668 3390 725 enim
3402 683 3576 743 pagus
3591 670 3841 738 dicitur,

2232 778 2405 818 avoee
2420 760 2607 819 Graaea
2632 766 2793 833 πηγή,
2816 774 2937 831 quae
2958 757 3164 815 fontem
3205 759 3495 833 signiﬁcat,
3530 762 3676 817 unde
3706 761 3841 832 plu-

2232 870 2321 911 res
2336 855 2496 913 simul
2524 857 2714 914 domus
2740 856 2977 922 rusticae,
3005 856 3110 911 hoc
3130 863 3237 922 est,
3259 856 3444 928 plures
3457 856 3616 921 villa,
3646 871 3843 928 pagus

2232 955 2479 1014 vocatur,
2526 952 2671 1020 quod
2714 950 2859 1005 circa
2895 947 3072 1005 fontes
3110 948 3270 1021 condi
3317 948 3626 1021 huiusmodi
3680 948 3841 1003 villae

2233 1051 2647 1098 consueverunt.
2666 1042 2813 1099 Hinc
2834 1042 3032 1116 pagani
3061 1042 3190 1119 dicti
3223 1043 3381 1114 quasi
3422 1044 3632 1099 villani.
3666 1044 3840 1101 Unde

2230 1148 2471 1205 paganos
2500 1133 2831 1205 appellamus
2860 1149 2990 1202 eos,
3023 1148 3159 1205 quos
3194 1148 3226 1189 a
3272 1132 3494 1189 civitate
3542 1133 3638 1189 Dei
3693 1134 3838 1188 alic-
3892 1180 3902 1197 ,

2230 1237 2355 1289 nos,
2385 1231 2448 1305 et.
2469 1222 2624 1293 quasi
2664 1225 2884 1295 urbana:
2932 1223 3360 1283 conversationis
3408 1238 3530 1281 esse
3572 1225 3838 1281 videmus

2234 1322 2504 1385 expertes.
2539 1313 2645 1371 Sed
2663 1316 2729 1371 de
2754 1330 2894 1387 pago
2923 1315 3109 1373 Simon
3135 1316 3435 1389 egrediens,
3455 1331 3676 1374 crucem
3700 1334 3837 1388 por-

2235 1410 2314 1458 tat
2329 1403 2807 1473 postJesum,cum
2818 1406 3049 1477 populus
3072 1406 3351 1463 nationum
3375 1407 3601 1479 paganis
3627 1408 3839 1464 ritibus

2236 1494 2545 1564 derelictis,
2588 1499 2811 1571 vestigia
2850 1498 3147 1555 Dominicaa
3187 1499 3459 1573 passionis
3507 1498 3837 1556 obedienter

2236 1589 2631 1660 complectitur.
2661 1591 2815 1660 Quod
2836 1601 3019 1648 autem
3047 1592 3347 1649 secundum
3371 1591 3577 1649 Lucam
3618 1594 3679 1650 in
3721 1596 3835 1652 hoc

2236 1677 2357 1736 loco
2387 1683 2738 1753 sequentibus
2761 1699 2817 1739 se
2838 1683 3100 1740 Dominus
3127 1682 3446 1741 mulieribus
3468 1685 3636 1741 dixit:
3662 1683 3835 1740 Filiae

2238 1776 2596 1843 Hierusalem,
2621 1775 2778 1831 nolite
2797 1778 2921 1845 ﬂere
2939 1794 3100 1850 super
3121 1795 3223 1845 me,
3245 1779 3337 1834 sed
3363 1796 3520 1851 super
3548 1796 3637 1836 vos
3666 1790 3721 1834 et
3745 1798 3837 1836 su-

2235 1888 2327 1944 per
2352 1869 2492 1941 ﬁlios
2515 1878 2730 1934 vestros,
2751 1876 2807 1923 et
2830 1869 2979 1924 addit
3009 1883 3024 1923 :
3052 1867 3192 1935 Quia
3217 1869 3262 1923 si
3279 1868 3334 1922 in
3361 1854 3516 1923 viridi
3544 1867 3689 1941 ligno
3716 1871 3836 1925 ιιωσ

543 1970 599 2027 in
628 1970 840 2027 caeteris
876 1984 1007 2023 vero
1049 1966 1410 2038 Evangelistis
1456 1981 1487 2021 a
1532 1964 1792 2020 militibus
1819 1962 2004 2027 Pilati,
2033 1961 2133 2017 sub
2160 1951 2208 2012 Β
2236 1964 2461 2041 faciunt,
2488 1962 2549 2015 in
2585 1961 2735 2016 arido
2758 1962 2887 2032 quid
2918 1961 3044 2031 ﬁent
3079 1960 3245 2032 (Luc.
3266 1962 3463 2034 xxm)?
3486 1962 3585 2037 (Ex
3630 1962 3833 2033 Beda.)

543 2062 795 2127 coccineo
827 2062 940 2118 sive
975 2073 1247 2131 purpureo
1286 2056 1472 2113 habitu
1511 2056 1700 2112 illusus
1737 2070 1857 2112 esse
1886 2054 2133 2126 perhibe-

544 2162 651 2220 tur,
676 2151 869 2209 collata
892 2160 1119 2220 utraque
1147 2148 1479 2213 narratione,
1507 2146 1563 2201 in
1584 2161 1693 2202 uno
1722 2144 2050 2210 innocentia,
2078 2150 2137 2198 et

544 2252 769 2307 castitas
797 2257 1089 2319 assumpta:
1110 2245 1494 2310 humanitatis,
1532 2243 1587 2298 in
1624 2242 1794 2298 altero
1822 2249 2004 2296 autem
2038 2254 2133 2311 ve-_

544 2342 679 2397 ritas
706 2340 991 2411 passionis,
1027 2352 1127 2410 per
1160 2352 1325 2409 quam
1352 2335 1419 2391 ad
1458 2334 1683 2405 gloriam
1725 2332 1877 2402 regni
1906 2332 2132 2386 immor-

546 2434 670 2489 talis
705 2440 852 2490 esset
875 2438 1235 2501 perventurus
1257 2428 1598 2500 exprimitur.
1634 2425 1789 2483 Sicut
1826 2424 1972 2479 enim
2000 2438 2131 2493 pur-

539 2502 943 2597 pura’cclorem
980 2521 1287 2591 sanguinis,
1329 2519 1422 2591 qui
1449 2533 1549 2589 pro
1590 2517 1746 2573 nobis
1781 2514 1985 2571 cﬁ‘usus
2026 2521 2134 2580 est,

540 2616 813 2682 imitatur,
863 2616 936 2673 ita
976 2622 1041 2669 et
1084 2612 1304 2667 habitus
1333 2625 1580 2682 regnum,
1617 2608 1759 2677 quod
1782 2614 1905 2676 post
1926 2604 2135 2675 passio-

540 2726 667 2771 nem
718 2709 977 2773 intravit,
1020 2707 1289 2775 nobisque
1335 2703 1645 2777 intrandum
1675 2699 1965 2772 patefecit,
2005 2698 2137 2753 insi-

546 2801 750 2856 nuavit.
782 2801 983 2855 Verum
1022 2798 1147 2867 quia
1179 2796 1316 2851 dixit
1341 2794 1629 2865 Apostolus
1654 2792 1953 2861 :Quotquot
1995 2790 2135 2871 enim

540 2895 603 2947 in
654 2891 861 2953 Christo
915 2889 1165 2960 baptizati
1218 2887 1375 2953 estis,
1425 2883 1695 2940 Christum
1746 2882 2024 2947 induistis,
2081 2889 2137 2936 ct

544 2987 713 3044 Isaias
732 2984 971 3042 Domino
1012 2985 1077 3041 de
1101 2983 1290 3039 electis
1331 2982 1584 3039 omnibus
1613 2996 1627 3033 :
1662 2979 1761 3035 His
1798 2978 1934 3034 velut
1974 2994 2137 3041 orna-

540 3088 720 3136 mento
759 3080 993 3135 vestieris
1036 3077 1173 3150 (Isa.
1198 3078 1377 3147 XLIX).
1422 3075 1615 3135 Potest
1657 3075 1715 3132 in
1748 3076 1857 3132 hoc
1902 3083 2135 3145 utroque

539 3171 757 3228 Domini
810 3171 1034 3236 habitu,
1078 3170 1262 3229 otunis
1308 3169 1608 3225 electorum
1654 3168 1772 3239 ejus
1815 3168 2128 3233 multitudo,

544 3277 666 3333 quae
710 3263 765 3318 in
806 3271 1076 3333 martyres
1099 3262 1459 3327 venerandos,
1502 3268 1559 3316 et
1598 3268 1849 3316 caeterum
1895 3259 2129 3317 ﬁdelium

543 3356 755 3428 plebem
785 3356 1152 3425 distinguitur,
1185 3355 1465 3427 aptissime
1504 3353 1797 3425 designari.
1825 3353 1961 3409 Alba
1986 3353 2132 3409 enim

542 3458 697 3505 veste
740 3450 1005 3514 induitur,
1060 3464 1186 3504 cum
1238 3449 1439 3505 munda
1487 3446 1758 3517 iustorum
1801 3446 2139 3502 confessione

538 3540 930 3597 circumdatur.
968 3540 1217 3610 Purpura
1264 3540 1379 3594 sive
1425 3554 1590 3596 cocco
1631 3538 1882 3605 vestitur,
1926 3553 2050 3593 cum
2081 3538 2137 3592 in

542 3630 822 3700 triumpho
854 3630 1270 3689 victoriosorum
1300 3637 1599 3698 martyrum
1626 3629 1902 3699 gloriatur.

620 3720 693 3777 Et
732 3721 1010 3792 plectentes
1053 3736 1301 3776 coronam
1338 3720 1404 3775 de
1429 3720 1595 3790 spinis
1615 3760 1630 3787 ,
1658 3727 1945 3791 posuerunt
1982 3736 2139 3790 super

546 3819 703 3882 caput
729 3809 932 3881 ejus,et
945 3811 1261 3865 arundinem
1286 3810 1342 3865 in
1373 3810 1588 3865 dextera
1601 3809 1737 3881 ejus,
1754 3818 1809 3866 et
1828 3810 2052 3880 reliqua.
2078 3809 2137 3865 In

542 3902 819 3960 ehlamide
837 3905 1093 3961 coccinea
1116 3919 1281 3973 opera
1302 3903 1558 3960 Gentium
1578 3913 1802 3959 eruenta
1826 3912 2095 3960 sustentat
2120 3921 2132 3957 :

540 3997 608 4054 .in
636 4012 839 4055 corona
884 3999 1074 4070 spinea
1120 3997 1474 4054 maledictum
1524 3998 1687 4053 solvit
1723 3998 2004 4067 antiquum
2036 4016 2049 4051 :
2081 3996 2137 4052 in

545 4090 757 4147 calamo
784 4099 1047 4147 venenata
1074 4090 1275 4147 occidit
1303 4089 1579 4155 animalia,
1607 4090 1721 4145 sive
1762 4089 2031 4146 calamum
2056 4098 2139 4144 te-

546 4182 711 4239 nebat
731 4183 788 4237 in
816 4197 983 4238 manu
1002 4222 1018 4249 ,
1050 4189 1116 4237 ut
1142 4181 1487 4252 sacrilegium
1514 4181 1783 4237 scriberet
1803 4178 2133 4235 Judteorum.

617 4273 884 4331 Exeuntes
925 4284 1122 4341 autem,
1151 4276 1458 4331 inuenerunt
1507 4273 1769 4328 hominem
1804 4272 2135 4343 Cyrenwum,

545 4366 832 4421 uenientem
853 4367 1058 4422 obviam
1081 4367 1205 4432 sibi,
1235 4368 1351 4422 sive
1379 4367 1678 4422 secundum
1718 4365 1959 4422 Marcum
1995 4384 2007 4420 :
2046 4364 2141 4422 Ve-

548 4454 777 4510 nientem
814 4456 880 4510 de
930 4456 1078 4521 villa,
1110 4458 1319 4511 nomine
1346 4455 1636 4522 Simonem,
1664 4457 1802 4513 hunc
1831 4459 2141 4529 angariaue-

550 4556 697 4614 runt,
724 4555 781 4602 ut
808 4545 1010 4604 tolleret
1040 4564 1248 4603 crucem
1268 4550 1402 4620 ejus.
1435 4550 1535 4621 (Ex
1562 4549 1810 4623 Hieron.)
1829 4551 2140 4607 Cavendum

548 4653 621 4694 ne
640 4638 895 4694 videatur
922 4639 1266 4696 contrarium
1291 4642 1432 4712 quod
1450 4640 1687 4698 Joannes
1710 4642 1927 4708 scribit,
1959 4643 2136 4713 ipsum
2162 4682 2217 4743 Β

550 4729 840 4786 Dominum
869 4732 972 4788 sibi
1010 4747 1230 4789 crucem
1258 4744 1526 4805 portasse.
1556 4732 1671 4791 Sed
1709 4735 1816 4791 hoc
1836 4734 2139 4806 intelligen-

549 4823 701 4889 dum,
734 4823 878 4893 quod
907 4824 1194 4895 egrediens
1240 4826 1307 4881 de
1355 4826 1609 4897 praetorio
1650 4824 1831 4892 Jesus,
1860 4828 1979 4896 ipse
2034 4826 2139 4883 sibi

550 4914 848 4972 secundum
880 4915 1146 4973 Joannem
1170 4919 1409 4987 portavit
1430 4934 1670 4985 crucem,
1712 4928 1900 4990 postea
1928 4918 2137 4973 Simoni

550 5009 873 5080 portandam
922 5010 1314 5080 imposuerunt,
1344 5019 1400 5065 et
1433 5012 1537 5067 hoc
1563 5026 1804 5081 congruo
1829 5012 1964 5066 satis
1990 5012 2138 5067 ordi-

532 5110 655 5166 'ue,
686 5101 812 5171 quia
837 5102 946 5172 ipse
987 5116 1174 5172 passus
1214 5110 1289 5156 est
1335 5118 1431 5173 pro
1460 5103 1627 5168 nobis,
1660 5101 1955 5173 relinquens
1985 5102 2135 5158 nobis

551 5190 866 5263 exemplum,
914 5201 972 5246 ut
1015 5206 1297 5264 sequantur
1331 5191 1549 5261 uestigia
1587 5192 1703 5262 ejus
1754 5190 1822 5263 (I
1848 5189 1997 5249 Petr.
2027 5195 2133 5265 ιιι).

552 5280 623 5337 Εῑ
649 5283 773 5353 quia
806 5281 996 5339 Simon
1037 5284 1163 5349 iste,
1191 5298 1299 5338 non
1345 5280 1782 5353 Hierosolymita,
1828 5283 1927 5339 sed
1965 5282 2135 5355 Cyre-

553 5388 704 5430 naeus
731 5388 852 5431 esse
893 5376 1227 5444 perhibetur.
1273 5371 1679 5443 Cyrene‘enim
1712 5372 1892 5446 Libya:
1941 5376 2136 5434 civitas

555 5471 671 5532 est,
700 5473 762 5519 ut
804 5465 863 5521 in
903 5465 1132 5521 Actibus
1175 5461 1542 5532 apostolorum
1596 5462 1826 5536 legimus
1868 5465 2010 5538 (Act.
2034 5465 2132 5539 ιι),

557 5562 705 5611 recte
721 5570 821 5628 per
840 5570 963 5619 eum
984 5554 1169 5626 populi
1189 5553 1428 5624 gentium
1456 5553 1832 5625 designantur,
1845 5559 1938 5628 qui
1963 5573 2137 5630 quon-

558 5648 681 5704 dam
726 5648 1000 5720 peregrini
1046 5654 1105 5701 et
1148 5645 1389 5718 hospites
1442 5654 1932 5716 testamentorum,
1990 5665 2137 5706 nunc

557 5740 861 5798 obediendo
877 5740 1027 5795 cives
1056 5746 1264 5795 suntet
1285 5740 1566 5796 domestici
1596 5740 1713 5796 Dei.
1741 5741 1811 5797 Et
1839 5741 1984 5796 sicut
2009 5741 2135 5797 alibi

560 5830 759 5887 dicitur
784 5846 798 5883 :
828 5827 1079 5885 eredes
1096 5830 1306 5903 quidem
1330 5829 1449 5899 Dei,
1473 5830 1767 5886 coheredes
1783 5839 1956 5885 autem
1979 5830 2135 5886 Chri-

558 5923 630 5979 sti
651 5919 831 5992 (Rom.
846 5919 989 5994 vui).
1013 5921 1163 5980 Unde
1185 5932 1243 5981 et
1265 5930 1391 5995 apte
1403 5920 1594 5979 Simon
1607 5922 1884 6004 obediens,
1903 5922 2134 5997 Cyrene,

2239 2055 2416 2112 Viride
2446 2054 2806 2126 enimlignum
2837 2055 3073 2125 seipsum
3108 2070 3344 2124 suosque
3370 2054 3594 2123 electos,
3610 2058 3835 2112 aridum

2230 2162 2360 2204 vero
2397 2147 2592 2220 impios
2634 2155 2691 2202 et
2727 2153 3042 2217 peceatores
3085 2146 3374 2217 signiﬁcat.
3421 2145 3478 2201 Si
3519 2162 3621 2218 ego
3670 2148 3833 2219 ipse,

2232 2243 2422 2315 inquit,
2440 2243 2533 2314 qui
2555 2249 2838 2314 peccatum
2866 2255 2971 2296 non
2999 2239 3127 2306 feci,
3142 2241 3235 2313 qui
3251 2240 3454 2312 lignum
3480 2241 3604 2296 vita:
3626 2243 3840 2299 merito

2233 2336 2492 2406 appellor,
2516 2335 2724 2391 fructus
2754 2333 2941 2406 gratia:
2968 2332 3245 2389 duodenos
3275 2350 3375 2405 per
3396 2334 3634 2406 singulos
3669 2351 3838 2391 men-

2232 2444 2321 2487 ses
2357 2428 2544 2495 altero,
2589 2428 2707 2483 sine
2748 2426 2873 2499 igne
2903 2427 3171 2499 passionis
3199 2443 3231 2484 a
3279 2428 3481 2487 mundo
3510 2443 3624 2485 non
3664 2443 3833 2496 exeo,

2234 2522 2365 2592 quid
2389 2529 2546 2590 putas
2592 2535 2687 2577 eos
2722 2534 2943 2575 manere
2987 2521 3267 2588 tormenti,
3303 2521 3395 2593 qui
3435 2520 3706 2577 fructibus
3735 2538 3837 2578 va-

2235 2612 2352 2679 cui,
2415 2612 2638 2682 insuper
2695 2610 2819 2665 vitae
2872 2609 3079 2681 lignum
3132 2608 3366 2668 ﬂammis
3419 2610 3552 2668 dare
3593 2628 3704 2671 non
3762 2615 3836 2670 ti-

2232 2704 2422 2765 ment?

2306 2801 2375 2856 Et
2401 2808 2647 2857 venerunt
2669 2800 2724 2857 in
2751 2799 2922 2855 locum
2946 2800 3037 2873 qui
3066 2800 3262 2856 dicitur
3284 2798 3567 2873 Golgotha,
3586 2802 3731 2875 quod
3750 2809 3831 2857 est

2236 2894 2492 2950 Calrarite
2513 2894 2680 2950 locus.
2711 2895 2875 2951 Extra
2895 2896 3087 2951 urbem
3106 2893 3445 2952 Hierusalem
3464 2903 3523 2951 et
3540 2894 3679 2951 foris
3698 2910 3831 2966 por-

2234 2999 2348 3045 tam
2363 2990 2483 3047 loca
2500 2999 2659 3047 erant
2686 2992 2740 3047 in
2764 2992 2961 3063 quibus
2978 2992 3370 3051 truncabantur
3390 2991 3578 3063 capita
3601 2993 3830 3048 damna-

2236 3090 2434 3147 torum,
2453 3090 2506 3137 et
2522 3082 2796 3150 calvarize,
2818 3083 2874 3139 id
2885 3091 2970 3139 est
2996 3081 3385 3139 deccllatorum
3409 3097 3696 3153 sumpsere
3728 3097 3832 3138 no.

2235 3189 2379 3230 men.
2402 3172 2693 3247 Propterea
2721 3183 2903 3231 autem
2928 3174 3002 3230 ibi
3031 3172 3323 3230 cruciﬁxus
3350 3174 3743 3241 estDominus,
3767 3182 3831 3231 ut

2235 3266 2326 3320 ubi
2343 3266 2492 3337 prius
2508 3276 2625 3321 erat
2638 3282 2765 3322 area
2781 3267 3183 3333 damnatorum,
3197 3266 3269 3321 ibi
3282 3266 3831 3338 erigerenturvexilla

2240 3357 2507 3428 martyrii.
2525 3357 2591 3411 Et
2606 3358 2877 3428 quomodo
2893 3373 2993 3428 pro
3011 3358 3168 3427 nobis
3186 3358 3535 3417 maledictum
3554 3358 3738 3414 crucis
3755 3357 3833 3412 fa-

2239 3459 2360 3507 ctus
2379 3461 2432 3507 et
2454 3450 2770 3523 ﬁagellatus,
2785 3459 2841 3507 et
2862 3452 3186 3516 cruciﬁxus,
3218 3452 3299 3507 sic
3328 3466 3432 3521 pro
3459 3451 3708 3507 omnium
3741 3465 3830 3506 sa-

2239 3542 2349 3598 lute
2362 3544 2519 3613 quasi
2539 3544 2887 3600 noxiusinter
2900 3544 3094 3600 noxios
3110 3542 3467 3616 cruciﬁgitur,
3483 3554 3544 3601 ut
3556 3544 3647 3601 ubi
3662 3544 3834 3600 abun-

2236 3635 2381 3689 davit
2416 3645 2707 3706 peccatum,
2744 3635 3132 3705 supernbundet
3160 3636 3333 3707 gratia
3356 3635 3538 3709 (Rom.
3568 3646 3645 3709 v).
3680 3634 3831 3703 Qua-

2238 3726 2363 3781 liter
2390 3742 2521 3781 sane
2542 3727 2801 3783 Dominus
2845 3727 2899 3783 in
2926 3742 3089 3783 cruce
3124 3728 3359 3798 positus,
3380 3727 3585 3798 quidve
3626 3727 3823 3782 eadem

2238 3820 2593 3875 sacratissimi
2625 3821 2870 3891 corporis
2899 3821 3102 3891 positio
3129 3821 3326 3892 regaiis
3356 3822 3410 3877 in
3439 3837 3498 3877 se
3524 3829 3653 3893 typo
3696 3836 3833 3876 con-

2240 3910 2428 3977 tineat,
2459 3910 2709 3965 Sedulius
2743 3912 2796 3967 in
2842 3910 3095 3967 Paschali
3136 3912 3380 3970 carmine
3400 3911 3633 3986 pulchre
3658 3912 3833 3967 versi-

2237 4000 2338 4056 bus
2359 3999 2494 4056 dixit
2520 3999 2656 4072 (Lib.
2686 4000 2764 4072 v).

2362 4120 2595 4185 frotinus
2618 4122 2668 4171 in
2694 4120 2843 4181 patuli
2868 4132 3140 4185 suspensus
3159 4119 3379 4185 culmine
3400 4119 3544 4184 tigni,

2365 4182 2642 4246 llelligione
2669 4186 2742 4241 pia
2767 4182 3271 4246 mutans'diserlminis
3295 4184 3442 4246 iram,

2366 4246 2466 4310 Pax
2488 4241 2649 4297 crucis
2668 4247 2773 4308 ipse
2794 4246 2901 4310 fuit,
2930 4245 3240 4310 violentaque
3258 4241 3682 4310 robora’membris

2362 4308 2620 4359 "lustrans
2644 4306 2872 4371 propriis,
2888 4306 3085 4371 poenam
3114 4309 3315 4357 vestivit
3338 4306 3544 4371 honore,

2364 4368 2773 4433 Suppliciumque
2791 4368 2928 4420 dedit
2948 4371 3142 4430 signum
3163 4368 3667 4433 magisessesalutis,

2362 4430 2570 4507 [ινξιὶιιιο
2594 4430 2894 4507 autiaceas
2911 4434 2965 4507 in,
2980 4445 3048 4507 ξεεΔ
3061 4438 3304 4507 Pareae}!
3322 4430 3507 4507 Parii-

2366 4488 2507 4545 Neve
2531 4496 2641 4556 quis
2664 4496 2862 4555 ignoret
2885 4493 3106 4555 speciem
3130 4495 3297 4544 crucis
3315 4503 3427 4541 esse
3445 4488 3728 4556 colendam.

2367 4557 2484 4615 Quae
2504 4555 2764 4618 Dominum
2786 4559 2993 4618 portavit
3009 4568 3177 4618 ovans,
3202 4557 3394 4618 ratione
3420 4555 3611 4618 potenti

2370 4621 2607 4680 Quattuor
2631 4617 2745 4665 inde
2774 4615 2942 4680 plagas
2962 4617 3187 4678 quadrati
3212 4615 3580 4680 colligiturbis.

2365 4677 2658 4741 Splendidus
2681 4677 2892 4728 auctoris
2914 4677 2989 4727 de
3004 4682 3189 4728 vertice
3206 4677 3370 4741 fulget
3386 4677 3535 4727 Eous.

2365 4739 2581 4795 O‘eciduo
2598 4750 2755 4791 sacrae
2775 4740 3052 4791 lambuntur
3074 4741 3240 4790 sidere
3266 4739 3460 4801 planta.

2369 4809 2550 4856 Arcton
2576 4804 2749 4865 dextra
2776 4809 2936 4860 tenet,
2953 4801 3168 4865 medium
3190 4801 3308 4850 laeva
3333 4803 3480 4859 erigit
3498 4809 3664 4865 axem,

2364 4868 2646 4926 Cunctaque
2666 4864 2730 4912 de
2748 4864 2982 4914 membris
3003 4865 3121 4926 vivit
3136 4862 3315 4913 natura
3340 4861 3574 4926 creantis,

2363 4930 2425 4981 Et
2459 4924 2612 4979 cruce
2651 4926 2959 4988 coniplexum
2996 4924 3216 4977 Christus
3251 4927 3387 4988 regit
3408 4924 3819 5046 undiqufdumnun-

2328 5103 2581 5159 Moralem
2652 5117 2865 5173 quoque
2929 5108 3289 5156 sacrosanctae
3358 5097 3538 5154 erucis
3596 5096 3830 5168 ﬁguram

2236 5197 2499 5254 describit
2535 5192 2846 5264 Apostolus,
2876 5192 2969 5246 ubi
3010 5192 3090 5246 ait
3136 5209 3151 5246 :
3183 5189 3253 5246 In
3291 5190 3550 5244 charitate
3596 5187 3829 5242 radicati

2234 5298 2285 5343 et
2334 5286 2565 5357 fundati,
2599 5293 2654 5338 ut
2692 5283 2901 5352 possitis
2930 5282 3368 5353 comprehendere
3411 5297 3532 5335 cum
3584 5278 3830 5335 omnibus

2235 5375 2452 5439 sanctis,
2481 5389 2599 5444 quae
2620 5372 2686 5426 sit
2710 5370 2936 5426 latitudo
2961 5380 3009 5426 et
3046 5370 3319 5443 longitudo
3336 5412 3352 5438 ,
3378 5368 3605 5426 altitudo
3626 5378 3677 5422 et
3704 5384 3835 5439 pro-

2238 5466 2464 5537 fundum
2493 5464 2721 5538 (Ephes.
2751 5464 2858 5535 ιιι).
2914 5463 3258 5535 Cognoscere
3305 5464 3475 5521 etiam
3525 5460 3833 5531 superemi-

2234 5564 2455 5615 nentem
2492 5557 2735 5615 scientiae
2788 5558 3112 5617 charitatem
3157 5556 3380 5613 Christi.
3433 5555 3491 5612 In
3537 5554 3832 5610 latitudine

2236 5649 2435 5721 quippe
2456 5647 2599 5706 bona
2618 5662 2782 5719 opera
2800 5649 3084 5706 charitatis
3102 5648 3393 5717 signiﬁcat.
3408 5646 3466 5702 In
3489 5644 3833 5715 longitudine

2236 5746 2697 5814 perseverantiam
2758 5752 2961 5799 sach
3024 5740 3458 5797 conversationis
3526 5752 3700 5809 usque
3768 5737 3830 5813 in

2238 5834 2423 5890 ﬁnem.
2460 5835 2521 5891 In
2547 5835 2831 5891 altitudine
2859 5850 3008 5905 spem
3038 5832 3339 5889 caelestium
3364 5832 3734 5901 praemiorum.
3765 5828 3828 5883 In

2239 5925 2508 5998 profundo
2548 5925 2918 5982 inscrutabilia
2950 5924 3157 5996 judicia
3196 5923 3328 5994 Dei,
3366 5922 3511 5978 unde
3546 5922 3650 5976 ista
3693 5935 3828 5990 gra‘
