4030 6456
192 449 360 515 Ἱξὸθ

1067 447 1586 510 COLLECTIONES
1611 448 1689 505 ω
1726 442 2107 504 EPISTOLAS
2138 443 2233 502 ΕΤ
2269 442 2680 505 EVANGELIA.

3394 445 3498 504 190

188 610 193 615 ρ
234 566 403 627 iisin
418 562 675 623 ιιιοωῆιθς
698 562 966 621 mnium
1007 564 1125 622 haec
1144 567 1232 622 ita
1281 574 1603 638 coaptantur
1635 578 1822 621 sacra-
1848 565 1905 627 Α
1926 561 2123 631 quippe
2150 560 2205 616 in
2233 576 2342 616 uno
2387 559 2455 616 ad
2484 574 2673 614 omnes
2700 557 2963 630 pervenit,
2995 570 3118 613 cum
3162 571 3281 615 sors
3324 560 3501 615 omni.

228 665 431 719 mento
448 656 728 722 crudsmt
742 656 800 711 in
816 654 1431 730 latitudineaccipiatur
1456 667 1825 713 transversum

230 750 474 825 dignum,
524 764 633 821 quo
664 750 1034 806 extwduntur
1059 764 1271 816 manus,
1327 759 1552 824 propter
1597 765 1825 827 operum

232 840 718 915 signiﬁcationem.
742 841 803 896 In
822 840 1164 914 longitudine
1186 843 1256 899 ab
1282 844 1398 913 ipso
1420 857 1592 914 usque
1630 841 1688 897 in
1717 848 1825 897 ter-

188 992 195 995 ,
236 950 383 1002 ram,
439 935 533 991 ubi
574 937 753 991 totum
801 949 999 1005 corpus
1030 935 1348 992 cruciﬁxum
1384 943 1533 991 stare
1586 935 1820 1000 videtur,

228 1025 389 1096 quod
413 1022 681 1097 signiﬁcat
704 1024 1023 1095 persistere,
1042 1026 1152 1081 hoc
1171 1033 1275 1092 est,
1296 1025 1679 1098 longanimiter
1701 1040 1826 1096 per-

230 1131 489 1175 manere.
504 1114 567 1172 in
590 1114 876 1173 latitudine
890 1116 962 1172 ab
984 1116 1104 1187 ipso
1116 1124 1433 1174 transverso
1446 1118 1595 1191 ligno
1608 1132 1824 1172 sursum

230 1222 457 1273 «uersus,
472 1207 628 1279 quod
654 1208 729 1264 ad
759 1215 922 1279 caput
964 1209 1192 1276 eminet,
1220 1217 1442 1280 propter
1468 1209 1826 1281 exspectatio-

226 1313 367 1361 ωθω
404 1310 798 1372 supernorum,
827 1314 899 1355 ne
940 1298 1031 1355 illa
1062 1315 1227 1370 opera
1256 1301 1397 1357 bona
1441 1308 1604 1371 atque
1638 1301 1695 1356 in
1743 1302 1824 1358 eis

222 1389 664 1460 perseverantia,
684 1397 907 1461 propter
918 1390 1190 1446 beneﬁcia
1208 1391 1326 1455 Dei,
1347 1399 1566 1447 terrena
1592 1406 1657 1447 ac
1678 1398 1821 1447 tem-

224 1485 447 1559 ..po'ralia
472 1482 721 1543 {edenda
742 1485 1062 1549 credantur,
1088 1484 1182 1541 sed
1220 1485 1404 1556 potius
1438 1491 1663 1556 propter
1690 1484 1824 1541 illud

230 1578 382 1649 quod
420 1579 658 1650 destiper
705 1578 1095 1650 sempiternum
1131 1585 1317 1649 sperat
1363 1576 1521 1642 ﬁdes,
1562 1591 1683 1647 qua:
1724 1591 1824 1647 per

234 1669 580 1727 dilectionem
610 1677 885 1741 operatur.
920 1670 980 1725 lu
1026 1669 1297 1741 profundo
1341 1677 1547 1735 autem,
1577 1683 1707 1738 pars
1731 1668 1820 1725 illa

220 1761 389 1835 digni,
418 1778 540 1833 quae
562 1763 626 1818 in
644 1771 795 1819 terra
815 1761 1001 1818 abdita
1026 1762 1206 1817 deﬁxa
1234 1760 1388 1829 latet,
1420 1763 1517 1818 sed
1548 1762 1674 1817 inde
1694 1775 1824 1816 eon-

1922 652 2025 707 bus
2045 650 2262 721 placuit,
2293 652 2418 722 quia
2446 658 2503 707 et
2527 649 2627 705 Dei
2669 650 2843 721 gratia
2876 650 2930 705 in
2966 649 3175 705 unitate
3220 649 3287 704 ad
3312 665 3502 709 omnes

1921 745 2198 816 pervenit,
2243 752 2299 800 et
2341 760 2462 800 cum
2503 759 2624 800 sors
2661 744 2917 810 mittitur,
2960 761 3066 801 non
3112 759 3358 823 persona:
3401 760 3500 801 cu-

1916 835 2143 911 jusque,
2182 838 2267 895 vel
2289 824 2529 905 meritis:
2547 837 2642 895 sed
2670 837 2883 895 occulto
2911 837 3008 893 Dei
3038 834 3245 907 judicio
3271 839 3499 895 ceditur.

1993 933 2065 989 Et
2096 940 2382 1005 posuerunt
2412 948 2571 1003 super
2598 942 2755 1003 caput
2797 931 2913 1001 ejus
2939 948 3154 986 causam
3179 932 3343 1005 ipsius
3373 932 3505 987 scri-

1920 1038 2066 1102 ptam
2091 1042 2110 1081 :
2142 1026 2244 1082 Hic
2278 1035 2352 1083 est
2375 1027 2530 1082 Jesus
2554 1024 2657 1080 recc
2680 1023 3013 1079 Iudaeorum.
3034 1020 3266 1080 Pulchre
3295 1025 3502 1091 titulus,

1924 1120 2015 1193 qui
2041 1119 2322 1175 Christum
2355 1118 2557 1192 Regem
2598 1124 2854 1183 testatur,
2884 1131 2995 1171 non
3024 1115 3189 1182 infra,
3216 1118 3312 1172 sed
3342 1132 3505 1189 supra

1924 1229 2138 1270 crucem
2160 1214 2400 1284 ponitur,
2429 1214 2555 1284 quia
2583 1212 2714 1268 licet
2749 1212 2806 1267 in
2829 1226 2991 1268 cruce
3016 1226 3115 1283 pro
3145 1211 3301 1266 nobis
3331 1213 3506 1269 homi-

1921 1305 2007 1361 nis
2036 1306 2349 1361 inﬁrmitate
2391 1304 2628 1371 dolebat,
2672 1319 2838 1375 super
2882 1318 3100 1359 crucem
3149 1312 3330 1358 tamen
3360 1305 3506 1376 regis

1920 1396 2204 1466 majestate
2226 1395 2487 1467 fulgebat,
2510 1396 2635 1467 quia
2650 1406 2782 1467 apte
2808 1394 3133 1465 etiam,quia
3160 1410 3255 1451 rex
3278 1394 3437 1459 simul
3453 1405 3508 1449 et

1921 1485 2177 1543 sacerdos
2220 1494 2307 1542 est
2340 1500 2463 1541 cum
2502 1485 2759 1542 eximiam
2814 1484 2966 1540 Patri
3008 1498 3121 1541 sure
3181 1485 3362 1541 carnis
3411 1486 3508 1540 lto-

1921 1578 2083 1632 stiam
2140 1577 2195 1632 in
2242 1575 2401 1631 altari
2434 1576 2613 1632 crucis
2652 1573 2891 1640 oﬁ'erret,
2938 1576 3085 1647 regis
3128 1589 3364 1645 quoque,
3401 1590 3508 1645 qua

1920 1667 2181 1737 praeditus
2224 1676 2347 1721 erat
2373 1665 2550 1732 titulo,
2579 1666 2902 1737 dignitatem
2942 1666 3255 1737 praetendit,
3285 1674 3343 1720 ut
3372 1664 3507 1721 cun-

1918 1758 2023 1814 ctis
2052 1758 2261 1829 legere,
2293 1759 2396 1813 hoc
2432 1765 2539 1824 est,
2587 1758 2774 1813 audire
2824 1765 2880 1812 et
2927 1758 3153 1814 credere
3196 1757 3508 1813 volentibus

228 1857 412 1930 surgit
432 1856 568 1914 illud
592 1872 756 1913 omne
782 1854 926 1927 quod
957 1856 1193 1923 eminet,
1224 1857 1366 1912 sicut
1391 1854 1457 1912 cx‘
1485 1857 1696 1913 occulta
1724 1856 1818 1911 Dei
1845 1923 1887 1930 _
1921 1851 2241 1917 innotescat,
2287 1850 2414 1920 quia
2444 1864 2604 1905 suum
2645 1865 2743 1921 per
2789 1864 3009 1905 crucem
3052 1864 3157 1905 non
3187 1848 3507 1922 perdiderit,

552 1923 985 2006 vocatur—homo
1028 1950 1097 2005 ad
1123 1950 1601 2020 participationem
1650 1955 1816 2003 tantae
1840 1923 1894 1984 Β
1921 1945 2017 2001 sed
2063 1945 2404 2001 conﬁrmarit
2434 1945 2638 2017 .potius
2691 1953 2748 2000 et
2797 1943 3169 1999 corroborarit
3198 1942 3506 2012 imperium.

216 2044 440 2116 δαείω,
474 2043 619 2101 alius
644 2044 743 2110 sic,
768 2043 911 2100 alius
955 2052 1138 2099 autem
1183 2043 1287 2111 sic,
1319 2043 1818 2114 supereminentem

230 2151 366 2194 vero
387 2136 627 2194 scientiae
664 2136 985 2192 charitatem
1019 2135 1245 2201 Christi,
1276 2149 1398 2191 eam
1426 2132 1689 2204 profecto,
1723 2135 1818 2192 ubi

222 2245 339 2304 pax
366 2231 466 2293 illa
480 2240 598 2300 est,
618 2246 744 2303 quae
772 2230 1035 2303 praecellit
1054 2247 1272 2289 omnem
1290 2230 1632 2287 intellectum
1659 2227 1818 2302 (Phi-

228 2323 327 2397 lip.
350 2324 449 2397 tv).

307 2416 378 2471 Et
396 2416 597 2489 dabant
626 2416 676 2471 ei
700 2416 896 2482 bibere,
920 2417 1253 2487 myrrhatum
1273 2416 1472 2480 uinum,
1502 2423 1554 2469 et
1594 2429 1697 2470 non
1731 2430 1822 2467 ac—

227 2510 392 2581 cepit.
436 2506 547 2581 ,(Ex
576 2507 824 2581 Hieron.)
852 2510 1001 2565 Deus
1042 2508 1291 2580 loquitur
1330 2508 1399 2563 ad
1429 2504 1773 2563 Hierusalem
1804 2521 1819 2559 :

232 2600 352 2672 Ego
380 2610 429 2656 te
444 2599 685 2672 ,plantavi
714 2603 921 2657 vineam
950 2618 1124 2658 meam
1164 2617 1361 2666 ueram,
1390 2598 1650 2672 quomodo
1679 2597 1824 2668 facta

218 2708 286 2769 ,εδ
302 2690 363 2765 in
391 2692 797 2765 amaritudinem
823 2693 939 2749 uitis
961 2692 1151 2751 aliena:
1176 2691 1310 2763 (Jer.
1342 2690 1445 2763 ll)?
1468 2690 1671 2745 Amara
1693 2688 1823 2743 vitis

228 2795 482 2851 amarum
533 2780 718 2855 vinum
750 2782 897 2847 facit,
930 2783 1076 2853 quod
1118 2782 1370 2854 propinat
1407 2781 1636 2837 Domino
1688 2778 1823 2835 Iesu

224 2873 474 2955 :Christo,
498 2882 559 2951 ut
584 2874 876 2951 impleatur
894 2877 1046 2947 quod
1094 2877 1359 2946 scriptum
1402 2883 1490 2932 est
1518 2893 1531 2930 :
1561 2874 1632 2930 Et
1668 2876 1824 2932 dede-

220 2974 360 3041 runt
394 2966 455 3021 in
490 2966 662 3039 cibum
689 2983 861 3022 meum
889 2967 979 3038 fel,
1031 2977 1082 3024 et
1123 2969 1181 3031 in
1220 2968 1310 3024 siti
1347 2985 1467 3024 mea
1516 2977 1823 3033 putaverunt

232 3073 322 3112 me
341 3066 486 3111 aceto
534 3055 709 3130 (Psal.
741 3059 985 3131 Lxxxvr).
1016 3059 1172 3128 Quod
1214 3068 1398 3116 autem
1448 3060 1648 3116 dicitur
1697 3078 1711 3114 :
1752 3059 1822 3114 Et

234 3163 345 3202 non
372 3149 590 3219 accepit,
616 3148 700 3204 vel
725 3150 1024 3207 secundum
1059 3151 1370 3209 Manlianum
1396 3168 1413 3206 :
1442 3149 1577 3223 (lum
1607 3161 1820 3222 gustas-

231 3249 339 3307 set,
363 3239 527 3321 noluit
572 3242 762 3308 bibere,
802 3244 907 3301 hoc
928 3230 1173 3312 iudicat,
1204 3247 1349 3318 quod
1378 3246 1677 3317 gustaverit
1694 3244 1822 3314 qui-

232 3330 361 3386 dem
388 3346 488 3403 pro
508 3333 665 3389 nobis
680 3335 874 3407 mortis
899 3334 1351 3403 amaritudinem,
1381 3336 1477 3393 sed
1524 3336 1685 3391 tertia
1726 3335 1818 3392 die

232 3424 556 3480 resurrexit.
604 3424 757 3495 Quod
786 3436 969 3485 autem
995 3430 1072 3485 ait
1112 3430 1328 3487 Marcus
1367 3448 1381 3485 :
1431 3429 1557 3486 Non
1599 3431 1818 3501 accepit,

224 3514 578 3595 intelligitur,
610 3535 717 3576 non
744 3522 955 3595 accepit
978 3530 1041 3578 ut
1064 3523 1297 3580 biberet.
1326 3521 1581 3579 Gustavit
1615 3530 1818 3589 autem,

231 3606 380 3669 sicut
428 3604 717 3691 Matthseus
751 3613 908 3670 testis
939 3621 1044 3681 est,
1084 3624 1145 3670 ut
1191 3616 1332 3686 quod
1367 3614 1509 3671 idem
1540 3614 1822 3671 Mattlueus

230 3701 362 3761 ait:
407 3700 596 3781 Noluit
627 3704 818 3772 bibere,
858 3708 963 3763 hoc
1000 3706 1213 3764 Marcus
1258 3707 1396 3763 dixit
1450 3721 1466 3761 :
1511 3706 1635 3762 Non
1672 3724 1822 3763 acce-

216 3792 334 3867 ,pit,
358 3795 594 3853 tacuerit
628 3804 815 3873 autem
846 3798 991 3869 quod
1032 3798 1347 3871 gustaverit.
1382 3797 1489 3857 Sed
1535 3798 1643 3854 hoc
1674 3797 1821 3868 quod

216 3878 317 3940 ‘ait
359 3885 591 3954 Marcus,
640 3890 973 3959 myrrhatam
1027 3891 1205 3945 vinum
1252 3889 1661 3961 intelligendum
1712 3897 1817 3957 est,

230 3973 551 4034 Hatthatum
578 3978 781 4036 dixisse
822 3998 837 4034 :
876 3978 1009 4035 Cum
1061 3980 1181 4051 felle
1226 3983 1458 4037 mistum.
1484 3980 1581 4037 Fel
1620 3981 1820 4053 quippe

218 4080 337 4139 φη
379 4069 745 4125 amaritudine
792 4070 994 4142 posuit,
1055 4080 1110 4125 et
1151 4071 1496 4143 myrrbatum
1553 4070 1697 4127 enim
1742 4071 1821 4126 vi-

228 4179 370 4220 num
419 4164 820 4220 amarissimum
855 4175 959 4232 est,
1012 4181 1324 4237 quanquam
1356 4165 1475 4221 ﬁeri
1522 4166 1717 4234 possit,
1760 4175 1821 4222 ut

222 4262 291 4313 et
336 4254 465 4312 felle
507 4263 565 4312 et
607 4256 833 4330 myrrha
869 4266 986 4312 tum
1030 4258 1217 4329 vinum
1255 4258 1659 4314 amarissimum
1705 4258 1824 4315 red-

218 4345 446 4403 derent.
1557 4363 1561 4367 δ

325 4436 617 4511 Postquam
668 4449 843 4497 autem
894 4440 1269 4517 cruciﬁxerunt
1320 4457 1440 4497 eum
1460 4482 1475 4509 ,
1535 4441 1822 4498 diviserunt

226 4530 539 4585 vestimenta
582 4531 719 4603 ejus,
764 4540 957 4587 sortem
1002 4534 1285 4588 mittentes.
1314 4530 1446 4588 Haec
1493 4532 1821 4604 evangelista

1912 2038 2053 2094 Nam
2097 2039 2243 2108 quod
2266 2039 2377 2095 hoc
2424 2052 2643 2103 nomen,
2677 2036 2965 2103 Hebraice,
3012 2034 3203 2091 Graece
3232 2043 3289 2089 et
3313 2032 3510 2087 Latine

1916 2130 2179 2201 scriptum
2224 2138 2364 2195 erat,
2408 2136 2643 2192 tur-mm
2662 2111 2964 2189 nhs-mn
3004 2133 3201 2191 unum
3248 2126 3448 2187 Ἰησοῦς
3483 2123 3510 2179 ὁ

1916 2222 2158 2283 Βασιλεὺς
2184 2228 2284 2278 τῶν
2318 2220 2601 2277 Ἰουδαίων.
2628 2218 2786 2276 Jcsus
2814 2218 3130 2275 Nazarenus
3179 2232 3276 2271 rex
3307 2215 3501 2271 Judzco

1920 2324 2073 2375 rum,
2102 2311 2207 2366 hoc
2248 2317 2353 2376 est,
2396 2311 2540 2379 quod
2567 2309 2713 2364 idem
2747 2308 3039 2380 Apostolus
3066 2309 3392 2363 subsecutus
3419 2321 3511 2359 anu

1921 2402 2113 2459 nectit.
2145 2402 2216 2457 Et
2266 2403 2434 2457 omnis
2487 2402 2669 2473 lingua
2717 2402 3053 2471 confiteatur,
3080 2402 3205 2471 quia
3252 2399 3510 2454 Dominus

1920 2493 2079 2549 Iesus
2104 2493 2341 2550 Christus
2366 2494 2421 2548 in
2468 2492 2639 2564 gloria
2665 2499 2739 2548 est
2788 2491 2884 2546 Dei
2929 2492 3103 2546 Patris
3133 2490 3388 2564 (Philipp.
3423 2490 3507 2561 ιι).

1924 2584 2199 2652 Quantum
2226 2599 2359 2639 vero
2380 2584 2447 2639 ad
2469 2583 2738 2649 litteram,
2777 2583 2863 2638 has
2902 2589 3016 2638 tres
3038 2582 3239 2654 lingua
3280 2581 3354 2636 ibi
3398 2597 3510 2651 prae

1922 2675 2137 2731 caeteris
2157 2674 2489 2741 eminebant,
2524 2674 2753 2730 Hebraea
2774 2715 2788 2740 ,
2809 2679 3034 2744 propter
3053 2670 3269 2729 Iudaeos
3296 2672 3352 2726 in
3391 2670 3510 2743 lege

1922 2768 2234 2842 gloriantes,
2265 2766 2454 2823 Graeca
2472 2807 2487 2833 ,
2512 2774 2737 2837 propter
2768 2767 3011 2838 gentium
3039 2763 3334 2835 sapientes,
3362 2763 3484 2818 Lati

1894 2874 2027 2929 ‘ra,
2060 2868 2283 2932 propter
2304 2858 2596 2924 Romanos,
2625 2857 2809 2914 multis
2838 2872 2903 2914 ac
2943 2870 3081 2928 pene
3109 2856 3360 2911 omnibus
3395 2854 3510 2924 jam

1925 2965 2055 3013 tunc
2079 2955 2330 3023 gentibus
2361 2953 2712 3024 imperantes.
2753 2948 2934 3006 Velin‘t
2986 2948 3187 3013 nolint,
3238 2963 3367 3019 ergo
3417 2944 3511 3001 Ju-

1926 3046 2044 3111 daei,
2076 3060 2237 3101 omne
2260 3043 2448 3098 mundi
2476 3056 2734 3115 regnum,
2775 3038 2952 3097 omnis
2984 3040 3255 3095 mundana
3301 3039 3515 3108 sapien-

1925 3138 2022 3202 tia,
2058 3135 2244 3192 omnia
2286 3134 2482 3190 divinae
2507 3133 2641 3204 legis
2679 3140 3024 3189 sacramenta
3065 3136 3354 3197 testantur,
3385 3129 3511 3200 quia

1924 3227 2082 3285 Iesus
2103 3244 2198 3284 rex
2222 3224 2531 3282 Iudaeorum
2555 3233 2654 3290 est,
2676 3226 2788 3280 hoc
2816 3231 2899 3281 est
2915 3265 2930 3291 ,
2967 3224 3264 3294 imperator
3288 3222 3515 3278 creden-

1926 3322 2061 3378 tium
2087 3326 2144 3376 et
2179 3319 2551 3377 conﬁtentium
2593 3316 2900 3373 Dominum.

1998 3411 2143 3466 Tunc
2171 3409 2413 3479 cruciﬁxi
2451 3416 2573 3463 sunt
2601 3425 2720 3462 cum
2740 3422 2800 3462 eo
2826 3416 2874 3462 et
2915 3406 3022 3461 duo
3045 3405 3297 3471 latrones,
3323 3422 3355 3459 a
3386 3405 3510 3459 dea:-

1908 3509 2040 3574 ‘tris,
2068 3514 2172 3561 etc.
2197 3503 2465 3559 Latrones
2506 3503 2601 3581 qui
2641 3517 2767 3557 cum
2796 3499 3026 3555 Domino
3051 3506 3179 3554 sunt
3202 3497 3333 3553 hinc
3382 3494 3508 3552 inde

1922 3598 2192 3664 cruciﬁxi,
2242 3594 2557 3667 signiﬁcant
2603 3609 2698 3650 eos
2759 3593 2853 3664 qui
2901 3589 3001 3647 sub
3059 3589 3163 3646 ﬁde
3195 3598 3252 3644 et
3303 3587 3515 3646 confes.

1923 3692 2077 3748 sione
2112 3688 2339 3755 Christi,
2374 3687 2461 3742 vel
2500 3701 2730 3757 agonem
2777 3682 3049 3755 martyrii,
3105 3680 3192 3738 vel
3220 3681 3506 3736 continen-

1925 3785 2013 3841 tiat
2056 3782 2305 3839 arctioris
2352 3781 2600 3837 instituta
2646 3778 2896 3834 subeunt.
2938 3774 3046 3832 Sed
3089 3781 3356 3847 quotquot
3397 3773 3513 3829 haec

1920 3892 2022 3950 pro
2078 3884 2284 3933 aeterna
2348 3874 2523 3931 solum
2578 3871 2897 3943 caelestique
2964 3869 3132 3942 gloria
3184 3875 3402 3941 gerunt,
3452 3866 3510 3921 hi

1920 3970 2165 4043 profecto
2194 3968 2372 4025 dextri
2413 3966 2641 4023 latronis
2668 3965 2865 4022 merito
2890 3970 2946 4019 ct
2980 3962 3086 4018 ﬁde
3133 3962 3509 4032 designantur.

1921 4064 1995 4119 At
2026 4063 2140 4133 qui,
2171 4061 2257 4117 vel
2284 4062 2535 4115 humana:
2565 4057 2740 4113 laudis
2767 4057 2987 4120 intuitu,
3022 4052 3108 4108 vel
3136 4052 3379 4123 qualibet
3407 4051 3511 4106 mi-

1922 4166 2027 4209 nus
2052 4153 2213 4223 digna
2240 4150 2558 4212 intentione,
2603 4146 2799 4202 Stcculo
2836 4142 3241 4206 abrenuntiant,
3273 4157 3380 4195 non
3409 4141 3513 4194 im-

1920 4244 2122 4300 merito
2160 4240 2619 4312 blasphematoris
2660 4246 2716 4292 et
2756 4235 2965 4291 sinistri
2998 4232 3231 4319 latronis
3269 4240 3512 4287 mentem

1924 4342 1980 4391 et
2031 4342 2186 4389 actus
2217 4335 2522 4388 imitantur.
2583 4331 2660 4405 Dc
2706 4328 2957 4401 qualibus
3009 4327 3139 4383 dicit
3166 4325 3505 4397 Apostolus:

1927 4420 1990 4483 Si
2011 4424 2278 4481 tradidero
2299 4441 2487 4496 corpus
2513 4440 2683 4479 meum
2708 4432 2765 4476 ut
2788 4421 3025 4487 ardeam,
3047 4420 3091 4474 si
3121 4418 3312 4473 dedero
3336 4434 3513 4474 omnes

1925 4512 2205 4587 facultates
2229 4532 2370 4569 meas
2397 4515 2454 4569 in
2488 4513 2629 4569 cibos
2649 4527 2969 4585 pauperum,
2993 4511 3038 4565 si
3079 4509 3187 4563 alia
3228 4507 3399 4563 multa
3445 4509 3517 4579 fe-

222 4617 470 4678 mes
499 4596 714 4693 me,“
738 4616 1023 4695 θηοεηῖι,
1064 4624 1191 4696 quia
1219 4624 1426 4681 scilicet
1460 4596 1682 4693 milite;
1723 4640 1901 4715 om.»
1924 4622 2064 4672 cera,
2090 4606 2397 4661 charitatem
2439 4613 2616 4661 autem
2660 4621 2765 4658 non
2801 4602 3046 4669 habeam,
3087 4596 3219 4656 nihil
3246 4601 3375 4656 mihi
3397 4618 3517 4672 pro-

392 4714 401 4715 ,
1934 4696 2037 4715 1-,4
2081 4695 2130 4715 Ιΐ
2162 4693 2265 4715 ΙἾ-,
2328 4695 2449 4715 ____\
2535 4694 2591 4715 ΔΑ
2636 4708 2762 4715 --Α-,Α
2799 4691 2933 4715 ..Α-εξ
2977 4691 3061 4715 --.2
3106 4690 3511 4715 ..-μΑΑΑ--ΔΣ-μ-...

222 4722 355 4771 tera
388 4714 445 4769 in
467 4720 702 4786 quatuor
729 4724 936 4787 partes,
956 4715 1113 4789 juxta
1150 4732 1308 4773 suum
1354 4733 1641 4775 numerum
1686 4719 1822 4775 divi-

229 4803 448 4870 dentes,
478 4803 548 4861 de
582 4805 793 4873 tunica,
837 4822 960 4877 qua:
1004 4804 1342 4863 inconsutilis
1386 4814 1530 4872 erat,
1590 4807 1825 4879 desuper

224 4900 494 4950 contexta
518 4902 617 4965 per
642 4903 841 4963 totum,
869 4904 1076 4953 sortem
1104 4896 1392 4953 miserunt.
1427 4893 1538 4971 (Ea:
1573 4897 1823 4971 August.)

224 4984 642 5057 Quadripartita
670 4997 851 5046 autem
897 4990 1068 5046 vestis
1109 4990 1324 5046 Domini
1368 4991 1823 5061 quadripartitam

228 5073 356 5143 eius
390 5076 644 5149 ﬁguravit
688 5078 1007 5145 Ecclesiam,
1042 5088 1159 5135 toto
1192 5079 1402 5136 scilicet
1447 5080 1539 5152 qui
1590 5091 1825 5151 quatuor

230 5169 484 5241 partibus
510 5178 730 5227 emetat
751 5179 1020 5228 terrarum
1041 5174 1174 5229 orbe
1194 5169 1469 5239 diﬁ’usam,
1495 5180 1551 5227 et
1573 5174 1824 5228 omnibus

230 5260 479 5332 ejusdem
513 5263 720 5320 eisdem
758 5265 1003 5335 partibus
1032 5264 1333 5337 equaliter,
1374 5264 1427 5320 id
1457 5273 1571 5332 est,
1599 5280 1825 5321 concor-

234 5353 383 5410 diter
408 5352 777 5412 distrihutam.
806 5355 1017 5413 Tunica
1048 5370 1181 5413 vero
1218 5356 1310 5412 illa
1359 5357 1550 5412 sortita
1578 5356 1823 5412 omnium

230 5448 475 5521 partium
502 5448 774 5521 signiﬁcat
800 5448 1088 5516 unitatem,
1136 5465 1257 5520 quae
1294 5448 1580 5506 charitatis
1609 5449 1823 5505 vinculo

212 5538 574 5613 continetur.
606 5539 667 5598 Si
710 5540 857 5598 enim
902 5539 1166 5607 charitas,
1206 5537 1363 5609 juxta
1390 5539 1740 5617 Apostolum,
1771 5546 1826 5595 et

233 5629 815 5702 mpercmlnentiorem
837 5629 1003 5687 habet
1016 5629 1180 5696 viam,
1199 5639 1253 5687 et
1268 5630 1637 5705 supereminet
1651 5630 1829 5685 scien-

235 5720 354 5788 tiae,
380 5729 439 5778 et
458 5734 625 5792 super
649 5724 835 5779 omnia
858 5728 1128 5795 praecepta
1156 5730 1264 5788 est,
1297 5720 1495 5777 merito
1518 5720 1689 5776 vestis
1721 5736 1828 5791 qua

238 5810 585 5885 signiﬁcatur
610 5813 844 5886 desuper
887 5821 1166 5881 contexta,
1204 5812 1541 5885 perhibetur.
1584 5808 1643 5865 ln
1683 5804 1829 5867 sorte

240 5911 434 5964 autem
458 5905 609 5976 quid,
637 5905 745 5963 nisi
774 5905 880 5964 Dei
929 5905 1103 5977 gratia
1148 5901 1527 5962 commendata
1573 5901 1691 5958 est?
1738 5900 1830 5960 Sic

1924 4696 2038 4752 dest
2078 4695 2130 4769 (Ι
2159 4693 2283 4751 Cor.
2327 4695 2475 4767 xm).
2523 4694 2594 4749 At
2636 4708 2766 4750 vero
2796 4691 2933 4747 beati
2969 4691 3061 4763 qui
3105 4690 3515 4762 persecutionem

1922 4790 2202 4861 patiuntur
2249 4796 2462 4859 propter
2513 4786 2806 4857 justitiam,
2858 4783 3110 4858 quoniam
3156 4783 3391 4857 ipsorum
3437 4793 3513 4840 est

1924 4895 2141 4951 regnum
2163 4876 2408 4933 caelorum
2443 4875 2661 4949 (Matth.
2685 4875 2763 4948 v).

1997 4972 2385 5027 Prtetereuntes
2412 4981 2588 5026 autem
2616 4968 3045 5042 blasphemabaut
3070 4984 3209 5036 eum,
3257 4978 3513 5025 moventes

1926 5070 2101 5140 capita
2139 5085 2260 5133 sua,
2311 5075 2414 5122 etc.
2459 5063 2942 5135 Blaspbemabant,
3008 5061 3137 5133 quia
3192 5070 3513 5132 praetergre-

1930 5159 2219 5217 diebantur
2252 5158 2420 5223 viam,
2453 5166 2506 5213 ct
2556 5157 2610 5211 in
2639 5170 2769 5211 vero
2796 5150 2994 5212 itinere
3020 5148 3303 5229 scripturae
3324 5152 3525 5222 ambu-,

1922 5250 2043 5307 dare
2068 5252 2348 5318 nolebant,
2376 5250 2666 5307 movebant
2685 5249 2882 5320 capita,
2904 5250 3031 5319 quia
3046 5247 3159 5316 jam
3182 5254 3308 5301 ante
3329 5258 3510 5300 move-

1929 5353 2054 5399 rant
2075 5344 2238 5413 pedes
2263 5351 2318 5398 et
2354 5359 2463 5398 non
2492 5343 2709 5398 stabant
2732 5356 2894 5413 supra
2925 5348 3156 5412 petram.

2004 5434 2261 5491 Similiter
2280 5443 2329 5489 et
2356 5434 2614 5506 principes
2641 5433 2973 5489 sacerdotum
3003 5445 3121 5485 cum
3150 5428 3335 5483 scribis
3364 5428 3509 5484 dice-

1930 5528 2075 5594 bant,
2100 5537 2206 5584 etc.
2230 5526 2407 5583 Etiam
2442 5527 2686 5584 nolentes
2707 5523 3037 5583 conﬁtentur
3066 5520 3261 5574 scribae
3281 5526 3337 5577 et
3368 5522 3508 5593 pha-

1925 5623 2090 5690 risaei,
2137 5624 2282 5696 quod
2323 5624 2457 5679 alios
2494 5623 2673 5679 salvos
2727 5620 2939 5684 fecerit,
2991 5617 3175 5689 itaque
3198 5633 3294 5674 vos
3325 5628 3507 5676 vestra

1926 5718 2253 5773 coudemnat
2289 5717 2579 5773 sententia.
2612 5713 2713 5781 Qui
2740 5711 2884 5768 enim
2914 5710 3051 5765 alios
3080 5708 3258 5767 salvos
3279 5710 3437 5799 fecit,
3465 5710 3511 5789 si

1928 5810 2113 5877 vellet,
2138 5819 2194 5865 et
2218 5811 2452 5883 seipsum
2485 5809 2694 5865 salvare
2717 5812 2902 5876 patera
2936 5843 2945 5853 .

2004 5902 2289 5958 Descendat
2320 5919 2455 5957 nunc
2487 5901 2549 5955 de
2570 5914 2744 5965 cruce,
2770 5906 2817 5952 et
2846 5898 3107 5953 credimus
3148 5899 3214 5952 ei.
3243 5897 3351 5971 (Ea:
3375 5896 3511 5952 Hie:
