4030 6504
526 446 626 504 491

1832 435 2186 494 SMARAGDI
2223 435 2515 497 ABBATIS

3696 441 3807 500 192

524 557 665 630 ron.)
690 553 1059 614 Fraudulenta
1103 550 1415 622 promissio,
1447 549 1577 621 quid
1610 557 1693 606 est
1725 549 1868 620 plus,
1895 550 1960 605 de
1985 564 2108 603 cru-
2133 551 2186 610 A
2209 556 2266 610 ln
2296 553 2694 610 resurrectione
2730 565 2861 608 vero
2883 549 3119 619 Domini,
3149 551 3298 608 nulla
3317 550 3587 611 'ﬁdelibus
3619 563 3808 612 terro-

525 669 589 709 ce
631 649 980 713 descendere,
1012 661 1082 700 an
1132 645 1200 700 de
1252 644 1500 714 SBDUICI'O
1532 650 1808 698 mortuum
1855 640 2113 712 surgere?
2213 663 2337 702 rum
2371 647 2546 717 signa,
2585 646 2678 700 sed
2713 645 2913 700 indicia
2938 652 3132 700 cuncta
3159 645 3362 701 laetitia:
3383 645 3654 702 visuntur.
3685 648 3808 703 An-

525 741 847 801 Resurrexit
889 746 945 792 et
988 751 1096 790 non
1123 734 1345 790 creditis
1375 734 1446 801 ei,
1480 734 1647 788 etiam
1680 733 1727 788 si
1749 733 1815 787 de
1839 745 2002 787 cruce
2022 730 2117 784 de-

528 834 832 897 scenderet,
864 827 1115 884 similiter
1159 841 1269 881 non
1316 825 1636 880 crederetis.
1668 823 1774 880 Sed
1803 822 1938 882 mihi
1967 822 2118 876 vide-

492 919 496 922 ’
530 935 622 981 tur
648 925 751 978 hoc
776 921 1049 975 daemones
1087 918 1402 983 immittere,
1452 916 1638 972 statim
1672 915 1817 970 enitn
1862 921 1922 968 ut
1946 912 2120 968 cruci-

531 1016 674 1071 fixus
719 1020 804 1068 est
855 1011 1137 1077 Dominus,
1197 1017 1488 1066 senserunt
1522 1009 1780 1064 virtutem
1828 1008 2026 1073 crucis,
2064 1014 2120 1062 et

492 1109 495 1111 ’
533 1107 926 1163 intellexerunt
962 1104 1165 1159 fractas
1205 1119 1328 1160 esse
1347 1104 1494 1160 vires
1537 1119 1682 1168 suas,
1724 1111 1779 1158 et
1803 1102 1908 1157 hoc
1929 1110 2116 1172 agunt,

529 1211 594 1258 ut
631 1203 698 1258 de
749 1215 910 1257 cruce
936 1199 1246 1266 descendat,
1278 1199 1373 1255 sed
1400 1199 1660 1254 Dominus
1709 1197 1888 1252 sciens
1935 1197 2123 1251 adver-

532 1294 806 1350 sariorum
856 1291 1106 1358 insidias,
1145 1297 1427 1362 permanet
1463 1289 1520 1344 in
1553 1289 1816 1360 patibulo,
1849 1295 1908 1341 ut
1937 1286 2122 1343 diabo-

534 1387 646 1441 lum
675 1385 940 1440 destruat.

609 1479 679 1534 Et
703 1477 934 1533 latrones
970 1479 1059 1550 qui
1107 1478 1351 1548 cruci/ixi
1403 1487 1700 1533 erantcum
1737 1494 1820 1544 eo,
1848 1485 1897 1532 et
1927 1478 2126 1548 impro-

533 1572 788 1645 perabant
823 1572 892 1626 ei.
929 1571 1030 1627 Hic
1049 1587 1149 1643 per
1171 1579 1388 1641 tropum
1419 1571 1510 1641 qui
1545 1570 1846 1640 appellatur
1874 1567 2126 1639 σύλληψις

535 1689 638 1745 pro
698 1689 810 1730 uno
864 1671 1076 1728 latrone
1126 1678 1360 1738 uterque
1424 1667 1622 1724 dicitur
1691 1667 2122 1736 blasphemasse.

536 1766 715 1823 Lucas
741 1783 872 1823 vero
897 1765 1091 1821 asserit
1135 1763 1282 1834 quod
1309 1761 1484 1817 altero
1522 1761 1957 1831 blaSphemante,
1989 1758 2127 1812 alter

537 1857 840 1929 increpavit
864 1855 1356 1925 blasphemantem,
1386 1859 1440 1906 et
1459 1849 1742 1906 confessus
1761 1856 1864 1914 est,
1896 1848 2083 1902 dicens
2107 1863 2121 1899 :

2215 738 2318 810 geli
2346 737 2481 792 albis
2507 737 2753 792 vestibus
2781 742 3152 801 coruscantes,
3181 735 3423 791 curritur
3452 751 3577 791 cum
3599 738 3811 810 gaudio

2217 831 2286 885 ad
2322 830 2651 899 sepulcrum,
2711 829 2802 884 ubi
2854 843 2963 884 non
2990 836 3238 884 mortuus
3289 829 3650 897 inveniretur,
3708 833 3810 888 sed

2174 985 2178 990 _
2216 921 2308 978 ubi
2349 937 2497 977 mors
2526 929 2912 994 agnosceretur
2953 921 3149 988 evicta,
3178 921 3516 992 appellantur
3538 923 3814 981 mulieres

2218 1031 2350 1072 voce
2378 1015 2623 1086 paciﬁca,
2645 1024 2700 1070 et
2728 1015 2857 1085 quid
2881 1014 3114 1084 amplius
3143 1015 3340 1080 dicam,
3385 1016 3567 1071 omnia
3602 1016 3812 1073 salutis

2220 1115 2437 1161 tetemze
2484 1107 2742 1177 mysteria
2807 1104 3134 1161 revelantur.
3191 1105 3258 1160 Et
3307 1106 3605 1162 notandum
3659 1107 3815 1178 quod

2222 1201 2479 1256 Dominus
2500 1201 2634 1255 hora
2659 1208 2812 1255 sexta
2833 1200 2905 1255 sit
2929 1200 3240 1264 cruciﬁxus,
3258 1200 3362 1255 hoc
3381 1210 3487 1267 est,
3516 1217 3815 1258 recessuro

2223 1309 2253 1347 a
2281 1301 2467 1348 centro
2495 1292 2681 1348 mundi
2720 1292 2853 1356 sole,
2877 1291 3092 1361 quando
3138 1299 3193 1346 et
3235 1290 3431 1347 latroni
3479 1293 3595 1347 ait:
3631 1291 3816 1348 Hodie

2222 1400 2423 1438 mecum
2469 1385 2575 1438 eris
2626 1385 2681 1437 in
2714 1383 2980 1454 paradiso.
3023 1382 3158 1437 Nam
3204 1384 3272 1439 de
3324 1383 3495 1438 Adam
3541 1393 3814 1454 peccante

2225 1475 2485 1544 scriptum
2534 1483 2640 1540 est,
2672 1474 2813 1545 quod
2843 1475 3076 1530 audierit
3095 1490 3284 1531 vocem
3310 1475 3526 1531 Domini
3560 1476 3660 1532 Dei
3684 1487 3820 1548 post

2226 1567 2506 1621 meridiem
2536 1563 2686 1637 (Gen.
2725 1565 2807 1638 ιι).
2842 1566 3092 1622 Rationis
3126 1567 3312 1638 igitur,
3342 1568 3450 1623 imo
3476 1568 3675 1624 divina:
3699 1570 3817 1640 pic-

2227 1658 2354 1713 tatis
2375 1659 2507 1713 ordo
2530 1659 2808 1728 poscebat,
2834 1667 2896 1713 ut
2922 1660 3111 1714 eodem
3142 1659 3405 1728 temporis
3425 1661 3677 1723 articulo,
3702 1679 3817 1731 quo

2228 1757 2359 1805 tunc
2381 1749 2511 1805 Adae
2544 1749 2921 1820 prmvaricanti
2949 1750 3277 1815 obcluserat,
3308 1767 3452 1807 nunc
3481 1751 3682 1807 latroni
3707 1753 3818 1808 Do-

2228 1842 2409 1898 minus
2461 1843 2747 1912 pmnitenti
2794 1841 3020 1912 ianuam
3069 1843 3360 1913 paradisisi
3407 1854 3700 1901 reseraret.
3745 1848 3818 1901 Et

612 1917 852 2017 Domine,
876 1957 1133 2004 memento
1156 1948 1259 2002 mei
1279 1962 1396 2000 cum
1417 1943 1618 1999 veneris
1639 1943 1694 1996 in
1723 1957 1936 2013 regnum
1957 1949 2124 1993 tuum.
2154 1917 2203 1976 Β
2231 1950 2337 2004 qua
2371 1936 2507 1991 hora
2529 1936 2737 2006 primus
2766 1936 2959 2001 Adam,
2985 1938 3409 2007 peccandohnic
3433 1941 3637 1995 mundo
3666 1957 3818 1995 mor-

537 2043 600 2099 ln
648 2044 812 2099 corde
860 2049 1045 2096 autem
1071 2037 1311 2094 ﬁdelium
1351 2044 1466 2090 tres
1520 2047 1862 2104 summopere
1907 2045 2131 2086 manere

538 2135 774 2191 virtutes
804 2141 1038 2188 testatur
1063 2129 1356 2202 Apostolus
1376 2128 1564 2184 dicens
1593 2145 1606 2181 :
1632 2125 1790 2180 Nunc
1818 2133 1992 2177 autem
2017 2140 2131 2177 ma-

539 2235 656 2291 net,
691 2224 887 2289 Fides,
943 2221 1095 2295 Spes,
1124 2219 1369 2276 Charitas
1398 2217 1450 2290 (Ι
1483 2214 1608 2272 Cor.
1643 2213 1791 2286 xm),
1827 2229 1962 2282 quas
2000 2227 2131 2266 cun-

536 2324 656 2372 ctas
683 2317 864 2370 subita
889 2315 1127 2385 repletus
1147 2311 1320 2384 gratia
1344 2318 1399 2365 et
1421 2309 1631 2378 accepit
1651 2306 1811 2370 latro,
1828 2303 2133 2360 etservavit
2175 2322 2183 2330 ·

539 2408 597 2463 in
649 2423 837 2464 cruce.
886 2406 1077 2462 Fidem
1117 2419 1353 2474 namque
1399 2401 1592 2456 habuit
1649 2398 1740 2468 qui
1781 2404 2132 2467 regnaturum

539 2496 831 2554 Dominum
871 2497 1121 2562 credidit,
1162 2510 1324 2565 quem
1351 2508 1535 2548 secum
1563 2491 1771 2562 pariter
1805 2488 2133 2544 morientem

541 2590 696 2645 vidit.
726 2589 891 2661 Spem
921 2590 1111 2646 habuit
1130 2588 1222 2659 qui
1256 2587 1414 2658 regni
1446 2583 1564 2655 ejus
1586 2584 1793 2640 aditum
1821 2580 2128 2652 postulavit.

542 2679 881 2736 Charitatem
927 2694 1143 2750 quoque
1178 2679 1234 2732 in
1261 2686 1440 2731 morte
1489 2690 1587 2729 sua
1615 2673 1884 2728 vivaciter
1931 2669 2130 2736 tenuit,

542 2774 635 2844 qui
662 2772 888 2828 fratrem
931 2780 989 2826 et
1023 2771 1358 2827 colatronem
1399 2783 1500 2838 pro
1547 2765 1710 2821 simili
1759 2762 1964 2819 scelere
2011 2776 2133 2816 mo-

541 2861 795 2927 rientem,
848 2868 904 2916 et
959 2860 1025 2917 de
1078 2858 1367 2929 iniquitate
1423 2871 1521 2911 sua
1550 2855 1750 2926 arguit,
1780 2859 1836 2908 et
1883 2853 1934 2909 ei
1963 2853 2133 2908 vitam

541 2968 709 3024 quam
740 2958 1075 3023 cognoverat
1102 2948 1442 3018 praedicavit.

613 3041 681 3096 Et
723 3041 856 3096 dixit
903 3040 984 3095 illi
1020 3039 1178 3095 Iesus
1206 3056 1224 3094 :
1252 3040 1418 3094 Amen
1464 3038 1582 3093 dico
1607 3038 1721 3104 tibi,
1747 3036 1901 3092 hodie
1929 3052 2132 3090 mecum

540 3134 667 3198 eris,
719 3141 827 3188 etc.
880 3132 989 3204 (Ea:
1017 3131 1208 3203 Beda).
1241 3130 1471 3202 Semper
1500 3131 1647 3186 enim
1699 3130 1821 3200 plus
1868 3128 2132 3184 Dominus

541 3227 733 3281 tribuit
782 3240 944 3295 quam
975 3233 1213 3292 rogatur.
1257 3224 1353 3280 Ille
1398 3225 1544 3279 enim
1575 3223 1803 3293 rogabat
1837 3230 1897 3276 ut
1923 3234 2133 3276 memor

541 3317 626 3372 sui
654 3315 846 3373 fuisset
869 3317 1133 3372 Dominus
1177 3332 1301 3372 cum
1330 3317 1571 3371 venisset
1595 3315 1651 3370 in
1674 3328 1902 3386 regnum
1948 3328 2126 3368 suum.

540 3409 801 3466 Dominus
841 3420 1022 3466 autem
1061 3412 1177 3466 ait:
1208 3411 1373 3465 Amen
1423 3411 1539 3465 dico
1572 3409 1687 3477 tibi,
1736 3409 1891 3463 hodie
1920 3424 2126 3462 mecum

540 3503 646 3555 eris
681 3501 739 3556 in
779 3503 1051 3572 paradiso.
1102 3504 1227 3558 Vita
1264 3511 1348 3559 est
1377 3503 1540 3567 enim,
1577 3518 1698 3558 esse
1729 3517 1852 3557 cum
1887 3502 2127 3565 Christo,

543 3595 672 3664 quia
691 3593 784 3647 ubi
809 3593 1084 3659 Christus,
1110 3594 1184 3649 ibi
1211 3610 1457 3664 regnum.
1484 3593 1715 3662 Quidam
1737 3592 1874 3647 duos
1893 3591 2132 3646 latrones

543 3700 669 3741 cum
704 3686 932 3742 Domino
952 3685 1259 3753 cruciﬁxos,
1297 3685 1508 3752 duobus
1543 3685 1942 3756 baptizatorum
1971 3696 2134 3752 gene-

542 3779 696 3835 ribus
730 3781 1015 3848 coaptant!
1069 3777 1386 3848 Quicunque
1425 3778 1572 3834 enim
1612 3776 1872 3847 baptizati
1914 3775 2046 3829 estis
2075 3773 2132 3828 in

543 3870 762 3926 Christo
789 3869 937 3936 Jesu,
961 3871 1017 3926 in
1043 3879 1218 3927 morte
1245 3871 1415 3942 ipsius
1433 3870 1695 3941 baptizati
1722 3883 1928 3924 sumus.
1958 3867 2133 3921 Ambo

546 3976 782 4030 namque
828 3959 1032 4017 similes
1079 3961 1348 4028 cruciﬁxi,
1389 3960 1486 4016 sed
1531 3975 1670 4014 unus
1713 3959 1768 4013 in
1800 3972 1967 4013 cruce
1993 3956 2137 4012 blas-

545 4053 776 4122 phemus
798 4053 970 4123 pejor,
1001 4052 1140 4109 alter
1163 4060 1248 4109 est
1279 4051 1625 4107 confessione
1651 4057 1859 4120 martyr
1884 4047 2132 4114 effectus,

545 4143 674 4214 quia
715 4159 813 4214 per
853 4146 1202 4215 baptismum,
1236 4159 1342 4214 quo
1370 4159 1494 4198 cum
1544 4149 1860 4212 peccatores
1889 4153 2135 4194 essemus

544 4237 835 4293 abluimur.
883 4239 989 4293 Alii
1029 4239 1158 4294 dum
1185 4238 1358 4293 Deum
1408 4238 1465 4292 in
1505 4249 1671 4291 carne
1717 4247 1964 4302 passum,
2005 4229 2132 4296 ﬁde,

545 4341 639 4395 spe
685 4335 742 4381 et
780 4328 1049 4383 charitate
1072 4329 1314 4395 laudant,
1370 4335 1719 4384 coronantur.
1755 4323 1859 4377 Alii
1885 4322 2012 4377 dum
2041 4328 2136 4375 aut

545 4416 707 4472 ﬁdem
767 4427 860 4471 aut
905 4433 1073 4488 opera
1121 4418 1379 4486 baptismi
1425 4419 1630 4472 habere
1675 4421 1932 4478 renuunt,
1991 4413 2132 4466 dono

545 4511 691 4579 quod
713 4525 970 4581 accepere
998 4512 1304 4582 privantur.
1335 4510 1442 4582 (Ex
1471 4507 1715 4578 Hieron.)
1742 4508 1800 4562 ln
1824 4506 2035 4560 duobus
2054 4504 2132 4558 la-

545 4601 795 4656 tronibus
817 4607 1047 4671 uterque
1071 4600 1321 4672 populus,
1349 4608 1405 4655 et
1425 4598 1707 4671 gentilium
1729 4603 1783 4652 et
1799 4593 2128 4663 Judaeorum,

543 4693 779 4762 primum
833 4694 1122 4750 Dominum
1163 4690 1580 4762 blasphemavit,
1609 4695 1799 4759 postea
1853 4687 2130 4756 signorum

545 4783 920 4852 magnitudine
951 4783 1088 4838 alter
1129 4783 1425 4838 exterritus
1473 4780 1586 4850 egit
1635 4777 2034 4850 penitentiam,
2082 4784 2138 4832 et

545 4891 718 4945 usque
748 4877 908 4932 hodie
928 4875 1144 4933 Iudaeos
1165 4877 1412 4947 increpat
1431 4875 1893 4946 blasphemantes.

619 4967 662 5019 Α
685 4976 832 5020 sexta
875 4975 1053 5021 autem
1078 4967 1212 5022 hora
1250 4968 1476 5021 tenebrte
1515 4967 1672 5036 facta:
1697 4977 1842 5034 sunt,
1889 4978 1996 5025 etc.
2027 4970 2138 5041 (Ea:

548 5055 796 5126 Hieron.)
813 5056 880 5112 Et
909 5058 1014 5114 hoc
1038 5058 1240 5114 factum
1269 5073 1414 5124 reor,
1441 5066 1502 5113 ut
1523 5057 1890 5128 compleretur
1907 5061 2140 5131 prophe-

548 5147 624 5201 tia
669 5147 852 5203 dicens
896 5147 1222 5203 :Occumbet
1275 5147 1355 5203 sol
1385 5149 1605 5202 meridie
1657 5149 1837 5220 (Amos
1886 5148 2029 5221 vni).
2071 5151 2139 5205 Et

547 5241 654 5295 alio
705 5241 826 5296 loco
873 5257 886 5293 :
923 5240 1179 5295 Occubuit
1213 5241 1294 5296 sol
1314 5259 1433 5296 cum
1468 5242 1642 5295 adhuc
1664 5241 1836 5295 media
1871 5253 2003 5297 esset
2025 5243 2135 5298 dies

549 5331 726 5402 (Hier.
765 5331 909 5403 xm),
953 5333 1101 5388 velut
1152 5335 1378 5405 impium
1423 5335 1620 5398 scelus,
1678 5333 1757 5388 sol
1792 5335 1977 5390 videre
2027 5352 2136 5392 non

548 5423 772 5493 patitur,
825 5431 880 5478 et
932 5439 1085 5479 suam
1135 5425 1189 5480 in
1239 5425 1534 5481 subtractis
1570 5423 1737 5479 radiis
1765 5425 2134 5494 praesentiam,

552 5512 607 5567 in
652 5528 758 5582 qua
790 5512 1000 5571 facinus
1042 5515 1424 5587 generabatur,
1468 5514 1585 5583 ipsa
1614 5522 1758 5569 terra
1785 5517 2130 5572 contremuit.

555 5602 663 5674 (Ea:
701 5602 939 5680 Vulgat.)
968 5607 1158 5664 Velum
1182 5607 1367 5676 templi
1393 5607 1677 5672 scinditur,
1707 5617 1767 5662 ut
1810 5624 1930 5678 quae
1968 5610 2137 5665 hono-

554 5695 797 5751 rabiliter
824 5697 1082 5767 latebant,
1107 5715 1205 5769 pro
1232 5698 1325 5752 tali
1351 5698 1640 5753 commisso
1671 5699 1885 5769 vulgata
1912 5701 2136 5757 vilesce-

556 5795 702 5854 rent,
735 5796 790 5843 et
819 5797 881 5843 ut
917 5788 1184 5859 Iosephus
1229 5788 1412 5854 refert,
1443 5803 1605 5844 voces
1641 5789 1905 5844 virtutum
1949 5790 2136 5847 coeles-

555 5876 716 5946 tium,
740 5879 974 5948 migrare
993 5880 1058 5936 de
1078 5879 1277 5952 templo
1304 5879 1618 5949 volentium,
1648 5879 1896 5936 feruntur
1917 5881 2130 5938 auditae.

2156 4648 2212 4709 D

2228 2036 2339 2084 tem
2368 2029 2670 2095 invexerat,
2698 2030 2888 2085 eadem
2917 2030 3050 2085 hora
3085 2030 3355 2087 secundus
3381 2029 3556 2086 Adam
3582 2031 3821 2089 mortem

2229 2121 2510 2176 moriendo
2535 2121 2862 2176 destrueret.

2303 2232 2372 2286 Et
2394 2232 2534 2287 circa
2557 2234 2742 2288 horam
2767 2251 2980 2299 nonam,
3006 2233 3252 2290 clamavit
3270 2235 3426 2292 Iesus
3447 2255 3568 2293 voce
3596 2256 3822 2309 magna,

2231 2323 2408 2379 dicens
2440 2339 2458 2376 :
2489 2323 2630 2390 Heli,
2671 2325 2814 2392 Heli,
2847 2326 2989 2382 (ama
3034 2326 3390 2396 sabaththani,
3412 2331 3506 2385 hoc
3541 2340 3639 2394 est,
3669 2331 3823 2387 Deus

2231 2434 2400 2484 meus,
2445 2416 2584 2474 Deus
2623 2437 2790 2486 meus,
2828 2430 2886 2475 ut
2907 2422 3035 2493 quid
3065 2439 3146 2477 me
3179 2423 3539 2495 dereliquisti?
3574 2424 3688 2495 (Ea:
3719 2428 3824 2481 Au-

2232 2511 2392 2584 gust.)
2420 2511 2575 2568 Sicut
2601 2515 2745 2569 enim
2770 2516 2980 2572 esurire
3004 2525 3060 2572 et
3082 2517 3237 2574 sitire
3265 2526 3319 2574 et
3335 2518 3552 2589 fatigari
3572 2535 3682 2576 non
3701 2529 3824 2577 erat

2231 2605 2510 2676 proprium
2537 2605 2837 2661 divinitatis
2867 2608 2962 2662 sed
2992 2611 3254 2680 corporis,
3286 2610 3361 2666 ita
3390 2617 3445 2664 et
3469 2611 3616 2681 quod
3645 2611 3821 2668 dicit:

2237 2693 2304 2749 Ut
2325 2696 2451 2765 quid
2489 2713 2571 2749 me
2615 2696 2986 2768 dereliquisti?
3014 2701 3260 2771 corporis
3286 2716 3386 2756 vox
3423 2709 3526 2757 est.
3557 2701 3632 2757 Ut
3655 2702 3823 2759 homo

2234 2795 2362 2859 ergo
2407 2787 2663 2858 loquitur,
2718 2798 2780 2844 ut
2811 2790 2975 2847 homo
3013 2793 3283 2860 turbatur,
3336 2802 3397 2850 ut
3421 2795 3588 2851 homo
3616 2795 3733 2861 flet,
3762 2804 3824 2852 ut

2133 2961 2136 2966 ῗ
2233 2883 2397 2937 homo
2427 2882 2787 2954 cruciﬁgitur.
2829 2883 2938 2956 (Ea:
2977 2885 3246 2958 Ambros.)
3269 2885 3421 2952 Quod
3447 2887 3648 2943 clamat
3665 2897 3823 2946 tuum

2233 2981 2338 3038 est,
2366 2990 2397 3029 a
2427 2982 2479 3030 te
2513 2974 2617 3030 hoc
2665 2977 2898 3047 accepit,
2942 2992 3042 3048 pro
3071 2985 3125 3033 te
3158 2977 3500 3035 liberandum
3537 2995 3704 3036 carne
3735 2982 3822 3037 in-

2234 3064 2397 3119 dutus
2433 3072 2537 3121 est.

2305 3176 2536 3241 Quidam
2569 3187 2743 3233 autem
2773 3178 2882 3234 illic
2916 3188 3113 3235 stantes
3155 3187 3206 3235 et
3241 3180 3510 3236 audientes
3533 3181 3778 3236 dicebant
3805 3197 3820 3236 :

2158 3283 2204 3347 α
2236 3263 2448 3320 Heliam
2498 3277 2643 3321 vocat
2695 3268 2812 3322 iste.
2861 3267 2971 3339 (Ex
3010 3267 3257 3339 Hieron.)
3298 3269 3415 3325 Non
3461 3286 3670 3335 omnes,
3727 3270 3826 3326 sed

2234 3360 2452 3430 quidam
2497 3375 2630 3429 quos
2679 3359 2916 3416 arbitror
2944 3361 3143 3417 milites
3191 3361 3358 3417 fuisse
3388 3362 3681 3427 Romanos,
3710 3377 3820 3416 non

2232 3453 2593 3524 intelligentes
2640 3454 2905 3509 sermonis
2946 3454 3197 3510 Hebraici
3241 3455 3629 3526 proprietatem
3654 3497 3670 3522 ,
3719 3457 3824 3513 sed

2233 3559 2300 3599 ex
2329 3559 2394 3599 eo
2424 3545 2568 3614 quod
2620 3545 2754 3599 dixit
2785 3562 2796 3596 :
2832 3543 2973 3610 Heli,
3028 3544 3173 3612 Heli,
3202 3553 3459 3615 putantes
3509 3545 3718 3600 Heliam
3753 3547 3826 3602 ab

2234 3653 2300 3692 eo
2348 3638 2678 3693 invocatum.
2730 3637 2827 3692 Sin
2873 3645 3056 3692 autem
3087 3636 3302 3693 Judteos
3331 3637 3423 3708 qui
3452 3638 3557 3694 hoc
3585 3638 3827 3694 dixerint

2234 3728 2537 3800 intelligere
2566 3728 2826 3794 volueris,
2852 3736 2906 3783 et
2933 3729 3035 3785 hoc
3063 3744 3214 3784 more
3243 3730 3345 3785 sibi
3389 3729 3549 3786 solito
3590 3727 3824 3796 faciunt,

2234 3826 2296 3872 ut
2343 3818 2630 3872 Dominum
2665 3816 3038 3873 imbecillitate
3067 3815 3354 3884 infament,
3394 3818 3522 3889 quia
3557 3817 3826 3872 auxilium

2233 3910 2400 3966 Hclim
2436 3911 2772 3980 deprecetur.

2306 4047 2376 4100 Et
2401 4047 2648 4101 continuo
2669 4063 2885 4102 currens
2916 4064 3052 4102 unus
3074 4064 3140 4103 ea:
3157 4049 3232 4102 eis
3259 4057 3526 4120 acceptam
3547 4049 3826 4119 spongiam

2234 4137 2460 4207 implevit
2515 4146 2680 4203 aceto,
2734 4146 2838 4194 etc.
2890 4137 2958 4192 Et
2991 4139 3107 4192 inec
3150 4137 3296 4194 facta
3339 4146 3468 4194 sunt
3519 4145 3582 4192 ut
3631 4137 3828 4207 imple-

2221 4237 2387 4305 retur
2408 4228 2732 4299 prophetia:
2767 4227 2835 4282 In
2882 4228 2971 4282 siti
3018 4244 3134 4283 mea
3180 4236 3489 4299 potaverunt
3543 4243 3627 4282 me
3675 4237 3826 4282 aceto

2237 4319 2420 4394 (Psal.
2474 4322 2685 4393 vam).
2754 4321 2922 4377 Judmi
2974 4322 3171 4393 quippe
3217 4323 3318 4393 ipsi
3370 4330 3526 4378 erant
3573 4330 3824 4386 acetum,

2235 4417 2625 4485 degenerantes
2653 4431 2683 4470 a
2721 4416 2847 4470 vino
2871 4416 3310 4486 patriarcharum
3335 4423 3390 4470 et
3412 4415 3823 4486 prophetarum,

2237 4515 2496 4578 tanquam
2541 4509 2606 4563 de
2631 4508 2791 4578 pleno
2838 4523 2986 4573 vase,
3013 4508 3079 4563 de
3126 4508 3410 4578 iniquitate
3445 4508 3630 4562 mundi
3663 4507 3826 4576 hujus

2237 4600 2466 4670 impleti,
2529 4616 2624 4657 cor
2673 4600 2935 4676 habentes
2970 4600 3118 4655 velut
3169 4601 3448 4670 spongiam
3503 4602 3826 4664 cavernosis

2237 4691 2655 4762 quodammodo,
2713 4690 2876 4761 atque
2918 4691 3178 4746 tortuosis
3222 4689 3461 4745 latibulis
3508 4689 3828 4745 fraudulen-

2237 4789 2373 4835 tum.
2401 4780 2702 4852 Hyssopum
2726 4783 2812 4836 cui
2841 4783 3351 4852 circumposuerunt
3366 4783 3651 4855 spongiam
3668 4794 3826 4840 aceto

2235 4871 2476 4942 plenam,
2506 4872 2766 4942 quoniam
2801 4872 2968 4928 herba
2996 4881 3100 4938 est,
3129 4873 3375 4940 humilis,
3397 4882 3453 4928 et
3481 4883 3674 4943 pectus
3698 4891 3828 4945 puro

2237 4971 2347 5033 gat,
2381 4963 2548 5033 ipsius
2597 4963 2799 5021 Christi
2831 4965 3194 5021 humilitatem
3218 4974 3584 5037 congruenter
3620 4968 3829 5037 accipi-

2239 5069 2384 5121 mus,
2407 5071 2568 5125 quam
2591 5057 3066 5112 circumdederunt
3095 5063 3152 5110 et
3171 5071 3232 5112 se
3265 5057 3694 5113 circumvenisse
3724 5071 3828 5125 pu-

2236 5157 2508 5206 taverunt.
2538 5151 2689 5207 Unde
2715 5151 2846 5205 illud
2876 5152 2931 5206 in
2959 5151 3207 5218 Psalmo_:
3229 5151 3480 5223 Asperges
3502 5168 3584 5207 me
3598 5151 3826 5221 hyssopo

2237 5251 2284 5296 et
2315 5243 2626 5296 mundabor.
2653 5241 2852 5297 Christi
2881 5258 3116 5312 namque
3145 5244 3452 5299 humilitate
3471 5243 3823 5306 mundamur,

2239 5334 2366 5403 quia
2414 5334 2517 5388 nisi
2553 5334 2891 5389 humiliasset
2942 5336 3296 5407 semetipsum
3345 5335 3519 5391 factus
3563 5335 3827 5390 obediens

2237 5422 2380 5494 patri
2408 5437 2579 5492 usque
2607 5423 2674 5477 ad
2724 5431 2956 5480 mortem
3000 5426 3202 5482 crucis.
3234 5425 3351 5482 Non
3386 5425 3575 5496 utique
3603 5427 3828 5496 sanguis

2241 5514 2358 5585 ejus
2394 5515 2449 5570 in
2500 5523 2846 5585 peccatorum
2891 5520 3290 5586 remissionem,
3332 5520 3437 5575 hoc
3480 5526 3580 5582 est,
3614 5518 3670 5573 in
3725 5535 3826 5573 no-

2242 5617 2414 5664 stram
2450 5608 2849 5666 mundationem
2879 5610 3072 5667 fuisset
3106 5609 3325 5667 elfusus.
3355 5609 3462 5665 Per
3499 5610 3824 5665 arundinem

2241 5716 2392 5766 vero,
2431 5701 2516 5755 cui
2543 5701 2793 5771 imposita
2828 5711 2913 5759 est
2967 5704 3210 5774 spongia,
3243 5703 3509 5772 scriptura
3548 5701 3827 5772 signiﬁca—

2245 5802 2353 5860 tur,
2383 5808 2502 5862 quae
2553 5793 2877 5863 implebatur
2921 5796 3024 5849 hoc
3061 5795 3223 5849 facto.
3265 5793 3417 5850 Sicut
3451 5794 3596 5849 enim
3637 5793 3822 5863 lingua

2243 5883 2458 5950 dicitur,
2511 5884 2593 5939 vel
2639 5882 2828 5941 Grrcca
2876 5885 2960 5939 vel
2991 5885 3203 5952 Latina,
3259 5885 3344 5940 vel
3395 5886 3500 5942 alia
3539 5884 3822 5955 quaelibet,
